  <div class='ocr_page' id='page_1' title='image "/cluster/home/n/w/nwhite01/storage/ocr_20150623/153/nnc1.0046981039/636.png"; bbox 0 0 4166 6432; ppageno 0'>
   <div class='ocr_carea' id='block_1_1' title="bbox 325 405 3590 494">
    <p class='ocr_par' dir='ltr' id='par_1_1' title="bbox 325 405 3590 494">
     <span class='ocr_line' id='line_1_1' title="bbox 325 405 3590 494; baseline 0.007 -26"><span class='ocrx_word' id='word_1_1' title='bbox 325 405 460 468; x_wconf 69' lang='grc' dir='ltr'><strong>ιὲϐὗ</strong></span> <span class='ocrx_word' id='word_1_2' title='bbox 1462 419 2008 483; x_wconf 75' lang='lat' dir='ltr'><strong>IIISTORIARUM</strong></span> <span class='ocrx_word' id='word_1_3' title='bbox 2043 422 2270 483; x_wconf 72' lang='lat' dir='ltr'><strong>LiBEll</strong></span> <span class='ocrx_word' id='word_1_4' title='bbox 2305 424 2358 482; x_wconf 64' lang='lat' dir='ltr'><strong>Id</strong></span> <span class='ocrx_word' id='word_1_5' title='bbox 2377 425 2413 482; x_wconf 92' lang='lat' dir='ltr'><strong>l.</strong></span> <span class='ocrx_word' id='word_1_6' title='bbox 3456 429 3590 494; x_wconf 70' lang='lat'><strong>1360</strong></span> 
     </span>
    </p>
   </div>
   <div class='ocr_carea' id='block_1_2' title="bbox 319 520 1916 613">
    <p class='ocr_par' dir='ltr' id='par_1_2' title="bbox 319 520 1900 604">
     <span class='ocr_line' id='line_1_2' title="bbox 319 520 1900 604; baseline 0.01 -32"><span class='ocrx_word' id='word_1_7' title='bbox 319 520 534 588; x_wconf 66' lang='grc' dir='ltr'><strong>ἔφασαν</strong></span> <span class='ocrx_word' id='word_1_8' title='bbox 573 521 710 589; x_wconf 82' lang='grc' dir='ltr'>δεῖν,</span> <span class='ocrx_word' id='word_1_9' title='bbox 747 523 865 576; x_wconf 84' lang='grc' dir='ltr'><strong>ἀλλ’</strong></span> <span class='ocrx_word' id='word_1_10' title='bbox 905 525 1053 581; x_wconf 77' lang='grc' dir='ltr'><strong>ἔνδον</strong></span> <span class='ocrx_word' id='word_1_11' title='bbox 1096 529 1345 596; x_wconf 77' lang='grc' dir='ltr'><strong>εἰσιέναι,</strong></span> <span class='ocrx_word' id='word_1_12' title='bbox 1411 535 1508 586; x_wconf 76' lang='grc' dir='ltr'><strong>καὶ</strong></span> <span class='ocrx_word' id='word_1_13' title='bbox 1591 537 1900 604; x_wconf 81' lang='grc' dir='ltr'><strong>ἀμύνεσθαι</strong></span> 
     </span>
    </p>
   </div>
   <div class='ocr_carea' id='block_1_3' title="bbox 2022 520 3588 613">
    <p class='ocr_par' dir='ltr' id='par_1_3' title="bbox 2022 537 3588 613">
     <span class='ocr_line' id='line_1_3' title="bbox 2022 537 3588 613; baseline 0.009 -24"><span class='ocrx_word' id='word_1_14' title='bbox 2022 537 2176 590; x_wconf 70' lang='grc' dir='ltr'><strong>ιορὶἱε</strong></span> <span class='ocrx_word' id='word_1_15' title='bbox 2206 537 2272 590; x_wconf 88' lang='lat' dir='ltr'><strong>ad</strong></span> <span class='ocrx_word' id='word_1_16' title='bbox 2317 554 2460 602; x_wconf 84' lang='lat' dir='ltr'><strong>eam,</strong></span> <span class='ocrx_word' id='word_1_17' title='bbox 2490 556 2595 607; x_wconf 82' lang='lat' dir='ltr'><strong>qua</strong></span> <span class='ocrx_word' id='word_1_18' title='bbox 2637 557 2665 594; x_wconf 92' lang='lat' dir='ltr'><strong>e</strong></span> <span class='ocrx_word' id='word_1_19' title='bbox 2699 543 2974 596; x_wconf 77' lang='lat' dir='ltr'><strong>mmnibus</strong></span> <span class='ocrx_word' id='word_1_20' title='bbox 3003 559 3256 613; x_wconf 83' lang='lat' dir='ltr'><strong>egressus</strong></span> <span class='ocrx_word' id='word_1_21' title='bbox 3287 557 3367 600; x_wconf 91' lang='lat' dir='ltr'><strong>est</strong></span> <span class='ocrx_word' id='word_1_22' title='bbox 3398 564 3588 603; x_wconf 79' lang='lat' dir='ltr'><strong>acces-</strong></span> 
     </span>
    </p>
   </div>
   <div class='ocr_carea' id='block_1_4' title="bbox 321 613 1916 699">
    <p class='ocr_par' dir='ltr' id='par_1_4' title="bbox 321 613 1902 699">
     <span class='ocr_line' id='line_1_4' title="bbox 321 613 1902 699; baseline 0.008 -33"><span class='ocrx_word' id='word_1_23' title='bbox 321 613 630 677; x_wconf 74' lang='grc' dir='ltr'><strong>ἀναϐάντας</strong></span> <span class='ocrx_word' id='word_1_24' title='bbox 673 615 783 668; x_wconf 77' lang='grc' dir='ltr'><strong>ἀπὸ</strong></span> <span class='ocrx_word' id='word_1_25' title='bbox 812 617 920 670; x_wconf 84' lang='grc' dir='ltr'><strong>τῶν</strong></span> <span class='ocrx_word' id='word_1_26' title='bbox 963 621 1184 691; x_wconf 84' lang='grc' dir='ltr'><strong>τειχῶν.</strong></span> <span class='ocrx_word' id='word_1_27' title='bbox 1255 625 1408 677; x_wconf 74' lang='lat' dir='ltr'><strong>‘Ene&#39;t</strong></span> <span class='ocrx_word' id='word_1_28' title='bbox 1462 626 1518 678; x_wconf 85' lang='grc' dir='ltr'><strong>δὲ</strong></span> <span class='ocrx_word' id='word_1_29' title='bbox 1547 627 1694 680; x_wconf 78' lang='grc' dir='ltr'><strong>ἔνδον</strong></span> <span class='ocrx_word' id='word_1_30' title='bbox 1739 624 1902 699; x_wconf 83' lang='grc' dir='ltr'><strong>ἦσαν,</strong></span> 
     </span>
    </p>
   </div>
   <div class='ocr_carea' id='block_1_5' title="bbox 2022 613 3590 699">
    <p class='ocr_par' dir='ltr' id='par_1_5' title="bbox 2022 627 3590 696">
     <span class='ocr_line' id='line_1_5' title="bbox 2022 627 3590 696; baseline 0.006 -16"><span class='ocrx_word' id='word_1_31' title='bbox 2022 627 2081 680; x_wconf 73' lang='lat' dir='ltr'><strong>sit</strong></span> <span class='ocrx_word' id='word_1_32' title='bbox 2128 645 2140 680; x_wconf 92' lang='lat'><strong>:</strong></span> <span class='ocrx_word' id='word_1_33' title='bbox 2188 643 2351 695; x_wconf 89' lang='lat' dir='ltr'><strong>quam</strong></span> <span class='ocrx_word' id='word_1_34' title='bbox 2410 645 2532 682; x_wconf 88' lang='lat' dir='ltr'><strong>cum</strong></span> <span class='ocrx_word' id='word_1_35' title='bbox 2587 631 2824 684; x_wconf 81' lang='lat' dir='ltr'><strong>clausam</strong></span> <span class='ocrx_word' id='word_1_36' title='bbox 2899 634 3246 696; x_wconf 75' lang='lat' dir='ltr'><strong>invenirent,</strong></span> <span class='ocrx_word' id='word_1_37' title='bbox 3305 638 3590 690; x_wconf 66' lang='lat' dir='ltr'><strong>difﬁndere</strong></span> 
     </span>
    </p>
   </div>
   <div class='ocr_carea' id='block_1_6' title="bbox 325 704 1908 785">
    <p class='ocr_par' dir='ltr' id='par_1_6' title="bbox 325 704 1908 785">
     <span class='ocr_line' id='line_1_6' title="bbox 325 704 1908 785; baseline 0.01 -29"><span class='ocrx_word' id='word_1_38' title='bbox 325 707 807 776; x_wconf 72' lang='grc' dir='ltr'><strong>παρακαλούμενοι</strong></span> <span class='ocrx_word' id='word_1_39' title='bbox 837 704 994 774; x_wconf 82' lang='grc' dir='ltr'><strong>αὖθις</strong></span> <span class='ocrx_word' id='word_1_40' title='bbox 1023 713 1118 766; x_wconf 82' lang='grc' dir='ltr'><strong>ἐπὶ</strong></span> <span class='ocrx_word' id='word_1_41' title='bbox 1167 713 1233 768; x_wconf 84' lang='grc' dir='ltr'><strong>τά</strong></span> <span class='ocrx_word' id='word_1_42' title='bbox 1263 717 1418 785; x_wconf 88' lang='grc' dir='ltr'><strong>τείχη</strong></span> <span class='ocrx_word' id='word_1_43' title='bbox 1459 717 1775 771; x_wconf 80' lang='grc' dir='ltr'><strong>ἀναϐαίνειν</strong></span> <span class='ocrx_word' id='word_1_44' title='bbox 1818 721 1908 772; x_wconf 71' lang='grc' dir='ltr'><strong>καὶ</strong></span> 
     </span>
    </p>
   </div>
   <div class='ocr_carea' id='block_1_7' title="bbox 320 797 1906 876">
    <p class='ocr_par' dir='ltr' id='par_1_7' title="bbox 320 797 1906 876">
     <span class='ocr_line' id='line_1_7' title="bbox 320 797 1906 876; baseline 0.008 -28"><span class='ocrx_word' id='word_1_45' title='bbox 320 797 654 864; x_wconf 78' lang='grc' dir='ltr'><strong>ἀμύνεσθαι,</strong></span> <span class='ocrx_word' id='word_1_46' title='bbox 713 800 814 852; x_wconf 78' lang='grc' dir='ltr'><strong>οὐκ</strong></span> <span class='ocrx_word' id='word_1_47' title='bbox 891 801 1186 872; x_wconf 73' lang='grc' dir='ltr'><strong>ἠθέλησαν,</strong></span> <span class='ocrx_word' id='word_1_48' title='bbox 1247 807 1322 876; x_wconf 86' lang='grc' dir='ltr'><strong>μὴ</strong></span> <span class='ocrx_word' id='word_1_49' title='bbox 1351 808 1550 860; x_wconf 81' lang='grc' dir='ltr'><strong>εἰδέναι</strong></span> <span class='ocrx_word' id='word_1_50' title='bbox 1603 810 1906 875; x_wconf 65' lang='grc' dir='ltr'><strong>φάσκοντες</strong></span> 
     </span>
    </p>
   </div>
   <div class='ocr_carea' id='block_1_8' title="bbox 322 891 1908 972">
    <p class='ocr_par' dir='ltr' id='par_1_8' title="bbox 322 891 1908 972">
     <span class='ocr_line' id='line_1_8' title="bbox 322 891 1908 972; baseline 0.009 -35"><span class='ocrx_word' id='word_1_51' title='bbox 322 892 700 959; x_wconf 70' lang='grc' dir='ltr'><strong>τειχομαχεῖν,</strong></span> <span class='ocrx_word' id='word_1_52' title='bbox 738 891 874 961; x_wconf 72' lang='grc' dir='ltr'><strong>μηδὲ</strong></span> <span class='ocrx_word' id='word_1_53' title='bbox 925 895 1166 948; x_wconf 80' lang='grc' dir='ltr'><strong>κτείνειν</strong></span> <span class='ocrx_word' id='word_1_54' title='bbox 1195 899 1321 962; x_wconf 81' lang='grc' dir='ltr'><strong>τοὺς</strong></span> <span class='ocrx_word' id='word_1_55' title='bbox 1369 899 1627 963; x_wconf 74' lang='grc' dir='ltr'><strong>οἰκείους,</strong></span> <span class='ocrx_word' id='word_1_56' title='bbox 1679 902 1710 972; x_wconf 82' lang='grc' dir='ltr'>ἦ</span> <span class='ocrx_word' id='word_1_57' title='bbox 1759 901 1908 954; x_wconf 71' lang='grc' dir='ltr'><strong>κτείς-</strong></span> 
     </span>
    </p>
   </div>
   <div class='ocr_carea' id='block_1_9' title="bbox 322 975 1909 1057">
    <p class='ocr_par' dir='ltr' id='par_1_9' title="bbox 322 975 1909 1057">
     <span class='ocr_line' id='line_1_9' title="bbox 322 975 1909 1057; baseline 0.011 -32"><span class='ocrx_word' id='word_1_58' title='bbox 322 975 531 1040; x_wconf 83' lang='grc' dir='ltr'><strong>νεσοαι,</strong></span> <span class='ocrx_word' id='word_1_59' title='bbox 583 978 832 1048; x_wconf 81' lang='grc' dir='ltr'><strong>ἀνάγκης</strong></span> <span class='ocrx_word' id='word_1_60' title='bbox 918 982 1192 1052; x_wconf 76' lang='grc' dir='ltr'><strong>μηδεμιᾶς</strong></span> <span class='ocrx_word' id='word_1_61' title='bbox 1247 985 1514 1057; x_wconf 78' lang='grc' dir='ltr'><strong>ὑπούσης.</strong></span> <span class='ocrx_word' id='word_1_62' title='bbox 1570 989 1909 1056; x_wconf 81' lang='grc' dir='ltr'><strong>Ἀπόκαυχος</strong></span> 
     </span>
    </p>
   </div>
   <div class='ocr_carea' id='block_1_10' title="bbox 319 1066 1906 1149">
    <p class='ocr_par' dir='ltr' id='par_1_10' title="bbox 319 1066 1906 1149">
     <span class='ocr_line' id='line_1_10' title="bbox 319 1066 1906 1149; baseline 0.011 -32"><span class='ocrx_word' id='word_1_63' title='bbox 319 1066 376 1118; x_wconf 86' lang='grc' dir='ltr'><strong>δὲ</strong></span> <span class='ocrx_word' id='word_1_64' title='bbox 421 1067 560 1134; x_wconf 80' lang='grc' dir='ltr'><strong>μετά</strong></span> <span class='ocrx_word' id='word_1_65' title='bbox 583 1069 691 1120; x_wconf 82' lang='grc' dir='ltr'><strong>τῶν</strong></span> <span class='ocrx_word' id='word_1_66' title='bbox 721 1070 898 1123; x_wconf 81' lang='grc' dir='ltr'><strong>ἄλλων</strong></span> <span class='ocrx_word' id='word_1_67' title='bbox 933 1075 1056 1126; x_wconf 75' lang='grc' dir='ltr'><strong>ἐπεὶ</strong></span> <span class='ocrx_word' id='word_1_68' title='bbox 1089 1075 1189 1146; x_wconf 79' lang='grc' dir='ltr'><strong>τὴν</strong></span> <span class='ocrx_word' id='word_1_69' title='bbox 1239 1079 1530 1146; x_wconf 82' lang='grc' dir='ltr'>προδοσίαν</span> <span class='ocrx_word' id='word_1_70' title='bbox 1589 1082 1906 1149; x_wconf 78' lang='grc' dir='ltr'><strong>κατενόουν,</strong></span> 
     </span>
    </p>
   </div>
   <div class='ocr_carea' id='block_1_11' title="bbox 325 1159 1911 1244">
    <p class='ocr_par' dir='ltr' id='par_1_11' title="bbox 325 1159 1911 1244">
     <span class='ocr_line' id='line_1_11' title="bbox 325 1159 1911 1244; baseline 0.013 -37"><span class='ocrx_word' id='word_1_71' title='bbox 325 1159 418 1208; x_wconf 79' lang='grc' dir='ltr'><strong>καὶ</strong></span> <span class='ocrx_word' id='word_1_72' title='bbox 487 1159 582 1211; x_wconf 70' lang='grc' dir='ltr'><strong>τὸν</strong></span> <span class='ocrx_word' id='word_1_73' title='bbox 641 1161 895 1214; x_wconf 83' lang='grc' dir='ltr'><strong>κίνδυνον</strong></span> <span class='ocrx_word' id='word_1_74' title='bbox 956 1169 1358 1235; x_wconf 85' lang='grc' dir='ltr'><strong>περιεστηκότα</strong></span> <span class='ocrx_word' id='word_1_75' title='bbox 1422 1171 1734 1242; x_wconf 78' lang='grc' dir='ltr'>συνεώρων,</span> <span class='ocrx_word' id='word_1_76' title='bbox 1798 1173 1911 1244; x_wconf 86' lang='grc' dir='ltr'><strong>ὦρ-</strong></span> 
     </span>
    </p>
   </div>
   <div class='ocr_carea' id='block_1_12' title="bbox 327 1252 1908 1332">
    <p class='ocr_par' dir='ltr' id='par_1_12' title="bbox 327 1252 1908 1332">
     <span class='ocr_line' id='line_1_12' title="bbox 327 1252 1908 1332; baseline 0.013 -33"><span class='ocrx_word' id='word_1_77' title='bbox 327 1267 496 1318; x_wconf 82' lang='grc' dir='ltr'><strong>μηντο</strong></span> <span class='ocrx_word' id='word_1_78' title='bbox 527 1252 752 1320; x_wconf 78' lang='grc' dir='ltr'><strong>φεύγειν</strong></span> <span class='ocrx_word' id='word_1_79' title='bbox 796 1254 902 1321; x_wconf 77' lang='grc' dir='ltr'><strong>ἔξω</strong></span> <span class='ocrx_word' id='word_1_80' title='bbox 933 1258 1156 1329; x_wconf 74' lang='grc' dir='ltr'><strong>τειχῶνο</strong></span> <span class='ocrx_word' id='word_1_81' title='bbox 1203 1262 1406 1332; x_wconf 82' lang='grc' dir='ltr'><strong>συνέὁη</strong></span> <span class='ocrx_word' id='word_1_82' title='bbox 1443 1265 1497 1316; x_wconf 81' lang='grc' dir='ltr'><strong>δὲ</strong></span> <span class='ocrx_word' id='word_1_83' title='bbox 1526 1265 1614 1316; x_wconf 87' lang='grc' dir='ltr'><strong>τὸν</strong></span> <span class='ocrx_word' id='word_1_84' title='bbox 1663 1266 1731 1319; x_wconf 73' lang='grc' dir='ltr'><strong>τὰ</strong></span> <span class='ocrx_word' id='word_1_85' title='bbox 1760 1267 1908 1319; x_wconf 80' lang='grc' dir='ltr'><strong>κλεῖ-</strong></span> 
     </span>
    </p>
   </div>
   <div class='ocr_carea' id='block_1_13' title="bbox 325 1339 1912 1426">
    <p class='ocr_par' dir='ltr' id='par_1_13' title="bbox 325 1339 1912 1426">
     <span class='ocr_line' id='line_1_13' title="bbox 325 1339 1912 1426; baseline 0.014 -36"><span class='ocrx_word' id='word_1_86' title='bbox 325 1339 428 1408; x_wconf 87' lang='grc' dir='ltr'><strong>θρα</strong></span> <span class='ocrx_word' id='word_1_87' title='bbox 479 1342 574 1410; x_wconf 80' lang='grc' dir='ltr'><strong>τῆς</strong></span> <span class='ocrx_word' id='word_1_88' title='bbox 636 1343 815 1414; x_wconf 81' lang='grc' dir='ltr'><strong>ἄκρας</strong></span> <span class='ocrx_word' id='word_1_89' title='bbox 885 1349 1226 1418; x_wconf 71' lang='grc' dir='ltr'><strong>κατέχοντα,</strong></span> <span class='ocrx_word' id='word_1_90' title='bbox 1307 1356 1418 1406; x_wconf 76' lang='grc' dir='ltr'><strong>τῶν</strong></span> <span class='ocrx_word' id='word_1_91' title='bbox 1478 1357 1742 1426; x_wconf 79' lang='grc' dir='ltr'><strong>Ζηλωτῶν</strong></span> <span class='ocrx_word' id='word_1_92' title='bbox 1816 1360 1912 1412; x_wconf 79' lang='grc' dir='ltr'><strong>ἐνα</strong></span> 
     </span>
    </p>
   </div>
   <div class='ocr_carea' id='block_1_14' title="bbox 325 1427 1914 1522">
    <p class='ocr_par' dir='ltr' id='par_1_14' title="bbox 325 1427 1914 1522">
     <span class='ocr_line' id='line_1_14' title="bbox 325 1427 1914 1522; baseline 0.014 -39"><span class='ocrx_word' id='word_1_93' title='bbox 325 1427 486 1486; x_wconf 77' lang='grc' dir='ltr'><strong>εἷναι·</strong></span> <span class='ocrx_word' id='word_1_94' title='bbox 551 1433 609 1498; x_wconf 83' lang='grc' dir='ltr'><strong>ὃς</strong></span> <span class='ocrx_word' id='word_1_95' title='bbox 668 1437 795 1490; x_wconf 76' lang='grc' dir='ltr'><strong>ἐπεὶ</strong></span> <span class='ocrx_word' id='word_1_96' title='bbox 886 1439 1341 1510; x_wconf 76' lang='grc' dir='ltr'><strong>διχοστατοῦντας</strong></span> <span class='ocrx_word' id='word_1_97' title='bbox 1417 1443 1528 1500; x_wconf 80' lang='grc' dir='ltr'><strong>εἶδε</strong></span> <span class='ocrx_word' id='word_1_98' title='bbox 1579 1451 1673 1503; x_wconf 79' lang='grc' dir='ltr'><strong>καὶ</strong></span> <span class='ocrx_word' id='word_1_99' title='bbox 1725 1451 1914 1522; x_wconf 78' lang='grc' dir='ltr'><strong>ὡρμη-</strong></span> 
     </span>
    </p>
   </div>
   <div class='ocr_carea' id='block_1_15' title="bbox 331 1525 1913 1614">
    <p class='ocr_par' dir='ltr' id='par_1_15' title="bbox 331 1525 1913 1614">
     <span class='ocr_line' id='line_1_15' title="bbox 331 1525 1913 1614; baseline 0.014 -39"><span class='ocrx_word' id='word_1_100' title='bbox 331 1525 530 1591; x_wconf 76' lang='grc' dir='ltr'><strong>μένους</strong></span> <span class='ocrx_word' id='word_1_101' title='bbox 581 1527 832 1596; x_wconf 79' lang='grc' dir='ltr'><strong>φεύγειν,</strong></span> <span class='ocrx_word' id='word_1_102' title='bbox 893 1533 1078 1597; x_wconf 79' lang='grc' dir='ltr'><strong>συνεὶς</strong></span> <span class='ocrx_word' id='word_1_103' title='bbox 1110 1535 1173 1587; x_wconf 81' lang='grc' dir='ltr'><strong>τὸ</strong></span> <span class='ocrx_word' id='word_1_104' title='bbox 1230 1539 1448 1606; x_wconf 77' lang='grc' dir='ltr'><strong>μέλλον,</strong></span> <span class='ocrx_word' id='word_1_105' title='bbox 1521 1543 1913 1614; x_wconf 81' lang='grc' dir='ltr'><strong>ἀπεκρύπτετο</strong></span> 
     </span>
    </p>
   </div>
   <div class='ocr_carea' id='block_1_16' title="bbox 324 1615 1914 1706">
    <p class='ocr_par' dir='ltr' id='par_1_16' title="bbox 324 1615 1914 1706">
     <span class='ocr_line' id='line_1_16' title="bbox 324 1615 1914 1706; baseline 0.016 -40"><span class='ocrx_word' id='word_1_106' title='bbox 324 1615 392 1706; x_wconf 66' lang='grc' dir='ltr'><strong>τὰ</strong></span> <span class='ocrx_word' id='word_1_107' title='bbox 417 1617 644 1688; x_wconf 84' lang='grc' dir='ltr'><strong>κλεῖθρα</strong></span> <span class='ocrx_word' id='word_1_108' title='bbox 676 1621 837 1690; x_wconf 82' lang='grc' dir='ltr'><strong>ἔχων.</strong></span> <span class='ocrx_word' id='word_1_109' title='bbox 868 1623 1012 1678; x_wconf 85' lang='grc' dir='ltr'><strong>Πολὺ</strong></span> <span class='ocrx_word' id='word_1_110' title='bbox 1046 1625 1104 1679; x_wconf 87' lang='grc' dir='ltr'><strong>δὲ</strong></span> <span class='ocrx_word' id='word_1_111' title='bbox 1137 1627 1250 1680; x_wconf 82' lang='grc' dir='ltr'><strong>τῶν</strong></span> <span class='ocrx_word' id='word_1_112' title='bbox 1283 1630 1468 1683; x_wconf 85' lang='grc' dir='ltr'><strong>πυλῶν</strong></span> <span class='ocrx_word' id='word_1_113' title='bbox 1497 1634 1779 1705; x_wconf 75' lang='grc' dir='ltr'><strong>ἑκατέρων</strong></span> <span class='ocrx_word' id='word_1_114' title='bbox 1813 1637 1914 1706; x_wconf 79' lang='grc' dir='ltr'><strong>τῆς</strong></span> 
     </span>
    </p>
   </div>
   <div class='ocr_carea' id='block_1_17' title="bbox 325 1702 1919 1793">
    <p class='ocr_par' dir='ltr' id='par_1_17' title="bbox 325 1702 1919 1793">
     <span class='ocr_line' id='line_1_17' title="bbox 325 1702 1919 1793; baseline 0.015 -39"><span class='ocrx_word' id='word_1_115' title='bbox 325 1702 502 1771; x_wconf 78' lang='grc' dir='ltr'><strong>ἄκρας</strong></span> <span class='ocrx_word' id='word_1_116' title='bbox 526 1706 774 1774; x_wconf 84' lang='grc' dir='ltr'><strong>ἀλλήλων</strong></span> <span class='ocrx_word' id='word_1_117' title='bbox 808 1709 1125 1778; x_wconf 86' lang='grc' dir='ltr'><strong>διεχουσῶν,</strong></span> <span class='ocrx_word' id='word_1_118' title='bbox 1147 1716 1485 1785; x_wconf 80' lang='grc' dir='ltr'><strong>Ἀπόκαυχος</strong></span> <span class='ocrx_word' id='word_1_119' title='bbox 1511 1723 1609 1790; x_wconf 82' lang='grc' dir='ltr'><strong>μὲν</strong></span> <span class='ocrx_word' id='word_1_120' title='bbox 1645 1702 1782 1793; x_wconf 83' lang='grc' dir='ltr'><strong>μετά</strong></span> <span class='ocrx_word' id='word_1_121' title='bbox 1811 1702 1919 1778; x_wconf 70' lang='grc' dir='ltr'><strong>τών</strong></span> 
     </span>
    </p>
   </div>
   <div class='ocr_carea' id='block_1_18' title="bbox 327 1795 1914 1884">
    <p class='ocr_par' dir='ltr' id='par_1_18' title="bbox 327 1795 1914 1884">
     <span class='ocr_line' id='line_1_18' title="bbox 327 1795 1914 1884; baseline 0.018 -39"><span class='ocrx_word' id='word_1_122' title='bbox 327 1795 508 1848; x_wconf 75' lang='grc' dir='ltr'><strong>ἄλλων</strong></span> <span class='ocrx_word' id='word_1_123' title='bbox 550 1797 792 1868; x_wconf 74' lang='grc' dir='ltr'><strong>ἐχώρουν</strong></span> <span class='ocrx_word' id='word_1_124' title='bbox 855 1803 951 1855; x_wconf 75' lang='grc' dir='ltr'><strong>ἐπὶ</strong></span> <span class='ocrx_word' id='word_1_125' title='bbox 1001 1803 1101 1873; x_wconf 81' lang='grc' dir='ltr'><strong>τὴν</strong></span> <span class='ocrx_word' id='word_1_126' title='bbox 1163 1804 1467 1874; x_wconf 79' lang='grc' dir='ltr'><strong>ὲξάγουσαν</strong></span> <span class='ocrx_word' id='word_1_127' title='bbox 1530 1813 1639 1867; x_wconf 87' lang='grc' dir='ltr'><strong>τῶν</strong></span> <span class='ocrx_word' id='word_1_128' title='bbox 1692 1819 1914 1884; x_wconf 79' lang='grc' dir='ltr'><strong>τειχῶν.</strong></span> 
     </span>
    </p>
   </div>
   <div class='ocr_carea' id='block_1_19' title="bbox 339 1883 1110 1964">
    <p class='ocr_par' dir='ltr' id='par_1_19' title="bbox 339 1883 1110 1964">
     <span class='ocr_line' id='line_1_19' title="bbox 339 1883 1110 1964; baseline 0.017 -29"><span class='ocrx_word' id='word_1_129' title='bbox 339 1883 494 1938; x_wconf 81' lang='grc' dir='ltr'><strong>Ἐπεὶ</strong></span> <span class='ocrx_word' id='word_1_130' title='bbox 523 1887 578 1940; x_wconf 81' lang='grc' dir='ltr'><strong>δὲ</strong></span> <span class='ocrx_word' id='word_1_131' title='bbox 611 1885 678 1960; x_wconf 82' lang='grc' dir='ltr'><strong>ἦν</strong></span> <span class='ocrx_word' id='word_1_132' title='bbox 722 1894 1110 1964; x_wconf 84' lang='grc' dir='ltr'><strong>κεκλεισμένη,</strong></span> 
     </span>
    </p>
   </div>
   <div class='ocr_carea' id='block_1_20' title="bbox 325 1974 1918 2067">
    <p class='ocr_par' dir='ltr' id='par_1_20' title="bbox 325 1974 1918 2067">
     <span class='ocr_line' id='line_1_20' title="bbox 325 1974 1918 2067; baseline 0.016 -42"><span class='ocrx_word' id='word_1_133' title='bbox 325 1974 498 2042; x_wconf 76' lang='grc' dir='ltr'><strong>δῆμος</strong></span> <span class='ocrx_word' id='word_1_134' title='bbox 517 1977 572 2028; x_wconf 76' lang='grc' dir='ltr'><strong>δὲ</strong></span> <span class='ocrx_word' id='word_1_135' title='bbox 599 1981 626 2030; x_wconf 82' lang='grc' dir='ltr'><strong>ό</strong></span> <span class='ocrx_word' id='word_1_136' title='bbox 654 1981 748 2048; x_wconf 85' lang='grc' dir='ltr'><strong>τῆς</strong></span> <span class='ocrx_word' id='word_1_137' title='bbox 774 1981 948 2052; x_wconf 78' lang='grc' dir='ltr'><strong>ἄκρας</strong></span> <span class='ocrx_word' id='word_1_138' title='bbox 975 1984 1150 2054; x_wconf 85' lang='grc' dir='ltr'><strong>(πόλει</strong></span> <span class='ocrx_word' id='word_1_139' title='bbox 1171 1988 1282 2057; x_wconf 85' lang='grc' dir='ltr'><strong>γάρ</strong></span> <span class='ocrx_word' id='word_1_140' title='bbox 1299 2007 1406 2044; x_wconf 86' lang='grc' dir='ltr'><strong>τινι</strong></span> <span class='ocrx_word' id='word_1_141' title='bbox 1438 1992 1581 2046; x_wconf 76' lang='grc' dir='ltr'><strong>ἔοικε</strong></span> <span class='ocrx_word' id='word_1_142' title='bbox 1608 1999 1797 2067; x_wconf 72' lang='grc' dir='ltr'><strong>μικρᾷ.</strong></span> <span class='ocrx_word' id='word_1_143' title='bbox 1826 2001 1918 2050; x_wconf 78' lang='grc' dir='ltr'><strong>καὶ</strong></span> 
     </span>
    </p>
   </div>
   <div class='ocr_carea' id='block_1_21' title="bbox 327 2069 1914 2154">
    <p class='ocr_par' dir='ltr' id='par_1_21' title="bbox 327 2069 1914 2154">
     <span class='ocr_line' id='line_1_21' title="bbox 327 2069 1914 2154; baseline 0.016 -36"><span class='ocrx_word' id='word_1_144' title='bbox 327 2069 615 2138; x_wconf 75' lang='grc' dir='ltr'><strong>οἰκήτορας</strong></span> <span class='ocrx_word' id='word_1_145' title='bbox 653 2072 820 2134; x_wconf 81' lang='grc' dir='ltr'><strong>ἰδίους</strong></span> <span class='ocrx_word' id='word_1_146' title='bbox 847 2073 984 2145; x_wconf 80' lang='grc' dir='ltr'><strong>ἔχει)</strong></span> <span class='ocrx_word' id='word_1_147' title='bbox 1023 2077 1123 2129; x_wconf 84' lang='grc' dir='ltr'><strong>οὐκ</strong></span> <span class='ocrx_word' id='word_1_148' title='bbox 1172 2081 1303 2134; x_wconf 77' lang='grc' dir='ltr'><strong>εἴων</strong></span> <span class='ocrx_word' id='word_1_149' title='bbox 1333 2083 1741 2154; x_wconf 74' lang='grc' dir='ltr'><strong>διαδιδράσκειν</strong></span> <span class='ocrx_word' id='word_1_150' title='bbox 1778 2093 1914 2143; x_wconf 79' lang='grc' dir='ltr'><strong>ἐπα-</strong></span> 
     </span>
    </p>
   </div>
   <div class='ocr_carea' id='block_1_22' title="bbox 325 2160 1915 2247">
    <p class='ocr_par' dir='ltr' id='par_1_22' title="bbox 325 2160 1915 2247">
     <span class='ocr_line' id='line_1_22' title="bbox 325 2160 1915 2247; baseline 0.016 -38"><span class='ocrx_word' id='word_1_151' title='bbox 325 2160 604 2225; x_wconf 77' lang='grc' dir='ltr'><strong>γαγόντας</strong></span> <span class='ocrx_word' id='word_1_152' title='bbox 651 2163 836 2227; x_wconf 80' lang='grc' dir='ltr'><strong>αὐτοῖς</strong></span> <span class='ocrx_word' id='word_1_153' title='bbox 885 2167 978 2218; x_wconf 81' lang='grc' dir='ltr'><strong>τὸν</strong></span> <span class='ocrx_word' id='word_1_154' title='bbox 1017 2169 1214 2239; x_wconf 82' lang='grc' dir='ltr'><strong>δῆμον,</strong></span> <span class='ocrx_word' id='word_1_155' title='bbox 1273 2173 1387 2224; x_wconf 84' lang='grc' dir='ltr'><strong>ἀλλ’</strong></span> <span class='ocrx_word' id='word_1_156' title='bbox 1430 2175 1578 2229; x_wconf 77' lang='grc' dir='ltr'><strong>ἔνδον</strong></span> <span class='ocrx_word' id='word_1_157' title='bbox 1631 2180 1915 2247; x_wconf 77' lang='grc' dir='ltr'><strong>μένοντας,</strong></span> 
     </span>
    </p>
   </div>
   <div class='ocr_carea' id='block_1_23' title="bbox 326 2254 1919 2340">
    <p class='ocr_par' dir='ltr' id='par_1_23' title="bbox 326 2254 1919 2340">
     <span class='ocr_line' id='line_1_23' title="bbox 326 2254 1919 2340; baseline 0.016 -37"><span class='ocrx_word' id='word_1_158' title='bbox 326 2254 634 2320; x_wconf 80' lang='grc' dir='ltr'><strong>ἀμύνεσθαι</strong></span> <span class='ocrx_word' id='word_1_159' title='bbox 662 2259 785 2320; x_wconf 86' lang='grc' dir='ltr'><strong>τοὺς</strong></span> <span class='ocrx_word' id='word_1_160' title='bbox 811 2261 1068 2324; x_wconf 72' lang='grc' dir='ltr'><strong>ἐπιόντας</strong></span> <span class='ocrx_word' id='word_1_161' title='bbox 1099 2267 1218 2332; x_wconf 84' lang='grc' dir='ltr'><strong>μετ’</strong></span> <span class='ocrx_word' id='word_1_162' title='bbox 1249 2267 1450 2321; x_wconf 80' lang='grc' dir='ltr'><strong>αὐτῶν.</strong></span> <span class='ocrx_word' id='word_1_163' title='bbox 1473 2271 1562 2323; x_wconf 79' lang='grc' dir='ltr'><strong>Ἑν</strong></span> <span class='ocrx_word' id='word_1_164' title='bbox 1593 2265 1636 2340; x_wconf 84' lang='grc' dir='ltr'>ᾧ</span> <span class='ocrx_word' id='word_1_165' title='bbox 1663 2273 1716 2324; x_wconf 79' lang='grc' dir='ltr'><strong>δε</strong></span> <span class='ocrx_word' id='word_1_166' title='bbox 1749 2277 1919 2328; x_wconf 62' lang='grc' dir='ltr'><strong>ταῦτα</strong></span> 
     </span>
    </p>
   </div>
   <div class='ocr_carea' id='block_1_24' title="bbox 328 2345 1916 2437">
    <p class='ocr_par' dir='ltr' id='par_1_24' title="bbox 328 2345 1916 2437">
     <span class='ocr_line' id='line_1_24' title="bbox 328 2345 1916 2437; baseline 0.016 -42"><span class='ocrx_word' id='word_1_167' title='bbox 328 2345 586 2411; x_wconf 79' lang='grc' dir='ltr'><strong>ἐτελεῖτο,</strong></span> <span class='ocrx_word' id='word_1_168' title='bbox 611 2350 637 2400; x_wconf 90' lang='grc' dir='ltr'>ὁ</span> <span class='ocrx_word' id='word_1_169' title='bbox 667 2348 838 2418; x_wconf 82' lang='grc' dir='ltr'><strong>δῆμος</strong></span> <span class='ocrx_word' id='word_1_170' title='bbox 867 2351 978 2422; x_wconf 79' lang='grc' dir='ltr'><strong>πῦρ</strong></span> <span class='ocrx_word' id='word_1_171' title='bbox 1006 2355 1220 2410; x_wconf 72' lang='grc' dir='ltr'><strong>ἐνίεσαν</strong></span> <span class='ocrx_word' id='word_1_172' title='bbox 1249 2363 1368 2422; x_wconf 79' lang='grc' dir='ltr'><strong>ταῖς</strong></span> <span class='ocrx_word' id='word_1_173' title='bbox 1391 2361 1587 2426; x_wconf 55' lang='grc' dir='ltr'><strong>πύλας</strong></span> <span class='ocrx_word' id='word_1_174' title='bbox 1611 2366 1706 2435; x_wconf 72' lang='grc' dir='ltr'><strong>τῆς</strong></span> <span class='ocrx_word' id='word_1_175' title='bbox 1742 2368 1916 2437; x_wconf 75' lang='grc' dir='ltr'><strong>ἄκρας</strong></span> 
     </span>
    </p>
   </div>
   <div class='ocr_carea' id='block_1_25' title="bbox 323 2441 1918 2528">
    <p class='ocr_par' dir='ltr' id='par_1_25' title="bbox 323 2441 1918 2528">
     <span class='ocr_line' id='line_1_25' title="bbox 323 2441 1918 2528; baseline 0.018 -41"><span class='ocrx_word' id='word_1_176' title='bbox 323 2441 445 2501; x_wconf 77' lang='grc' dir='ltr'><strong>ταῖς</strong></span> <span class='ocrx_word' id='word_1_177' title='bbox 465 2441 598 2509; x_wconf 67' lang='grc' dir='ltr'><strong>πρὸς</strong></span> <span class='ocrx_word' id='word_1_178' title='bbox 625 2445 691 2512; x_wconf 77' lang='grc' dir='ltr'><strong>τῇ</strong></span> <span class='ocrx_word' id='word_1_179' title='bbox 725 2444 900 2506; x_wconf 87' lang='grc' dir='ltr'><strong>πόλει,</strong></span> <span class='ocrx_word' id='word_1_180' title='bbox 919 2449 1042 2500; x_wconf 73' lang='grc' dir='ltr'><strong>ἐπεὶ</strong></span> <span class='ocrx_word' id='word_1_181' title='bbox 1074 2451 1264 2520; x_wconf 72' lang='grc' dir='ltr'><strong>μηδεὶς</strong></span> <span class='ocrx_word' id='word_1_182' title='bbox 1289 2453 1548 2524; x_wconf 74' lang='grc' dir='ltr'><strong>ἠμύνετο.</strong></span> <span class='ocrx_word' id='word_1_183' title='bbox 1581 2460 1918 2528; x_wconf 60' lang='grc' dir='ltr'><strong>Στρατῄγιος</strong></span> 
     </span>
    </p>
   </div>
   <div class='ocr_carea' id='block_1_26' title="bbox 328 2531 1918 2622">
    <p class='ocr_par' dir='ltr' id='par_1_26' title="bbox 328 2531 1918 2622">
     <span class='ocr_line' id='line_1_26' title="bbox 328 2531 1918 2622; baseline 0.017 -41"><span class='ocrx_word' id='word_1_184' title='bbox 328 2531 385 2582; x_wconf 77' lang='grc' dir='ltr'><strong>δὲ</strong></span> <span class='ocrx_word' id='word_1_185' title='bbox 419 2533 530 2586; x_wconf 56' lang='lat' dir='ltr'><strong>ora</strong></span> <span class='ocrx_word' id='word_1_186' title='bbox 565 2535 790 2606; x_wconf 75' lang='grc' dir='ltr'><strong>κλεῖθρα</strong></span> <span class='ocrx_word' id='word_1_187' title='bbox 816 2538 955 2606; x_wconf 78' lang='grc' dir='ltr'><strong>ἔχων</strong></span> <span class='ocrx_word' id='word_1_188' title='bbox 981 2556 992 2568; x_wconf 93' lang='grc'>·</span> <span class='ocrx_word' id='word_1_189' title='bbox 1035 2541 1176 2594; x_wconf 71' lang='grc' dir='ltr'><strong>οὕτω</strong></span> <span class='ocrx_word' id='word_1_190' title='bbox 1209 2546 1318 2612; x_wconf 68' lang='grc' dir='ltr'><strong>γὰρ</strong></span> <span class='ocrx_word' id='word_1_191' title='bbox 1346 2547 1659 2616; x_wconf 66' lang='grc' dir='ltr'><strong>ὡνῦμαστο·</strong></span> <span class='ocrx_word' id='word_1_192' title='bbox 1701 2555 1855 2622; x_wconf 63' lang='grc' dir='ltr'><strong>ἦγογ</strong></span> <span class='ocrx_word' id='word_1_193' title='bbox 1895 2577 1918 2608; x_wconf 91' lang='grc' dir='ltr'><strong>ν</strong></span> 
     </span>
    </p>
   </div>
   <div class='ocr_carea' id='block_1_27' title="bbox 330 2624 1918 2714">
    <p class='ocr_par' dir='ltr' id='par_1_27' title="bbox 330 2624 1918 2714">
     <span class='ocr_line' id='line_1_27' title="bbox 330 2624 1918 2714; baseline 0.014 -38"><span class='ocrx_word' id='word_1_194' title='bbox 330 2624 523 2690; x_wconf 76' lang='grc' dir='ltr'><strong>ἐλθὼν,</strong></span> <span class='ocrx_word' id='word_1_195' title='bbox 561 2631 656 2680; x_wconf 73' lang='grc' dir='ltr'><strong>καὶ</strong></span> <span class='ocrx_word' id='word_1_196' title='bbox 692 2631 718 2680; x_wconf 84' lang='grc' dir='ltr'><strong>ό</strong></span> <span class='ocrx_word' id='word_1_197' title='bbox 762 2630 932 2700; x_wconf 72' lang='grc' dir='ltr'><strong>δῆμος</strong></span> <span class='ocrx_word' id='word_1_198' title='bbox 965 2634 1230 2704; x_wconf 81' lang='grc' dir='ltr'><strong>εἰσεχείτο</strong></span> <span class='ocrx_word' id='word_1_199' title='bbox 1253 2654 1265 2666; x_wconf 73' lang='grc'><strong><em>⁸</em></strong></span> <span class='ocrx_word' id='word_1_200' title='bbox 1300 2641 1392 2692; x_wconf 78' lang='grc' dir='ltr'><strong>καὶ</strong></span> <span class='ocrx_word' id='word_1_201' title='bbox 1421 2643 1619 2696; x_wconf 71' lang='grc' dir='ltr'><strong>αὐτίκα</strong></span> <span class='ocrx_word' id='word_1_202' title='bbox 1649 2647 1749 2714; x_wconf 82' lang='grc' dir='ltr'><strong>μὲν</strong></span> <span class='ocrx_word' id='word_1_203' title='bbox 1784 2651 1918 2713; x_wconf 54' lang='lat' dir='ltr'><strong>api;</strong></span> 
     </span>
    </p>
   </div>
   <div class='ocr_carea' id='block_1_28' title="bbox 329 2719 1918 2804">
    <p class='ocr_par' dir='ltr' id='par_1_28' title="bbox 329 2719 1918 2804">
     <span class='ocr_line' id='line_1_28' title="bbox 329 2719 1918 2804; baseline 0.017 -36"><span class='ocrx_word' id='word_1_204' title='bbox 329 2721 449 2781; x_wconf 78' lang='grc' dir='ltr'><strong>ταῖς</strong></span> <span class='ocrx_word' id='word_1_205' title='bbox 483 2719 680 2784; x_wconf 79' lang='grc' dir='ltr'><strong>πύλαις</strong></span> <span class='ocrx_word' id='word_1_206' title='bbox 723 2723 817 2778; x_wconf 88' lang='grc' dir='ltr'><strong>δύο</strong></span> <span class='ocrx_word' id='word_1_207' title='bbox 858 2728 966 2779; x_wconf 52' lang='grc' dir='ltr'><strong>τῶν</strong></span> <span class='ocrx_word' id='word_1_208' title='bbox 1016 2729 1253 2784; x_wconf 73' lang='grc' dir='ltr'><strong>πολιτῶν</strong></span> <span class='ocrx_word' id='word_1_209' title='bbox 1313 2735 1640 2804; x_wconf 70' lang='grc' dir='ltr'><strong>ἀπέσφαξαν</strong></span> <span class='ocrx_word' id='word_1_210' title='bbox 1667 2757 1680 2770; x_wconf 91' lang='grc'><strong>·</strong></span> <span class='ocrx_word' id='word_1_211' title='bbox 1725 2740 1918 2796; x_wconf 80' lang='grc' dir='ltr'><strong>ἔπειτα</strong></span> 
     </span>
    </p>
   </div>
   <div class='ocr_carea' id='block_1_29' title="bbox 332 2812 1914 2888">
    <p class='ocr_par' dir='ltr' id='par_1_29' title="bbox 332 2812 1914 2888">
     <span class='ocr_line' id='line_1_29' title="bbox 332 2812 1914 2888; baseline 0.017 -27"><span class='ocrx_word' id='word_1_212' title='bbox 332 2812 472 2878; x_wconf 64' lang='grc' dir='ltr'><strong>πρὶς</strong></span> <span class='ocrx_word' id='word_1_213' title='bbox 529 2813 785 2883; x_wconf 81' lang='grc' dir='ltr'><strong>ἁρπαγὴν</strong></span> <span class='ocrx_word' id='word_1_214' title='bbox 841 2819 1145 2887; x_wconf 76' lang='grc' dir='ltr'><strong>ἐτράποντο</strong></span> <span class='ocrx_word' id='word_1_215' title='bbox 1194 2825 1377 2878; x_wconf 76' lang='grc' dir='ltr'><strong>ὃπλων</strong></span> <span class='ocrx_word' id='word_1_216' title='bbox 1435 2847 1492 2880; x_wconf 90' lang='grc' dir='ltr'><strong>τε</strong></span> <span class='ocrx_word' id='word_1_217' title='bbox 1557 2833 1646 2882; x_wconf 74' lang='grc' dir='ltr'><strong>καὶ</strong></span> <span class='ocrx_word' id='word_1_218' title='bbox 1709 2834 1914 2888; x_wconf 79' lang='grc' dir='ltr'><strong>ἵππων.</strong></span> 
     </span>
    </p>
   </div>
   <div class='ocr_carea' id='block_1_30' title="bbox 343 2901 1914 2988">
    <p class='ocr_par' dir='ltr' id='par_1_30' title="bbox 343 2901 1914 2988">
     <span class='ocr_line' id='line_1_30' title="bbox 343 2901 1914 2988; baseline 0.015 -37"><span class='ocrx_word' id='word_1_219' title='bbox 343 2901 688 2973; x_wconf 75' lang='grc' dir='ltr'><strong>Ἀπόκαυχος</strong></span> <span class='ocrx_word' id='word_1_220' title='bbox 723 2909 832 2976; x_wconf 68' lang='grc' dir='ltr'><strong>γὰρ</strong></span> <span class='ocrx_word' id='word_1_221' title='bbox 865 2911 959 2962; x_wconf 70' lang='grc' dir='ltr'><strong>καὶ</strong></span> <span class='ocrx_word' id='word_1_222' title='bbox 991 2911 1038 2961; x_wconf 88' lang='grc' dir='ltr'><strong>οἱ</strong></span> <span class='ocrx_word' id='word_1_223' title='bbox 1070 2912 1250 2976; x_wconf 64' lang='grc' dir='ltr'><strong>ἄλλοι,</strong></span> <span class='ocrx_word' id='word_1_224' title='bbox 1277 2916 1358 2968; x_wconf 81' lang='grc' dir='ltr'><strong>ὅτι</strong></span> <span class='ocrx_word' id='word_1_225' title='bbox 1404 2918 1652 2972; x_wconf 71' lang='grc' dir='ltr'><strong>ἑάλωσαν</strong></span> <span class='ocrx_word' id='word_1_226' title='bbox 1689 2922 1914 2988; x_wconf 77' lang='grc' dir='ltr'><strong>ἰδόντες,</strong></span> 
     </span>
    </p>
   </div>
   <div class='ocr_carea' id='block_1_31' title="bbox 331 2993 1917 3076">
    <p class='ocr_par' dir='ltr' id='par_1_31' title="bbox 331 2993 1917 3076">
     <span class='ocr_line' id='line_1_31' title="bbox 331 2993 1917 3076; baseline 0.013 -27"><span class='ocrx_word' id='word_1_227' title='bbox 331 2993 454 3044; x_wconf 74' lang='grc' dir='ltr'><strong>ἐπεὶ</strong></span> <span class='ocrx_word' id='word_1_228' title='bbox 497 2996 572 3061; x_wconf 86' lang='grc' dir='ltr'><strong>μὴ</strong></span> <span class='ocrx_word' id='word_1_229' title='bbox 607 2996 832 3064; x_wconf 75' lang='grc' dir='ltr'><strong>φεύγειν</strong></span> <span class='ocrx_word' id='word_1_230' title='bbox 860 2995 948 3069; x_wconf 80' lang='grc' dir='ltr'><strong>ἦν,</strong></span> <span class='ocrx_word' id='word_1_231' title='bbox 1003 3003 1114 3056; x_wconf 86' lang='grc' dir='ltr'><strong>τῶν</strong></span> <span class='ocrx_word' id='word_1_232' title='bbox 1155 3005 1341 3059; x_wconf 80' lang='grc' dir='ltr'><strong>ἵππων</strong></span> <span class='ocrx_word' id='word_1_233' title='bbox 1379 3010 1770 3076; x_wconf 76' lang='grc' dir='ltr'><strong>ἀποϐαίνοντες</strong></span> <span class='ocrx_word' id='word_1_234' title='bbox 1823 3017 1917 3069; x_wconf 70' lang='grc' dir='ltr'><strong>καὶ</strong></span> 
     </span>
    </p>
   </div>
   <div class='ocr_carea' id='block_1_32' title="bbox 331 3087 1918 3166">
    <p class='ocr_par' dir='ltr' id='par_1_32' title="bbox 331 3087 1918 3166">
     <span class='ocr_line' id='line_1_32' title="bbox 331 3087 1918 3166; baseline 0.015 -30"><span class='ocrx_word' id='word_1_235' title='bbox 331 3087 689 3156; x_wconf 66' lang='grc' dir='ltr'><strong>ἀποδυόμενοι</strong></span> <span class='ocrx_word' id='word_1_236' title='bbox 728 3092 792 3143; x_wconf 72' lang='grc' dir='ltr'><strong>τὰ</strong></span> <span class='ocrx_word' id='word_1_237' title='bbox 844 3093 982 3146; x_wconf 79' lang='grc' dir='ltr'><strong>ὅπλα</strong></span> <span class='ocrx_word' id='word_1_238' title='bbox 1021 3098 1469 3166; x_wconf 86' lang='grc' dir='ltr'><strong>κατεκρύπτοντο</strong></span> <span class='ocrx_word' id='word_1_239' title='bbox 1495 3145 1508 3166; x_wconf 93' lang='grc'><strong>,</strong></span> <span class='ocrx_word' id='word_1_240' title='bbox 1548 3103 1838 3158; x_wconf 79' lang='grc' dir='ltr'><strong>ἐλάνθανον</strong></span> <span class='ocrx_word' id='word_1_241' title='bbox 1863 3107 1918 3160; x_wconf 86' lang='grc' dir='ltr'><strong>δὲ</strong></span> 
     </span>
    </p>
   </div>
   <div class='ocr_carea' id='block_1_33' title="bbox 329 3177 1918 3269">
    <p class='ocr_par' dir='ltr' id='par_1_33' title="bbox 329 3177 1918 3269">
     <span class='ocr_line' id='line_1_33' title="bbox 329 3177 1918 3269; baseline 0.016 -43"><span class='ocrx_word' id='word_1_242' title='bbox 329 3177 530 3245; x_wconf 73' lang='grc' dir='ltr'><strong>ὀλίγοι,</strong></span> <span class='ocrx_word' id='word_1_243' title='bbox 562 3181 687 3242; x_wconf 78' lang='grc' dir='ltr'><strong>τοὺς</strong></span> <span class='ocrx_word' id='word_1_244' title='bbox 721 3181 940 3246; x_wconf 82' lang='grc' dir='ltr'><strong>πλείους</strong></span> <span class='ocrx_word' id='word_1_245' title='bbox 975 3186 1030 3237; x_wconf 83' lang='grc' dir='ltr'><strong>δὲ</strong></span> <span class='ocrx_word' id='word_1_246' title='bbox 1062 3189 1392 3254; x_wconf 60' lang='grc' dir='ltr'><strong>ἀποδύοντες</strong></span> <span class='ocrx_word' id='word_1_247' title='bbox 1424 3195 1749 3248; x_wconf 79' lang='grc' dir='ltr'><strong>κατέλειπον</strong></span> <span class='ocrx_word' id='word_1_248' title='bbox 1778 3216 1918 3269; x_wconf 86' lang='grc' dir='ltr'><strong>γυμ-</strong></span> 
     </span>
    </p>
   </div>
   <div class='ocr_carea' id='block_1_34' title="bbox 331 3271 1921 3357">
    <p class='ocr_par' dir='ltr' id='par_1_34' title="bbox 331 3271 1921 3357">
     <span class='ocr_line' id='line_1_34' title="bbox 331 3271 1921 3357; baseline 0.016 -37"><span class='ocrx_word' id='word_1_249' title='bbox 331 3271 477 3332; x_wconf 73' lang='grc' dir='ltr'><strong>νούς.</strong></span> <span class='ocrx_word' id='word_1_250' title='bbox 511 3273 782 3336; x_wconf 73' lang='grc' dir='ltr'><strong>Κωκαλᾶς</strong></span> <span class='ocrx_word' id='word_1_251' title='bbox 817 3276 874 3328; x_wconf 74' lang='grc' dir='ltr'><strong>δὲ</strong></span> <span class='ocrx_word' id='word_1_252' title='bbox 942 3281 1037 3330; x_wconf 78' lang='grc' dir='ltr'><strong>καὶ</strong></span> <span class='ocrx_word' id='word_1_253' title='bbox 1089 3281 1453 3350; x_wconf 82' lang='grc' dir='ltr'><strong>Παλαιολόγος</strong></span> <span class='ocrx_word' id='word_1_254' title='bbox 1509 3291 1921 3357; x_wconf 82' lang='grc' dir='ltr'><strong>περιεποιοῦντο</strong></span> 
     </span>
    </p>
   </div>
   <div class='ocr_carea' id='block_1_35' title="bbox 331 3362 1917 3451">
    <p class='ocr_par' dir='ltr' id='par_1_35' title="bbox 331 3362 1917 3451">
     <span class='ocr_line' id='line_1_35' title="bbox 331 3362 1917 3451; baseline 0.015 -41"><span class='ocrx_word' id='word_1_255' title='bbox 331 3362 460 3422; x_wconf 74' lang='grc' dir='ltr'><strong>τοὺς</strong></span> <span class='ocrx_word' id='word_1_256' title='bbox 497 3362 863 3438; x_wconf 84' lang='grc' dir='ltr'><strong>στρατιώτας,</strong></span> <span class='ocrx_word' id='word_1_257' title='bbox 899 3370 992 3420; x_wconf 68' lang='grc' dir='ltr'><strong>κα)⁸</strong></span> <span class='ocrx_word' id='word_1_258' title='bbox 1027 3369 1282 3424; x_wconf 78' lang='grc' dir='ltr'><strong>ἐκέλευόν</strong></span> <span class='ocrx_word' id='word_1_259' title='bbox 1339 3375 1414 3444; x_wconf 82' lang='grc' dir='ltr'><strong>μὴ</strong></span> <span class='ocrx_word' id='word_1_260' title='bbox 1463 3375 1720 3430; x_wconf 77' lang='grc' dir='ltr'><strong>ἀποδύειν</strong></span> <span class='ocrx_word' id='word_1_261' title='bbox 1743 3396 1754 3409; x_wconf 91' lang='grc'><strong>·</strong></span> <span class='ocrx_word' id='word_1_262' title='bbox 1798 3380 1917 3451; x_wconf 71' lang='grc' dir='ltr'><strong>ἅμα</strong></span> 
     </span>
    </p>
   </div>
   <div class='ocr_carea' id='block_1_36' title="bbox 331 3451 1916 3542">
    <p class='ocr_par' dir='ltr' id='par_1_36' title="bbox 331 3451 1916 3542">
     <span class='ocr_line' id='line_1_36' title="bbox 331 3451 1916 3542; baseline 0.015 -40"><span class='ocrx_word' id='word_1_263' title='bbox 331 3451 389 3502; x_wconf 76' lang='grc' dir='ltr'><strong>δὲ</strong></span> <span class='ocrx_word' id='word_1_264' title='bbox 420 3454 513 3504; x_wconf 81' lang='grc' dir='ltr'><strong>καὶ</strong></span> <span class='ocrx_word' id='word_1_265' title='bbox 547 3456 894 3520; x_wconf 74' lang='grc' dir='ltr'><strong>τοὺςϊππους</strong></span> <span class='ocrx_word' id='word_1_266' title='bbox 924 3460 1290 3528; x_wconf 84' lang='grc' dir='ltr'><strong>εὑρίσκοντες,</strong></span> <span class='ocrx_word' id='word_1_267' title='bbox 1322 3465 1644 3536; x_wconf 72' lang='grc' dir='ltr'><strong>παρείχοντο</strong></span> <span class='ocrx_word' id='word_1_268' title='bbox 1676 3471 1916 3542; x_wconf 73' lang='grc' dir='ltr'><strong>ἑκάστῳ,</strong></span> 
     </span>
    </p>
   </div>
   <div class='ocr_carea' id='block_1_37' title="bbox 331 3543 1919 3630">
    <p class='ocr_par' dir='ltr' id='par_1_37' title="bbox 331 3543 1919 3630">
     <span class='ocr_line' id='line_1_37' title="bbox 331 3543 1919 3630; baseline 0.013 -35"><span class='ocrx_word' id='word_1_269' title='bbox 331 3543 689 3613; x_wconf 78' lang='grc' dir='ltr'><strong>ἀμειϐόμενοι</strong></span> <span class='ocrx_word' id='word_1_270' title='bbox 719 3549 818 3614; x_wconf 76' lang='grc' dir='ltr'><strong>τῆς</strong></span> <span class='ocrx_word' id='word_1_271' title='bbox 873 3551 1186 3619; x_wconf 77' lang='grc' dir='ltr'><strong>προδοσίας,</strong></span> <span class='ocrx_word' id='word_1_272' title='bbox 1249 3555 1366 3623; x_wconf 75' lang='grc' dir='ltr'><strong>ἄμα</strong></span> <span class='ocrx_word' id='word_1_273' title='bbox 1394 3557 1438 3608; x_wconf 81' lang='grc' dir='ltr'><strong>δ’</strong></span> <span class='ocrx_word' id='word_1_274' title='bbox 1469 3559 1551 3609; x_wconf 86' lang='grc' dir='ltr'><strong>ὅτι</strong></span> <span class='ocrx_word' id='word_1_275' title='bbox 1583 3561 1677 3612; x_wconf 68' lang='grc' dir='ltr'><strong>καὶ</strong></span> <span class='ocrx_word' id='word_1_276' title='bbox 1723 3561 1919 3630; x_wconf 83' lang='grc' dir='ltr'><strong>ὅρκους</strong></span> 
     </span>
    </p>
   </div>
   <div class='ocr_carea' id='block_1_38' title="bbox 331 3635 1922 3712">
    <p class='ocr_par' dir='ltr' id='par_1_38' title="bbox 331 3635 1922 3712">
     <span class='ocr_line' id='line_1_38' title="bbox 331 3635 1922 3712; baseline 0.012 -26"><span class='ocrx_word' id='word_1_277' title='bbox 331 3635 520 3699; x_wconf 84' lang='grc' dir='ltr'><strong>αὐτοῖς</strong></span> <span class='ocrx_word' id='word_1_278' title='bbox 551 3639 820 3708; x_wconf 81' lang='grc' dir='ltr'><strong>πρότερον</strong></span> <span class='ocrx_word' id='word_1_279' title='bbox 847 3645 1192 3712; x_wconf 73' lang='grc' dir='ltr'><strong>παρείχοντο,</strong></span> <span class='ocrx_word' id='word_1_280' title='bbox 1224 3647 1299 3708; x_wconf 82' lang='grc' dir='ltr'><strong>ὡς</strong></span> <span class='ocrx_word' id='word_1_281' title='bbox 1331 3647 1486 3700; x_wconf 76' lang='grc' dir='ltr'><strong>οὐδὲν</strong></span> <span class='ocrx_word' id='word_1_282' title='bbox 1510 3651 1790 3704; x_wconf 86' lang='grc' dir='ltr'><strong>πείσονται</strong></span> <span class='ocrx_word' id='word_1_283' title='bbox 1813 3653 1922 3706; x_wconf 85' lang='grc' dir='ltr'><strong>δει-</strong></span> 
     </span>
    </p>
   </div>
   <div class='ocr_carea' id='block_1_39' title="bbox 331 3726 1918 3811">
    <p class='ocr_par' dir='ltr' id='par_1_39' title="bbox 331 3726 1918 3811">
     <span class='ocr_line' id='line_1_39' title="bbox 331 3726 1918 3811; baseline 0.013 -33"><span class='ocrx_word' id='word_1_284' title='bbox 331 3726 424 3778; x_wconf 81' lang='grc' dir='ltr'><strong>νὸν</strong></span> <span class='ocrx_word' id='word_1_285' title='bbox 455 3727 520 3780; x_wconf 82' lang='grc' dir='ltr'><strong>ἂν</strong></span> <span class='ocrx_word' id='word_1_286' title='bbox 549 3732 674 3792; x_wconf 79' lang='grc' dir='ltr'><strong>τοὺς</strong></span> <span class='ocrx_word' id='word_1_287' title='bbox 728 3733 922 3796; x_wconf 82' lang='grc' dir='ltr'><strong>ἄλλους</strong></span> <span class='ocrx_word' id='word_1_288' title='bbox 975 3737 1323 3804; x_wconf 76' lang='grc' dir='ltr'><strong>προδιδῶσιν.</strong></span> <span class='ocrx_word' id='word_1_289' title='bbox 1378 3739 1534 3794; x_wconf 78' lang='grc' dir='ltr'><strong>Οὕτω</strong></span> <span class='ocrx_word' id='word_1_290' title='bbox 1587 3742 1687 3811; x_wconf 79' lang='grc' dir='ltr'><strong>μὲν</strong></span> <span class='ocrx_word' id='word_1_291' title='bbox 1720 3744 1813 3797; x_wconf 82' lang='grc' dir='ltr'><strong>οὖν</strong></span> <span class='ocrx_word' id='word_1_292' title='bbox 1857 3746 1918 3798; x_wconf 82' lang='grc' dir='ltr'><strong>τὸ</strong></span> 
     </span>
    </p>
   </div>
   <div class='ocr_carea' id='block_1_40' title="bbox 335 3820 1918 3904">
    <p class='ocr_par' dir='ltr' id='par_1_40' title="bbox 335 3820 1918 3904">
     <span class='ocr_line' id='line_1_40' title="bbox 335 3820 1918 3904; baseline 0.013 -34"><span class='ocrx_word' id='word_1_293' title='bbox 335 3820 796 3892; x_wconf 79' lang='grc' dir='ltr'><strong>Καντακουζηνοῡ</strong></span> <span class='ocrx_word' id='word_1_294' title='bbox 847 3826 942 3878; x_wconf 79' lang='grc' dir='ltr'><strong>τοῦ</strong></span> <span class='ocrx_word' id='word_1_295' title='bbox 995 3827 1262 3896; x_wconf 81' lang='grc' dir='ltr'><strong>βασιλέως</strong></span> <span class='ocrx_word' id='word_1_296' title='bbox 1296 3831 1464 3900; x_wconf 80' lang='grc' dir='ltr'><strong>μέρος</strong></span> <span class='ocrx_word' id='word_1_297' title='bbox 1517 3835 1778 3904; x_wconf 60' lang='grc' dir='ltr'><strong>προδοῧὲν</strong></span> <span class='ocrx_word' id='word_1_298' title='bbox 1812 3837 1918 3890; x_wconf 78' lang='grc' dir='ltr'><strong>ὑπὸ</strong></span> 
     </span>
    </p>
   </div>
   <div class='ocr_carea' id='block_1_41' title="bbox 331 3915 1968 3992">
    <p class='ocr_par' dir='ltr' id='par_1_41' title="bbox 331 3915 1968 3992">
     <span class='ocr_line' id='line_1_41' title="bbox 331 3915 1968 3992; baseline 0.013 -32"><span class='ocrx_word' id='word_1_299' title='bbox 331 3915 434 3980; x_wconf 82' lang='grc' dir='ltr'><strong>τῆς</strong></span> <span class='ocrx_word' id='word_1_300' title='bbox 467 3917 749 3982; x_wconf 77' lang='grc' dir='ltr'><strong>στρατιᾶς,</strong></span> <span class='ocrx_word' id='word_1_301' title='bbox 783 3919 985 3985; x_wconf 78' lang='grc' dir='ltr'><strong>ἡττᾶτο</strong></span> <span class='ocrx_word' id='word_1_302' title='bbox 1016 3920 1158 3974; x_wconf 83' lang='grc' dir='ltr'><strong>κατά</strong></span> <span class='ocrx_word' id='word_1_303' title='bbox 1195 3925 1418 3992; x_wconf 75' lang='grc' dir='ltr'><strong>κράτος.</strong></span> <span class='ocrx_word' id='word_1_304' title='bbox 1451 3926 1724 3991; x_wconf 79' lang='grc' dir='ltr'><strong>Κωκαλᾶς</strong></span> <span class='ocrx_word' id='word_1_305' title='bbox 1739 3929 1796 3980; x_wconf 83' lang='grc' dir='ltr'><strong>δὲ</strong></span> <span class='ocrx_word' id='word_1_306' title='bbox 1824 3933 1919 3982; x_wconf 68' lang='grc' dir='ltr'><strong>καὶ</strong></span> <span class='ocrx_word' id='word_1_307' title='bbox 1965 3925 1968 3928; x_wconf 56' lang='grc'><strong>’</strong></span> 
     </span>
    </p>
   </div>
   <div class='ocr_carea' id='block_1_42' title="bbox 336 4005 1914 4090">
    <p class='ocr_par' dir='ltr' id='par_1_42' title="bbox 336 4005 1914 4090">
     <span class='ocr_line' id='line_1_42' title="bbox 336 4005 1914 4090; baseline 0.011 -32"><span class='ocrx_word' id='word_1_308' title='bbox 336 4005 700 4074; x_wconf 80' lang='grc' dir='ltr'><strong>Παλαιολόγος</strong></span> <span class='ocrx_word' id='word_1_309' title='bbox 749 4008 839 4061; x_wconf 83' lang='grc' dir='ltr'><strong>τὸν</strong></span> <span class='ocrx_word' id='word_1_310' title='bbox 895 4012 996 4080; x_wconf 87' lang='grc' dir='ltr'><strong>μὲν</strong></span> <span class='ocrx_word' id='word_1_311' title='bbox 1028 4011 1198 4082; x_wconf 83' lang='grc' dir='ltr'><strong>δῆμον</strong></span> <span class='ocrx_word' id='word_1_312' title='bbox 1251 4014 1542 4085; x_wconf 77' lang='grc' dir='ltr'><strong>ἐξήλαυνον</strong></span> <span class='ocrx_word' id='word_1_313' title='bbox 1567 4018 1666 4086; x_wconf 82' lang='grc' dir='ltr'><strong>τῆς</strong></span> <span class='ocrx_word' id='word_1_314' title='bbox 1703 4021 1880 4090; x_wconf 76' lang='grc' dir='ltr'><strong>ἄκρας</strong></span> <span class='ocrx_word' id='word_1_315' title='bbox 1902 4038 1914 4050; x_wconf 84' lang='lat'><strong><em>°</em></strong></span> 
     </span>
    </p>
   </div>
   <div class='ocr_carea' id='block_1_43' title="bbox 333 4099 1916 4182">
    <p class='ocr_par' dir='ltr' id='par_1_43' title="bbox 333 4099 1916 4182">
     <span class='ocr_line' id='line_1_43' title="bbox 333 4099 1916 4182; baseline 0.013 -32"><span class='ocrx_word' id='word_1_316' title='bbox 333 4099 435 4169; x_wconf 71' lang='grc' dir='ltr'><strong>ἤδη</strong></span> <span class='ocrx_word' id='word_1_317' title='bbox 469 4101 578 4168; x_wconf 67' lang='grc' dir='ltr'><strong>γὰρ</strong></span> <span class='ocrx_word' id='word_1_318' title='bbox 607 4105 907 4176; x_wconf 79' lang='grc' dir='ltr'><strong>δτήρπαζον</strong></span> <span class='ocrx_word' id='word_1_319' title='bbox 955 4111 1045 4161; x_wconf 73' lang='grc' dir='ltr'><strong>καὶ</strong></span> <span class='ocrx_word' id='word_1_320' title='bbox 1075 4110 1156 4162; x_wconf 62' lang='grc' dir='ltr'><strong>’τὰ</strong></span> <span class='ocrx_word' id='word_1_321' title='bbox 1184 4113 1291 4162; x_wconf 83' lang='grc' dir='ltr'><strong>τῶν</strong></span> <span class='ocrx_word' id='word_1_322' title='bbox 1317 4114 1623 4182; x_wconf 82' lang='grc' dir='ltr'><strong>ἐγχωρίων·</strong></span> <span class='ocrx_word' id='word_1_323' title='bbox 1661 4118 1816 4169; x_wconf 71' lang='grc' dir='ltr'><strong>αὐτοὶ</strong></span> <span class='ocrx_word' id='word_1_324' title='bbox 1859 4118 1916 4171; x_wconf 87' lang='grc' dir='ltr'><strong>δὲ</strong></span> 
     </span>
    </p>
   </div>
   <div class='ocr_carea' id='block_1_44' title="bbox 335 4198 1910 4278">
    <p class='ocr_par' dir='ltr' id='par_1_44' title="bbox 335 4198 1910 4278">
     <span class='ocr_line' id='line_1_44' title="bbox 335 4198 1910 4278; baseline 0.013 -35"><span class='ocrx_word' id='word_1_325' title='bbox 335 4198 753 4264; x_wconf 81' lang='grc' dir='ltr'><strong>περιμείναντες</strong></span> <span class='ocrx_word' id='word_1_326' title='bbox 809 4200 936 4270; x_wconf 81' lang='grc' dir='ltr'><strong>ἄχρι</strong></span> <span class='ocrx_word' id='word_1_327' title='bbox 986 4205 1201 4269; x_wconf 71' lang='grc' dir='ltr'><strong>νυκτὸς,</strong></span> <span class='ocrx_word' id='word_1_328' title='bbox 1257 4205 1382 4268; x_wconf 76' lang='grc' dir='ltr'><strong>τοὺς</strong></span> <span class='ocrx_word' id='word_1_329' title='bbox 1433 4210 1532 4274; x_wconf 80' lang='grc' dir='ltr'><strong>μὲν</strong></span> <span class='ocrx_word' id='word_1_330' title='bbox 1571 4211 1910 4278; x_wconf 82' lang='grc' dir='ltr'><strong>στρατιώτας</strong></span> 
     </span>
    </p>
   </div>
   <div class='ocr_carea' id='block_1_45' title="bbox 337 4287 1916 4370">
    <p class='ocr_par' dir='ltr' id='par_1_45' title="bbox 337 4287 1916 4370">
     <span class='ocr_line' id='line_1_45' title="bbox 337 4287 1916 4370; baseline 0.013 -35"><span class='ocrx_word' id='word_1_331' title='bbox 337 4287 544 4368; x_wconf 80' lang='grc' dir='ltr'><strong>πάντας</strong></span> <span class='ocrx_word' id='word_1_332' title='bbox 589 4289 772 4342; x_wconf 70' lang='grc' dir='ltr'><strong>οἶκαδε</strong></span> <span class='ocrx_word' id='word_1_333' title='bbox 834 4293 1185 4362; x_wconf 79' lang='grc' dir='ltr'><strong>ἀπέπεμπον,</strong></span> <span class='ocrx_word' id='word_1_334' title='bbox 1241 4299 1334 4348; x_wconf 86' lang='grc' dir='ltr'><strong>καί</strong></span> <span class='ocrx_word' id='word_1_335' title='bbox 1396 4315 1549 4360; x_wconf 86' lang='grc' dir='ltr'><strong>τινας</strong></span> <span class='ocrx_word' id='word_1_336' title='bbox 1581 4300 1688 4352; x_wconf 83' lang='grc' dir='ltr'><strong>τῶν</strong></span> <span class='ocrx_word' id='word_1_337' title='bbox 1745 4303 1916 4370; x_wconf 82' lang='grc' dir='ltr'><strong>φίλων</strong></span> 
     </span>
    </p>
   </div>
   <div class='ocr_carea' id='block_1_46' title="bbox 334 4377 1917 4456">
    <p class='ocr_par' dir='ltr' id='par_1_46' title="bbox 334 4377 1917 4456">
     <span class='ocr_line' id='line_1_46' title="bbox 334 4377 1917 4456; baseline 0.01 -27"><span class='ocrx_word' id='word_1_338' title='bbox 334 4377 491 4431; x_wconf 84' lang='grc' dir='ltr'><strong>αύτοὶ</strong></span> <span class='ocrx_word' id='word_1_339' title='bbox 514 4379 788 4449; x_wconf 77' lang='grc' dir='ltr'><strong>διέσωζον,</strong></span> <span class='ocrx_word' id='word_1_340' title='bbox 825 4385 1162 4456; x_wconf 67' lang='grc' dir='ltr'><strong>’Λπόκανχον</strong></span> <span class='ocrx_word' id='word_1_341' title='bbox 1188 4387 1243 4440; x_wconf 79' lang='grc' dir='ltr'><strong>δὲ</strong></span> <span class='ocrx_word' id='word_1_342' title='bbox 1279 4389 1376 4442; x_wconf 77' lang='grc' dir='ltr'><strong>καὶ</strong></span> <span class='ocrx_word' id='word_1_343' title='bbox 1406 4391 1514 4444; x_wconf 87' lang='grc' dir='ltr'><strong>τῶν</strong></span> <span class='ocrx_word' id='word_1_344' title='bbox 1541 4391 1776 4444; x_wconf 74' lang='grc' dir='ltr'><strong>πολιτῶν</strong></span> <span class='ocrx_word' id='word_1_345' title='bbox 1805 4393 1917 4446; x_wconf 69' lang='grc' dir='ltr'><strong>ὀλίο</strong></span> 
     </span>
    </p>
   </div>
   <div class='ocr_carea' id='block_1_47' title="bbox 335 4471 1914 4554">
    <p class='ocr_par' dir='ltr' id='par_1_47' title="bbox 335 4471 1914 4554">
     <span class='ocr_line' id='line_1_47' title="bbox 335 4471 1914 4554; baseline 0.011 -35"><span class='ocrx_word' id='word_1_346' title='bbox 335 4487 419 4537; x_wconf 86' lang='grc' dir='ltr'><strong>γῳ</strong></span> <span class='ocrx_word' id='word_1_347' title='bbox 483 4471 740 4536; x_wconf 78' lang='grc' dir='ltr'><strong>ἐλάσσους</strong></span> <span class='ocrx_word' id='word_1_348' title='bbox 793 4475 988 4528; x_wconf 73' lang='grc' dir='ltr'><strong>ἑκατὸν</strong></span> <span class='ocrx_word' id='word_1_349' title='bbox 1033 4478 1392 4534; x_wconf 77' lang='grc' dir='ltr'><strong>κατέκλεισαν</strong></span> <span class='ocrx_word' id='word_1_350' title='bbox 1442 4483 1500 4533; x_wconf 85' lang='grc' dir='ltr'><strong>ὲν</strong></span> <span class='ocrx_word' id='word_1_351' title='bbox 1554 4483 1914 4554; x_wconf 81' lang='grc' dir='ltr'><strong>δεσμωτηρίῳ</strong></span> 
     </span>
    </p>
   </div>
   <div class='ocr_carea' id='block_1_48' title="bbox 2017 718 3598 790">
    <p class='ocr_par' dir='ltr' id='par_1_48' title="bbox 2017 718 3598 790">
     <span class='ocr_line' id='line_1_48' title="bbox 2017 718 3598 790; baseline 0.004 -20"><span class='ocrx_word' id='word_1_352' title='bbox 2017 726 2383 771; x_wconf 83' lang='lat' dir='ltr'><strong>tentaverunt.</strong></span> <span class='ocrx_word' id='word_1_353' title='bbox 2419 718 2489 771; x_wconf 85' lang='lat' dir='ltr'><strong>At</strong></span> <span class='ocrx_word' id='word_1_354' title='bbox 2518 721 2754 788; x_wconf 85' lang='lat' dir='ltr'><strong>pepulus</strong></span> <span class='ocrx_word' id='word_1_355' title='bbox 2785 721 2924 774; x_wconf 89' lang='lat' dir='ltr'><strong>arcis</strong></span> <span class='ocrx_word' id='word_1_356' title='bbox 2955 722 3092 788; x_wconf 86' lang='lat' dir='ltr'><strong>(erat</strong></span> <span class='ocrx_word' id='word_1_357' title='bbox 3119 722 3387 790; x_wconf 89' lang='lat' dir='ltr'><strong>siquidem</strong></span> <span class='ocrx_word' id='word_1_358' title='bbox 3427 725 3598 776; x_wconf 88' lang='lat' dir='ltr'><strong>instar</strong></span> 
     </span>
    </p>
   </div>
   <div class='ocr_carea' id='block_1_49' title="bbox 2017 810 3599 882">
    <p class='ocr_par' dir='ltr' id='par_1_49' title="bbox 2017 810 3599 882">
     <span class='ocr_line' id='line_1_49' title="bbox 2017 810 3599 882; baseline 0.004 -21"><span class='ocrx_word' id='word_1_359' title='bbox 2017 823 2198 878; x_wconf 76' lang='lat' dir='ltr'><strong>parra:</strong></span> <span class='ocrx_word' id='word_1_360' title='bbox 2247 810 2421 872; x_wconf 81' lang='lat' dir='ltr'><strong>urbis,</strong></span> <span class='ocrx_word' id='word_1_361' title='bbox 2477 813 2838 882; x_wconf 88' lang='lat' dir='ltr'><strong>propriosque</strong></span> <span class='ocrx_word' id='word_1_362' title='bbox 2872 813 3039 882; x_wconf 74' lang='lat'><strong>679</strong></span> <span class='ocrx_word' id='word_1_363' title='bbox 3082 814 3320 868; x_wconf 84' lang='lat' dir='ltr'><strong>habebat</strong></span> <span class='ocrx_word' id='word_1_364' title='bbox 3376 815 3599 882; x_wconf 77' lang='lat' dir='ltr'><strong>incolas)</strong></span> 
     </span>
    </p>
   </div>
   <div class='ocr_carea' id='block_1_50' title="bbox 2019 899 3598 976">
    <p class='ocr_par' dir='ltr' id='par_1_50' title="bbox 2019 899 3598 976">
     <span class='ocr_line' id='line_1_50' title="bbox 2019 899 3598 976; baseline 0.005 -24"><span class='ocrx_word' id='word_1_365' title='bbox 2019 899 2195 969; x_wconf 80' lang='lat' dir='ltr'><strong>fugam</strong></span> <span class='ocrx_word' id='word_1_366' title='bbox 2236 915 2330 955; x_wconf 77' lang='lat' dir='ltr'><strong>eos</strong></span> <span class='ocrx_word' id='word_1_367' title='bbox 2378 918 2688 970; x_wconf 87' lang='lat' dir='ltr'><strong>capessere,</strong></span> <span class='ocrx_word' id='word_1_368' title='bbox 2732 913 2786 957; x_wconf 89' lang='lat' dir='ltr'><strong>et</strong></span> <span class='ocrx_word' id='word_1_369' title='bbox 2833 921 2891 958; x_wconf 91' lang='lat' dir='ltr'><strong>se</strong></span> <span class='ocrx_word' id='word_1_370' title='bbox 2937 905 3137 974; x_wconf 89' lang='lat' dir='ltr'><strong>populo</strong></span> <span class='ocrx_word' id='word_1_371' title='bbox 3177 907 3386 960; x_wconf 88' lang='lat' dir='ltr'><strong>urbano</strong></span> <span class='ocrx_word' id='word_1_372' title='bbox 3435 923 3598 976; x_wconf 91' lang='lat' dir='ltr'><strong>quem</strong></span> 
     </span>
    </p>
   </div>
   <div class='ocr_carea' id='block_1_51' title="bbox 2017 993 3604 1069">
    <p class='ocr_par' dir='ltr' id='par_1_51' title="bbox 2017 993 3604 1069">
     <span class='ocr_line' id='line_1_51' title="bbox 2017 993 3604 1069; baseline 0.005 -25"><span class='ocrx_word' id='word_1_373' title='bbox 2017 993 2490 1060; x_wconf 82' lang='lat' dir='ltr'><strong>superduxissent,</strong></span> <span class='ocrx_word' id='word_1_374' title='bbox 2526 997 2679 1064; x_wconf 89' lang='lat' dir='ltr'><strong>prodi</strong></span> <span class='ocrx_word' id='word_1_375' title='bbox 2713 1011 2820 1048; x_wconf 91' lang='lat' dir='ltr'><strong>non</strong></span> <span class='ocrx_word' id='word_1_376' title='bbox 2864 997 3099 1061; x_wconf 90' lang='lat' dir='ltr'><strong>sinebat,</strong></span> <span class='ocrx_word' id='word_1_377' title='bbox 3135 999 3228 1052; x_wconf 87' lang='lat' dir='ltr'><strong>sed</strong></span> <span class='ocrx_word' id='word_1_378' title='bbox 3264 1014 3604 1069; x_wconf 77' lang='lat' dir='ltr'><strong>Oppugnan-</strong></span> 
     </span>
    </p>
   </div>
   <div class='ocr_carea' id='block_1_52' title="bbox 2020 1083 3599 1144">
    <p class='ocr_par' dir='ltr' id='par_1_52' title="bbox 2020 1083 3599 1144">
     <span class='ocr_line' id='line_1_52' title="bbox 2020 1083 3599 1144; baseline 0.005 -9"><span class='ocrx_word' id='word_1_379' title='bbox 2020 1083 2163 1138; x_wconf 91' lang='lat' dir='ltr'><strong>tibus</strong></span> <span class='ocrx_word' id='word_1_380' title='bbox 2193 1083 2342 1136; x_wconf 87' lang='lat' dir='ltr'><strong>intus</strong></span> <span class='ocrx_word' id='word_1_381' title='bbox 2375 1099 2468 1138; x_wconf 86' lang='lat' dir='ltr'><strong>eos</strong></span> <span class='ocrx_word' id='word_1_382' title='bbox 2502 1102 2684 1140; x_wconf 86' lang='lat' dir='ltr'><strong>secum</strong></span> <span class='ocrx_word' id='word_1_383' title='bbox 2733 1089 2987 1142; x_wconf 75' lang='lat' dir='ltr'><strong>resistere</strong></span> <span class='ocrx_word' id='word_1_384' title='bbox 3037 1089 3269 1144; x_wconf 70' lang='lat' dir='ltr'><strong>volebat.</strong></span> <span class='ocrx_word' id='word_1_385' title='bbox 3319 1091 3442 1144; x_wconf 70' lang='lat' dir='ltr'><strong>llaec</strong></span> <span class='ocrx_word' id='word_1_386' title='bbox 3471 1093 3599 1144; x_wconf 86' lang='lat' dir='ltr'><strong>dum</strong></span> 
     </span>
    </p>
   </div>
   <div class='ocr_carea' id='block_1_53' title="bbox 2020 1173 3598 1252">
    <p class='ocr_par' dir='ltr' id='par_1_53' title="bbox 2020 1173 3598 1252">
     <span class='ocr_line' id='line_1_53' title="bbox 2020 1173 3598 1252; baseline 0.008 -25"><span class='ocrx_word' id='word_1_387' title='bbox 2020 1173 2170 1240; x_wconf 87' lang='lat' dir='ltr'><strong>fiunt,</strong></span> <span class='ocrx_word' id='word_1_388' title='bbox 2232 1177 2464 1245; x_wconf 86' lang='lat' dir='ltr'><strong>populus</strong></span> <span class='ocrx_word' id='word_1_389' title='bbox 2514 1179 2752 1232; x_wconf 89' lang='lat' dir='ltr'><strong>urbanus</strong></span> <span class='ocrx_word' id='word_1_390' title='bbox 2801 1181 2930 1235; x_wconf 85' lang='lat' dir='ltr'><strong>foris</strong></span> <span class='ocrx_word' id='word_1_391' title='bbox 2978 1183 3157 1251; x_wconf 74' lang='lat' dir='ltr'><strong>ignem</strong></span> <span class='ocrx_word' id='word_1_392' title='bbox 3216 1193 3384 1252; x_wconf 75' lang='lat' dir='ltr'><strong>portzc</strong></span> <span class='ocrx_word' id='word_1_393' title='bbox 3435 1185 3598 1249; x_wconf 80' lang='lat' dir='ltr'><strong>arcis,</strong></span> 
     </span>
    </p>
   </div>
   <div class='ocr_carea' id='block_1_54' title="bbox 2018 1269 3597 1346">
    <p class='ocr_par' dir='ltr' id='par_1_54' title="bbox 2018 1269 3597 1346">
     <span class='ocr_line' id='line_1_54' title="bbox 2018 1269 3597 1346; baseline 0.008 -30"><span class='ocrx_word' id='word_1_394' title='bbox 2018 1282 2209 1320; x_wconf 69' lang='lat' dir='ltr'><strong>versus</strong></span> <span class='ocrx_word' id='word_1_395' title='bbox 2259 1269 2468 1332; x_wconf 84' lang='lat' dir='ltr'><strong>urbem,</strong></span> <span class='ocrx_word' id='word_1_396' title='bbox 2505 1272 2942 1338; x_wconf 79' lang='lat' dir='ltr'><strong>quandoquidem</strong></span> <span class='ocrx_word' id='word_1_397' title='bbox 2985 1289 3149 1330; x_wconf 87' lang='lat' dir='ltr'><strong>nemo</strong></span> <span class='ocrx_word' id='word_1_398' title='bbox 3199 1277 3597 1346; x_wconf 81' lang='lat' dir='ltr'><strong>propttgnabat,</strong></span> 
     </span>
    </p>
   </div>
   <div class='ocr_carea' id='block_1_55' title="bbox 2018 1358 3598 1432">
    <p class='ocr_par' dir='ltr' id='par_1_55' title="bbox 2018 1358 3598 1432">
     <span class='ocr_line' id='line_1_55' title="bbox 2018 1358 3598 1432; baseline 0.008 -22"><span class='ocrx_word' id='word_1_399' title='bbox 2018 1358 2288 1426; x_wconf 84' lang='lat' dir='ltr'><strong>implicat.</strong></span> <span class='ocrx_word' id='word_1_400' title='bbox 2336 1359 2589 1431; x_wconf 75' lang='lat' dir='ltr'><strong>Clariger</strong></span> <span class='ocrx_word' id='word_1_401' title='bbox 2645 1361 2951 1431; x_wconf 80' lang='lat' dir='ltr'><strong>Strategius</strong></span> <span class='ocrx_word' id='word_1_402' title='bbox 2986 1365 3113 1432; x_wconf 86' lang='lat' dir='ltr'><strong>(hoc</strong></span> <span class='ocrx_word' id='word_1_403' title='bbox 3166 1369 3312 1420; x_wconf 91' lang='lat' dir='ltr'><strong>enim</strong></span> <span class='ocrx_word' id='word_1_404' title='bbox 3369 1369 3444 1421; x_wconf 85' lang='lat' dir='ltr'><strong>illi</strong></span> <span class='ocrx_word' id='word_1_405' title='bbox 3503 1385 3598 1422; x_wconf 86' lang='lat' dir='ltr'><strong>no-</strong></span> 
     </span>
    </p>
   </div>
   <div class='ocr_carea' id='block_1_56' title="bbox 2017 1457 3602 1526">
    <p class='ocr_par' dir='ltr' id='par_1_56' title="bbox 2017 1457 3602 1526">
     <span class='ocr_line' id='line_1_56' title="bbox 2017 1457 3602 1526; baseline 0.007 -23"><span class='ocrx_word' id='word_1_406' title='bbox 2017 1457 2164 1522; x_wconf 90' lang='lat' dir='ltr'><strong>men)</strong></span> <span class='ocrx_word' id='word_1_407' title='bbox 2199 1468 2494 1508; x_wconf 85' lang='lat' dir='ltr'><strong>aceurrens</strong></span> <span class='ocrx_word' id='word_1_408' title='bbox 2537 1457 2736 1524; x_wconf 90' lang='lat' dir='ltr'><strong>aperit,</strong></span> <span class='ocrx_word' id='word_1_409' title='bbox 2773 1457 3008 1526; x_wconf 89' lang='lat' dir='ltr'><strong>populus</strong></span> <span class='ocrx_word' id='word_1_410' title='bbox 3056 1474 3113 1512; x_wconf 88' lang='lat' dir='ltr'><strong>se</strong></span> <span class='ocrx_word' id='word_1_411' title='bbox 3161 1460 3418 1524; x_wconf 79' lang='lat' dir='ltr'><strong>infundit,</strong></span> <span class='ocrx_word' id='word_1_412' title='bbox 3449 1462 3602 1514; x_wconf 89' lang='lat' dir='ltr'><strong>subi—</strong></span> 
     </span>
    </p>
   </div>
   <div class='ocr_carea' id='block_1_57' title="bbox 2019 1546 3603 1628">
    <p class='ocr_par' dir='ltr' id='par_1_57' title="bbox 2019 1546 3603 1628">
     <span class='ocr_line' id='line_1_57' title="bbox 2019 1546 3603 1628; baseline 0.004 -30"><span class='ocrx_word' id='word_1_413' title='bbox 2019 1556 2182 1613; x_wconf 89' lang='lat' dir='ltr'><strong>toque</strong></span> <span class='ocrx_word' id='word_1_414' title='bbox 2215 1547 2268 1598; x_wconf 92' lang='lat' dir='ltr'><strong>in</strong></span> <span class='ocrx_word' id='word_1_415' title='bbox 2310 1546 2430 1614; x_wconf 86' lang='lat' dir='ltr'><strong>ipso</strong></span> <span class='ocrx_word' id='word_1_416' title='bbox 2457 1547 2603 1600; x_wconf 89' lang='lat' dir='ltr'><strong>aditu</strong></span> <span class='ocrx_word' id='word_1_417' title='bbox 2659 1549 2806 1602; x_wconf 78' lang='lat' dir='ltr'><strong>cives</strong></span> <span class='ocrx_word' id='word_1_418' title='bbox 2853 1551 2991 1604; x_wconf 90' lang='lat' dir='ltr'><strong>duos</strong></span> <span class='ocrx_word' id='word_1_419' title='bbox 3022 1551 3277 1612; x_wconf 85' lang='lat' dir='ltr'><strong>trucidat,</strong></span> <span class='ocrx_word' id='word_1_420' title='bbox 3308 1553 3502 1605; x_wconf 77' lang='lat' dir='ltr'><strong>deinde</strong></span> <span class='ocrx_word' id='word_1_421' title='bbox 3538 1555 3603 1628; x_wconf 78' lang='lat' dir='ltr'><strong>ad</strong></span> 
     </span>
    </p>
   </div>
   <div class='ocr_carea' id='block_1_58' title="bbox 2013 1637 3605 1712">
    <p class='ocr_par' dir='ltr' id='par_1_58' title="bbox 2013 1637 3605 1712">
     <span class='ocr_line' id='line_1_58' title="bbox 2013 1637 3605 1712; baseline 0.005 -24"><span class='ocrx_word' id='word_1_422' title='bbox 2013 1651 2162 1689; x_wconf 88' lang='lat' dir='ltr'><strong>arma</strong></span> <span class='ocrx_word' id='word_1_423' title='bbox 2218 1653 2497 1705; x_wconf 68' lang='lat' dir='ltr'><strong>equosque</strong></span> <span class='ocrx_word' id='word_1_424' title='bbox 2547 1637 2888 1706; x_wconf 79' lang='lat' dir='ltr'><strong>diripiendos</strong></span> <span class='ocrx_word' id='word_1_425' title='bbox 2936 1643 3302 1695; x_wconf 74' lang='lat' dir='ltr'><strong>convertitur.</strong></span> <span class='ocrx_word' id='word_1_426' title='bbox 3352 1645 3605 1712; x_wconf 79' lang='lat' dir='ltr'><strong>Apocau-</strong></span> 
     </span>
    </p>
   </div>
   <div class='ocr_carea' id='block_1_59' title="bbox 2019 1731 3604 1807">
    <p class='ocr_par' dir='ltr' id='par_1_59' title="bbox 2019 1731 3604 1807">
     <span class='ocr_line' id='line_1_59' title="bbox 2019 1731 3604 1807; baseline 0.004 -24"><span class='ocrx_word' id='word_1_427' title='bbox 2019 1731 2156 1784; x_wconf 90' lang='lat' dir='ltr'><strong>chus</strong></span> <span class='ocrx_word' id='word_1_428' title='bbox 2194 1739 2248 1782; x_wconf 88' lang='lat' dir='ltr'><strong>et</strong></span> <span class='ocrx_word' id='word_1_429' title='bbox 2279 1731 2411 1783; x_wconf 91' lang='lat' dir='ltr'><strong>socii</strong></span> <span class='ocrx_word' id='word_1_430' title='bbox 2445 1739 2635 1800; x_wconf 83' lang='lat' dir='ltr'><strong>captos</strong></span> <span class='ocrx_word' id='word_1_431' title='bbox 2682 1747 2740 1784; x_wconf 84' lang='lat' dir='ltr'><strong>se</strong></span> <span class='ocrx_word' id='word_1_432' title='bbox 2773 1735 3124 1801; x_wconf 75' lang='lat' dir='ltr'><strong>aspicientes,</strong></span> <span class='ocrx_word' id='word_1_433' title='bbox 3170 1739 3430 1804; x_wconf 77' lang='lat' dir='ltr'><strong>quoniam</strong></span> <span class='ocrx_word' id='word_1_434' title='bbox 3483 1737 3604 1807; x_wconf 81' lang='lat' dir='ltr'><strong>fuga</strong></span> 
     </span>
    </p>
   </div>
   <div class='ocr_carea' id='block_1_60' title="bbox 2023 1822 3607 1893">
    <p class='ocr_par' dir='ltr' id='par_1_60' title="bbox 2023 1822 3607 1893">
     <span class='ocr_line' id='line_1_60' title="bbox 2023 1822 3607 1893; baseline 0.005 -17"><span class='ocrx_word' id='word_1_435' title='bbox 2023 1822 2480 1884; x_wconf 85' lang='lat' dir='ltr'><strong>exeludebantur,</strong></span> <span class='ocrx_word' id='word_1_436' title='bbox 2539 1823 2607 1878; x_wconf 92' lang='lat' dir='ltr'><strong>de</strong></span> <span class='ocrx_word' id='word_1_437' title='bbox 2672 1825 2828 1893; x_wconf 81' lang='lat' dir='ltr'><strong>cquis</strong></span> <span class='ocrx_word' id='word_1_438' title='bbox 2879 1825 3240 1891; x_wconf 87' lang='lat' dir='ltr'><strong>descendunt,</strong></span> <span class='ocrx_word' id='word_1_439' title='bbox 3299 1830 3463 1884; x_wconf 82' lang='lat' dir='ltr'><strong>armis</strong></span> <span class='ocrx_word' id='word_1_440' title='bbox 3513 1829 3607 1884; x_wconf 85' lang='lat' dir='ltr'><strong>dc-</strong></span> 
     </span>
    </p>
   </div>
   <div class='ocr_carea' id='block_1_61' title="bbox 1167 1897 1916 1993">
    <p class='ocr_par' dir='ltr' id='par_1_61' title="bbox 1167 1899 1914 1970">
     <span class='ocr_line' id='line_1_61' title="bbox 1167 1899 1914 1970; baseline 0.017 -21"><span class='ocrx_word' id='word_1_441' title='bbox 1167 1899 1486 1970; x_wconf 84' lang='grc' dir='ltr'><strong>ἑπεχείρουν</strong></span> <span class='ocrx_word' id='word_1_442' title='bbox 1517 1904 1854 1960; x_wconf 77' lang='grc' dir='ltr'><strong>διακόπτειν·</strong></span> <span class='ocrx_word' id='word_1_443' title='bbox 1887 1912 1914 1962; x_wconf 81' lang='grc' dir='ltr'>ὁ</span> 
     </span>
    </p>
   </div>
   <div class='ocr_carea' id='block_1_62' title="bbox 2022 1897 3607 1993">
    <p class='ocr_par' dir='ltr' id='par_1_62' title="bbox 2023 1917 3607 1993">
     <span class='ocr_line' id='line_1_62' title="bbox 2023 1917 3607 1993; baseline 0.005 -22"><span class='ocrx_word' id='word_1_444' title='bbox 2023 1917 2217 1986; x_wconf 87' lang='lat' dir='ltr'><strong>positis</strong></span> <span class='ocrx_word' id='word_1_445' title='bbox 2249 1933 2307 1971; x_wconf 90' lang='lat' dir='ltr'><strong>se</strong></span> <span class='ocrx_word' id='word_1_446' title='bbox 2338 1919 2595 1973; x_wconf 86' lang='lat' dir='ltr'><strong>occulunt</strong></span> <span class='ocrx_word' id='word_1_447' title='bbox 2623 1938 2637 1984; x_wconf 89' lang='lat'><strong>;</strong></span> <span class='ocrx_word' id='word_1_448' title='bbox 2676 1923 2831 1988; x_wconf 85' lang='lat' dir='ltr'><strong>pauci</strong></span> <span class='ocrx_word' id='word_1_449' title='bbox 2881 1931 3056 1975; x_wconf 84' lang='lat' dir='ltr'><strong>tamen</strong></span> <span class='ocrx_word' id='word_1_450' title='bbox 3098 1923 3391 1986; x_wconf 86' lang='lat' dir='ltr'><strong>latuerunt,</strong></span> <span class='ocrx_word' id='word_1_451' title='bbox 3419 1927 3607 1993; x_wconf 87' lang='lat' dir='ltr'><strong>plures</strong></span> 
     </span>
    </p>
   </div>
   <div class='ocr_carea' id='block_1_63' title="bbox 2024 2010 3607 2080">
    <p class='ocr_par' dir='ltr' id='par_1_63' title="bbox 2024 2010 3607 2080">
     <span class='ocr_line' id='line_1_63' title="bbox 2024 2010 3607 2080; baseline 0.004 -17"><span class='ocrx_word' id='word_1_452' title='bbox 2024 2010 2090 2063; x_wconf 81' lang='lat' dir='ltr'><strong>ab</strong></span> <span class='ocrx_word' id='word_1_453' title='bbox 2126 2011 2369 2064; x_wconf 84' lang='lat' dir='ltr'><strong>hostibus</strong></span> <span class='ocrx_word' id='word_1_454' title='bbox 2395 2011 2683 2080; x_wconf 86' lang='lat' dir='ltr'><strong>despoliati</strong></span> <span class='ocrx_word' id='word_1_455' title='bbox 2717 2015 2900 2077; x_wconf 83' lang='lat' dir='ltr'><strong>armis,</strong></span> <span class='ocrx_word' id='word_1_456' title='bbox 2937 2016 3070 2068; x_wconf 89' lang='lat' dir='ltr'><strong>nudi</strong></span> <span class='ocrx_word' id='word_1_457' title='bbox 3103 2017 3276 2070; x_wconf 87' lang='lat' dir='ltr'><strong>relicti</strong></span> <span class='ocrx_word' id='word_1_458' title='bbox 3311 2025 3461 2070; x_wconf 90' lang='lat' dir='ltr'><strong>sunt.</strong></span> <span class='ocrx_word' id='word_1_459' title='bbox 3505 2019 3607 2070; x_wconf 77' lang='grc' dir='ltr'><strong>(Σο-</strong></span> 
     </span>
    </p>
   </div>
   <div class='ocr_carea' id='block_1_64' title="bbox 2022 2101 3604 2172">
    <p class='ocr_par' dir='ltr' id='par_1_64' title="bbox 2022 2101 3604 2172">
     <span class='ocr_line' id='line_1_64' title="bbox 2022 2101 3604 2172; baseline 0.001 -18"><span class='ocrx_word' id='word_1_460' title='bbox 2022 2101 2167 2154; x_wconf 83' lang='lat' dir='ltr'><strong>c:tlas</strong></span> <span class='ocrx_word' id='word_1_461' title='bbox 2198 2109 2252 2155; x_wconf 89' lang='lat' dir='ltr'><strong>et</strong></span> <span class='ocrx_word' id='word_1_462' title='bbox 2285 2101 2616 2172; x_wconf 67' lang='lat' dir='ltr'><strong>Palaznlngns</strong></span> <span class='ocrx_word' id='word_1_463' title='bbox 2651 2103 2846 2156; x_wconf 88' lang='lat' dir='ltr'><strong>milites</strong></span> <span class='ocrx_word' id='word_1_464' title='bbox 2881 2105 3198 2164; x_wconf 89' lang='lat' dir='ltr'><strong>tuebantur,</strong></span> <span class='ocrx_word' id='word_1_465' title='bbox 3243 2113 3297 2157; x_wconf 89' lang='lat' dir='ltr'><strong>et</strong></span> <span class='ocrx_word' id='word_1_466' title='bbox 3325 2121 3420 2158; x_wconf 88' lang='lat' dir='ltr'><strong>eos</strong></span> <span class='ocrx_word' id='word_1_467' title='bbox 3453 2117 3604 2158; x_wconf 72' lang='lat' dir='ltr'><strong>veta-</strong></span> 
     </span>
    </p>
   </div>
   <div class='ocr_carea' id='block_1_65' title="bbox 2025 2189 3605 2264">
    <p class='ocr_par' dir='ltr' id='par_1_65' title="bbox 2025 2189 3605 2264">
     <span class='ocr_line' id='line_1_65' title="bbox 2025 2189 3605 2264; baseline 0.001 -22"><span class='ocrx_word' id='word_1_468' title='bbox 2025 2189 2156 2242; x_wconf 88' lang='lat' dir='ltr'><strong>bant</strong></span> <span class='ocrx_word' id='word_1_469' title='bbox 2206 2189 2445 2257; x_wconf 88' lang='lat' dir='ltr'><strong>spoliari,</strong></span> <span class='ocrx_word' id='word_1_470' title='bbox 2483 2205 2726 2258; x_wconf 85' lang='lat' dir='ltr'><strong>quosque</strong></span> <span class='ocrx_word' id='word_1_471' title='bbox 2761 2191 3120 2246; x_wconf 81' lang='lat' dir='ltr'><strong>inveniebant</strong></span> <span class='ocrx_word' id='word_1_472' title='bbox 3154 2209 3344 2262; x_wconf 83' lang='lat' dir='ltr'><strong>equos,</strong></span> <span class='ocrx_word' id='word_1_473' title='bbox 3376 2195 3605 2264; x_wconf 64' lang='lat' dir='ltr'><strong>singulis</strong></span> 
     </span>
    </p>
   </div>
   <div class='ocr_carea' id='block_1_66' title="bbox 2023 2281 3602 2352">
    <p class='ocr_par' dir='ltr' id='par_1_66' title="bbox 2023 2281 3602 2352">
     <span class='ocr_line' id='line_1_66' title="bbox 2023 2281 3602 2352; baseline 0.002 -18"><span class='ocrx_word' id='word_1_474' title='bbox 2023 2281 2316 2342; x_wconf 84' lang='lat' dir='ltr'><strong>donabant,</strong></span> <span class='ocrx_word' id='word_1_475' title='bbox 2355 2291 2464 2334; x_wconf 87' lang='lat' dir='ltr'><strong>tum</strong></span> <span class='ocrx_word' id='word_1_476' title='bbox 2523 2291 2578 2334; x_wconf 91' lang='lat' dir='ltr'><strong>ut</strong></span> <span class='ocrx_word' id='word_1_477' title='bbox 2631 2283 2862 2350; x_wconf 87' lang='lat' dir='ltr'><strong>pretium</strong></span> <span class='ocrx_word' id='word_1_478' title='bbox 2915 2284 3259 2349; x_wconf 71' lang='lat' dir='ltr'><strong>proditionis,</strong></span> <span class='ocrx_word' id='word_1_479' title='bbox 3307 2297 3416 2337; x_wconf 83' lang='lat' dir='ltr'><strong>tum</strong></span> <span class='ocrx_word' id='word_1_480' title='bbox 3459 2288 3602 2352; x_wconf 82' lang='lat' dir='ltr'><strong>quod</strong></span> 
     </span>
    </p>
   </div>
   <div class='ocr_carea' id='block_1_67' title="bbox 2020 2369 3606 2438">
    <p class='ocr_par' dir='ltr' id='par_1_67' title="bbox 2020 2369 3606 2438">
     <span class='ocr_line' id='line_1_67' title="bbox 2020 2369 3606 2438; baseline 0.007 -18"><span class='ocrx_word' id='word_1_481' title='bbox 2020 2369 2299 2438; x_wconf 63' lang='lat' dir='ltr'><strong>iurassent</strong></span> <span class='ocrx_word' id='word_1_482' title='bbox 2366 2370 2499 2438; x_wconf 83' lang='lat' dir='ltr'><strong>ipsis</strong></span> <span class='ocrx_word' id='word_1_483' title='bbox 2558 2371 2691 2424; x_wconf 88' lang='lat' dir='ltr'><strong>nihil</strong></span> <span class='ocrx_word' id='word_1_484' title='bbox 2749 2375 2874 2424; x_wconf 88' lang='lat' dir='ltr'><strong>ntali</strong></span> <span class='ocrx_word' id='word_1_485' title='bbox 2931 2373 3202 2438; x_wconf 70' lang='lat' dir='ltr'><strong>illaturos,</strong></span> <span class='ocrx_word' id='word_1_486' title='bbox 3270 2379 3314 2429; x_wconf 82' lang='lat' dir='ltr'><strong>si</strong></span> <span class='ocrx_word' id='word_1_487' title='bbox 3373 2387 3606 2431; x_wconf 78' lang='lat' dir='ltr'><strong>caeteros</strong></span> 
     </span>
    </p>
   </div>
   <div class='ocr_carea' id='block_1_68' title="bbox 2025 2463 3605 2536">
    <p class='ocr_par' dir='ltr' id='par_1_68' title="bbox 2025 2463 3605 2536">
     <span class='ocr_line' id='line_1_68' title="bbox 2025 2463 3605 2536; baseline 0.005 -24"><span class='ocrx_word' id='word_1_488' title='bbox 2025 2463 2414 2530; x_wconf 69' lang='lat' dir='ltr'><strong>prodidissent.</strong></span> <span class='ocrx_word' id='word_1_489' title='bbox 2448 2464 2536 2516; x_wconf 80' lang='lat' dir='ltr'><strong>Sic</strong></span> <span class='ocrx_word' id='word_1_490' title='bbox 2569 2465 2754 2532; x_wconf 81' lang='lat' dir='ltr'><strong>itaque</strong></span> <span class='ocrx_word' id='word_1_491' title='bbox 2785 2465 3150 2520; x_wconf 83' lang='lat' dir='ltr'><strong>Cantacuzcni</strong></span> <span class='ocrx_word' id='word_1_492' title='bbox 3195 2483 3324 2536; x_wconf 75' lang='lat' dir='ltr'><strong>pars</strong></span> <span class='ocrx_word' id='word_1_493' title='bbox 3357 2483 3385 2522; x_wconf 88' lang='lat' dir='ltr'><strong>a</strong></span> <span class='ocrx_word' id='word_1_494' title='bbox 3415 2470 3605 2528; x_wconf 85' lang='lat' dir='ltr'><strong>militi-</strong></span> 
     </span>
    </p>
   </div>
   <div class='ocr_carea' id='block_1_69' title="bbox 2023 2537 3602 2628">
    <p class='ocr_par' dir='ltr' id='par_1_69' title="bbox 2023 2537 3602 2628">
     <span class='ocr_line' id='line_1_69' title="bbox 2023 2537 3602 2628; baseline 0.003 -21"><span class='ocrx_word' id='word_1_495' title='bbox 2023 2553 2125 2608; x_wconf 84' lang='lat' dir='ltr'><strong>bus</strong></span> <span class='ocrx_word' id='word_1_496' title='bbox 2166 2554 2400 2623; x_wconf 89' lang='lat' dir='ltr'><strong>prodita,</strong></span> <span class='ocrx_word' id='word_1_497' title='bbox 2441 2555 2492 2606; x_wconf 65' lang='lat' dir='ltr'><strong>vi</strong></span> <span class='ocrx_word' id='word_1_498' title='bbox 2525 2555 2736 2608; x_wconf 79' lang='lat' dir='ltr'><strong>devicta</strong></span> <span class='ocrx_word' id='word_1_499' title='bbox 2778 2565 2880 2608; x_wconf 87' lang='lat' dir='ltr'><strong>est.</strong></span> <span class='ocrx_word' id='word_1_500' title='bbox 2919 2554 3146 2610; x_wconf 81' lang='lat' dir='ltr'><strong>Cocalas</strong></span> <span class='ocrx_word' id='word_1_501' title='bbox 3181 2537 3234 2611; x_wconf 75' lang='lat' dir='ltr'><strong>et</strong></span> <span class='ocrx_word' id='word_1_502' title='bbox 3269 2557 3602 2628; x_wconf 67' lang='lat' dir='ltr'><strong>Palaeologus</strong></span> 
     </span>
    </p>
   </div>
   <div class='ocr_carea' id='block_1_70' title="bbox 2021 2647 3600 2720">
    <p class='ocr_par' dir='ltr' id='par_1_70' title="bbox 2021 2647 3600 2720">
     <span class='ocr_line' id='line_1_70' title="bbox 2021 2647 3600 2720; baseline 0.001 -20"><span class='ocrx_word' id='word_1_503' title='bbox 2021 2647 2282 2717; x_wconf 85' lang='lat' dir='ltr'><strong>populum</strong></span> <span class='ocrx_word' id='word_1_504' title='bbox 2347 2647 2457 2712; x_wconf 87' lang='lat' dir='ltr'><strong>jam</strong></span> <span class='ocrx_word' id='word_1_505' title='bbox 2536 2647 2697 2720; x_wconf 82' lang='lat' dir='ltr'><strong>etiam</strong></span> <span class='ocrx_word' id='word_1_506' title='bbox 2765 2647 2970 2701; x_wconf 80' lang='lat' dir='ltr'><strong>incolas</strong></span> <span class='ocrx_word' id='word_1_507' title='bbox 3042 2649 3184 2703; x_wconf 89' lang='lat' dir='ltr'><strong>arcis</strong></span> <span class='ocrx_word' id='word_1_508' title='bbox 3252 2650 3600 2718; x_wconf 78' lang='lat' dir='ltr'><strong>diripicnteu.</strong></span> 
     </span>
    </p>
   </div>
   <div class='ocr_carea' id='block_1_71' title="bbox 2021 2739 3602 2810">
    <p class='ocr_par' dir='ltr' id='par_1_71' title="bbox 2021 2739 3602 2810">
     <span class='ocr_line' id='line_1_71' title="bbox 2021 2739 3602 2810; baseline 0.001 -17"><span class='ocrx_word' id='word_1_509' title='bbox 2021 2740 2382 2809; x_wconf 81' lang='lat' dir='ltr'><strong>expulerunt;</strong></span> <span class='ocrx_word' id='word_1_510' title='bbox 2443 2739 2543 2808; x_wconf 77' lang='lat' dir='ltr'><strong>ipsi</strong></span> <span class='ocrx_word' id='word_1_511' title='bbox 2591 2755 2759 2808; x_wconf 88' lang='lat' dir='ltr'><strong>usque</strong></span> <span class='ocrx_word' id='word_1_512' title='bbox 2803 2740 2871 2793; x_wconf 85' lang='lat' dir='ltr'><strong>ad</strong></span> <span class='ocrx_word' id='word_1_513' title='bbox 2923 2749 3138 2796; x_wconf 85' lang='lat' dir='ltr'><strong>noctem</strong></span> <span class='ocrx_word' id='word_1_514' title='bbox 3198 2753 3602 2810; x_wconf 83' lang='lat' dir='ltr'><strong>exspeCIantes,</strong></span> 
     </span>
    </p>
   </div>
   <div class='ocr_carea' id='block_1_72' title="bbox 2023 2831 3604 2900">
    <p class='ocr_par' dir='ltr' id='par_1_72' title="bbox 2023 2831 3604 2900">
     <span class='ocr_line' id='line_1_72' title="bbox 2023 2831 3604 2900; baseline 0.002 -16"><span class='ocrx_word' id='word_1_515' title='bbox 2023 2831 2264 2886; x_wconf 86' lang='lat' dir='ltr'><strong>dimissis</strong></span> <span class='ocrx_word' id='word_1_516' title='bbox 2296 2832 2517 2884; x_wconf 90' lang='lat' dir='ltr'><strong>domum</strong></span> <span class='ocrx_word' id='word_1_517' title='bbox 2564 2831 2847 2896; x_wconf 82' lang='lat' dir='ltr'><strong>militibus,</strong></span> <span class='ocrx_word' id='word_1_518' title='bbox 2882 2831 3090 2886; x_wconf 88' lang='lat' dir='ltr'><strong>amicos</strong></span> <span class='ocrx_word' id='word_1_519' title='bbox 3123 2833 3383 2900; x_wconf 90' lang='lat' dir='ltr'><strong>quosdam</strong></span> <span class='ocrx_word' id='word_1_520' title='bbox 3419 2849 3604 2887; x_wconf 79' lang='lat' dir='ltr'><strong>serva-</strong></span> 
     </span>
    </p>
   </div>
   <div class='ocr_carea' id='block_1_73' title="bbox 2023 2922 3603 2992">
    <p class='ocr_par' dir='ltr' id='par_1_73' title="bbox 2023 2922 3603 2992">
     <span class='ocr_line' id='line_1_73' title="bbox 2023 2922 3603 2992; baseline 0.002 -17"><span class='ocrx_word' id='word_1_521' title='bbox 2023 2931 2152 2976; x_wconf 89' lang='lat' dir='ltr'><strong>runt</strong></span> <span class='ocrx_word' id='word_1_522' title='bbox 2191 2939 2204 2975; x_wconf 91' lang='lat'><strong>:</strong></span> <span class='ocrx_word' id='word_1_523' title='bbox 2239 2922 2628 2992; x_wconf 79' lang='lat' dir='ltr'><strong>Apocaucbum</strong></span> <span class='ocrx_word' id='word_1_524' title='bbox 2693 2932 2743 2974; x_wconf 75' lang='lat' dir='ltr'><strong>rt</strong></span> <span class='ocrx_word' id='word_1_525' title='bbox 2795 2923 2941 2976; x_wconf 71' lang='lat' dir='ltr'><strong>ClVCS</strong></span> <span class='ocrx_word' id='word_1_526' title='bbox 2987 2925 3146 2992; x_wconf 65' lang='lat' dir='ltr'><strong>paulo</strong></span> <span class='ocrx_word' id='word_1_527' title='bbox 3201 2923 3338 2976; x_wconf 87' lang='lat' dir='ltr'><strong>infra</strong></span> <span class='ocrx_word' id='word_1_528' title='bbox 3387 2935 3603 2978; x_wconf 85' lang='lat' dir='ltr'><strong>centum</strong></span> 
     </span>
    </p>
   </div>
   <div class='ocr_carea' id='block_1_74' title="bbox 2025 3015 3602 3084">
    <p class='ocr_par' dir='ltr' id='par_1_74' title="bbox 2025 3015 3602 3084">
     <span class='ocr_line' id='line_1_74' title="bbox 2025 3015 3602 3084; baseline 0.001 -16"><span class='ocrx_word' id='word_1_529' title='bbox 2025 3016 2080 3068; x_wconf 90' lang='lat' dir='ltr'><strong>in</strong></span> <span class='ocrx_word' id='word_1_530' title='bbox 2137 3015 2280 3068; x_wconf 82' lang='lat' dir='ltr'><strong>arcis</strong></span> <span class='ocrx_word' id='word_1_531' title='bbox 2345 3030 2598 3076; x_wconf 76' lang='lat' dir='ltr'><strong>carcere,</strong></span> <span class='ocrx_word' id='word_1_532' title='bbox 2660 3015 2904 3084; x_wconf 57' lang='lat' dir='ltr'><strong>apposita</strong></span> <span class='ocrx_word' id='word_1_533' title='bbox 2955 3017 3222 3079; x_wconf 79' lang='lat' dir='ltr'><strong>custodia,</strong></span> <span class='ocrx_word' id='word_1_534' title='bbox 3264 3018 3602 3070; x_wconf 83' lang='lat' dir='ltr'><strong>clauserunt.</strong></span> 
     </span>
    </p>
   </div>
   <div class='ocr_carea' id='block_1_75' title="bbox 2024 3103 3605 3174">
    <p class='ocr_par' dir='ltr' id='par_1_75' title="bbox 2024 3103 3605 3174">
     <span class='ocr_line' id='line_1_75' title="bbox 2024 3103 3605 3174; baseline 0.003 -15"><span class='ocrx_word' id='word_1_535' title='bbox 2024 3103 2285 3174; x_wconf 87' lang='lat' dir='ltr'><strong>Sequenti</strong></span> <span class='ocrx_word' id='word_1_536' title='bbox 2344 3107 2581 3160; x_wconf 86' lang='lat' dir='ltr'><strong>diluculo</strong></span> <span class='ocrx_word' id='word_1_537' title='bbox 2642 3106 2910 3159; x_wconf 78' lang='lat' dir='ltr'><strong>auxiliarii</strong></span> <span class='ocrx_word' id='word_1_538' title='bbox 2970 3108 3226 3163; x_wconf 74' lang='lat' dir='ltr'><strong>Berrlttea</strong></span> <span class='ocrx_word' id='word_1_539' title='bbox 3287 3111 3605 3172; x_wconf 87' lang='lat' dir='ltr'><strong>adfuerunt,</strong></span> 
     </span>
    </p>
   </div>
   <div class='ocr_carea' id='block_1_76' title="bbox 2024 3199 3606 3272">
    <p class='ocr_par' dir='ltr' id='par_1_76' title="bbox 2024 3199 3606 3272">
     <span class='ocr_line' id='line_1_76' title="bbox 2024 3199 3606 3272; baseline 0.006 -24"><span class='ocrx_word' id='word_1_540' title='bbox 2024 3199 2158 3264; x_wconf 89' lang='lat' dir='ltr'><strong>qui,</strong></span> <span class='ocrx_word' id='word_1_541' title='bbox 2228 3205 2286 3249; x_wconf 91' lang='lat' dir='ltr'><strong>ut</strong></span> <span class='ocrx_word' id='word_1_542' title='bbox 2341 3207 2672 3266; x_wconf 78' lang='lat' dir='ltr'><strong>acceperunt</strong></span> <span class='ocrx_word' id='word_1_543' title='bbox 2724 3209 2912 3268; x_wconf 81' lang='lat' dir='ltr'><strong>captos</strong></span> <span class='ocrx_word' id='word_1_544' title='bbox 2967 3214 3087 3253; x_wconf 58' lang='lat' dir='ltr'><strong>(Is-SB</strong></span> <span class='ocrx_word' id='word_1_545' title='bbox 3148 3217 3375 3270; x_wconf 90' lang='lat' dir='ltr'><strong>quorum</strong></span> <span class='ocrx_word' id='word_1_546' title='bbox 3434 3205 3606 3272; x_wconf 79' lang='lat' dir='ltr'><strong>gratia</strong></span> 
     </span>
    </p>
   </div>
   <div class='ocr_carea' id='block_1_77' title="bbox 2023 3289 3608 3360">
    <p class='ocr_par' dir='ltr' id='par_1_77' title="bbox 2023 3289 3608 3360">
     <span class='ocr_line' id='line_1_77' title="bbox 2023 3289 3608 3360; baseline 0.003 -17"><span class='ocrx_word' id='word_1_547' title='bbox 2023 3289 2338 3352; x_wconf 85' lang='lat' dir='ltr'><strong>veniebant,</strong></span> <span class='ocrx_word' id='word_1_548' title='bbox 2374 3305 2499 3343; x_wconf 90' lang='lat' dir='ltr'><strong>eum</strong></span> <span class='ocrx_word' id='word_1_549' title='bbox 2529 3291 2788 3344; x_wconf 78' lang='lat' dir='ltr'><strong>mediocri</strong></span> <span class='ocrx_word' id='word_1_550' title='bbox 2827 3292 3172 3360; x_wconf 84' lang='lat' dir='ltr'><strong>populatione</strong></span> <span class='ocrx_word' id='word_1_551' title='bbox 3215 3293 3436 3346; x_wconf 92' lang='lat' dir='ltr'><strong>domum</strong></span> <span class='ocrx_word' id='word_1_552' title='bbox 3479 3297 3608 3348; x_wconf 91' lang='lat' dir='ltr'><strong>red-</strong></span> 
     </span>
    </p>
   </div>
   <div class='ocr_carea' id='block_1_78' title="bbox 2025 3379 3604 3454">
    <p class='ocr_par' dir='ltr' id='par_1_78' title="bbox 2025 3379 3604 3454">
     <span class='ocr_line' id='line_1_78' title="bbox 2025 3379 3604 3454; baseline 0.004 -20"><span class='ocrx_word' id='word_1_553' title='bbox 2025 3381 2229 3434; x_wconf 87' lang='lat' dir='ltr'><strong>ierunt.</strong></span> <span class='ocrx_word' id='word_1_554' title='bbox 2298 3379 2456 3434; x_wconf 87' lang='lat' dir='ltr'><strong>Circa</strong></span> <span class='ocrx_word' id='word_1_555' title='bbox 2519 3381 2800 3434; x_wconf 84' lang='lat' dir='ltr'><strong>meridiem</strong></span> <span class='ocrx_word' id='word_1_556' title='bbox 2880 3399 3065 3437; x_wconf 91' lang='lat' dir='ltr'><strong>rumor</strong></span> <span class='ocrx_word' id='word_1_557' title='bbox 3129 3385 3350 3454; x_wconf 87' lang='lat' dir='ltr'><strong>quidam</strong></span> <span class='ocrx_word' id='word_1_558' title='bbox 3413 3389 3604 3441; x_wconf 79' lang='lat' dir='ltr'><strong>urbem</strong></span> 
     </span>
    </p>
   </div>
   <div class='ocr_carea' id='block_1_79' title="bbox 2023 3471 3605 3541">
    <p class='ocr_par' dir='ltr' id='par_1_79' title="bbox 2023 3471 3605 3541">
     <span class='ocr_line' id='line_1_79' title="bbox 2023 3471 3605 3541; baseline 0.001 -17"><span class='ocrx_word' id='word_1_559' title='bbox 2023 3471 2243 3532; x_wconf 85' lang='lat' dir='ltr'><strong>afllavit,</strong></span> <span class='ocrx_word' id='word_1_560' title='bbox 2275 3472 2490 3526; x_wconf 83' lang='lat' dir='ltr'><strong>vinctos</strong></span> <span class='ocrx_word' id='word_1_561' title='bbox 2523 3487 2736 3526; x_wconf 84' lang='lat' dir='ltr'><strong>rursum</strong></span> <span class='ocrx_word' id='word_1_562' title='bbox 2769 3487 2896 3527; x_wconf 84' lang='lat' dir='ltr'><strong>arce</strong></span> <span class='ocrx_word' id='word_1_563' title='bbox 2923 3484 3212 3541; x_wconf 86' lang='lat' dir='ltr'><strong>occupata,</strong></span> <span class='ocrx_word' id='word_1_564' title='bbox 3247 3475 3605 3532; x_wconf 60' lang='lat' dir='ltr'><strong>Ben-limans&quot;.</strong></span> 
     </span>
    </p>
   </div>
   <div class='ocr_carea' id='block_1_80' title="bbox 2023 3563 3605 3633">
    <p class='ocr_par' dir='ltr' id='par_1_80' title="bbox 2023 3563 3605 3633">
     <span class='ocr_line' id='line_1_80' title="bbox 2023 3563 3605 3633; baseline 0.004 -17"><span class='ocrx_word' id='word_1_565' title='bbox 2023 3563 2326 3616; x_wconf 81' lang='lat' dir='ltr'><strong>Subsidium</strong></span> <span class='ocrx_word' id='word_1_566' title='bbox 2378 3563 2745 3618; x_wconf 89' lang='lat' dir='ltr'><strong>intromittere</strong></span> <span class='ocrx_word' id='word_1_567' title='bbox 2777 3583 2790 3617; x_wconf 90' lang='lat'>:</span> <span class='ocrx_word' id='word_1_568' title='bbox 2822 3580 2986 3633; x_wconf 87' lang='lat' dir='ltr'><strong>quem</strong></span> <span class='ocrx_word' id='word_1_569' title='bbox 3041 3565 3242 3620; x_wconf 66' lang='lat' dir='ltr'><strong>Zelota:</strong></span> <span class='ocrx_word' id='word_1_570' title='bbox 3289 3570 3358 3622; x_wconf 89' lang='lat' dir='ltr'><strong>ad</strong></span> <span class='ocrx_word' id='word_1_571' title='bbox 3413 3585 3605 3624; x_wconf 77' lang='lat' dir='ltr'><strong>necem</strong></span> 
     </span>
    </p>
   </div>
   <div class='ocr_carea' id='block_1_81' title="bbox 2023 3658 3608 3732">
    <p class='ocr_par' dir='ltr' id='par_1_81' title="bbox 2023 3658 3608 3732">
     <span class='ocr_line' id='line_1_81' title="bbox 2023 3658 3608 3732; baseline 0.003 -20"><span class='ocrx_word' id='word_1_572' title='bbox 2023 3658 2131 3712; x_wconf 90' lang='lat' dir='ltr'><strong>illis</strong></span> <span class='ocrx_word' id='word_1_573' title='bbox 2156 3659 2454 3713; x_wconf 83' lang='lat' dir='ltr'><strong>curandam</strong></span> <span class='ocrx_word' id='word_1_574' title='bbox 2488 3662 2739 3715; x_wconf 90' lang='lat' dir='ltr'><strong>ementiti</strong></span> <span class='ocrx_word' id='word_1_575' title='bbox 2767 3661 3105 3717; x_wconf 85' lang='lat' dir='ltr'><strong>ferebantur.</strong></span> <span class='ocrx_word' id='word_1_576' title='bbox 3144 3665 3385 3732; x_wconf 86' lang='lat' dir='ltr'><strong>Pupulus</strong></span> <span class='ocrx_word' id='word_1_577' title='bbox 3416 3665 3482 3717; x_wconf 81' lang='lat' dir='ltr'><strong>de</strong></span> <span class='ocrx_word' id='word_1_578' title='bbox 3520 3665 3608 3716; x_wconf 88' lang='lat' dir='ltr'><strong>in-</strong></span> 
     </span>
    </p>
   </div>
   <div class='ocr_carea' id='block_1_82' title="bbox 2025 3752 3608 3822">
    <p class='ocr_par' dir='ltr' id='par_1_82' title="bbox 2025 3752 3608 3822">
     <span class='ocr_line' id='line_1_82' title="bbox 2025 3752 3608 3822; baseline 0.003 -20"><span class='ocrx_word' id='word_1_579' title='bbox 2025 3761 2179 3819; x_wconf 77' lang='lat' dir='ltr'><strong>tegro</strong></span> <span class='ocrx_word' id='word_1_580' title='bbox 2220 3752 2286 3806; x_wconf 85' lang='lat' dir='ltr'><strong>ad</strong></span> <span class='ocrx_word' id='word_1_581' title='bbox 2319 3767 2465 3804; x_wconf 86' lang='lat' dir='ltr'><strong>arma</strong></span> <span class='ocrx_word' id='word_1_582' title='bbox 2495 3752 2596 3816; x_wconf 86' lang='lat' dir='ltr'><strong>ire,</strong></span> <span class='ocrx_word' id='word_1_583' title='bbox 2629 3763 2791 3822; x_wconf 89' lang='lat' dir='ltr'><strong>atque</strong></span> <span class='ocrx_word' id='word_1_584' title='bbox 2822 3761 2886 3808; x_wconf 88' lang='lat' dir='ltr'><strong>ad</strong></span> <span class='ocrx_word' id='word_1_585' title='bbox 2924 3771 3106 3810; x_wconf 87' lang='lat' dir='ltr'><strong>arcem</strong></span> <span class='ocrx_word' id='word_1_586' title='bbox 3145 3757 3274 3810; x_wconf 88' lang='lat' dir='ltr'><strong>vino</strong></span> <span class='ocrx_word' id='word_1_587' title='bbox 3322 3773 3384 3810; x_wconf 90' lang='lat' dir='ltr'><strong>ac</strong></span> <span class='ocrx_word' id='word_1_588' title='bbox 3419 3757 3608 3810; x_wconf 79' lang='lat' dir='ltr'><strong>furore</strong></span> 
     </span>
    </p>
   </div>
   <div class='ocr_carea' id='block_1_83' title="bbox 2024 3843 3607 3916">
    <p class='ocr_par' dir='ltr' id='par_1_83' title="bbox 2024 3843 3607 3916">
     <span class='ocr_line' id='line_1_83' title="bbox 2024 3843 3607 3916; baseline 0.003 -20"><span class='ocrx_word' id='word_1_589' title='bbox 2024 3843 2259 3898; x_wconf 90' lang='lat' dir='ltr'><strong>ducibus</strong></span> <span class='ocrx_word' id='word_1_590' title='bbox 2311 3845 2630 3912; x_wconf 88' lang='lat' dir='ltr'><strong>procedere.</strong></span> <span class='ocrx_word' id='word_1_591' title='bbox 2685 3848 2840 3901; x_wconf 84' lang='lat' dir='ltr'><strong>Areis</strong></span> <span class='ocrx_word' id='word_1_592' title='bbox 2889 3848 3162 3916; x_wconf 74' lang='lat' dir='ltr'><strong>indigena:</strong></span> <span class='ocrx_word' id='word_1_593' title='bbox 3227 3851 3489 3916; x_wconf 89' lang='lat' dir='ltr'><strong>impetum</strong></span> <span class='ocrx_word' id='word_1_594' title='bbox 3542 3864 3607 3900; x_wconf 70' lang='lat' dir='ltr'><strong>ac</strong></span> 
     </span>
    </p>
   </div>
   <div class='ocr_carea' id='block_1_84' title="bbox 2023 3935 3607 4010">
    <p class='ocr_par' dir='ltr' id='par_1_84' title="bbox 2023 3935 3607 4010">
     <span class='ocr_line' id='line_1_84' title="bbox 2023 3935 3607 4010; baseline 0.003 -23"><span class='ocrx_word' id='word_1_595' title='bbox 2023 3935 2388 4004; x_wconf 88' lang='lat' dir='ltr'><strong>direptionem</strong></span> <span class='ocrx_word' id='word_1_596' title='bbox 2437 3937 2602 3990; x_wconf 89' lang='lat' dir='ltr'><strong>rebus</strong></span> <span class='ocrx_word' id='word_1_597' title='bbox 2642 3940 2754 3992; x_wconf 90' lang='lat' dir='ltr'><strong>suis</strong></span> <span class='ocrx_word' id='word_1_598' title='bbox 2811 3949 3140 4002; x_wconf 88' lang='lat' dir='ltr'><strong>metuentes,</strong></span> <span class='ocrx_word' id='word_1_599' title='bbox 3186 3951 3372 4010; x_wconf 81' lang='lat' dir='ltr'><strong>portas</strong></span> <span class='ocrx_word' id='word_1_600' title='bbox 3417 3940 3607 3994; x_wconf 82' lang='lat' dir='ltr'><strong>occlu-</strong></span> 
     </span>
    </p>
   </div>
   <div class='ocr_carea' id='block_1_85' title="bbox 2023 4026 3601 4110">
    <p class='ocr_par' dir='ltr' id='par_1_85' title="bbox 2023 4026 3601 4110">
     <span class='ocr_line' id='line_1_85' title="bbox 2023 4026 3601 4110; baseline 0 -30"><span class='ocrx_word' id='word_1_601' title='bbox 2023 4027 2181 4092; x_wconf 74' lang='lat' dir='ltr'><strong>dmtt,</strong></span> <span class='ocrx_word' id='word_1_602' title='bbox 2221 4026 2276 4079; x_wconf 90' lang='lat' dir='ltr'><strong>in</strong></span> <span class='ocrx_word' id='word_1_603' title='bbox 2311 4042 2498 4081; x_wconf 89' lang='lat' dir='ltr'><strong>muros</strong></span> <span class='ocrx_word' id='word_1_604' title='bbox 2537 4029 2871 4090; x_wconf 88' lang='lat' dir='ltr'><strong>ascendunt,</strong></span> <span class='ocrx_word' id='word_1_605' title='bbox 2914 4030 3348 4083; x_wconf 83' lang='lat' dir='ltr'><strong>miscricordiam</strong></span> <span class='ocrx_word' id='word_1_606' title='bbox 3384 4039 3601 4110; x_wconf 71' lang='lat' dir='ltr'><strong>rogant,</strong></span> 
     </span>
    </p>
   </div>
   <div class='ocr_carea' id='block_1_86' title="bbox 2022 4117 3603 4188">
    <p class='ocr_par' dir='ltr' id='par_1_86' title="bbox 2022 4117 3603 4188">
     <span class='ocr_line' id='line_1_86' title="bbox 2022 4117 3603 4188; baseline 0.004 -18"><span class='ocrx_word' id='word_1_607' title='bbox 2022 4117 2215 4172; x_wconf 89' lang='lat' dir='ltr'><strong>factttri</strong></span> <span class='ocrx_word' id='word_1_608' title='bbox 2249 4118 2515 4186; x_wconf 88' lang='lat' dir='ltr'><strong>quidquid</strong></span> <span class='ocrx_word' id='word_1_609' title='bbox 2551 4121 2767 4173; x_wconf 87' lang='lat' dir='ltr'><strong>tandem</strong></span> <span class='ocrx_word' id='word_1_610' title='bbox 2796 4120 3147 4188; x_wconf 81' lang='lat' dir='ltr'><strong>juberentur.</strong></span> <span class='ocrx_word' id='word_1_611' title='bbox 3185 4121 3331 4176; x_wconf 87' lang='lat' dir='ltr'><strong>Jussi</strong></span> <span class='ocrx_word' id='word_1_612' title='bbox 3387 4123 3603 4176; x_wconf 87' lang='lat' dir='ltr'><strong>vinctos</strong></span> 
     </span>
    </p>
   </div>
   <div class='ocr_carea' id='block_1_87' title="bbox 2021 4207 3604 4279">
    <p class='ocr_par' dir='ltr' id='par_1_87' title="bbox 2021 4207 3604 4279">
     <span class='ocr_line' id='line_1_87' title="bbox 2021 4207 3604 4279; baseline 0.004 -20"><span class='ocrx_word' id='word_1_613' title='bbox 2021 4207 2314 4269; x_wconf 86' lang='lat' dir='ltr'><strong>adducere,</strong></span> <span class='ocrx_word' id='word_1_614' title='bbox 2363 4221 2420 4260; x_wconf 80' lang='lat' dir='ltr'><strong>et</strong></span> <span class='ocrx_word' id='word_1_615' title='bbox 2457 4209 2524 4261; x_wconf 91' lang='lat' dir='ltr'><strong>ad</strong></span> <span class='ocrx_word' id='word_1_616' title='bbox 2575 4207 2724 4278; x_wconf 89' lang='lat' dir='ltr'><strong>ipsos</strong></span> <span class='ocrx_word' id='word_1_617' title='bbox 2780 4212 3087 4279; x_wconf 80' lang='lat' dir='ltr'><strong>pra-cipites</strong></span> <span class='ocrx_word' id='word_1_618' title='bbox 3142 4211 3291 4266; x_wconf 87' lang='lat' dir='ltr'><strong>dare.</strong></span> <span class='ocrx_word' id='word_1_619' title='bbox 3344 4211 3604 4266; x_wconf 88' lang='lat' dir='ltr'><strong>Protinus</strong></span> 
     </span>
    </p>
   </div>
   <div class='ocr_carea' id='block_1_88' title="bbox 2023 4300 3603 4371">
    <p class='ocr_par' dir='ltr' id='par_1_88' title="bbox 2023 4300 3603 4371">
     <span class='ocr_line' id='line_1_88' title="bbox 2023 4300 3603 4371; baseline 0.004 -18"><span class='ocrx_word' id='word_1_620' title='bbox 2023 4302 2152 4354; x_wconf 90' lang='lat' dir='ltr'><strong>nudi</strong></span> <span class='ocrx_word' id='word_1_621' title='bbox 2205 4300 2571 4354; x_wconf 85' lang='lat' dir='ltr'><strong>adlucuntur.</strong></span> <span class='ocrx_word' id='word_1_622' title='bbox 2612 4302 2686 4353; x_wconf 80' lang='lat' dir='ltr'><strong>Ac</strong></span> <span class='ocrx_word' id='word_1_623' title='bbox 2717 4301 2929 4370; x_wconf 89' lang='lat' dir='ltr'><strong>primus</strong></span> <span class='ocrx_word' id='word_1_624' title='bbox 2977 4301 3195 4371; x_wconf 89' lang='lat' dir='ltr'><strong>quidem</strong></span> <span class='ocrx_word' id='word_1_625' title='bbox 3236 4304 3603 4370; x_wconf 82' lang='lat' dir='ltr'><strong>Apoeaucbus</strong></span> 
     </span>
    </p>
   </div>
   <div class='ocr_carea' id='block_1_89' title="bbox 2022 4391 3600 4464">
    <p class='ocr_par' dir='ltr' id='par_1_89' title="bbox 2022 4391 3600 4464">
     <span class='ocr_line' id='line_1_89' title="bbox 2022 4391 3600 4464; baseline 0.001 -16"><span class='ocrx_word' id='word_1_626' title='bbox 2022 4395 2414 4464; x_wconf 69' lang='lat' dir='ltr'><strong>prmcipitatur,</strong></span> <span class='ocrx_word' id='word_1_627' title='bbox 2456 4395 2548 4462; x_wconf 90' lang='lat' dir='ltr'><strong>qui</strong></span> <span class='ocrx_word' id='word_1_628' title='bbox 2591 4391 2730 4446; x_wconf 84' lang='lat' dir='ltr'><strong>forte</strong></span> <span class='ocrx_word' id='word_1_629' title='bbox 2779 4393 3012 4464; x_wconf 88' lang='lat' dir='ltr'><strong>quadam</strong></span> <span class='ocrx_word' id='word_1_630' title='bbox 3057 4404 3274 4451; x_wconf 72' lang='lat' dir='ltr'><strong>erectus</strong></span> <span class='ocrx_word' id='word_1_631' title='bbox 3320 4397 3496 4461; x_wconf 74' lang='lat' dir='ltr'><strong>stetit,</strong></span> <span class='ocrx_word' id='word_1_632' title='bbox 3535 4411 3600 4450; x_wconf 89' lang='lat' dir='ltr'><strong>ac</strong></span> 
     </span>
    </p>
   </div>
   <div class='ocr_carea' id='block_1_90' title="bbox 2020 4485 3595 4554">
    <p class='ocr_par' dir='ltr' id='par_1_90' title="bbox 2020 4485 3595 4554">
     <span class='ocr_line' id='line_1_90' title="bbox 2020 4485 3595 4554; baseline 0.001 -15"><span class='ocrx_word' id='word_1_633' title='bbox 2020 4486 2239 4540; x_wconf 91' lang='lat' dir='ltr'><strong>nemine</strong></span> <span class='ocrx_word' id='word_1_634' title='bbox 2275 4485 2512 4539; x_wconf 88' lang='lat' dir='ltr'><strong>audente</strong></span> <span class='ocrx_word' id='word_1_635' title='bbox 2543 4485 2695 4538; x_wconf 91' lang='lat' dir='ltr'><strong>illum</strong></span> <span class='ocrx_word' id='word_1_636' title='bbox 2739 4486 3082 4554; x_wconf 84' lang='lat' dir='ltr'><strong>contingere,</strong></span> <span class='ocrx_word' id='word_1_637' title='bbox 3119 4486 3212 4540; x_wconf 92' lang='lat' dir='ltr'><strong>diu</strong></span> <span class='ocrx_word' id='word_1_638' title='bbox 3247 4487 3326 4542; x_wconf 92' lang='lat' dir='ltr'><strong>sic</strong></span> <span class='ocrx_word' id='word_1_639' title='bbox 3373 4488 3595 4542; x_wconf 84' lang='lat' dir='ltr'><strong>mansit.</strong></span> 
     </span>
    </p>
   </div>
   <div class='ocr_carea' id='block_1_91' title="bbox 335 4561 1916 4652">
    <p class='ocr_par' dir='ltr' id='par_1_91' title="bbox 335 4561 1914 4642">
     <span class='ocr_line' id='line_1_91' title="bbox 335 4561 1914 4642; baseline 0.01 -30"><span class='ocrx_word' id='word_1_640' title='bbox 335 4561 474 4629; x_wconf 71' lang='grc' dir='ltr'><strong>πρὸς</strong></span> <span class='ocrx_word' id='word_1_641' title='bbox 504 4565 572 4631; x_wconf 79' lang='grc' dir='ltr'><strong>τῇ</strong></span> <span class='ocrx_word' id='word_1_642' title='bbox 612 4565 926 4632; x_wconf 72' lang='grc' dir='ltr'><strong>ἀκροπόλει,</strong></span> <span class='ocrx_word' id='word_1_643' title='bbox 959 4567 1054 4619; x_wconf 74' lang='grc' dir='ltr'><strong>καὶ</strong></span> <span class='ocrx_word' id='word_1_644' title='bbox 1091 4570 1336 4637; x_wconf 66' lang='grc' dir='ltr'><strong>φρουρὰν</strong></span> <span class='ocrx_word' id='word_1_645' title='bbox 1370 4572 1680 4642; x_wconf 75' lang='grc' dir='ltr'><strong>ἐπέστησαν</strong></span> <span class='ocrx_word' id='word_1_646' title='bbox 1708 4575 1914 4638; x_wconf 75' lang='grc' dir='ltr'><strong>αὐτοῖς.</strong></span> 
     </span>
    </p>
   </div>
   <div class='ocr_carea' id='block_1_92' title="bbox 2022 4561 3598 4652">
    <p class='ocr_par' dir='ltr' id='par_1_92' title="bbox 2025 4576 3598 4648">
     <span class='ocr_line' id='line_1_92' title="bbox 2025 4576 3598 4648; baseline 0.003 -18"><span class='ocrx_word' id='word_1_647' title='bbox 2025 4579 2214 4631; x_wconf 82' lang='lat' dir='ltr'><strong>Postea</strong></span> <span class='ocrx_word' id='word_1_648' title='bbox 2251 4591 2394 4630; x_wconf 89' lang='lat' dir='ltr'><strong>unus</strong></span> <span class='ocrx_word' id='word_1_649' title='bbox 2421 4576 2488 4630; x_wconf 88' lang='lat' dir='ltr'><strong>de</strong></span> <span class='ocrx_word' id='word_1_650' title='bbox 2520 4576 2743 4641; x_wconf 87' lang='lat' dir='ltr'><strong>Zelotis,</strong></span> <span class='ocrx_word' id='word_1_651' title='bbox 2779 4577 3064 4631; x_wconf 87' lang='lat' dir='ltr'><strong>mollitiem</strong></span> <span class='ocrx_word' id='word_1_652' title='bbox 3101 4579 3224 4632; x_wconf 88' lang='lat' dir='ltr'><strong>aliis</strong></span> <span class='ocrx_word' id='word_1_653' title='bbox 3253 4581 3598 4648; x_wconf 83' lang='lat' dir='ltr'><strong>exprobrans</strong></span> 
     </span>
    </p>
   </div>
   <div class='ocr_carea' id='block_1_93' title="bbox 337 4653 1916 4734">
    <p class='ocr_par' dir='ltr' id='par_1_93' title="bbox 337 4653 1916 4734">
     <span class='ocr_line' id='line_1_93' title="bbox 337 4653 1916 4734; baseline 0.007 -29"><span class='ocrx_word' id='word_1_654' title='bbox 337 4653 498 4720; x_wconf 72' lang='grc' dir='ltr'><strong>’Ἅμα</strong></span> <span class='ocrx_word' id='word_1_655' title='bbox 534 4653 590 4708; x_wconf 71' lang='grc' dir='ltr'><strong>δὲ</strong></span> <span class='ocrx_word' id='word_1_656' title='bbox 623 4653 696 4708; x_wconf 71' lang='grc' dir='ltr'><strong>ἕω</strong></span> <span class='ocrx_word' id='word_1_657' title='bbox 732 4656 810 4718; x_wconf 73' lang='grc' dir='ltr'><strong>εἰς</strong></span> <span class='ocrx_word' id='word_1_658' title='bbox 861 4659 960 4728; x_wconf 80' lang='grc' dir='ltr'><strong>τὴν</strong></span> <span class='ocrx_word' id='word_1_659' title='bbox 1015 4659 1276 4715; x_wconf 78' lang='grc' dir='ltr'><strong>ἐπιοῦσαν</strong></span> <span class='ocrx_word' id='word_1_660' title='bbox 1322 4665 1416 4715; x_wconf 74' lang='grc' dir='ltr'><strong>καὶ</strong></span> <span class='ocrx_word' id='word_1_661' title='bbox 1459 4665 1490 4732; x_wconf 80' lang='grc' dir='ltr'><strong>ἡ</strong></span> <span class='ocrx_word' id='word_1_662' title='bbox 1534 4665 1598 4715; x_wconf 85' lang='grc' dir='ltr'><strong>ὲκ</strong></span> <span class='ocrx_word' id='word_1_663' title='bbox 1653 4665 1916 4734; x_wconf 76' lang='grc' dir='ltr'><strong>Βερροίας</strong></span> 
     </span>
    </p>
   </div>
   <div class='ocr_carea' id='block_1_94' title="bbox 339 4743 1918 4818">
    <p class='ocr_par' dir='ltr' id='par_1_94' title="bbox 339 4743 1918 4818">
     <span class='ocr_line' id='line_1_94' title="bbox 339 4743 1918 4818; baseline 0.009 -24"><span class='ocrx_word' id='word_1_664' title='bbox 339 4743 574 4813; x_wconf 73' lang='grc' dir='ltr'><strong>στρατιὰ</strong></span> <span class='ocrx_word' id='word_1_665' title='bbox 620 4747 822 4816; x_wconf 79' lang='grc' dir='ltr'><strong>παρῆν.</strong></span> <span class='ocrx_word' id='word_1_666' title='bbox 893 4749 1047 4800; x_wconf 79' lang='grc' dir='ltr'><strong>Ἐπεὶ</strong></span> <span class='ocrx_word' id='word_1_667' title='bbox 1091 4750 1146 4803; x_wconf 77' lang='grc' dir='ltr'><strong>δὲ</strong></span> <span class='ocrx_word' id='word_1_668' title='bbox 1197 4753 1459 4806; x_wconf 75' lang='grc' dir='ltr'><strong>ἐπύθοντο</strong></span> <span class='ocrx_word' id='word_1_669' title='bbox 1506 4755 1580 4817; x_wconf 86' lang='grc' dir='ltr'><strong>ὡς</strong></span> <span class='ocrx_word' id='word_1_670' title='bbox 1628 4755 1808 4807; x_wconf 85' lang='grc' dir='ltr'><strong>ἁλοῖεν</strong></span> <span class='ocrx_word' id='word_1_671' title='bbox 1838 4751 1918 4818; x_wconf 77' lang='grc' dir='ltr'><strong>οἷς</strong></span> 
     </span>
    </p>
   </div>
   <div class='ocr_carea' id='block_1_95' title="bbox 337 4831 1919 4915">
    <p class='ocr_par' dir='ltr' id='par_1_95' title="bbox 337 4831 1919 4915">
     <span class='ocr_line' id='line_1_95' title="bbox 337 4831 1919 4915; baseline 0.008 -28"><span class='ocrx_word' id='word_1_672' title='bbox 337 4831 474 4906; x_wconf 75' lang='grc' dir='ltr'><strong>ἧκον</strong></span> <span class='ocrx_word' id='word_1_673' title='bbox 531 4842 884 4910; x_wconf 87' lang='grc' dir='ltr'><strong>συμμαχεῖν,</strong></span> <span class='ocrx_word' id='word_1_674' title='bbox 941 4843 1386 4912; x_wconf 71' lang='grc' dir='ltr'><strong>καταδραμόντες</strong></span> <span class='ocrx_word' id='word_1_675' title='bbox 1444 4847 1733 4915; x_wconf 78' lang='grc' dir='ltr'><strong>ἑληῒσαντό</strong></span> <span class='ocrx_word' id='word_1_676' title='bbox 1795 4865 1919 4900; x_wconf 87' lang='grc' dir='ltr'><strong>τινα</strong></span> 
     </span>
    </p>
   </div>
   <div class='ocr_carea' id='block_1_96' title="bbox 338 4926 1922 5006">
    <p class='ocr_par' dir='ltr' id='par_1_96' title="bbox 338 4926 1922 5006">
     <span class='ocr_line' id='line_1_96' title="bbox 338 4926 1922 5006; baseline 0.007 -29"><span class='ocrx_word' id='word_1_677' title='bbox 338 4926 516 4994; x_wconf 78' lang='grc' dir='ltr'><strong>ὀλίγα,</strong></span> <span class='ocrx_word' id='word_1_678' title='bbox 549 4927 645 4980; x_wconf 75' lang='grc' dir='ltr'><strong>καὶ</strong></span> <span class='ocrx_word' id='word_1_679' title='bbox 666 4930 999 5000; x_wconf 79' lang='grc' dir='ltr'><strong>ἀνέστρεφον</strong></span> <span class='ocrx_word' id='word_1_680' title='bbox 1023 4933 1102 4992; x_wconf 78' lang='grc' dir='ltr'><strong>εἰς</strong></span> <span class='ocrx_word' id='word_1_681' title='bbox 1132 4932 1232 5004; x_wconf 79' lang='grc' dir='ltr'><strong>τὴν</strong></span> <span class='ocrx_word' id='word_1_682' title='bbox 1253 4935 1456 4989; x_wconf 74' lang='grc' dir='ltr'><strong>οἰκίαν.</strong></span> <span class='ocrx_word' id='word_1_683' title='bbox 1495 4937 1629 5006; x_wconf 74' lang='grc' dir='ltr'><strong>Περὶ</strong></span> <span class='ocrx_word' id='word_1_684' title='bbox 1664 4936 1837 5006; x_wconf 80' lang='grc' dir='ltr'><strong>μέσην</strong></span> <span class='ocrx_word' id='word_1_685' title='bbox 1865 4937 1922 4988; x_wconf 77' lang='grc' dir='ltr'><strong>δὲ</strong></span> 
     </span>
    </p>
   </div>
   <div class='ocr_carea' id='block_1_97' title="bbox 340 5019 1920 5098">
    <p class='ocr_par' dir='ltr' id='par_1_97' title="bbox 340 5019 1920 5098">
     <span class='ocr_line' id='line_1_97' title="bbox 340 5019 1920 5098; baseline 0.008 -29"><span class='ocrx_word' id='word_1_686' title='bbox 340 5019 556 5090; x_wconf 66' lang='grc' dir='ltr'><strong>ἡμέραν</strong></span> <span class='ocrx_word' id='word_1_687' title='bbox 614 5023 771 5091; x_wconf 82' lang='grc' dir='ltr'><strong>φήμη</strong></span> <span class='ocrx_word' id='word_1_688' title='bbox 830 5040 912 5088; x_wconf 89' lang='grc' dir='ltr'><strong>τις</strong></span> <span class='ocrx_word' id='word_1_689' title='bbox 981 5030 1364 5094; x_wconf 75' lang='grc' dir='ltr'><strong>προσέπιπτεν</strong></span> <span class='ocrx_word' id='word_1_690' title='bbox 1422 5029 1621 5098; x_wconf 81' lang='grc' dir='ltr'><strong>ἀοροόν</strong></span> <span class='ocrx_word' id='word_1_691' title='bbox 1667 5029 1920 5098; x_wconf 75' lang='grc' dir='ltr'><strong>πρδςτὴν</strong></span> 
     </span>
    </p>
   </div>
   <div class='ocr_carea' id='block_1_98' title="bbox 341 5113 1916 5195">
    <p class='ocr_par' dir='ltr' id='par_1_98' title="bbox 341 5113 1916 5195">
     <span class='ocr_line' id='line_1_98' title="bbox 341 5113 1916 5195; baseline 0.008 -33"><span class='ocrx_word' id='word_1_692' title='bbox 341 5113 498 5164; x_wconf 84' lang='grc' dir='ltr'><strong>πόλιν</strong></span> <span class='ocrx_word' id='word_1_693' title='bbox 521 5114 596 5176; x_wconf 83' lang='grc' dir='ltr'><strong>ὡς</strong></span> <span class='ocrx_word' id='word_1_694' title='bbox 620 5116 674 5195; x_wconf 35' lang='grc' dir='ltr'><strong>,οι</strong></span> <span class='ocrx_word' id='word_1_695' title='bbox 708 5116 988 5186; x_wconf 83' lang='grc' dir='ltr'><strong>δεσμῶται</strong></span> <span class='ocrx_word' id='word_1_696' title='bbox 1021 5119 1180 5171; x_wconf 86' lang='grc' dir='ltr'><strong>πάλιν</strong></span> <span class='ocrx_word' id='word_1_697' title='bbox 1201 5119 1298 5189; x_wconf 83' lang='grc' dir='ltr'><strong>τὴν</strong></span> <span class='ocrx_word' id='word_1_698' title='bbox 1331 5121 1506 5188; x_wconf 78' lang='grc' dir='ltr'><strong>ἄκραν</strong></span> <span class='ocrx_word' id='word_1_699' title='bbox 1529 5123 1916 5192; x_wconf 83' lang='grc' dir='ltr'><strong>κατασχόντες,</strong></span> 
     </span>
    </p>
   </div>
   <div class='ocr_carea' id='block_1_99' title="bbox 342 5207 1923 5284">
    <p class='ocr_par' dir='ltr' id='par_1_99' title="bbox 342 5207 1923 5284">
     <span class='ocr_line' id='line_1_99' title="bbox 342 5207 1923 5284; baseline 0.006 -26"><span class='ocrx_word' id='word_1_700' title='bbox 342 5207 444 5275; x_wconf 76' lang='grc' dir='ltr'><strong>τὴν</strong></span> <span class='ocrx_word' id='word_1_701' title='bbox 470 5210 534 5259; x_wconf 76' lang='grc' dir='ltr'><strong>ἐκ</strong></span> <span class='ocrx_word' id='word_1_702' title='bbox 566 5208 825 5278; x_wconf 83' lang='grc' dir='ltr'><strong>Βερῤοίας</strong></span> <span class='ocrx_word' id='word_1_703' title='bbox 881 5213 1143 5282; x_wconf 81' lang='grc' dir='ltr'><strong>στρατιὰν</strong></span> <span class='ocrx_word' id='word_1_704' title='bbox 1189 5213 1541 5284; x_wconf 77' lang='grc' dir='ltr'><strong>εἰσδέχονται.</strong></span> <span class='ocrx_word' id='word_1_705' title='bbox 1587 5215 1836 5283; x_wconf 80' lang='grc' dir='ltr'><strong>Ἐλέγετο</strong></span> <span class='ocrx_word' id='word_1_706' title='bbox 1867 5216 1923 5268; x_wconf 83' lang='grc' dir='ltr'><strong>δὲ</strong></span> 
     </span>
    </p>
   </div>
   <div class='ocr_carea' id='block_1_100' title="bbox 341 5297 1923 5376">
    <p class='ocr_par' dir='ltr' id='par_1_100' title="bbox 341 5297 1923 5376">
     <span class='ocr_line' id='line_1_100' title="bbox 341 5297 1923 5376; baseline 0.007 -27"><span class='ocrx_word' id='word_1_707' title='bbox 341 5297 418 5361; x_wconf 85' lang='grc' dir='ltr'><strong>ὡς</strong></span> <span class='ocrx_word' id='word_1_708' title='bbox 449 5299 558 5350; x_wconf 82' lang='grc' dir='ltr'><strong>τῶν</strong></span> <span class='ocrx_word' id='word_1_709' title='bbox 604 5301 867 5370; x_wconf 82' lang='grc' dir='ltr'><strong>Ζηλωτῶν</strong></span> <span class='ocrx_word' id='word_1_710' title='bbox 898 5319 1046 5367; x_wconf 83' lang='grc' dir='ltr'><strong>τινες</strong></span> <span class='ocrx_word' id='word_1_711' title='bbox 1098 5305 1167 5358; x_wconf 76' lang='grc' dir='ltr'><strong>τα</strong></span> <span class='ocrx_word' id='word_1_712' title='bbox 1222 5305 1449 5359; x_wconf 84' lang='grc' dir='ltr'><strong>τοιαῦτα</strong></span> <span class='ocrx_word' id='word_1_713' title='bbox 1483 5308 1923 5376; x_wconf 78' lang='grc' dir='ltr'><strong>καταψεύσαιντο</strong></span> 
     </span>
    </p>
   </div>
   <div class='ocr_carea' id='block_1_101' title="bbox 343 5391 1923 5468">
    <p class='ocr_par' dir='ltr' id='par_1_101' title="bbox 343 5391 1923 5468">
     <span class='ocr_line' id='line_1_101' title="bbox 343 5391 1923 5468; baseline 0.008 -26"><span class='ocrx_word' id='word_1_714' title='bbox 343 5392 437 5444; x_wconf 74' lang='grc' dir='ltr'><strong>ἐπὶ</strong></span> <span class='ocrx_word' id='word_1_715' title='bbox 456 5391 533 5460; x_wconf 75' lang='grc' dir='ltr'><strong>τῷ</strong></span> <span class='ocrx_word' id='word_1_716' title='bbox 566 5394 906 5448; x_wconf 83' lang='grc' dir='ltr'><strong>ἀποκτείνειν</strong></span> <span class='ocrx_word' id='word_1_717' title='bbox 932 5398 1058 5459; x_wconf 79' lang='grc' dir='ltr'><strong>τοὺς</strong></span> <span class='ocrx_word' id='word_1_718' title='bbox 1088 5397 1393 5467; x_wconf 75' lang='grc' dir='ltr'><strong>δεσμώτας.</strong></span> <span class='ocrx_word' id='word_1_719' title='bbox 1423 5399 1534 5452; x_wconf 81' lang='grc' dir='ltr'><strong>Καὶ</strong></span> <span class='ocrx_word' id='word_1_720' title='bbox 1563 5401 1589 5452; x_wconf 84' lang='grc' dir='ltr'>ὁ</span> <span class='ocrx_word' id='word_1_721' title='bbox 1616 5400 1788 5468; x_wconf 84' lang='grc' dir='ltr'><strong>δῆμος</strong></span> <span class='ocrx_word' id='word_1_722' title='bbox 1823 5396 1923 5454; x_wconf 79' lang='grc' dir='ltr'><strong>αὗ-</strong></span> 
     </span>
    </p>
   </div>
   <div class='ocr_carea' id='block_1_102' title="bbox 343 5483 1921 5560">
    <p class='ocr_par' dir='ltr' id='par_1_102' title="bbox 343 5483 1921 5560">
     <span class='ocr_line' id='line_1_102' title="bbox 343 5483 1921 5560; baseline 0.007 -25"><span class='ocrx_word' id='word_1_723' title='bbox 343 5483 430 5545; x_wconf 67' lang='grc' dir='ltr'><strong>Θις</strong></span> <span class='ocrx_word' id='word_1_724' title='bbox 452 5484 522 5536; x_wconf 70' lang='grc' dir='ltr'><strong>τὰ.</strong></span> <span class='ocrx_word' id='word_1_725' title='bbox 557 5485 697 5537; x_wconf 77' lang='grc' dir='ltr'><strong>ὅπλα</strong></span> <span class='ocrx_word' id='word_1_726' title='bbox 730 5488 1117 5550; x_wconf 77' lang='grc' dir='ltr'><strong>ἀναλαϐόντες,</strong></span> <span class='ocrx_word' id='word_1_727' title='bbox 1159 5489 1401 5559; x_wconf 77' lang='grc' dir='ltr'><strong>ἐχώρουν</strong></span> <span class='ocrx_word' id='word_1_728' title='bbox 1454 5491 1591 5558; x_wconf 80' lang='grc' dir='ltr'><strong>πρὸς</strong></span> <span class='ocrx_word' id='word_1_729' title='bbox 1614 5492 1712 5560; x_wconf 83' lang='grc' dir='ltr'><strong>τὴν</strong></span> <span class='ocrx_word' id='word_1_730' title='bbox 1743 5493 1921 5560; x_wconf 80' lang='grc' dir='ltr'><strong>ἄκραν</strong></span> 
     </span>
    </p>
   </div>
   <div class='ocr_carea' id='block_1_103' title="bbox 345 5573 1918 5654">
    <p class='ocr_par' dir='ltr' id='par_1_103' title="bbox 345 5573 1918 5654">
     <span class='ocr_line' id='line_1_103' title="bbox 345 5573 1918 5654; baseline 0.006 -29"><span class='ocrx_word' id='word_1_731' title='bbox 345 5573 451 5627; x_wconf 69' lang='grc' dir='ltr'><strong>ὑπό</strong></span> <span class='ocrx_word' id='word_1_732' title='bbox 483 5592 541 5627; x_wconf 89' lang='grc' dir='ltr'><strong>τε</strong></span> <span class='ocrx_word' id='word_1_733' title='bbox 572 5575 742 5644; x_wconf 82' lang='grc' dir='ltr'><strong>θυμοῦ</strong></span> <span class='ocrx_word' id='word_1_734' title='bbox 779 5582 875 5630; x_wconf 77' lang='grc' dir='ltr'><strong>καὶ</strong></span> <span class='ocrx_word' id='word_1_735' title='bbox 909 5580 1052 5632; x_wconf 79' lang='grc' dir='ltr'><strong>οἴνου</strong></span> <span class='ocrx_word' id='word_1_736' title='bbox 1085 5581 1588 5650; x_wconf 66' lang='grc' dir='ltr'><strong>στρατηγούμενον</strong></span> <span class='ocrx_word' id='word_1_737' title='bbox 1624 5583 1674 5634; x_wconf 77' lang='grc' dir='ltr'><strong>οἱ</strong></span> <span class='ocrx_word' id='word_1_738' title='bbox 1701 5584 1831 5652; x_wconf 65' lang='grc' dir='ltr'><strong>πρῦς</strong></span> <span class='ocrx_word' id='word_1_739' title='bbox 1855 5587 1918 5654; x_wconf 86' lang='grc' dir='ltr'><strong>τῇ</strong></span> 
     </span>
    </p>
   </div>
   <div class='ocr_carea' id='block_1_104' title="bbox 343 5669 1921 5744">
    <p class='ocr_par' dir='ltr' id='par_1_104' title="bbox 343 5669 1921 5744">
     <span class='ocr_line' id='line_1_104' title="bbox 343 5669 1921 5744; baseline 0.005 -24"><span class='ocrx_word' id='word_1_740' title='bbox 343 5669 490 5739; x_wconf 74' lang='grc' dir='ltr'><strong>ἄκρᾳ</strong></span> <span class='ocrx_word' id='word_1_741' title='bbox 513 5669 572 5721; x_wconf 83' lang='grc' dir='ltr'><strong>δὲ</strong></span> <span class='ocrx_word' id='word_1_742' title='bbox 604 5671 881 5736; x_wconf 81' lang='grc' dir='ltr'><strong>δείσαντες</strong></span> <span class='ocrx_word' id='word_1_743' title='bbox 907 5675 1004 5741; x_wconf 78' lang='grc' dir='ltr'><strong>τὴν</strong></span> <span class='ocrx_word' id='word_1_744' title='bbox 1034 5673 1220 5741; x_wconf 72' lang='grc' dir='ltr'><strong>ἔφοδον</strong></span> <span class='ocrx_word' id='word_1_745' title='bbox 1242 5673 1332 5725; x_wconf 75' lang='grc' dir='ltr'><strong>τοῦ</strong></span> <span class='ocrx_word' id='word_1_746' title='bbox 1367 5673 1557 5743; x_wconf 71' lang='grc' dir='ltr'><strong>δήμου,</strong></span> <span class='ocrx_word' id='word_1_747' title='bbox 1696 5676 1762 5728; x_wconf 78' lang='grc' dir='ltr'><strong>τὰ</strong></span> <span class='ocrx_word' id='word_1_748' title='bbox 1791 5674 1921 5728; x_wconf 80' lang='grc' dir='ltr'><strong>ὅντα</strong></span> 
     </span>
    </p>
   </div>
   <div class='ocr_carea' id='block_1_105' title="bbox 347 5761 1915 5832">
    <p class='ocr_par' dir='ltr' id='par_1_105' title="bbox 347 5761 1915 5832">
     <span class='ocr_line' id='line_1_105' title="bbox 347 5761 1915 5832; baseline 0.004 -20"><span class='ocrx_word' id='word_1_749' title='bbox 347 5761 494 5812; x_wconf 67' lang='grc' dir='ltr'><strong>Ξθδον</strong></span> <span class='ocrx_word' id='word_1_750' title='bbox 517 5761 854 5831; x_wconf 76' lang='grc' dir='ltr'><strong>διαρπάσωσι</strong></span> <span class='ocrx_word' id='word_1_751' title='bbox 881 5766 1181 5832; x_wconf 67' lang='grc' dir='ltr'><strong>γενόμενος,</strong></span> <span class='ocrx_word' id='word_1_752' title='bbox 1205 5766 1539 5817; x_wconf 78' lang='grc' dir='ltr'><strong>ἀπέκλεισαν</strong></span> <span class='ocrx_word' id='word_1_753' title='bbox 1573 5768 1670 5828; x_wconf 68' lang='grc' dir='ltr'><strong>τὰς</strong></span> <span class='ocrx_word' id='word_1_754' title='bbox 1707 5767 1878 5830; x_wconf 79' lang='grc' dir='ltr'><strong>πύλας</strong></span> <span class='ocrx_word' id='word_1_755' title='bbox 1905 5783 1915 5795; x_wconf 94' lang='grc'><strong>·</strong></span> 
     </span>
    </p>
   </div>
   <div class='ocr_carea' id='block_1_106' title="bbox 349 5851 1916 5928">
    <p class='ocr_par' dir='ltr' id='par_1_106' title="bbox 349 5851 1916 5928">
     <span class='ocr_line' id='line_1_106' title="bbox 349 5851 1916 5928; baseline 0.001 -22"><span class='ocrx_word' id='word_1_756' title='bbox 349 5851 646 5916; x_wconf 71' lang='grc' dir='ltr'><strong>ἀναϐάντες</strong></span> <span class='ocrx_word' id='word_1_757' title='bbox 671 5853 726 5906; x_wconf 80' lang='grc' dir='ltr'><strong>δὲ</strong></span> <span class='ocrx_word' id='word_1_758' title='bbox 757 5856 846 5906; x_wconf 77' lang='grc' dir='ltr'><strong>ἐπὶ</strong></span> <span class='ocrx_word' id='word_1_759' title='bbox 883 5855 990 5909; x_wconf 83' lang='grc' dir='ltr'><strong>τῶν</strong></span> <span class='ocrx_word' id='word_1_760' title='bbox 1016 5855 1207 5925; x_wconf 64' lang='grc' dir='ltr'><strong>τεξχῶν</strong></span> <span class='ocrx_word' id='word_1_761' title='bbox 1251 5857 1454 5910; x_wconf 52' lang='grc' dir='ltr'><strong>ἐδέοντο</strong></span> <span class='ocrx_word' id='word_1_762' title='bbox 1489 5861 1560 5928; x_wconf 74' lang='grc' dir='ltr'><strong>μὴ</strong></span> <span class='ocrx_word' id='word_1_763' title='bbox 1591 5858 1916 5926; x_wconf 55' lang='grc' dir='ltr'><strong>διατθιὲ;·.ε;ν</strong></span> 
     </span>
    </p>
   </div>
   <div class='ocr_carea' id='block_1_107' title="bbox 2023 4667 3595 4738">
    <p class='ocr_par' dir='ltr' id='par_1_107' title="bbox 2023 4667 3595 4738">
     <span class='ocr_line' id='line_1_107' title="bbox 2023 4667 3595 4738; baseline 0.002 -19"><span class='ocrx_word' id='word_1_764' title='bbox 2023 4668 2254 4731; x_wconf 88' lang='lat' dir='ltr'><strong>accedit,</strong></span> <span class='ocrx_word' id='word_1_765' title='bbox 2309 4675 2475 4736; x_wconf 76' lang='lat' dir='ltr'><strong>caput</strong></span> <span class='ocrx_word' id='word_1_766' title='bbox 2520 4667 2568 4720; x_wconf 90' lang='lat' dir='ltr'><strong>ei</strong></span> <span class='ocrx_word' id='word_1_767' title='bbox 2627 4683 2656 4719; x_wconf 90' lang='lat' dir='ltr'><strong>a</strong></span> <span class='ocrx_word' id='word_1_768' title='bbox 2712 4667 3020 4722; x_wconf 74' lang='lat' dir='ltr'><strong>cervicibus</strong></span> <span class='ocrx_word' id='word_1_769' title='bbox 3075 4669 3254 4738; x_wconf 75' lang='lat' dir='ltr'><strong>gladio</strong></span> <span class='ocrx_word' id='word_1_770' title='bbox 3297 4669 3595 4724; x_wconf 88' lang='lat' dir='ltr'><strong>abscindit.</strong></span> 
     </span>
    </p>
   </div>
   <div class='ocr_carea' id='block_1_108' title="bbox 2027 4758 3597 4831">
    <p class='ocr_par' dir='ltr' id='par_1_108' title="bbox 2027 4758 3597 4831">
     <span class='ocr_line' id='line_1_108' title="bbox 2027 4758 3597 4831; baseline 0.001 -21"><span class='ocrx_word' id='word_1_771' title='bbox 2027 4758 2231 4814; x_wconf 83' lang='lat' dir='ltr'><strong>Deinde</strong></span> <span class='ocrx_word' id='word_1_772' title='bbox 2281 4761 2464 4813; x_wconf 74' lang='lat' dir='ltr'><strong>caeteri</strong></span> <span class='ocrx_word' id='word_1_773' title='bbox 2517 4775 2735 4828; x_wconf 87' lang='lat' dir='ltr'><strong>quoque</strong></span> <span class='ocrx_word' id='word_1_774' title='bbox 2783 4759 3128 4824; x_wconf 88' lang='lat' dir='ltr'><strong>circumfusi,</strong></span> <span class='ocrx_word' id='word_1_775' title='bbox 3177 4768 3347 4815; x_wconf 89' lang='lat' dir='ltr'><strong>totum</strong></span> <span class='ocrx_word' id='word_1_776' title='bbox 3397 4777 3597 4831; x_wconf 83' lang='lat' dir='ltr'><strong>corpus</strong></span> 
     </span>
    </p>
   </div>
   <div class='ocr_carea' id='block_1_109' title="bbox 2025 4848 3596 4915">
    <p class='ocr_par' dir='ltr' id='par_1_109' title="bbox 2025 4848 3596 4915">
     <span class='ocr_line' id='line_1_109' title="bbox 2025 4848 3596 4915; baseline 0.004 -15"><span class='ocrx_word' id='word_1_777' title='bbox 2025 4849 2340 4904; x_wconf 82' lang='lat' dir='ltr'><strong>vulneribus</strong></span> <span class='ocrx_word' id='word_1_778' title='bbox 2397 4851 2768 4903; x_wconf 87' lang='lat' dir='ltr'><strong>consaneiant.</strong></span> <span class='ocrx_word' id='word_1_779' title='bbox 2812 4848 2940 4904; x_wconf 83' lang='lat' dir='ltr'><strong>Post</strong></span> <span class='ocrx_word' id='word_1_780' title='bbox 2987 4851 3101 4904; x_wconf 75' lang='lat' dir='ltr'><strong>btec</strong></span> <span class='ocrx_word' id='word_1_781' title='bbox 3143 4867 3250 4904; x_wconf 92' lang='lat' dir='ltr'><strong>non</strong></span> <span class='ocrx_word' id='word_1_782' title='bbox 3312 4867 3441 4915; x_wconf 89' lang='lat' dir='ltr'><strong>uno,</strong></span> <span class='ocrx_word' id='word_1_783' title='bbox 3501 4853 3596 4906; x_wconf 89' lang='lat' dir='ltr'><strong>sed</strong></span> 
     </span>
    </p>
   </div>
   <div class='ocr_carea' id='block_1_110' title="bbox 2026 4940 3591 5012">
    <p class='ocr_par' dir='ltr' id='par_1_110' title="bbox 2026 4940 3591 5012">
     <span class='ocr_line' id='line_1_110' title="bbox 2026 4940 3591 5012; baseline 0.001 -18"><span class='ocrx_word' id='word_1_784' title='bbox 2026 4943 2274 5012; x_wconf 89' lang='lat' dir='ltr'><strong>pluribus</strong></span> <span class='ocrx_word' id='word_1_785' title='bbox 2339 4941 2472 4994; x_wconf 87' lang='lat' dir='ltr'><strong>locis</strong></span> <span class='ocrx_word' id='word_1_786' title='bbox 2519 4942 2736 5008; x_wconf 76' lang='lat' dir='ltr'><strong>reliqui,</strong></span> <span class='ocrx_word' id='word_1_787' title='bbox 2789 4941 2954 5010; x_wconf 73' lang='lat'><strong>680</strong></span> <span class='ocrx_word' id='word_1_788' title='bbox 3001 4940 3207 4996; x_wconf 87' lang='lat' dir='ltr'><strong>Zelotis</strong></span> <span class='ocrx_word' id='word_1_789' title='bbox 3265 4943 3591 4996; x_wconf 82' lang='lat' dir='ltr'><strong>nominatim</strong></span> 
     </span>
    </p>
   </div>
   <div class='ocr_carea' id='block_1_111' title="bbox 2027 5033 3596 5104">
    <p class='ocr_par' dir='ltr' id='par_1_111' title="bbox 2027 5033 3596 5104">
     <span class='ocr_line' id='line_1_111' title="bbox 2027 5033 3596 5104; baseline 0.001 -20"><span class='ocrx_word' id='word_1_790' title='bbox 2027 5034 2359 5103; x_wconf 84' lang='lat' dir='ltr'><strong>petentibus,</strong></span> <span class='ocrx_word' id='word_1_791' title='bbox 2436 5033 2504 5086; x_wconf 88' lang='lat' dir='ltr'><strong>de</strong></span> <span class='ocrx_word' id='word_1_792' title='bbox 2565 5049 2722 5086; x_wconf 87' lang='lat' dir='ltr'><strong>muro</strong></span> <span class='ocrx_word' id='word_1_793' title='bbox 2781 5033 3088 5102; x_wconf 58' lang='lat' dir='ltr'><strong>praecipites</strong></span> <span class='ocrx_word' id='word_1_794' title='bbox 3150 5042 3596 5104; x_wconf 77' lang='lat' dir='ltr'><strong>agunturzqnos</strong></span> 
     </span>
    </p>
   </div>
   <div class='ocr_carea' id='block_1_112' title="bbox 2024 5123 3596 5192">
    <p class='ocr_par' dir='ltr' id='par_1_112' title="bbox 2024 5123 3596 5192">
     <span class='ocr_line' id='line_1_112' title="bbox 2024 5123 3596 5192; baseline 0.001 -15"><span class='ocrx_word' id='word_1_795' title='bbox 2024 5123 2432 5177; x_wconf 82' lang='lat' dir='ltr'><strong>circumsistens</strong></span> <span class='ocrx_word' id='word_1_796' title='bbox 2479 5125 2728 5192; x_wconf 88' lang='lat' dir='ltr'><strong>populus,</strong></span> <span class='ocrx_word' id='word_1_797' title='bbox 2763 5123 2937 5176; x_wconf 84' lang='lat' dir='ltr'><strong>ferina</strong></span> <span class='ocrx_word' id='word_1_798' title='bbox 2979 5123 3211 5192; x_wconf 84' lang='lat' dir='ltr'><strong>quadam</strong></span> <span class='ocrx_word' id='word_1_799' title='bbox 3258 5123 3596 5178; x_wconf 83' lang='lat' dir='ltr'><strong>immanitate</strong></span> 
     </span>
    </p>
   </div>
   <div class='ocr_carea' id='block_1_113' title="bbox 2027 5213 3596 5283">
    <p class='ocr_par' dir='ltr' id='par_1_113' title="bbox 2027 5213 3596 5283">
     <span class='ocr_line' id='line_1_113' title="bbox 2027 5213 3596 5283; baseline 0.001 -16"><span class='ocrx_word' id='word_1_800' title='bbox 2027 5213 2242 5283; x_wconf 69' lang='lat' dir='ltr'><strong>sagittis</strong></span> <span class='ocrx_word' id='word_1_801' title='bbox 2293 5213 2540 5283; x_wconf 79' lang='lat' dir='ltr'><strong>conligit,</strong></span> <span class='ocrx_word' id='word_1_802' title='bbox 2588 5214 2950 5282; x_wconf 83' lang='lat' dir='ltr'><strong>quorumdam</strong></span> <span class='ocrx_word' id='word_1_803' title='bbox 2991 5213 3155 5268; x_wconf 84' lang='lat' dir='ltr'><strong>etiam</strong></span> <span class='ocrx_word' id='word_1_804' title='bbox 3191 5215 3369 5282; x_wconf 83' lang='lat' dir='ltr'><strong>capita</strong></span> <span class='ocrx_word' id='word_1_805' title='bbox 3403 5214 3596 5282; x_wconf 62' lang='lat' dir='ltr'><strong>praeci-</strong></span> 
     </span>
    </p>
   </div>
   <div class='ocr_carea' id='block_1_114' title="bbox 2027 5305 3592 5378">
    <p class='ocr_par' dir='ltr' id='par_1_114' title="bbox 2027 5305 3592 5378">
     <span class='ocr_line' id='line_1_114' title="bbox 2027 5305 3592 5378; baseline 0.001 -18"><span class='ocrx_word' id='word_1_806' title='bbox 2027 5307 2126 5360; x_wconf 91' lang='lat' dir='ltr'><strong>dit.</strong></span> <span class='ocrx_word' id='word_1_807' title='bbox 2161 5310 2231 5360; x_wconf 88' lang='lat' dir='ltr'><strong>lla</strong></span> <span class='ocrx_word' id='word_1_808' title='bbox 2266 5323 2456 5360; x_wconf 65' lang='lat' dir='ltr'><strong>omnes</strong></span> <span class='ocrx_word' id='word_1_809' title='bbox 2479 5307 2750 5361; x_wconf 84' lang='lat' dir='ltr'><strong>crudelem</strong></span> <span class='ocrx_word' id='word_1_810' title='bbox 2783 5307 2832 5358; x_wconf 91' lang='lat' dir='ltr'><strong>iu</strong></span> <span class='ocrx_word' id='word_1_811' title='bbox 2863 5305 3106 5372; x_wconf 91' lang='lat' dir='ltr'><strong>modum,</strong></span> <span class='ocrx_word' id='word_1_812' title='bbox 3136 5316 3330 5376; x_wconf 71' lang='lat' dir='ltr'><strong>prteter</strong></span> <span class='ocrx_word' id='word_1_813' title='bbox 3367 5323 3592 5378; x_wconf 86' lang='lat' dir='ltr'><strong>paucos,</strong></span> 
     </span>
    </p>
   </div>
   <div class='ocr_carea' id='block_1_115' title="bbox 2027 5399 3585 5471">
    <p class='ocr_par' dir='ltr' id='par_1_115' title="bbox 2027 5399 3585 5471">
     <span class='ocr_line' id='line_1_115' title="bbox 2027 5399 3585 5471; baseline 0.001 -19"><span class='ocrx_word' id='word_1_814' title='bbox 2027 5415 2163 5467; x_wconf 80' lang='lat' dir='ltr'><strong>quos</strong></span> <span class='ocrx_word' id='word_1_815' title='bbox 2202 5399 2390 5452; x_wconf 80' lang='lat' dir='ltr'><strong>incolzc</strong></span> <span class='ocrx_word' id='word_1_816' title='bbox 2417 5401 2558 5454; x_wconf 84' lang='lat' dir='ltr'><strong>arcis</strong></span> <span class='ocrx_word' id='word_1_817' title='bbox 2587 5399 3007 5466; x_wconf 77' lang='lat' dir='ltr'><strong>absconderant,</strong></span> <span class='ocrx_word' id='word_1_818' title='bbox 3043 5401 3370 5457; x_wconf 86' lang='lat' dir='ltr'><strong>interierunt</strong></span> <span class='ocrx_word' id='word_1_819' title='bbox 3401 5421 3414 5456; x_wconf 92' lang='lat'>:</span> <span class='ocrx_word' id='word_1_820' title='bbox 3448 5417 3585 5471; x_wconf 88' lang='lat' dir='ltr'><strong>quo-</strong></span> 
     </span>
    </p>
   </div>
   <div class='ocr_carea' id='block_1_116' title="bbox 2028 5490 3596 5561">
    <p class='ocr_par' dir='ltr' id='par_1_116' title="bbox 2028 5490 3596 5561">
     <span class='ocr_line' id='line_1_116' title="bbox 2028 5490 3596 5561; baseline 0.002 -17"><span class='ocrx_word' id='word_1_821' title='bbox 2028 5507 2145 5544; x_wconf 90' lang='lat' dir='ltr'><strong>rum</strong></span> <span class='ocrx_word' id='word_1_822' title='bbox 2175 5491 2291 5544; x_wconf 86' lang='lat' dir='ltr'><strong>neci</strong></span> <span class='ocrx_word' id='word_1_823' title='bbox 2322 5490 2544 5544; x_wconf 76' lang='lat' dir='ltr'><strong>Cocalus</strong></span> <span class='ocrx_word' id='word_1_824' title='bbox 2574 5505 2626 5545; x_wconf 88' lang='lat' dir='ltr'><strong>et</strong></span> <span class='ocrx_word' id='word_1_825' title='bbox 2657 5491 2988 5561; x_wconf 69' lang='lat' dir='ltr'><strong>l’alaenlogus</strong></span> <span class='ocrx_word' id='word_1_826' title='bbox 3031 5501 3348 5560; x_wconf 68' lang='lat' dir='ltr'><strong>praasentes,</strong></span> <span class='ocrx_word' id='word_1_827' title='bbox 3393 5509 3450 5548; x_wconf 82' lang='lat' dir='ltr'><strong>se</strong></span> <span class='ocrx_word' id='word_1_828' title='bbox 3485 5509 3596 5547; x_wconf 91' lang='lat' dir='ltr'><strong>rem</strong></span> 
     </span>
    </p>
   </div>
   <div class='ocr_carea' id='block_1_117' title="bbox 2025 5582 3599 5654">
    <p class='ocr_par' dir='ltr' id='par_1_117' title="bbox 2025 5582 3599 5654">
     <span class='ocr_line' id='line_1_117' title="bbox 2025 5582 3599 5654; baseline 0.003 -18"><span class='ocrx_word' id='word_1_829' title='bbox 2025 5585 2223 5653; x_wconf 69' lang='lat' dir='ltr'><strong>aegrius</strong></span> <span class='ocrx_word' id='word_1_830' title='bbox 2273 5582 2432 5644; x_wconf 80' lang='lat' dir='ltr'><strong>ferre,</strong></span> <span class='ocrx_word' id='word_1_831' title='bbox 2488 5583 2723 5636; x_wconf 86' lang='lat' dir='ltr'><strong>furorem</strong></span> <span class='ocrx_word' id='word_1_832' title='bbox 2775 5594 2952 5636; x_wconf 78' lang='lat' dir='ltr'><strong>tamen</strong></span> <span class='ocrx_word' id='word_1_833' title='bbox 2999 5585 3184 5654; x_wconf 88' lang='lat' dir='ltr'><strong>populi</strong></span> <span class='ocrx_word' id='word_1_834' title='bbox 3234 5587 3490 5640; x_wconf 86' lang='lat' dir='ltr'><strong>cohibere</strong></span> <span class='ocrx_word' id='word_1_835' title='bbox 3536 5600 3599 5640; x_wconf 89' lang='lat' dir='ltr'><strong>ac</strong></span> 
     </span>
    </p>
   </div>
   <div class='ocr_carea' id='block_1_118' title="bbox 2029 5675 3600 5746">
    <p class='ocr_par' dir='ltr' id='par_1_118' title="bbox 2029 5675 3600 5746">
     <span class='ocr_line' id='line_1_118' title="bbox 2029 5675 3600 5746; baseline 0.003 -19"><span class='ocrx_word' id='word_1_836' title='bbox 2029 5675 2328 5742; x_wconf 85' lang='lat' dir='ltr'><strong>reprimere</strong></span> <span class='ocrx_word' id='word_1_837' title='bbox 2369 5675 2511 5728; x_wconf 86' lang='lat' dir='ltr'><strong>baud</strong></span> <span class='ocrx_word' id='word_1_838' title='bbox 2563 5691 2722 5743; x_wconf 62' lang='lat' dir='ltr'><strong>posse</strong></span> <span class='ocrx_word' id='word_1_839' title='bbox 2767 5678 3124 5740; x_wconf 80' lang='lat' dir='ltr'><strong>simulabant,</strong></span> <span class='ocrx_word' id='word_1_840' title='bbox 3174 5681 3263 5746; x_wconf 90' lang='lat' dir='ltr'><strong>qni</strong></span> <span class='ocrx_word' id='word_1_841' title='bbox 3299 5677 3498 5732; x_wconf 71' lang='lat' dir='ltr'><strong>deinde</strong></span> <span class='ocrx_word' id='word_1_842' title='bbox 3548 5681 3600 5732; x_wconf 93' lang='lat' dir='ltr'><strong>in</strong></span> 
     </span>
    </p>
   </div>
   <div class='ocr_carea' id='block_1_119' title="bbox 2027 5765 3595 5834">
    <p class='ocr_par' dir='ltr' id='par_1_119' title="bbox 2027 5765 3595 5834">
     <span class='ocr_line' id='line_1_119' title="bbox 2027 5765 3595 5834; baseline 0.003 -17"><span class='ocrx_word' id='word_1_843' title='bbox 2027 5765 2168 5818; x_wconf 60' lang='lat' dir='ltr'><strong>mdes</strong></span> <span class='ocrx_word' id='word_1_844' title='bbox 2213 5765 2481 5825; x_wconf 71' lang='lat' dir='ltr'><strong>involans.</strong></span> <span class='ocrx_word' id='word_1_845' title='bbox 2533 5767 2666 5820; x_wconf 79' lang='lat' dir='ltr'><strong>altos</strong></span> <span class='ocrx_word' id='word_1_846' title='bbox 2712 5767 2934 5834; x_wconf 71' lang='lat' dir='ltr'><strong>insuper</strong></span> <span class='ocrx_word' id='word_1_847' title='bbox 2974 5769 3120 5823; x_wconf 80' lang='lat' dir='ltr'><strong>cives</strong></span> <span class='ocrx_word' id='word_1_848' title='bbox 3169 5770 3595 5824; x_wconf 73' lang='lat' dir='ltr'><strong>cnttlrncitlzwit.</strong></span> 
     </span>
    </p>
   </div>
   <div class='ocr_carea' id='block_1_120' title="bbox 2025 5857 3602 5930">
    <p class='ocr_par' dir='ltr' id='par_1_120' title="bbox 2025 5857 3602 5930">
     <span class='ocr_line' id='line_1_120' title="bbox 2025 5857 3602 5930; baseline 0.003 -19"><span class='ocrx_word' id='word_1_849' title='bbox 2025 5857 2158 5912; x_wconf 68' lang='lat' dir='ltr'><strong>Cum</strong></span> <span class='ocrx_word' id='word_1_850' title='bbox 2215 5859 2276 5910; x_wconf 72' lang='lat' dir='ltr'><strong>ad.</strong></span> <span class='ocrx_word' id='word_1_851' title='bbox 2330 5861 2547 5912; x_wconf 65' lang='lat' dir='ltr'><strong>demam</strong></span> <span class='ocrx_word' id='word_1_852' title='bbox 2590 5859 2791 5913; x_wconf 67' lang='lat' dir='ltr'><strong>(Tr-raia-</strong></span> <span class='ocrx_word' id='word_1_853' title='bbox 2837 5859 3032 5914; x_wconf 65' lang='lat' dir='ltr'><strong>{elutis</strong></span> <span class='ocrx_word' id='word_1_854' title='bbox 3086 5865 3456 5930; x_wconf 64' lang='lat' dir='ltr'><strong>pt&#39;tcetttttibus</strong></span> <span class='ocrx_word' id='word_1_855' title='bbox 3511 5876 3602 5916; x_wconf 73' lang='grc' dir='ltr'><strong>ιυ-</strong></span> 
     </span>
    </p>
   </div>
  </div>
