4166 6432
355 412 492 476 1263

1471 419 2020 482 IIISTORIARUM
2061 421 2291 482 LIBER
2330 421 2448 511 lii.

3458 427 3555 495 127

344 531 411 600 δὴ
439 532 536 600 τῆς
568 531 778 596 πόλεως
810 533 1058 599 Λατίνοις
1082 536 1488 607 προσηκούσης,
1513 539 1595 592 δτι
1617 538 1711 590 ὑπ’
1743 538 1917 600 αὐτοῖς

2030 537 2258 600 tincnte,
2292 539 2420 608 quia
2455 538 2557 593 sub
2588 539 2718 609 ipsis
2751 538 3042 608 aliquando
3078 538 3178 594 fuit
3201 538 3341 613 [62])
3380 541 3591 598 duode-

349 620 567 686 ἐγένετό
601 639 752 687 ποτε,
789 623 906 694 ἅμα
955 625 1278 680 δυοκαίδεκα
1310 629 1612 698 τριήρεσιν,
1648 625 1811 700 ἦλθον
1836 629 1917 689 είς

347 709 626 780 Σμύρνην,
663 715 756 768 καὶ
791 715 1055 785 πρότερον
1114 718 1216 770 ὑπὸ
1249 719 1360 772 τῶν
1403 719 1652 774 Λατίνων
1693 735 1920 789 κατεχο-

351 802 539 870 μένην.
571 803 888 877 Πατριάρχῃ
907 806 964 860 δὲ
991 807 1164 861 ἐδόκει
1191 809 1304 863 δεῖν
1332 812 1413 872 είς
1436 811 1527 863 τὸν
1553 811 1695 865 κατὰ
1731 811 1918 881 Σμύρ-

350 908 443 943 ναν
469 891 750 956 ἐξελθόντα
779 896 906 950 ναὸν
953 897 1012 948 ἐν
1051 890 1096 966 ᾧ
1128 899 1296 952 πάλαι
1353 901 1387 970 ή
1442 900 1780 970 μητρόπολις
1823 897 1913 968 ἦν,

345 980 446 1050 τὴν
471 980 621 1035 θείαν
665 985 1058 1053 μυσταγωγίαν
1085 988 1394 1054 ἐκτελέσαι,
1435 990 1532 1043 καὶ
1566 990 1786 1043 ἐκέλευε
1817 991 1916 1062 τὴν

349 1070 608 1139 στρατιὰν
621 1072 995 1147 ὁπλισαμένην
1024 1076 1273 1132 ἔπεσθαι.
1297 1079 1572 1148 Μαρτῖνος
1598 1082 1654 1135 δὲ
1688 1081 1915 1149 ἐκώλυε,

351 1161 443 1211 καὶ
471 1163 518 1214 οἱ
541 1161 692 1217 ἄλλοι
732 1165 846 1218 τῶν
871 1167 1180 1238 ναυάρχων,
1202 1171 1753 1242 διακεκινδυνευμένα
1794 1175 1916 1228 τολ-

349 1255 460 1346 μᾷν
509 1255 929 1346 ίσχυριςόμενοι.
977 1262 1134 1316 Ἐπεὶ
1168 1265 1226 1318 δὲ
1253 1268 1351 1319 οὐκ
1401 1267 1667 1332 ἐπείθετο,
1701 1271 1916 1325 εἵποντο

346 1343 581 1417 ἀνάγκῃ.
615 1343 724 1400 Καὶ
754 1351 1030 1423 γενομένῳ
1068 1355 1207 1424 πρδς
1250 1359 1341 1412 τὸν
1391 1360 1518 1414 ναὸν
1551 1361 1645 1414 καὶ
1677 1362 1776 1433 τὴν
1817 1382 1918 1433 μυ-

347 1437 661 1527 σταγωγίαν
697 1441 798 1512 τὴν
853 1441 1005 1497 θείαν
1057 1447 1390 1513 ἐκτελοῦντι,
1433 1451 1665 1523 ἐπῆλθεν
1712 1454 1917 1527 Ἀμοὺρ

348 1526 485 1591 μετὰ
509 1527 607 1596 τῆς
638 1534 920 1600 στρατιᾶς.
945 1535 1055 1588 Καὶ
1089 1536 1150 1589 τὸ
1181 1539 1278 1608 μὲν
1309 1541 1438 1594 ἄλλο
1469 1545 1788 1612 στράτευμα
1809 1526 1918 1600 τῶν

349 1613 591 1667 Λατίνων
629 1616 863 1691 διεσώθη
905 1622 1270 1696 άναχωρῆσαν
1313 1632 1448 1700 πρὸς
1486 1634 1546 1685 τὸ
1573 1635 1856 1705 φρούριον,
1887 1637 1916 1690 ὃ

344 1707 614 1775 κατεῖχον,
669 1711 790 1763 ἐπεὶ
849 1713 975 1779 τοὺς
1027 1717 1246 1788 Πέρσας
1303 1716 1442 1775 εἶδον
1485 1725 1769 1790 ἐπιόντας·
1805 1745 1913 1784 πα-

341 1793 607 1864 τριάρχης
638 1797 694 1850 δὲ
725 1799 823 1869 τὴν
857 1801 1009 1870 ἱερὰν
1041 1805 1236 1876 στολὴν
1266 1809 1637 1879 ἐνδεδυμένος,
1669 1813 1915 1883 ἀπεσφά-

343 1899 412 1952 γη
447 1884 552 1936 ὑπὸ
593 1888 703 1940 τῶν
743 1890 990 1962 Περσῶν,
1044 1898 1139 1950 καὶ
1176 1899 1469 1970 Μαρτῖνος,
1503 1905 1598 1956 καὶ
1628 1889 1778 1958 ἄλλοι
1807 1907 1914 1960 τῶν

346 1976 629 2065 ἐπιφανῶν
677 1981 872 2050 ὀλίγοι,
911 1985 999 2039 Ἐν
1046 1989 1102 2042 δὲ
1153 1993 1266 2056 τοίς
1298 1993 1510 2063 χρόνοις
1561 1995 1789 2065 τούτοις,
1821 2000 1915 2053 καὶ

342 2064 452 2118 τῶν
485 2069 544 2121 ἐν
581 2071 816 2146 Γεννούᾳ
861 2076 1096 2144 εὐγενῶν
1129 2098 1278 2144 τινες
1336 2082 1432 2136 δύο
1473 2087 1567 2139 καὶ
1615 2087 1914 2158 τριάκοντα

344 2157 734 2228 πληρώσαντες
787 2166 1012 2230 οἰκείοις
1049 2171 1372 2242 ἀναλώμασι
1436 2157 1722 2248 τριήρεις,
1787 2181 1916 2234 ἐπέ-

345 2251 584 2306 πλευσαν
644 2257 711 2325 τῇ
770 2257 906 2328 Χίῳ.
967 2261 1060 2314 καὶ
1117 2263 1522 2336 ἐπολιόρκησαν
1574 2268 1765 2338 χρόνον
1816 2271 1916 2325 οὐκ

341 2343 540 2410 ὀλίγον,
579 2348 672 2399 καὶ
717 2351 1071 2422 τειχομαχίας
1120 2372 1179 2408 τε
1210 2356 1408 2421 πολλὰς
1447 2361 1770 2430 tamquaer
1820 2366 1914 2419 καὶ

343 2438 639 2505 καρτερὰς,
681 2442 773 2492 καὶ
833 2445 1204 2514 μηχανήματα
1259 2449 1558 2519 προσῆγον.
1605 2454 1805 2510 Ἢνυον
1856 2455 1914 2510 δὲ

343 2529 452 2581 ἀπὸ
498 2531 605 2582 τῶν
640 2532 896 2588 τοιούτων
928 2536 1142 2608 ὀλίγαῆ
1190 2539 1364 2596 οὐδέν.
1397 2541 1462 2598 Οἱ
1497 2545 1606 2617 γὰρ
1634 2545 1914 2620 Χῖοιήμύ-

342 2635 495 2672 νοντο
521 2621 648 2686 τοὺς
667 2623 932 2690 Λατίνους
971 2633 1274 2702 καρτερῶς.
1302 2635 1480 2708 ἐνδείᾳ
1511 2638 1568 2692 δὲ
1597 2643 1916 2708 πιεσθέντες

343 2709 437 2760 καὶ
462 2709 822 2802 λιμὼξαντες,
851 2716 973 2770 ἐπεὶ
997 2720 1319 2792 ἐπικουρίας
1337 2724 1594 2796 οὐδεμιᾶς
1619 2730 1914 2802 ἐτύγχανον

345 2801 496 2870 παρὰ
538 2802 845 2874 Ῥωμαίων,
899 2811 1282 2884 προσεχώρουν
1311 2817 1424 2879 τοῖς
1487 2801 1781 2887 Λατίνοις,
1823 2826 1915 2877 καὶ

346 2890 652 2959 παρέδοσαν
693 2894 792 2965 τὴν
825 2899 980 2952 πόλιν
1034 2903 1126 2955 ὑπ’
1173 2904 1439 2978 ἀνάγκης.
1481 2909 1544 2962 Ἦ
1588 2911 1798 2979 βασιλὶς
1856 2916 1914 2968 δὲ

341 2979 529 3074 ήνιάτᾍο
557 2983 657 3052 μὲν
697 2983 887 3074 δεινῶς
938 2989 1039 3059 τῆς
1085 2992 1218 3045 Χίου
1255 2994 1740 3070 πολιορκουμένης,
1789 3003 1914 3074 βοη-

344 3070 458 3164 θεῖν
487 3070 544 3123 δέ
576 3075 674 3124 οὒκ
728 3070 876 3144 εἶχεο
912 3080 1214 3149 χρημάτων
1265 3100 1325 3138 τε
1371 3087 1479 3158 γὰρ
1546 3091 1646 3142 οὐκ
1691 3070 1913 3164 εὐπόρει

348 3161 480 3228 πρὸς
533 3166 802 3236 τοσαύτην
839 3168 1088 3242 δύναμιν,
1136 3175 1278 3230 ὥστε
1333 3180 1520 3234 στόλον
1579 3161 1913 3258 ἀντίρροπον

341 3252 419 3320 τῷ
438 3254 682 3308 Λατίνων
711 3258 992 3330 ὲξαρτύειν
1014 3281 1026 3294 ο
1059 3269 1269 3321 καὶτὸν
1319 3270 1669 3343 διοικήσοντα
1707 3252 1910 3342 ⁷καλῶς

345 3347 438 3439 καὶ
470 3347 546 3439 rb;
564 3348 810 3416 προσῆκε
835 3353 903 3404 τὰ
931 3355 1234 3425 πράγματα
1271 3362 1368 3414 οὐκ
1391 3359 1506 3432 εἶχε
1529 3381 1544 3395 ·
1576 3368 1775 3431 πάντες
1804 3371 1911 3439 γὰρ

340 3437 457 3538 ὅσοι
485 3432 626 3508 ἦσαν
647 3441 1233 3516 ἀξιόλογοιῬωμαίων,
1276 3454 1333 3504 ἐν
1367 3455 1759 3528 δεσμωτηρίοις
1780 3432 1914 3516 κᾷτ’-

343 3528 640 3601 εκλεξοντο·
704 3533 890 3600 Ὅμως
944 3537 1098 3600 τινὰς
1144 3540 1356 3608 ὀλίγους
1413 3546 1802 3612 ἐφοπλίσαντες
1865 3553 1912 3604 οἱ

339 3617 600 3686 ἄρχοντες
657 3624 926 3692 τριήρεις,
977 3630 1338 3686 Φακεωλάτον
1389 3635 1647 3704 ἔπεμψαν
1707 3642 1910 3711 συνὸιρ⁴

341 3726 510 3777 χοντα
545 3714 666 3765 τότε
691 3717 802 3777 τοῖς
833 3717 1033 3781 ἄλλοις.
1096 3717 1185 3792 (ἦν
1215 3723 1322 3791 γὰρ
1381 3725 1659 3796 Κιννάμου
1688 3731 1780 3782 τοῦ
1815 3749 1915 3800 μυ-

342 3801 534 3854 στικοῦ
596 3810 859 3862 συνοικῠν
907 3810 1111 3881 ἀδελφῇ
1163 3814 1262 3882 τῆς
1297 3818 1578 3885 γυναικζς)
1631 3820 1728 3889 οὐχ
1772 3821 1914 3874 ὥστε

340 3895 758 3950 ἀντιτάττεσθαι
787 3901 1038 3966 Λατίνοις
1058 3918 1072 3934 ο
1107 3908 1208 3958 οὐκ
1229 3905 1412 3974 ὀλίγον
1433 3912 1542 3979 γὰρ
1559 3909 1673 3980 ἀπή
1708 3929 1751 3962 ει
1785 3917 1918 3982 προς

339 3984 446 4052 τὴν
481 3986 706 4040 ἐκείνων
727 3988 996 4058 δύναμινο
1034 3993 1150 4045 ἀλλ’
1182 3997 1230 4049 εί
1261 3995 1475 4049 δύναιτο
1499 4000 1687 4068 τρόπῳ
1723 4002 1785 4073 δή
1812 4023 1917 4058 τινι

341 4076 493 4126 σῖτον
545 4076 788 4146 εἰσάγειν
835 4082 914 4142 είς
959 4082 1060 4151 τήν
1094 4083 1245 4138 Χίον.
1300 4088 1658 4153 Φακεωλάτος
1690 4093 1744 4145 δὲ
1795 4097 1919 4147 ἐπεὶ

341 4167 666 4221 καταπλέων
697 4171 930 4224 ἐπύθετο
967 4175 1066 4244 τὴν
1097 4175 1229 4228 Χίον
1282 4177 1612 4246 ἑαλωκυῖαν,
1659 4184 1918 4254 ἀνέστρε-

341 4274 449 4326 φεν
475 4259 664 4321 εύθύς⁶
699 4263 793 4314 καὶ
817 4264 1003 4319 ὁλκάδι
1050 4268 1114 4320 ἐκ
1164 4269 1430 4333 Γεννούας
1483 4275 1793 4344 περιτυχὼν
1828 4294 1923 4345 με-

341 4351 506 4422 γάλῃ,
549 4355 820 4424 ἐκράτησε
851 4358 1032 4431 μάχῃ,
1081 4363 1177 4414 καὶ
1207 4363 1532 4417 ἀπέκτεινεν
1573 4367 1673 4418 οὐκ
1703 4369 1919 4434 ὀλίγους

341 4443 454 4495 τῶν
482 4445 726 4498 Λατίνων
753 4451 1113 4519 μαχομένους,
1144 4454 1236 4506 καὶ
1252 4453 1522 4524 διήρπασε
1549 4455 1610 4509 τὰ
1638 4459 1919 4528 χρήματα.

2022 628 2128 683 cim
2167 629 2484 683 triremibus
2530 629 2816 700 Smyrnam
2872 631 3134 699 appulsus
3189 641 3293 696 est,
3331 647 3493 702 quam
3537 643 3589 689 et

2022 721 2174 790 prius
2229 719 2409 776 Latini
2459 722 2832 790 possederant.
2893 723 3224 778 Patriarchaa
3275 725 3478 792 placuit
3534 727 3588 780 in

2023 812 2358 881 Smyrnense
2409 815 2666 882 templum
2724 815 2872 885 (olim
2928 817 3440 884 metropolitanum)
3507 816 3594 871 in-

2021 903 2207 973 gredi.
2262 913 2318 958 et
2370 904 2483 960 illic
2528 907 2695 960 sacris
2747 906 2996 974 Operari,
3047 907 3317 976 jussitque
3386 909 3590 963 milites

2021 1003 2257 1048 armatos
2304 996 2480 1064 sequi.
2540 996 2806 1052 Martinus
2853 1009 2907 1054 et
2935 998 3025 1053 alii
3077 1000 3335 1054 navarehi
3384 1001 3586 1054 factum

2022 1084 2145 1148 hoc,
2185 1095 2242 1137 ut
2293 1084 2536 1154 periculo
2583 1102 2694 1140 non
2745 1102 2940 1142 carens
2983 1089 3397 1143 dissuadebant.
3455 1089 3589 1142 Dum

2022 1176 2336 1229 necessitati
2387 1191 2578 1245 parere
2617 1192 2724 1231 non
2759 1179 2893 1245 vult,
2924 1187 2978 1234 et
3023 1179 3076 1233 in
3110 1181 3227 1234 aede
3260 1180 3587 1235 sacriﬁcium

2021 1265 2171 1330 facit,
2205 1267 2462 1322 Amurius
2495 1283 2618 1323 cum
2662 1271 2884 1324 armatis
2915 1273 3252 1339 supervenit.
3292 1273 3357 1325 Et
3386 1272 3589 1326 milites

2019 1359 2237 1428 quidem
2282 1360 2483 1424 Latini,
2509 1371 2799 1416 cernentes
2833 1363 3025 1417 Persas
3074 1364 3352 1428 lnvadere,
3383 1363 3450 1416 ad
3495 1379 3588 1417 ca-

2018 1447 2235 1504 stellum
2310 1465 2470 1504 suum
2535 1449 2933 1520 confugientes,
2981 1459 3213 1506 mortem
3274 1460 3587 1516 evaserunt,

2017 1545 2328 1614 patriarcha
2364 1559 2492 1599 vero
2545 1547 2715 1599 sacris
2768 1545 2989 1601 indutus
3034 1547 3276 1600 vestibus
3306 1561 3412 1599 una
3459 1561 3583 1600 cum

2017 1635 2249 1690 Martino
2293 1636 2591 1706 paucisque
2634 1637 2909 1692 nobilibus
2953 1653 2982 1692 a
3017 1637 3199 1692 I‘ersis
3231 1637 3587 1693 obtruncatus

2019 1737 2122 1782 est.
2163 1725 2267 1782 Per
2311 1727 2453 1782 idem
2488 1738 2703 1798 tempus
2743 1729 3064 1784 Genuenses
3108 1729 3360 1784 nonnulli
3414 1727 3586 1784 nobili

2020 1819 2140 1874 loco
2183 1819 2316 1885 nati,
2351 1819 2560 1875 duabus
2599 1830 2652 1874 et
2703 1820 2922 1890 triginta
2980 1823 3292 1876 triremibus
3338 1837 3435 1877 sua
3487 1822 3587 1875 im-

2019 1925 2187 1982 pensa
2224 1911 2530 1976 instructis,
2581 1911 2776 1966 Chium
2810 1914 3155 1982 navigarunt,
3195 1928 3425 1983 eamque
3475 1929 3583 1966 non

2017 2015 2207 2072 parum
2255 2001 2348 2055 diu
2385 2001 2740 2067 obsederunt,
2789 2010 2845 2056 et
2895 2019 3078 2058 muros
3125 2018 3290 2079 saepe.
3350 2002 3583 2057 admotis

2015 2093 2179 2148 etiam
2209 2093 2476 2148 machinis
2498 2132 2512 2157 ,
2550 2093 2724 2148 valide
2749 2105 3152 2164 oppugnarunt.
3195 2093 3584 2148 Verumtamen

2013 2185 2166 2240 Chiis
2207 2185 2420 2241 fortiter
2458 2199 2519 2240 se
2553 2187 2858 2248 tuentibus,
2883 2185 3020 2240 nihil
3053 2196 3145 2240 aut
3181 2201 3372 2254 parum
3405 2184 3584 2254 profe-

2018 2283 2230 2330 cerunt.
2283 2274 2420 2330 Cum
2467 2284 2648 2328 autem
2699 2271 2877 2327 victus
2933 2272 3117 2341 inepia
3183 2279 3584 2340 premerentur,

2017 2367 2337 2435 nullumque
2369 2379 2400 2420 a
2444 2366 2706 2421 Romanis
2755 2365 3019 2420 auxilium
3063 2364 3406 2427 adventaret,
3438 2361 3588 2415 Lati-

2008 2474 2210 2528 norum
2267 2473 2326 2512 se
2394 2457 2652 2527 potestati
2715 2457 3110 2525 permittentes,
3166 2457 3357 2510 urbem
3409 2455 3583 2508 coacti

2017 2548 2381 2602 tradiderunt.
2435 2546 2754 2616 Imperatrix
2804 2562 3111 2614 quanquam
3165 2546 3302 2600 Chio
3360 2545 3583 2598 obsessa

2018 2638 2247 2692 miriﬁce
2289 2648 2603 2706 angeretur,
2663 2637 2806 2692 ferre
2847 2648 3028 2692 tamen
3079 2652 3239 2706 opem
3281 2636 3581 2704 nequibat;

2017 2744 2143 2784 nam
2193 2744 2292 2785 nec
2323 2731 2550 2799 pecunia
2589 2739 2778 2785 contra
2825 2739 3002 2784 tantas
3047 2729 3194 2784 vires
3226 2728 3279 2781 in
3329 2737 3582 2796 promptu

2019 2830 2157 2887 erat,
2185 2830 2244 2875 ut
2274 2821 2502 2876 classem
2535 2819 2852 2874 Latinorum
2883 2818 3038 2873 classi
3067 2818 3328 2888 aequalem
3361 2829 3586 2886 compa-

2021 2921 2200 2978 raret,
2253 2923 2307 2966 et
2357 2913 2559 2966 bonum
2604 2926 2668 2966 ac
2714 2913 2945 2980 peritum
2979 2911 3097 2981 ejus
3143 2910 3426 2962 ductorem
3478 2925 3584 2961 non

2020 3003 2288 3068 habebat;
2321 3006 2513 3058 omnes
2537 3002 2804 3072 siquidem
2842 3004 2930 3072 qni
2965 3003 3108 3055 inter
3142 3000 3418 3054 Romanos
3449 3002 3584 3054 cmi-

2020 3096 2244 3159 nehaut,
2270 3094 2583 3148 carceribus
2609 3094 2998 3148 attinebanlur.
3025 3093 3190 3164 632
3221 3091 3586 3145 Nihilominus

1968 3214 1984 3273 λ
2020 3187 2310 3241 archontes
2351 3186 2558 3256 aliquot
2593 3187 2844 3240 triremes
2896 3195 3170 3238 armantes
3201 3183 3583 3239 Phaceolatum

2018 3278 2283 3348 collegam
2313 3278 2423 3346 (qui
2456 3277 2705 3332 Cinnami
2756 3276 2972 3346 mystici
3005 3276 3187 3330 uxoris
3217 3290 3460 3329 sororem
3491 3275 3585 3326 lia.

2017 3371 2182 3424 bebal
2213 3370 2265 3423 in
2300 3368 2668 3436 matrimonio)
2699 3369 2763 3421 iis
2797 3368 3154 3436 praefecerunt
3185 3385 3196 3418 :
3230 3383 3336 3419 non
3369 3367 3582 3433 quidem

2017 3471 2078 3516 ut
2111 3477 2171 3515 se
2205 3461 2430 3522 Latinis,
2484 3459 2682 3529 quibus
2719 3461 2875 3527 longe
2916 3470 3061 3512 esset
3093 3458 3339 3520 inferior,
3378 3458 3583 3524 obiice—

2021 3562 2122 3614 ret,
2165 3552 2258 3605 scd
2310 3561 2368 3605 ut
2410 3561 2776 3603 commeatum
2811 3552 2863 3603 in
2904 3550 3159 3614 insulam,
3208 3549 3250 3602 si
3289 3550 3585 3617 quomodo

2018 3651 2226 3710 posset,
2275 3640 2614 3709 importaret.
2660 3638 3022 3693 Phaceulatus
3052 3649 3110 3692 ut
3137 3639 3332 3692 Chium
3371 3649 3582 3705 captam

2021 3730 2257 3796 audivit,
2290 3731 2440 3786 illico
2471 3733 2576 3786 iter
2605 3731 2874 3801 relegens,
2907 3740 2961 3786 et
3003 3732 3268 3786 onerariae
3311 3730 3584 3784 Gennan

2022 3839 2339 3885 occurrens,
2398 3821 2509 3874 acri
2564 3836 2740 3890 pugna
2793 3837 2911 3875 eam
2971 3822 3120 3882 vicit,
3177 3831 3230 3876 ct
3283 3823 3588 3891 complures

2024 3914 2250 3968 Latinos
2297 3912 2517 3974 occidit,
2558 3913 2956 3978 pecuniamque
3001 3911 3249 3980 diripuit.
3289 3911 3450 3964 Fama
3485 3913 3590 3965 Ga-

2020 4005 2182 4060 latam
2237 4005 2304 4058 ad
2367 4003 2724 4072 hornOphylos
2778 4004 3020 4072 perlata,
3079 4003 3298 4072 publico
3367 4003 3589 4058 decreto

2021 4095 2404 4164 impunitatem
2445 4102 2872 4162 proposuerunt,
2909 4093 2954 4146 si
2977 4093 3100 4160 quis
3129 4105 3253 4146 eum
3279 4092 3586 4161 ubicunque

2017 4187 2315 4258 jngularet,
2367 4195 2424 4238 et
2458 4199 2627 4252 usque
2670 4184 2737 4237 ad
2779 4194 3008 4238 mortem
3041 4183 3160 4250 ejus
3197 4192 3454 4253 tanquam
3494 4184 3589 4237 bo-

2023 4289 2161 4334 stem
2193 4277 2452 4331 oderunt.
2485 4277 2726 4345 Angusta
2754 4285 2814 4330 ut
2857 4277 3026 4330 solam
3059 4276 3587 4344 Constantinopolim

2023 4370 2128 4424 sibi
2179 4369 2423 4422 relictam
2472 4367 2606 4421 vidit
2641 4367 2782 4428 (alia:
2832 4382 3066 4436 namque
3101 4371 3263 4420 urbes
3309 4368 3481 4421 lerme
3524 4367 3588 4418 ad

2027 4474 2188 4513 unam
2222 4458 2275 4510 in
2305 4456 2668 4512 Cantacuzeni
2706 4455 3029 4510 auctoritate
3060 4458 3266 4521 erant),
3296 4470 3325 4509 a
3355 4456 3588 4523 quodam

345 4536 652 4606 Πυθόμενοι
680 4540 736 4592 δὲ
760 4543 806 4592 οἱ
825 4543 882 4592 ἐν
909 4544 1123 4611 Γαλατᾷ
1143 4537 1441 4613 δμόφυλοι,
1472 4547 1732 4618 ψήφισμα
1758 4551 1917 4620 ἔγρα-

2027 4547 2256 4616 Mpalice
2303 4545 2569 4599 Carbonaa
2621 4546 2868 4614 principe
2921 4559 3018 4613 per
3071 4545 3274 4614 legatos
3333 4543 3592 4597 auxilium

340 4629 455 4697 ψαν
500 4631 886 4685 ἀποκτιννύναι
921 4635 1279 4688 Φακεωλάτον
1400 4639 1467 4690 ἂν
1500 4655 1582 4702 τις
1641 4641 1920 4710 συντύχοι,

344 4721 441 4773 καὶ
474 4721 676 4789 μηδένα
709 4723 916 4792 κρίνειν
963 4725 1153 4792 φόνου,
1210 4727 1306 4779 καὶ⁵
1338 4726 1609 4793 διέμεινεν
1658 4729 1841 4791 αὐτοῖς
1887 4732 1921 4799 ἡ

345 4813 487 4881 πρὸς
519 4815 728 4868 ἐκεῖνον
753 4817 921 4888 ἔχθρα
961 4820 1089 4889 ἄχρι
1138 4821 1419 4890 τελευτῆς.
1453 4823 1674 4884 Βασιλὶς
1711 4822 1769 4874 δὲ
1799 4825 1925 4876 ἐπεὶ

346 4904 496 4973 ἐώρα
529 4908 695 4975 μόνην
722 4909 820 4978 τὴν
855 4911 1265 4966 Κωνσταντίνου
1293 4913 1446 4966 πόλιν
1495 4913 1632 4984 αὐτῇ
1672 4916 1919 4983 περιλει-

347 5001 615 5067 πομένηνο
645 4999 702 5051 αί
727 5002 835 5069 γὰρ
863 5001 1021 5055 ἄλλαι
1058 5005 1246 5072 σχεδὸν
1282 5007 1452 5058 πᾶσαι
1485 5005 1924 5075 προσεχώρησαν

348 5087 559 5156 βασιλεῖ
602 5089 680 5158 τῷ
730 5092 1206 5162 Καντακουζηνῷ·
1264 5096 1397 5163 πριις
1444 5095 1742 5147 Μπαλίκαν
1800 5096 1926 5148 τινὰ

344 5180 444 5231 τοῦ
493 5181 766 5250 Καρϐωνᾶ
817 5182 1050 5252 ἄρχοντα
1096 5184 1362 5253 πέμψασα
1406 5186 1708 5254 πρεσϐείαν
1751 5187 1924 5239 ἐδεῖτο

349 5267 591 5336 βοηθεῖν.
637 5268 696 5321 ’0
725 5269 781 5321 δὲ
831 5271 1084 5338 ἀσμένως
1114 5289 1172 5324 τε
1213 5273 1434 5337 ἐδέξατο
1471 5278 1571 5343 τὴν
1603 5275 1924 5343 πρεσῦείαν,

346 5361 447 5413 καὶ
479 5359 754 5425 Θεόδωρον
786 5365 877 5415 καὶ
902 5364 1319 5432 Τομπροτίτζαν
1354 5367 1479 5426 τοὺς
1509 5365 1799 5433 ἀδελφοὺς,
1837 5384 1924 5435 χι-

343 5450 499 5511 λίους
527 5452 866 5519 στρατιώτας
900 5454 1129 5519 ἄγοντας
1165 5454 1500 5529 ἐπιλέκτους,
1530 5455 1671 5507 κατὰ
1704 5472 1930 5524 συμμα-

351 5541 482 5610 χίαν
522 5541 736 5610 ἔπεμπε
769 5543 832 5612 τῇ
871 5543 1139 5612 βασιλίδι·
1184 5545 1234 5596 οἳ
1271 5545 1366 5597 καὶ
1399 5546 1498 5609 τὰς
1528 5546 1665 5599 κατὰ
1693 5545 1784 5598 τὸν
1811 5548 1936 5598 πόν-

2021 4639 2178 4709 petit.
2209 4640 2259 4692 ls
2290 4637 2558 4708 legatione
2588 4637 2826 4706 benigne
2860 4636 3118 4699 admissa,
3157 4634 3508 4689 Theodorum
3539 4644 3595 4687 ct

2022 4729 2453 4797 Tomprotitzam
2486 4728 2680 4781 fratres
2719 4742 2841 4781 cum
2891 4728 3038 4780 mille
3079 4727 3299 4781 selectis
3328 4726 3594 4780 militibus

2022 4820 2303 4887 snppetias
2367 4817 2534 4871 mittit
2581 4834 2593 4870 :
2634 4818 2727 4884 qui
2781 4824 2837 4870 et
2892 4816 3192 4869 maritimas
3243 4814 3310 4868 ad
3368 4823 3591 4883 pontum

2025 4913 2190 4966 nrbes
2217 4919 2589 4971 transeuntes,
2620 4924 2715 4964 eas
2739 4908 2807 4962 ab
2837 4908 3167 4976 imperatore
3191 4906 3257 4958 ad
3295 4906 3592 4973 Augustam

2025 5001 2245 5054 monitis
2303 5009 2358 5053 et
2419 4999 2659 5052 consiliis
2707 4998 2823 5051 suis
2883 4997 3250 5059 revocabant;
3301 4994 3594 5063 sperabant

2023 5093 2170 5145 enim
2219 5090 2339 5142 illos
2397 5090 2585 5142 nescio
2644 5089 2776 5156 quid
2823 5103 3079 5156 magnum
3131 5087 3276 5140 felici
3337 5101 3593 5138 sucu-ssu

2026 5181 2386 5250 prarstituros.
2437 5178 2758 5246 lmpcratrix
2791 5192 2887 5230 eos
2919 5175 3210 5230 admodum
3247 5175 3509 5228 benevole
3545 5186 3598 5224 et

2029 5275 2327 5327 honoriticc
2361 5273 2599 5339 excepit.
2649 5279 2704 5323 ct
2740 5267 3057 5336 Apocauchi
3090 5267 3269 5335 magni
3303 5265 3459 5318 ducis
3493 5266 3596 5316 ﬁlia

2027 5361 2412 5429 Tumprotitza:
2461 5363 2514 5412 in
2563 5358 2875 5427 conjuginm
2933 5357 3159 5419 sociata,
3220 5357 3413 5408 ducem
3467 5369 3594 5406 cum

2030 5451 2261 5506 liulnani
2307 5451 2582 5504 exercitus
2629 5450 2858 5509 creavit,
2911 5449 3006 5514 qui
3063 5460 3189 5498 suas
3241 5444 3426 5512 capias
3472 5459 3597 5496 cum

2032 5544 2292 5597 Romanis
2333 5541 2672 5608 conjunclas,
2719 5539 3046 5607 imperatore
3091 5535 3453 5604 Didymoticbi
3505 5535 3598 5587 de-

1627 5705 1844 5766 Jacobi
1877 5708 2138 5766 Pontanl
2174 5712 2358 5764 noue.

451 5821 564 5891 (62)
609 5824 722 5878 Sub
749 5826 945 5894 quibus
978 5828 1204 5890 Latinis,
1235 5835 1284 5882 ct
1319 5829 1558 5897 quandiu
1593 5828 1756 5884 fucril
1778 5829 2227 5898 Constantinupol
2253 5846 2299 5890 s,
2327 5830 2408 5884 εΙυι
2433 5845 2613 5883 nimus
2649 5829 2791 5883 Notis
2823 5831 2875 5883 in
2906 5829 2994 5883 lib.
3031 5845 3088 5894 ιι,
3124 5841 3236 5897 cap.
3265 5828 3350 5881 3t}.
