4166 6432
695 407 828 472 1271

1879 410 2198 472 JOANNIS
2240 409 2758 474 CANTACUZENI
2791 484 2796 490 _

3775 416 3921 486 1273

689 525 870 580 gente,
914 514 967 568 in
996 513 1341 585 Selybrianos
1368 514 1540 571 duxit.
1571 516 1868 572 Pliacrases
1898 527 2077 572 autem
2112 534 2224 586 prn-

2348 538 2440 573 τον
2467 522 2944 590 παραθαλασσίους
2981 520 3156 585 πόλεις
3206 523 3234 576 δ
3258 523 3452 586 ῖόυτες,
3504 522 3730 580 ἔπεισαν
3767 529 3912 582 ἀπο-

689 616 948 660 tostrat-or
1006 607 1074 660 ab
1127 607 1452 674 imperatore
1509 608 1768 677 Selybrite
1818 625 1940 663 cum
1993 609 2244 679 praesidio

688 696 932 756 relictus,
979 693 1314 764 Selybrianis
1370 695 1660 764 adjunctis,
1714 711 1964 765 egressus
2018 697 2242 767 oppido,

683 781 1108 854 Tomprotitzam
1178 785 1373 839 eximia
1422 787 1622 841 virtute
1676 787 1896 842 devicit.
1955 789 2242 858 Imperitos

683 877 829 931 enim
860 877 950 932 ille
990 879 1258 944 locorum,
1293 879 1595 946 equitatum
1631 895 1729 948 per
1755 881 1948 942 fessas,
1989 891 2042 934 et
2073 897 2243 950 angu-

682 973 834 1036 sxias,
882 981 934 1027 et
967 972 1148 1027 vineta
1200 971 1433 1026 ducebat
1465 990 1477 1026 :
1509 972 1653 1028 unde
1689 975 1950 1041 superati,
2011 976 2064 1029 in
2111 991 2242 1029 cnn-

685 1062 832 1121 ilictu
873 1062 1030 1131 pauci
1071 1061 1361 1124 cadebant,
1414 1061 1566 1115 multi
1615 1061 1992 1131 capiebantur,
2048 1073 2102 1117 et
2148 1064 2238 1116 vix

681 1151 850 1219 aliqui
901 1151 1256 1221 effugiebant.
1324 1148 1624 1220 Captorutn
1679 1151 2004 1206 illustriores
2072 1152 2237 1206 vincti

679 1241 941 1295 custodiis
985 1241 1426 1302 mandabantur,
1490 1243 1578 1295 alii
1623 1243 1837 1315 spoliati
1891 1244 2240 1298 dimitteban-

683 1342 790 1393 tur,
835 1331 1343 1400 propemodumque
1373 1341 1428 1385 et
1455 1331 1858 1400 Tomprotitzas
1892 1333 2005 1401 ipse
2047 1341 2238 1402 captus

677 1434 782 1474 est.
841 1422 947 1475 Sed
983 1421 1118 1490 fuga:
1168 1423 1612 1477 commoditatem
1669 1430 1882 1485 nactus,
1914 1438 2038 1476 cum
2087 1423 2214 1491 iguo

683 1513 844 1565 minia
895 1513 1074 1566 rediit.
1109 1512 1233 1582 Post
1263 1528 1382 1568 eam
1411 1513 1618 1568 cladem
1669 1514 1782 1584 ipse
1829 1513 2095 1583 Byzantii,
2127 1513 2235 1582 jam

677 1619 846 1657 uxore
879 1603 1123 1656 Romana
1175 1604 1383 1673 potitus
1431 1604 1693 1668 subsedit,
1740 1619 1804 1658 ac
1835 1619 1932 1672 pro
1973 1604 2236 1675 dignitate

673 1696 739 1746 ab
791 1694 1141 1763 imperatrice
1194 1703 1457 1748 tractatus
1509 1705 1592 1748 est
1634 1710 1649 1747 :
1695 1694 2016 1748 Theodorus
2069 1693 2237 1747 frater

673 1800 797 1836 eum
863 1783 1108 1852 reliquiis
1159 1785 1392 1838 militum
1451 1785 1671 1840 domum
1732 1769 2065 1855 remigravit.
2130 1783 2232 1838 Se-

669 1875 911 1932 cundum
971 1875 1087 1930 haec
1141 1874 1550 1932 Orcbanes.ad
1605 1879 1994 1947 imperatorem
2050 1875 2235 1931 missis

672 1967 1005 2032 oratoribus,
1061 1967 1180 2036 ejus
1228 1968 1390 2023 ﬁliam
1420 1985 1667 2044 .uxorem
1717 1969 1937 2039 poscit:
1971 1973 2143 2037 quam‘
2189 1968 2234 2021 si

673 2059 913 2116 libenter
958 2061 1193 2124 dederit,
1225 2061 1390 2130 683
1430 2070 1618 2114 contra
1663 2061 1914 2129 quemvis
1963 2058 2234 2113 Romano-

673 2168 791 2204 rum
825 2155 1036 2207 lacSIem
1065 2151 1266 2205 auxilia
1312 2151 1586 2220 promittit
1617 2168 1630 2205 :
1664 2165 1766 2204 nec
1795 2157 1904 2203 tam
1945 2149 2012 2204 de
2038 2160 2234 2205 czetero

671 2245 789 2299 fore
821 2245 1029 2298 socium
1081 2253 1137 2298 et
1192 2243 1451 2308 amicum,
1487 2258 1647 2312 quam
1683 2241 1872 2307 ﬁlium,
1901 2233 2234 2312 impigreque

672 2336 750 2389 illi
780 2350 904 2390 cum
946 2334 1203 2388 omnibus
1231 2333 1408 2402 copiis
1434 2333 1549 2388 suis
1579 2333 1669 2387 ubi
1705 2332 1960 2398 voluerit,
2000 2332 2233 2386 inservi-

673 2437 874 2481 turum.
910 2425 1208 2494 Imperator
1235 2440 1408 2494 neque
1437 2424 1765 2496 legationem
1795 2423 2022 2492 sprevit,
2053 2438 2232 2492 neque
2263 2498 2272 2506 .

667 2518 941 2586 extemplo
972 2516 1290 2582 afﬁnitatem
1338 2515 1616 2585 amplexus
1642 2525 1745 2578 est,
1786 2515 1880 2570 sed
1933 2515 2130 2569 leniter
2168 2528 2232 2568 ac

671 2611 881 2678 placide
912 2611 1117 2680 legatos
1151 2608 1438 2672 allocutus,
1479 2622 1543 2661 ac
1577 2606 1735 2661 donis
1769 2606 1932 2660 etiam
1972 2619 2231 2675 prosecu-

670 2711 775 2766 tus,
803 2701 964 2770 paulo
996 2709 1119 2769 post
1149 2699 1314 2754 missa
1348 2699 1615 2768 legatione
1650 2696 1880 2751 Orchaui
1914 2712 1972 2750 se
2004 2711 2232 2766 respon-
2264 2718 2268 2723 ·

665 2805 856 2844 surum
911 2788 1180 2859 promisit.
1230 2787 1320 2842 Sic
1359 2787 1520 2858 legati
1571 2787 1846 2842 abierunt.
1900 2786 2232 2855 Imperatore

665 2881 960 2936 familiares
1041 2889 1097 2934 et
1169 2893 1427 2948 proceres
1507 2892 1674 2947 super
1747 2875 2021 2931 connubio
2109 2873 2232 2929 filia:

665 2975 1014 3034 consulente.
1049 2987 1241 3027 omnes
1285 2971 1439 3041 quasi
1475 2985 1538 3024 ex
1577 2969 1884 3037 composito
1923 2966 2230 3024 Orcbanem

662 3067 870 3122 socium
928 3075 984 3120 et
1033 3066 1268 3120 amicum
1347 3062 1563 3117 ﬁdelem
1643 3061 1882 3126 habere,
1949 3057 2229 3129 permagni

2350 611 2540 679 στῆναι
2598 612 2902 680 βασιλέως,
2955 613 3048 666 καὶ
3113 615 3177 684 τῇ
3225 613 3459 682 βασιλίδι
3522 623 3906 688 προσχωρεῖνο

2345 700 2578 769 ἤλπισαν
2607 703 2714 771 γὰρ
2763 701 2960 764 αὐτούς
2999 720 3052 754 τι
3088 704 3229 772 μέγα
3277 705 3663 773 κατορθῢσειν.
3719 711 3830 763 Καὶ
3871 715 3911 781 ἡ

2347 791 2552 858 βασιλὶς
2589 793 2806 857 ἐδέξατο
2837 795 2961 854 τοὺς
2985 793 3200 862 ἄνδρας,
3241 796 3375 863 μετὰ
3402 797 3600 868 πολλῆς
3621 799 3718 867 τῆς
3743 801 3911 868 εὐμε-

2343 884 2491 945 νείας
2515 884 2606 936 καὶ
2635 885 2819 953 τιμῆς.
2857 887 2946 937 καὶ
2968 888 3066 954 τήν
3094 903 3153 939 τε
3181 888 3519 958 Ἀποκαύχου
3542 893 3631 944 τοῦ
3667 896 3914 962 μεγάλου

2341 974 2532 1038 δουκός
2585 975 2859 1044 θυγατέρα
2915 977 3184 1047 συνῴκισε
3231 978 3309 1046 τῷ
3362 982 3764 1053 Τομπροτίτζα,
3812 988 3912 1038 καὶ

2343 1065 2644 1133 στρατηγὸν
2700 1066 2948 1130 ἀπέδειξε
3007 1067 3108 1135 τῆς
3175 1067 3462 1136 Ῥωμαίων
3513 1075 3794 1141 στρατιᾶς.
3843 1073 3906 1126 ’0

2339 1154 2416 1215 δὲ,
2434 1155 2532 1224 τήν
2562 1172 2620 1207 τε
2638 1157 2844 1208 οἰκείαν
2871 1158 3008 1225 ἔχων
3037 1161 3131 1213 καὶ.
3152 1158 3250 1226 τὴν
3291 1158 3600 1227 Ῥωμαίων,
3637 1164 3913 1232 ἐπεστρῷ

2339 1257 2495 1293 τευσε
2528 1242 2982 1312 Σηλυμϐριανοῖς,
3007 1243 3265 1312 βασιλέως
3310 1247 3677 1318 Διδυμοτείχῳ
3727 1251 3888 1302 ὲνδια

2339 1330 2632 1398 τρίϐοντος.
2668 1331 3035 1414 Φακρασὴςοδὲ
3081 1336 3108 1386 ὀ
3138 1338 3577 1407 πρωτοστράτωρ
3600 1339 3706 1397 ὑπὸ
3736 1339 3904 1406 βασι-

2339 1422 2471 1483 λέως
2498 1422 2555 1474 ὲν
2590 1421 2904 1492 Σηλυμϐρίᾳ
2929 1425 3426 1495 καταλελειμμένος
3457 1430 3594 1497 μετὰ
3618 1433 3905 1498 στρατιᾶς,

2338 1509 2477 1579 ἔχων
2529 1509 2622 1561 καὶ
2675 1511 2801 1572 τοὺς
2856 1510 3324 1580 Σηλυμϐριανοὺς,
3387 1516 3741 1579 σινεπλέκετο
3786 1520 3906 1580 τοῖς

2341 1601 2467 1670 περὶ
2497 1600 2912 1669 Τομπροτίτζαν
2935 1601 3190 1670 ἐξελθὼν,
3223 1606 3315 1656 καὶ
3338 1605 3488 1657 ἐνίκα
3517 1606 3659 1659 κατὰ
3678 1609 3914 1677 κράτος.

2343 1693 2600 1761 ’Λπειρος
2645 1694 2754 1761 γὰρ
2815 1691 2890 1745 ὢν
2943 1693 2971 1744 ὀ
3033 1691 3449 1765 Τομπροτίτζας
3495 1696 3605 1748 τῶν
3663 1699 3914 1768 χωρίων,

2341 1783 2720 1852 ἐστρατήγησε
2752 1783 2956 1848 κακῶς,
3005 1785 3084 1846 εἰς
3116 1785 3352 1855 τάφρους
3399 1788 3492 1838 καὶ
3537 1789 3917 1859 στενοχωρίας

2341 1873 2436 1925 καὶ
2468 1871 2748 1938 ἀμπέλους
2779 1874 2905 1934 τοῦς
2938 1873 3137 1938 ἱππέας
3187 1875 3466 1944 ἐμϐαλώνο
3500 1877 3621 1931 ὅθεν
3647 1880 3920 1949 ἡττηθέν-

2332 1978 2446 2034 ςτες,
2484 1961 2654 2029 ὀλίγοι
2683 1963 2784 2031 μὲν
2809 1963 3083 2018 ἀπέθανον
3118 1969 3258 2020 κατὰ
3278 1967 3377 2034 τὴν
3403 1967 3584 2037 μάχην
3604 2008 3621 2034 ,
3656 1971 3918 2025 ἑάλωσαν

2333 2053 2393 2106 δὲ
2433 2052 2635 2116 πολλοὶ,
2678 2051 2873 2120 ὀλίγων
2917 2054 3209 2126 διαδρᾶναι
3260 2057 3598 2128 δυνηθέντων
3623 2076 3637 2090 ο
3670 2055 3745 2114 ὧν
3783 2063 3916 2124 τοὺς

2337 2144 2798 2214 ἐπιφανεστέρους
2826 2145 3090 2214 δήσαντες
3138 2143 3286 2218 εἶχον
3332 2151 3390 2202 ἑν
3432 2152 3732 2222 φρουραῖς,
3778 2154 3915 2215 τοὺς

2335 2234 2378 2291 δ’
2408 2235 2599 2297 ἄλλους
2617 2235 3271 2300 ἀποδύσαντες.ἁπέλυον.
3298 2235 3471 2299 Ἦλθε
3499 2242 3557 2294 δὲ
3588 2245 3679 2294 καὶ
3706 2245 3732 2295 ό
3760 2244 3910 2312 Τομ-

2336 2323 2631 2394 προτίτζας
2688 2325 2854 2392 ἐγγὺς
2891 2326 3118 2392 ἁλῶναι,
3147 2329 3295 2398 ὅμως
3325 2329 3608 2400 διαδρᾶναι
3653 2333 3915 2402 δυνηθεὶς

2333 2417 2634 2485 ἀνέστρεφε
2691 2419 3204 2488 κατῃσχυμμένος·
3258 2421 3399 2489 μετὰ
3454 2423 3554 2490 τὴν
3605 2417 3782 2494 ἧτταν
3846 2425 3916 2477 δὲ

2333 2506 2568 2577 ἐκείνην,
2602 2507 3017 2576 Τομπροτίτζας
3048 2509 3146 2578 μὲν
3178 2505 3502 2564 ὑπελείπετο
3529 2514 3586 2565 ὲν
3602 2512 3916 2584 Βυζαντίῳ.

2333 2599 2433 2669 ἤδη
2456 2601 2690 2668 γυναῖκα
2713 2599 2852 2669 ἔχων
2879 2600 2944 2653 ἐκ
2979 2600 3286 2670 Ῥωμαίων,
3338 2605 3432 2657 καὶ
3461 2603 3628 2675 τιμῆς
3662 2606 3916 2659 ἀπέλαυε

2335 2692 2486 2759 παρὰ
2533 2689 2803 2761 βασιλίδος
2827 2691 2926 2760 τῆς
2959 2691 3146 2756 ἀξίαςο
3179 2693 3453 2763 Θεόδωρος
3486 2694 3544 2748 δὲ
3595 2698 3624 2749 ὀ
3676 2697 3916 2765 ἁδελφὸς

2332 2785 2662 2854 ἀνέστρεφεν
2691 2785 2770 2846 είς
2785 2784 2884 2855 τὴν
2914 2784 3117 2847 οίκίαν,
3143 2787 3240 2856 τὴν
3269 2787 3740 2858 ὑπολελειμμένην
3764 2790 3920 2859 ἔχων

2335 2877 2620 2944 στρατιάν.
2651 2876 2806 2929 Μετὰ
2838 2876 2996 2928 τοῦτο
3011 2877 3298 2946 Ὀρχάνης,
3335 2879 3474 2948 προς
3507 2881 3918 2950 Καντακουζη-

2333 2967 2423 3020 νὺν
2447 2967 2538 3020 τὸν
2568 2967 2793 3038 βασιλέα
2825 2967 3126 3037 πρεσϐείαν
3156 2969 3382 3038 πέμψας
3408 3008 3424 3032 ,
3462 2970 3615 3040 ἠξίου
3646 2972 3918 3025 ὲκδούναί

2332 3059 2382 3110 oi
2438 3057 2574 3127 πρὸς
2607 3057 2783 3126 γάμον
2840 3055 2939 3126 τὴν
2988 3057 3299 3128 θυγατέρα·
3335 3059 3711 3128 ἐπηγγέλλετό
3740 3077 3800 3112 τε
3861 3063 3920 3114 ε⁸

663 3159 927 3214 interesse
977 3159 1254 3212 dixerunt.
1281 3154 1336 3211 Id
1373 3155 1551 3224 ipsum
1592 3154 1717 3208 dein
1769 3169 1866 3223 per
1914 3153 2116 3223 legatos
2164 3165 2224 3206 ex

2335 3151 2692 3220 παράσχοιτο,
2729 3149 3025 3218 προθύμως
3058 3151 3446 3220 συμμαχήσειν
3501 3150 3644 3205 κατὰ
3702 3152 3922 3216 παντὸς

661 3247 888 3311 Amurio
941 3245 1234 3316 quaesivit,
1299 3244 1389 3316 qui
1452 3242 1857 3296 matrimonium
1918 3239 2100 3311 istuc,
2169 3246 2231 3293 ut

662 3337 954 3415 optimum,
985 3317 1331 3405 approbavit,
1359 3335 1782 3404 aﬂinitatemque
1811 3334 2036 3389 minime
2065 3349 2229 3404 repu-

662 3428 916 3488 diandam
947 3427 1182 3481 censuit.
1218 3426 1523 3481 Amicitiam
1557 3427 1704 3480 enim
1753 3437 1812 3480 et
1852 3425 2230 3495 propinquita-

660 3527 770 3575 tem
796 3519 954 3574 istam
980 3517 1227 3583 Barbari,
1254 3516 1344 3585 qui
1372 3516 1634 3571 adversus
1653 3516 1836 3570 hostes
1859 3513 2228 3569 Romanorum

658 3612 890 3672 multum
919 3620 1127 3680 posset,
1175 3609 1547 3677 maximopere
1579 3607 1683 3677 ipsi
1717 3607 2078 3676 profuturam.
2113 3605 2226 3659 Etsi

655 3703 803 3758 enim
840 3703 895 3756 in
933 3701 1223 3778 praesentia
1277 3700 1343 3754 ad
1391 3699 1592 3753 bellum
1637 3709 1827 3752 contra
1874 3697 2229 3767 homolihylos

651 3797 760 3863 jam
826 3792 1162 3861 depressos,
1223 3801 1277 3846 et
1340 3790 1408 3844 ad
1466 3789 1826 3844 resistendum
1884 3787 2224 3854 imbecilles,

656 3884 1020 3939 Barbarorum
1071 3899 1174 3954 ope
1226 3899 1336 3940 non
1389 3892 1622 3952 egeret:
1667 3891 1724 3937 at
1768 3891 1917 3936 certe
1965 3882 2009 3935 si
2059 3880 2225 3934 tutius

653 3976 867 4044 imperii
936 3976 1164 4030 Romani
1225 3986 1418 4045 potens
1484 3975 1690 4038 fuerit,
1752 3982 1944 4028 contra
2010 3973 2223 4027 vicinos

652 4065 952 4133 dynastas,
983 4066 1076 4134 qui
1149 4074 1297 4118 tanta
1357 4065 1497 4119 ultro
1547 4065 1872 4118 detrimenta
1926 4061 2219 4125 dederint,

651 4153 963 4222 multasque
997 4154 1159 4210 urbes
1188 4169 1251 4208 ac
1282 4156 1534 4223 regiones
1560 4171 1588 4209 a
1617 4156 1927 4224 principatu
1978 4155 2223 4214 Romano

648 4245 968 4310 avulseriut,
994 4243 1210 4300 Persico
1235 4245 1428 4300 robore
1453 4261 1589 4316 opus
1612 4247 1943 4301 habiturum.
1977 4246 2219 4300 Aliirma-

649 4337 740 4390 bat
768 4335 951 4406 igitur,
994 4335 1138 4390 scire
1166 4348 1246 4399 se,
1279 4335 1588 4392 Orcbanem
1641 4341 1954 4408 neutiquam
1997 4339 2221 4392 omnino

650 4439 757 4482 tam
790 4427 1017 4482 effusam
1061 4427 1117 4482 in
1151 4428 1538 4498 imperatorem
1585 4430 2024 4485 benevolentiam
2058 4446 2220 4486 nava-

648 4531 849 4580 turum.
883 4536 1047 4588 quam
1094 4522 1209 4591 ipse
1239 4530 1496 4576 navassct
1530 4539 1542 4575 :
1575 4511 1869 4591 ca3teroqui
1909 4523 2064 4577 illum
2108 4538 2218 4577 non

653 4611 943 4666 diﬂiculter
985 4628 1146 4682 posse
1174 4629 1516 4679 succurvre,
1554 4631 1678 4669 cum
1717 4616 1954 4685 sibi'per
1983 4618 2215 4670 alienam

651 4704 985 4774 provinciam
1018 4705 1186 4762 multa
1214 4721 1336 4758 cum
1373 4705 1690 4762 diilicultatc
1722 4707 1788 4760 ad
1838 4723 1961 4762 eum
1995 4709 2217 4762 venien-

643 4793 773 4844 dum
835 4791 949 4859 sit;
1014 4801 1070 4846 et
1123 4792 1213 4862 qui
1271 4793 1374 4846 sibi
1427 4795 1845 4860 continentem,
1911 4811 1942 4850 e
1997 4796 2217 4866 regione

648 4883 939 4938 Thraciam
986 4885 1373 4955 respicientem
1408 4886 1765 4952 subdidisset,
1811 4887 1960 4941 nullo
2003 4888 2214 4952 labore,

642 4975 861 5046 quando
910 4976 1090 5041 vellet,
1143 4992 1301 5055 opem
1353 4979 1663 5035 allaturum.
1721 4979 1830 5035 llas
1879 4983 1949 5034 ob
1997 4994 2212 5047 causas,

638 5066 890 5135 quamvis
936 5067 1304 5138 alioqui‘non
1361 5072 1432 5125 ita
1474 5070 1706 5137 liberet,
1760 5071 2099 5138 aﬂinitatcm,
2156 5082 2215 5126 ut

639 5159 900 5214 Romanis
924 5161 1290 5227 utilissimam,
1315 5179 1437 5217 cum
1463 5178 1529 5217 eo
1546 5163 1884 5233 jungendam
1922 5164 2208 5230 suadebat,

639 5251 891 5316 addens,
962 5253 1016 5306 in
1093 5254 1302 5307 nullum
1363 5254 1572 5314 Crimen
1641 5255 1766 5308 ideo
1818 5255 2210 5318 incursurum,

637 5341 907 5410 siquidem
939 5358 1045 5403 non
1073 5344 1228 5412 pauci
1260 5345 1603 5413 superiorum
1636 5354 1939 5414 temporum
1974 5345 2181 5414 impera

637 5445 824 5495 tores,
891 5450 1000 5502 quo
1062 5435 1403 5490 subditorum
1465 5436 1770 5490 rationibus
1821 5437 2208 5506 providerent,

639 5525 856 5594 Scythis
917 5535 970 5578 et
1026 5526 1146 5578 aliis
1208 5527 1532 5594 quibusdam
1592 5527 1842 5582 Barbaris
1893 5528 2030 5582 filias
2083 5543 2211 5582 suas

645 5616 1094 5685 despondissent.
1135 5618 1245 5670 lluc
1295 5619 1392 5671 fuit
1444 5621 1651 5673 Amurii
1689 5620 2005 5684 consilium.
2040 5619 2209 5690 Cujus

640 5707 811 5764 animi
865 5708 1186 5763 modestiam
1237 5710 1538 5765 admiratus
1575 5722 1660 5765 est
1707 5712 2026 5782 imperator,
2063 5715 2208 5780 quod

629 5799 1007 5866 confiteretur,
1056 5801 1367 5857 ()rcbancm
1400 5819 1458 5858 sc
1509 5804 1628 5876 ipso
1675 5805 1910 5875 amplius
1957 5804 2200 5875 profutu-

2333 3242 2594 3312 πολεμίου
2628 3243 2740 3301 τοῖς
2781 3240 3072 3307 Ῥωμαίοις
3095 3257 3111 3273 ·
3138 3241 3322 3301 οὐκέτι
3355 3245 3463 3312 γὰρ
3492 3241 3711 3302 ἔσεσθαι
3766 3241 3917 3312 σύμε

2336 3351 2509 3404 μαχον
2538 3333 2634 3390 καὶ
2665 3333 2842 3400 φίλον,
2877 3331 3012 3384 ἀλλὰ
3041 3333 3177 3397 υἱὸν,
3215 3333 3310 3386 καὶ
3347 3331 3644 3402 προθύμως
3681 3331 3922 3398 δουλεύ-

2331 3441 2447 3478 σειν
2477 3424 2640 3477 αύτόν
2679 3440 2739 3476 τε
2794 3425 2909 3492 καὶ,
2940 3423 3038 3492 τὴν
3080 3421 3378 3493 σύμπασαν
3437 3423 3696 3492 στρατιὰν
3729 3417 3786 3476 οἷ
3833 3423 3919 3477 ἂν

2331 3513 2564 3566 κελεύοι.
2596 3511 2862 3576 Βασιλεὺς
2893 3513 2950 3566 δὶ
2988 3511 3113 3565 οὔτε
3147 3513 3424 3569 ἀπείπατο
3453 3513 3552 3582 τὴν
3581 3512 3924 3584 πρεσϐείαν,

2329 3605 2443 3656 οὔτ’
2491 3603 2655 3667 εὐθὺς
2719 3603 2974 3658 συνέθετο
3020 3603 3160 3675 πρὸς
3207 3605 3307 3674 τὴν
3366 3605 3701 3673 ἐπιγαμίανο
3764 3605 3924 3671 suo

2331 3697 2619 3770 προσηνῶς
2652 3714 2710 3750 τε
2742 3699 2837 3750 καὶ
2859 3697 3079 3768 ἡμέρως
3096 3699 3209 3762 τοῖς
3238 3697 3503 3766 πρέσϐεσι
3527 3700 3925 3769 χρηματίσας,

2329 3791 2424 3842 καὶ
2460 3788 2612 3860 δῶρα
2650 3790 3090 3859 παρασχόμενος,
3122 3787 3220 3844 νῦν
3257 3790 3356 3860 μὲν
3387 3789 3540 3856 ἔλεγε
3577 3791 3746 3859 μηδὲν
3771 3791 3925 3843 dato-

2327 3879 2649 3952 κρινεῖσθαι,
2682 3880 2908 3952 ὕστερον
2941 3880 2997 3934 δὲ
3017 3880 3185 3951 ὀλίγῳ
3210 3881 3433 3951 πέμψας
3457 3882 3777 3953 πρεσϐείαν,
3798 3884 3924 3953 τὴν

2323 3972 2614 4042 ἀπόκρισιν
2645 3970 2991 4042 ποιήσεσθαι.
3013 3973 3076 4026 Οί
3108 3973 3208 4042 μὲν
3259 3971 3604 4044 οὖνὈρχὰνη
3641 3974 3926 4042 πρέσϐεις

2325 4066 2658 4135 ἀνέστρεφον
2693 4066 2774 4128 είς
2813 4064 2912 4135 τὴν
2949 4065 3149 4121 οίκίαν.
3198 4067 3460 4131 Βασιλεὺς
3507 4067 3564 4120 δὲ
3617 4072 3756 4137 μετὰ
3791 4071 3924 4123 τῶν

2323 4157 2539 4210 οἰκείων
2560 4156 2783 4210 καὶτῶν
2802 4156 2860 4210 έν
2886 4158 3034 4211 τέλει
3081 4157 3402 4211 ἐϐουλεύετο
3423 4160 3553 4228 περὶ
3578 4159 3673 4212 τοῦ
3695 4163 3923 4229 γάμου,

2322 4253 2370 4302 εί
2410 4248 2515 4319 χρὴ
2547 4249 2649 4318 τὴν
2702 4248 2976 4322 θυγατέρα
3021 4249 3098 4319 τῷ
3145 4249 3392 4320 ,Ὀρχάνῃ
3453 4250 3746 4314 ικδιδόναι,
3803 4257 3922 4309 καὶ

2322 4338 2523 4400 πάντες
2551 4337 2740 4409 ὥσπερ
2792 4339 2857 4390 ὲκ
2887 4337 3250 4407 συνθήματος,
3288 4339 3577 4408 κράτιστον
3610 4333 3752 4394 εἶναι
3785 4340 3923 4404 ελε-

2323 4447 2420 4494 γον
2456 4430 2726 4498 Ὸρχάνην
2781 4429 2928 4499 ἔχειν
2973 4429 3264 4500 σύμμαχον
3296 4432 3390 4484 καὶ
3441 4431 3598 4500 φίλον
3654 4431 3918 4500 βέϐαιον.

2255 4485 2294 4538 D
2325 4485 2587 4584 bestiale;
2624 4485 2974 4590 δέκαὶῆπρδς
3016 4485 3220 4591 ’Ᾱμοὺῆρ
3265 4485 3565 4591 πρεσϐείαν
3599 4485 3920 4592 πέμψαςσί

2320 4612 2502 4681 δοκοίη
2539 4611 2749 4681 βέλτιον
2777 4607 2918 4664 εἶναι
2940 4611 3034 4665 καὶ
3060 4610 3208 4681 αὺτῷ
3232 4611 3328 4681 τὴν
3352 4611 3630 4681 θυγατέρα
3667 4615 3918 4666 συνοικί-

2320 4706 2436 4768 ζειν
2466 4701 2798 4757 ἐπυνθάνετο
2833 4701 3090 4772 Ὀρχάνῃ.
3145 4701 3206 4754 '0
3241 4703 3297 4758 δὲ
3337 4702 3559 4770 ἄριστον
3585 4705 3920 4772 ἠγεῖτο,καὶ

2323 4789 2676 4843 συνεϐούλευε
2704 4788 2957 4858 δέχεσθαι
2983 4790 3045 4842 τὸ
3093 4790 3273 4860 κῆδος.
3323 4790 3578 4844 Μάλιστα
3605 4794 3719 4860 γὰρ
3750 4793 3915 4862 αύτῷ

2317 4879 2615 4936 λυσιτελεῖν
2649 4881 2749 4951 τὴν
2778 4879 2963 4948 φιλίαν
3015 4881 3111 4942 καὶ
3148 4882 3248 4950 τὴν
3285 4881 3600 4951 οἰκειότητα
3632 4883 3734 4941 τοῦ
3769 4884 3916 4953 βαρ-

2318 4978 2489 5046 ϐάρου
2543 4976 2757 5046 μεγάλα
2811 4975 3112 5044 δυναμένου
3156 4977 3387 5044 ὠφελεῖν
3414 4978 3556 5039 κατὰ
3609 4977 3726 5029 τῶν
3768 4978 3905 5030 Ῥω-

2319 5067 2498 5136 μαίοις
2517 5067 2813 5136 πολεμίων.
2839 5067 2900 5119 Ei
2918 5067 3024 5136 γὰρ
3047 5068 3139 5130 καὶ
3161 5067 3237 5138 μὴ
3260 5068 3430 5120 δέοιτο
3459 5067 3579 5136 νυνὶ
3603 5067 3914 5137 βαρϐαρων

2316 5162 2453 5233 πρὸς
2483 5161 2573 5214 τὸν
2620 5161 2730 5216 τῶν
2760 5161 3048 5232 ὁμοφύλων
3095 5163 3356 5232 πόλεμον,
3403 5164 3910 5230 τεταπεινωμένων

2315 5254 2414 5322 ἤδη
2441 5253 2532 5306 καὶ
2565 5251 2642 5322 μὴ
2669 5253 2979 5322 δυναμένων
3023 5251 3510 5310 ἀντικαθίστασθαι
3556 5252 3734 5321 αὐτῷ,
3776 5252 3908 5304 ἀλλ’

2313 5345 2406 5399 οὖν
2441 5347 2489 5398 εί
2521 5346 2671 5398 πᾶσα
2711 5347 2742 5415 ὴ
2784 5343 3075 5414 Ῥωμαίων
3115 5343 3209 5396 ὑπ’
3239 5343 3401 5396 αύτόν
3439 5344 3655 5411 γένοιτο
3683 5346 3908 5412 ἡγεμο-

2317 5437 2426 5503 νία,
2453 5435 2588 5504 πρὸς
2611 5438 2735 5496 τοὺς
2764 5437 2994 5505 ὁμόρους
3015 5436 3281 5496 δυνάστας
3309 5435 3600 5504 δεήσεσθαι
3632 5436 3734 5504 τῆς
3761 5436 3912 5504 Περ⁸

2314 5530 2473 5598 σικῆς
2509 5529 2812 5598 δυνάμεως,
2840 5528 3010 5580 πολλὰ
3043 5528 3375 5598 ἠδικηκότας
3423 5531 3524 5582 καὶ
3555 5529 3744 5599 χώρας
3791 5531 3908 5600 τῆς

2333 5621 2622 5690 Ῥωμαίων
2659 5619 3218 5690 παρασπασαμένους.
3252 5619 3464 5672 Είδὲναι
3507 5622 3608 5688 μὲν
3637 5617 3735 5674 οὖν
3759 5623 3907 5690 ἐφα-

2323 5729 2472 5777 σκεν,
2519 5711 2594 5774 ὡς
2623 5711 2736 5764 οὐδ’
2765 5711 2830 5763 ἂν
2868 5711 2922 5763 εἴ
2964 5727 3014 5764 τι
3046 5713 3258 5779 γένοιτο
3310 5712 3585 5782 τοσαύτην
3627 5714 3908 5782 Ὀρχάνης

2315 5803 2526 5858 εὔνοιαν
2560 5803 2928 5868 ἐπιδείξεσθαι
2962 5803 3200 5869 δύναιτο,
3222 5805 3354 5877 ὅσην
3385 5805 3546 5870 αὐτὸς
3579 5806 3718 5876 πρὸς
3747 5807 3904 5876 βασι.
