4166 6432
224 414 359 480 ἓ273

1334 416 1866 477 IIISTORIARUM
1911 417 2139 478 LIBER
2184 418 2292 479 Ill.

3295 415 3435 480 1274

216 525 334 581 λέα.
384 524 521 578 Ἀλλ’
547 523 638 577 οὖν
660 521 896 593 εὐχερῶς
925 523 1129 575 ἐκεῖνον
1151 523 1293 592 ἔχειν
1329 524 1543 593 βοηθεῖν
1567 542 1580 555 ·
1612 526 1775 579 αὐτὸν

1880 544 2018 587 rum,
2048 537 2101 581 et
2139 529 2413 581 sincerum
2450 527 2846 594 candidumque
2890 538 3099 596 peetus,
3130 502 3299 594 quod;
3315 542 3435 596 quae

218 616 274 668 δι
303 615 505 683 πολλῆς
530 613 734 667 δεῖσθαι
762 614 1169 682 πραγματείας,
1204 614 1291 668 διὰ
1320 616 1605 685 ἀλλοτρίας
1639 617 1777 684 πρὸς

219 706 379 757 αὑτὸν
415 704 559 756 ίοντα
577 706 679 771 γῆς
704 720 717 734 ·
762 705 995 775 Ὀρχάνῃ
1027 704 1081 757 δὲ
1108 703 1207 771 τὴν
1242 706 1538 775 ἀντιπέραν
1553 708 1776 777 Θρᾴκης

220 797 442 865 ἡπεερον
472 795 560 862 ὑφ’
591 795 779 847 ἑαυτὸν
826 796 1196 863 πεποιημένῳ,
1265 798 1447 866 ῥᾴδιον
1501 794 1639 850 εἶναι
1686 798 1772 849 ὅτε

222 886 461 954 βούλοιτο
517 886 707 953 ῥᾳδίαν
746 885 1018 937 ποιεῖσθαι
1070 885 1168 955 τὴν
1221 887 1574 955 ἐπικουρίαν·
1628 887 1696 939 δι’
1739 887 1775 941 ἃ

223 977 567 1031 συνεϐούλευε
620 978 679 1028 τὸ
710 977 867 1044 κῆδος
894 978 1151 1042 ἐκτελεῖν,
1189 978 1265 1040 ὡς
1294 980 1359 1031 τα
1388 980 1649 1048 κράτιστα
1681 980 1773 1031 λυ-

222 1067 499 1133 σιτελῆσον
531 1070 642 1129 τοῖς
691 1066 1005 1134 Ῥωμαίοις,
1057 1068 1160 1119 κᾶν
1192 1069 1264 1136 μὴ
1307 1071 1399 1120 καὶ
1444 1070 1585 1120 πάνυ
1637 1070 1779 1122 κατὰ

220 1157 443 1225 γνώμην
468 1154 522 1232 ᾖ,
554 1157 704 1209 οὐδὲν
731 1156 785 1207 δὲ
810 1159 1053 1223 ποιήσειν
1073 1159 1217 1223 ἄξιον
1251 1160 1449 1220 αἰτίας,
1481 1163 1527 1211 εί
1554 1162 1643 1213 καὶ
1672 1162 1778 1213 τῶν

220 1249 326 1315 πρὸ
354 1248 521 1301 αὑτοῦ
558 1247 1013 1315 βεϐασιλευκότων
1066 1250 1164 1300 οὐκ
1192 1251 1362 1314 ὀλίγοι
1398 1250 1631 1313 Σκύθαις
1682 1256 1778 1304 καὶ⁸

218 1340 397 1401 ἄλλοις
418 1341 530 1392 τισὶ
572 1339 866 1408 βαρϐάροις
901 1339 998 1400 τὰς
1040 1339 1345 1409 θυγατέρας
1378 1342 1648 1407 ἐξέδωκαν
1678 1345 1777 1406 τὰς

215 1432 423 1484 ἑαυτῶν
464 1433 598 1499 προς
645 1431 705 1482 τὸ
753 1429 1058 1484 λυσιτελοῦν
1088 1435 1197 1495 τοῖς
1231 1433 1512 1501 ὑπηκόοις.
1545 1436 1779 1500 Τοιαῦτα

219 1522 317 1589 μὲν
345 1524 372 1572 ὁ
413 1522 616 1589 ’Δμοὺρ
650 1520 901 1591 παρῄνει.
954 1523 1216 1585 Βασιλεὺς
1264 1524 1323 1576 δὲ
1353 1524 1412 1575 τό
1444 1542 1502 1576 τε
1560 1528 1779 1595 μέτριον

214 1609 306 1662 τοῦ
366 1610 708 1678 φρονήματος
767 1608 1071 1677 ἐθαύμαζεν
1142 1610 1344 1679 ’Ᾱμοὺρ
1383 1611 1462 1662 ὅτι
1514 1612 1778 1681 Ὀρχάνην

212 1699 378 1753 αὐτοῦ
443 1700 641 1766 μᾶλλον
688 1700 954 1767 ὡμολόγει
990 1701 1304 1760 λυσιτελεῖν,
1361 1702 1546 1754 καὶτὸ
1593 1703 1778 1755 ἄδολον

211 1791 305 1842 καὶ
347 1790 586 1860 καθαρὸν
615 1791 716 1859 τῆς
771 1792 1014 1860 γνώμης,
1053 1794 1134 1844 ὄτι
1181 1793 1216 1845 ἃ
1250 1794 1419 1845 ἐδόκει
1449 1793 1772 1853 λυσιτελεῖν,

210 1882 309 1934 ούκ
340 1882 743 1949 ἀπεκρύπτετο,
800 1883 896 1934 καὶ
928 1884 1175 1934 ἐπείθετο
1216 1884 1349 1952 πρὸς
1383 1883 1481 1952 τὴν
1512 1885 1772 1951 παραίνε-

211 1987 318 2024 σιν.
370 1972 603 2039 Πέμψας
649 1972 705 2023 δὲ
756 1972 1048 2041 πρεσϐείαν
1091 1975 1225 2043 πρὸς
1278 1974 1559 2043 Ὀρχάνην,
1590 1979 1689 2043 τήν
1716 1994 1773 2028 τε

211 2061 488 2130 θυγατέρα
528 2065 913 2137 κατηγγυᾶτο,
958 2066 1051 2117 καὶ
1082 2064 1344 2133 στρατιὰν
1382 2068 1599 2119 ἐκέλευε
1636 2071 1771 2137 πέμ·

209 2168 357 2216 πειν,
415 2153 536 2221 ἥτις
581 2153 697 2218 ἄξει
756 2155 856 2223 τὴν
914 2156 1148 2221 γυναῖκα
1203 2156 1342 2224 πρὸς
1402 2158 1584 2211 αὐτόν.
1640 2158 1696 2209 '0
1729 2159 1773 2210 δ’

207 2242 456 2310 ἔπεμπεν
474 2242 669 2303 αὐτίκα
708 2244 840 2306 ναῦς
870 2262 926 2296 τε
954 2247 1268 2314 τριάκοντα,
1318 2252 1409 2302 καὶ⁴
1452 2249 1650 2311 ἱππέας
1676 2251 1775 2302 οὐκ

205 2334 443 2402 ὀλίγους,
495 2337 587 2386 καὶ
642 2336 771 2398 τοὺς
831 2339 1286 2406 ἐπιφανεστέρους
1321 2339 1427 2391 τῶν
1474 2340 1770 2394 ύπάύτὸν.

208 2424 470 2487 Βασιλεύς
508 2442 565 2476 τε
592 2426 726 2494 μετὰ
756 2426 856 2494 τῆς
896 2429 1155 2495 στρατιᾶς
1201 2426 1486 2497 Ῥωμαίων
1532 2430 1629 2498 ὅση
1682 2427 1769 2499 ἦν,

205 2507 343 2582 ἧκεν
370 2514 451 2574 είς
504 2504 851 2583 Σηλυμϐρίαν
911 2517 1049 2584 μετὰ
1082 2518 1340 2581 γυναικὸς
1372 2517 1471 2585 τῆς
1506 2518 1773 2586 βασιλίδος

208 2607 305 2657 καὶ
346 2605 455 2658 τῶν
487 2606 821 2676 θυγατέρων,
880 2608 973 2660 καὶ
1004 2608 1221 2659 ἐκέλευε
1262 2611 1366 2678 πρὸ
1403 2611 1501 2678 τῆς
1568 2611 1774 2672 πόλεως

208 2697 268 2747 ἐν
295 2695 372 2765 τῷ
410 2697 575 2764 πεδίῳ
609 2698 880 2766 πρόκυψιν
915 2702 1087 2750 ποιεῖν
1135 2702 1197 2751 ἐκ
1227 2700 1418 2766 ξύλων,
1461 2701 1528 2752 ἵν’
1556 2705 1643 2754 ἐπ’
1671 2703 1771 2754 αύ-

206 2786 307 2854 τὴν
335 2786 366 2854 ἠ
399 2785 659 2854 βασιλέως
688 2789 1069 2858 νυμφευομένη
1106 2790 1350 2859 θυγατηρ
1404 2794 1597 2854 στᾶσα,
1636 2796 1770 2845 πᾶσι

205 2875 421 2942 γίνοιτο
446 2878 782 2947 καταφανής.
818 2877 975 2929 Οὕτω
1009 2880 1116 2947 γὰρ
1144 2880 1263 2941 ἔθος
1297 2878 1437 2932 εἶναι
1471 2884 1581 2943 τοῖς
1615 2882 1771 2951 βασι-

208 2966 364 3019 λεῦσι
392 2968 563 3019 ποιεῖν
590 2968 683 3020 ἐπὶ
708 2970 824 3030 ταῖς
855 2968 1159 3039 θυγατράσι
1194 2972 1327 3039 πρὸς
1359 2976 1534 3040 γάμον
1565 2976 1740 3042 ἀγομὲ
1759 3004 1771 3013 -

206 3074 348 3120 ναις.
402 3059 634 3111 Ἔπειτα
692 3059 907 3111 ἐκέλευε
956 3064 1046 3112 καὶ
1091 3064 1190 3129 τὴν
1241 3062 1527 3133 βασιλικὴν
1568 3065 1772 3135 σκηνὴν

1879 616 2182 670 conducere
2216 615 2464 685 putabat,
2499 632 2601 670 non
2654 618 2932 669 tacuisset.
2978 616 3161 685 Itaque
3196 616 3436 682 comple-

1878 712 2031 758 ctens
2060 704 2178 772 ejus
2213 704 2563 768 sententiain,
2614 719 2709 772 per
2757 704 2959 774 legatos
2989 702 3223 758 Orehani
3271 702 3430 754 ﬁliam

1878 793 2196 859 despondet,
2258 794 2612 860 hortaturque
2668 795 2743 848 uti
2802 809 3091 847 numerum
3142 794 3430 846 militarem

1879 886 2158 947 mitteret,
2229 901 2348 954 qua:
2396 901 2655 955 sponsam
2719 886 3035 939 adduceret.
3106 884 3207 950 Qui
3271 899 3436 937 naves

1881 977 2120 1045 triginta,
2139 987 2193 1031 et
2219 977 2461 1044 equitum
2492 992 2743 1046 magnam
2767 977 2896 1040 vim,
2924 986 3085 1043 atque
3106 991 3135 1028 e
3162 973 3435 1044 provinci:

1879 1084 1975 1122 sua
2011 1069 2159 1121 viros
2190 1069 2553 1122 nobilissimos
2585 1069 2730 1121 illico
2758 1068 2923 1121 misit.
2947 1067 3113 1138 684
3139 1068 3436 1135 Imperator

1878 1173 1999 1212 cum
2056 1166 2168 1211 toto
2227 1159 2464 1211 exercitu
2523 1158 2789 1223 Romano,
2857 1173 3090 1223 euntque
3162 1172 3326 1210 uxore
3381 1166 3431 1209 et

1880 1249 2090 1302 ﬁliabus
2146 1248 2445 1317 Selybriam
2515 1249 2835 1318 profectus,
2901 1249 2952 1301 in
3023 1249 3249 1314 planitie
3306 1261 3433 1301 ante

1878 1340 2066 1393 urbem
2117 1339 2414 1391 tabulatum
2470 1338 2708 1409 ligneum
2762 1338 2987 1393 excitari
3036 1338 3220 1404 jussit,
3269 1354 3433 1407 super

1878 1444 1984 1497 quo
2042 1436 2275 1495 nuptura
2329 1428 2436 1481 ﬁlia
2484 1429 2835 1491 consistens,
2902 1429 3317 1496 conspiceretur
3368 1426 3436 1479 ab

1878 1516 2153 1570 omnibus.
2186 1519 2336 1571 llune
2358 1516 2501 1569 enim
2532 1531 2737 1569 morem
2764 1518 3124 1585 imperatores
3147 1516 3440 1569 servabant

1879 1609 1931 1660 in
1963 1608 2190 1669 ﬁliabus,
2227 1618 2348 1659 enm
2380 1607 2445 1659 ad
2474 1608 2692 1674 nuptias
2726 1606 3058 1659 abducenda:
3089 1605 3429 1672 esseut(65).

1880 1697 2080 1751 Deinde
2103 1707 2157 1750 et
2193 1699 2600 1764 imperatorium
2635 1698 3040 1750 tabernaculum
3074 1711 3241 1764 prope
3272 1695 3433 1751 statui

1880 1788 2174 1841 mandavit.
2240 1788 2451 1852 Quibus
2516 1789 2757 1856 paratis,
2821 1788 3130 1855 imperatrix
3211 1798 3263 1840 et
3317 1786 3438 1839 ﬁlia:

1880 1878 2098 1939 ibidem,
2132 1881 2431 1945 imperator
2456 1880 2508 1931 in
2536 1881 2734 1933 castris
2760 1886 2977 1932 noctem
3006 1879 3137 1949 egit.
3168 1873 3439 1933 Postridie

1880 1968 2222 2035 imperatrice
2246 1984 2367 2021 cum
2400 1970 2540 2023 binis
2572 1970 2783 2023 ﬁliabus
2810 1972 2860 2021 in
2895 1970 3129 2022 tentorio
3156 1978 3432 2031 manente,

1876 2072 2072 2125 sponsa
2115 2057 2395 2112 'l'heodora
2450 2061 2744 2113 tabulatum
2798 2059 3138 2121 conscendit,
3185 2060 3300 2112 solo
3334 2060 3435 2111 im-

1878 2160 2125 2220 peratore
2161 2166 2301 2220 equo
2333 2152 2623 2215 insidi-nte,
2661 2152 2874 2205 eseteris
2901 2150 2967 2203 ad
3001 2165 3164 2203 unum
3211 2151 3437 2203 astantio

1880 2243 2004 2297 bus.
2038 2241 2173 2295 Tum
2222 2244 2656 2312 peripetasmalis
2704 2244 2757 2296 in
2793 2243 3020 2297 circuitu
3070 2243 3263 2297 ablatis
3297 2243 3438 2310 (erat

1874 2336 2020 2387 enim
2076 2333 2373 2386 tabulatum
2434 2335 2687 2402 appensis
2739 2349 2803 2387 ex
2856 2335 3004 2387 omni
3052 2343 3203 2402 parte
3246 2333 3437 2385 aulaeis

1875 2424 2085 2485 sericis,
2121 2431 2173 2476 et
2205 2438 2334 2475 auro
2367 2423 2673 2475 intertextis
2720 2422 3019 2488 ornatum),
3052 2437 3251 2491 spansa
3300 2437 3432 2474 con-

1874 2523 2060 2583 specta
2109 2522 2212 2577 est,
2245 2514 2433 2567 dextra
2468 2515 2705 2581 lmvaque
2759 2514 3006 2566 accensis
3055 2513 3430 2581 lampadibus,

1876 2616 2010 2670 quas
2067 2601 2302 2655 eunuchi
2375 2602 2429 2653 in
2489 2616 2662 2671 genua
2736 2600 3083 2653 subsidentes
3150 2600 3430 2652 tenebant.

1878 2693 2229 2747 Resonabant
2253 2693 2397 2747 tubae
2431 2700 2482 2747 et
2515 2693 2658 2745 tibia:
2690 2707 2751 2745 ac
2800 2691 2993 2744 ﬁstula:
3032 2692 3349 2759 plurimum,
3381 2699 3436 2743 et

1874 2764 2212 2853 qnazcunque
2264 2782 2329 2836 ad
2387 2798 2546 2836 aures
2590 2782 2941 2835 oblectandas
2997 2782 3062 2833 ab
3128 2780 3438 2834 hominibus

1875 2874 2235 2925 instrumenta
2263 2875 2468 2926 musica
2496 2874 2801 2942 excogitata
2830 2883 2979 2926 sunt.
3014 2872 3081 2923 lis
3108 2871 3433 2932 tacentibus,

1871 2981 2123 3025 cantores
2170 2983 2198 3021 a
2233 2968 2406 3034 poetis
2460 2967 2647 3021 laudes
2694 2968 2746 3019 in
2798 2982 3049 3035 Sponsam
3100 2967 3431 3031 compositas

1873 3061 2308 3115 uodulabantur.
2357 3057 2554 3111 Finitis
2598 3059 2932 3111 solemnibus
2983 3055 3271 3115 universis,
3320 3068 3437 3121 qtae

206 3150 374 3229 ιγγὺς
398 3149 572 3218 ίστᾷν.
613 3149 763 3202 Ἐπεὶ
795 3150 848 3201 δὲ
879 3145 1019 3219 ἦσαν
1048 3153 1563 3222 παρεσκευασμένα,
1606 3157 1638 3225 ἡ
1670 3156 1769 3223 βα-

1878 3153 2268 3221 imperatorum
2343 3150 2598 3212 ﬁliabus,
2674 3164 2795 3203 cum
2860 3156 3088 3216 nuptum
3147 3147 3437 3206 darentur,

206 3239 349 3303 σιλὶς
372 3239 472 3308 μὲν
502 3239 641 3305 μετά
670 3240 777 3292 τῶν
799 3240 1113 3311 θυγατέρων
1142 3245 1234 3295 ἐπὶ
1257 3244 1359 3313 τῆς
1386 3246 1592 3315 σκηνῆς
1621 3246 1775 3315 ηὐλί-

208 3346 343 3383 σατο
364 3329 460 3399 τὴν
482 3330 676 3393 νύκτα,
720 3333 812 3383 καὶ
839 3332 867 3383 ὁ
925 3328 1175 3401 βασιλεὺς
1208 3337 1343 3401 μετὰ
1368 3336 1466 3404 τῆς
1493 3340 1769 3405 στρατιᾶς.

209 3424 305 3486 El;
342 3422 442 3493 τὴν
472 3423 765 3492 ὑστεραίαν
812 3423 867 3475 δὲ
898 3424 1107 3492 βασιλὶς
1141 3426 1240 3493 μὲν
1287 3426 1503 3494 ἔμεινεν
1554 3429 1647 3479 ἐπὶ
1674 3429 1774 3496 τῆς

208 3515 418 3581 σκηνῆς
453 3516 591 3583 μετά
613 3514 721 3565 τῶν
751 3514 1045 3567 ἐπιλοίπων
1075 3515 1166 3567 δύο
1199 3517 1534 3585 θυγατέρων,
1566 3518 1773 3570 Θεοδώ-

207 3621 278 3671 ρα
309 3603 367 3656 δὲ
408 3606 441 3674 ἠ
487 3606 896 3674 νυμφευομένη,
944 3607 1037 3658 ἐπὶ
1094 3606 1195 3673 τὴν
1244 3608 1515 3676 πρόκυψιν
1548 3609 1770 3678 ἀνῆλθε.

206 3693 473 3758 Βασιλεὺς
517 3695 573 3748 δὲ
606 3696 851 3766 εἱστήκει
904 3695 1142 3763 ἔφιππος
1183 3699 1368 3767 μόνος·
1422 3700 1470 3751 oi
1521 3699 1576 3752 δὲ
1629 3700 1775 3754 ἄλλοι

206 3784 451 3848 ἅπαντες
485 3786 661 3850 πεζοί.
695 3786 853 3839 Οὕτω
891 3788 945 3840 δὲ
980 3787 1089 3841 τῶν
1126 3790 1645 3859 παραπετασμάτων
1676 3810 1777 3844 πε-

209 3875 597 3944 ριαιρεθέντων
627 3878 1099 3947 (περικεκὰλυπτο
1131 3880 1239 3949 γὰρ
1270 3882 1301 3948 ή
1338 3882 1610 3951 πρόκυψις
1644 3902 1778 3937 παν-

204 3967 434 4035 ταχόθεν
453 3968 734 4037 ὑφάσμασι
754 3973 995 4039 σηρικοίς
1030 3974 1129 4023 καῖ
1149 3972 1515 4043 διαχρύσοις),
1550 3975 1772 4043 ἀνεφαίο

207 4073 331 4109 νετο
363 4059 395 4129 ἡ
425 4058 634 4136 νύμφη,
682 4061 775 4112 καὶ
803 4061 1081 4129 λαμπάδες
1128 4058 1269 4131 ἦσαν
1308 4066 1437 4134 περὶ
1474 4065 1643 4134 αὐτὴν
1668 4051 1797 4134 ἠμί

207 4148 374 4215 μᾶναι
406 4150 749 4219 ἑκατέρωθεν
769 4166 784 4181 ⁸
823 4150 889 4213 ἃς
918 4151 1159 4221 εὐνοῦχοι
1184 4154 1505 4223 κατέχοντες
1530 4157 1623 4207 ἐπὶ
1647 4157 1775 4221 γόνυ

204 4239 541 4308 κεκλιμένοι,
590 4243 690 4294 οὐκ
730 4242 1043 4317 ῥφαίνοντο.
1106 4244 1410 4312 Σάλπιγγες
1458 4245 1515 4297 δὲ
1564 4247 1777 4316 ἦχησαν

203 4331 582 4395 ἐπιπλείστον,
613 4331 709 4384 καὶ
740 4324 894 4385 αὐλοὶ
923 4334 1018 4386 καὶ
1051 4332 1328 4402 σύριγγες,
1372 4337 1465 4389 καὶ
1504 4337 1604 4389 ὅσα
1640 4338 1777 4406 πρὸς

202 4422 397 4492 τέρψιν
432 4423 720 4494 ἐξεύρηται
769 4424 1097 4497 ἀνθρώποις.
1139 4427 1513 4497 Παυσαμένων
1546 4428 1602 4481 δὲ
1634 4431 1778 4483 ὲκεί-

1879 3245 2100 3308 ﬁebant,
2125 3245 2425 3314 imperator
2447 3232 2723 3296 militibus
2746 3250 2801 3295 ct
2840 3239 3156 3309 proceribus
3183 3237 3441 3291 Romanis

1876 3352 1941 3391 ac
1986 3334 2242 3390 Barbaris
2284 3335 2535 3387 omnibus
2582 3334 2647 3386 ad
2691 3334 2807 3386 dies
2858 3331 3169 3399 complures
3217 3328 3439 3396 epulum

1877 3428 2048 3492 dedit,
2080 3436 2241 3496 atque
2277 3426 2351 3479 ita
2383 3427 2603 3479 dentqu
2647 3425 2810 3477 ﬁliam
2844 3425 2907 3476 ad
2962 3437 3223 3490 sponsum
3272 3418 3441 3471 ninlto

1880 3519 2074 3592 gaudio
2121 3533 2239 3572 eam
2294 3526 2675 3586 suscepturum
2727 3516 2894 3568 misit.
2944 3514 3077 3577 Quae
3129 3524 3438 3579 quanquam

1879 3611 2114 3665 Barbare
2168 3616 2359 3678 nupta,
2411 3608 2493 3663 sic
2540 3608 2702 3660 vitam
2763 3621 2913 3659 suam
2974 3604 3230 3667 instituit,
3292 3610 3347 3653 ut
3406 3616 3436 3651 a

1877 3702 2146 3770 majorum
2171 3714 2393 3754 suorum
2419 3700 2587 3768 gloria
2618 3714 2725 3751 non
2755 3700 3125 3765 degeneraret.
3154 3692 3264 3746 Nec
3289 3692 3436 3745 enim

1877 3792 2055 3847 solum
2119 3807 2186 3845 ex
2235 3791 2449 3845 illorum
2490 3790 2767 3842 hominum
2802 3788 3050 3841 convictu
3097 3782 3441 3839 consuetudi-

1880 3897 2062 3949 neuue
2106 3882 2314 3937 nullum
2368 3883 2422 3935 in
2478 3882 2737 3951 religione
2795 3880 3049 3933 damnum
3103 3877 3249 3939 fecit,
3316 3875 3442 3928 licet

1883 3976 2116 4029 multum
2163 3988 2228 4028 ac
2271 3988 2414 4043 sxepe
2445 3974 2590 4026 aliud
2634 3974 2682 4026 ei
2726 3971 3057 4041 persuadere
3086 3976 3439 4030 conarentur,

1880 4068 1974 4122 sed
2002 4076 2057 4121 et
2097 4066 2296 4119 multos
2340 4066 2408 4119 ad
2455 4064 2746 4133 impietatis
2775 4060 3097 4117 diverticula
3152 4058 3438 4126 impulsos,

1879 4161 1945 4213 ad
1981 4158 2223 4213 veritatis
2267 4158 2515 4211 semitam
2557 4165 3001 4225 argumentorum
3037 4153 3086 4204 vi
3140 4150 3436 4204 revocavit.

1881 4247 2019 4301 Cum
2070 4248 2425 4315 autemquod
2475 4246 2541 4299 ad
2577 4245 2698 4297 ﬁdei
2756 4243 3007 4313 mysteria
3068 4243 3277 4302 attinet,
3332 4248 3439 4291 tatu

1879 4348 2195 4395 constanter
2224 4353 2283 4392 se
2327 4347 2558 4407 gereret,
2593 4352 2655 4390 ac
2692 4352 2788 4404 pro
2817 4351 2910 4389 sua
2949 4343 3097 4402 parte
3124 4333 3441 4397 frequenter

1882 4447 2005 4485 cum
2059 4428 2303 4499 periculo
2355 4443 2452 4497 pro
2502 4443 2566 4481 ea
2618 4436 3008 4496 pl‘opuguarcl,
3064 4424 3166 4475 alia
3221 4420 3437 4473 interim

203 4532 338 4578 νων,
390 4514 642 4583 ιγκώμια
694 4512 821 4588 ᾖδον
853 4517 904 4568 οί
955 4518 1183 4589 μελῳδοὶ
1223 4519 1328 4572 ὑπό
1358 4537 1522 4573 τινων
1553 4516 1772 4589 ’λογίων

1881 4524 2096 4576 virtutis
2138 4522 2329 4575 decora
2386 4536 2489 4573 non
2539 4519 2861 4587 negligebal,
2931 4516 3023 4567 sed
3064 4529 3254 4567 omnes
3303 4512 3442 4564 deli-

202 4605 345 4674 πρὸς
368 4605 465 4675 τὴν
496 4604 714 4675 νύμφην
752 4610 1117 4678 πεποιημένα.
1170 4612 1325 4665 Ἐπεὶ
1357 4612 1413 4665 δὲ
1443 4613 1624 4666 πάντα
1656 4616 1777 4666 ὲτε-

204 4694 352 4745 λεῖτο
372 4695 442 4745 τὰ
469 4694 733 4763 βασιλέως
765 4698 1111 4765 προσήκοντα
1135 4696 1472 4768 θυγατράσιν
1503 4718 1782 4769 νυμφευθ-

205 4784 424 4852 μέναις,
454 4786 555 4853 τήν
585 4800 646 4837 τε
686 4786 966 4853 στρατιὰν,
1019 4788 1113 4839 καὶ
1160 4790 1289 4851 τοὺς
1317 4790 1374 4841 ὲν
1399 4790 1544 4841 τέλει
1569 4791 1781 4852 πάντας

201 4879 307 4931 καὶ
360 4880 644 4947 Ῥωμαίων
676 4882 769 4933 καὶ
812 4880 1103 4950 βαρϐάρων
1134 4882 1163 4933 ὀ
1193 4881 1448 4951 βασιλεὺς
1484 4885 1659 4939 εἱστία
1693 4885 1777 4952 ἐφ’

201 4967 421 5037 ἡμέρας
450 4970 550 5022 οὐκ
570 4969 778 5037 ὀλίγας.
811 4970 1040 5021 Ἔπειτα
1067 4971 1342 5040 ἐξέπεμπε
1376 4972 1475 5042 τὴν
1501 4973 1776 5044 θυγατέρα

201 5058 346 5127 πρὸς
404 5062 496 5113 τὶν
539 5058 707 5129 ἄνδρα
760 5060 897 5126 μετά
953 5060 1154 5131 πολλῆς
1212 5062 1606 5130 ὑποδεξάμενον
1675 5064 1775 5134 τῆς

199 5150 420 5220 ἡδονῆς,
456 5152 489 5221 ἢ
521 5150 613 5203 καὶ
647 5152 721 5218 τῷ
739 5149 1005 5221 βαρϐάρῳ
1038 5152 1379 5218 συνοικοῦσα,
1406 5152 1504 5223 τῆς
1527 5153 1774 5216 εὐκλείας

198 5240 315 5296 τῶν
346 5242 597 5310 πατέρων
623 5242 777 5307 ἀξίαν
803 5243 1001 5311 ἑαυτὴν
1033 5243 1088 5293 ὲν
1117 5244 1195 5309 τῷ
1224 5243 1601 5297 πολιτεύεσθαι
1628 5262 1774 5319 παρ-

1877 4613 1991 4667 cias
2050 4625 2115 4666 ac
2168 4609 2625 4679 magniﬁcentiam
2672 4608 2853 4670 valere
2898 4607 3118 4671 jubeus,
3155 4603 3442 4655 facultates

1877 4704 2165 4771 egentibus
2217 4700 2580 4754 distribuebat
2622 4715 2639 4754 :
2697 4698 3005 4764 multosque
3057 4694 3310 4747 Barbaris
3387 4693 3441 4743 in

1882 4792 2202 4846 servitutem
2250 4789 2690 4858 venditos,'lytro
2733 4788 3005 4857 persoluto
3054 4787 3167 4852 ipsa
3213 4783 3444 4835 redime-

1880 4886 2014 4948 bat;
2079 4893 2134 4937 et
2189 4884 2447 4936 Romanis
2502 4882 2755 4934 omnibus
2819 4878 3159 4933 incommoda
3224 4876 3437 4926 fortuna

1887 4975 2195 5036 utentibus,
2252 4983 2412 5041 atque
2475 4974 2527 5025 in
2580 4972 2898 5025 servitutem
2946 4985 2974 5021 a
3026 4967 3277 5021 Barbaris
3336 4965 3444 5015 Deo

1882 5066 2229 5135 permittente
2270 5064 2525 5125 redactis,
2560 5072 2751 5132 portus
2797 5061 2989 5114 salutis
3027 5067 3163 5111 erat.
3197 5054 3290 5107 Sic
3346 5054 3445 5121 igi-

1882 5166 1970 5209 tur
1998 5155 2085 5211 illa
2111 5156 2352 5225 quandiu
2400 5150 2540 5208 inter
2588 5154 2854 5208 Barbaros
2895 5153 3046 5215 vixit,
3083 5150 3252 5203 vitam
3290 5161 3444 5199 suam

1882 5249 1949 5305 ad
1980 5264 2143 5303 omne
2176 5265 2350 5319 genus
2381 5248 2957 5317 virtutis-composuit.

196 5336 398 5403 είχετο.
433 5337 507 5387 Οὐ
538 5334 698 5403 μόνον
726 5336 833 5406 γὰρ
868 5336 933 5389 ἐκ
996 5334 1094 5405 τῆς
1126 5336 1506 5407 συνδιατριϐἦς
1573 5340 1797 5392 ἐκείνων
1837 5342 2159 5412 παρεϐλάϐη
2197 5344 2336 5396 κατά
2366 5344 2465 5413 τὴν
2496 5343 2676 5394 πίστιν
2708 5342 2880 5404 οὐδὲν,
2919 5338 3096 5391 καίτοι
3151 5352 3215 5405 γε
3279 5333 3448 5387 πολλὰ

201 5425 469 5499 πολλάκις
502 5425 924 5498 ἐπιχειρούντων
988 5424 1361 5498 μεταπείθειν,
1395 5430 1531 5484 ἀλλὰ
1584 5433 1677 5485 καὶ
1706 5433 1935 5500 πολλοὺς
1966 5436 2073 5488 τῶν
2137 5436 2272 5507 πρὸς
2299 5435 2395 5506 τὴν
2422 5437 2679 5489 ἀσέϐειαν
2701 5434 3055 5503 ὑπαχθέντων
3114 5419 3449 5484 ἀνεκαλέσα-

1378 5598 1383 5601 ’
1478 5592 1693 5655 Jacobi
1726 5598 1987 5657 Pontum
2025 5608 2208 5659 uota).

280 5712 395 5783 (63)
436 5713 695 5787 Exempla
738 5716 906 5773 moris
950 5716 1114 5789 hujus
1165 5731 1262 5786 ego
1314 5714 1457 5771 nulla
1508 5716 1771 5773 hactenus
1809 5719 1910 5791 legi
1938 5738 1949 5774 :
1980 5736 2078 5779 nec
2112 5734 2285 5776 tamen
2318 5720 2637 5775 historicum
2706 5718 2846 5773 istuc
2880 5726 3081 5771 temch
3145 5710 3442 5766 aiﬁimasse

204 5792 365 5852 puto.
