4166 6432
216 350 352 416 127'!

455 421 483 456 ο

1335 345 1872 407 HISTORIARUM
1919 344 2151 403 ΜΒΕῆ
2195 345 2311 404 ΙΙΙ.

3299 335 3434 398 19.78

209 463 258 515 οί
289 457 413 526 περὶ
444 447 605 508 ἆύτδν
660 454 861 520 πολλὰς
890 455 1202 526 ὡμολόγουν
1244 457 1472 527 χάριτας
1501 455 1642 523 θεῷ,
1676 454 1769 506 οὔ⁸
1802 504 1804 510 .

1907 469 1996 506 um
2052 465 2105 509 et
2159 454 2385 508 aliorum
2453 450 2648 504 auxilia
2706 450 2840 503 nihil
2884 447 3227 518 profuerunt,
3281 449 3434 500 vidc-

207 567 317 611 τως
344 549 406 599 ἐκ
428 546 678 616 χαλεπῶν
699 546 963 598 κινδύνων
991 547 1240 616 ρυομένῳ
1269 546 1514 616 βασιλέα.
1547 544 1767 605 Βασιλὶς

207 639 264 690 δὲ
287 641 322 708 ἡ
347 639 512 691 Ἀννα
538 637 632 689 καὶ
663 637 712 688 οί
764 636 893 706 περὶ
923 635 1093 705 αὐτὴν
1138 637 1246 689 τῶν
1296 634 1640 702 πραγμάτων
1671 633 1771 701 ἄρ-

209 744 416 796 χοντες.
473 727 595 777 ἐπεὶ
652 724 800 794 παρά
827 742 885 776 τε
937 729 1038 795 τῆς
1084 724 1286 777 Μυσῶν
1319 724 1633 792 συμμαχίας
1674 723 1769 772 καὶ

211 818 322 870 τῶν
372 817 549 871 ἄλλων
600 817 807 886 ὢνηντο
853 815 1028 881 οὐδὲν,
1084 815 1350 886 Ὀρχάνην
1402 831 1460 866 τε
1511 813 1770 865 ἀδύνατον

213 913 401 980 ἐώρων
432 911 780 981 μεταπείθειν
835 912 968 981 πρδς
1005 909 1456 978 Καντακουζηνδν
1488 907 1578 958 τὸν
1617 898 1771 974 βασι-

212 1004 310 1055 λέα
345 1003 598 1070 πολεμεῖν
629 1001 715 1071 διὰ
745 1001 805 1052 τὸ
828 1001 1317 1070 κῆδος,ὲτράποντο
1350 999 1440 1051 ἐπὶ
1471 999 1530 1050 τὸ
1565 997 1776 1050 πείθειν

213 1093 398 1162 ἕτερον
431 1109 552 1143 τινα
577 1091 685 1145 τῶν
717 1091 1010 1161 βαρϐάρων
1059 1093 1372 1160 συμμαχεῖν
1404 1091 1605 1150 αὐτοῖς.
1667 1087 1777 1140 Καὶ

213 1177 530 1245 πέμψαντες
564 1178 806 1247 Τάγαριν
833 1177 1104 1247 Γεώργιον
1143 1179 1234 1231 τξν
1264 1179 1439 1246 μέγαν
1470 1192 1776 1246 στρατοπε-

214 1267 422 1336 δᾶρχην
480 1268 619 1338 πρὸς
664 1269 950 1338 Σαρχάνην
984 1269 1074 1321 τὸν
1101 1269 1304 1328 Λυδίας
1338 1268 1626 1338 σατράπην
1653 1281 1666 1296 ·
1712 1261 1780 1334 ἦν

217 1358 328 1425 γὰρ
357 1357 506 1426 αὐτῷ
535 1360 630 1409 καὶ
660 1359 899 1428 συνήθης
951 1361 1216 1427 πρότερον
1268 1359 1362 1410 ἐπὶ
1391 1357 1782 1424 Φιλαδέλφειαν

217 1449 388 1502 πυλὺν
414 1451 604 1518 χρόνον
619 1449 697 1520 τῷ
723 1451 890 1518 πατρὶ
914 1450 1372 1519 συνδιατρίψαντι·
1395 1451 1603 1502 ἐδέοντο
1633 1448 1784 1516 σφίσι

221 1538 436 1606 βοηθεῖν
494 1541 587 1590 καὶ
625 1540 866 1608 πέμπειν
905 1541 1046 1592 κατὰ
1084 1539 1350 1608 βασιλέως
1392 1538 1676 1607 στρατιάν.
1722 1538 1781 1590 Ὀ

219 1629 274 1680 δὲ
303 1629 502 1682 αὐτίκα
531 1646 591 1680 τε
616 1631 889 1695 ἐπείθετο,
925 1632 1020 1683 καὶ
1051 1630 1427 1698 συνεξέπεμπε
1456 1628 1534 1696 τῷ
1568 1629 1784 1697 Τάγαρι

220 1717 318 1786 τὴν
350 1717 598 1785 δύναμιν.
643 1718 847 1788 ’Δμοὺρ
895 1718 951 1770 δέ
999 1719 1072 1780 ὼς
1117 1718 1348 1770 ἐπύθετο
1399 1718 1498 1784 τὴν
1529 1717 1780 1785 Σαρχάνη

224 1811 486 1878 στρατιάν
515 1811 798 1881 χωροῦσαν
827 1812 969 1864 κατὰ
1011 1811 1294 1880 βασιλέως,
1339 1811 1490 1862 δεινὰ
1523 1811 1782 1872 ἐποιεῖτο,

224 1905 316 1950 καὶ
341 1901 581 1952 ἐπίνοιάν
609 1919 732 1954 τινα
773 1903 1066 1954 ἐσκέπτετο
1090 1902 1155 1954 δι’
1185 1896 1250 1971 ἦς
1282 1902 1491 1964 ἐξέσται
1539 1901 1614 1967 τῷ
1648 1902 1787 1967 φίλῳ

227 1989 461 2058 βοηθεῖν.
495 1992 599 2043 Καὶ
629 1991 1036 2060 ἀπολεξάμενος
1070 1991 1162 2043 δύο
1189 1991 1298 2043 τῶν
1329 1991 1457 2061 παρ’
1489 1990 1636 2058 αύτῷ
1667 1993 1787 2041 ἐπι-

226 2081 432 2148 φανῶν,
474 2080 566 2144 οὓς
596 2083 712 2152 ᾔδει
745 2075 980 2150 μάλιστα
1026 2083 1095 2135 τὰ
1127 2082 1266 2135 κατά
1295 2083 1520 2150 γνώμην
1549 2081 1787 2150 πράξον-

224 2186 346 2231 τας,
373 2170 645 2238 ἐξέπεμπε
682 2170 777 2222 καὶ
816 2169 1106 2239 δισχιλίους
1130 2167 1470 2237 στρατιώτας
1515 2169 1792 2238 παρασχό-

233 2277 412 2328 μενος,
451 2261 522 2322 rb;
554 2260 670 2328 ἅμα
694 2263 758 2330 τῇ
792 2261 1044 2330 Σαρχάνη
1073 2261 1302 2329 στρατιᾷ
1338 2259 1791 2330 περαιωθησομέ-

227 2370 350 2415 νους
408 2350 542 2422 πρὸς
607 2353 706 2424 τὴν
762 2353 1002 2422 Θρᾴκην.
1048 2352 1210 2415 Ἕθος
1269 2351 1375 2423 γὰρ
1416 2351 1628 2413 τούτοις
1679 2351 1792 2413 τοῖς

233 2443 547 2512 βαρϐάροις,
603 2445 852 2497 ὅτανέπὶ
900 2443 1192 2512 λεηλασίαν
1237 2442 1410 2504 ἴωσιν,
1451 2442 1517 2495 ἄν
1557 2457 1704 2503 τινες
1734 2441 1793 2506 ἐξ

233 2535 421 2602 ἐτέρας
451 2534 782 2604 σατραπείας
808 2533 1032 2586 ἐθέλωσι
1067 2534 1417 2596 συνέπεσθαι,
1443 2533 1517 2602 μὴ
1539 2532 1794 2597 κωλύειν,

235 2624 370 2677 ἀλλά
420 2625 512 2676 καὶ
563 2624 762 2676 ειδέναι
817 2625 976 2693 χάριν
1007 2623 1080 2685 ὡς
1126 2623 1302 2691 φίλοις
1346 2624 1438 2676 καὶ
1465 2624 1794 2692 συμμάχοις.

245 2715 493 2769 Ἐκέλευε
527 2714 582 2766 δὲ
631 2715 840 2782 Ἀμοὺρ
885 2717 996 2775 τοῖς
1030 2718 1162 2782 παρ’
1221 2715 1416 2767 ἑαυτοῦ
1466 2715 1796 2784 πεμφθεῖσιν

235 2804 512 2873 ἄρχουσιν,
546 2805 621 2867 ὡς
671 2805 736 2857 ἂν
788 2805 887 2874 μὲν
923 2805 1294 2860 διαλλάττοιτο
1335 2805 1470 2874 πρὸς
1503 2805 1728 2874 βασιλέα
1764 2806 1797 2875 ἡ

240 2896 494 2964 Σαρχάνη
551 2896 823 2963 στρατιά·
881 2894 1091 2948 οἴεσθαι
1153 2896 1262 2965 γὰρ
1317 2897 1515 2957 αὐτοὺς
1579 2897 1804 2966 βασιλέα

237 2988 450 3038 πείσειν
496 2985 880 3038 κατατίθεσθαι
908 2987 1000 3038 τὸν
1028 2986 1166 3056 πρὸς
1194 2987 1402 3039 ἐκεῖνον
1435 2986 1672 3055 πόλεμον
1703 2985 1800 3038 ’καὶ

1874 554 2108 613 runtque
2142 560 2417 613 nunquam
2449 545 2585 607 fore,
2628 551 2685 594 ut
2731 540 2968 595 Orchani
3015 540 3158 593 aliud
3205 553 3427 608 persua-

1871 636 2083 701 dercnt,
2111 651 2343 702 eumque
2375 634 2442 688 ad
2475 634 2911 688 Cantacuzenum
2962 644 3212 684 socerum
3261 645 3430 697 oppu-

1871 731 2143 797 gnandum
2190 727 2531 787 inducerent,
2572 724 2639 776 ad
2675 723 2811 776 alius
2861 721 3076 774 Barbari
3112 721 3428 773 societatem

1875 815 2210 870 ctauxilium
2261 812 2658 883 implorandum
2711 826 2832 866 sese
2879 815 3284 864 converterunt.
3331 807 3438 860 Ita-

1875 924 1979 977 que
2007 907 2294 976 Georgium
2325 904 2554 976 Tagarin
2577 943 2592 967 ,
2621 917 2872 973 magnum
2899 899 3421 969 stratopedarcham,

1877 997 1941 1050 ad
1962 996 2291 1050 Sarchauem
2315 994 2492 1065 Lydia:
2511 1005 2777 1062 satrapam
2795 994 2841 1046 ei
2867 991 3185 1044 familiarem
3217 988 3438 1056 (quippe

1877 1088 2120 1157 quicum
2161 1096 2315 1155 patre
2357 1085 2529 1153 ipsius
2573 1083 2867 1137 Sarehanis
2909 1078 3298 1146 Philadelphia:
3343 1078 3438 1129 diu

1880 1183 2127 1228 versatus
2167 1173 2367 1242 fuerat)
2401 1172 2646 1238 mittunt,
2681 1179 2734 1225 et
2768 1186 2923 1240 opem
2973 1169 3230 1223 adversus
3265 1167 3442 1232 impe-

1880 1277 2112 1331 ratorem
2137 1263 2394 1333 ﬂagitant.
2423 1262 2475 1315 Is
2501 1261 2789 1316 confestim
2819 1261 3008 1323 flexus,
3033 1257 3226 1326 Tagari
3258 1254 3444 1321 copias

1883 1353 2062 1409 tradit.
2093 1354 2348 1407 Amurius
2379 1361 2438 1405 ut
2471 1353 2536 1404 ad
2572 1352 2690 1419 ejus
2715 1361 2876 1403 aures
2908 1349 3080 1413 venit,
3110 1347 3440 1401 Sarcbanem

1882 1457 2070 1500 contra
2103 1445 2482 1512 imperatorem
2516 1444 2732 1496 mittere
2767 1442 3018 1503 militem,
3057 1441 3237 1505 iniqua
3262 1445 3443 1490 mente

1886 1537 2025 1603 tulit,
2053 1547 2104 1589 et
2134 1537 2390 1604 quiddam
2423 1546 2762 1590 commentus
2788 1544 2889 1599 est,
2916 1549 3022 1602 quo
3051 1535 3224 1586 amico
3259 1532 3439 1598 cpitu-

1885 1628 2109 1680 laretnr.
2162 1625 2400 1680 Delectis
2428 1626 2573 1678 enim
2608 1627 2674 1679 de
2714 1625 2826 1678 suis
2870 1625 3083 1678 duobus
3116 1621 3445 1686 illustribus,

1888 1732 2026 1786 quos
2056 1717 2157 1770 sibi
2192 1717 2244 1768 in
2279 1716 2466 1784 primis
2495 1716 2852 1769 obsecuturos
2883 1725 3057 1779 norat,
3083 1714 3257 1781 iisque
3289 1713 3447 1765 attri-

1888 1810 2027 1863 bulis
2040 1807 2511 1872 duobusmillibus,
2528 1806 2681 1860 simul
2698 1822 2819 1860 cum
2841 1805 3127 1860 Sarebanis
3143 1793 3453 1858 cohortibus

1888 1901 1941 1952 in
1969 1899 2256 1953 Thraciam
2285 1899 2609 1966 trajecturos
2642 1897 2805 1950 misit.
2833 1895 2958 1948 Erat
2985 1896 3128 1949 enim
3164 1895 3305 1964 apud
3321 1894 3452 1947 Bar-

1889 1991 2045 2044 baros
2096 1990 2228 2043 istos
2271 1969 2533 2053 solemne,
2576 2004 2702 2042 cum
2743 1989 3054 2056 pepulatum
3102 1987 3262 2049 irent,
3293 1986 3338 2038 si
3387 1999 3451 2038 cx

1889 2084 1994 2136 alia
2031 2081 2265 2152 satrapia
2301 2090 2485 2135 essent
2519 2082 2608 2149 qui
2654 2081 2808 2149 sequi
2843 2086 3130 2148 cuperent,
3176 2094 3242 2132 ne
3274 2077 3456 2145 prohi-

1891 2175 2168 2240 berentur,
2199 2173 2330 2242 quin
2363 2181 2418 2226 et
2447 2172 2630 2240 gratiae
2658 2181 2717 2224 ut
2746 2172 2935 2224 amicis
2965 2180 3020 2224 et
3067 2169 3229 2223 sociis
3287 2169 3455 2221 habe-

1893 2273 2099 2318 rentur.
2134 2263 2422 2332 lmperavit
2468 2272 2647 2316 autem
2677 2261 2903 2315 duribus
2932 2261 3070 2323 suis,
3126 2268 3186 2313 ut
3235 2260 3277 2312 si
3326 2257 3460 2312 Sar-

1894 2355 2086 2410 cbanis
2111 2355 2281 2424 copia:
2317 2355 2636 2424 imperatori
2671 2355 3160 2409 reconciliarentur
3186 2355 3460 2420 (arbitrari

1895 2448 2041 2501 enim
2071 2461 2148 2510 se,
2179 2461 2303 2498 eum
2331 2461 2395 2498 ex
2427 2446 2670 2499 hostibus
2723 2446 2822 2500 sibi
2853 2447 3056 2499 amicos
3087 2456 3140 2499 et
3169 2444 3457 2498 auxiliares

1897 2536 2279 2603 redditurum),
2315 2551 2414 2588 nec
2470 2536 2570 2604 ipsi
2623 2551 2882 2589 arcanum
2942 2536 3314 2614 enuntiarent,
3371 2534 3462 2587 sed

1901 2642 2027 2682 cum
2076 2627 2194 2706 aliis
2244 2627 2309 2680 ad
2364 2628 2750 2695 imperatorem
2795 2627 3109 2680 transirent.
3162 2624 3256 2679 Sin
3316 2626 3464 2679 illum

1901 2719 2046 2772 serio
2069 2733 2383 2787 oppugnare
2415 2719 2632 2780 vellent,
2660 2719 2795 2771 clam
2824 2718 3123 2782 mitterent,
3159 2726 3211 2770 et
3245 2717 3310 2769 ad
3339 2718 3468 2768 Itar-

1903 2810 2047 2866 baris
2101 2811 2466 2864 resistendum
2526 2811 2900 2864 hortarentur.
2954 2811 3261 2878 Dispertitis
3307 2824 3470 2877 porro

1904 2902 2203 2966 ordinibus,
2235 2904 2518 2973 ingruente
2545 2903 2656 2971 jam
2685 2902 2960 2968 conflictu,
2994 2904 3056 2956 ad
3087 2904 3472 2972 imperatorem

1909 2994 2329 3065 transfugerent,
2390 3004 2445 3048 et
2499 3008 2623 3048 cum
2675 2995 2822 3047 illius
2856 2995 3068 3064 agmine
3107 2995 3162 3048 in
3207 2992 3474 3045 Barbaros

241 3080 572 3149 συμμαχεῖν·
619 3079 742 3149 μηδ’
776 3079 975 3141 αὐτοὺς
1008 3078 1415 3134 ἀποκαλύπτειν
1446 3080 1509 3132 τὸ
1560 3081 1801 3151 ἀπόρρη-

1909 3088 2323 3159 impressionem
2390 3087 2655 3142 facerent.
2724 3087 2871 3140 Talia
2923 3087 3153 3140 ducibus
3216 3085 3477 3155 prterepit

240 3187 350 3232 τον,
385 3170 521 3223 ἀλλὰ
563 3170 702 3238 μετὰ
730 3169 838 3223 τῶν
871 3171 1045 3224 ἄλλων
1068 3171 1207 3241 πρὸς
1234 3172 1326 3225 τὸν
1367 3171 1592 3241 βασιλέα
1621 3173 1799 3242 ἥκειν.

246 3263 342 3313 "Av
370 3262 415 3313 δ’
438 3261 696 3314 ἐθέλωσιν
727 3264 923 3315 ἐκεῖνοι
956 3264 1210 3333 πολεμεῖν
1235 3265 1309 3327 ώς
1343 3265 1581 3335 άληθῶς,
1618 3268 1802 3336 κρύφα

242 3355 566 3422 πέμψαντας
604 3357 740 3425 πρὸς
767 3357 1008 3425 βασιλέα,
1052 3360 1341 3425 παραινεῖν
1373 3359 1521 3426 αὐτῷ
1570 3361 1802 3411 ἀντικα-

243 3447 532 3499 θίστασθαι
564 3447 700 3517 πρὸς
741 3448 921 3517 μάχην
952 3451 1066 3510 τοῖς
1100 3447 1416 3518 βαρϐάροις.
1467 3449 1717 3501 Ἐπειδὰν
1747 3449 1804 3502 δὲ

240 3533 341 3591 ὦσι
365 3539 964 3607 παρατεταγμένοι,καὶ
988 3540 1088 3608 ήδη
1111 3539 1346 3608 μέλλωσι
1365 3539 1803 3608 συμπλέκεσθαι,

248 3631 604 3702 μεθίστασθαι
660 3631 797 3700 πρὸς
828 3630 1080 3699 βασιλέα,
1138 3633 1232 3685 καὶ
1288 3634 1484 3701 χωρεῖν
1513 3631 1654 3684 κατὰ
1699 3632 1807 3685 τῶν

248 3722 540 3792 βαρϐάρων
570 3722 709 3792 μετὰ
744 3723 844 3792 τῆς
874 3725 1082 3776 ἐκείνου
1114 3725 1398 3792 στρατιᾶς.
1431 3725 1557 3785 Τοῖς
1591 3724 1688 3792 μὲν
1717 3720 1808 3778 οὖν

245 3814 474 3882 ἄρχουσι
511 3813 612 3880 τῆς
653 3815 912 3883 στρατιᾶς
971 3812 1115 3868 οὕτω
1150 3815 1517 3884 προσέταττεν
1579 3814 1808 3884 Ἀμοὺρ,

249 3903 478 3970 μηδενὸς
513 3903 693 3964 αὐτοῖς
717 3903 906 3972 ἐτέρου
943 3904 1245 3966 συνειδότος
1272 3905 1332 3959 τὸ
1350 3905 1811 3978 ἀπόρρητον.Τοῖς

250 3993 605 4064 στρατιώταις
635 3995 691 4048 δὲ
721 3996 940 4048 ἐκέλευε
961 3997 1138 4050 πάντα
1158 3996 1440 4050 πείθεσθαι
1463 4000 1578 4060 τοῖς
1601 3996 1810 4066 ἄρχου·

249 4101 325 4150 σι,
362 4086 454 4138 καὶ
483 4084 683 4155 μηδένα
710 4088 1208 4158 πολυπραγμονεῖν,
1231 4089 1305 4151 ὡς
1329 4089 1381 4142 ετ
1402 4105 1481 4152 τις
1509 4089 1584 4158 μὴ
1608 4089 1812 4142 πείθοι-

247 4193 329 4239 το,
361 4176 528 4228 αύτοῦ
555 4178 647 4229 καὶ
679 4178 870 4245 γένους
889 4175 1426 4248 διαφθαρησομένου.
1450 4178 1687 4233 Τοιαῦτα
1714 4178 1814 4248 μὲν

246 4269 275 4321 ὁ
312 4269 513 4337 Ἀμοὺρ
534 4268 893 4335 συσκευάσας,
923 4269 1058 4339 μετὰ
1083 4269 1194 4323 τῶν
1232 4270 1406 4324 ἄλλων
1431 4271 1812 4340 συνεξέπεμπε

247 4358 345 4427 τὴν
371 4359 648 4429 στρατιάν.
681 4359 926 4430 Τάγαρις
955 4360 1012 4413 δέ
1055 4362 1084 4413 ὁ
1124 4361 1296 4430 μέγας
1331 4361 1810 4431 στρατοπεδάρχης

249 4449 458 4512 πάντας
497 4449 636 4518 ἔχων
689 4450 824 4519 ὁμοῦ
846 4488 861 4515 ,
885 4450 1210 4520 ἐπεραιοῦτο
1251 4451 1356 4518 ’τὸν⁴
1395 4449 1809 4520 Ἑλλήσποντον.

248 4542 357 4592 Καὶ
385 4543 412 4592 ὁ
447 4539 700 4608 βασιλεὺς
738 4541 858 4592 ἐπεὶ
887 4539 986 4610 τὴν
1015 4541 1276 4609 στρατιάν
1305 4540 1534 4594 ἐπύθετο
1573 4559 1812 4612 περαιω-

251 4632 459 4693 θεῖσαν,
501 4629 618 4698 ἅμα
650 4629 706 4683 δὲ
761 4631 836 4693 ώς
875 4633 922 4684 οί
973 4631 1180 4702 ταύτην
1218 4633 1445 4700 ἄγοντες
1497 4636 1819 4703 στρατηγοὶ,

246 4720 358 4772 τῶν
390 4721 561 4788 φίλων
609 4722 718 4774 εἰσὶ
761 4724 856 4774 καὶ
913 4721 1023 4775 τῶν
1061 4723 1327 4792 συνήθων,
1358 4725 1449 4776 τὸν
1494 4723 1812 4792 Δοιδορίτην

250 4813 345 4863 καὶ
384 4810 634 4863 Ἀθιανὸν
685 4811 905 4880 πέμψας
943 4812 1079 4881 πρὸς
1107 4813 1324 4875 αὐτοὺς.
1368 4812 1610 4883 παρῄνει
1650 4831 1821 4866 κατα-

248 4903 495 4958 τίθεσθαι
522 4906 614 4957 τὸν
644 4906 882 4974 πόλεμον
921 4905 1016 4960 τὸν
1064 4905 1201 4975 πρὸς
1251 4905 1412 4958 αὐτόν
1441 4922 1455 4936 ·
1489 4907 1583 4958 καὶ
1642 4907 1822 4960 πάντα

246 5003 419 5050 τόπον
452 4997 730 5066 ἐπεχείρει
765 4997 977 5051 πείθειν
1005 4997 1338 5068 ἀφίστασθαι
1376 4996 1471 5050 τοῦ
1503 4997 1621 5051 κατ’
1652 4997 1820 5050 αὑτοῦ

248 5090 471 5158 χωρεῖν.
503 5089 566 5140 Οί
602 5089 700 5158 μὲν
726 5088 820 5142 οὖν
858 5089 1011 5143 ἄλλοι
1057 5089 1167 5142 τῶν
1211 5089 1502 5159 ἡγεμόνων
1563 5089 1662 5141 ούκ
1699 5088 1825 5158 ἀφί-

257 5196 458 5232 σταντο
489 5181 585 5234 τοῦ
610 5181 876 5251 πράττειν
916 5182 982 5235 τὰ
1015 5181 1155 5234 κατὰ
1187 5181 1413 5251 γνώμην
1449 5179 1525 5250 τῷ
1545 5181 1696 5250 σφῶν
1731 5197 1826 5232 σαν

247 5270 460 5341 τράπιγ
485 5271 702 5341 άληθῶς
730 5273 838 5341 γὰρ
865 5272 1227 5342 ἐπέμφθησαν
1250 5273 1374 5326 κατ’
1406 5271 1593 5324 αὐτοῦ.
1628 5271 1823 5341 Ὅμως

249 5363 310 5415 δέ
354 5381 511 5426 τινας
551 5365 647 5416 καὶ
702 5365 1078 5432 χρηστοτέρας
1124 5361 1450 5434 παρείχοντο
1480 5364 1722 5426 ἐλπίδας.
1758 5363 1823 5416 Οί

247 5457 349 5524 τῆς
409 5457 616 5526 Ἀμοὺρ
672 5456 726 5509 δέ
776 5458 1037 5526 στρατιᾶς
1087 5458 1384 5527 ἡγούμενοι
1454 5457 1696 5526 ἐμήνυον
1760 5455 1825 5508 τὸ

249 5549 563 5618 ἀπόρρητον
610 5547 689 5616 τῷ
743 5547 977 5617 βασιλεῖ,
1033 5549 1128 5601 καὶ
1159 5534 1435 5619 παρῄνουν
1465 5565 1526 5600 τε
1575 5547 1824 5618 θαρῥεῖν,

251 5640 352 5691 καὶ
386 5639 913 5708 παρασκευάζεσθαι
950 5639 1085 5707 πρὸς
1131 5640 1311 5708 μάχην
1355 5640 1420 5692 ἂν
1456 5638 1704 5691 ἐπίωσιν.
1759 5639 1821 5688 υί

256 5732 358 5800 μὲν
382 5727 475 5786 οὖν
504 5731 764 5802 πρέσϐεις
790 5732 1017 5802 τάχιστα
1036 5733 1447 5795 ἐπανελθόντες,
1472 5729 1823 5800 ἀπήγγελλον

1905 3181 2186 3243 Amurius,
2238 3196 2359 3250 quae
2403 3180 2642 3249 reliquos
2691 3177 2946 3231 fallebant
2996 3191 3209 3231 omnes.
3279 3175 3478 3229 Milites

1906 3287 2035 3326 vero
2059 3271 2260 3325 omissa
2294 3271 2613 3325 curiositate
2642 3271 2872 3324 ducibus
2904 3285 3000 3339 per
3039 3268 3222 3322 omnia
3267 3271 3478 3327 obtem-

1907 3379 2094 3432 perare
2129 3363 2310 3431 jussit.
2343 3363 2443 3434 Qui
2474 3377 2636 3418 secus
2678 3363 2919 3424 fecisset,
2966 3376 3088 3415 cum
3118 3375 3318 3430 genere
3373 3373 3475 3412 suo

1909 3457 2235 3526 periturum.
2270 3453 2655 3524 llujuscemodi
2688 3453 2871 3508 dolum
2913 3453 3258 3506 machinatus
3305 3448 3474 3502 Amu—

1908 3549 2044 3613 rius,
2077 3562 2199 3601 cum
2234 3547 2357 3600 aliis
2387 3561 2517 3600 suos
2551 3547 2748 3600 emisit.
2783 3544 3006 3614 Tagaris
3055 3559 3176 3598 cum
3221 3541 3477 3597 omnibus

1908 3641 2091 3696 Persis
2118 3639 2523 3708 Hellespontum
2563 3636 2803 3708 trajecit;
2835 3635 2998 3705 687
3049 3635 3346 3702 Imperator
3383 3632 3472 3684 ubi

1909 3732 2206 3786 exercitum
2230 3707 2626 3791 transvectum,
2645 3737 2700 3781 et
2727 3727 2888 3780 simul
2913 3727 3168 3780 ductores
3190 3725 3393 3778 amicos
3423 3737 3486 3776 ac

1907 3823 2197 3878 familiares
2212 3835 2333 3874 esse
2356 3819 2586 3889 accepit,
2615 3835 2710 3887 per
2742 3816 3064 3873 Lasdoritem
3103 3825 3158 3871 et
3189 3815 3484 3869 Athianum

1911 3912 2142 3974 monuit,
2180 3912 2256 3964 uti
2298 3909 2443 3963 bello
2488 3917 2678 3963 contra
2723 3922 2800 3961 se.
2831 3906 3295 3976 supersederent;
3332 3905 3478 3974 quod

1913 4013 1973 4058 ut
1997 4004 2065 4057 ab
2111 4001 2218 4056 illis
2264 3981 2563 4063 obtineret,
2616 3999 2861 4053 tentabat
2908 3997 3116 4052 omnia.
3166 3996 3271 4050 Alii
3325 3995 3490 4066 igitur

1911 4094 2100 4156 duces,
2147 4105 2267 4161 qua
2319 4105 2519 4160 cupere
2573 4098 2842 4157 satrapam
2891 4103 3050 4142 suum
3103 4095 3349 4154 nossent,
3381 4101 3488 4138 non

1925 4182 2434 4256 praetermittebant,
2462 4196 2591 4236 vere
2629 4180 2899 4250 siquidem
2929 4188 3120 4234 contra
3150 4178 3489 4233 Cantacuze-

1915 4291 2044 4331 num
2073 4275 2224 4329 missi
2279 4281 2457 4326 erant.
2515 4271 2904 4327 Verumtamen
2955 4286 3108 4341 spem
3163 4270 3363 4326 bonam
3396 4271 3494 4326 da-

1917 4369 2068 4422 bant.
2104 4365 2174 4418 At
2203 4365 2370 4418 duces
2401 4364 2682 4432 copiarum
2722 4362 2930 4418 Amurii
2977 4370 3033 4417 et
3078 4372 3350 4417 secretum
3385 4363 3492 4414 im-

1870 4454 2152 4541 Tperatori
2205 4456 2540 4522 reserabant,
2595 4464 2651 4509 et
2714 4455 2758 4508 si
2798 4463 3091 4524 peteretur,
3137 4454 3204 4507 ad
3251 4469 3489 4523 pugnam

1922 4550 2160 4605 vicissim
2205 4547 2413 4618 accingi
2468 4547 2848 4601 hortabantur.
2876 4544 3062 4616 Legati
3096 4548 3363 4616 oeyssime
3408 4562 3498 4599 re-

1923 4641 2084 4705 versi,
2121 4649 2324 4693 statum
2358 4653 2541 4692 rerum
2589 4639 2731 4708 apud
2772 4638 2964 4692 Persas
3007 4648 3310 4708 exponunt.
3347 4638 3486 4690 Tum

1922 4732 2038 4800 ipse
2067 4745 2281 4799 quoque
2328 4721 2690 4790 dimicationi.
2735 4730 2779 4783 si
2827 4744 2966 4798 opus
3013 4730 3106 4791 sit,
3153 4743 3212 4784 se
3252 4728 3494 4792 instruit,

1921 4822 2057 4877 alios
2107 4820 2476 4890 ﬂoccipendit,
2531 4819 2851 4873 Atnurianis
2905 4835 2968 4873 ex
3026 4819 3141 4888 ipsa
3170 4819 3285 4872 acie
3323 4819 3389 4872 ad
3437 4834 3502 4872 se

1926 4914 2263 4968 transituris.
2300 4912 2466 4966 Paulo
2495 4920 2617 4980 post
2645 4920 2698 4965 et
2717 4910 3068 4965 Sarchaniani
3088 4911 3493 4980 conspirantes,

1922 5019 2263 5060 communem
2313 5001 2636 5072 legationem
2693 5003 2759 5056 ad
2814 5002 3196 5070 imperatorem
3253 5003 3495 5065 mittunt,

1923 5096 2066 5151 bono
2099 5095 2283 5148 animo
2321 5109 2441 5148 esse
2467 5093 2660 5162 jubent
2690 5110 2702 5144 :
2737 5108 2793 5146 se
2824 5091 3085 5162 deinceps
3139 5092 3318 5145 socios
3346 5091 3492 5144 illius

1924 5197 1979 5243 et
2008 5188 2214 5242 amicos
2250 5186 2387 5242 fore.
2418 5185 2698 5256 liogabant
2728 5194 2930 5250 tamen,
2962 5199 3029 5237 ne
3076 5184 3128 5236 in
3160 5198 3400 5252 przesens
3428 5183 3496 5236 ad

1924 5294 1984 5333 se
2033 5275 2219 5332 venire
2279 5287 2516 5347 cogeret,
2554 5279 2646 5331 sed
2704 5273 3021 5346 Byzantium
3067 5276 3218 5329 abire
3267 5277 3495 5342 sineret,

1929 5368 2038 5422 illic
2076 5368 2316 5435 acceptis
2375 5365 2533 5420 donis
2573 5374 2627 5418 et
2660 5365 2944 5433 promissis
2985 5373 3212 5434 satrapae
3265 5379 3366 5417 suo
3398 5378 3497 5433 peo

1925 5457 2104 5513 cuniis
2162 5469 2502 5518 reversuros,
2572 5463 2626 5507 et
2671 5469 2790 5522 qua:
2836 5454 3156 5523 imperaret.
3207 5453 3497 5508 eﬂecturos

1927 5546 2132 5602 omnia.
2174 5545 2289 5598 Tali
2345 5560 2512 5614 scopo
2567 5543 2788 5597 Barbari
2837 5542 3154 5615 Byzantium
3204 5551 3493 5608 venerunt,

1928 5637 2265 5706 ingressique
2287 5635 2354 5689 ad
2388 5636 2789 5703 imperatrieem
2820 5636 3004 5699 duces,
3030 5650 3151 5689 eam
3177 5635 3498 5696 adorarunt,

1931 5728 2336 5794 lnnnt'iticaqzte
2400 5727 2539 5782 dona
2596 5738 2942 5798 acceperunt.
2996 5727 3266 5783 Convenit
3329 5740 3492 5796 porro
