4166 6432
614 398 752 466 1283

1770 385 2099 451 JOANNIS
2125 374 2669 444 CANTACUZENI
2765 452 2770 457 _

3726 373 3872 440 128].

610 513 788 564 vitreo
815 505 1132 561 exhibebat.
1166 503 1337 570 Quem
1388 503 1458 557 ob
1484 500 1793 571 a-quitatem
1826 506 1881 552 et
1925 495 2185 550 indicium

2321 489 2640 559 ςρηστότητα
2665 485 2776 538 τῶν
2803 483 3044 555 τρόπων,
3083 482 3176 535 καὶ
3199 482 3260 534 τὸ
3287 483 3580 552 φάρμακον
3604 488 3878 556 παρεῖχεν

613 600 932 653 insidiarum
984 596 1221 650 laudavit
1262 603 1316 648 et
1352 603 1668 645 iuuneratus
1724 601 1812 643 est
1861 589 2181 657 imperatOr,

2286 584 2346 632 ἐν
2373 581 2582 648 ἀγγείῳ
2608 578 2823 646 ὖελίνῳ.
2852 577 2955 627 Τὸν
2999 576 3099 642 μὲν
3143 570 3236 627 οὖν
3286 577 3615 645 Μονομάχον
3643 579 3671 630 ὁ
3712 578 3878 646 βασι-

612 689 816 757 majora
853 687 1034 740 adhuc
1066 686 1121 738 in
1153 700 1276 738 eum
1309 684 1629 738 collaturus.
1663 678 1865 732 Veneni
1893 690 2056 746 porro
2082 674 2212 729 sub~

2321 673 2408 735 εὺς
2443 669 2634 739 ἐπῄνει
2687 669 2790 737 τῆς
2823 667 3154 729 ἐπιεικείας,
3193 666 3286 718 καὶ
3346 667 3548 718 αὐτίκα
3609 668 3883 737 ἠμείϐετο

618 787 822 832 terram
848 774 1160 830 defodiendi
1215 775 1490 842 negotium
1526 769 1840 823 Potamiata:
1879 766 2052 826 dedit,
2091 763 2184 832 qui

614 870 667 924 id
692 879 846 923 extra
894 867 1080 920 urbem
1107 864 1334 918 defodit.
1377 862 1543 932 690
1573 861 1866 921 Reversus,
1897 862 2009 910 'non
2060 865 2188 908 ante

617 961 743 1012 lotis
775 957 1028 1011 manibus
1058 955 1241 1008 cibum
1275 957 1416 1022 cepit
1459 953 1572 1022 (64)
1604 969 1617 1004 :
1659 964 1838 1018 neque
1885 948 2030 1002 enim
2080 954 2188 998 tam

619 1057 944 1115 pra-sentem
1008 1046 1082 1099 illi
1136 1046 1313 1098 inesse
1351 1046 1456 1095 vim
1499 1042 1913 1111 suspicabatur,
1945 1046 2004 1090 ut
2047 1036 2192 1089 vitro

619 1139 913 1198 inclusum,
961 1150 1023 1188 ac
1070 1133 1256 1188 multis
1288 1133 1512 1200 insuper
1544 1130 1844 1185 involucris
1878 1127 2187 1182 circumda-

619 1238 760 1288 tum,
792 1225 909 1278 solo
937 1234 1186 1277 tontactu
1220 1223 1384 1276 etiam
1432 1222 1512 1274 sic
1551 1234 1751 1275 nocere
1789 1227 1994 1289 posset.
2028 1215 2192 1284 Atqui

615 1317 755 1370 adeo
820 1329 1071 1384 magnam
1129 1313 1236 1366 vim
1298 1323 1354 1366 et
1397 1311 1774 1365 emcacitatem
1827 1309 2099 1370 habebat,
2136 1318 2196 1359 ut

621 1406 941 1462 l’otatniata:
965 1415 1176 1458 tantum
1209 1420 1319 1458 non
1355 1404 1636 1457 interitum
1679 1401 1924 1456 attulerit
1965 1417 1980 1453 :
2029 1412 2194 1468 quem

619 1497 894 1549 iliarrhueu
962 1495 1240 1562 frequens,
1274 1502 1328 1547 ct
1365 1494 1524 1548 dolor
1573 1491 1837 1548 stomachi
1896 1490 2196 1543 vehemens

619 1588 873 1656 arripuit,
901 1598 955 1640 et
993 1598 1106 1639 ιοιο
1129 1599 1224 1639 Ore
1254 1586 1486 1654 pustulae
1515 1582 1896 1652 erumpebant,
1917 1596 1981 1634 ac
2007 1581 2198 1633 dentes

620 1679 857 1749 gingivis
910 1676 1332 1739 einarcentibus,
1399 1678 1788 1746 propemodum
1848 1673 2195 1727 cxcidebant.

620 1769 903 1823 Thcriacte
952 1778 1158 1831 autem,
1211 1767 1558 1836 aliorumque
1590 1760 1960 1828 antido'toruni
1994 1777 2093 1816 usu
2121 1761 2200 1815 vi-

625 1872 734 1913 tam
771 1859 1009 1913 servavit
1060 1859 1150 1912 ille
1207 1858 1450 1927 quidem,
1499 1872 1811 1925 quanquam
1857 1855 1968 1920 vix,
2009 1853 2105 1908 sed
2144 1851 2199 1906 in

625 1953 818 2006 morbo
850 1952 1145 2022 longinquo
1177 1951 1300 2004 fuit.
1346 1950 1438 2003 Sic
1487 1957 1670 2003 autem
1714 1947 1953 2017 palatum
2009 1955 2065 1999 et
2098 1944 2203 1998 lin-

625 2058 728 2112 gua
793 2042 1213 2110 obstupuerant,
1245 2049 1303 2093 ut
1349 2039 1441 2094 tliu
1484 2039 1690 2092 nullum
1742 2037 1850 2092 cibi
1888 2036 2204 2108 potionisve

625 2151 882 2206 saporem
918 2135 1286 2204 perciperent.
1337 2132 1619 2188 Venenum
1659 2134 1845 2203 itaque
1860 2125 2060 2188 'istanc
2085 2131 2204 2187 elli-

625 2228 882 2282 cieutiam
914 2227 1122 2280 habuit.
1156 2225 1355 2280 Verum
1377 2225 1539 2279 amici
1569 2243 1632 2279 ex
1667 2224 1924 2295 Byzantio
1967 2225 2206 2295 impera-

627 2328 800 2372 torem
829 2319 1147 2381 monebant,
1169 2315 1527 2371 Monomacho
1553 2331 1620 2371 ne
1653 2315 1860 2382 fideret,
1881 2315 1977 2370 sed
2023 2314 2206 2370 homi-

629 2407 1094 2465 ncnndevilarct:
1129 2409 1209 2461 sic
1246 2407 1391 2460 enim
1426 2407 1496 2462 ab
1535 2407 1600 2463 ils
1638 2407 1730 2476 qui
1775 2407 2076 2473 misissent,
2111 2421 2209 2476 per

631 2499 930 2568 nequitiam
971 2508 1026 2552 et
1082 2498 1270 2554 dolum
1307 2499 1658 2561 instructum,
1689 2507 1748 2553 ut
1787 2498 2058 2569 principio
2090 2497 2212 2568 qui—

629 2592 756 2645 dem
780 2591 926 2645 ultro
950 2605 1224 2647 venenum
1256 2592 1505 2658 offerret,
1533 2609 1641 2663 quo
1668 2593 1812 2648 bene
1862 2591 2003 2647 velle
2049 2600 2209 2662 puta-

631 2691 803 2744 retur,
841 2690 985 2752 post,
1017 2683 1160 2738 aliud
1211 2684 1302 2738 illo
1341 2683 1620 2739 exitialius
1651 2684 1989 2739 admoveret.
2030 2683 2212 2755 Impe-

631 2781 781 2826 ratur
819 2775 998 2828 subito
1026 2775 1349 2829 accersitum
1382 2784 1791 2845 percunctatur,
1823 2790 2023 2830 verane
2078 2776 2211 2842 sint,

632 2880 753 2934 qua:
784 2866 850 2918 ile
879 2867 970 2920 illo
997 2867 1066 2920 ab
1094 2867 1290 2921 amicis
1322 2867 1654 2923 scribantur.
1692 2867 1886 2939 Negat,
1916 2878 1971 2922 et
1997 2867 2214 2922 frivolis

633 2954 960 3023 quihusdam
993 2957 1368 3034 suspectisque
1403 2957 1722 3011 ratiunenlis
1766 2973 1826 3012 se
1875 2967 2077 3012 tuetur.
2107 2957 2214 3010 lm-

639 3057 860 3116 perator
898 3047 1044 3100 nulla
1099 3062 1258 3116 pteua
1319 3048 1598 3116 imposita,
1650 3063 1776 3104 eum
1826 3050 1966 3119 apud
2001 3065 2060 3104 se
2107 3049 2214 3119 pati

637 3139 832 3204 noluit,
863 3151 1029 3208 atque
1060 3150 1118 3192 ut
1153 3155 1211 3194 se
1232 3139 1552 3196 amoliretur
1573 3142 1760 3211 jussit,
1785 3142 1928 3212 quod
1953 3143 2216 3198 continuo

640 3228 792 3283 fecit.
829 3229 1131 3298 Imperator
1153 3230 1335 3300 itaque
1367 3242 1425 3285 ιιι
1455 3246 1578 3286 cum
1609 3233 1804 3287 amicis
1840 3232 2083 3304 Byzantii
2125 3232 2218 3286 lit-

644 3320 775 3373 teris
821 3330 876 3374 et
927 3322 1282 3376 internuntiis
1331 3324 1674 3378 commodius
1736 3335 1951 3394 ageret,
2001 3324 2218 3380 diutius

639 3411 994 3495 Selybriaesc
1031 3414 1330 3468 continuit.
1387 3415 1559 3470 Porro
1615 3414 1852 3486 Zyraces
1883 3431 1913 3470 e
1945 3415 2221 3472 famulitio

649 3505 1038 3574 impcratricis,
1096 3507 1185 3560 cui
1248 3507 1424 3562 dolori
1496 3519 1654 3562 erant
1711 3523 1833 3578 quae
1895 3508 2221 3579 agebantur,

641 3597 845 3665 quique
885 3596 1162 3653 Romanos
1191 3598 1259 3654 de
1291 3608 1442 3654 tanta
1470 3615 1716 3654 aerumna
1748 3600 2040 3666 miserans,
2064 3609 2120 3655 et
2142 3600 2228 3653 in-

647 3689 896 3758 telligens
928 3689 1222 3744 archontas
1259 3704 1360 3744 nec
1402 3691 1661 3746 resistere
1691 3691 2007 3762 imperatori
2040 3705 2224 3762 posse,

646 3793 746 3834 nec
774 3792 960 3848 pacem
997 3779 1090 3832 bili
1123 3778 1303 3834 facere
1341 3797 1355 3834 :
1400 3781 1492 3835 sed
1538 3797 1705 3835 unum
1748 3781 1850 3837 hoc
1880 3792 2087 3837 tantum
2118 3789 2233 3836 sta-

651 3870 847 3934 tuis~c,
885 3869 938 3923 in
963 3870 1199 3939 imperio
1249 3871 1548 3938 dominari,
1594 3882 1797 3928 caetera
1845 3873 1898 3927 in
1936 3874 2230 3942 postremis

651 3976 910 4032 ponere:
952 3970 1008 4016 et
1045 3963 1320 4031 opinatus,
1371 3965 1416 4018 si
1464 3981 1574 4034 quo
1621 3964 2232 4044 modo_Cantacuzenus

653 4053 1024 4122 principatum
1061 4055 1486 4125 adipisceretur,
1515 4043 1799 4112 Romanos
1829 4058 2231 4126 prmteritarum

651 4145 1026 4197 calamitatum
1060 4145 1412 4202 immemores
1452 4147 1592 4211 fore,
1637 4158 1693 4202 et
1733 4147 2023 4217 imperium
2055 4149 2236 4204 conti-

652 4238 910 4291 ncntibus
936 4237 1090 4304 bellis
1109 4248 1392 4306 tantopere
1421 4239 1666 4292 attritum
1691 4238 2113 4308 divexatumque
2135 4238 2237 4292 ali-

650 4329 873 4398 quando
938 4339 1244 4384 recreatum
1301 4331 1364 4384 iri
1396 4347 1412 4384 :
1445 4333 1578 4396 lucc,
1611 4330 1858 4401 inquam,
1889 4330 2197 4401 intelligens
2219 4369 2236 4397 ,

653 4422 902 4490 aliosque
937 4435 1048 4476 nou
1082 4437 1285 4490 paucos
1307 4421 1496 4476 eadem
1529 4422 1804 4476 sententia
1832 4436 2019 4476 secum
2044 4422 2240 4476 devin-

2287 763 2524 831 δωρεαίς
2577 759 2667 814 διὰ
2696 759 2798 828 τὴν
2854 759 3084 826 μήνυτιν
3135 759 3234 826 τῆς
3276 757 3572 826 ἐπιϐουλῆς
3600 773 3614 787 ο
3648 760 3749 827 καὶ
3797 759 3884 810 ἔτι

2291 855 2485 921 ἔμελλε
2520 853 2721 921 μᾶλλον
2764 846 2822 902 εὖ
2881 851 3156 918 ποιήςειν.
3201 850 3273 900 Τὸ
3317 849 3373 900 δὲ
3423 850 3724 919 φάρμακον
3791 852 3886 900 tim

2293 946 2646 1015 Ποταμιάτην
2669 943 2884 996 ἐκέλευε
2909 941 3145 993 λαϐόντα
3172 939 3554 1008 κατορύττειν,
3587 944 3677 992 καὶ
3704 942 3887 992 κατατι-

2296 1053 2452 1106 ρυττε
2494 1037 2593 1102 τῆς
2634 1035 2844 1094 πόλεως
2877 1030 3131 1095 ἐξελθών.
3192 1029 3548 1099 Λναστρέψας
3588 1030 3642 1080 δὲ
3669 1032 3890 1097 ἥπτετο

2293 1129 2524 1198 τροφῆς,
2559 1127 2633 1193 μὴ
2658 1126 2953 1194 νιψάμενος
2976 1125 3070 1184 τὰς
3097 1125 3308 1192 χεῖρας
3340 1123 3400 1174 οὐ
3433 1124 3540 1190 γάρ
3564 1123 3816 1174 ὑπόπτευ
3829 1139 3890 1173 σε

2293 1223 2565 1286 τοσαύτην
2617 1218 2766 1287 ἐχειν
2814 1215 3072 1282 δύναμιν,
3106 1213 3250 1266 ὥστε
3287 1215 3345 1264 ἐν
3395 1212 3589 1281 ὕελίνῳ
3640 1229 3891 1263 κατακε-

2296 1311 2640 1381 κλεισμένον,
2678 1311 2771 1361 καὶ
2809 1308 2914 1358 ὑπὸ
2972 1306 3185 1358 πολλῶν
3225 1307 3430 1373 ἐτέρων
3484 1305 3892 1372 περιεχόμενον

2295 1403 2708 1473 ἐπιϐλημὰτων,
2739 1400 2846 1451 ἀπὸ
2893 1399 3060 1468 μόνης
3109 1398 3373 1466 βλάπτειν
3407 1396 3667 1448 δύνασθαι
3699 1396 3880 1462 ἁφῆς.

2295 1497 2369 1549 Τδ
2421 1495 2480 1548 δέ
2521 1491 2698 1554 οὕτως
2752 1493 2862 1560 ἄρα
2895 1489 3119 1558 ἐνεργὸν
3154 1487 3245 1539 καὶ
3296 1487 3626 1556 δραστήρην
3662 1482 3760 1554 ἦν.
3815 1487 3894 1546 ὡς

2299 1589 2452 1659 μόλις
2485 1586 2784 1655 δυνηθῆναι
2827 1583 3185 1650 Ποταμιάτην
3219 1583 3309 1633 τὸν
3361 1579 3491 1647 παρ’
3515 1580 3737 1630 ἐκείνου
3774 1577 3895 1629 κίνε-

2295 1681 2453 1733 δυνον
2481 1678 2790 1744 διαφυγεῖν.
2827 1673 3112 1744 Διάρροιαί
3139 1689 3196 1726 τε
3231 1673 3340 1742 γὰρ
3368 1671 3578 1734 κοιλίας
3609 1669 3894 1737 κατέσχον

2305 1771 2578 1838 συνεχεῖς,
2607 1768 2705 1820 καὶ
2757 1765 3120 1835 περιωδυνίαι
3145 1761 3242 1815 τοῦ
3271 1762 3578 1831 στομάχου,
3615 1763 3710 1814 καὶ
3743 1760 3899 1812 ἆπαν

2235 1833 2276 1890 Β
2306 1862 2369 1914 τι
2408 1833 2582 1930 σέόμα
2622 1833 2923 1928 φλυκτίδας
2955 1851 3024 1926 ἦν
3051 1855 3372 1925 ἐξηνθηκός.
3434 1855 3542 1905 Καὶ
3573 1855 3625 1906 οι
3669 1854 3901 1913 ὀδόντες

2311 1953 2530 2005 ἐδόκουν
2560 1949 2961 2012 καταπίπτειν,
2996 1947 3107 1999 τῶν
3139 1947 3511 2016 περιεχόντων
3544 1945 3772 2014 ὑμένων
3807 1960 3867 1993 νε

2311 2043 2658 2117 κρωθέντων.
2689 2042 3002 2112 Θηριακαῖς
3039 2039 3098 2092 δὲ
3149 2040 3501 2108 χρησάμενος
3536 2037 3630 2088 καὶ
3680 2036 3904 2102 ἑτέροις

2311 2133 2612 2196 ἀντιδότοις
2639 2171 2654 2196 ,
2689 2131 2842 2202 μόλις
2895 2130 2955 2184 τὸ
2987 2129 3282 2183 ἀποθανεῖν
3328 2128 3588 2196 διέφυγεν
3613 2143 3628 2157 ο
3665 2127 3905 2194 ἐνόσησε

2311 2225 2368 2278 δέ
2405 2225 2506 2276 οὐκ
2537 2223 2721 2290 ὀλίγον
2759 2221 2974 2292 χρόνον·
3007 2219 3153 2272 οὕτω
3183 2219 3244 2272 δὲ
3279 2219 3595 2285 νενάρκωτο
3642 2216 3712 2267 τὰ
3770 2233 3836 2265 πε
3850 2216 3910 2282 pi.

2312 2317 2375 2367 τὸ
2411 2313 2588 2384 στόμα
2618 2314 2818 2378 πάντα,
2845 2312 2921 2375 ὥς
2958 2311 3194 2364 ἐπιπολὺ
3226 2308 3500 2378 μηδεμιᾶς
3533 2304 3912 2358 αἰσθάνεσθαι

2284 2407 2632 2486 ,ποιότητος
2665 2401 2742 2458 Τὸ
2801 2403 2902 2474 μέν
2948 2401 3043 2456 οὖν
3090 2401 3418 2470 δηλητήριον
3471 2397 3738 2466 τοιαύτην
3786 2391 3910 2464 εἷχε

2313 2499 2414 2570 τὴν
2439 2496 2695 2568 δύναμιν.
2727 2496 2794 2550 Ui.
2841 2494 2989 2566 φίλοι
3033 2493 3092 2547 δέ
3127 2495 3193 2545 ἐκ
3242 2491 3544 2556 Βυζαντίου
3580 2487 3798 2560 βασιλεῖ
3827 2487 3914 2556 μὴ

2317 2592 2543 2663 θαρρεῖν
2595 2589 2879 2660 παρῄνουν
2918 2585 3272 2656 Μονομάχῳ,
3330 2583 3468 2636 ἀλλά
3528 2579 3915 2649 φυλάττεσθαι

2316 2685 2409 2738 τὸν
2437 2682 2626 2751 ἀνδραο
2655 2679 2802 2734 οὕτω
2847 2681 2959 2748 γὰρ
3015 2673 3159 2731 εἶναι
3197 2673 3715 2743 συνεσκευασμένην
3753 2673 3917 2738 παρα

2317 2776 2429 2829 τῶν
2460 2773 2824 2844 πεμψάντων,
2874 2769 3007 2824 ὥστ’
3047 2769 3214 2824 αὑτὸν
3251 2768 3354 2836 μέν
3380 2766 3670 2836 ,πρότερον
3704 2765 3917 2816 ἑκόντα

2319 2869 2628 2937 παρασχεῖν
2677 2865 2740 2918 τὸ
2791 2863 3111 2934 φάρμακον,
3165 2860 3242 2922 ὡς
3281 2858 3350 2912 ἂν
3386 2856 3669 2928 νομίζοιτο
3715 2856 3920 2917 εὔνους

2321 2956 2487 3026 εἶναι,
2551 2959 2780 3028 ὕστερον
2835 2958 3017 3027 μέντοι
3087 2954 3392 3024 προσάγειν
3443 2951 3633 3019 ἓτερον
3692 2951 3920 3002 ἐκείνου

2321 3048 2726 3119 χαλεπώτερον.
2765 3048 2869 3101 ’ον
2900 3044 3128 3101 αὐτίκα.
3164 3041 3672 3116 μεταπεμψάμενος
3697 3043 3725 3092 ὁ
3756 3039 3820 3109 βα
3835 3057 3922 3090 διο

2323 3145 2475 3208 λεὺς,
2507 3143 2556 3196 εἰ
2586 3141 2764 3210 ἀληθῆ
2795 3139 2864 3193 τὰ
2899 3141 3031 3209 περὶ
3077 3137 3292 3190 ἐκείνου
3327 3134 3702 3206 γεγραμμένα
3740 3135 3918 3185 ἐπυνς

2327 3234 2525 3287 θάνετο
2578 3232 2732 3302 παρά
2766 3231 2876 3285 τῶν
2930 3230 3104 3299 φίλων
3143 3230 3255 3298 είη.
3299 3228 3361 3281 'U
3412 3228 3458 3281 δ’
3511 3227 3740 3297 ἠρνεῖτο
3783 3226 3923 3294 μὲν,

2327 3325 2534 3396 σαθρας
2563 3324 2622 3378 δέ
2647 3324 2942 3393 παρείχετο
2995 3322 3294 3390 ἀπολογίας
3332 3323 3429 3374 καὶ
3474 3320 3592 3382 οἵας
3631 3316 3926 3372 ῠ’ποπτεὺο

2325 3417 2502 3470 εσθαι.
2538 3415 2805 3478 Βασιλεὺς
2857 3415 2914 3467 δέ
2944 3414 3151 3476 ικακῶς
3191 3414 3292 3484 μὲν
3324 3413 3480 3466 οὐδὲν
3533 3413 3733 3474 ἐποίει,
3779 3413 3928 3465 ἀνα-

2326 3510 2528 3579 χωρεῖν
2559 3508 2617 3560 δὲ
2647 3507 2809 3576 μόνον
2847 3506 3073 3558 ἐκέλευε
3102 3506 3200 3557 καὶ
3229 3506 3305 3574 μὴ
3330 3504 3482 3572 αὐτῷ
3515 3505 3781 3566 συνεῖναι,
3816 3505 3928 3556 καὶ

2327 3601 2530 3653 αὐτίκα
2559 3597 2850 3669 ἀνεχώρει.
2887 3597 3154 3660 Βασιλεὺς
3183 3597 3286 3666 μέν
3317 3593 3410 3650 οὖν
3439 3597 3531 3650 τὸν
3563 3595 3734 3648 πλείω
3786 3596 3931 3666 196-

2329 3710 2420 3745 vov
2445 3691 2716 3760 διέτριῦεν
2738 3693 2796 3743 ἐν
2827 3689 3176 3760 Σηλυμϐρίᾳ,
3204 3689 3386 3758 ἵν’ἐξῇ
3417 3691 3530 3752 τοῖς
3557 3689 3615 3742 ἐν
3632 3689 3931 3758 Βυζαντίῳ

2331 3783 2510 3854 φίλοις
2541 3781 2915 3849 διαλέγεσθαι.
2946 3781 3245 3851 Τζυράκης
3275 3781 3333 3834 δέ
3371 3799 3454 3844 τις
3483 3781 3594 3833 τῶν
3639 3781 3927 3849 βασιλίδος

2330 3873 2585 3938 οἰκετῶν,
2627 3872 3052 3941 δυσανασχετῶν
3105 3874 3240 3942 πρὸς
3278 3873 3346 3926 τὰ
3386 3874 3764 3943 πραττόμενα,
3821 3876 3935 3926 καὶ

2332 3967 2431 4037 την
2490 3965 2766 4034 τυσαύτην
2830 3964 3124 4033 Ῥωμαίων
3165 3966 3456 4034 οἰκτείρων
3505 3964 3934 4034 κακοπραγίαν,

2338 4058 2581 4129 συνορῶν
2609 4075 2670 4110 τε
2705 4057 2783 4119 ὡς
2817 4057 2867 4109 οί
2909 4057 3010 4124 μὲν
3043 4057 3102 4107 ἐν
3141 4055 3424 4126 Βυζαντίῳ
3471 4055 3760 4125 ἄρχοντες,
3802 4055 3932 4109 οὔτ’
3993 4064 4006 4074 ⁸

2337 4150 2586 4221 ἀντέχειν
2615 4150 2752 4220 προς
2783 4147 3011 4218 βασιλέα
3041 4141 3146 4199 οἷοί
3178 4147 3239 4199 τέ
3280 4149 3444 4207 εἰσιν,
3498 4147 3625 4200 οὔτε
3680 4151 3810 4216 περὶ
3841 4149 3930 4198 εί-

2343 4242 2514 4311 ρήνης
2539 4240 2728 4292 οὐδένα
2765 4240 3047 4293 ποιοῦνται
3067 4239 3250 4307 λόγον,
3279 4239 3396 4292 ἀλλ’
3417 4240 3548 4292 αὐτὸ
3575 4239 3737 4292 τοῦτο
3760 4243 3935 4308 μόνον

2340 4333 2615 4401 ἐγνώκασι
2666 4332 2727 4384 τὸ
2776 4333 2884 4384 τῶν
2914 4333 3258 4401 πραγμάτων
3293 4333 3450 4386 αὐτοὶ
3475 4332 3688 4402 ἄρχειν,
3727 4333 3838 4385 τῶν
3885 4333 3933 4386 δ’

2341 4425 2520 4480 ἄλλων
2564 4424 2778 4485 οὐδενὸς
2811 4423 3075 4492 πρόνοιαν
3112 4423 3422 4488 ποιοῦνται,
3473 4428 3570 4478 καὶ
3598 4426 3831 4493 νομίσας
3882 4429 3935 4477 εἱ

657 4515 831 4576 ciens,
869 4512 920 4566 id
955 4513 1171 4582 agebat,
1206 4521 1266 4564 ut
1297 4512 1614 4583 Byzantium
1634 4513 1734 4567 sub
1767 4501 2094 4582 potestatem
2131 4514 2217 4568 im-

2347 4515 2801 4586 Καντακουζηνὸς
2831 4518 2858 4569 ὁ
2883 4515 3142 4585 βασιλεὺς
3170 4515 3356 4586 τρόπῳ
3376 4516 3440 4586 δή
3475 4533 3583 4568 τινι
3607 4515 3717 4568 τῶν
3749 4533 3939 4585 πραγ-

658 4604 926 4672 peratoris
957 4604 1188 4667 veniret,
1233 4614 1289 4658 et
1321 4602 1624 4675 Selybriam
1660 4603 1836 4659 eidem
1870 4619 2024 4660 suam
2079 4622 2240 4660 men-

661 4706 768 4748 tem
795 4694 1157 4759 significabat.
1183 4695 1286 4760 Qui
1316 4695 1460 4764 quod
1496 4707 1742 4766 agerent,
1772 4697 2062 4766 probabat,
2091 4712 2243 4767 qua:-

659 4804 768 4858 que
799 4797 1074 4859 petcrent,
1106 4789 1290 4844 omnia
1344 4803 1406 4844 se
1458 4789 1828 4858 prrestiturum
1863 4791 2238 4862 promittebat.

664 4882 840 4936 Latini
871 4883 1012 4954 apud
1039 4881 1288 4937 Galatam
1323 4883 1377 4937 in
1425 4881 1842 4948 Phaceolatum,
1880 4891 1938 4938 ut
1981 4883 2241 4949 diximus,

663 4972 795 5026 odio
823 4973 1041 5043 capitali
1063 4971 1352 5036 ardebant,
1375 4970 1518 5039 quod
1547 4969 1904 5041 homophylos
1925 4970 2243 5034 occidisset,

662 5065 953 5132 ipsumque
983 5064 1178 5134 spiritu
1221 5064 1441 5133 privare
1472 5062 1787 5131 cupientes,
1839 5061 2003 5132 691
2047 5062 2248 5117 crebro

665 5156 736 5208 ab
763 5154 1111 5225 imperatrice
1141 5153 1540 5224 deposcebant,
1577 5153 1768 5208 hostes
1800 5152 1992 5218 futuri,
2042 5153 2096 5207 ni
2142 5154 2247 5208 im-

667 5254 996 5317 petrassent.
1037 5247 1278 5317 Augusta
1329 5243 1720 5299 Phaccolatum
1765 5244 2010 5315 abjicere
2052 5246 2250 5301 nolens

2352 4611 2540 4679 μάτων
2597 4609 2934 4675 συμπάντων
2972 4608 3183 4678 ἄρξειε,
3237 4606 3572 4676 λυθήσεσθαι
3635 4606 3938 4676 Ῥωμαίοις

2347 4702 2446 4764 τὰς
2479 4699 2791 4769 συμφορὰς,
2834 4701 2930 4754 καὶ
2986 4699 3080 4752 ἐπί
3133 4715 3186 4751 τι
3243 4697 3458 4767 βέλτιον
3488 4699 3772 4767 χωρήσειν
3830 4700 3939 4761 τὴν

2352 4794 2678 4863 ἡγεμονίαν,
2741 4791 2846 4844 ὑπὸ
2901 4790 3013 4844 τῶν
3071 4791 3316 4860 συνεχῶν
3375 4790 3635 4858 πολέμων
3686 4789 3938 4856 τοσούτῳ

2356 4881 2581 4950 μεγέθει
2635 4881 2998 4952 χρησαμένην
3054 4881 3390 4952 συμφορῶν,
3448 4883 3545 4934 καὶ
3580 4879 3778 4940 ἄλλους
3834 4883 3938 4933 οὐκ

2349 4973 2568 5042 ὀλίγους
2630 4973 3231 5043 προσεταιρισάμενος,
3295 4974 3569 5042 ἔπραττεν
3620 4975 3774 5034 ὅπως
3830 4975 3938 5025 ὑπὸ

2351 5066 2580 5136 βασιλέα
2610 5066 2826 5134 γένοιτο
2860 5064 3182 5129 Βυζάντιον,
3215 5066 3312 5118 καὶ
3339 5065 3562 5134 πέμψας
3603 5065 3801 5134 ἐδήλου
3842 5066 3938 5134 βα-

2353 5157 2494 5210 σιλεῖ
2546 5159 2686 5209 κατὰ
2734 5154 3088 5225 Σηλυμϐρίαν
3118 5153 3476 5223 διατρίϐοντι.
3517 5155 3576 5206 ’0
3608 5154 3667 5208 δὲ
3717 5155 3938 5222 ἐδέχετό

2351 5266 2411 5303 τε
2442 5249 2544 5319 τὴν
2573 5247 2796 5318 πρᾶξιν,
2826 5249 2922 5300 καὶ
2963 5247 3142 5300 πάντα
3179 5247 3280 5299 ὅσα
3307 5245 3534 5316 ᾐτοῦντο
3560 5248 3940 5315 ἐπηγγέλλετο

1946 5405 2164 5466 Jacobi
2205 5373 2472 5467 Pontani
2509 5416 2696 5468 notae.

741 5529 854 5599 (64)
895 5528 1037 5600 Nota
1069 5529 1263 5584 veneni
1296 5545 1466 5600 genus
1507 5532 1997 5600 prreseutlssimum
2057 5546 2123 5584 ex
2163 5545 2249 5586 se-

670 5601 987 5672 quentibus.
1023 5599 1097 5654 De
1132 5599 1342 5672 veneno
1380 5617 1477 5671 per
1508 5599 1649 5656 filios
1679 5603 1746 5654 ab
1791 5601 2101 5671 Antipatro,
2137 5604 2245 5672 regi

671 5671 983 5740 Alexandro
1013 5673 1138 5725 dato
1170 5671 1225 5724 in
1256 5673 1474 5740 poculo,
1506 5672 1751 5726 Justinus
1786 5674 1878 5727 lib.
1914 5688 2012 5736 xu,
2041 5671 2245 5724 tantam

674 5742 794 5808 ejus
829 5738 995 5794 fuisse
1029 5745 1160 5804 vim,
1198 5738 1270 5795 ut
1293 5758 1402 5795 non
1445 5758 1575 5802 :ere.
1618 5759 1724 5796 non
1765 5743 1932 5803 ferro,
1960 5758 2070 5796 non
2107 5752 2245 5796 testa

671 5813 1051 5865 contineretur
1085 5832 1097 5869 ;
1133 5827 1234 5869 nec
1265 5813 1424 5867 aliter
1465 5814 1617 5879 ferri,
1663 5814 1767 5868 nisi
1800 5815 1852 5866 iu
1895 5813 2092 5885 ungula
2122 5813 2246 5882 equi

2359 5533 2622 5602 potuerit.
2667 5533 2735 5586 Et
2765 5548 2897 5588 sane
2923 5533 3229 5589 Alexander
3252 5545 3478 5602 accepto
3509 5535 3726 5603 poculo,
3761 5535 3940 5588 media

2361 5609 2580 5672 potione
2617 5614 2842 5672 repente
2873 5605 3041 5658 veluti
3075 5606 3181 5658 telo
3215 5603 3461 5675 confixus
3489 5605 3798 5675 ingemuit:
3831 5606 3943 5659 ela-

2360 5684 2561 5742 tusque
2591 5689 2620 5726 e
2651 5675 2900 5728 convivio
2932 5674 3284 5737 semianimis,
3329 5683 3481 5730 tanto
3510 5674 3701 5730 delore
3728 5676 3945 5730 crucia—

2359 5757 2446 5797 tus
2475 5752 2578 5807 cst,
2615 5754 2673 5798 ut
2705 5744 2909 5815 ferrum
2945 5743 3000 5798 in
3038 5744 3281 5799 remedia
3303 5755 3587 5815 posceret,
3623 5753 3941 5815 tactumque

2362 5815 2640 5871 hominum
2669 5813 2813 5869 velut
2844 5816 3065 5872 vulnera
3096 5813 3474 5872 indoleséuret.
