4166 6432
575 331 588 346 .
653 391 787 457 1287

1836 387 2160 448 JOANNIS
2198 383 2720 444 CANTACUZENI

3759 380 3898 446 1288

650 506 1053 575 νου-(νεοτευτο
1104 500 1562 571 Μίοτοςοριιοιιιηι
1604 497 1714 568 (eui
1755 510 1808 554 et
1860 500 2222 554 Pbaceolatus

2337 462 2855 566 ἱπαγγειλαμένους.
2900 496 3103 549 Ἐδόκει
3133 493 3198 566 δὴ
3249 497 3341 549 καὶ
3390 495 3576 554 αὐτοῖς
3610 493 3895 563 σκεψαμέ-

647 597 897 650 eumdem
926 592 1246 660 tradiderat)
1275 591 1450 646 lembo
1487 590 1784 660 Sclybriam
1817 590 2222 658 perducendum

645 686 1017 741 committunt.
1056 684 1208 749 Quod
1241 681 1600 735 l’haceolatus
1643 681 1836 734 divinae
1870 680 2223 748 providentiae

647 778 937 831 artiﬁcium
986 776 1404 843 interpretatus,
1451 775 1601 826 velut
1647 773 1764 840 ipso
1805 773 2082 840 adjutante
2111 771 2223 824 Nu-

649 869 796 921 tuiue
849 867 916 921 ad
965 881 1100 935 Opus
1151 865 1548 918 eontlciendum
1605 866 1765 918 ﬁebat
1817 863 2073 917 alacrior.
2129 860 2220 916 Sic

651 959 1078 1024 Mictoccpbalus
1107 958 1172 1011 ad
1215 957 1601 1027 imperatorem
1633 957 1870 1026 jucunde
1916 956 2218 1026 prolectus,

653 1048 962 1100 l’haeeol..ti
994 1047 1241 1100 mandata
1277 1047 1460 1100 omnia
1489 1047 1716 1116 peregit.
1749 1045 2055 1114 Imperator
2084 1060 2222 1098 con-

651 1141 793 1191 dicta
831 1139 938 1202 die,
967 1154 1072 1206 qua
1127 1141 1192 1193 ad
1242 1139 1476 1192 Auream
1528 1147 1740 1206 portam
1789 1147 1954 1191 noctu
2007 1137 2226 1190 adesset

649 1230 687 1297 ti
699 1230 800 1282 nde
815 1229 960 1284 enim
988 1229 1163 1282 facilis
1181 1230 1456 1298 ingressus
1471 1228 1775 1296 videbatur)
1793 1227 2223 1296 Adrianopollm,

663 1336 731 1374 uc
770 1337 930 1389 quam
978 1321 1344 1390 suspicionem
1395 1321 1753 1374 archontibus
1791 1327 2056 1385 moveret,
2093 1332 2225 1372 cen-

654 1423 840 1465 CESSII.

2322 605 2428 650 νοις
2484 590 2512 639 ὁ
2541 587 2962 656 Μικροκέφαλος
3009 588 3196 640 οὑτοσὶ
3242 587 3378 656 πρὸς
3425 587 3487 638 τὸ
3536 586 3702 655 ἔργον
3751 584 3894 638 εἶναι

2322 677 2782 746 ἐπιτηδειότατος.
2818 677 2928 729 Καὶ
2958 678 3158 730 αὐτίκα
3183 676 3584 746 μετεκαλοῦντο
3608 676 3702 728 καὶ
3726 675 3922 728 διελῇ

2320 785 2478 835 γοντο
2510 769 2639 837 περὶ
2667 761 2743 822 ὧν
2769 767 3073 821 διενοοῦντο
3108 769 3170 822 εὖ
3198 770 3472 838 ποιήσειν,
3505 767 3678 820 πολλὰ
3710 770 3895 831 ἐπαγ-

2319 864 2661 931 γελλόμενοι.
2711 863 2770 913 Ὀ
2794 862 2850 915 δὲ
2897 862 3111 931 πρῶτον
3141 863 3240 930 μὲν
3272 862 3444 913 ἔδεισε
3463 865 3601 929 πρὸς
3635 861 3733 929 τὴν
3763 860 3897 926 κλῆ-

2322 973 2430 1020 σιν,
2462 940 2828 1022 πεφωρᾶσθαι
2862 954 3066 1023 οίηθεὶς
3095 955 3222 1016 τοὺς
3256 957 3600 1024 πράττοντας
3632 954 3733 1021 τὴν
3756 952 3898 1004 ἀλω-

2323 1065 2428 1102 σιν.
2475 1046 2629 1099 Ἐπεὶ
2659 1045 2715 1097 δέ
2747 1047 3017 1114 ᾐσθάνετο
3055 1046 3222 1114 μηδὲν
3247 1045 3481 1106 είδότας,
3517 1043 3891 1112 ἐπηγγέλλετο

2321 1138 2382 1189 τὸ
2421 1141 2893 1206 προσταττόμενον
2944 1138 3194 1206 ποιήσειν
3246 1137 3657 1205 προθυμότατα.
3706 1135 3771 1186 Οί
3823 1135 3880 1185 δέ

2323 1228 2629 1296 γράμματά
2669 1245 2725 1280 τε
2758 1228 3083 1296 παρείχοντο
3111 1227 3250 1295 πρὸς
3298 1225 3392 1287 οῦς
3439 1226 3747 1284 ἐϐούλοντο,
3800 1224 3896 1274 καὶ

2329 1318 2832 1388 Πετρογουργούριρ
2854 1319 2988 1388 πρὸς
3015 1317 3074 1370 ὃν
3092 1319 3119 1371 ὁ
3137 1317 3493 1380 Φακεωλάτος
3513 1315 3895 1384 παρεδίδοσαν,

2328 1403 2404 1472 ὡς
2429 1409 2642 1479 ἀκατίῳ
2666 1412 2772 1464 τινὶ
2811 1411 3073 1474 ἀπάξοντι
3105 1411 3246 1479 πρὸς
3292 1409 3670 1479 Σηλυμϐρίη.
3707 1409 3771 1459 Ὃ
3807 1407 3903 1457 καὶ

658 1504 860 1573 μᾶλλον
886 1503 1033 1568 ἔδοξε
1051 1505 1164 1565 τοῖς
1187 1503 1316 1574 περὶ
1342 1502 1699 1558 Φακεωλάτον
1724 1500 1944 1571 ὑπὸτῆς
2004 1500 2269 1571 Προνοίας
2309 1501 2760 1556 συνεσκευάσθαι.
2814 1503 2924 1556 Kal
2975 1500 3378 1571 προθυμότεροι
3437 1497 3579 1572 ἦσαν
3638 1499 3776 1569 προς
3841 1500 3903 1547 τὸ

655 1597 944 1663 πράττειν,
977 1597 1072 1648 an
1100 1597 1164 1666 δὴ
1201 1597 1592 1667 συναιρομένου
1622 1599 1719 1650 καὶ
1750 1596 1844 1649 τοῦ
1869 1575 2048 1648 Θείου.
2081 1592 2240 1649 Οὕτω
2280 1597 2378 1664 μὲν
2409 1592 2503 1650 οὖν
2533 1595 2952 1666 Μικροκέφαλος
3012 1596 3352 1666 παρεγένετό
3408 1612 3466 1647 τε
3507 1595 3642 1662 πρδς
3680 1592 3902 1661 βασιλέα

657 1694 754 1742 σὺν
783 1689 1056 1760 ῥᾳστώνῃ,
1088 1695 1181 1746 καὶ
1207 1692 1387 1746 πάντα
1425 1691 1628 1761 ἔπραξε
1654 1691 1725 1743 τὰ
1759 1691 1911 1758 παρά
1971 1691 2351 1746 Φακεωλάτου.
2387 1690 2650 1753 Βασιλεὺς
2679 1690 2736 1742 δέ
2805 1689 3134 1760 συνθέμενος
3196 1691 3408 1761 ἡμέραν
3464 1691 3523 1742 ἐν
3558 1685 3724 1762 ᾗέδει
3767 1688 3902 1756 πρὸς

655 1789 755 1856 τὴν
781 1786 1004 1854 Χρυσῆν
1035 1789 1381 1857 καλουμένην
1411 1787 1588 1856 πύλην
1654 1767 1801 1838 εἶναι’
1847 1787 2058 1848 νυκτὸς,
2089 1787 2302 1840 ἐκεῖθεν
2339 1786 2448 1855 γὰρ
2483 1785 2654 1838 ἐδόκει
2709 1786 2891 1856 ῥᾴδιον
2942 1787 3187 1854 εἰσάγειν
3218 1771 3382 1850 εῖναι,
3434 1788 3646 1856 ἀπῆρεν
3686 1787 3765 1847 είς
3803 1785 3904 1854 τὴν

671 1875 973 1950 Ἀδριανοῦ,
1033 1883 1120 1935 ἵνα
1167 1880 1441 1950 μηδεμίαν
1484 1881 1722 1949 ὑποψίαν
1770 1881 2066 1950 παρέχοιτο
2110 1882 2222 1943 τοῖς
2267 1881 2565 1950 Ἀρχουσιν
2593 1884 2650 1935 ἐν
2678 1882 2976 1953 Βυζαντίῳ.

2036 2029 2261 2096 CAPUT
2296 2037 2522 2096 xcvnt.

657 2131 854 2196 Causa,
889 2148 981 2185 cur
1017 2131 1330 2198 imper-atria:
1365 2149 1394 2185 a
1423 2133 1731 2200 patriarcha
1769 2129 2007 2188 alienata
2036 2136 2124 2188 sit.
2172 2132 2273 2186 Res
2305 2153 2336 2190 ο
2382 2136 2553 2202 capite
2590 2137 2896 2188 arcessitur.
2950 2133 3128 2186 Furor
3160 2141 3207 2186 et
3247 2133 3457 2187 insania
3487 2131 3809 2201 patriarchae
3843 2130 3904 2182 in

727 2204 1045 2274 damnandis
1087 2213 1132 2254 ct
1185 2201 1458 2274 puniendis
1488 2213 1624 2254 recte
1662 2206 1724 2256 (le
1769 2204 2018 2274 religione
2065 2201 2636 2274 sentientibus?Apud
2673 2205 3057 2274 imperatricem
3112 2203 3177 2274 ab
3204 2206 3452 2271 episcom's
3480 2205 3544 2254 de
3574 2204 3801 2255 moribus
3850 2207 3905 2251 et

733 2273 989 2341 religione
1026 2282 1331 2324 accusatur.
1362 2271 1616 2340 Ejusdem
1644 2271 1992 2342 imperatricis
2027 2273 2301 2343 diligentia
2333 2275 2384 2326 in
2423 2271 2656 2327 Ecclesia
2701 2271 2914 2338 tuenda,
2950 2284 2999 2327 et
3027 2273 3226 2327 indicta
3264 2275 3513 2343 synodus.

728 2410 941 2463 Interea
973 2409 1136 2463 etiam
1186 2409 1503 2480 imperatrix
1541 2426 1637 2465 sua
1681 2422 1875 2481 sponte
1907 2414 1976 2468 de
2009 2414 2234 2483 patriar-

2410 2414 2629 2468 Τούτων
2659 2416 2714 2468 δὲ
2750 2417 3164 2486 πραττομένων,
3221 2417 3547 2486 αὐτομάτως
3588 2417 3680 2468 και
3724 2418 3755 2486 ἡ
3804 2416 3905 2486 βα-

657 2501 759 2552 cha
789 2498 930 2552 male
965 2499 1169 2552 sentire
1196 2500 1382 2569 C(ttpit,
1409 2502 1508 2554 etsi
1540 2502 1664 2556 belli
1697 2511 1942 2573 tempore
1971 2504 2228 2573 singulari

657 2607 785 2645 cum
813 2591 996 2645 studio
1021 2601 1075 2646 et
1107 2592 1457 2648 inclinatione
1478 2595 1645 2648 animi
1671 2597 1892 2662 fecerat,
1921 2605 1980 2652 ut
2001 2598 2232 2652 archon-

657 2696 770 2737 tum
808 2684 1067 2753 princeps
1107 2695 1272 2739 esset.
1322 2686 1495 2740 Causa
1540 2686 1654 2742 haec
1704 2699 1843 2751 erat,
1881 2690 2022 2758 quod
2071 2691 2230 2744 simul

656 2776 855 2830 bellum
901 2785 1046 2829 esset
1093 2786 1301 2840 natum,
1341 2777 1612 2832 Palamam
1653 2779 1752 2833 sibi
1796 2780 1866 2834 ob
1913 2782 2229 2835 cathedram

656 2866 1073 2936 patriarchaletn
1128 2867 1376 2921 insidiari
1425 2870 1760 2938 suspicatus,
1809 2871 1861 2925 ei
1909 2889 1977 2925 ex
2027 2873 2229 2926 invidia

657 2973 856 3011 nocere
885 2957 1278 3012 contendisset.
1315 2958 1448 3012 Nam
1479 2959 1714 3028 primunt
1752 2961 1971 3030 quidem
2003 2971 2061 3016 ut
2085 2961 2231 3017 Can-

657 3057 980 3102 tacuzenum
1016 3064 1119 3102 una
1155 3060 1596 3119 persequeretur.
1629 3064 1682 3106 et
1716 3053 1783 3106 ad
1834 3053 1979 3108 illius
2013 3069 2234 3108 exeom-

660 3141 1080 3196 municatiouem
1118 3140 1475 3194 assentiretur
1505 3143 1829 3210 postulabat.
1866 3142 1944 3196 Eo
1990 3151 2097 3196 tam
2121 3159 2232 3198 .nc-

659 3237 848 3289 l'ariam
891 3234 1263 3289 assensionem
1297 3231 1848 3304 commUuionemque
1891 3235 2230 3304 repudiante,

659 3327 993 3395 perspiciens
1027 3325 1114 3380 ille
1146 3326 1319 3379 virum
1352 3326 1549 3380 virtute
1596 3337 1652 3382 et
1699 3327 1965 3396 sapientia
2012 3327 2235 3395 conSpi-

658 3433 820 3469 cuum
855 3416 988 3468 nihil
1024 3416 1217 3469 ltesura
1265 3417 1494 3471 crimina
1544 3417 1779 3486 publica,
1829 3426 2036 3472 mutata
2071 3417 2234 3488 693

662 3507 908 3570 ratione,
967 3507 1263 3578 impietatis
1317 3509 1366 3562 ei
1424 3509 1602 3564 dicam
1661 3509 1898 3579 scripsit.
1948 3508 2235 3580 Acindyuo

658 3599 805 3653 enim
836 3599 1051 3667 cuidam
1082 3599 1371 3665 monacho,
1406 3609 1688 3668 postquam
1721 3600 2034 3655 Barlaamus
2061 3601 2237 3655 omni-

661 3692 761 3744 bus
789 3691 1031 3755 calculis,
1061 3700 1370 3744 sanctorum
1405 3690 1554 3745 scitis
1586 3693 1654 3747 de
1713 3702 1860 3746 recta
1891 3702 1947 3746 et
1975 3707 2107 3747 sana
2133 3691 2237 3746 llde

2334 2505 2470 2568 σιλὶς
2517 2507 2777 2560 διετίθετο
2825 2512 3008 2570 κακῶς
3071 2509 3209 2578 πρὸς
3270 2514 3646 2578 πατριάρχην,
3720 2511 3907 2560 καίτοι

2334 2596 2486 2666 παρά
2542 2599 2721 2652 πάντα
2767 2599 2862 2652 τὸν
2911 2598 3005 2650 τοῦ
3061 2600 3305 2669 πολέμου
3337 2601 3530 2669 χρόνον
3559 2599 3766 2666 πολλὴν
3803 2601 3909 2668 τὴν

2332 2690 2625 2762 εὐμένειαν
2659 2691 3013 2760 παρεχομένη
3044 2693 3139 2744 καί
3181 2691 3280 2762 τήν
3310 2693 3503 2761 ῥοπὴν,
3561 2691 3636 2754 ὡς
3663 2693 3908 2762 ἄρχοντα

2347 2757 2653 2849 Ἀρχόντων
2680 2757 2844 2833 εἶναι.
2878 2757 3064 2834 γΛίτνία
3095 2781 3151 2834 δέ
3306 2757 3390 2834 δτι
3429 2757 3569 2849 μετὰ
3602 2782 3662 2833 τὸ
3689 2757 3914 2850 κεκινῆο

2335 2872 2459 2924 σθαι
2485 2873 2578 2924 τὸν
2633 2872 2870 2940 πόλεμον
2920 2872 3084 2934 εὐθὺς
3147 2872 3424 2942 φθονερῶς
3472 2874 3500 2924 ό
3558 2871 3912 2942 πατριάρχης

2333 2956 2474 3032 ἔχων
2528 2963 2664 3032 πρὸς
2723 2963 3014 3035 Παλαμᾶν,
3073 2959 3162 3018 οἷα
3211 2964 3276 3036 δὴ
3333 2964 3718 3028 ὑπωπτευκὼς
3774 2967 3910 3032 ἐφε-

2333 3053 2549 3124 δρεύειν
2616 3055 2766 3126 αὑτῷ
2819 3056 2956 3125 πρὸς
3008 3057 3106 3126 τὴν
3163 3055 3439 3126 καθέδραν
3498 3059 3596 3127 τὴν
3637 3057 3900 3126 ἁρχικὴν,

2335 3147 2612 3218 ἐπεχείρει
2639 3150 2990 3218 κακουργεῖν.
3019 3149 3127 3201 Kal
3160 3149 3354 3218 πρῶτα
3401 3149 3500 3218 μὲν
3553 3149 3776 3202 ἐκέλευε
3813 3150 3914 3218 βαι

2337 3240 2475 3292 σιλεί
2532 3240 2612 3310 τῷ
2657 3240 3098 3312 Καντακουζηνῷ
3145 3241 3562 3311 συμπολεμεῖν,
3615 3244 3713 3296 καὶ
3767 3243 3913 3310 πρὸς

2334 3335 2435 3394 τὰς
2489 3334 2842 3402 ἐπιτιμήσεις
2889 3337 2985 3388 καὶ
3033 3334 3160 3395 τοὺς
3213 3335 3558 3404 ἀφορισμοὺς
3609 3349 3915 3401 συγκοινω-

2336 3426 2468 3477 νεῖν.
2515 3424 2606 3488 Ὠς
2659 3425 2706 3476 δ’
2752 3425 3028 3478 ἀπείπατο
3078 3427 3286 3488 ἐκεῖνος
3341 3427 3594 3496 φανερῶς
3629 3429 3762 3497 πρὸς
3807 3429 3915 3498 τὴν

2337 3515 2447 3567 τῶν
2475 3515 2694 3567 ἀτόπων
2749 3514 3057 3577 κοινωνίαν,
3091 3513 3320 3569 συνιδὼν
3340 3517 3415 3578 ὡς
3431 3515 3585 3569 οὒδέν
3611 3516 3679 3570 ἂν
3703 3519 3916 3569 Enim:

2339 3601 2602 3671 βλάπτειν
2652 3603 2871 3656 δύναιτο
2933 3603 3172 3672 δημόσια
3236 3603 3591 3674 ἐγκλήματα,
3635 3606 3915 3674 ἐπίσημον

2340 3695 2471 3748 ὄντα
2511 3694 2582 3748 δι’
2620 3695 2826 3766 ἀρετὴν
2856 3695 2952 3748 καὶ
2993 3695 3336 3764 φιλοσοφίαν,
3359 3697 3679 3761 δυσσεϐείας
3713 3699 3914 3758 ἐδίωκε

659 3783 956 3851 pugnantia
989 3783 1185 3836 docere
1243 3791 1294 3836 et
1343 3798 1536 3852 sapere
1569 3783 1850 3838 convictus
1877 3793 1982 3848 est,
2014 3799 2232 3838 rursum

2345 3755 2689 3859 μεταϐαλών..
2736 3755 3029 3860 ’Ᾰκινδύνω
3064 3755 3334 3861 γάρ-τινι
3369 3793 3594 3864 μοναχῷ
3846 3795 3918 3847 τὸ

661 3875 808 3926 illius
834 3888 1047 3926 causam
1096 3873 1151 3926 in
1191 3874 1458 3944 judicium
1487 3875 1802 3941 adducenti,
1831 3876 2234 3944 atlirmantique

661 3966 857 4035 injuria
896 3966 1212 4020 damnatum
1257 3979 1399 4030 esse,
1433 3982 1558 4020 cum
1605 3979 1750 4021 recte
1791 3983 1854 4021 ac
1889 3982 2016 4022 vere
2059 3967 2235 4023 senti-

665 4038 778 4121 ret}
818 4055 1087 4110 Palamam
1122 4067 1302 4110 autem
1355 4068 1411 4110 et
1458 4057 1638 4110 socios
1678 4057 1746 4111 de
1781 4072 1944 4126 prava
1976 4057 2237 4128 religione

661 4146 961 4209 accusanti,
1013 4146 1320 4200 asseuticns
1367 4147 1676 4215 patriarcha
1726 4148 1928 4217 (neque
1961 4147 2111 4202 enim
2150 4149 2237 4204 vel

663 4233 775 4286 Deo
811 4235 1082 4301 parcebat,
1116 4245 1336 4303 propter
1367 4234 1551 4288 odium
1579 4251 1688 4303 quo
1715 4241 1766 4288 in
1797 4238 2238 4292 Cantacuzenum

661 4325 930 4378 ardebat:
972 4324 1186 4378 tametsi
1226 4325 1361 4394 ipse,
1409 4325 1674 4391 l’alamas,
1725 4329 1970 4398 inquam,
2015 4328 2238 4385 Barlaa-

665 4431 809 4468 mum
843 4415 989 4469 velut
1019 4426 1250 4483 pestem.
1283 4432 1344 4470 ac
1378 4417 1675 4486 perniciem
1720 4420 1900 4490 gregis
1943 4422 2236 4491 repulerat,

664 4506 851 4575 illique
879 4508 1146 4560 actionem
1177 4509 1501 4571 intenderat.
1529 4509 1709 4566 adhuc
1752 4512 1875 4567 vivo
1914 4508 2095 4569 beata:
2125 4530 2241 4570 me-

667 4602 854 4650 moria:
896 4597 1206 4652 Andronieo
1237 4599 1592 4668 imperatore,
1629 4617 1730 4657 nec
1773 4603 1948 4657 solum
1981 4606 2241 4661 condent-

665 4698 845 4755 uarat,
882 4690 978 4744 sed
1014 4698 1068 4743 et
1107 4692 1520 4759 probationibus
1568 4708 1598 4748 e
1637 4709 1790 4750 sacra
1840 4695 2142 4765 Scriptura,
2189 4707 2243 4752 et

665 4781 878 4834 ratione
907 4781 1201 4847 conclusis,
1227 4797 1291 4836 ac
1332 4785 1656 4840 necessariis
1684 4786 2242 4845 demonstrationibus

665 4872 906 4942 perversi
958 4874 1164 4928 erroris
1211 4877 1585 4948 redarguerat)
1629 4894 1793 4944 eum,
1841 4890 1897 4934 et
1929 4883 2244 4951 quicunque

665 4964 912 5018 eamdem
961 4964 1028 5019 de
1077 4967 1181 5021 [ide
1215 4969 1511 5023 tuebantur
1541 4973 1890 5036 sententiam,
1922 4974 1975 5026 in
2022 4988 2243 5030 carcere

2339 3877 2606 3948 Βαρλαάμ
2626 3879 2872 3942 άπάσαις
2889 3880 3096 3934 ἁλῶναι
3112 3882 3336 3952 ψήφοις,
3357 3884 3577 3937 ἐναντία
3600 3887 3710 3948 τοῖς
3731 3883 3917 3950 ἁγίοις

2338 3975 2433 4026 καὶ
2466 3973 2720 4041 λέγοντα,
2748 3974 2845 4028 καὶ
2875 3975 3176 4046 φρονοῦντα
3211 3977 3344 4045 περὶ
3369 3977 3467 4047 τῆς
3489 3977 3656 4048 ὀρθῆς
3677 3979 3916 4043 πίστεως

2340 4069 2437 4123 καὶ
2473 4067 2684 4136 ὑγιοῦς,
2712 4066 2870 4131 αὖθις
2899 4069 2967 4122 τά
2999 4068 3208 4121 ἐκείνου
3238 4069 3562 4133 ἐκδικοῦντι,
3597 4071 3693 4123 καὶ
3721 4071 3918 4140 ηδικῆ-

2343 4159 2469 4212 σθαι
2497 4161 2759 4228 φάσκοντι
2791 4159 2925 4229 περὶ
2949 4160 3050 4229 τὴν
3082 4159 3240 4230 δίκην
3270 4160 3408 4230 ὀρθά
3438 4162 3530 4214 καὶ
3569 4162 3741 4233 άληθῆ
3773 4180 3916 4232 φρο-

2342 4251 2565 4316 νοῦντα,
2595 4253 2836 4324 Παλαμᾷ
2865 4253 2924 4306 δέ
2956 4253 3050 4306 καί
3078 4255 3191 4316 τοῖς
3230 4269 3298 4306 πε
3310 4258 3361 4324 ρί
3390 4254 3556 4309 αὑτὸν
3589 4256 3917 4321 κακοδοξίαν

2342 4342 2686 4412 ἐγκαλοῦντι,
2725 4343 3105 4413 προσθέμενος
3159 4347 3254 4398 καὶ
3300 4347 3330 4398 ό
3383 4346 3736 4416 πατριάρχης
3766 4347 3916 4417 (οὐδὲ

2342 4439 2452 4506 γάρ
2476 4435 2598 4488 οὐδὲ
2627 4436 2764 4488 Θεοῦ
2793 4436 3066 4505 ἀπέσχετο
3095 4435 3184 4489 διὰ
3212 4437 3274 4489 τὸ
3297 4437 3432 4507 πρδς
3458 4439 3919 4507 Καντακουζηνὸν

2342 4531 2434 4580 τὸν
2467 4527 2700 4597 βασιλέα
2747 4525 2926 4596 ἔχθος,
2985 4525 3164 4580 καίτοι
3207 4543 3270 4595 γε
3297 4528 3456 4591 αὐτὸς
3488 4526 3562 4580 ὣν
3585 4529 3615 4580 ὁ
3648 4513 3920 4601 Βαρλαάμ

2342 4621 2443 4689 τῆς
2489 4618 2726 4689 ποίμνης
2759 4613 2848 4671 οἷα
2869 4617 3056 4688 λύμην
3086 4617 3368 4682 ἀπελάσας
3411 4621 3508 4673 καὶ
3549 4620 3778 4689 φθορὰν,
3822 4623 3920 4674 καὶ

2343 4711 2500 4781 δίκην
2542 4711 2661 4764 κατ’
2690 4710 2902 4764 ἐκείνου
2947 4711 3342 4779 πεποιημένος,
3379 4710 3460 4763 ἐτι
3505 4711 3600 4764 καὶ
3646 4710 3920 4779 βασιλέως

2359 4802 2701 4873 Ἀνδρονίκου
2741 4802 2836 4855 τοῦ
2875 4802 3152 4870 μακαρίου
3195 4805 3498 4872 περιόντος,
3527 4805 3621 4854 καὶ
3648 4803 3921 4872 Βαρλαάμ

2344 4897 2406 4950 οὐ
2466 4897 2630 4964 μόνον
2683 4893 3232 4966 καταψηφισαμένου,
3283 4894 3420 4947 ἀλλά
3472 4895 3566 4946 καὶ
3612 4895 3918 4965 Γραφικαῐς

2344 4988 2676 5052 ἀποδείξεσι,
2707 4988 2802 5041 καὶ
2825 4987 3093 5055 ἀνάγκαις
3113 4988 3360 5054 λογικαϊς
3384 4987 3786 5054 ἀπελέγξαντος
3819 5007 3918 5041 κα-

661 5057 958 5125 detinebat,
984 5071 1358 5130 quantumque
1388 5073 1600 5132 poterat
1620 5063 1889 5136 allligebat
1914 5083 1928 5120 :
1953 5080 2016 5121 ac
2038 5067 2234 5122 bellum

2344 5079 2624 5149 κοδοξεῖν),
2649 5081 2798 5148 lla)“:
2807 5081 2915 5150 μᾶν
2951 5097 3008 5133 τε
3039 5081 3236 5149 ὁμοίως
3261 5080 3358 5133 καὶ
3385 5081 3500 5134 ὅσοι
3528 5080 3595 5133 τὰ
3615 5082 3756 5135 αὺτά
3779 5083 3922 5135 ἐκεί-

665 5151 1020 5220 imperatorio
1050 5153 1229 5208 simile
1260 5165 1453 5210 contra
1499 5156 1798 5213 Ecclesiam
1840 5161 2237 5215 commovebat.

661 5241 775 5297 Nec
805 5248 949 5297 enim
995 5245 1264 5315 judicium
1299 5248 1490 5310 ullum,
1526 5265 1629 5304 nec
1670 5261 2116 5322 argumentorum
2151 5252 2242 5306 ﬁr-

663 5349 938 5393 mamenta
1010 5341 1326 5409 requirens,
1377 5344 1576 5398 multos
1620 5327 1906 5416 episcopos
1949 5355 2005 5401 et
2051 5347 2243 5415 praeci-

663 5446 801 5500 puos
833 5431 901 5486 de
929 5433 1213 5485 monachis
1246 5433 1448 5488 indicta
1476 5450 1640 5490 causa
1681 5437 1992 5503 damnabat,
2038 5454 2101 5493 ac
2145 5454 2242 5508 per

661 5539 823 5577 omne
855 5524 978 5578 belli
1018 5534 1232 5594 tempus
1261 5528 1503 5596 spirabat
1531 5538 1720 5583 contra
1757 5529 2010 5598 pietatem
2041 5530 2238 5586 feroci-

662 5627 766 5678 ter,
802 5617 1156 5671 archontibus
1197 5619 1317 5688 ejus
1351 5620 1648 5675 amentiam
1687 5637 1793 5676 non
1843 5637 2032 5689 parum
2081 5624 2239 5692 adju-

658 5706 935 5765 vantibus.
977 5709 1124 5776 quod
1168 5719 1222 5763 et
1251 5709 1392 5765 istuc
1427 5711 1570 5766 bello
1614 5714 1874 5768 adversus
1901 5713 2239 5769 Cantacuze-
2271 5751 2279 5761 .

659 5815 791 5852 num
829 5811 1103 5879 momento
1150 5802 1292 5858 haud
1344 5805 1603 5860 mediocri
1639 5806 1882 5862 futurum
1930 5816 2240 5862 cernerent.

2341 5192 2416 5242 νῳ
2451 5174 2582 5242 περὶ
2620 5173 2718 5242 τῆς
2773 5173 3008 5235 πίστεως
3066 5173 3352 5242 ἐφρόνουν,
3408 5175 3467 5226 ἐν
3515 5173 3918 5246 δεσμωτηρίοις

2343 5265 2481 5338 εἶχε,
2515 5268 2610 5320 καὶ
2657 5265 2862 5319 ἐκάκου
2914 5266 3016 5318 ὅσα
3043 5265 3284 5320 δυνατάο
3340 5269 3435 5318 καὶ
3464 5267 3704 5336 πόλεμον
3740 5269 3916 5321 ἐκίνει

2347 5359 2490 5414 κατὰ
2514 5363 2613 5429 τῆς
2635 5356 2965 5427 Ἐκκλησίας
2999 5359 3076 5429 τῷ
3109 5358 3372 5428 βασιλικῷ
3402 5359 3724 5429 παρόμοιον.
3748 5360 3918 5429 Δίκης

2345 5451 2454 5523 γάρ
2481 5451 2742 5519 οὐδεμιᾶς
2772 5449 2881 5503 οὐδ’
2911 5450 3173 5519 ἐλέγχων,
3211 5450 3324 5503 οὐδ’
3353 5449 3686 5514 ἀποδείξεως
3726 5451 3917 5521 δεόμε-

2349 5559 2462 5608 νος,
2486 5543 2594 5596 τῶν
2617 5560 2676 5595 τε
2708 5543 3023 5595 ἐπισκόπων
3048 5544 3148 5595 οὐκ
3177 5543 3398 5612 ὀλίγων,
3424 5545 3520 5596 καὶ
3543 5543 3652 5596 τῶν
3677 5543 3918 5611 λογάδων

2343 5635 2454 5688 τῶν
2521 5635 2774 5705 μοναχῶν
2823 5635 3229 5704 κατεψηφίζετο
3294 5635 3531 5706 ἐρήμην,
3594 5639 3691 5687 καὶ
3748 5635 3917 5697 πολὺς

2347 5729 2503 5781 ἔπνει
2535 5727 2688 5798 παρά
2718 5728 2896 5783 πάντα
2926 5728 3017 5780 τὸν
3045 5730 3138 5781 τοῦ
3162 5727 3395 5800 πολέμου
3430 5727 3623 5799 χρόνον
3647 5730 3792 5782 κατά
3823 5727 3918 5796 τῆς

2353 5821 2656 5886 εὐσεϐείας,
2683 5821 2779 5874 καὶ
2802 5821 2912 5876 τῶν
2937 5820 3214 5902 ἀρχόντων
3245 5824 3302 5878 ἐν
3328 5826 3438 5883 τοῖς
3471 5822 3803 5891 πράγμασιν
3819 5821 3920 5874 οὐκ
