4166 6432
644 411 776 477 1231

1818 395 2140 458 1ΟέιΝῘ<Ι8
2179 391 2705 452 CANTACUZENI

3756 387 3896 451 1292

639 542 781 576 tuae
812 519 1104 588 Augustam
1140 528 1427 568 occurrere
1459 521 1746 578 Oporteat;
1801 507 2210 574 affirmabatque

2333 502 2512 572 τειχῶν
2547 504 2576 555 ό
2607 501 3090 570 Καντακουζηνδς,
3123 499 3150 552 δ
3187 497 3534 568 φυλάξασθαι
3570 499 3687 551 δέον
3729 499 3895 568 βασι-

639 616 690 669 id
723 629 780 668 sc
811 607 1241 680 esploratissime
1290 619 1473 665 nosse,
1507 611 1692 670 utpote
1740 601 1962 654 missum
2013 603 2081 652 ab
2119 600 2205 658 iis,

636 711 956 778 quibuscum
995 701 1108 766 ipse
1141 710 1336 750 arcana
1387 710 1482 747 sua
1531 692 1983 745 communicaret.
2035 689 2212 758 Impe-

640 801 806 855 ratrix
844 805 955 849 rata
988 792 1230 846 fraudem
1269 788 1337 840 ab
1385 787 1576 840 amicis
1609 786 1928 854 patriarcha:
1975 781 2212 835 fabrica-

643 905 770 951 tam,
803 902 862 944 ut
912 890 1026 957 ipsa
1073 885 1138 938 ad
1176 883 1426 937 nuntium
1458 889 1826 938 consternata,
1865 877 1954 931 ille
2005 874 2211 944 suppli~

641 987 783 1040 cium
817 982 1064 1036 admissae
1097 979 1146 1030 iu
1182 975 1348 1028 Deum
1388 972 1688 1041 impietatis
1711 969 1988 1031 evaderet,
2019 982 2127 1020 non
2154 980 2212 1019 se

644 1083 764 1134 loco
807 1077 1164 1129 discessuram
1213 1065 1580 1124 asseverabat,
1613 1061 1861 1131 quamvis
1910 1060 2071 1128 plane
2104 1058 2213 1112 sci-

647 1185 744 1234 ret,
775 1189 834 1222 ea
869 1169 980 1236 ipsa
1015 1174 1168 1216 nocte
1197 1162 1632 1215 Cautacuzenum
1671 1157 1809 1207 intra
1844 1151 2040 1208 muenia
2077 1150 2208 1202 fore.

647 1265 769 1318 IIch
813 1261 920 1322 illa,
954 1271 1076 1311 cum
1123 1253 1314 1306 falsum
1369 1247 1644 1318 apportari
1694 1245 1946 1298 nuntium
1984 1242 2214 1295 arbitra-

647 1366 810 1417 retur,
863 1352 953 1421 qui
1009 1358 1127 1403 erat
1169 1345 1352 1412 ul‘quc
1407 1341 1744 1395 verissimus.
1789 1338 1853 1393 Ut
1898 1336 2042 1391 enim
2089 1349 2211 1388 cum

647 1448 774 1506 illis,
808 1459 836 1495 a
870 1441 1066 1510 quibus
1114 1437 1178 1490 ad
1228 1437 1416 1487 urbem
1466 1429 1784 1498 capiendam
1835 1423 2212 1494 adjuvabatur,

644 1539 784 1592 diem
817 1531 1120 1592 constituit,
1153 1544 1258 1596 quo
1289 1526 1378 1578 die
1411 1535 1465 1576 et
1498 1523 1612 1590 ipse
1647 1521 1887 1579 adesset,
1915 1529 1970 1572 et
2000 1518 2073 1572 illi
2105 1519 2214 1570 Αιιο

646 1643 792 1685 ream
855 1634 1063 1694 portam
1123 1621 1454 1672 obstructam
1535 1612 1912 1682 perforarent,
1975 1609 2214 1680 Sclybria

645 1717 1044 1788 Adrianopolim
1092 1710 1363 1772 discessit,
1412 1723 1532 1762 cum
1569 1705 1802 1773 amplius
1851 1702 1996 1756 mille
2025 1716 2055 1755 e
2105 1709 2217 1754 toto

2315 595 2470 648 λίδα⁶
2524 593 2834 664 ἰσχυρίζετό
2889 610 2946 646 τε
3000 595 3318 661 σαφέστατα
3349 593 3552 646 εξδέναι
3601 593 3756 663 παρὰ
3789 594 3899 643 τῶν

2312 691 2383 743 τά
2425 689 2719 758 ἀπόρρητα
2752 689 3163 742 κοινωνούντων
3197 687 3347 757 αὐτῷ
3391 686 3682 756 πεμφθείς.
3721 688 3896 739 Βασι-

2313 783 2398 846 λὶς
2419 783 2475 835 δὲ
2509 782 2634 835 ἐπεὶ
2670 781 2926 842 ἐπύθετο,
2954 782 3174 850 ἀπάτην
3202 778 3342 834 εἶναι
3364 779 3613 848 οἱηθεῖσα
3652 780 3759 832 ὑπὸ
3787 780 3900 830 τῶν

2318 875 2662 946 πατριάρχου
2699 875 2869 943 φίλων
2903 873 3444 944 συνεσκευασμένην,
3474 873 3541 926 ἶν’
3566 873 3734 940 αὐτῆς
3758 873 3900 941 πρὶς

2314 973 2413 1041 τὴν
2443 969 2703 1038 ἀγγελίαν
2736 967 3157 1039 θορυϐηθείσης,
3189 967 3252 1020 τὸ
3283 966 3470 1020 δοῦναι
3492 966 3649 1034 δίκην
3683 965 3898 1021 ἐκεῖνος

2315 1064 2552 1135 διαδρῴη
2591 1063 2678 1130 ἐφ’
2711 1058 2792 1124 οἷς
2833 1063 3101 1131 ἐτόλμησε
3129 1059 3270 1113 κατά
3305 1059 3469 1121 Θεοῦ,
3500 1062 3599 1110 ούκ
3628 1059 3733 1126 ἐφη
3767 1059 3901 1108 ἀνα-

2319 1157 2640 1224 στήσεσθαι,
2670 1156 2718 1206 εί
2760 1155 2855 1206 καὶ
2892 1154 3080 1220 σαφῶς
3113 1153 3280 1221 εἰδείη
3312 1154 3371 1204 ἐν
3420 1151 3604 1222 ἐκείνῃ
3636 1154 3698 1219 τῇ
3739 1153 3901 1200 νυκτὶ

2321 1247 2778 1314 Καντακουζηνὸν
2805 1247 3071 1313 ἐσόμενον
3101 1246 3251 1305 ἐντὸς
3275 1243 3496 1309 τειχῶν.
3543 1243 3607 1295 Ἦ
3643 1243 3742 1310 μὲν
3802 1237 3901 1292 οὖν

2315 1339 2541 1392 τοιαῦτα
2570 1339 2956 1406 ἀπεφθέγξατο
2998 1336 3072 1408 μὴ
3114 1334 3251 1389 εῖναι
3283 1336 3461 1405 ἀληθῆ
3495 1337 3595 1406 τὴν
3632 1335 3901 1401 ἀγγελίαν

2316 1433 2582 1500 οἰηθεῖσα.
2618 1431 2690 1482 Τὸ
2724 1425 2874 1500 δὲῆν
2905 1431 3013 1496 ἀρα
3051 1429 3250 1499 ἀληθές
3275 1444 3286 1456 ·
3323 1429 3400 1490 ὡς
3437 1428 3548 1497 γὰρ
3579 1429 3640 1480 ἐκ
3683 1427 3900 1496 Σηλυμ-

2317 1525 2479 1593 ϐρίας
2522 1523 2662 1592 μετά
2697 1524 2759 1575 τὸ
2821 1522 3170 1592 προθεσμίαν
3225 1521 3520 1574 συνθέσθαι
3578 1521 3710 1590 πρὸς
3772 1523 3901 1571 τοὺς

2319 1617 2657 1687 πράττοντας
2711 1613 2809 1684 τὴν
2872 1615 3100 1678 ἅλωσιν,
3142 1608 3266 1684 ἐνῇ
3317 1613 3482 1666 αὐτόν
3531 1629 3592 1665 τε
3640 1612 3902 1680 παρεῖναι

2321 1709 2451 1774 ἔδει,
2489 1706 2779 1767 κάκείνους
2816 1707 2915 1775 τὴν
2939 1705 3163 1774 Χρυσῆν
3195 1705 3374 1773 πύλην
3413 1704 3714 1772 διορύττειν
3746 1705 3901 1767 dmp-

646 1813 886 1869 exereitu
915 1808 1136 1865 delectis
1178 1803 1438 1857 militibus
1469 1801 1560 1866 (ne
1593 1796 1917 1865 proderetur
1949 1792 2214 1851 videlicet,

2333 1798 2728 1867 κοδομημένην,
2758 1797 2839 1858 είς
2889 1795 3336 1864 Ἀδριιινούπολιν
3369 1795 3574 1864 ἀπῆρε,
3618 1793 3677 1845 τὸ
3715 1794 3905 1845 κάλλι-

647 1906 691 1962 si
719 1915 967 1973 magnam
1009 1893 1408 1950 multitudinem
1447 1887 1715 1956 duceret),
1755 1899 1958 1954 perque
2001 1885 2216 1938 deserta

646 2008 701 2054 et
747 1997 865 2051 avia
909 1993 1010 2045 iter
1049 1988 1276 2051 faciens,
1311 1983 1638 2038 necessitate
1683 1979 1914 2050 quadam
1951 1976 2220 2046 praepedi-

647 2105 756 2155 tus,
787 2090 874 2144 die
903 2101 1010 2138 ttnu
1046 2080 1254 2136 tardius
1298 2077 1462 2137 venit,
1497 2088 1658 2142 quam
1709 2069 2034 2138 praefinitum
2064 2077 2213 2129 erat;

649 2201 770 2241 cum
807 2184 1009 2235 interea
1043 2171 1462 2243 eugitalimiibus
1492 2165 1910 2226 distraheretur,
1945 2170 2218 2223 metuens,

651 2293 719 2331 ne
751 2288 872 2342 pars
905 2270 1020 2337 ejus
1045 2270 1160 2334 ipso
1189 2263 1366 2316 adhuc
1401 2259 1646 2317 absente,
1677 2270 1738 2306 ex
1774 2251 2060 2306 conventis
2093 2266 2221 2319 por-

652 2380 759 2421 tam
811 2362 1056 2433 perfosso
1106 2356 1262 2410 muro
1313 2351 1588 2420 aperiens,
1643 2347 1901 2415 llagraute
1948 2343 2147 2398 delicto
2192 2358 2221 2396 a

652 2462 853 2532 populo
895 2463 1180 2510 necaretur
1211 2468 1224 2503 :
1263 2448 1584 2513 uolebatque
1615 2439 2026 2496 incredibiliter,
2058 2433 2222 2505 695

651 2530 759 2608 non
809 2551 984 2604 solum
1016 2545 1157 2616 quod
1208 2540 1466 2612 Byzantio
1512 2537 1886 2597 frustraretur,
1925 2531 2017 2593 sed
2059 2530 2222 2583 etiam

653 2647 794 2718 quod
841 2645 1039 2697 bonum
1072 2649 1357 2692 numerum
1392 2631 1688 2684 amicorum
1726 2627 2027 2680 amissurus
2057 2629 2223 2677 esset.

655 2715 904 2796 Attamen
943 2749 1050 2788 non
1083 2729 1326 2784 funditus
1356 2724 1568 2793 abiecta
1602 2735 1697 2790 spe
1723 2719 1913 2773 eodem
1946 2715 2228 2787 gradieba-

656 2846 764 2888 tur.
792 2829 965 2886 Amici
996 2835 1051 2879 et
1078 2821 1179 2891 ipsi
1210 2817 1540 2872 necessitate
1563 2813 1796 2880 quadam
1827 2810 1917 2863 illo
1941 2809 2030 2862 die
2059 2818 2228 2860 retar-

655 2924 790 2986 dati,
819 2920 907 2974 die
951 2917 1142 2977 altero,
1167 2924 1276 2980 quo
1303 2908 1359 2963 in
1397 2907 1596 2974 palatio
1624 2913 1814 2958 contra
1861 2899 2227 2970 patriarcliam

657 3019 960 3070 conventus
1005 3006 1286 3076 agebatur,
1313 2997 1727 3059 convenientes,
1752 3002 1963 3064 portam
1993 2994 2227 3045 Auream

657 3123 781 3163 cum
828 3101 1192 3172 trepidatione
1248 3104 1304 3150 et
1353 3092 1511 3147 anxia
1558 3105 1689 3144 cura
1732 3087 2005 3157 aperiunt.
2039 3085 2226 3139 Time-

2327 1908 2450 1944 στον
2465 1888 2874 1956 ἀπολεξάμενος
2901 1888 2999 1955 τῆς
3027 1889 3289 1957 στρατιᾶς
3317 1887 3458 1955 ὑπὲρ
3483 1887 3686 1957 χιλίους
3712 1889 3901 1950 ὄντας,

2324 1984 2410 2036 ἵνα
2447 1982 2522 2052 μὴ
2556 1983 2885 2051 κατάφωρος
2914 1981 2998 2047 εῐη
3028 1981 3367 2049 ἐπαγόμενος
3395 1979 3626 2041 πολλούς
3647 1997 3661 2010 ·
3690 1982 3788 2034 καὶ
3817 1979 3906 2031 διὰ

2321 2077 2432 2129 τῶν
2465 2077 2740 2145 ἀοικήτων
2777 2076 2870 2127 καὶ
2929 2073 3170 2142 ἀτριὸῶν
3211 2075 3457 2138 ὁδεύσας,
3493 2072 3761 2142 ὑστέρησε
3805 2073 3907 2141 μὲν

2323 2169 2422 2234 τῆς
2449 2165 2790 2237 προθεσμίας
2820 2164 2926 2216 ύπό
2959 2181 3102 2226 τινος
3140 2164 3388 2232 ἀνάγκης
3422 2163 3690 2225 κωλυθεὶς
3713 2164 3906 2232 ἡμέρᾳ

2328 2262 2460 2330 μιᾷ·
2513 2261 2606 2312 καὶ
2660 2258 2876 2319 πολλοῖς
2916 2257 3145 2309 ἐπάλαιε
3192 2254 3497 2324 λογισμοῖς,
3537 2255 3794 2307 δεδοίκόκ
3827 2259 3904 2324 μή

2325 2351 2679 2418 διορύξαντες
2713 2351 2765 2402 οἱ
2794 2349 2862 2402 τὰ
2901 2352 3115 2403 ἐκείνου
3145 2349 3481 2417 πράττοντες
3520 2347 3666 2400 κατά
3693 2349 3757 2398 τὸ
3783 2347 3848 2396 σύ
3868 2377 3907 2393 .-

2327 2444 2475 2514 θημα
2508 2443 2605 2513 τὴν
2633 2441 2830 2512 πύλην,
2863 2443 3033 2504 αὐτὸς
3063 2443 3163 2510 μὲν
3193 2441 3334 2510 ἀπῇ,
3371 2441 3571 2492 ἐκεῖνοι
3593 2441 3648 2493 δέ
3679 2441 3788 2492 ὑπὸ
3813 2440 3908 2491 τοῦ

2325 2536 2500 2605 δήμου
2553 2534 2934 2604 διαφθαρῶσιν
2987 2526 3208 2598 ἁλόντες
3256 2534 3346 2587 ἐπ’
3397 2535 3719 2604 αὐτοφώρῳ.
3798 2533 3912 2586 Καὶ

2327 2631 2711 2700 ἐδυσχέραινεν
2741 2633 2841 2684 οὐκ
2869 2630 3138 2694 ἀνεκτῶς,
3169 2629 3232 2683 ού
3275 2630 3432 2700 μόνον
3455 2629 3545 2682 διά
3579 2630 3678 2698 τὴν
3702 2629 3913 2681 ἀποτυ-

2328 2725 2452 2792 χίαν
2485 2722 2808 2786 Βυζαντίου,
2842 2721 2961 2775 ἀλλ’
2994 2723 3077 2775 ὅτι
3103 2723 3198 2774 καὶ
3225 2723 3336 2775 τῶν
3363 2721 3535 2788 φίλων
3563 2721 3794 2788 ἔμελλεν
3812 2721 3915 2770 οὐκ

2327 2816 2541 2882 ὀλίγους
2571 2815 2814 2868 ἀπολεῖν.
2853 2815 3042 2882 Ὅμως
3078 2814 3133 2866 δὲ
3169 2815 3230 2866 ού
3274 2814 3587 2866 παντάπασι
3619 2812 3728 2864 τῶν
3758 2812 3919 2863 ἐλπί-

2329 2909 2435 2960 δων
2468 2908 2766 2972 ἀπογνοὺς,
2821 2906 3018 2976 ἐχώρει
3049 2907 3141 2958 ἐπὶ
3179 2906 3240 2956 τὸ
3271 2907 3567 2968 Βυζάντιον
3594 2905 3811 2964 νυκτός.
3849 2909 3861 2948 ι
3898 2904 3913 2952 ί

2331 3000 2672 3070 προδιδόντες
2701 2999 2757 3050 δέ
2786 2998 2882 3050 καὶ
2913 2999 3067 3051 αὐτοὶ
3115 2998 3218 3050 ύπό
3252 3014 3400 3057 τινος
3445 2997 3691 3066 ἀνάγκης
3732 2997 3918 3047 κωλυ-

2332 3093 2520 3154 θέντες
2549 3091 2664 3152 τοῖς
2696 3090 2940 3160 τείχεσιν
2977 3091 3280 3159 ἐπιχειρεῖν
3337 3090 3478 3142 κατά
3522 3091 3621 3158 τὴν
3673 3089 3917 3156 προθεσ-

659 3202 788 3254 bant
815 3171 1102 3264 siquidem,
1137 3205 1203 3242 ne
1239 3183 1577 3259 prmcedrntc
1609 3189 1767 3234 nocte
1803 3181 2026 3234 veniens
2055 3178 2228 3246 impe-

2336 3185 2492 3255 μίαν,
2550 3184 2629 3245 είς
2684 3181 2782 3250 τὴν
2848 3181 3147 3248 ὑστεραίαν
3178 3181 3394 3252 καθ’ἥν
3451 3183 3507 3232 ἐν
3549 3181 3849 3250 βασιλείοις
3884 3182 3916 3238 ἡ

659 3302 825 3352 rator,
857 3297 910 3340 ct
936 3301 998 3338 ex
1032 3282 1201 3352 pactis
1242 3276 1374 3331 nihil
1407 3277 1535 3329 dum
1575 3274 1775 3327 factum
1806 3271 2110 3332 inveniens,
2143 3283 2228 3323 re-

659 3382 935 3438 cessisset,
987 3375 1197 3442 ipsique
1243 3368 1463 3436 proditi,
1499 3367 1618 3434 ejus
1661 3380 1844 3429 causa,
1894 3364 2013 3417 tteci
2062 3363 2230 3417 deder

662 3481 870 3527 rentur.
906 3466 1110 3520 Tamen
1143 3478 1242 3516 nec
1288 3461 1388 3529 ipsi
1433 3459 1664 3513 salutem
1698 3458 1748 3509 in
1794 3455 2096 3521 desperatis
2123 3454 2223 3507 du-

661 3573 872 3624 centes,
918 3567 1126 3629 portam
1181 3558 1581 3624 perrumpunt;
1627 3556 1744 3601 erat
1791 3547 1935 3600 enim
1985 3546 2230 3616 peditqu

662 3657 1016 3724 equitumque
1053 3646 1197 3702 haud
1225 3641 1684 3699 contemnendum
1718 3655 1930 3709 agmen,
1966 3649 2020 3691 et
2052 3638 2096 3692 si
2125 3653 2232 3706 qua

665 3749 746 3800 vis
775 3747 1072 3815 ingrueret,
1103 3754 1159 3792 sc
1187 3735 1478 3790 defendere
1505 3732 1646 3785 illam
1677 3746 1838 3800 posse
1861 3731 2230 3784 conﬁdebant.

667 3842 723 3894 Si
758 3837 994 3908 perfossa
1040 3841 1191 3902 porta
1240 3830 1619 3897 imperatorem
1660 3841 1767 3877 non
1807 3825 2136 3886 invenirent,
2165 3825 2231 3877 ad

665 3948 789 3986 eum
839 3928 984 3981 abire
1020 3921 1346 3978 statuebant.
1385 3919 1493 3972 llac
1527 3927 1709 3972 mente
1744 3932 1881 3986 opus
1930 3917 2231 3985 inceptant.

669 4017 916 4085 Si'nodus
965 4024 1144 4066 autem
1200 4011 1250 4063 in
1303 4009 1520 4078 palatio,
1560 4018 1846 4077 postquam
1883 4008 2102 4076 copiose
2133 4007 2235 4061 do-

667 4113 800 4173 cuit,
830 4107 1190 4177 patriarcliam
1237 4103 1414 4171 ipsum
1448 4100 1498 4152 in
1544 4099 1816 4169 germanis
1850 4098 2104 4154 Ecclesia:
2139 4101 2237 4155 do-

669 4203 861 4271 gmatis
893 4199 1157 4267 desipere,
1191 4206 1244 4248 et
1290 4195 1424 4247 alios
1457 4193 1520 4247 ad
1571 4193 1670 4246 sibi
1705 4193 2114 4246 assentiendum
2146 4209 2238 4246 c0-

669 4308 830 4364 gerc,
889 4286 1250 4345 concordibus
1307 4299 1430 4336 eum
1492 4284 1776 4336 sententiis
1841 4286 2233 4338 exauctoravit.

669 4391 840 4450 Quam
888 4383 957 4436 ob
1002 4393 1218 4432 causam
1271 4375 1525 4439 maxime,
1581 4374 1964 4442 imperatorem
2025 4384 2081 4428 et
2144 4375 2238 4444 qui

2340 3277 2482 3333 κατὰ
2512 3276 2853 3346 πατριάρχου
2895 3273 3113 3337 σύνοδος
3164 3276 3566 3343 συνεκροτεῖτο,
3613 3273 3920 3340 διώρυττον

2337 3371 2436 3441 τὴν
2467 3368 2690 3438 Χρυσῆν
2742 3367 2916 3436 πύλην
2960 3365 3330 3428 συνελθόντες,
3368 3368 3426 3418 ἐν
3477 3365 3647 3434 πολλῇ
3695 3369 3917 3433 ταραχῇ

2339 3470 2434 3520 καὶ
2474 3463 2622 3532 σάλῳ
2680 3461 2834 3522 ὄντες
2873 3461 2967 3511 καὶ
3017 3457 3191 3511 αὐτοί.
3236 3457 3546 3510 Ἐδεδίεσαν
3596 3460 3702 3528 γάρ
3736 3460 3814 3526 μὴ
3851 3463 3918 3524 τῇ

2342 3551 2723 3623 προγενομένῃ
2757 3549 2915 3601 νυκτὶ
2954 3547 3129 3600 ἐλθὼν
3163 3551 3190 3600 ό
3218 3547 3497 3618 βασιλεὺς,
3528 3551 3627 3602 καὶ
3655 3551 3758 3601 τῶιΙ
3792 3567 3919 3602 συν-

2340 3644 2672 3713 τεθειμένων
2719 3641 3043 3711 ἠνυσμένων
3078 3640 3328 3710 εὑρηκὼς
3367 3640 3558 3708 μτ,δ”ν,
3609 3642 3767 3703 αύτὶς
3815 3643 3921 3708 μὲν

2341 3732 2496 3796 αὖθις
2539 3733 2908 3802 ἀνεχώρησεν,
2933 3732 3090 3785 αὐτοὶ
3119 3731 3174 3783 δέ
3211 3731 3300 3798 ὑφ’
3335 3733 3547 3784 ἐ;υτῶν
3578 3736 3922 3803 καταπροδι-

2341 3831 2524 3891 θέντες
2557 3827 2950 3896 διαφθαρῶσιν.
2971 3825 3158 3894 Ὅμως
3186 3823 3296 3876 οὐδ’
3319 3825 3469 3876 αὐτοὶ
3496 3825 3595 3887 τὰς
3619 3824 3710 3880 τοῦ
3747 3827 3925 3889 σῶζε*
3989 3894 3994 3896 _

2342 3924 2468 3976 σθαι
2504 3919 2726 3981 ἐλπίδας
2777 3919 3129 3986 ἀπογνόντες,
3161 3916 3457 3988 διώρυττον
3483 3918 3580 3984 τὴν
3617 3918 3824 3987 πύλην,
3857 3917 3922 3989 ἦ.

2342 4035 2442 4070 σαν
2474 4016 2583 4083 γάρ
2625 4015 2882 4080 σύστημα
2909 4011 3008 4062 ούκ
3029 4011 3259 4076 ἀγγενὲς
3299 4011 3362 4062 ἐκ
3391 4009 3573 4073 πεζῶν
3604 4027 3662 4063 τε
3704 4015 3801 4063 καὶ
3831 4014 3924 4064 Ξπ-

2347 4113 2517 4173 πέων,
2546 4107 2642 4159 καὶ
2668 4104 2941 4174 ἐθάρρουν
2963 4103 3144 4171 σφίσιν
3170 4103 3383 4163 ἐαυτοῖς
3401 4102 3476 4165 ώς
3494 4104 3922 4171 ἀμυνουμένοις,

2343 4205 2408 4258 ἀν
2438 4219 2518 4263 τις
2551 4200 2710 4268 ἐπίῃ·
2749 4196 2854 4248 κάν
2901 4192 3249 4260 διορύξαντες
3309 4191 3384 4262 μὴ
3427 4193 3630 4260 ε’ύρωσι
3667 4196 3921 4264 παρόντα

2341 4298 2434 4350 τὸν
2466 4291 2708 4364 βασιλέα,
2765 4287 2905 4358 πρὸς
2939 4286 3104 4340 αὐτὸν
3151 4287 3485 4355 ἀποχωρεῖν.
3547 4287 3783 4339 Ἐκεῖνοι
3821 4313 3830 4353 ;
3864 4289 3920 4339 ἐν

2341 4384 2436 4436 οὖν
2463 4378 2690 4448 τοιαύτη
2720 4375 2915 4445 γνώμῃ
2960 4374 3278 4444 διώρυττον.
3322 4376 3388 4427 Ἢ
3428 4374 3486 4428 δέ
3525 4376 3586 4427 ἐν
3623 4375 3922 4444 βασιλεῖοις

673 4477 790 4531 urbi
828 4476 894 4529 ab
921 4489 985 4527 eo
1012 4469 1288 4540 capiendae
1317 4468 1628 4528 studebant,
1657 4467 1745 4520 die
1775 4470 2082 4536 praastituto
2108 4484 2228 4522 con-

2348 4475 2588 4536 σύνοδος,
2621 4471 2746 4525 ἐπεὶ
2773 4470 2837 4521 ἐκ
2871 4466 3081 4520 πολλῶν
3120 4467 3412 4521 ἀπεδείκνυ
3443 4470 3791 4538 πατριάρχην
3821 4473 3922 4522 αὖ-

674 4572 856 4624 venire.
892 4568 1056 4621 fuisse
1087 4562 1409 4633 prohibitos,
1445 4571 1629 4628 postea
1659 4561 1960 4630 judicatum
2003 4569 2086 4615 est
2121 4581 2134 4616 :
2171 4576 2238 4616 ne

672 4662 878 4715 scilicet
933 4659 1221 4724 imperator
1273 4653 1588 4721 iniuriarum
1645 4669 1876 4718 memor,
1915 4654 1983 4706 de
2041 4655 2240 4708 llirono

674 4753 821 4804 illum
875 4747 1193 4801 deturbasse
1245 4743 1542 4807 videretur,
1594 4745 1684 4795 sed
1735 4754 1794 4797 ut
1840 4760 1964 4796 eum
2017 4754 2240 4813 propter

673 4841 1026 4895 adulteratam
1055 4835 1312 4889 doctrina:
1342 4835 1622 4888 veritatem
1660 4835 1756 4888 has
1784 4849 1974 4902 pmnas
2001 4836 2240 4903 pendere

673 4947 863 4988 euincs
891 4928 1171 4998 perspicue
1200 4925 1578 4993 intelligerent.
1609 4924 1859 4994 Episcopi
1890 4940 2014 4978 cum
2046 4925 2241 4980 suffra-

675 5022 776 5092 giis
806 5019 1032 5073 aliorum
1072 5017 1471 5084 episcoporum,
1504 5013 1597 5082 qui
1628 5023 1684 5066 ut
1715 5015 1954 5081 suSpecti
2015 5017 2066 5068 in
2107 5033 2242 5070 con-

675 5115 854 5170 silium
886 5110 1107 5165 adhibiti
1138 5124 1244 5162 non
1277 5107 1511 5170 fuerant,
1547 5107 1633 5160 liis
1679 5106 1752 5158 ita
1787 5109 2043 5175 peractis,
2073 5111 2242 5163 multa

670 5209 782 5275 jam
829 5213 986 5258 nocte
1021 5203 1070 5254 in
1103 5217 1198 5253 sua
1228 5199 1460 5268 quisque
1501 5206 1642 5252 tecta
1673 5210 2035 5253 recesserunt.
2067 5199 2243 5269 Impe-

677 5306 821 5350 rator
872 5297 961 5348 ubi
1007 5291 1201 5351 adfuit,
1238 5289 1436 5356 eteius
1473 5287 1637 5341 factio
1689 5289 1835 5342 intus
1885 5289 2092 5344 aditum
2147 5307 2244 5361 per

677 5397 885 5458 portam
923 5387 1155 5438 Auream
1189 5383 1464 5454 patefecit.
1511 5382 1798 5436 resistente
1843 5383 2083 5446 nemine,
2118 5399 2244 5436 cum

677 5484 840 5535 tetius
887 5478 1070 5548 populi
1119 5477 1384 5546 applausu
1427 5485 1482 5530 et
1532 5476 1886 5545 gratulatione
1923 5477 2111 5528 urbem
2161 5477 2245 5529 in-

677 5588 893 5642 gressus
945 5581 1047 5633 est,
1102 5569 1470 5636 militibusque
1522 5568 1836 5628 interdixit,
1872 5583 1940 5620 ne
1986 5567 2051 5621 ad
2102 5570 2248 5621 cives

680 5663 1008 5731 diripiendos
1039 5661 1439 5724 discurrerent;
1485 5669 1539 5712 et
1572 5668 1835 5728 quantum
1873 5659 2067 5726 potuit,
2103 5659 2246 5712 idem

677 5755 816 5824 plebi
853 5754 1043 5808 vetuit.
1095 5751 1170 5806 lla
1216 5753 1268 5804 in
1317 5766 1448 5819 pace.
1501 5748 1739 5808 fuerunt.
1771 5752 1861 5818 qui
1911 5750 1979 5802 ab
2010 5754 2245 5820 Augusta

679 5850 910 5911 stabant,
943 5847 1042 5900 nisi
1071 5850 1114 5899 si
1147 5846 1281 5901 forte
1311 5846 1527 5916 quidam
1559 5859 1587 5896 a
1619 5843 1811 5897 vicinis
1837 5843 2046 5897 multati
2094 5856 2242 5909 sunt,

2341 4569 2434 4620 τόν
2465 4581 2524 4618 τε
2560 4562 2690 4630 περὶ
2715 4561 2784 4614 τά
2811 4559 2946 4629 ὀρθά
2971 4559 3072 4628 τῆς
3097 4559 3427 4629 Ἐκκλησίας
3447 4561 3696 4630 δόγματα
3718 4562 3919 4631 ἔχοντα

2343 4661 2442 4728 οὐχ
2472 4657 2662 4726 ὑγιῶς,
2711 4655 2806 4708 καὶ
2857 4654 2985 4717 τοὺς
3035 4652 3233 4716 ἄλλους
3284 4653 3672 4720 ἀναγκάζοντα
3721 4658 3923 4726 ἐκείνῳ

2345 4749 2699 4819 συμφρονεῖν,
2743 4744 2942 4816 γνώμῃ
2981 4747 3135 4815 κοινῇ
3173 4745 3496 4813 καθαίρεσιν
3542 4748 3710 4800 αὑτοῦ
3745 4767 3920 4802 καταο

2341 4839 2689 4910 ψηφίξονται.
2748 4837 2827 4889 Δι’
2874 4835 2911 4889 ἃ
2941 4836 3006 4906 δὴ
3038 4835 3137 4888 καὶ
3176 4835 3410 4905 μάλιστα
3452 4837 3629 4901 ἔδοξεν
3661 4838 3917 4906 ὕστερον.

2343 4931 2606 4994 Βασιλεύς
2635 4947 2695 4982 τε
2728 4931 2822 4982 καὶ
2842 4929 2891 4980 οῖ
2919 4928 3254 4995 πράττοντες
3283 4928 3384 4998 τὴν
3405 4928 3612 4981 ἅλωσιν
3641 4930 3921 4982 συνελθεῖν

2343 5023 2489 5076 κατά
2523 5023 2622 5088 τὴν
2658 5019 2998 5090 προθεσμίαν
3029 5018 3364 5089 κωλυθῆναι,
3403 5021 3494 5074 ἵνα
3532 5020 3608 5090 μὴ
3644 5038 3918 5091 μνησικα-

2343 5114 2454 5166 κῶν
2482 5113 2642 5176 nam
2667 5113 2850 5182 δοκοίη
2880 5112 2987 5164 τῶν
3016 5112 3224 5182 θρόνων
3258 5113 3541 5181 καθαιρεῖν
3565 5131 3582 5145 ο
3606 5116 3724 5166 ἀλλ’
3756 5118 3920 5183 ἀκρί-

2343 5205 2452 5266 σῶς
2476 5203 2561 5273 εἴη
2585 5201 2692 5254 τῶν
2716 5201 2892 5272 ὀρθῶν
2913 5202 3199 5269 δογμάτων
3217 5203 3312 5271 τῆς
3334 5205 3664 5273 ειιστροφῆς
3687 5205 3913 5273 εύθύνη.

2349 5295 2412 5347 Oi
2440 5295 2540 5359 μὲν
2568 5289 2662 5345 οὖν
2692 5293 2971 5363 ἀρχιερεῖς
3002 5295 3125 5345 ἐπεὶ
3148 5293 3320 5346 ταῦτα
3367 5294 3635 5362 ἔπραξαν,
3669 5298 3765 5348 καὶ
3814 5300 3920 5349 τῶν

2346 5385 2596 5439 ἀπόντων
2626 5384 2716 5436 διά
2743 5383 2805 5436 τδ
2829 5384 3237 5438 ὑποπτεύεσθαι
3267 5386 3575 5454 ἀρχιερέων
3617 5388 3920 5456 συνεπιῂ-

2346 5475 3005 5544 φισαμένων,ἀνεχώρουν
3027 5476 3258 5538 ἕκαστος
3279 5478 3416 5545 πρὸς
3435 5477 3532 5539 τάς
3549 5479 3792 5538 οἰκήσεις
3817 5479 3915 5545 ᾔδη

2348 5568 2535 5634 πόρόω
2567 5567 2798 5622 νυκτῶν.
2839 5568 3101 5630 Βισιλεὺς
3131 5569 3186 5621 δέ
3225 5570 3350 5621 ἐπεὶ
3384 5569 3588 5638 παρῆν,
3625 5570 3915 5622 τῶνἙνδω

2349 5665 2416 5712 τά
2469 5663 2677 5714 ἐκείνου
2709 5662 3060 5731 πραττόντων
3113 5661 3213 5726 τὴν
3269 5661 3497 5730 Χρυσῆν
3553 5663 3918 5733 δ.ορυξάντωε

2358 5753 2534 5821 πύλην
2585 5754 2908 5823 εἰσήλαυνεν
2945 5753 3160 5816 οὐδενὸς
3207 5753 3631 5823 ἀνθισταμένου,
3668 5756 3806 5808 ἀλλά
3853 5757 3920 5806 δι’

2355 5845 2631 5914 εὐφημίας
2660 5845 2820 5900 αὐτὸν
2846 5845 3090 5912 ἀγόντων
3121 5845 3320 5909 παντὸς
3346 5844 3439 5898 τοῦ
3463 5845 3665 5916 δήμου,
3692 5850 3790 5900 καὶ
3815 5852 3924 5909 τοῖς
