4166 6432
349 405 482 467 1297

1497 403 2031 464 HISTORIARUAI
2074 403 2303 463 LIBER
2350 402 2435 460 lll

3419 399 3556 461 1298

338 532 395 567 τε
432 508 745 580 ἀνηκέστων
797 510 1005 571 κακῶν,
1039 512 1131 563 καὶ
1177 513 1353 580 τούτῳ
1408 513 1674 580 μείζονος,
1709 516 1737 579 ἢ
1775 515 1892 565 καθ’

2004 514 2135 581 ipsis
2165 515 2306 566 mala
2336 513 2673 577 deterrima,
2695 511 3058 580 majorcmque
3113 510 3351 572 luctum,
3396 527 3555 577 quam

337 606 461 657 ὅσον
504 604 694 673 χρόνον
733 598 800 672 ἦν
839 602 1073 669 πόλεμος
1129 602 1305 671 λύπης
1369 606 1549 655 αἰτίαν
1606 607 1895 671 ἐσομένην.

338 696 409 747 ti?
433 711 488 745 τε
515 694 620 762 γὰρ
648 694 898 753 συνόντες
924 694 1165 752 Ξιπαντες
1198 694 1278 752 εἰς
1321 692 1530 743 πολλῶν
1575 696 1767 761 πεῖραν
1799 695 1895 744 ἁλ-

336 783 532 848 γεινῶν
584 784 861 844 ἐλθόντες,
903 786 995 834 καὶ
1043 784 1092 834 οἱ
1145 782 1294 834 ἔνδον
1346 786 1547 851 όμοῖως
1598 784 1891 847 Βυζαντίου

337 874 441 923 τῶν
479 873 863 942 δεσμωτηρίων
921 872 1247 936 ἐξελθόντες,
1292 875 1387 926 καὶ
1434 875 1895 943 μνησικακοῦκτες

337 963 580 1031 ἐσχάτως
617 964 735 1025 τοῖς
790 963 1010 1015 συνοῦσι
1046 963 1297 1030 βασιλίδι,
1327 965 1481 1016 αὐτοί
1526 980 1583 1014 τε
1626 959 1892 1031 διεπρίον-

336 1071 396 1105 το
441 1054 531 1104 ῦπ⁹
572 1053 767 1122 ὀργῇς,
795 1054 1002 1106 καὶτὸν
1031 1054 1203 1122 δῆμον
1234 1053 1568 1123 ἐξηρέθιζον,
1605 1054 1699 1106 καὶ
1747 1055 1895 1122 ἔνδη-

335 1145 416 1196 λοι
446 1140 609 1214 ἦσαν,
665 1145 739 1205 ὡς
778 1146 869 1196 καὶ
921 1143 1189 1211 βασιλέως
1235 1144 1461 1204 ἄκοντος
1508 1144 1894 1211 ἐπιθησόμενοι

334 1239 445 1297 τοῖς
477 1238 533 1286 ὲν
562 1233 875 1302 βασιλείοις.
912 1233 1020 1285 Καὶ
1055 1232 1245 1284 ἐδεδίει
1289 1231 1362 1300 μὴ
1412 1232 1538 1299 περί
1573 1249 1631 1282 τε
1662 1234 1761 1297 τὴν
1794 1233 1893 1299 βα-

336 1328 511 1378 σιλίδα
550 1325 644 1378 καὶ
684 1325 807 1385 τοὺς
835 1322 1030 1384 παῖδας
1063 1322 1364 1389 ἀνήκεστόν
1397 1338 1448 1373 τι
1500 1321 1765 1390 τολμηῖᾱῇ,
1799 1323 1894 1372 xa‘t

333 1423 380 1471 οἱ
420 1419 670 1478 συνόντες
720 1417 919 1478 πάντες
953 1415 1057 1467 ὑπὸ
1104 1414 1211 1467 τῶν
1250 1413 1640 1483 ὲχθραινόντων
1669 1414 1894 1479 διαφθα-

336 1510 535 1574 ρῶσινο
592 1508 619 1560 ὃ
648 1508 810 1575 ὀλίγῳ
853 1506 1078 1575 ὕστερον
1145 1504 1342 1575 μικροῦ
1390 1505 1578 1572 ἐδέησε
1617 1504 1893 1570 γενέσθαι.

343 1598 432 1658 Ὠς
467 1598 574 1667 γὰρ
618 1597 882 1649 ἐπύθοντο
915 1635 929 1660 ,
971 1597 1053 1649 ὅτι
1098 1596 1171 1663 μὴ
1202 1596 1301 1664 τὴν
1348 1593 1645 1663 πρεσϐείαν
1684 1593 1894 1662 δέχοιτο

332 1690 363 1756 ἡ
396 1687 603 1755 βασιλὶς
634 1688 766 1757 μηδὲ
800 1687 1003 1757 χωροίη
1034 1688 1170 1756 πρὸς
1212 1686 1535 1754 συμϐάσεις,
1571 1686 1630 1738 τὸ
1668 1687 1725 1738 ὲν
1759 1685 1895 1737 Bla-

333 1780 552 1849 κέρναις
583 1780 865 1849 φρούριον,
907 1780 1070 1849 μέρος
1113 1780 1202 1830 καὶ
1229 1779 1361 1830 αὐτὸ
1393 1778 1488 1831 τοῦ
1529 1779 1658 1847 περὶ
1688 1781 1755 1831 τὰ
1797 1777 1887 1847 βα-

334 1869 507 1920 σίλεια
550 1868 808 1940 φρουρίου
860 1868 941 1931 ὃν,
988 1867 1274 1921 καστέλιον
1325 1869 1887 1937 προσαγορευόμενον,

331 1960 417 2021 ἐξε
432 1959 704 2029 πόρθησάν
725 1976 783 2011 τε
803 1960 895 2011 καὶ
921 1960 1228 2029 διήρπασαν
1252 1957 1515 2027 βασιλέως
1542 1959 1887 2027 ἀγνοοῦντος,

329 2050 423 2104 καί
458 2052 536 2103 τοί
577 2068 639 2119 γε
683 2051 792 2104 τῶν
823 2051 969 2103 ινδον
1000 2052 1108 2104 ἀπὸ
1153 2051 1263 2104 τῶν
1302 2052 1499 2119 τειχῶν
1530 2050 1891 2120 ἀμυνομένων

331 2142 631 2209 κραταιῶς.
676 2141 784 2193 Καὶ
815 2142 863 2193 οἱ
895 2124 1179 2203 δοκοῦντες
1209 2141 1264 2194 δὲ
1295 2144 1447 2211 περὶ,
1470 2140 1719 2210 βασιλίδα
1746 2140 1889 2194 εὖνοι

329 2226 469 2284 εἶναι
505 2233 797 2304 πρότερον,
830 2235 923 2286 καὶ
970 2234 1069 2301 τὴν
1121 2232 1369 2316 φυλαιριν
1426 2233 1536 2286 τῶν
1600 2232 1890 2302 βασιλείων

328 2325 813 2394 ἐπιτετραμμένοι,
843 2325 962 2377 ἐπεὶ
995 2324 1086 2378 τὸν
1103 2324 1346 2377 κίνδυνον
1382 2324 1761 2394 ἁπανταχόθεν
1789 2343 1889 2377 πε-

330 2416 673 2485 ριϊστάμενον
708 2415 918 2486 ἑώρων,
948 2415 1196 2485 βασιλίδα
1221 2416 1276 2469 δὲ
1311 2417 1387 2485 μὴ
1424 2415 1710 2487 χωροῦσαν
1754 2416 1889 2487 πρὸς

331 2507 657 2574 συμϐάσεις,
689 2491 825 2559 ἀλλὰ
861 2508 1064 2576 μᾶλλον
1090 2507 1424 2577 αἱρουμένην
1454 2509 1627 2577 αὐτήν
1658 2525 1717 2560 τε
1757 2511 1891 2562 ἀπο-

330 2598 583 2667 θνήσκειν
608 2598 891 2661 κάκείνους
921 2598 1379 2660 συναπόλλυσθαι,
1411 2600 1714 2669 ἐσκέψαντο
1736 2604 1888 2672 κοινῇ

328 2691 428 2757 τῆς
464 2689 729 2759 σφετέρας
764 2689 1039 2757 σωτηρίας
1074 2690 1239 2742 ἕνεκα
1279 2690 1711 2760 καταπροῖεσθαι
1740 2692 1890 2745 ὲκεί-

331 2797 479 2841 νους,
514 2780 606 2831 καὶ
663 2780 1017 2849 παραδιδόναι
1050 2780 1263 2849 βασιλεί
1297 2783 1355 2834 τὸ
1390 2763 1666 2852 φρούριον,
1695 2785 1753 2836 οὐ
1784 2783 1889 2855 μὴν

330 2872 465 2923 ἀλλὰ
494 2872 584 2925 καὶ
618 2872 726 2924 τῶν
758 2875 814 2925 ἐν
845 2873 988 2941 λόγῳ
1034 2872 1271 2941 μάλιστά
1298 2891 1443 2937 τινες
1482 2876 1619 2944 πρὸς
1665 2876 1890 2943 βασιλέα

329 2961 663 3031 πέμψαντες,
700 2962 828 3032 περὶ
858 2962 1150 3032 προδοσίας
1187 2963 1514 3030 διελέγοντο,
1554 2967 1648 3018 καὶ
1680 2966 1889 3037 δωρεάς

326 3054 487 3125 ᾔτουν
518 3055 610 3107 καὶ
643 3056 830 3125 τιμὰς,
862 3056 910 3107 εί
961 3056 1312 3125 παραδιδοίεν
1354 3057 1421 3109 τά
1450 3057 1701 3125 βασίλεια
1748 3058 1917 3131 αὐτῇ·

1943 1438 1965 1453 ο
1996 1431 2188 1471 omnes
2246 1419 2482 1472 hostium
2536 1418 2728 1487 gladiis
2778 1418 3182 1473 conficerentur
3232 1436 3244 1472 :

2004 614 2114 654 toto
2147 604 2271 656 belii
2331 613 2571 670 tempore
2597 603 2803 669 experti
2847 613 3048 663 essent,
3077 601 3391 667 parituram.
3424 600 3553 651 Nam

1999 703 2050 744 ct
2083 693 2155 744 illi
2180 707 2388 753 unmes,
2409 691 2499 759 qni
2527 706 2648 743 cum
2680 691 3005 758 imperatore
3035 698 3210 753 erant,
3240 704 3359 740 cum
3391 690 3556 740 mul:a

1999 785 2224 835 adtcrsa
2268 782 2662 849 pertulissent,
2707 790 2761 832 et
2811 780 3059 832 similiter
3091 779 3178 847 qui
3216 778 3454 845 Byzantii
3504 780 3555 829 in

1999 874 2311 925 carceribus
2352 873 2591 934 fuerant,
2640 881 2879 923 extreme
2914 884 2973 923 se
3023 884 3049 920 a
3099 869 3410 936 proceribus
3449 871 3561 920 Au-

1998 976 2168 1031 gusta:
2224 973 2439 1020 \eanOS
2478 963 2880 1024 meminissent,
2916 963 2993 1013 ira
3034 961 3352 1021 mstuahanl,
3391 976 3564 1028 popu—

1997 1057 2219 1123 lumque
2260 1056 2549 1110 irritabant
2587 1063 2683 1108 :et
2713 1054 3025 1123 apparebat,
3063 1054 3145 1106 vel
3177 1053 3346 1105 inrito
3392 1053 3561 1121 impe-

1997 1158 2198 1212 ratore,
2230 1148 2283 1200 in
2319 1163 2412 1201 eos
2441 1147 2532 1216 qui
2561 1155 2748 1201 essent
2780 1146 2831 1197 in
2862 1146 3059 1214 palatio
3096 1147 3353 1213 impetum
3386 1142 3455 1195 fat
3476 1154 3559 1196 tu-

1996 1254 2106 1292 ros.
2144 1240 2443 1293 Verebatur
2473 1240 2715 1308 insuper,
2768 1254 2835 1293 ne
2878 1240 3205 1308 imperatrici
3267 1254 3328 1292 ac
3374 1239 3559 1290 liberis

1995 1329 2194 1397 aliquid
2229 1330 2469 1384 atrocius
2495 1329 2668 1392 fieret,
2703 1331 2906 1397 quique
2936 1345 3055 1383 cum
3095 1345 3154 1382 ea
3195 1339 3560 1387 versarentur,

3300 1418 3349 1471 id
3416 1420 3562 1486 quod

1996 1508 2158 1575 paulo
2181 1519 2307 1577 post
2338 1511 2730 1578 propemodum
2766 1509 3077 1564 accidisset.
3120 1509 3187 1563 L‘l
3215 1511 3357 1563 enim
3392 1512 3559 1562 intel-

1994 1598 2243 1651 lexerunt
2299 1613 2417 1651 eam
2462 1600 2665 1667 legatus
2717 1601 2973 1667 reiecisse
3034 1616 3097 1654 ac
3156 1616 3340 1668 pacem
3376 1601 3559 1657 nolle.

1995 1687 2279 1740 castellum
2323 1689 2374 1740 in
2401 1688 2713 1742 Blachernis
2745 1690 3068 1757 appellatum
3098 1730 3111 1752 ,
3149 1698 3355 1756 partem
3392 1691 3565 1741 muni-

1997 1776 2160 1831 tionis
2192 1788 2241 1831 et
2271 1780 2793 1846 propugnaculorum
2827 1780 3025 1846 quibus
3055 1779 3312 1847 palatium
3332 1779 3563 1832 circum-

1993 1867 2171 1929 datur,
2194 1868 2817 1934 imperatore'nesciente
2840 1859 3214 1939 expugnarunt
3232 1884 3293 1922 ac
3319 1870 3530 1935 diripue
3547 1902 3559 1909 -

1992 1968 2137 2021 runt,
2171 1974 2293 2011 cum
2330 1959 2419 2028 qui
2444 1960 2589 2012 intus
2609 1970 2763 2013 erant
2786 1976 2816 2013 e
2850 1962 3015 2014 muris
3046 1960 3255 2014 fortiter
3287 1975 3344 2013 se
3367 1960 3552 2011 defen-

1991 2051 2199 2104 dt-reul.
2243 2050 2344 2116 Qui
2367 2052 2553 2120 {porro
2598 2052 2824 2104 antehac
2865 2052 3116 2121 Augustze
3170 2050 3308 2104 bene
3357 2066 3555 2117 cupere

1990 2143 2339 2212 putabantur,
2370 2144 2674 2212 quibusque
2730 2143 2971 2197 custodia
3025 2142 3204 2210 palatii
3260 2144 3552 2196 commissa

1989 2242 2125 2296 erat,
2155 2244 2433 2301 postquam
2473 2233 2712 2296 undique
2734 2233 3050 2301 perieulum,
3076 2243 3129 2286 et
3154 2246 3268 2285 eam
3299 2248 3328 2285 a
3361 2232 3555 2300 pacifi-

1988 2327 2201 2379 catiune
2231 2326 2602 2393 refugientem,
2646 2326 2781 2378 mori
2810 2326 3066 2395 ipsos-[ue
3101 2339 3284 2378 secum
3319 2324 3549 2391 perdere

1990 2416 2148 2469 malle
2174 2416 2441 2479 viderunt,
2480 2416 2717 2468 unanimi
2746 2431 3013 2469 censensu
3058 2416 3155 2482 ipsi
3183 2432 3224 2467 IS
3266 2423 3321 2467 et
3359 2414 3558 2467 libero-

1991 2521 2109 2559 rum
2134 2506 2499 2561 defensionem
2538 2506 2768 2576 pr0prize
2797 2506 2954 2560 saluti
3001 2506 3108 2572 jam
3146 2515 3544 2573 postponentus.

1990 2598 2300 2666 imperatori
2357 2598 2610 2666 palatium
2666 2600 2876 2653 tradere
2928 2598 3347 2652 constituerunt.
3409 2598 3547 2660 Quin

1990 2689 2155 2742 etiam
2184 2688 2627 2743 honoratissimos
2648 2690 2905 2758 quosdam
2926 2690 2987 2741 ad
3008 2704 3131 2741 eum
3151 2687 3431 2745 mittendo,
3467 2687 3557 2735 alu-

1989 2794 2056 2833 na
2082 2789 2133 2833 et
2156 2759 2727 2848 lionoresquaarrbant,
2762 2782 2803 2832 si
2836 2781 3035 2849 regiam
3065 2794 3185 2833 cum
3217 2777 3307 2844 im|
3328 2790 3557 2832 eralrnr'

1989 2878 2043 2923 et
2075 2870 2263 2924 liberis
2286 2869 2650 2925 dedidissent.
2678 2869 2822 2935 Quos
2854 2871 3149 2938 imperator
3186 2870 3407 2922 auribus
3450 2870 3545 2919 ista

1997 2976 2265 3029 respuens
2317 2963 2541 3025 dimisit,
2588 2972 2843 3023 testatus,
2900 2977 3017 3015 eam
3053 2977 3173 3014 cum
3223 2961 3412 3015 liberis
3448 2977 3564 3013 ser-

1990 3061 2167 3106 vatam
2203 3054 2382 3122 potius
2430 3055 2567 3109 velle
2593 3055 2976 3122 maximopere.
3015 3054 3149 3107 Ecce
3180 3061 3357 3107 autem
3399 3051 3565 3120 impc-

328 3146 557 3215 βασιλίδι
600 3148 835 3209 καὶτοῖς
886 3147 1119 3209 τέκνοις.
1154 3147 1422 3211 Βασιλεὺς
1469 3148 1513 3201 δ’
1549 3149 1657 3201 οὐδ’
1696 3149 1886 3218 ἄκροις

1997 3153 2145 3196 rator
2174 3143 2414 3198 Joannes
2464 3154 2574 3199 tum
2614 3145 2923 3213 quindecim
2966 3155 3125 3197 natus
3170 3158 3364 3205 annos,
3400 3158 3562 3211 supra

324 3241 583 3309 ἠνέσχετο
608 3239 761 3303 ὠσὶν,
794 3240 907 3293 ἀλλ’
930 3240 1227 3309 ἀπέπεμπε
1254 3239 1525 3302 σώζεσθαι
1555 3241 1756 3310 μᾶλλον
1798 3241 1894 3311 βα-

328 3332 503 3383 σιλίδα
535 3331 782 3394 καὶτοὺς
817 3331 1010 3394 παῖδας
1055 3317 1230 3383 είπὼν
1263 3331 1533 3383 ποιεῖσθαι
1578 3334 1705 3399 περὶ
1739 3333 1892 3385 πλεί-

329 3434 474 3471 στου.
501 3418 763 3480 Βασιλεὺς
792 3418 849 3471 δὲ
903 3422 929 3472 ό
955 3420 1075 3482 νέος
1119 3420 1375 3490 Ἰωάννης
1431 3421 1551 3483 ἔτος
1597 3439 1893 3476 πεντεκαι-

324 3512 552 3564 δέκατον
585 3512 706 3564 τότε
741 3510 838 3575 ὢν,
874 3515 1059 3581 μεῖζον
1088 3514 1119 3581 ἥ
1169 3514 1310 3566 κατὰ
1351 3514 1452 3581 τὴν
1485 3514 1699 3582 ἡλικίαν
1742 3518 1897 3583 ἐφαί-

323 3620 445 3655 νετο
462 3602 697 3673 φρονῶν,
723 3603 905 3673 καὶτῷ
923 3604 1100 3674 καιρῷ
1122 3606 1460 3675 προσήκοντα
1481 3605 1891 3674 βουλευόμενος.

336 3695 424 3756 Ὠς
452 3697 560 3767 γὰρ
583 3695 847 3765 ᾐσθάνετο
870 3696 1300 3767 θορυϐουμένους
1331 3700 1457 3761 τοὺς
1485 3701 1545 3751 ὲν
1578 3699 1894 3765 βασιλείοις,

326 3785 644 3848 στασιάζειν
682 3804 739 3839 τε
774 3788 875 3857 ήδη
904 3787 1268 3856 ἀρχομένους,
1296 3791 1391 3843 καὶ
1424 3792 1550 3858 περὶ
1572 3792 1755 3843 αὐτῶν
1778 3792 1899 3845 ὲπι-

324 3882 469 3940 εικὲς
487 3879 640 3931 οὐδὲν
665 3878 1112 3949 βουλευομένους,
1140 3879 1364 3949 δραμὼν
1387 3880 1522 3949 πρὸς
1544 3882 1640 3950 τὴν
1660 3885 1893 3953 μητέρα,

323 3970 416 4021 τόν
446 3986 502 4021 τε
538 3968 766 4036 θόρυϐον
797 3970 1111 4041 ἀπήγγελλε
1159 3973 1251 4024 καὶ
1276 3972 1376 4042 τὴν
1420 3970 1737 4043 ἐπιϐουλήν.
1787 3979 1898 4029 Καὶ

324 4063 494 4115 ἐδεῖτο
520 4062 651 4132 πρὸς
681 4062 905 4132 βασιλέα
927 4065 1156 4133 τάχιστα
1187 4066 1483 4134 πρεσϐείαν
1514 4068 1780 4133 πέμπειν,
1804 4073 1898 4123 καὶ

324 4154 571 4205 τίθεσθαι
606 4154 904 4224 συμϐάσεις
942 4156 1069 4222 περὶ
1101 4156 1198 4225 τῆς
1227 4158 1482 4227 εἰρήνης’
1524 4159 1764 4226 μάλιστα
1798 4161 1897 4228 μὲν

323 4246 430 4313 γάρ
458 4245 693 4311 ἔφασκεν
719 4247 923 4297 ἐκεῖνον
954 4247 1110 4300 οὐδὲν
1135 4248 1264 4317 περὶ⁵
1295 4248 1471 4302 αὐτῶν
1499 4250 1889 4319 βουλεύσεσθαι

321 4337 512 4389 δεινόν.
547 4335 609 4388 Εἰ
636 4336 681 4388 δ’
713 4337 823 4407 ἄρα
852 4338 948 4390 καὶ
970 4338 1037 4392 τὰ
1074 4336 1303 4408 δεύτερα
1334 4340 1530 4410 νικῴη,
1564 4341 1774 4412 βέλτιον
1802 4345 1896 4396 ὑπ’

323 4426 535 4478 ἐκείνου
596 4427 779 4489 κακῶς
814 4428 1029 4494 παθεῖν,
1081 4429 1113 4498 ἢ
1161 4430 1355 4500 ἀλογίᾳ
1388 4432 1560 4501 δήμου
1605 4435 1696 4486 καὶ
1734 4451 1899 4504 στρα-

1995 3243 2208 3289 aetatem
2238 3252 2449 3304 sapere,
2507 3247 2562 3290 et
2627 3236 2856 3305 tempori
2915 3245 3219 3303 Opportuna
3281 3235 3567 3288 consulere.

1996 3329 2144 3382 visus
2175 3338 2277 3383 est.
2319 3328 2387 3383 Ut
2426 3329 2569 3383 enim
2609 3330 3006 3382 tumultuantes
3040 3328 3228 3391 sensit,
3262 3328 3354 3396 qui
3391 3328 3442 3379 in
3478 3344 3569 3395 pa-

1997 3419 2127 3471 latio
2172 3428 2361 3478 erant.
2398 3429 2445 3470 et
2488 3419 2599 3486 jam
2660 3418 2928 3473 dissidere
2995 3416 3337 3485 incipientes,
3392 3416 3566 3483 deque

1998 3520 2172 3564 matre
2221 3528 2343 3563 cum
2385 3512 2506 3564 ﬁliis
2538 3510 2673 3565 nihil
2704 3526 2918 3577 mquum
2948 3510 3148 3565 animis
3174 3508 3461 3579 agitantes,
3502 3508 3565 3559 ad

1996 3612 2278 3671 parentem
2316 3617 2609 3655 accurrens
2634 3643 2647 3666 ,
2697 3601 2863 3672 699
2907 3601 3198 3655 tumultum
3255 3608 3309 3653 et
3345 3598 3567 3652 insidias

1996 3694 2210 3748 nuntiat
2239 3711 2252 3759 ;
2279 3710 2442 3748 orans
2472 3694 2757 3748 celerrime
2788 3693 2852 3747 ad
2886 3694 3275 3763 imperatorem
3309 3691 3446 3744 mitti
3472 3733 3485 3754 ,
3517 3703 3571 3742 ct

1997 3801 2120 3840 cum
2168 3801 2234 3839 eo
2283 3786 2482 3851 decidi,
2528 3787 2910 3854 altirmansque
2945 3827 2959 3852 ,
3014 3784 3151 3838 nihil
3179 3784 3247 3837 ab
3292 3798 3357 3837 eo
3409 3799 3568 3852 grau-

2001 3879 2319 3934 timendum.
2360 3878 2452 3933 Sin
2479 3894 2637 3933 secus
2660 3893 2749 3931 res
2791 3888 2898 3940 eat,
2930 3886 3190 3945 przestare
3222 3874 3372 3928 illum
3403 3874 3571 3925 incltu

1998 3981 2233 4025 mentem
2300 3972 2558 4037 experiri,
2591 3986 2751 4037 quam
2803 3970 2855 4022 in
2893 3968 3073 4036 populi
3121 3967 3450 4020 dementiam
3497 3981 3559 4017 ac

1997 4062 2234 4117 militum
2272 4060 2511 4114 furorem
2574 4061 2835 4114 incidere.
2891 4059 3043 4113 Illico
3076 4074 3340 4128 persuasa
3378 4067 3571 4123 mater,

1998 4153 2369 4207 Andronicum
2410 4152 2649 4206 Asanem
2687 4151 3032 4220 imperatoris
3050 4166 3319 4214 socerum,
3350 4161 3405 4204 ct
3441 4151 3569 4203 (ire-

1999 4243 2213 4315 gorium
2264 4241 2535 4295 Palamam
2586 4242 2693 4295 illic
2743 4258 2959 4295 carcere
3012 4243 3261 4297 detentus
3292 4243 3369 4311 (ti)
3404 4243 3470 4295 ad
3505 4260 3563 4295 se

1999 4335 2199 4389 adduci
2255 4334 2419 4403 jussit
2459 4352 2472 4387 :
2507 4334 2830 4401 quibuscum
2871 4333 2940 4387 de
2972 4348 3104 4401 pace
3135 4333 3336 4397 locuta,
3370 4350 3463 4386 eus
3502 4336 3566 4385 ad

1999 4426 2381 4494 imperatorem
2425 4425 2583 4493 legat.
2614 4422 2716 4488 Qui
2749 4424 2898 4477 illum
2934 4432 3139 4477 tumere
3185 4425 3487 4486 iracunlia,
3518 4436 3571 4475 ct

320 4519 531 4570 τιωτῶν
592 4521 736 4589 όρμῇ
794 4524 1133 4588 περιπεσεῖν.
1185 4522 1393 4575 Αὐτίκα
1446 4541 1505 4576 τε
1558 4513 1806 4578 ἐπείθετο
1855 4528 1888 4595 ἡ

1998 4517 2063 4570 ad
2087 4514 2493 4585 persequendas
2535 4514 2673 4567 bello
2720 4523 2970 4581 acceptas
3039 4514 3270 4583 injurias
3322 4526 3565 4582 paratum

325 4615 531 4681 μήτηρ,
567 4614 660 4665 καὶ
706 4613 798 4665 τὸν
841 4614 1179 4681 Ἀνδρόνικον
1222 4615 1454 4686 ’Δσὰνην
1503 4616 1594 4669 τὸν
1625 4617 1890 4686 βασιλέως

320 4704 602 4771 πενθερὸν,
656 4703 751 4755 καὶ
806 4704 897 4757 τὸν
928 4704 1192 4773 Παλαμᾶν
1240 4704 1538 4776 Γρηγόριον
1587 4706 1749 4760 αὑτοῦ
1784 4724 1886 4760 που

321 4794 886 4863 κατακεκλασμένους
916 4797 972 4847 ὲν
1008 4797 1402 4865 δεσμωτηρίοις
1428 4797 1574 4852 ἔνδον
1600 4798 1889 4869 βασιλείων

319 4885 545 4951 ἄγεσθαι
592 4886 811 4939 ἐκέλευε
863 4888 997 4956 πρὸς
1036 4890 1244 4958 αὑτήν·
1287 4890 1382 4943 καὶ
1430 4895 1557 4962 περὶ
1605 4892 1704 4959 τῆς
1748 4891 1886 4961 πρὸς

321 4975 547 5043 βασιλέα
576 4975 917 5044 διαλεχθεῖσα
965 4978 1098 5046 πρὸς
1128 4978 1325 5041 αὐτοὺς
1378 4979 1623 5050 εἰρήνης,
1666 4980 1883 5050 ἔπεμπε

319 5068 453 5135 πρὸς
485 5069 687 5120 ἐκεῖνον
720 5069 1080 5143 πρεσϐευτάς.
1121 5070 1184 5121 Ol
1217 5069 1274 5122 δὲ
1304 5070 1623 5140 νομίσαντες
1660 5071 1884 5140 βασιλέα

321 5160 571 5212 οίδαίνειν
594 5177 654 5212 τε
679 5160 757 5229 τῷ
786 5162 964 5230 θυμῷ,
990 5162 1231 5230 καὶπρὸς
1261 5162 1470 5232 ἄμυναν
1493 5181 1601 5215 των
1628 5166 1770 5217 κατά
1796 5167 1888 5218 τὶν

320 5248 556 5315 πόλεμον
578 5250 961 5319 γεγενημένων
978 5253 1493 5319 παρεσκευασμένον
1511 5249 1670 5315 εἴναι,
1697 5257 1888 5325 πρῶτα

324 5346 421 5412 μὲν
452 5344 543 5396 ἐπὶ
568 5344 781 5415 δεήσεις
815 5346 1130 5411 ἐτράποντο,
1158 5349 1251 5401 καὶ
1282 5347 1489 5417 ἱκεσίας
1523 5349 1739 5416 ἀφεῖναι
1791 5350 1888 5419 τὴν

319 5435 491 5505 ὀργὴν
523 5437 636 5497 τοῖς
682 5436 1053 5506 ἀμαρτήσασι,
1087 5438 1178 5489 καὶ
1212 5436 1376 5506 μηδὲν
1407 5438 1566 5489 πλέον
1610 5438 1888 5508 ἐπιζητεῖν

1994 4622 2121 4663 esse
2153 4607 2462 4676 opinantes,
2518 4606 2749 4674 primum
2794 4620 2984 4674 preces
3034 4616 3089 4657 et
3141 4605 3567 4673 supplicationes

1994 4697 2278 4759 adhibent,
2327 4706 2386 4750 ut
2413 4701 2521 4750 reis
2556 4695 2882 4765 placaretur,
2925 4707 2979 4748 et
3030 4696 3218 4749 hostes
3271 4695 3565 4750 domuisse.

1997 4790 2327 4858 penitusque
2362 4786 2659 4854 subiecisse
2698 4793 2985 4840 contentus
3025 4797 3213 4852 esset;
3258 4796 3312 4840 et
3373 4803 3566 4854 quem-

1991 4880 2279 4933 admodum
2335 4892 2431 4932 eos
2475 4879 2641 4930 armis
2704 4878 2963 4940 vicisset,
3010 4877 3087 4931 sic
3137 4887 3190 4930 et
3250 4877 3565 4944 iniuriarum

1990 4980 2302 5040 c0utemptu
2348 4977 2401 5022 et
2436 4967 2723 5022 altitudine
2760 4969 2926 5021 animi
2957 4983 3015 5023 se
3067 4968 3241 5038 ipsum
3274 4970 3518 5023 vinceret
3552 4988 3565 5022 ι

2000 5077 2122 5131 quae
2205 5062 2461 5113 nimirum
2514 5060 2751 5112 maxima
2806 5060 2991 5128 illique
3052 5061 3561 5114 eam-enientissim-

1988 5152 2215 5208 victoria
2250 5160 2416 5207 esset.
2472 5150 2677 5204 Deinde
2718 5150 3045 5221 legationem
3100 5162 3437 5221 exponentes
3469 5168 3560 5221 pe-

1990 5254 2134 5310 tunt,
2171 5253 2229 5297 ut
2287 5244 2543 5313 pietatem
2584 5258 2710 5313 erga
2749 5244 2993 5298 defuncti
3036 5245 3383 5313 imperatoris
3428 5245 3554 5297 libe-

1991 5347 2102 5395 ros,
2134 5332 2453 5396 clementiae,
2490 5332 2712 5386 excelsa:
2742 5334 2936 5389 mentis
2965 5348 3028 5388 ac
3075 5334 3376 5403 prudentiae
3447 5349 3559 5386 sure

1995 5434 2256 5478 reternum
2311 5436 2725 5482 monumentum
2778 5428 3133 5497 relinqueret.
3182 5428 3248 5481 At
3278 5428 3419 5479 enim
3457 5416 3567 5478 ἠε--

1570 5596 1779 5659 Jacobi
1810 5599 2073 5661 Pontani
2121 5608 2302 5663 notae.

391 5736 502 5798 (65)
543 5737 720 5802 Quare
752 5738 800 5790 in
825 5753 1010 5791 career
1048 5753 1096 5790 m
1123 5739 1357 5790 traditus
1385 5739 1723 5794 Andronicus
1749 5742 1883 5794 Asa-

322 5824 442 5874 nea,
479 5810 567 5877 qui
598 5817 773 5862 tamen
817 5825 1016 5877 genere
1049 5810 1365 5862 adrcrsatus
1401 5811 1613 5878 legitur,
1649 5814 1871 5880 perimit-

1992 5757 2047 5798 ut
2086 5747 2312 5800 erteri?
2353 5746 2456 5802 Sed
2492 5748 2590 5803 hoc
2625 5749 2988 5818 Apurauchus
3030 5750 3190 5818 fceTt;
3228 5766 3387 5806 causa
3420 5751 3564 5812 indi~

1984 5828 2098 5871 cata
2133 5827 2211 5871 est
2244 5833 2421 5889 supra.
