  <div class='ocr_page' id='page_1' title='image "/cluster/home/n/w/nwhite01/storage/ocr_20150623/153/hvd.32044073502643/014.png"; bbox 0 0 4038 6212; ppageno 0'>
   <div class='ocr_carea' id='block_1_1' title="bbox 331 330 1926 413">
    <p class='ocr_par' dir='ltr' id='par_1_1' title="bbox 331 330 1926 406">
     <span class='ocr_line' id='line_1_1' title="bbox 331 330 1926 406; baseline 0.001 -2"><span class='ocrx_word' id='word_1_1' title='bbox 331 330 393 404; x_wconf 71' lang='lat' dir='ltr'><strong><em>i7</em></strong></span> <span class='ocrx_word' id='word_1_2' title='bbox 1292 342 1307 351; x_wconf 78' lang='grc'><em>’</em></span> <span class='ocrx_word' id='word_1_3' title='bbox 1647 341 1926 406; x_wconf 72' lang='grc' dir='ltr'><strong><em>ΡΗΟιΕ(</em></strong></span> 
     </span>
    </p>
   </div>
   <div class='ocr_carea' id='block_1_2' title="bbox 1979 330 3574 413">
    <p class='ocr_par' dir='ltr' id='par_1_2' title="bbox 1979 336 3574 413">
     <span class='ocr_line' id='line_1_2' title="bbox 1979 336 3574 413; baseline 0.005 -9"><span class='ocrx_word' id='word_1_4' title='bbox 1979 343 2166 407; x_wconf 79' lang='lat' dir='ltr'><strong>)MEN</strong></span> <span class='ocrx_word' id='word_1_5' title='bbox 2175 345 2240 406; x_wconf 79' lang='grc' dir='ltr'>Α.</span> <span class='ocrx_word' id='word_1_6' title='bbox 3496 336 3574 413; x_wconf 74' lang='grc'><strong>18</strong></span> 
     </span>
    </p>
   </div>
   <div class='ocr_carea' id='block_1_3' title="bbox 358 488 3563 529">
    <p class='ocr_par' dir='ltr' id='par_1_3' title="bbox 358 488 3563 529">
     <span class='ocr_line' id='line_1_3' title="bbox 358 488 3563 529; baseline 0.001 -2"><span class='ocrx_word' id='word_1_7' title='bbox 358 488 3563 529; x_wconf 54' lang='lat' dir='ltr'><em>W</em></span> 
     </span>
    </p>
   </div>
   <div class='ocr_carea' id='block_1_4' title="bbox 1597 659 2372 817">
    <p class='ocr_par' dir='ltr' id='par_1_4' title="bbox 1597 659 2372 817">
     <span class='ocr_line' id='line_1_4' title="bbox 1597 659 2372 817; baseline 0.001 -29"><span class='ocrx_word' id='word_1_8' title='bbox 1597 659 2372 795; x_wconf 70' lang='lat' dir='ltr'><strong><em>IQANNOY</em></strong></span> 
     </span>
    </p>
   </div>
   <div class='ocr_carea' id='block_1_5' title="bbox 408 804 3500 1137">
    <p class='ocr_par' dir='ltr' id='par_1_5' title="bbox 408 804 3500 1137">
     <span class='ocr_line' id='line_1_5' title="bbox 408 804 3500 1137; baseline 0.001 -48"><span class='ocrx_word' id='word_1_9' title='bbox 408 888 941 1094; x_wconf 81' lang='grc' dir='ltr'><strong><em>ΤΟΥ</em></strong></span> <span class='ocrx_word' id='word_1_10' title='bbox 1080 804 3500 1137; x_wconf 82' lang='grc' dir='ltr'><strong><em>ΚΑΝΤΑΚΟΥΖΗΝΟΥ</em></strong></span> 
     </span>
    </p>
   </div>
   <div class='ocr_carea' id='block_1_6' title="bbox 1171 1198 2797 1342">
    <p class='ocr_par' dir='ltr' id='par_1_6' title="bbox 1171 1198 2797 1342">
     <span class='ocr_line' id='line_1_6' title="bbox 1171 1198 2797 1342; baseline 0.004 -6"><span class='ocrx_word' id='word_1_11' title='bbox 1171 1224 1889 1341; x_wconf 81' lang='grc' dir='ltr'><strong><em>ΙΣΤΟΡΙΩΝ</em></strong></span> <span class='ocrx_word' id='word_1_12' title='bbox 1978 1220 2496 1342; x_wconf 81' lang='lat' dir='ltr'><strong><em>BIBAIA</em></strong></span> <span class='ocrx_word' id='word_1_13' title='bbox 2587 1198 2797 1342; x_wconf 51' lang='grc' dir='ltr'><strong><em>Δί</em></strong></span> 
     </span>
    </p>
   </div>
   <div class='ocr_carea' id='block_1_7' title="bbox 662 1538 3256 1886">
    <p class='ocr_par' dir='ltr' id='par_1_7' title="bbox 662 1538 3256 1886">
     <span class='ocr_line' id='line_1_7' title="bbox 662 1538 3256 1886; baseline 0.002 -101"><span class='ocrx_word' id='word_1_14' title='bbox 662 1603 1574 1881; x_wconf 81' lang='lat' dir='ltr'><strong><em>JQANNIS</em></strong></span> <span class='ocrx_word' id='word_1_15' title='bbox 1666 1772 1675 1779; x_wconf 85' lang='lat'>.</span> <span class='ocrx_word' id='word_1_16' title='bbox 1724 1608 3256 1886; x_wconf 77' lang='lat' dir='ltr'><strong><em>CANTACUZENI</em></strong></span> 
     </span>
    </p>
   </div>
   <div class='ocr_carea' id='block_1_8' title="bbox 986 1926 2955 2066">
    <p class='ocr_par' dir='ltr' id='par_1_8' title="bbox 986 1926 2955 2066">
     <span class='ocr_line' id='line_1_8' title="bbox 986 1926 2955 2066; baseline 0.003 -11"><span class='ocrx_word' id='word_1_17' title='bbox 986 1926 2100 2062; x_wconf 79' lang='lat' dir='ltr'><strong><em>HISTORIARUM</em></strong></span> <span class='ocrx_word' id='word_1_18' title='bbox 2194 1935 2620 2061; x_wconf 79' lang='lat' dir='ltr'>LIBRI</span> <span class='ocrx_word' id='word_1_19' title='bbox 2736 1937 2955 2066; x_wconf 88' lang='lat' dir='ltr'><strong><em>IV.</em></strong></span> 
     </span>
    </p>
   </div>
   <div class='ocr_carea' id='block_1_9' title="bbox 1538 2308 2343 2376">
    <p class='ocr_par' dir='ltr' id='par_1_9' title="bbox 1538 2308 2343 2376">
     <span class='ocr_line' id='line_1_9' title="bbox 1538 2308 2343 2376; baseline 0.002 -4"><span class='ocrx_word' id='word_1_20' title='bbox 1538 2308 1902 2372; x_wconf 82' lang='lat' dir='ltr'><strong><em>LECTORI</em></strong></span> <span class='ocrx_word' id='word_1_21' title='bbox 1945 2310 2343 2376; x_wconf 82' lang='lat' dir='ltr'><strong><em>CANDIDO.</em></strong></span> 
     </span>
    </p>
   </div>
   <div class='ocr_carea' id='block_1_10' title="bbox 442 2424 3581 2515">
    <p class='ocr_par' dir='ltr' id='par_1_10' title="bbox 442 2424 3581 2515">
     <span class='ocr_line' id='line_1_10' title="bbox 442 2424 3581 2515; baseline 0.006 -31"><span class='ocrx_word' id='word_1_22' title='bbox 442 2424 742 2489; x_wconf 75' lang='lat' dir='ltr'><strong><em>Secundus</em></strong></span> <span class='ocrx_word' id='word_1_23' title='bbox 775 2439 830 2490; x_wconf 93' lang='lat' dir='ltr'><strong><em>et</em></strong></span> <span class='ocrx_word' id='word_1_24' title='bbox 856 2430 1376 2513; x_wconf 79' lang='lat' dir='ltr'><strong><em>quadragesimus</em></strong></span> <span class='ocrx_word' id='word_1_25' title='bbox 1407 2452 1609 2493; x_wconf 89' lang='lat' dir='ltr'><strong><em>annus</em></strong></span> <span class='ocrx_word' id='word_1_26' title='bbox 1638 2436 1740 2495; x_wconf 86' lang='lat' dir='ltr'><strong><em>hic</em></strong></span> <span class='ocrx_word' id='word_1_27' title='bbox 1769 2436 2003 2513; x_wconf 90' lang='lat' dir='ltr'><strong><em>agitur,</em></strong></span> <span class='ocrx_word' id='word_1_28' title='bbox 2040 2445 2374 2515; x_wconf 82' lang='lat' dir='ltr'><strong><em>postquam</em></strong></span> <span class='ocrx_word' id='word_1_29' title='bbox 2399 2437 2675 2499; x_wconf 86' lang='lat' dir='ltr'><strong><em>Jacobus</em></strong></span> <span class='ocrx_word' id='word_1_30' title='bbox 2708 2437 3037 2500; x_wconf 84' lang='lat' dir='ltr'><strong><em>Pontanus</em></strong></span> <span class='ocrx_word' id='word_1_31' title='bbox 3062 2437 3398 2500; x_wconf 90' lang='lat' dir='ltr'><strong><em>Societatis</em></strong></span> <span class='ocrx_word' id='word_1_32' title='bbox 3428 2441 3581 2503; x_wconf 85' lang='lat' dir='ltr'><strong><em>Jesu</em></strong></span> 
     </span>
    </p>
   </div>
   <div class='ocr_carea' id='block_1_11' title="bbox 366 2528 3576 2617">
    <p class='ocr_par' dir='ltr' id='par_1_11' title="bbox 366 2528 3576 2617">
     <span class='ocr_line' id='line_1_11' title="bbox 366 2528 3576 2617; baseline 0.004 -31"><span class='ocrx_word' id='word_1_33' title='bbox 366 2528 639 2589; x_wconf 78' lang='lat' dir='ltr'><strong><em>Joannem</em></strong></span> <span class='ocrx_word' id='word_1_34' title='bbox 668 2530 1169 2592; x_wconf 77' lang='lat' dir='ltr'><strong><em>Cantacuzenum</em></strong></span> <span class='ocrx_word' id='word_1_35' title='bbox 1201 2532 1483 2595; x_wconf 75' lang='lat' dir='ltr'><strong><em>Orientis</em></strong></span> <span class='ocrx_word' id='word_1_36' title='bbox 1514 2535 1957 2612; x_wconf 89' lang='lat' dir='ltr'><strong><em>imperatorem</em></strong></span> <span class='ocrx_word' id='word_1_37' title='bbox 1999 2555 2027 2599; x_wconf 91' lang='lat' dir='ltr'><strong><em>e</em></strong></span> <span class='ocrx_word' id='word_1_38' title='bbox 2064 2536 2337 2616; x_wconf 87' lang='lat' dir='ltr'><strong><em>palliata</em></strong></span> <span class='ocrx_word' id='word_1_39' title='bbox 2370 2546 2648 2616; x_wconf 89' lang='lat' dir='ltr'><strong><em>togatum</em></strong></span> <span class='ocrx_word' id='word_1_40' title='bbox 2674 2538 2828 2616; x_wconf 90' lang='lat' dir='ltr'><strong><em>fecit</em></strong></span> <span class='ocrx_word' id='word_1_41' title='bbox 2861 2558 2881 2599; x_wconf 91' lang='lat'><strong><em>:</em></strong></span> <span class='ocrx_word' id='word_1_42' title='bbox 2914 2537 2998 2613; x_wconf 32' lang='lat' dir='ltr'><strong><em>de.</em></strong></span> <span class='ocrx_word' id='word_1_43' title='bbox 3023 2536 3265 2612; x_wconf 78' lang='lat' dir='ltr'><strong><em>Greeco,</em></strong></span> <span class='ocrx_word' id='word_1_44' title='bbox 3302 2542 3576 2617; x_wconf 90' lang='lat' dir='ltr'><strong><em>inquam,</em></strong></span> 
     </span>
    </p>
   </div>
   <div class='ocr_carea' id='block_1_12' title="bbox 360 2629 3573 2718">
    <p class='ocr_par' dir='ltr' id='par_1_12' title="bbox 360 2629 3573 2718">
     <span class='ocr_line' id='line_1_12' title="bbox 360 2629 3573 2718; baseline 0.004 -32"><span class='ocrx_word' id='word_1_45' title='bbox 360 2629 421 2687; x_wconf 87' lang='lat' dir='ltr'><strong><em>in</em></strong></span> <span class='ocrx_word' id='word_1_46' title='bbox 447 2630 727 2692; x_wconf 80' lang='lat' dir='ltr'><strong><em>Latinum</em></strong></span> <span class='ocrx_word' id='word_1_47' title='bbox 757 2634 1073 2712; x_wconf 75' lang='lat' dir='ltr'><strong><em>eleganter</em></strong></span> <span class='ocrx_word' id='word_1_48' title='bbox 1097 2637 1406 2697; x_wconf 76' lang='lat' dir='ltr'><strong><em>convertit</em></strong></span> <span class='ocrx_word' id='word_1_49' title='bbox 1436 2656 1455 2696; x_wconf 94' lang='lat'><strong><em>:</em></strong></span> <span class='ocrx_word' id='word_1_50' title='bbox 1488 2646 1763 2716; x_wconf 74' lang='lat' dir='ltr'><strong><em>togaque</em></strong></span> <span class='ocrx_word' id='word_1_51' title='bbox 1816 2639 1951 2718; x_wconf 83' lang='lat' dir='ltr'><strong><em>ejus</em></strong></span> <span class='ocrx_word' id='word_1_52' title='bbox 1996 2632 2181 2701; x_wconf 65' lang='lat' dir='ltr'><strong><em>riotus</em></strong></span> <span class='ocrx_word' id='word_1_53' title='bbox 2206 2640 2612 2718; x_wconf 83' lang='lat' dir='ltr'><strong><em>pereruditus</em></strong></span> <span class='ocrx_word' id='word_1_54' title='bbox 2646 2638 2843 2699; x_wconf 89' lang='lat' dir='ltr'><strong><em>veluti</em></strong></span> <span class='ocrx_word' id='word_1_55' title='bbox 2878 2655 3237 2718; x_wconf 83' lang='lat' dir='ltr'><strong><em>purpuram</em></strong></span> <span class='ocrx_word' id='word_1_56' title='bbox 3270 2639 3573 2706; x_wconf 69' lang='lat' dir='ltr'><strong><em>intexuit.</em></strong></span> 
     </span>
    </p>
   </div>
   <div class='ocr_carea' id='block_1_13' title="bbox 354 2728 3578 2822">
    <p class='ocr_par' dir='ltr' id='par_1_13' title="bbox 354 2728 3578 2822">
     <span class='ocr_line' id='line_1_13' title="bbox 354 2728 3578 2822; baseline 0.004 -35"><span class='ocrx_word' id='word_1_57' title='bbox 354 2748 423 2789; x_wconf 89' lang='lat' dir='ltr'><strong><em>ne</em></strong></span> <span class='ocrx_word' id='word_1_58' title='bbox 444 2733 674 2794; x_wconf 82' lang='lat' dir='ltr'><strong><em>scilicet</em></strong></span> <span class='ocrx_word' id='word_1_59' title='bbox 703 2747 889 2797; x_wconf 70' lang='lat' dir='ltr'><strong><em>terrm</em></strong></span> <span class='ocrx_word' id='word_1_60' title='bbox 916 2728 1174 2799; x_wconf 64' lang='lat' dir='ltr'><strong><em>Gracia</em></strong></span> <span class='ocrx_word' id='word_1_61' title='bbox 1200 2741 1496 2818; x_wconf 74' lang='lat' dir='ltr'><strong><em>princeps</em></strong></span> <span class='ocrx_word' id='word_1_62' title='bbox 1525 2741 1591 2800; x_wconf 91' lang='lat' dir='ltr'><strong><em>in</em></strong></span> <span class='ocrx_word' id='word_1_63' title='bbox 1618 2739 1943 2819; x_wconf 88' lang='lat' dir='ltr'><strong><em>publicum</em></strong></span> <span class='ocrx_word' id='word_1_64' title='bbox 1969 2745 2104 2804; x_wconf 91' lang='lat' dir='ltr'><strong><em>sine</em></strong></span> <span class='ocrx_word' id='word_1_65' title='bbox 2128 2761 2431 2822; x_wconf 86' lang='lat' dir='ltr'><strong><em>purpura</em></strong></span> <span class='ocrx_word' id='word_1_66' title='bbox 2450 2743 2768 2820; x_wconf 87' lang='lat' dir='ltr'><strong><em>prodiret.</em></strong></span> <span class='ocrx_word' id='word_1_67' title='bbox 2801 2743 3023 2820; x_wconf 83' lang='lat' dir='ltr'><strong><em>Itaque</em></strong></span> <span class='ocrx_word' id='word_1_68' title='bbox 3056 2740 3241 2820; x_wconf 92' lang='lat' dir='ltr'><strong><em>longe</em></strong></span> <span class='ocrx_word' id='word_1_69' title='bbox 3271 2742 3578 2819; x_wconf 89' lang='lat' dir='ltr'><strong><em>optimum</em></strong></span> 
     </span>
    </p>
   </div>
   <div class='ocr_carea' id='block_1_14' title="bbox 349 2829 3581 2921">
    <p class='ocr_par' dir='ltr' id='par_1_14' title="bbox 349 2829 3581 2921">
     <span class='ocr_line' id='line_1_14' title="bbox 349 2829 3581 2921; baseline 0.004 -33"><span class='ocrx_word' id='word_1_70' title='bbox 349 2829 727 2909; x_wconf 69' lang='lat' dir='ltr'><strong><em>historicum,</em></strong></span> <span class='ocrx_word' id='word_1_71' title='bbox 763 2843 821 2895; x_wconf 93' lang='lat' dir='ltr'><strong><em>et</em></strong></span> <span class='ocrx_word' id='word_1_72' title='bbox 843 2837 1154 2898; x_wconf 80' lang='lat' dir='ltr'><strong><em>veteribus</em></strong></span> <span class='ocrx_word' id='word_1_73' title='bbox 1188 2856 1400 2898; x_wconf 87' lang='lat' dir='ltr'><strong><em>rerum</em></strong></span> <span class='ocrx_word' id='word_1_74' title='bbox 1429 2837 1852 2918; x_wconf 70' lang='lat' dir='ltr'><strong><em>scriptoribus</em></strong></span> <span class='ocrx_word' id='word_1_75' title='bbox 1886 2842 2019 2902; x_wconf 83' lang='lat' dir='ltr'><strong><em>sine</em></strong></span> <span class='ocrx_word' id='word_1_76' title='bbox 2050 2842 2239 2904; x_wconf 87' lang='lat' dir='ltr'><strong><em>dubio</em></strong></span> <span class='ocrx_word' id='word_1_77' title='bbox 2271 2842 2783 2921; x_wconf 82' lang='lat' dir='ltr'><strong><em>comparandum,</em></strong></span> <span class='ocrx_word' id='word_1_78' title='bbox 2818 2860 2942 2921; x_wconf 91' lang='lat' dir='ltr'><strong><em>qua</em></strong></span> <span class='ocrx_word' id='word_1_79' title='bbox 2965 2842 3160 2916; x_wconf 87' lang='lat' dir='ltr'><strong><em>docti,</em></strong></span> <span class='ocrx_word' id='word_1_80' title='bbox 3187 2860 3311 2921; x_wconf 85' lang='lat' dir='ltr'><strong><em>qua</em></strong></span> <span class='ocrx_word' id='word_1_81' title='bbox 3334 2840 3581 2902; x_wconf 87' lang='lat' dir='ltr'><strong><em>indocti</em></strong></span> 
     </span>
    </p>
   </div>
   <div class='ocr_carea' id='block_1_15' title="bbox 348 2933 3579 3018">
    <p class='ocr_par' dir='ltr' id='par_1_15' title="bbox 348 2933 3579 3018">
     <span class='ocr_line' id='line_1_15' title="bbox 348 2933 3579 3018; baseline 0.004 -29"><span class='ocrx_word' id='word_1_82' title='bbox 348 2933 614 2994; x_wconf 86' lang='lat' dir='ltr'><strong><em>manibus</em></strong></span> <span class='ocrx_word' id='word_1_83' title='bbox 634 2935 977 2999; x_wconf 77' lang='lat' dir='ltr'><strong><em>versabant.</em></strong></span> <span class='ocrx_word' id='word_1_84' title='bbox 1002 2939 1091 2999; x_wconf 81' lang='lat' dir='ltr'><strong><em>Hi</em></strong></span> <span class='ocrx_word' id='word_1_85' title='bbox 1105 2948 1370 3018; x_wconf 86' lang='lat' dir='ltr'><strong><em>propter</em></strong></span> <span class='ocrx_word' id='word_1_86' title='bbox 1396 2956 1606 2999; x_wconf 87' lang='lat' dir='ltr'><strong><em>rerum</em></strong></span> <span class='ocrx_word' id='word_1_87' title='bbox 1633 2951 1950 3018; x_wconf 86' lang='lat' dir='ltr'><strong><em>gestarum</em></strong></span> <span class='ocrx_word' id='word_1_88' title='bbox 1967 2943 2325 3003; x_wconf 88' lang='lat' dir='ltr'><strong><em>memoriam</em></strong></span> <span class='ocrx_word' id='word_1_89' title='bbox 2347 2952 2668 3002; x_wconf 86' lang='lat' dir='ltr'><strong><em>auctorem</em></strong></span> <span class='ocrx_word' id='word_1_90' title='bbox 2690 2941 3033 3002; x_wconf 86' lang='lat' dir='ltr'><strong><em>laudabant</em></strong></span> <span class='ocrx_word' id='word_1_91' title='bbox 3084 2950 3142 2999; x_wconf 91' lang='lat' dir='ltr'><strong><em>et</em></strong></span> <span class='ocrx_word' id='word_1_92' title='bbox 3176 2938 3534 3017; x_wconf 86' lang='lat' dir='ltr'><strong><em>probabant</em></strong></span> <span class='ocrx_word' id='word_1_93' title='bbox 3559 2964 3579 3002; x_wconf 91' lang='lat'><strong><em>:</em></strong></span> 
     </span>
    </p>
   </div>
   <div class='ocr_carea' id='block_1_16' title="bbox 347 3029 3582 3121">
    <p class='ocr_par' dir='ltr' id='par_1_16' title="bbox 347 3029 3582 3121">
     <span class='ocr_line' id='line_1_16' title="bbox 347 3029 3582 3121; baseline 0.004 -32"><span class='ocrx_word' id='word_1_94' title='bbox 347 3029 441 3091; x_wconf 84' lang='lat' dir='ltr'><strong><em>illi</em></strong></span> <span class='ocrx_word' id='word_1_95' title='bbox 475 3051 686 3095; x_wconf 88' lang='lat' dir='ltr'><strong><em>rerum</em></strong></span> <span class='ocrx_word' id='word_1_96' title='bbox 726 3038 1091 3099; x_wconf 86' lang='lat' dir='ltr'><strong><em>divinarum</em></strong></span> <span class='ocrx_word' id='word_1_97' title='bbox 1136 3050 1322 3119; x_wconf 89' lang='lat' dir='ltr'><strong><em>atque</em></strong></span> <span class='ocrx_word' id='word_1_98' title='bbox 1363 3040 1778 3101; x_wconf 85' lang='lat' dir='ltr'><strong><em>humanarum</em></strong></span> <span class='ocrx_word' id='word_1_99' title='bbox 1826 3043 2157 3104; x_wconf 81' lang='lat' dir='ltr'><strong><em>scientiam</em></strong></span> <span class='ocrx_word' id='word_1_100' title='bbox 2198 3043 2266 3101; x_wconf 89' lang='lat' dir='ltr'><strong><em>in</em></strong></span> <span class='ocrx_word' id='word_1_101' title='bbox 2303 3043 2596 3121; x_wconf 83' lang='lat' dir='ltr'><strong><em>principe</em></strong></span> <span class='ocrx_word' id='word_1_102' title='bbox 2635 3041 3064 3120; x_wconf 87' lang='lat' dir='ltr'><strong><em>suspiciebant</em></strong></span> <span class='ocrx_word' id='word_1_103' title='bbox 3100 3060 3120 3100; x_wconf 91' lang='lat'><strong><em>:</em></strong></span> <span class='ocrx_word' id='word_1_104' title='bbox 3153 3038 3396 3100; x_wconf 83' lang='lat' dir='ltr'><strong><em>civilem</em></strong></span> <span class='ocrx_word' id='word_1_105' title='bbox 3435 3042 3582 3102; x_wconf 87' lang='lat' dir='ltr'><strong><em>ani—</em></strong></span> 
     </span>
    </p>
   </div>
   <div class='ocr_carea' id='block_1_17' title="bbox 342 3136 3582 3219">
    <p class='ocr_par' dir='ltr' id='par_1_17' title="bbox 342 3136 3582 3219">
     <span class='ocr_line' id='line_1_17' title="bbox 342 3136 3582 3219; baseline 0.002 -27"><span class='ocrx_word' id='word_1_106' title='bbox 342 3154 514 3201; x_wconf 86' lang='lat' dir='ltr'><strong><em>mum,</em></strong></span> <span class='ocrx_word' id='word_1_107' title='bbox 550 3136 957 3214; x_wconf 88' lang='lat' dir='ltr'><strong><em>prudentiam</em></strong></span> <span class='ocrx_word' id='word_1_108' title='bbox 996 3140 1162 3200; x_wconf 92' lang='lat' dir='ltr'><strong><em>domi</em></strong></span> <span class='ocrx_word' id='word_1_109' title='bbox 1211 3139 1596 3219; x_wconf 68' lang='lat' dir='ltr'><strong><em>militiaeque,</em></strong></span> <span class='ocrx_word' id='word_1_110' title='bbox 1626 3140 2066 3219; x_wconf 81' lang='lat' dir='ltr'><strong><em>fortitudinem</em></strong></span> <span class='ocrx_word' id='word_1_111' title='bbox 2097 3142 2166 3201; x_wconf 91' lang='lat' dir='ltr'><strong><em>in</em></strong></span> <span class='ocrx_word' id='word_1_112' title='bbox 2190 3142 2378 3202; x_wconf 86' lang='lat' dir='ltr'><strong><em>rebus</em></strong></span> <span class='ocrx_word' id='word_1_113' title='bbox 2426 3139 2763 3201; x_wconf 88' lang='lat' dir='ltr'><strong><em>hostilibus</em></strong></span> <span class='ocrx_word' id='word_1_114' title='bbox 2799 3159 2819 3197; x_wconf 90' lang='lat'><strong><em>:</em></strong></span> <span class='ocrx_word' id='word_1_115' title='bbox 2847 3139 3046 3199; x_wconf 90' lang='lat' dir='ltr'><strong><em>animi</em></strong></span> <span class='ocrx_word' id='word_1_116' title='bbox 3086 3138 3582 3218; x_wconf 82' lang='lat' dir='ltr'><strong><em>magnitudinem</em></strong></span> 
     </span>
    </p>
   </div>
   <div class='ocr_carea' id='block_1_18' title="bbox 341 3237 3582 3320">
    <p class='ocr_par' dir='ltr' id='par_1_18' title="bbox 341 3237 3582 3320">
     <span class='ocr_line' id='line_1_18' title="bbox 341 3237 3582 3320; baseline 0.002 -27"><span class='ocrx_word' id='word_1_117' title='bbox 341 3237 403 3293; x_wconf 85' lang='lat' dir='ltr'><strong><em>in</em></strong></span> <span class='ocrx_word' id='word_1_118' title='bbox 434 3237 830 3318; x_wconf 79' lang='lat' dir='ltr'><strong><em>perferendis</em></strong></span> <span class='ocrx_word' id='word_1_119' title='bbox 862 3240 1145 3318; x_wconf 80' lang='lat' dir='ltr'><strong><em>injuriis,</em></strong></span> <span class='ocrx_word' id='word_1_120' title='bbox 1180 3258 1333 3319; x_wconf 88' lang='lat' dir='ltr'><strong><em>quas</em></strong></span> <span class='ocrx_word' id='word_1_121' title='bbox 1373 3240 1728 3301; x_wconf 87' lang='lat' dir='ltr'><strong><em>intulerant</em></strong></span> <span class='ocrx_word' id='word_1_122' title='bbox 1765 3242 2082 3304; x_wconf 66' lang='lat' dir='ltr'><strong><em>modestia</em></strong></span> <span class='ocrx_word' id='word_1_123' title='bbox 2126 3242 2348 3315; x_wconf 86' lang='lat' dir='ltr'><strong><em>nescii,</em></strong></span> <span class='ocrx_word' id='word_1_124' title='bbox 2385 3251 2442 3302; x_wconf 90' lang='lat' dir='ltr'><strong><em>et</em></strong></span> <span class='ocrx_word' id='word_1_125' title='bbox 2471 3240 2743 3320; x_wconf 89' lang='lat' dir='ltr'><strong><em>pudoris</em></strong></span> <span class='ocrx_word' id='word_1_126' title='bbox 2790 3240 3004 3316; x_wconf 88' lang='lat' dir='ltr'><strong><em>ignari</em></strong></span> <span class='ocrx_word' id='word_1_127' title='bbox 3043 3241 3344 3313; x_wconf 84' lang='lat' dir='ltr'><strong><em>homines,</em></strong></span> <span class='ocrx_word' id='word_1_128' title='bbox 3394 3258 3582 3319; x_wconf 51' lang='lat' dir='ltr'><strong><em>quos.</em></strong></span> 
     </span>
    </p>
   </div>
   <div class='ocr_carea' id='block_1_19' title="bbox 256 3338 3585 3426">
    <p class='ocr_par' dir='ltr' id='par_1_19' title="bbox 256 3338 3585 3426">
     <span class='ocr_line' id='line_1_19' title="bbox 256 3338 3585 3426; baseline 0.001 -27"><span class='ocrx_word' id='word_1_129' title='bbox 256 3338 263 3346; x_wconf 82' lang='grc'><em>’</em></span> <span class='ocrx_word' id='word_1_130' title='bbox 340 3358 446 3418; x_wconf 86' lang='lat' dir='ltr'><strong><em>que</em></strong></span> <span class='ocrx_word' id='word_1_131' title='bbox 472 3361 545 3402; x_wconf 75' lang='lat' dir='ltr'><strong><em>ex</em></strong></span> <span class='ocrx_word' id='word_1_132' title='bbox 574 3360 741 3419; x_wconf 90' lang='lat' dir='ltr'><strong><em>pene</em></strong></span> <span class='ocrx_word' id='word_1_133' title='bbox 786 3344 982 3404; x_wconf 82' lang='lat' dir='ltr'><strong><em>servis</em></strong></span> <span class='ocrx_word' id='word_1_134' title='bbox 1014 3341 1248 3404; x_wconf 90' lang='lat' dir='ltr'><strong><em>liberos</em></strong></span> <span class='ocrx_word' id='word_1_135' title='bbox 1281 3347 1537 3425; x_wconf 75' lang='lat' dir='ltr'><strong><em>fecerat,</em></strong></span> <span class='ocrx_word' id='word_1_136' title='bbox 1573 3352 1629 3405; x_wconf 95' lang='lat' dir='ltr'><strong><em>et</em></strong></span> <span class='ocrx_word' id='word_1_137' title='bbox 1666 3363 1743 3405; x_wconf 76' lang='lat' dir='ltr'><strong><em>ex</em></strong></span> <span class='ocrx_word' id='word_1_138' title='bbox 1783 3348 2013 3426; x_wconf 85' lang='lat' dir='ltr'><strong><em>infimis</em></strong></span> <span class='ocrx_word' id='word_1_139' title='bbox 2056 3347 2396 3419; x_wconf 86' lang='lat' dir='ltr'><strong><em>hominum,</em></strong></span> <span class='ocrx_word' id='word_1_140' title='bbox 2439 3362 2733 3404; x_wconf 86' lang='lat' dir='ltr'><strong><em>summos.</em></strong></span> <span class='ocrx_word' id='word_1_141' title='bbox 2772 3344 3162 3424; x_wconf 87' lang='lat' dir='ltr'><strong><em>Denique-in</em></strong></span> <span class='ocrx_word' id='word_1_142' title='bbox 3204 3345 3585 3422; x_wconf 82' lang='lat' dir='ltr'><strong><em>imperatore</em></strong></span> 
     </span>
    </p>
   </div>
   <div class='ocr_carea' id='block_1_20' title="bbox 342 3442 3579 3526">
    <p class='ocr_par' dir='ltr' id='par_1_20' title="bbox 342 3442 3579 3526">
     <span class='ocr_line' id='line_1_20' title="bbox 342 3442 3579 3526; baseline 0.002 -27"><span class='ocrx_word' id='word_1_143' title='bbox 342 3442 720 3501; x_wconf 83' lang='lat' dir='ltr'><strong><em>clementiam</em></strong></span> <span class='ocrx_word' id='word_1_144' title='bbox 761 3460 909 3520; x_wconf 89' lang='lat' dir='ltr'><strong><em>erga</em></strong></span> <span class='ocrx_word' id='word_1_145' title='bbox 958 3442 1181 3516; x_wconf 80' lang='lat' dir='ltr'><strong><em>hostes,</em></strong></span> <span class='ocrx_word' id='word_1_146' title='bbox 1227 3443 1452 3523; x_wconf 87' lang='lat' dir='ltr'><strong><em>dignos</em></strong></span> <span class='ocrx_word' id='word_1_147' title='bbox 1496 3447 1787 3526; x_wconf 86' lang='lat' dir='ltr'><strong><em>profecto</em></strong></span> <span class='ocrx_word' id='word_1_148' title='bbox 1820 3449 1930 3526; x_wconf 83' lang='lat' dir='ltr'><strong><em>qui</em></strong></span> <span class='ocrx_word' id='word_1_149' title='bbox 1972 3447 2232 3511; x_wconf 85' lang='lat' dir='ltr'><strong><em>hostilia</em></strong></span> <span class='ocrx_word' id='word_1_150' title='bbox 2273 3454 2671 3525; x_wconf 78' lang='lat' dir='ltr'><strong><em>paterentur,</em></strong></span> <span class='ocrx_word' id='word_1_151' title='bbox 2716 3447 3136 3526; x_wconf 84' lang='lat' dir='ltr'><strong><em>funditusque</em></strong></span> <span class='ocrx_word' id='word_1_152' title='bbox 3178 3444 3579 3505; x_wconf 88' lang='lat' dir='ltr'><strong><em>tollerentur.</em></strong></span> 
     </span>
    </p>
   </div>
   <div class='ocr_carea' id='block_1_21' title="bbox 336 3542 3583 3633">
    <p class='ocr_par' dir='ltr' id='par_1_21' title="bbox 336 3542 3583 3633">
     <span class='ocr_line' id='line_1_21' title="bbox 336 3542 3583 3633; baseline 0.002 -30"><span class='ocrx_word' id='word_1_153' title='bbox 336 3543 659 3620; x_wconf 76' lang='lat' dir='ltr'><strong><em>Postremo</em></strong></span> <span class='ocrx_word' id='word_1_154' title='bbox 688 3547 1144 3617; x_wconf 85' lang='lat' dir='ltr'><strong><em>abdicationem</em></strong></span> <span class='ocrx_word' id='word_1_155' title='bbox 1176 3552 1446 3629; x_wconf 90' lang='lat' dir='ltr'><strong><em>imperii,</em></strong></span> <span class='ocrx_word' id='word_1_156' title='bbox 1487 3552 2052 3633; x_wconf 77' lang='lat' dir='ltr'><strong><em>despectionemque</em></strong></span> <span class='ocrx_word' id='word_1_157' title='bbox 2079 3571 2327 3613; x_wconf 70' lang='lat' dir='ltr'><strong><em>summa:</em></strong></span> <span class='ocrx_word' id='word_1_158' title='bbox 2361 3552 2453 3612; x_wconf 89' lang='lat' dir='ltr'><strong><em>rei</em></strong></span> <span class='ocrx_word' id='word_1_159' title='bbox 2485 3542 2981 3625; x_wconf 83' lang='lat' dir='ltr'><strong><em>demirabantur,</em></strong></span> <span class='ocrx_word' id='word_1_160' title='bbox 3015 3553 3195 3632; x_wconf 86' lang='lat' dir='ltr'><strong><em>cujus</em></strong></span> <span class='ocrx_word' id='word_1_161' title='bbox 3227 3549 3414 3609; x_wconf 85' lang='lat' dir='ltr'><strong><em>causa</em></strong></span> <span class='ocrx_word' id='word_1_162' title='bbox 3443 3548 3583 3626; x_wconf 53' lang='lat' dir='ltr'><strong><em>ple-</em></strong></span> 
     </span>
    </p>
   </div>
   <div class='ocr_carea' id='block_1_22' title="bbox 336 3644 3586 3731">
    <p class='ocr_par' dir='ltr' id='par_1_22' title="bbox 336 3644 3586 3731">
     <span class='ocr_line' id='line_1_22' title="bbox 336 3644 3586 3731; baseline 0.002 -28"><span class='ocrx_word' id='word_1_163' title='bbox 336 3646 501 3720; x_wconf 87' lang='lat' dir='ltr'><strong><em>rique</em></strong></span> <span class='ocrx_word' id='word_1_164' title='bbox 517 3647 691 3726; x_wconf 78' lang='lat' dir='ltr'><strong><em>jura</em></strong></span> <span class='ocrx_word' id='word_1_165' title='bbox 719 3648 932 3710; x_wconf 83' lang='lat' dir='ltr'><strong><em>divina</em></strong></span> <span class='ocrx_word' id='word_1_166' title='bbox 963 3644 1347 3727; x_wconf 77' lang='lat' dir='ltr'><strong><em>humanaque</em></strong></span> <span class='ocrx_word' id='word_1_167' title='bbox 1377 3653 1645 3723; x_wconf 89' lang='lat' dir='ltr'><strong><em>violant,</em></strong></span> <span class='ocrx_word' id='word_1_168' title='bbox 1678 3664 1737 3714; x_wconf 89' lang='lat' dir='ltr'><strong><em>et</em></strong></span> <span class='ocrx_word' id='word_1_169' title='bbox 1764 3672 2074 3714; x_wconf 88' lang='lat' dir='ltr'><strong><em>secessum</em></strong></span> <span class='ocrx_word' id='word_1_170' title='bbox 2098 3655 2165 3714; x_wconf 91' lang='lat' dir='ltr'><strong><em>in</em></strong></span> <span class='ocrx_word' id='word_1_171' title='bbox 2192 3656 2668 3722; x_wconf 88' lang='lat' dir='ltr'><strong><em>monasterium,</em></strong></span> <span class='ocrx_word' id='word_1_172' title='bbox 2699 3671 2820 3731; x_wconf 91' lang='lat' dir='ltr'><strong><em>quo</em></strong></span> <span class='ocrx_word' id='word_1_173' title='bbox 2854 3651 3187 3713; x_wconf 82' lang='lat' dir='ltr'><strong><em>solitarius</em></strong></span> <span class='ocrx_word' id='word_1_174' title='bbox 3215 3665 3586 3729; x_wconf 78' lang='lat' dir='ltr'><strong><em>separatus-</em></strong></span> 
     </span>
    </p>
   </div>
   <div class='ocr_carea' id='block_1_23' title="bbox 342 3746 3580 3829">
    <p class='ocr_par' dir='ltr' id='par_1_23' title="bbox 342 3746 3580 3829">
     <span class='ocr_line' id='line_1_23' title="bbox 342 3746 3580 3829; baseline 0.002 -26"><span class='ocrx_word' id='word_1_175' title='bbox 342 3762 582 3822; x_wconf 71' lang='lat' dir='ltr'><strong><em>queert</em></strong></span> <span class='ocrx_word' id='word_1_176' title='bbox 631 3746 955 3807; x_wconf 82' lang='lat' dir='ltr'><strong><em>hominum</em></strong></span> <span class='ocrx_word' id='word_1_177' title='bbox 1001 3749 1363 3827; x_wconf 87' lang='lat' dir='ltr'><strong><em>frequentia</em></strong></span> <span class='ocrx_word' id='word_1_178' title='bbox 1407 3753 1735 3829; x_wconf 88' lang='lat' dir='ltr'><strong><em>puriorem</em></strong></span> <span class='ocrx_word' id='word_1_179' title='bbox 1791 3763 1849 3814; x_wconf 92' lang='lat' dir='ltr'><strong><em>et</em></strong></span> <span class='ocrx_word' id='word_1_180' title='bbox 1898 3754 2291 3814; x_wconf 89' lang='lat' dir='ltr'><strong><em>sanctiorem</em></strong></span> <span class='ocrx_word' id='word_1_181' title='bbox 2322 3755 2517 3813; x_wconf 90' lang='lat' dir='ltr'><strong><em>vitam</em></strong></span> <span class='ocrx_word' id='word_1_182' title='bbox 2564 3756 2827 3815; x_wconf 89' lang='lat' dir='ltr'><strong><em>viveret.</em></strong></span> <span class='ocrx_word' id='word_1_183' title='bbox 2874 3753 2984 3822; x_wconf 85' lang='lat' dir='ltr'><strong><em>Hi,</em></strong></span> <span class='ocrx_word' id='word_1_184' title='bbox 3034 3752 3309 3828; x_wconf 82' lang='lat' dir='ltr'><strong><em>inquam,</em></strong></span> <span class='ocrx_word' id='word_1_185' title='bbox 3343 3752 3431 3812; x_wconf 67' lang='lat' dir='ltr'><strong><em>&#39;id</em></strong></span> <span class='ocrx_word' id='word_1_186' title='bbox 3467 3761 3580 3823; x_wconf 87' lang='lat' dir='ltr'><strong><em>est,</em></strong></span> 
     </span>
    </p>
   </div>
   <div class='ocr_carea' id='block_1_24' title="bbox 339 3846 3586 3933">
    <p class='ocr_par' dir='ltr' id='par_1_24' title="bbox 339 3846 3586 3933">
     <span class='ocr_line' id='line_1_24' title="bbox 339 3846 3586 3933; baseline 0.002 -28"><span class='ocrx_word' id='word_1_187' title='bbox 339 3846 574 3907; x_wconf 73' lang='lat' dir='ltr'><strong><em>Graece</em></strong></span> <span class='ocrx_word' id='word_1_188' title='bbox 595 3846 828 3925; x_wconf 66' lang='lat' dir='ltr'><strong><em>linguas</em></strong></span> <span class='ocrx_word' id='word_1_189' title='bbox 847 3849 1063 3921; x_wconf 84' lang='lat' dir='ltr'><strong><em>nescii,</em></strong></span> <span class='ocrx_word' id='word_1_190' title='bbox 1085 3868 1215 3909; x_wconf 88' lang='lat' dir='ltr'><strong><em>non</em></strong></span> <span class='ocrx_word' id='word_1_191' title='bbox 1235 3851 1423 3912; x_wconf 80' lang='lat' dir='ltr'><strong><em>aliter</em></strong></span> <span class='ocrx_word' id='word_1_192' title='bbox 1443 3870 1626 3931; x_wconf 89' lang='lat' dir='ltr'><strong><em>quam</em></strong></span> <span class='ocrx_word' id='word_1_193' title='bbox 1644 3855 1861 3915; x_wconf 86' lang='lat' dir='ltr'><strong><em>Latine</em></strong></span> <span class='ocrx_word' id='word_1_194' title='bbox 1886 3855 2228 3933; x_wconf 76' lang='lat' dir='ltr'><strong><em>loquentem</em></strong></span> <span class='ocrx_word' id='word_1_195' title='bbox 2250 3853 2475 3913; x_wconf 86' lang='lat' dir='ltr'><strong><em>vellent</em></strong></span> <span class='ocrx_word' id='word_1_196' title='bbox 2503 3875 2521 3914; x_wconf 90' lang='lat'><strong><em>:</em></strong></span> <span class='ocrx_word' id='word_1_197' title='bbox 2544 3852 2666 3925; x_wconf 90' lang='lat' dir='ltr'><strong><em>illi,</em></strong></span> <span class='ocrx_word' id='word_1_198' title='bbox 2700 3853 2767 3914; x_wconf 88' lang='lat' dir='ltr'><strong><em>id</em></strong></span> <span class='ocrx_word' id='word_1_199' title='bbox 2789 3861 2901 3925; x_wconf 89' lang='lat' dir='ltr'><strong><em>est,</em></strong></span> <span class='ocrx_word' id='word_1_200' title='bbox 2933 3850 3227 3913; x_wconf 88' lang='lat' dir='ltr'><strong><em>callentes</em></strong></span> <span class='ocrx_word' id='word_1_201' title='bbox 3253 3855 3586 3932; x_wconf 86' lang='lat' dir='ltr'><strong><em>utriusque</em></strong></span> 
     </span>
    </p>
   </div>
   <div class='ocr_carea' id='block_1_25' title="bbox 337 3945 3584 4034">
    <p class='ocr_par' dir='ltr' id='par_1_25' title="bbox 337 3945 3584 4034">
     <span class='ocr_line' id='line_1_25' title="bbox 337 3945 3584 4034; baseline 0.002 -28"><span class='ocrx_word' id='word_1_202' title='bbox 337 3945 571 4028; x_wconf 66' lang='lat' dir='ltr'><strong><em>linguis</em></strong></span> <span class='ocrx_word' id='word_1_203' title='bbox 595 3951 843 4011; x_wconf 80' lang='lat' dir='ltr'><strong><em>diutius</em></strong></span> <span class='ocrx_word' id='word_1_204' title='bbox 865 3953 1030 4031; x_wconf 89' lang='lat' dir='ltr'><strong><em>ferre</em></strong></span> <span class='ocrx_word' id='word_1_205' title='bbox 1048 3972 1172 4013; x_wconf 89' lang='lat' dir='ltr'><strong><em>non</em></strong></span> <span class='ocrx_word' id='word_1_206' title='bbox 1196 3966 1515 4032; x_wconf 85' lang='lat' dir='ltr'><strong><em>poterant,</em></strong></span> <span class='ocrx_word' id='word_1_207' title='bbox 1538 3967 1605 4016; x_wconf 91' lang='lat' dir='ltr'><strong><em>ut</em></strong></span> <span class='ocrx_word' id='word_1_208' title='bbox 1633 3957 1887 4018; x_wconf 62' lang='lat' dir='ltr'><strong><em>Graecus</em></strong></span> <span class='ocrx_word' id='word_1_209' title='bbox 1912 3969 2137 4018; x_wconf 86' lang='lat' dir='ltr'><strong><em>auctor</em></strong></span> <span class='ocrx_word' id='word_1_210' title='bbox 2159 3957 2369 4030; x_wconf 86' lang='lat' dir='ltr'><strong><em>aliter,</em></strong></span> <span class='ocrx_word' id='word_1_211' title='bbox 2395 3974 2579 4034; x_wconf 89' lang='lat' dir='ltr'><strong><em>quam</em></strong></span> <span class='ocrx_word' id='word_1_212' title='bbox 2600 3957 2811 4019; x_wconf 52' lang='lat' dir='ltr'><strong><em>Graece</em></strong></span> <span class='ocrx_word' id='word_1_213' title='bbox 2836 3955 3217 4034; x_wconf 87' lang='lat' dir='ltr'><strong><em>loqueretur.</em></strong></span> <span class='ocrx_word' id='word_1_214' title='bbox 3244 3956 3428 4030; x_wconf 86' lang='lat' dir='ltr'><strong><em>Quod</em></strong></span> <span class='ocrx_word' id='word_1_215' title='bbox 3446 3975 3584 4014; x_wconf 86' lang='lat' dir='ltr'><strong><em>cum</em></strong></span> 
     </span>
    </p>
   </div>
   <div class='ocr_carea' id='block_1_26' title="bbox 335 4052 3583 4135">
    <p class='ocr_par' dir='ltr' id='par_1_26' title="bbox 335 4052 3583 4135">
     <span class='ocr_line' id='line_1_26' title="bbox 335 4052 3583 4135; baseline 0 -24"><span class='ocrx_word' id='word_1_216' title='bbox 335 4053 717 4130; x_wconf 87' lang='lat' dir='ltr'><strong><em>intelligeret</em></strong></span> <span class='ocrx_word' id='word_1_217' title='bbox 744 4052 1225 4113; x_wconf 82' lang='lat' dir='ltr'><strong><em>illustrissimus</em></strong></span> <span class='ocrx_word' id='word_1_218' title='bbox 1245 4057 1344 4114; x_wconf 88' lang='lat' dir='ltr'><strong><em>vir</em></strong></span> <span class='ocrx_word' id='word_1_219' title='bbox 1365 4059 1435 4119; x_wconf 87' lang='lat' dir='ltr'><strong><em>D.</em></strong></span> <span class='ocrx_word' id='word_1_220' title='bbox 1460 4056 1532 4115; x_wconf 87' lang='lat' dir='ltr'><strong><em>de</em></strong></span> <span class='ocrx_word' id='word_1_221' title='bbox 1554 4057 1798 4133; x_wconf 81' lang='lat' dir='ltr'><strong><em>Noycrs</em></strong></span> <span class='ocrx_word' id='word_1_222' title='bbox 1822 4062 1958 4135; x_wconf 89' lang='lat' dir='ltr'><strong><em>regi</em></strong></span> <span class='ocrx_word' id='word_1_223' title='bbox 1973 4060 2047 4118; x_wconf 88' lang='lat' dir='ltr'><strong><em>ab</em></strong></span> <span class='ocrx_word' id='word_1_224' title='bbox 2072 4060 2312 4119; x_wconf 86' lang='lat' dir='ltr'><strong><em>intimis</em></strong></span> <span class='ocrx_word' id='word_1_225' title='bbox 2336 4057 2624 4119; x_wconf 88' lang='lat' dir='ltr'><strong><em>consiliis</em></strong></span> <span class='ocrx_word' id='word_1_226' title='bbox 2646 4057 2993 4131; x_wconf 78' lang='lat' dir='ltr'><strong><em>etsecretis,</em></strong></span> <span class='ocrx_word' id='word_1_227' title='bbox 3016 4056 3192 4134; x_wconf 87' lang='lat' dir='ltr'><strong><em>cujus</em></strong></span> <span class='ocrx_word' id='word_1_228' title='bbox 3206 4071 3372 4115; x_wconf 71' lang='lat' dir='ltr'><strong><em>cura:</em></strong></span> <span class='ocrx_word' id='word_1_229' title='bbox 3389 4053 3583 4131; x_wconf 72' lang='lat' dir='ltr'><strong><em>(ediﬁ-</em></strong></span> 
     </span>
    </p>
   </div>
   <div class='ocr_carea' id='block_1_27' title="bbox 331 4154 3584 4237">
    <p class='ocr_par' dir='ltr' id='par_1_27' title="bbox 331 4154 3584 4237">
     <span class='ocr_line' id='line_1_27' title="bbox 331 4154 3584 4237; baseline -0.001 -20"><span class='ocrx_word' id='word_1_230' title='bbox 331 4157 421 4217; x_wconf 84' lang='lat' dir='ltr'><strong><em>cia</em></strong></span> <span class='ocrx_word' id='word_1_231' title='bbox 443 4173 558 4232; x_wconf 84' lang='lat' dir='ltr'><strong><em>reg</em></strong></span> <span class='ocrx_word' id='word_1_232' title='bbox 574 4154 658 4222; x_wconf 83' lang='lat' dir='ltr'><strong><em>ia,</em></strong></span> <span class='ocrx_word' id='word_1_233' title='bbox 678 4165 865 4224; x_wconf 86' lang='lat' dir='ltr'><strong><em>artes,</em></strong></span> <span class='ocrx_word' id='word_1_234' title='bbox 886 4156 1140 4232; x_wconf 87' lang='lat' dir='ltr'><strong><em>ipsaque</em></strong></span> <span class='ocrx_word' id='word_1_235' title='bbox 1163 4156 2091 4235; x_wconf 65' lang='lat' dir='ltr'><strong><em>typographidreginpermissa</em></strong></span> <span class='ocrx_word' id='word_1_236' title='bbox 2110 4167 2283 4230; x_wconf 89' lang='lat' dir='ltr'><strong><em>sunt,</em></strong></span> <span class='ocrx_word' id='word_1_237' title='bbox 2305 4176 2424 4237; x_wconf 90' lang='lat' dir='ltr'><strong><em>pro</em></strong></span> <span class='ocrx_word' id='word_1_238' title='bbox 2445 4158 2764 4236; x_wconf 84' lang='lat' dir='ltr'><strong><em>singulari</em></strong></span> <span class='ocrx_word' id='word_1_239' title='bbox 2779 4157 3165 4218; x_wconf 84' lang='lat' dir='ltr'><strong><em>humanitate</em></strong></span> <span class='ocrx_word' id='word_1_240' title='bbox 3184 4172 3324 4226; x_wconf 87' lang='lat' dir='ltr'><strong><em>sua,</em></strong></span> <span class='ocrx_word' id='word_1_241' title='bbox 3343 4170 3584 4231; x_wconf 84' lang='lat' dir='ltr'><strong><em>proque</em></strong></span> 
     </span>
    </p>
   </div>
   <div class='ocr_carea' id='block_1_28' title="bbox 331 4252 3585 4341">
    <p class='ocr_par' dir='ltr' id='par_1_28' title="bbox 331 4252 3585 4341">
     <span class='ocr_line' id='line_1_28' title="bbox 331 4252 3585 4341; baseline 0 -30"><span class='ocrx_word' id='word_1_242' title='bbox 331 4256 553 4314; x_wconf 86' lang='lat' dir='ltr'><strong><em>innato</em></strong></span> <span class='ocrx_word' id='word_1_243' title='bbox 594 4273 719 4313; x_wconf 85' lang='lat' dir='ltr'><strong><em>non</em></strong></span> <span class='ocrx_word' id='word_1_244' title='bbox 752 4255 1003 4331; x_wconf 85' lang='lat' dir='ltr'><strong><em>vulgari</em></strong></span> <span class='ocrx_word' id='word_1_245' title='bbox 1048 4271 1193 4331; x_wconf 90' lang='lat' dir='ltr'><strong><em>erga</em></strong></span> <span class='ocrx_word' id='word_1_246' title='bbox 1223 4252 1469 4314; x_wconf 85' lang='lat' dir='ltr'><strong><em>litteras</em></strong></span> <span class='ocrx_word' id='word_1_247' title='bbox 1505 4255 1758 4333; x_wconf 73' lang='lat' dir='ltr'><strong><em>affectu,</em></strong></span> <span class='ocrx_word' id='word_1_248' title='bbox 1799 4275 2065 4334; x_wconf 84' lang='lat' dir='ltr'><strong><em>quarum</em></strong></span> <span class='ocrx_word' id='word_1_249' title='bbox 2099 4257 2635 4341; x_wconf 23' lang='lat' dir='ltr'><strong><em>‘propagationem</em></strong></span> <span class='ocrx_word' id='word_1_250' title='bbox 2680 4255 2764 4317; x_wconf 88' lang='lat' dir='ltr'><strong><em>ad</em></strong></span> <span class='ocrx_word' id='word_1_251' title='bbox 2793 4272 3091 4314; x_wconf 86' lang='lat' dir='ltr'><strong><em>summam</em></strong></span> <span class='ocrx_word' id='word_1_252' title='bbox 3135 4253 3585 4331; x_wconf 86' lang='lat' dir='ltr'><strong><em>rempublicam</em></strong></span> 
     </span>
    </p>
   </div>
   <div class='ocr_carea' id='block_1_29' title="bbox 327 4357 3587 4438">
    <p class='ocr_par' dir='ltr' id='par_1_29' title="bbox 327 4357 3587 4438">
     <span class='ocr_line' id='line_1_29' title="bbox 327 4357 3587 4438; baseline 0 -21"><span class='ocrx_word' id='word_1_253' title='bbox 327 4361 656 4435; x_wconf 84' lang='lat' dir='ltr'><strong><em>pertinere</em></strong></span> <span class='ocrx_word' id='word_1_254' title='bbox 681 4359 877 4438; x_wconf 85' lang='lat' dir='ltr'><strong><em>probe</em></strong></span> <span class='ocrx_word' id='word_1_255' title='bbox 913 4361 1055 4430; x_wconf 86' lang='lat' dir='ltr'><strong><em>scit,</em></strong></span> <span class='ocrx_word' id='word_1_256' title='bbox 1087 4361 1302 4418; x_wconf 86' lang='lat' dir='ltr'><strong><em>statim</em></strong></span> <span class='ocrx_word' id='word_1_257' title='bbox 1332 4360 1634 4437; x_wconf 86' lang='lat' dir='ltr'><strong><em>optimum</em></strong></span> <span class='ocrx_word' id='word_1_258' title='bbox 1658 4362 1893 4438; x_wconf 84' lang='lat' dir='ltr'><strong><em>factum</em></strong></span> <span class='ocrx_word' id='word_1_259' title='bbox 1915 4361 2120 4421; x_wconf 85' lang='lat' dir='ltr'><strong><em>videri</em></strong></span> <span class='ocrx_word' id='word_1_260' title='bbox 2158 4362 2281 4422; x_wconf 85' lang='lat' dir='ltr'><strong><em>sibi</em></strong></span> <span class='ocrx_word' id='word_1_261' title='bbox 2309 4360 2722 4438; x_wconf 77' lang='lat' dir='ltr'><strong><em>significavit,</em></strong></span> <span class='ocrx_word' id='word_1_262' title='bbox 2744 4368 2815 4419; x_wconf 90' lang='lat' dir='ltr'><strong><em>ut</em></strong></span> <span class='ocrx_word' id='word_1_263' title='bbox 2846 4365 3138 4433; x_wconf 74' lang='grc' dir='ltr'><strong><em>δίγλωττος</em></strong></span> <span class='ocrx_word' id='word_1_264' title='bbox 3161 4357 3445 4420; x_wconf 88' lang='lat' dir='ltr'><strong><em>ederetur</em></strong></span> <span class='ocrx_word' id='word_1_265' title='bbox 3475 4377 3587 4418; x_wconf 87' lang='lat' dir='ltr'><strong><em>au-</em></strong></span> 
     </span>
    </p>
   </div>
   <div class='ocr_carea' id='block_1_30' title="bbox 230 4456 3583 4544">
    <p class='ocr_par' dir='ltr' id='par_1_30' title="bbox 230 4456 3583 4544">
     <span class='ocr_line' id='line_1_30' title="bbox 230 4456 3583 4544; baseline 0.001 -27"><span class='ocrx_word' id='word_1_266' title='bbox 230 4464 233 4465; x_wconf 66' lang='grc'><strong><em>⁷</em></strong></span> <span class='ocrx_word' id='word_1_267' title='bbox 329 4471 463 4519; x_wconf 89' lang='lat' dir='ltr'><strong><em>ctor</em></strong></span> <span class='ocrx_word' id='word_1_268' title='bbox 499 4462 652 4521; x_wconf 79' lang='lat' dir='ltr'><strong><em>luce</em></strong></span> <span class='ocrx_word' id='word_1_269' title='bbox 688 4460 1116 4538; x_wconf 85' lang='lat' dir='ltr'><strong><em>dignissimus,</em></strong></span> <span class='ocrx_word' id='word_1_270' title='bbox 1158 4481 1282 4541; x_wconf 90' lang='lat' dir='ltr'><strong><em>quo</em></strong></span> <span class='ocrx_word' id='word_1_271' title='bbox 1330 4472 1627 4541; x_wconf 81' lang='lat' dir='ltr'><strong><em>utrosque</em></strong></span> <span class='ocrx_word' id='word_1_272' title='bbox 1666 4464 1799 4524; x_wconf 81' lang='lat' dir='ltr'><strong><em>voti</em></strong></span> <span class='ocrx_word' id='word_1_273' title='bbox 1839 4475 2154 4542; x_wconf 88' lang='lat' dir='ltr'><strong><em>compotes</em></strong></span> <span class='ocrx_word' id='word_1_274' title='bbox 2204 4456 2484 4544; x_wconf 85' lang='lat' dir='ltr'><strong><em>faceret:</em></strong></span> <span class='ocrx_word' id='word_1_275' title='bbox 2514 4474 2704 4541; x_wconf 88' lang='lat' dir='ltr'><strong><em>utque</em></strong></span> <span class='ocrx_word' id='word_1_276' title='bbox 2739 4462 2873 4539; x_wconf 87' lang='lat' dir='ltr'><strong><em>ipse</em></strong></span> <span class='ocrx_word' id='word_1_277' title='bbox 2921 4460 3394 4522; x_wconf 81' lang='lat' dir='ltr'><strong><em>Cantacuzenus</em></strong></span> <span class='ocrx_word' id='word_1_278' title='bbox 3444 4482 3583 4522; x_wconf 88' lang='lat' dir='ltr'><strong><em>cum</em></strong></span> 
     </span>
    </p>
   </div>
   <div class='ocr_carea' id='block_1_31' title="bbox 327 4559 3587 4645">
    <p class='ocr_par' dir='ltr' id='par_1_31' title="bbox 327 4559 3587 4645">
     <span class='ocr_line' id='line_1_31' title="bbox 327 4559 3587 4645; baseline 0.001 -29"><span class='ocrx_word' id='word_1_279' title='bbox 327 4559 518 4620; x_wconf 85' lang='lat' dir='ltr'><strong><em>tineis</em></strong></span> <span class='ocrx_word' id='word_1_280' title='bbox 556 4571 615 4621; x_wconf 90' lang='lat' dir='ltr'><strong><em>et</em></strong></span> <span class='ocrx_word' id='word_1_281' title='bbox 650 4560 870 4622; x_wconf 79' lang='lat' dir='ltr'><strong><em>b‘lattis</em></strong></span> <span class='ocrx_word' id='word_1_282' title='bbox 898 4580 1180 4640; x_wconf 88' lang='lat' dir='ltr'><strong><em>pugnare</em></strong></span> <span class='ocrx_word' id='word_1_283' title='bbox 1213 4563 1543 4632; x_wconf 87' lang='lat' dir='ltr'><strong><em>desineret,</em></strong></span> <span class='ocrx_word' id='word_1_284' title='bbox 1576 4564 1686 4641; x_wconf 89' lang='lat' dir='ltr'><strong><em>qui</em></strong></span> <span class='ocrx_word' id='word_1_285' title='bbox 1716 4572 1809 4623; x_wconf 91' lang='lat' dir='ltr'><strong><em>tot</em></strong></span> <span class='ocrx_word' id='word_1_286' title='bbox 1837 4580 2085 4641; x_wconf 86' lang='lat' dir='ltr'><strong><em>pugnas</em></strong></span> <span class='ocrx_word' id='word_1_287' title='bbox 2113 4573 2479 4645; x_wconf 77' lang='lat' dir='ltr'><strong><em>pugnasset,</em></strong></span> <span class='ocrx_word' id='word_1_288' title='bbox 2515 4570 2723 4638; x_wconf 86' lang='lat' dir='ltr'><strong><em>totque</em></strong></span> <span class='ocrx_word' id='word_1_289' title='bbox 2754 4560 3070 4620; x_wconf 86' lang='lat' dir='ltr'><strong><em>hominum</em></strong></span> <span class='ocrx_word' id='word_1_290' title='bbox 3102 4567 3343 4636; x_wconf 86' lang='lat' dir='ltr'><strong><em>strages</em></strong></span> <span class='ocrx_word' id='word_1_291' title='bbox 3370 4561 3587 4637; x_wconf 88' lang='lat' dir='ltr'><strong><em>prius-</em></strong></span> 
     </span>
    </p>
   </div>
   <div class='ocr_carea' id='block_1_32' title="bbox 326 4662 3581 4746">
    <p class='ocr_par' dir='ltr' id='par_1_32' title="bbox 326 4662 3581 4746">
     <span class='ocr_line' id='line_1_32' title="bbox 326 4662 3581 4746; baseline 0 -25"><span class='ocrx_word' id='word_1_292' title='bbox 326 4684 511 4743; x_wconf 86' lang='lat' dir='ltr'><strong><em>quam</em></strong></span> <span class='ocrx_word' id='word_1_293' title='bbox 550 4683 586 4722; x_wconf 85' lang='lat' dir='ltr'><strong><em>e</em></strong></span> <span class='ocrx_word' id='word_1_294' title='bbox 609 4664 890 4729; x_wconf 80' lang='lat' dir='ltr'><strong><em>virorum</em></strong></span> <span class='ocrx_word' id='word_1_295' title='bbox 924 4682 1179 4723; x_wconf 86' lang='lat' dir='ltr'><strong><em>numero</em></strong></span> <span class='ocrx_word' id='word_1_296' title='bbox 1212 4665 1615 4737; x_wconf 70' lang='lat' dir='ltr'><strong><em>eximeretur,</em></strong></span> <span class='ocrx_word' id='word_1_297' title='bbox 1663 4664 1949 4725; x_wconf 85' lang='lat' dir='ltr'><strong><em>edidisset</em></strong></span> <span class='ocrx_word' id='word_1_298' title='bbox 1983 4685 2002 4725; x_wconf 89' lang='lat'><em>:</em></span> <span class='ocrx_word' id='word_1_299' title='bbox 2032 4685 2151 4745; x_wconf 90' lang='lat' dir='ltr'><strong><em>quo</em></strong></span> <span class='ocrx_word' id='word_1_300' title='bbox 2183 4668 2352 4746; x_wconf 89' lang='lat' dir='ltr'><strong><em>facto</em></strong></span> <span class='ocrx_word' id='word_1_301' title='bbox 2387 4666 2630 4744; x_wconf 91' lang='lat' dir='ltr'><strong><em>egregio</em></strong></span> <span class='ocrx_word' id='word_1_302' title='bbox 2661 4682 2837 4724; x_wconf 87' lang='lat' dir='ltr'><strong><em>nemo</em></strong></span> <span class='ocrx_word' id='word_1_303' title='bbox 2869 4680 3018 4722; x_wconf 84' lang='lat' dir='ltr'><strong><em>sane</em></strong></span> <span class='ocrx_word' id='word_1_304' title='bbox 3048 4666 3300 4740; x_wconf 84' lang='lat' dir='ltr'><strong><em>sapiens</em></strong></span> <span class='ocrx_word' id='word_1_305' title='bbox 3328 4662 3445 4724; x_wconf 89' lang='lat' dir='ltr'><strong><em>ibit</em></strong></span> <span class='ocrx_word' id='word_1_306' title='bbox 3476 4664 3581 4723; x_wconf 84' lang='lat' dir='ltr'><strong><em>in-</em></strong></span> 
     </span>
    </p>
   </div>
   <div class='ocr_carea' id='block_1_33' title="bbox 326 4764 3585 4845">
    <p class='ocr_par' dir='ltr' id='par_1_33' title="bbox 326 4764 3585 4845">
     <span class='ocr_line' id='line_1_33' title="bbox 326 4764 3585 4845; baseline -0.001 -18"><span class='ocrx_word' id='word_1_307' title='bbox 326 4768 537 4843; x_wconf 79' lang='lat' dir='ltr'><strong><em>ficias,</em></strong></span> <span class='ocrx_word' id='word_1_308' title='bbox 599 4764 1105 4827; x_wconf 83' lang='lat' dir='ltr'><strong><em>illustrissimum</em></strong></span> <span class='ocrx_word' id='word_1_309' title='bbox 1152 4766 1355 4824; x_wconf 85' lang='lat' dir='ltr'><strong><em>virum</em></strong></span> <span class='ocrx_word' id='word_1_310' title='bbox 1404 4766 1637 4843; x_wconf 91' lang='lat' dir='ltr'><strong><em>optime</em></strong></span> <span class='ocrx_word' id='word_1_311' title='bbox 1677 4767 1751 4826; x_wconf 91' lang='lat' dir='ltr'><strong><em>de</em></strong></span> <span class='ocrx_word' id='word_1_312' title='bbox 1808 4767 2043 4828; x_wconf 83' lang='lat' dir='ltr'><strong><em>litteris</em></strong></span> <span class='ocrx_word' id='word_1_313' title='bbox 2088 4787 2214 4827; x_wconf 84' lang='lat' dir='ltr'><strong><em>esse</em></strong></span> <span class='ocrx_word' id='word_1_314' title='bbox 2250 4769 2687 4845; x_wconf 80' lang='lat' dir='ltr'><strong><em>promeritam,</em></strong></span> <span class='ocrx_word' id='word_1_315' title='bbox 2733 4784 2922 4845; x_wconf 88' lang='lat' dir='ltr'><strong><em>eoque</em></strong></span> <span class='ocrx_word' id='word_1_316' title='bbox 2974 4767 3223 4826; x_wconf 85' lang='lat' dir='ltr'><strong><em>nomine</em></strong></span> <span class='ocrx_word' id='word_1_317' title='bbox 3265 4768 3484 4828; x_wconf 86' lang='lat' dir='ltr'><strong><em>unicas</em></strong></span> <span class='ocrx_word' id='word_1_318' title='bbox 3530 4764 3585 4824; x_wconf 92' lang='lat' dir='ltr'><strong><em>ei</em></strong></span> 
     </span>
    </p>
   </div>
   <div class='ocr_carea' id='block_1_34' title="bbox 329 4868 3583 4951">
    <p class='ocr_par' dir='ltr' id='par_1_34' title="bbox 329 4868 3583 4951">
     <span class='ocr_line' id='line_1_34' title="bbox 329 4868 3583 4951; baseline 0.001 -26"><span class='ocrx_word' id='word_1_319' title='bbox 329 4870 589 4944; x_wconf 86' lang='lat' dir='ltr'><strong><em>gratias</em></strong></span> <span class='ocrx_word' id='word_1_320' title='bbox 619 4868 910 4946; x_wconf 75' lang='lat' dir='ltr'><strong><em>agendas.</em></strong></span> <span class='ocrx_word' id='word_1_321' title='bbox 951 4868 1116 4942; x_wconf 84' lang='lat' dir='ltr'><strong><em>Quin</em></strong></span> <span class='ocrx_word' id='word_1_322' title='bbox 1151 4868 1295 4940; x_wconf 92' lang='lat' dir='ltr'><strong><em>imo,</em></strong></span> <span class='ocrx_word' id='word_1_323' title='bbox 1330 4869 1387 4927; x_wconf 90' lang='lat' dir='ltr'><strong><em>si</em></strong></span> <span class='ocrx_word' id='word_1_324' title='bbox 1417 4868 1811 4948; x_wconf 87' lang='lat' dir='ltr'><strong><em>quid‘manes</em></strong></span> <span class='ocrx_word' id='word_1_325' title='bbox 1842 4873 2145 4942; x_wconf 89' lang='lat' dir='ltr'><strong><em>sentiunt,</em></strong></span> <span class='ocrx_word' id='word_1_326' title='bbox 2189 4873 2255 4932; x_wconf 86' lang='lat' dir='ltr'><strong><em>id</em></strong></span> <span class='ocrx_word' id='word_1_327' title='bbox 2289 4872 2874 4949; x_wconf 79' lang='lat' dir='ltr'><strong><em>ipsi&#39;Cantacuzcno</em></strong></span> <span class='ocrx_word' id='word_1_328' title='bbox 2908 4871 3412 4948; x_wconf 83' lang='lat' dir='ltr'><strong><em>acceptissimum</em></strong></span> <span class='ocrx_word' id='word_1_329' title='bbox 3443 4873 3583 4951; x_wconf 92' lang='lat' dir='ltr'><strong><em>fore</em></strong></span> 
     </span>
    </p>
   </div>
   <div class='ocr_carea' id='block_1_35' title="bbox 330 4965 3581 5049">
    <p class='ocr_par' dir='ltr' id='par_1_35' title="bbox 330 4965 3581 5049">
     <span class='ocr_line' id='line_1_35' title="bbox 330 4965 3581 5049; baseline 0 -23"><span class='ocrx_word' id='word_1_330' title='bbox 330 4968 640 5029; x_wconf 82' lang='lat' dir='ltr'><strong><em>credibile</em></strong></span> <span class='ocrx_word' id='word_1_331' title='bbox 670 4978 782 5040; x_wconf 88' lang='lat' dir='ltr'><strong><em>est,</em></strong></span> <span class='ocrx_word' id='word_1_332' title='bbox 825 4968 988 5045; x_wconf 87' lang='lat' dir='ltr'><strong><em>quod</em></strong></span> <span class='ocrx_word' id='word_1_333' title='bbox 1019 4967 1261 5026; x_wconf 83' lang='lat' dir='ltr'><strong><em>Latince</em></strong></span> <span class='ocrx_word' id='word_1_334' title='bbox 1287 4965 1514 5045; x_wconf 72' lang='lat' dir='ltr'><strong><em>linguae</em></strong></span> <span class='ocrx_word' id='word_1_335' title='bbox 1546 4978 1600 5027; x_wconf 95' lang='lat' dir='ltr'><strong><em>et</em></strong></span> <span class='ocrx_word' id='word_1_336' title='bbox 1624 4968 1852 5029; x_wconf 77' lang='lat' dir='ltr'><strong><em>ercce</em></strong></span> <span class='ocrx_word' id='word_1_337' title='bbox 1872 4969 2137 5049; x_wconf 86' lang='lat' dir='ltr'><strong><em>quodam</em></strong></span> <span class='ocrx_word' id='word_1_338' title='bbox 2169 4971 2487 5030; x_wconf 87' lang='lat' dir='ltr'><strong><em>consortio</em></strong></span> <span class='ocrx_word' id='word_1_339' title='bbox 2526 4970 2705 5048; x_wconf 88' lang='lat' dir='ltr'><strong><em>quasi</em></strong></span> <span class='ocrx_word' id='word_1_340' title='bbox 2738 4967 3186 5047; x_wconf 85' lang='lat' dir='ltr'><strong><em>quodammodo</em></strong></span> <span class='ocrx_word' id='word_1_341' title='bbox 3221 4968 3387 5028; x_wconf 88' lang='lat' dir='ltr'><strong><em>inter</em></strong></span> <span class='ocrx_word' id='word_1_342' title='bbox 3415 4977 3581 5027; x_wconf 86' lang='lat' dir='ltr'><strong><em>vete-</em></strong></span> 
     </span>
    </p>
   </div>
   <div class='ocr_carea' id='block_1_36' title="bbox 330 5069 3585 5149">
    <p class='ocr_par' dir='ltr' id='par_1_36' title="bbox 330 5069 3585 5149">
     <span class='ocr_line' id='line_1_36' title="bbox 330 5069 3585 5149; baseline 0.001 -24"><span class='ocrx_word' id='word_1_343' title='bbox 330 5086 461 5126; x_wconf 84' lang='lat' dir='ltr'><strong><em>rem</em></strong></span> <span class='ocrx_word' id='word_1_344' title='bbox 510 5087 863 5148; x_wconf 85' lang='lat' dir='ltr'><strong><em>novamque</em></strong></span> <span class='ocrx_word' id='word_1_345' title='bbox 914 5071 1168 5129; x_wconf 86' lang='lat' dir='ltr'><strong><em>Romam</em></strong></span> <span class='ocrx_word' id='word_1_346' title='bbox 1215 5069 1363 5137; x_wconf 82' lang='lat' dir='ltr'><strong><em>bene</em></strong></span> <span class='ocrx_word' id='word_1_347' title='bbox 1410 5070 1742 5130; x_wconf 84' lang='lat' dir='ltr'><strong><em>convenire</em></strong></span> <span class='ocrx_word' id='word_1_348' title='bbox 1786 5070 2097 5142; x_wconf 74' lang='lat' dir='ltr'><strong><em>rideatur,</em></strong></span> <span class='ocrx_word' id='word_1_349' title='bbox 2150 5071 2317 5149; x_wconf 73' lang='lat' dir='ltr'><strong><em>quod</em></strong></span> <span class='ocrx_word' id='word_1_350' title='bbox 2366 5071 2470 5131; x_wconf 91' lang='lat' dir='ltr'><strong><em>ille</em></strong></span> <span class='ocrx_word' id='word_1_351' title='bbox 2500 5072 2681 5131; x_wconf 86' lang='lat' dir='ltr'><strong><em>vivus</em></strong></span> <span class='ocrx_word' id='word_1_352' title='bbox 2726 5071 3157 5147; x_wconf 87' lang='lat' dir='ltr'><strong><em>percupierat.</em></strong></span> <span class='ocrx_word' id='word_1_353' title='bbox 3203 5070 3342 5129; x_wconf 84' lang='lat' dir='ltr'><strong><em>Hoc</em></strong></span> <span class='ocrx_word' id='word_1_354' title='bbox 3382 5069 3585 5147; x_wconf 89' lang='lat' dir='ltr'><strong><em>igitur</em></strong></span> 
     </span>
    </p>
   </div>
   <div class='ocr_carea' id='block_1_37' title="bbox 330 5169 3581 5250">
    <p class='ocr_par' dir='ltr' id='par_1_37' title="bbox 330 5169 3581 5250">
     <span class='ocr_line' id='line_1_37' title="bbox 330 5169 3581 5250; baseline 0.002 -26"><span class='ocrx_word' id='word_1_355' title='bbox 330 5170 576 5247; x_wconf 85' lang='lat' dir='ltr'><strong><em>fruere,</em></strong></span> <span class='ocrx_word' id='word_1_356' title='bbox 606 5169 820 5243; x_wconf 86' lang='lat' dir='ltr'><strong><em>lector,</em></strong></span> <span class='ocrx_word' id='word_1_357' title='bbox 854 5182 909 5232; x_wconf 89' lang='lat' dir='ltr'><strong><em>ct</em></strong></span> <span class='ocrx_word' id='word_1_358' title='bbox 944 5171 1301 5249; x_wconf 75' lang='lat' dir='ltr'><strong><em>btne/icium</em></strong></span> <span class='ocrx_word' id='word_1_359' title='bbox 1336 5188 1599 5248; x_wconf 87' lang='lat' dir='ltr'><strong><em>agnosce</em></strong></span> <span class='ocrx_word' id='word_1_360' title='bbox 1626 5173 1777 5242; x_wconf 85' lang='lat' dir='ltr'><strong><em>viri,</em></strong></span> <span class='ocrx_word' id='word_1_361' title='bbox 1810 5190 1930 5250; x_wconf 88' lang='lat' dir='ltr'><strong><em>quo</em></strong></span> <span class='ocrx_word' id='word_1_362' title='bbox 1960 5190 2132 5232; x_wconf 87' lang='lat' dir='ltr'><strong><em>nemo</em></strong></span> <span class='ocrx_word' id='word_1_363' title='bbox 2164 5172 2245 5250; x_wconf 85' lang='lat' dir='ltr'><strong><em>ad</em></strong></span> <span class='ocrx_word' id='word_1_364' title='bbox 2283 5172 2476 5234; x_wconf 89' lang='lat' dir='ltr'><strong><em>bonas</em></strong></span> <span class='ocrx_word' id='word_1_365' title='bbox 2519 5181 2687 5231; x_wconf 88' lang='lat' dir='ltr'><strong><em>artes</em></strong></span> <span class='ocrx_word' id='word_1_366' title='bbox 2714 5171 3192 5248; x_wconf 78' lang='lat' dir='ltr'><strong><em>promovendos,</em></strong></span> <span class='ocrx_word' id='word_1_367' title='bbox 3228 5179 3279 5229; x_wconf 93' lang='lat' dir='ltr'><strong><em>et</em></strong></span> <span class='ocrx_word' id='word_1_368' title='bbox 3320 5170 3581 5232; x_wconf 75' lang='lat' dir='ltr'><strong><em>eximios</em></strong></span> 
     </span>
    </p>
   </div>
   <div class='ocr_carea' id='block_1_38' title="bbox 336 5248 3584 5353">
    <p class='ocr_par' dir='ltr' id='par_1_38' title="bbox 336 5248 3584 5353">
     <span class='ocr_line' id='line_1_38' title="bbox 336 5248 3584 5353; baseline 0.001 -23"><span class='ocrx_word' id='word_1_369' title='bbox 336 5271 411 5333; x_wconf 88' lang='lat' dir='ltr'><strong><em>ab</em></strong></span> <span class='ocrx_word' id='word_1_370' title='bbox 444 5283 590 5333; x_wconf 91' lang='lat' dir='ltr'><strong><em>arte</em></strong></span> <span class='ocrx_word' id='word_1_371' title='bbox 617 5275 789 5335; x_wconf 89' lang='lat' dir='ltr'><strong><em>viros</em></strong></span> <span class='ocrx_word' id='word_1_372' title='bbox 806 5272 1128 5353; x_wconf 85' lang='lat' dir='ltr'><strong><em>juvandos</em></strong></span> <span class='ocrx_word' id='word_1_373' title='bbox 1157 5274 1536 5350; x_wconf 86' lang='lat' dir='ltr'><strong><em>propensior</em></strong></span> <span class='ocrx_word' id='word_1_374' title='bbox 1581 5274 1864 5344; x_wconf 71' lang='lat' dir='ltr'><strong><em>exsistit,</em></strong></span> <span class='ocrx_word' id='word_1_375' title='bbox 1900 5274 1957 5333; x_wconf 92' lang='lat' dir='ltr'><strong><em>si</em></strong></span> <span class='ocrx_word' id='word_1_376' title='bbox 1994 5291 2121 5333; x_wconf 87' lang='lat' dir='ltr'><strong><em>non</em></strong></span> <span class='ocrx_word' id='word_1_377' title='bbox 2150 5248 2438 5349; x_wconf 55' lang='lat' dir='ltr'><strong><em>{ngratus</em></strong></span> <span class='ocrx_word' id='word_1_378' title='bbox 2481 5282 2667 5353; x_wconf 86' lang='lat' dir='ltr'><strong><em>atque</em></strong></span> <span class='ocrx_word' id='word_1_379' title='bbox 2698 5271 2772 5332; x_wconf 88' lang='lat' dir='ltr'><strong><em>ab</em></strong></span> <span class='ocrx_word' id='word_1_380' title='bbox 2813 5272 2980 5331; x_wconf 89' lang='lat' dir='ltr'><strong><em>omni</em></strong></span> <span class='ocrx_word' id='word_1_381' title='bbox 3009 5270 3394 5330; x_wconf 87' lang='lat' dir='ltr'><strong><em>humanitate</em></strong></span> <span class='ocrx_word' id='word_1_382' title='bbox 3432 5271 3584 5332; x_wconf 85' lang='lat' dir='ltr'><strong><em>alie-</em></strong></span> 
     </span>
    </p>
   </div>
   <div class='ocr_carea' id='block_1_39' title="bbox 333 5360 3584 5461">
    <p class='ocr_par' dir='ltr' id='par_1_39' title="bbox 333 5360 3584 5461">
     <span class='ocr_line' id='line_1_39' title="bbox 333 5360 3584 5461; baseline 0.001 -27"><span class='ocrx_word' id='word_1_383' title='bbox 333 5394 457 5435; x_wconf 89' lang='lat' dir='ltr'><strong><em>nus</em></strong></span> <span class='ocrx_word' id='word_1_384' title='bbox 495 5394 578 5435; x_wconf 88' lang='lat' dir='ltr'><strong><em>es.</em></strong></span> <span class='ocrx_word' id='word_1_385' title='bbox 618 5376 803 5450; x_wconf 86' lang='lat' dir='ltr'><strong><em>Quod</em></strong></span> <span class='ocrx_word' id='word_1_386' title='bbox 831 5377 885 5436; x_wconf 88' lang='lat' dir='ltr'><strong><em>si</em></strong></span> <span class='ocrx_word' id='word_1_387' title='bbox 915 5385 973 5436; x_wconf 91' lang='lat' dir='ltr'><strong><em>te</em></strong></span> <span class='ocrx_word' id='word_1_388' title='bbox 1000 5376 1373 5457; x_wconf 59' lang='lat' dir='ltr'><strong><em>hicaquum</em></strong></span> <span class='ocrx_word' id='word_1_389' title='bbox 1415 5375 1785 5452; x_wconf 69' lang='lat' dir='ltr'><strong><em>praebueris,</em></strong></span> <span class='ocrx_word' id='word_1_390' title='bbox 1817 5362 2035 5452; x_wconf 31' lang='lat' dir='ltr'><strong><em>primo.</em></strong></span> <span class='ocrx_word' id='word_1_391' title='bbox 2067 5368 2306 5461; x_wconf 88' lang='lat' dir='ltr'><strong><em>quogue</em></strong></span> <span class='ocrx_word' id='word_1_392' title='bbox 2345 5388 2622 5459; x_wconf 83' lang='lat' dir='ltr'><strong><em>tempore</em></strong></span> <span class='ocrx_word' id='word_1_393' title='bbox 2663 5395 2868 5435; x_wconf 89' lang='lat' dir='ltr'><strong><em>omnes</em></strong></span> <span class='ocrx_word' id='word_1_394' title='bbox 2899 5373 3181 5436; x_wconf 81' lang='lat' dir='ltr'><strong><em>historice</em></strong></span> <span class='ocrx_word' id='word_1_395' title='bbox 3217 5374 3584 5450; x_wconf 73' lang='lat' dir='ltr'><strong><em>Byzantina</em></strong></span> 
     </span>
    </p>
   </div>
   <div class='ocr_carea' id='block_1_40' title="bbox 336 5474 3585 5558">
    <p class='ocr_par' dir='ltr' id='par_1_40' title="bbox 336 5474 3585 5558">
     <span class='ocr_line' id='line_1_40' title="bbox 336 5474 3585 5558; baseline 0.001 -23"><span class='ocrx_word' id='word_1_396' title='bbox 336 5480 688 5556; x_wconf 81' lang='lat' dir='ltr'><strong><em>scriptorcs</em></strong></span> <span class='ocrx_word' id='word_1_397' title='bbox 740 5488 865 5538; x_wconf 90' lang='lat' dir='ltr'><strong><em>tam</em></strong></span> <span class='ocrx_word' id='word_1_398' title='bbox 899 5480 1118 5549; x_wconf 81' lang='lat' dir='ltr'><strong><em>editos,</em></strong></span> <span class='ocrx_word' id='word_1_399' title='bbox 1153 5496 1338 5558; x_wconf 87' lang='lat' dir='ltr'><strong><em>quam</em></strong></span> <span class='ocrx_word' id='word_1_400' title='bbox 1371 5495 1555 5536; x_wconf 88' lang='lat' dir='ltr'><strong><em>manu</em></strong></span> <span class='ocrx_word' id='word_1_401' title='bbox 1589 5486 1883 5537; x_wconf 75' lang='lat' dir='ltr'><strong><em>exaratos</em></strong></span> <span class='ocrx_word' id='word_1_402' title='bbox 1934 5479 2106 5555; x_wconf 85' lang='lat' dir='ltr'><strong><em>typis</em></strong></span> <span class='ocrx_word' id='word_1_403' title='bbox 2147 5481 2340 5556; x_wconf 89' lang='lat' dir='ltr'><strong><em>regiis</em></strong></span> <span class='ocrx_word' id='word_1_404' title='bbox 2374 5478 2638 5539; x_wconf 86' lang='lat' dir='ltr'><strong><em>edendos</em></strong></span> <span class='ocrx_word' id='word_1_405' title='bbox 2675 5477 2942 5558; x_wconf 81' lang='lat' dir='ltr'><strong><em>ejusdem</em></strong></span> <span class='ocrx_word' id='word_1_406' title='bbox 2991 5474 3415 5536; x_wconf 87' lang='lat' dir='ltr'><strong><em>illustrissimi</em></strong></span> <span class='ocrx_word' id='word_1_407' title='bbox 3457 5477 3585 5537; x_wconf 78' lang='lat' dir='ltr'><strong><em>viri</em></strong></span> 
     </span>
    </p>
   </div>
   <div class='ocr_carea' id='block_1_41' title="bbox 340 5577 3585 5659">
    <p class='ocr_par' dir='ltr' id='par_1_41' title="bbox 340 5577 3585 5659">
     <span class='ocr_line' id='line_1_41' title="bbox 340 5577 3585 5659; baseline -0 -20"><span class='ocrx_word' id='word_1_408' title='bbox 340 5580 559 5652; x_wconf 88' lang='lat' dir='ltr'><strong><em>ductu,</em></strong></span> <span class='ocrx_word' id='word_1_409' title='bbox 605 5592 661 5642; x_wconf 89' lang='lat' dir='ltr'><strong><em>et</em></strong></span> <span class='ocrx_word' id='word_1_410' title='bbox 706 5582 870 5659; x_wconf 88' lang='lat' dir='ltr'><strong><em>regis</em></strong></span> <span class='ocrx_word' id='word_1_411' title='bbox 907 5581 1436 5644; x_wconf 86' lang='lat' dir='ltr'><strong><em>Christianissimi</em></strong></span> <span class='ocrx_word' id='word_1_412' title='bbox 1481 5582 1789 5659; x_wconf 87' lang='lat' dir='ltr'><strong><em>auspiciis</em></strong></span> <span class='ocrx_word' id='word_1_413' title='bbox 1837 5579 2164 5658; x_wconf 86' lang='lat' dir='ltr'><strong><em>prolaturi</em></strong></span> <span class='ocrx_word' id='word_1_414' title='bbox 2205 5602 2417 5642; x_wconf 88' lang='lat' dir='ltr'><strong><em>sumus</em></strong></span> <span class='ocrx_word' id='word_1_415' title='bbox 2448 5603 2467 5641; x_wconf 93' lang='lat'><strong><em>:</em></strong></span> <span class='ocrx_word' id='word_1_416' title='bbox 2498 5583 2570 5643; x_wconf 89' lang='lat' dir='ltr'><strong><em>de</em></strong></span> <span class='ocrx_word' id='word_1_417' title='bbox 2620 5582 2796 5657; x_wconf 81' lang='lat' dir='ltr'><strong><em>cujus</em></strong></span> <span class='ocrx_word' id='word_1_418' title='bbox 2838 5580 2931 5638; x_wconf 92' lang='lat' dir='ltr'><strong><em>rei</em></strong></span> <span class='ocrx_word' id='word_1_419' title='bbox 2975 5578 3259 5639; x_wconf 88' lang='lat' dir='ltr'><strong><em>utilitate</em></strong></span> <span class='ocrx_word' id='word_1_420' title='bbox 3302 5577 3585 5659; x_wconf 87' lang='lat' dir='ltr'><strong><em>plerique</em></strong></span> 
     </span>
    </p>
   </div>
   <div class='ocr_carea' id='block_1_42' title="bbox 347 5677 3588 5775">
    <p class='ocr_par' dir='ltr' id='par_1_42' title="bbox 347 5677 3588 5775">
     <span class='ocr_line' id='line_1_42' title="bbox 347 5677 3588 5775; baseline 0 -35"><span class='ocrx_word' id='word_1_421' title='bbox 347 5696 554 5740; x_wconf 89' lang='lat' dir='ltr'><strong><em>omnes</em></strong></span> <span class='ocrx_word' id='word_1_422' title='bbox 584 5682 1009 5758; x_wconf 88' lang='lat' dir='ltr'><strong><em>consentiunt.</em></strong></span> <span class='ocrx_word' id='word_1_423' title='bbox 1060 5682 1171 5743; x_wconf 74' lang='lat' dir='ltr'><strong><em>Vos</em></strong></span> <span class='ocrx_word' id='word_1_424' title='bbox 1203 5685 1313 5759; x_wconf 88' lang='lat' dir='ltr'><strong><em>qui</em></strong></span> <span class='ocrx_word' id='word_1_425' title='bbox 1342 5681 1586 5743; x_wconf 80' lang='lat' dir='ltr'><strong><em>litteras</em></strong></span> <span class='ocrx_word' id='word_1_426' title='bbox 1622 5681 1869 5754; x_wconf 84' lang='lat' dir='ltr'><strong><em>amatis,</em></strong></span> <span class='ocrx_word' id='word_1_427' title='bbox 1914 5682 2130 5750; x_wconf 75' lang='lat' dir='ltr'><strong><em>facete,</em></strong></span> <span class='ocrx_word' id='word_1_428' title='bbox 2177 5680 2525 5775; x_wconf 45' lang='lat' dir='ltr'><strong><em>et.consilio</em></strong></span> <span class='ocrx_word' id='word_1_429' title='bbox 2547 5681 2785 5757; x_wconf 79' lang='lat' dir='ltr'><strong><em>juva&#39;e.</em></strong></span> <span class='ocrx_word' id='word_1_430' title='bbox 2830 5677 3042 5751; x_wconf 81' lang='lat' dir='ltr'><strong><em>Fama,</em></strong></span> <span class='ocrx_word' id='word_1_431' title='bbox 3077 5678 3308 5752; x_wconf 85' lang='lat' dir='ltr'><strong><em>virtus,</em></strong></span> <span class='ocrx_word' id='word_1_432' title='bbox 3348 5689 3399 5739; x_wconf 90' lang='lat' dir='ltr'><strong><em>et</em></strong></span> <span class='ocrx_word' id='word_1_433' title='bbox 3429 5680 3588 5770; x_wconf 83' lang='lat' dir='ltr'><strong><em>rec_ti</em></strong></span> 
     </span>
    </p>
   </div>
  </div>
