4038 6212
455 378 524 443 19
1552 379 1891 475 Joannes
1925 332 1993 437 ’c.

2099 377 2424 443 fACUZEN
2440 375 2553 436 US.
3621 377 3692 441 Ξῖ)

452 513 629 555 amor
675 514 806 556 eum
839 489 1187 570 deseruere,
1235 497 1343 576 qui
1381 495 1629 557 litteras
1659 513 1786 555 non
1825 508 2014 564 amat,
2053 503 2161 553 aut
2209 511 2308 551 eas
2348 491 2618 552 incultas
2667 491 2893 552 deserit
2929 512 2947 551 :
2981 501 3038 553 et
3071 493 3323 570 penitus
3358 494 3697 571 inglorius,
3746 494 3753 503 '

450 597 545 659 vel
564 599 815 683 judicio
848 617 959 657 suo
993 617 1103 657 nec
1133 599 1452 667 memoria,
1489 616 1684 676 neque
1717 595 1948 656 litteris
1986 596 2244 669 dignum
2274 595 2613 673 quidquam
2638 595 2852 671 gessit,
2894 594 3000 653 sed
3027 595 3195 672 quod
3241 605 3469 655 aeterno
3501 594 3697 656 silen-

452 702 540 760 tio
572 699 763 777 magis
796 697 1180 758 obruendum
1208 698 1314 770 sit,
1347 715 1530 781 quam
1568 697 1923 754 litterarum
1962 693 2377 753 monumentis
2410 691 2852 752 mandandum.
2893 690 3053 753 Vale.

1394 1050 1555 1159 ‘J.
1642 1047 2273 1160 PONTANI
2361 1046 2480 1157 S.
2558 1049 2682 1161 ,J.

987 1272 1096 1330 AD
1136 1250 1698 1330 CANDmUM'ET
1750 1264 2165 1326 ERUDITUM
2210 1265 2644 1328 LECTOREM
2690 1267 3143 1333 PRJEFATIO.

439 1555 834 1621 Interpretandi
880 1555 1017 1614 laus.
1050 1556 1251 1628 occa_sio
1281 1556 1509 1624 suscepti
1541 1552 1995 1628 laboris,_eructo_r.
2026 1551 2077 1606 A
2170 1547 2441 1603 Caeterum
2471 1565 2595 1604 cum
2633 1550 2688 1605 in
2725 1551 2829 1607 hoc
2855 1569 3077 1624 quoque
3105 1566 3214 1611 tam
3245 1544 3533 1628 praestanti
3558 1577 3679 1615 mu-

512 1618 829 1685 mcouomia.
874 1634 1113 1692 tempus.
1159 1623 1334 1683 locus.
1389 1618 1709 1692 pierconium
1757 1618 2031 1692 Historias.

510 1696 791 1763 proposita
823 1704 912 1746 :et
948 1694 1158 1747 tandem
1194 1694 1319 1763 quid
1346 1691 1556 1746 a'nobis
1589 1694 1879 1762 prwstitum
1912 1691 2001 1743 sit.

510 1829 615 1894 Qui
662 1832 729 1882 de
779 1829 985 1884 Grzecis
1038 1828 1092 1882 in
1142 1829 1397 1882 Latinum
1447 1835 1774 1882 convertere
1814 1842 2005 1897 aggre-

439 1921 760 1987 diuntur,et
791 1922 963 1974 bonos
996 1921 1295 1989 scriptores
1327 1920 1494 1973 veluti
1530 1920 1870 1973 immortales
1905 1933 2003 1987 pe-

440 2013 710 2081 regrinos,
757 2021 922 2081 atque
965 2012 1035 2065 ab
1061 2011 1264 2066 exteris
1290 2010 1607 2078 regionibus
1641 2009 1707 2063 ad
1741 2025 1797 2063 se
1826 2009 2002 2062 venti-

441 2111 645 2165 tantes,
688 2103 928 2173 hqspitio
970 2104 1281 2157 humaniter
1322 2117 1385 2155 ac
1430 2102 1666 2170 benigne
1701 2101 1998 2169 accipiunt,

435 2208 638 2261 eosque
666 2195 853 2261 patria:
888 2210 999 2248 suae
1027 2194 1287 2263 linguam,
1319 2207 1499 2246 mores
1542 2201 1597 2245 et
1626 2192 1874 2245 instituta
1901 2189 2003 2243 do-

435 2298 560 2336 cere
592 2295 882 2345 conantur,
916 2301 1027 2351 quo
1067 2288 1292 2350 (contra
1327 2300 1491 2354 quam
1536 2284 1667 2337 olim
1699 2280 1849 2336 civili
1886 2283 1998 2336 Ro-

433 2390 718 2428 manorum
756 2377 879 2446 jure
922 2377 1369 2445 permittebatur,
1424 2393 1523 2446 per
1570 2377 1715 2444 quod
1760 2377 1997 2430 duarum

432 2467 715 2520 civitatum
767 2467 905 2521 civis
947 2483 1069 2522 esse
1112 2485 1274 2521 nemo
1310 2468 1559 2537 poterat)
1610 2468 1662 2521 in
1716 2477 1997 2536 posterum

433 2574 542 2612 non
588 2560 768 2613 minus
800 2558 942 2614 inter
978 2560 1225 2621 Latinos.
1259 2576 1421 2630 quam
1454 2562 1596 2614 inter
1628 2560 1845 2615 Graecos
1876 2576 2003 2629 pro-

434 2647 579 2701 ﬁteri
612 2660 836 2714 queant,
874 2666 955 2705 nae
992 2650 1068 2703 illi
1114 2665 1315 2703 munus
1343 2666 1474 2704 sane
1506 2650 1818 2718 pulchrum,
1846 2648 1999 2703 utili-

433 2742 584 2801 tatis.
630 2743 1100 2812 jucunditatisque
1136 2746 1373 2813 plenum.
1413 2744 1553 2797 addo
1582 2743 1771 2803 etiam,
1809 2741 1911 2795 nisi
1941 2740 1997 2794 in

430 2847 498 2887 eo
530 2836 1110 2905 escrcitationemjam
1146 2838 1415 2904 ceperint,
1447 2835 1794 2904 impeditum.
1823 2850 1887 2888 ac
1917 2834 1998 2887 la-

428 2921 715 2976 boriosum
752 2925 1161 2994 aggrediuntur.
1210 2926 1349 2993 Quid
1390 2928 1566 2983 enim.
1607 2925 1835 2985 amabo,
1871 2940 1995 2979 cum

430 3012 690 3066 universo
716 3030 917 3083 genere
945 3016 1275 3077 litterarum,
1310 3027 1423 3072 tum
1457 3017 1673 3070 duabus
1709 3016 1858 3071 hisce
1890 3016 1998 3069 lin-

429 3104 570 3173 guis,
600 3104 787 3160 Graeca
822 3106 1053 3165 scilicet.
1084 3123 1147 3160 ac
1176 3107 1389 3167 Latina,
1418 3108 1622 3176 quibus
1645 3108 1864 3172 divinae,
1891 3108 1993 3160 hu-

429 3210 712 3263 manteque
764 3205 933 3257 artes,
988 3206 1044 3250 et
1087 3198 1334 3251 scientia:
1382 3198 1993 3257 omnes‘continentur.

427 3284 780 3351 praeclarius?
828 3287 959 3355 quid
1008 3286 1351 3355 elegant‘us‘?
1391 3304 1622 3355 quarum
1672 3289 1723 3341 in
1766 3298 1994 3356 utraque

426 3384 738 3438 versantur,
772 3376 875 3444 .qui
918 3375 986 3429 de
1028 3376 1197 3429 altera
1236 3376 1289 3428 in
1336 3376 1561 3430 alteram
1600 3376 1743 3429 bona
1789 3379 1992 3444 scripta

426 3465 744 3529 transferre,
788 3477 845 3520 et
878 3466 945 3519 de
990 3467 1367 3520 dortrinarum
1414 3468 1743 3531 candidatis,
1783 3482 1991 3536 perque

427 3553 552 3606 illos
605 3553 674 3607 de
728 3554 1013 3607 hominum
1061 3571 1261 3624 genere
1310 3572 1473 3625 quam
1526 3558 1731 3626 optime
1791 3556 1988 3610 mereri
2030 3604 2039 3609 .

425 3642 607 3711 (quod
651 3640 832 3712 ipsum"
851 3655 937 3700 est
973 3646 1029 3699 in
1062 3646 1254 3714 primis
1299 3646 1606 3716 laudabile)
1641 3648 1988 3702 antiituntur.

423 3733 492 3788 Et
522 3750 661 3789 cum.
693 3738 995 3790 etiamnum
1032 3737 1180 3792 haud
1217 3754 1388 3808 pauca
1433 3739 1489 3792 in
1534 3738 1738 3794 Graecis
1781 3740 1992 3794 codici-

426 3824 548 3885 bus,
589 3840 686 3892 per
718 3826 1049 3882 illustriores
1084 3829 1531 3897 praepotentium,
1566 3843 1629 3882 ac
1671 3828 1985 3898 principum

424 3914 565 3967 \‘ll'Ot
584 3931 697 3979 nm,
726 3925 783 3969 et
812 3934 993 3971 rerum
1020 3918 1364 3987 publicarqu
1389 3918 1751 3973 bibliothecas
1780 3920 1986 3987 abdita,

425 4015 481 4059 et
512 4006 720 4060 inclusa
747 4007 971 4071 lateant,
995 4009 1197 4079 qttibus
1228 4010 1281 4063 in
1308 4021 1556 4078 apertum
1602 4011 1835 4078 proditis
1868 4027 1987 4066 cre-

427 4111 603 4161 scere,
636 4113 698 4151 ac
726 4101 1012 4170 propagari
1046 4104 1221 4169 possit
1250 4100 1301 4153 in
1326 4115 1540 4154 omnem
1566 4111 1773 4170 partem
1801 4111 1986 4156 nostra

2108 1653 2239 1694 nere
2262 1639 2605 1705 elaborandi,
2634 1652 2689 1697 et
2713 1644 2935 1712 aliquod
2964 1661 3148 1715 operae
3171 1651 3407 1716 pretium
3438 1651 3673 1707 faciendi

2109 1731 2359 1785 voluntas
2411 1745 2519 1784 non
2566 1732 2861 1788 mediocris
2905 1736 3015 1804 jam
3068 1739 3280 1805 pridem
3334 1742 3467 1794 mihi
3523 1744 3671 1797 haud

2105 1818 2365 1880 defuerit.
2400 1820 2762 1875 nihilominus
2800 1824 2917 1891 ejus
2946 1825 3302 1882 dillicultates
3334 1833 3673 1900 cogitatione

2104 1911 2594 1976 complectentem,
2647 1928 2757 1966 non
2800 1906 3023 1982 quidem
3077 1918 3255 1985 pudor
3300 1921 3671 1987 subrusticus,

2104 1998 2197 2053 sed
2229 2008 2408 2055 metus
2441 2000 2685 2069 quidam,
2723 2013 2778 2057 ut
2823 2004 3090 2068 arbitror,
3140 2008 3415 2078 ingenuus
3459 2028 3677 2082 semper

2104 2089 2423 2145 absterruit.
2456 2091 2522 2144 Et
2552 2093 2739 2147 nescio
2777 2096 3056 2164 quomodo
3085 2098 3256 2154 lueret
3291 2102 3345 2155 in
3396 2104 3673 2166 medullis.

2103 2197 2207 2235 nec
2248 2181 2499 2237 oblivisci
2538 2199 2704 2252 queo,
2745 2188 2893 2255 quod
2930 2190 3074 2257 apud
3117 2194 3442 2261 scriptorem
3489 2212 3675 2264 ρυτετι-

2104 2274 2341 2343 pientem
2367 2275 2548 2345 legere
2575 2278 2797 2332 memini
2825 2297 2838 2333 :
2869 2291 3127 2349 praestare
3152 2285 3366 2341 timere.
3392 2301 3553 2351 quam
3581 2303 3678 2339 au-

2104 2363 2235 2417 dere
2277 2364 2330 2417 in
2371 2363 2592 2419 litteris.
2650 2368 2897 2419 Accessit
2964 2369 3031 2420 ad
3092 2383 3177 2421 me
3240 2370 3670 2434 retardandum,

2101 2453 2246 2520 quod
2303 2452 2395 2520 qui
2453 2455 2757 2521 primorum
2816 2456 3011 2523 primi,
3067 2457 3447 2526 signil'erique.
3504 2470 3671 2529 atque

2101 2539 2261 2603 adeo,
2295 2541 2387 2609 qni
2424 2541 2784 2610 interpretum
2821 2544 3081 2597 familiam
3126 2545 3328 2601 ducere
3356 2551 3674 2603 existiman-

2103 2639 2212 2692 tur,
2254 2631 2338 2683 vel
2370 2631 2425 2683 in
2463 2646 2573 2684 uno
2605 2632 2744 2685 libro
2774 2634 3152 2688 convertendo
3180 2638 3519 2693 creberrime
3552 2641 3672 2693 hal-

2100 2722 2351 2783 lucinati,
2396 2733 2563 2792 atque
2595 2739 2624 2777 a
2664 2723 2856 2785 lineis.
2888 2726 3047 2793 .quod
3093 2726 3333 2791 dicitur,
3372 2718 3668 2795 excidisse,

2102 2812 2512 2883 diligentiorum
2574 2815 3051 2871 animadversione
3112 2818 3445 2887 deprehensi
3520 2834 3669 2876 sunt.

2036 2878 2073 2930 Β
2106 2878 2364 2972 Quzenam
2406 2922 2537 2976 ergo
2568 2907 2700 2960 mihi
2732 2907 3037 2969 semidocta
3064 2878 3205 2968 fama
3236 2912 3505 2980 speranda
3534 2914 3676 2969 fuit?

2104 2997 2614 3060 Verumenimvero,
2646 3008 3020 3064 cunctantem,
3078 3016 3142 3056 ac
3171 3004 3550 3071 ,trepidantem
3578 3022 3670 3060 sa—

2101 3089 2371 3159 pientinm
2422 3088 2668 3143 virorum
2721 3090 3023 3145 auctoritas
3069 3095 3388 3157 commovit,
3442 3096 3669 3164 ipsaque

2104 3181 2243 3233 ratio
2265 3180 2632 3242 conﬁrmavit,
2653 3188 2711 3233 ut
2731 3180 3022 3249 aliquando
3047 3183 3102 3236 in
3125 3184 3337 3240 isthanc
3359 3189 3665 3255 paltestram

2102 3271 2493 3325 descenderem
2542 3289 2556 3322 :
2601 3270 2894 3340 siquidem,
2941 3275 3092 3343 juxta
3152 3275 3452 3345 vulgatum,
3507 3295 3667 3333 nemo

2099 3363 2347 3416 nascitur
2377 3358 2570 3415 artifex
2598 3378 2614 3415 :
2647 3372 2707 3415 et
2728 3377 2819 3417 ars
2852 3365 3001 3418 nulla
3035 3373 3138 3429 est,
3176 3365 3229 3419 in
3260 3383 3366 3435 qua
3401 3387 3504 3423 non
3536 3386 3662 3438 pec-

2101 3460 2277 3513 cando
2334 3460 2579 3512 disoatur
2610 3476 2625 3512 :
2660 3458 2917 3528 quodque
2960 3456 3121 3515 nobis
3166 3464 3350 3530 pueris
3388 3468 3662 3533 quondam

2101 3562 2464 3621 praeceptores
2485 3551 2542 3605 in
2570 3551 2699 3603 ludo
2719 3551 3055 3620 ingerebant,
3073 3553 3175 3619 Qui
3201 3570 3476 3624 nunquam
3505 3558 3664 3618 male,

2102 3656 2380 3709 nunquam
2418 3643 2577 3696 bene.
2609 3642 2832 3696 Factum
2883 3643 3071 3712 igitur,
3108 3653 3169 3699 ut
3205 3660 3329 3698 cum
3373 3647 3665 3705 serenissi-
3732 3634 3743 3639 ’

2101 3748 2219 3785 mus
2287 3732 2546 3786 Boiorum
2611 3732 2868 3801 princeps
2920 3734 3323 3809 Maximilianus
3388 3720 3669 3792 societatis

2100 3835 2301 3878 nostrae.
2352 3824 2671 3880 domesticis
2729 3836 3053 3895 potestatem
3101 3829 3448 3891 liberaliter,
3501 3841 3667 3898 atque

2100 3906 2663 3981 ultro’concessisset,
2706 3932 2738 3970 e
2782 3917 3159 3972 voluminibus
3204 3919 3408 3973 Gnecis
3454 3922 3663 3973 calamo

2094 4009 2333 4061 exaratis
2368 4008 2637 4077 (quorum
2671 4008 2835 4061 habet
2865 4008 2920 4060 in
2945 4007 3278 4063 bibliotheca
3307 4024 3402 4062 sua
3437 4010 3665 4064 nobilis-

2096 4099 2231 4151 sima
2267 4099 2619 4152 laetissimam
2651 4099 2897 4168 cupiam)
2927 4100 3307 4166 depromendi,
3333 4109 3390 4153 et
3420 4101 3487 4153 ad
3514 4118 3667 4156 com-

426 4189 683 4251 eruditio,
718 4204 912 4243 eorum
948 4191 1148 4253 studia,
1188 4192 1280 4259 qui
1324 4192 1378 4245 id
1422 4201 1704 4260 praestant,
1749 4193 1986 4247 fructum
2020 4218 2063 4272 ο
2103 4205 2323 4243 munem
2371 4206 2550 4251 usum,
2596 4191 3167 4258 emolumentumque,
3227 4193 3385 4261 cujus
3438 4193 3667 4247 incenso

420 4278 567 4331 ferre
603 4293 957 4347 permagnum
987 4281 1113 4348 quis
1142 4281 1477 4337 inﬁciabilur
1497 4284 1520 4336 ?
1542 4282 1649 4338 Sed
1674 4299 1988 4353 quanquam

423 4367 581 4421 labor
616 4369 869 4425 is'adhuc
902 4372 1211 4441 tyronibus,
1236 4389 1648 4445 paucorumque
1682 4375 1992 4444 stipendio-

424 4475 547 4512 rum
598 4452 1201 4531 militibus’operosior
1230 4466 1427 4519 accidit
1484 4476 1799 4534 propterea,
1840 4464 1989 4534 quod

428 4552 700 4620 permulta
752 4552 909 4615 vitia,
944 4564 1000 4608 et
1041 4566 1264 4624 peccata
1298 4566 1619 4622 occurrunt,
1664 4572 1787 4625 quae
1819 4557 1994 4610 vitare

424 4640 645 4696 diil‘tcile
671 4652 755 4696 est
785 4642 980 4713 (cujus
1008 4647 1090 4698 rei
1129 4659 1237 4697 non
1267 4645 1385 4698 leve
1414 4654 1818 4713 argumentum,
1842 4645 1991 4713 quod

424 4748 549 4785 cum
601 4736 931 4802 interpretes
974 4750 1112 4811 pene
1155 4736 1608 4800 innmnerabiles,
1658 4740 1992 4794 excellentes

426 4834 631 4884 tamen,
691 4834 852 4894 atque
879 4827 1150 4892 perfectos
1182 4827 1475 4903 admodum
1516 4844 1669 4883 raros
1706 4831 1992 4884 nominare

429 4917 764 4983 possumus),
799 4918 1160 4975 nihilominus
1202 4920 1257 4972 in
1314 4920 1415 4973 ista
1448 4929 1874 4990 quantacunque
1906 4922 1992 4975 itt-

430 5010 763 5079 terpretandi
806 5010 1195 5078 defatigatione
1221 5055 1234 5077 ,
1292 5028 1355 5067 ac
1383 5013 1630 5067 molestia
1656 5053 1669 5075 ,
1719 5014 1991 5070 suavitate

427 5102 663 5166 quadam
728 5101 1099 5170 perfunditur,
1151 5102 1510 5171 expleturque
1559 5104 1820 5166 animus,
1866 5119 1993 5157 cum

428 5191 531 5243 sibi
577 5193 631 5245 in
678 5192 800 5245 sinu
842 5192 1247 5261 quodammodo
1275 5195 1424 5248 nasci
1464 5195 1781 5248 thesaurum
1817 5194 1991 5260 videt,

429 5285 574 5338 unde
614 5286 880 5338 bonarum
930 5285 1237 5338 litterarum
1274 5283 1442 5338 ditior
1492 5285 1728 5339 evadat:
1763 5286 1993 5354 quaeque

428 5376 695 5430 hactenus
730 5385 810 5429 tot
857 5376 1162 5439 hominum,
1206 5377 1374 5429 etiam
1402 5376 1993 5455 eruditorumumillia

430 5468 776 5535 ignouarunt,
805 5468 1084 5536 multoque
1110 5468 1340 5529 diutius,
1371 5483 1434 5521 ac
1464 5481 1727 5537 perpetuo
1762 5467 1990 5520 forsitan

2098 4293 2315 4336 tenetur
2366 4281 2663 4345 desiderio,
2714 4281 3112 4351 interpretandi
3160 4298 3282 4353 quae
3329 4284 3661 4353 placuisset,

2094 4390 2195 4444 ego
2248 4375 2303 4427 in
2351 4374 2500 4429 hunc
2546 4389 2656 4427 non
2705 4372 3125 4427 Christodulum
3180 4376 3397 4443 utique,
3456 4376 3551 4430 sed
3607 4377 3662 4430 itt
3694 4406 3717 4419 ι

2096 4469 2427 4532 ipsissimum
2498 4466 2766 4521 Joannem
2817 4465 3262 4521 Cantacuzenttm
3305 4468 3594 4521 inciderim
3647 4486 3664 4523 :

2095 4574 2205 4629 quo
2235 4559 2300 4612 ad
2330 4567 2571 4628 gustum,
2605 4558 3049 4626 sententiamque
3079 4574 3256 4613 meam
3289 4559 3423 4613 nihil
3449 4575 3667 4613 accom-

2095 4652 2389 4711 modatius.
2413 4651 2549 4705 nihil
2572 4650 2636 4703 ad
2662 4653 2836 4718 prima
2867 4649 3075 4704 militia:
3098 4650 3262 4719 hujus
3292 4651 3548 4704 tentanda
3574 4665 3657 4718 pe-

2096 4743 2293 4805 ricula.
2325 4749 2550 4811 propter
2580 4741 2901 4795 facilitatem
2933 4741 3227 4809 quamdam
3274 4743 3393 4812 ejus
3439 4742 3495 4796 in
3529 4741 3667 4795 scri-

2097 4834 2279 4888 bendo
2318 4834 2685 4901 opportunius
2713 4830 2956 4884 nancisci
2994 4831 3347 4898 potuissem.-

2168 4925 2259 4980 Sic
2282 4925 2507 4979 omnino
2533 4933 2635 4989 est,
2664 4932 2723 4977 ut
2756 4923 2892 4987 dixi,
2926 4922 2983 4976 in
3020 4923 3286 4977 Joannem
3318 4922 3659 4977 Cantacuze-

2097 5031 2229 5069 num
2278 5014 2444 5068 incidi
2493 5030 2508 5066 :
2548 5014 2640 5081 qui
2670 5012 2895 5081 quidem
2947 5026 3057 5079 quo
3106 5011 3452 5064 commodius
3500 5011 3664 5077 hujus

2098 5104 2226 5158 libri
2263 5103 2348 5157 sui
2383 5105 2728 5157 occasionem
2758 5143 2769 5166 ,
2804 5116 3110 5168 causasque
3153 5101 3412 5165 afferret,
3443 5112 3499 5155 et
3535 5119 3663 5170 per-

2099 5209 2291 5249 sonam
2319 5209 2473 5246 suam
2509 5194 2716 5247 celaret
2746 5191 2929 5261 (quod
2955 5198 3133 5244 tamen
3170 5192 3313 5245 haud
3345 5197 3479 5246 satis
3506 5204 3664 5247 caute

2099 5286 2253 5348 fecit,
2289 5295 2348 5337 ut
2376 5299 2501 5336 mox
2531 5282 2780 5346 docebo)
2814 5282 2968 5349 ﬁngit
2999 5297 3027 5334 a
3065 5283 3300 5350 quodam
3351 5283 3473 5337 Nilo
3507 5283 3665 5336 fami-

2098 5376 2218 5430 liari
2252 5390 2310 5429 se
2344 5375 2409 5428 ad
2451 5374 2808 5442 scriptionem
2846 5389 2945 5441 per
2982 5372 3196 5426 litteras
3230 5374 3541 5435 sollicitari,
3602 5389 3667 5427 ac

2100 5468 2200 5520 sibi
2230 5467 2558 5520 vocabulum
2586 5464 2924 5519 (lhristoduli
2954 5465 3208 5533 imponit.
3244 5465 3506 5519 Idoneum
3542 5482 3669 5531 pro-

431 5559 792 5626 iguorasseut,
828 5575 891 5613 ca
938 5560 1192 5629 princeps
1224 5560 1526 5628 cognouit,
1568 5568 1621 5613 et
1662 5558 1988 5611 sollicitudi-
2018 5542 2073 5599 Β
2100 5556 2265 5619 lecto,
2312 5571 2508 5616 nempe
2551 5572 2580 5609 a
2625 5565 2793 5619 statu,
2839 5567 2896 5612 et
2937 5558 3253 5612 conditione
3300 5560 3446 5622 vitm,
3499 5574 3663 5627 quant

429 5666 548 5711 nes.
590 5668 851 5720 operam,
904 5637 1068 5724 atque
1108 5664 1335 5708 conatus
1387 5670 1516 5707 suos
1560 5667 1654 5721 spe
1693 5662 1745 5705 et
1790 5651 1989 5707 ﬁducia

427 5752 596 5816 grata:
625 5744 959 5815 posteritatis
986 5746 1321 5799 consulatur.

2103 5650 2218 5702 haec
2264 5649 2513 5702 scribens
2545 5649 2740 5720 agebat
2769 5668 2783 5705 :
2829 5651 3030 5723 agebat
3060 5660 3242 5705 autent
3283 5652 3664 5716 monasticam,

2099 5751 2150 5795 et
2181 5740 2403 5796 Christo
2428 5743 2693 5810 serviens,
2737 5746 2935 5800 merito
2965 5743 3085 5813 ejus
3119 5757 3341 5797 servum
3373 5755 3431 5797 se
3462 5743 3657 5814 appel-
