4038 6212
448 286 521 350 23
1553 291 1895 355 JOANNES
1926 294 2553 363 CANTACUZENUS.
2900 277 2908 285 ’
3641 310 3710 372 El

446 400 612 468 primi
643 398 873 455 relatum
901 408 1005 456 est.
1025 400 1184 456 Victo
1218 416 1353 466 avo,
1401 418 1576 471 nepos
1610 406 1760 458 solus
1809 406 2029 475 praefuit
2061 413 2102 468 Λ
2132 398 2238 464 Sed
2263 412 2421 481 juvat
2482 412 2657 482 ipsius
2700 413 3073 471 Cautacuzeni
3122 415 3290 471 verba
3346 417 3601 487 proferre
3651 421 3708 475 in

446 492 680 560 imperio
710 497 872 547 annis
907 491 1124 562 viginti,
1163 493 1210 547 si
1276 509 1469 548 verum
1496 496 1691 550 scribit
1722 496 2015 567 Gregoras.

442 584 619 649 Quae
666 582 807 639 vivis
874 585 1133 646 sublato,
1200 587 1534 656 papillarum
1575 589 1799 643 tutelam
1852 591 2021 658 gessit

440 675 878 737 Cautacuzenus.
913 678 1003 730 vix
1029 693 1258 734 annum.
1283 688 1339 732 ut
1368 678 1627 748 colligere
1655 690 1738 733 est
1766 699 1778 734 :
1819 682 2017 735 adver-

440 781 535 819 sus
574 780 736 833 quem
787 766 989 820 deinde
1026 778 1086 822 ut
1118 769 1410 837 tyrannum
1448 771 1671 822 nomine
1708 770 1885 823 viduae
1917 771 2018 824 im-

442 857 752 926 peratricis,
800 867 856 911 et
887 859 1124 912 liberum
1175 861 1292 929 ejus
1325 861 1527 914 bellum
1571 862 2015 919 administratum

436 959 521 1001 est
570 949 730 1001 anuis
759 950 1030 1018 quinque:
1081 950 1161 1004 Eo
1197 953 1347 1005 ﬁnito
1395 951 1833 1019 Cantacuzenus,
1891 956 2015 1009 data

437 1039 637 1094 .loanni
690 1040 1000 1110 Palaaologo
1055 1042 1107 1095 in
1166 1043 1577 1097 matrimonium
1618 1044 1729 1098 lilia
1757 1044 2049 1107 {decem‘

440 1148 618 1186 annos
657 1132 824 1187 abeo
876 1134 1197 1202 paciscitur,
1234 1136 1437 1202 quibus
1488 1153 1656 1204 penes
1698 1154 1755 1191 se
1798 1138 2015 1206 imperii

437 1223 766 1292 gubernatio
801 1241 926 1279 cum
963 1228 1189 1280 nomine
1232 1210 1450 1282 maneat
1479 1246 1493 1283 :
1522 1245 1689 1298 penes
1720 1230 1875 1284 illum
1916 1246 2016 1284 no-

441 1331 563 1367 men
598 1316 887 1380 duntaxat,
921 1326 975 1370 et
1000 1318 1239 1387 dignitas
1266 1319 1641 1388 imperatoria,
1677 1321 1861 1375 donec
1883 1330 2014 1375 mtas

438 1414 773 1459 maturescat
831 1407 1053 1477 (agebat
1109 1411 1255 1462 enim
1327 1411 1565 1465 Joannes
1632 1427 1838 1464 annum
1904 1427 2012 1465 non

439 1497 560 1563 plus
591 1497 864 1550 decimum
902 1500 1203 1567 quintum),
1240 1509 1426 1569 postea
1459 1517 1517 1555 se
1555 1503 1819 1571 Collegam
1843 1504 2015 1571 patia-

439 1595 545 1639 tur.
588 1587 763 1655 Hujus
788 1590 953 1658 spatii
989 1593 1079 1644 vix
1113 1593 1405 1646 dimidium
1446 1594 1670 1648 videtur
1687 1595 2013 1662 evplevissc,

438 1693 623 1731 rerum
659 1681 819 1752 hujus
866 1683 1094 1747 mundi,
1131 1696 1187 1739 et
1236 1686 1481 1739 adversm
1535 1685 1702 1739 sortis
1738 1694 2015 1740 renovata:

434 1760 886 1833 quodam—tmdio.
934 1776 1064 1841 Quae
1099 1780 1214 1844 ipso
1264 1778 1370 1848 jam
1426 1777 1695 1831 monacho
1726 1778 1884 1832 .inter
1911 1778 2014 1832 Pa-

432 1862 718 1931 lacologum
789 1874 846 1919 et
904 1867 1217 1921 Mattlnuum
1298 1880 1487 1941 secuta
1549 1878 1718 1932 sunt,
1784 1869 2012 1923 forsitan

437 1954 621 2018 unius,
646 1967 739 2008 aut
772 1960 1008 2010 duorum
1050 1973 1323 2012 annorum
1364 1957 1585 2011 fuerunt
1619 1975 1632 2011 :
1669 1974 1791 2012 naut
1826 1960 1879 2012 in
1926 1959 2012 2012 his

432 2045 580 2111 quod
610 2062 709 2114 pro
737 2058 890 2102 certo
931 2048 1222 2113 allirmem,
1275 2065 1384 2103 non
1425 2048 1624 2102 habeo.
1661 2049 1774 2104 Hac
1799 2050 2011 2103 ratione

432 2138 773 2207 eolliguntur
817 2141 946 2193 anni
991 2140 1233 2195 historias
1279 2141 1446 2211 hujus
1506 2141 1735 2194 circiter
1787 2138 2009 2211 triginta

432 2245 650 2283 novem.
684 2230 758 2283 Ex
789 2231 873 2284 his
913 2240 1081 2299 patet,
1114 2242 1358 2301 tempora
1391 2232 1691 2286 Andronici
1723 2232 1966 2288 Juuioris
1992 2272 2007 2296 ,

437 2321 833 2381 Cantatuzeui,
866 2322 1167 2375 etJoannis
1203 2322 1492 2391 Palwologi
1522 2339 1632 2376 non
1664 2323 1798 2377 satis
1840 2324 2008 2393 probe

429 2414 724 2483 digessisse
752 2412 1122 2480 Onupltrium,
1151 2422 1207 2465 et
1233 2413 1392 2466 alios.
1418 2413 1538 2466 Err:
1558 2422 1687 2465 runt
1723 2415 1854 2474 item
1882 2428 2005 2467 cum

426 2505 689 2574 Gregorii,
722 2506 851 2558 duui
892 2505 1268 2558 Andronicum
1316 2505 1599 2559 Juu‘loretu
1652 2520 1798 2557 anno
1827 2505 2008 2556 aatatis

428 2598 1061 2667 quadragesimoquinto
1090 2596 1422 2649 exstinctum
1460 2597 1833 2649 tradiderunt.
1870 2596 2004 2649 Nam

427 2694 473 2745 si
510 2701 669 2744 natus
702 2699 822 2742 erat
861 2704 1036 2742 annos
1075 2688 1269 2756 viginti
1320 2698 1530 2756 septem
1582 2698 1876 2757 antequam
1924 2702 2011 2742 se-

429 2784 665 2837 cundam
718 2796 945 2835 uxorem
1008 2783 1260 2844 duceret,
1313 2793 1372 2834 ut
1413 2792 1603 2834 noster
1648 2781 1793 2834 libro
1827 2782 2006 2850 primo

428 2883 640 2939 narrat,
676 2883 731 2927 et
754 2888 818 2927 ea
849 2874 1013 2927 ducta
1072 2873 1258 2926 adhuc
1300 2874 1509 2942 aliquot
1542 2874 1701 2927 annis
1732 2859 1856 2926 cuin
1902 2887 2004 2925 avo

428 2969 633 3021 bellum
670 2968 882 3039 gessit:
930 2968 973 3020 si
1008 2983 1074 3019 eo
1108 2967 1255 3017 victo
1297 2966 1456 3020 annis
1486 2966 1680 3033 viginti
1713 2967 1863 3019 solus
1898 2967 2003 3018 imo

2097 1515 2394 1566 ‘servitutes
2420 1554 2432 1576 ,
2465 1515 2641 1568 caules.
2658 1554 2673 1577 ,

2124 501 2393 566 medium,
2434 519 2499 558 es
2550 504 2681 559 libri
2721 505 2904 575 quarti
2949 506 3126 573 capite
3178 508 3446 563 vicesimo
3475 501 3705 579 quarto,

2122 593 2289 682 unde,
2334 596 2613 663 quomodo
2642 612 2704 653 se
2748 598 2991 665 gesserit
3026 600 3081 652 in
3134 599 3374 654 Historia
3410 598 3709 657 scribenda

2120 684 2417 753 Gregoras,
2457 687 2671 756 liquido
2705 690 3115 758 perspiciatur:
3155 690 3546 764 Imperatorem
3589 710 3712 748 vero

2118 776 2587 844 Cantacuzenum,
2641 771 2920 851 posiquam
2942 784 3116 850 ipsum
3166 801 3259 854 per
3299 801 3354 838 se
3392 785 3710 855 deprimere,

2122 878 2280 939 atque
2307 880 2539 925 evertere
2581 890 2685 928 non
2730 878 2921 944 potuit,
2949 877 3376 947 Palmologorum
3414 880 3712 949 imperato-
3740 886 3741 889 “

2121 979 2240 1016 rum
2290 963 2486 1017 bellum
2550 974 2795 1019 mutuum
2848 982 2945 1036 pro
3000 979 3314 1038 argumento
3356 986 3619 1037 sumens;
3663 982 3711 1026 et

2118 1056 2319 1123 partim
2366 1057 2675 1125 ignorantia
2710 1074 2892 1112 rerum
2938 1071 3229 1129 gestarum,
3280 1063 3483 1130 partim
3529 1063 3712 1131 gratia

2120 1157 2369 1215 corrupta
2422 1150 2665 1212 veritate,
2698 1165 2761 1201 ac
2804 1152 2925 1203 totis
2980 1151 3174 1204 viribus
3231 1151 3373 1205 velut
3415 1153 3473 1205 in
3529 1152 3713 1221 fabdla

2119 1232 2563 1291 comminiscenda
2611 1241 2868 1292 mentiens
2888 1277 2902 1301 ,
2940 1239 3127 1292 deinde
3150 1242 3336 1294 ordine
3355 1242 3426 1295 ad
3475 1241 3675 1309 bellum
3695 1282 3710 1303 ,

2118 1327 2257 1395 quod
2289 1338 2486 1381 nostra.
2524 1331 2783 1384 memoria
2826 1341 3012 1384 contra
3044 1331 3476 1406 Cantacusennm
3507 1335 3715 1385 excita-

2119 1427 2230 1473 tum
2260 1429 2357 1481 est,
2390 1437 2718 1491 progressus,
2746 1432 2859 1476 tum
2897 1424 3006 1479 alia
3039 1424 3318 1494 complura
3348 1426 3568 1479 crimini
3594 1425 3711 1486 dat,

2747 1517 3128 1570 trucidationes
3157 1555 3172 1579 ,
3228 1517 3624 1585 populationes,
3664 1527 3713 1570 et

2119 1620 2446 1673 quwcunque
2474 1604 2731 1660 Romanis
2760 1622 2855 1675 per
2882 1609 2936 1659 id
2981 1607 3193 1661 bellum
3217 1607 3459 1662 luctuosa
3505 1609 3713 1661 incide-

2120 1698 2266 1754 runt.
2289 1695 2373 1748 illi
2395 1697 2693 1758 ascribens,
2749 1706 2862 1749 tum
2891 1698 2951 1749 ob
2988 1714 3223 1753 amorem
3252 1700 3594 1763 dominandi,
3621 1700 3713 1752 im-

2120 1786 2440 1857 perialisque
2470 1788 2673 1856 fastigii
2703 1790 3006 1857 cupidinem
3036 1788 3301 1842 malorum
3331 1790 3553 1841 illorum
3591 1785 3710 1841 nul-

2119 1880 2227 1932 lam
2259 1880 2468 1932 duxisse
2490 1882 2754 1934 rationem
2790 1880 3052 1948 afﬁrmat.
3090 1879 3240 1933 Illud
3281 1892 3461 1933 autem
3506 1879 3711 1935 Canta-

2116 1985 2369 2022 cuzenum
2401 1969 2733 2037 potissimum
2776 1966 3020 2034 'vellicat,
3069 1978 3117 2022 et
3141 1986 3233 2022 cor
3263 1970 3377 2037 ejus
3408 1974 3545 2025 urit.
3571 1971 3713 2022 (mod

2112 2060 2395 2120 mentitur,
2449 2075 2590 2125 eum,
2654 2060 2826 2113 adhuc
2879 2063 3085 2113 uiuente
3122 2062 3448 2118 Andronico.
3499 2062 3713 2129 imperii

2112 2145 2339 2200 Romani
2362 2144 2515 2216 longe
2541 2148 3054 2216 appetentissimum,
3087 2163 3204 2202 cum
3250 2148 3304 2200 id
3352 2150 3567 2218 assequi
3603 2165 3710 2201 non

2113 2243 2303 2306 posset.
2346 2236 2415 2287 ad
2441 2236 2726 2288 monachos
2750 2237 2802 2287 in
2832 2244 3009 2289 monte
3041 2236 3196 2301 Atho,
3239 2238 3329 2306 qui
3365 2237 3464 2290 uiri
3506 2237 3707 2299 sancti,

2113 2339 2164 2381 et
2191 2347 2223 2386 α
2256 2327 2365 2381 Deo
2388 2327 2553 2397 amati
2597 2326 2902 2396 futurorum
2951 2331 3354 2395 prazsensioncm
3385 2329 3582 2377 habere
3604 2328 3704 2393 ju-

2111 2421 2454 2483 dicabantur,
2484 2412 2943 2489 profectum‘esse,
2987 2419 3053 2471 de
3087 2420 3301 2487 futuris.
3338 2425 3386 2470 et
3423 2435 3492 2471 an
3544 2419 3616 2469 ad
3643 2434 3702 2470 se

2114 2513 2410 2566 Romanum
2440 2513 2721 2573 imperium
2762 2520 3137 2579 perventurum
3184 2517 3338 2563 esset.
3381 2517 3704 2577 percuncta-

2112 2614 2312 2669 turum,
2353 2615 2461 2659 etc.
2498 2606 2757 2658 Attamen
2792 2605 2909 2656 tieri
2947 2611 3124 2669 potest
3158 2641 3173 2664 ,
3212 2613 3273 2654 ut
3323 2601 3601 2669 Gregoras
3628 2600 3700 2652 de

2113 2696 2361 2750 moribus
2384 2695 2690 2749 Andronici
2720 2693 2970 2763 quaedam
3002 2708 3111 2746 non
3148 2680 3371 2761 prorsus
3393 2691 3526 2745 falsa
3557 2689 3674 2744 seri

2110 2789 2225 2852 bat,
2258 2799 2314 2842 et
2358 2803 2421 2841 ea
2457 2798 2650 2841 noster
2679 2795 2773 2839 aut
2806 2784 2943 2839 tanti
3001 2799 3110 2837 non
3163 2784 3425 2844 aestimet,
3457 2781 3698 2852 ejusque

2104 2878 2386 2950 juventuti
2436 2874 2802 2931 condonanda
2838 2882 2996 2942 putet
3026 2912 3042 2935 ,
3070 2882 3166 2926 aut
3191 2873 3524 2936 dissimulet,
3552 2880 3610 2925 et
3640 2870 3694 2924 id

2111 2967 2369 3021 amicitiae
2400 2964 2665 3033 singulari
2698 2965 2931 3047 fortasse
2967 2963 3198 3024 tribuat.
3225 2961 3294 3018 de
3315 2977 3426 3032 quo
3457 2961 3511 3015 in
3535 2960 3696 3017 Notis

429 3061 672 3129 peravit,
724 3061 979 3129 sequitur
1004 3060 1567 3129 quinquagenarium,
1602 3071 1695 3111 aut
1724 3073 1788 3111 eo
1837 3059 2004 3127 majo-
2030 3082 2074 3144 Ο
2110 3076 2209 3114 suo
2243 3059 2366 3112 loco
2396 3056 2734 3112 videbimus.

429 3167 545 3205 rem
573 3151 799 3205 obiisse.

497 3238 863 3293 Ostendemus
918 3254 1110 3303 nunc,
1180 3255 1290 3309 quo
1350 3239 1472 3292 loco
1535 3239 1682 3292 inter
1745 3238 2002 3310 Byzanti-

368 3320 377 3331 ³
430 3340 529 3379 nas
593 3325 858 3381 historias
919 3326 1038 3381 lucc
1093 3341 1284 3382 noStra
1336 3324 1653 3381 collocanda
1708 3331 1799 3382 sit.
1862 3329 2006 3381 Can-

431 3428 730 3472 tacuzeuus
776 3417 1092 3487 Nicephoro
1144 3419 1401 3488 Grcgorm
1441 3423 1688 3489 proxime
1733 3419 2000 3483 succedit,

428 3510 662 3577 ejus'pte
721 3512 1073 3565 narrationes
1122 3511 1410 3563 continuat
1471 3527 1485 3563 :
1542 3525 1856 3578 quanquam
1891 3526 2000 3562 non

430 3600 703 3665 praecise,
782 3615 844 3654 ac
916 3600 1263 3669 simpliciter.
1336 3601 1467 3654 Nam
1540 3616 1662 3653 cum
1731 3600 2003 3668 Gregnras

428 3690 485 3747 in
511 3691 665 3744 obitu
721 3690 1023 3744 Andronici
1058 3690 1305 3760 Junjoris
1340 3691 1587 3751 desinat,
1643 3701 1835 3744 noster
1874 3690 2002 3743 inde

428 3798 538 3836 non
584 3782 845 3836 orditur:
892 3783 1026 3851 quin
1083 3783 1192 3835 imo
1232 3782 1536 3835 secundant
1589 3782 1833 3836 historiae
1890 3794 2002 3836 sum

431 3874 630 3926 librum
667 3872 734 3927 ad
785 3874 1031 3944 ejusdem
1083 3873 1385 3928 Andronici
1446 3884 1679 3927 mortem
1726 3874 2001 3943 perducit.

432 3966 634 4022 Verum
673 3969 800 4036 quia
847 3965 1120 4037 Gregoras
1169 3967 1272 4020 iste
1313 3982 1452 4031 avo,
1510 3967 1565 4020 in
1623 3968 1781 4037 cujus
1822 3967 2002 4021 aulam

428 4061 663 4115 desertis
727 4059 924 4113 studiis
973 4058 1299 4115 liberalibus
1333 4075 1390 4114 se
1433 4046 1701 4120 contulit,
1749 4060 2001 4122 amicior,

427 4152 842 4221 nepotisaulem
876 4151 1118 4219 iniquior
1158 4150 1263 4205 fuit
1331 4170 1346 4205 τ
1394 4152 1658 4219 illumque
1708 4153 2004 4220 plurimum

428 4252 486 4295 et
562 4257 707 4311 sirpe
769 4242 1215 4307 commendavit;
1278 4241 1427 4296 hunc
1480 4252 1691 4309 aperte,
1737 4258 1839 4296 nec
1888 4259 2005 4297 mo-

435 4334 579 4399 dice,
605 4345 662 4389 et
709 4347 820 4387 non
859 4348 985 4386 raro
1036 4333 1396 4394 insimulavit,
1429 4348 1494 4387 ac
1526 4336 1901 4406 vituperavit;
1934 4334 2001 4387 ad

2179 3154 2296 3208 lam
2327 3153 2395 3206 de
2431 3148 2805 3212 excellentia,
2862 3147 3043 3201 fructu
3074 3185 3090 3210 ,
3141 3145 3420 3217 elegantia
3446 3185 3463 3209 ,
3508 3154 3565 3197 et
3604 3159 3695 3195 or-

2112 3246 2391 3303 namentis
2434 3242 2682 3298 historiae
2735 3241 2904 3310 hujus
2961 3239 3095 3309 quid
3147 3254 3251 3308 ego
3286 3241 3426 3291 satis
3461 3237 3693 3307 dignum

2108 3341 2591 3415 cmumemorem?
2642 3340 2791 3393 Inter
2835 3337 3180 3398 recentiores
3227 3337 3452 3406 quidem
3499 3339 3689 3390 rerum

2107 3438 2444 3491 Graecarum.
2485 3448 2597 3486 seu.
2621 3430 3053 3501 Byzantiuarum
3083 3429 3407 3497 scriptores,
3463 3437 3524 3479 ut
3559 3431 3693 3478 sunt

2109 3527 2376 3586 Zonaras,
2419 3522 2667 3585 Nieelas,
2709 3518 3021 3581 Cedrenus,
3061 3528 3116 3572 et
3147 3518 3261 3582 alii,
3308 3531 3429 3568 meo
3463 3514 3686 3580 quidem

2107 3629 2160 3672 ct
2186 3613 2559 3686 quorumdam
2585 3612 2727 3666 bene
2752 3611 3124 3665 litteratorum
3144 3608 3352 3677 judicio
3372 3604 3466 3666 hic
3480 3602 3685 3670 primas

2109 3718 2308 3763 tenet:
2347 3706 2683 3773 videturque
2730 3703 2880 3757 solus
2929 3702 3225 3760 didit-isse,
3271 3713 3383 3767 quo
3427 3703 3585 3765 pacto
3617 3690 3687 3744 ad

2105 3804 2325 3856 laudem
2380 3797 2797 3853 accommodate
2863 3794 3207 3851 coutexenda
3289 3791 3363 3845 sit
3437 3785 3689 3842 historia.

2109 3895 2266 3956 Mira,
2322 3882 2484 3951 nova,
2545 3890 2819 3952 inaudita,
2876 3889 3160 3946 inusitata,
3197 3885 3540 3935 occultorum
3596 3875 3691 3930 Dei

2101 3986 2439 4057 judiciorutn
2471 3982 2630 4051 plena
2652 4019 2667 4044 ,
2699 3979 2951 4049 grandia,
2988 3974 3225 4029 illustria
3257 3973 3427 4025 multa
3474 3969 3563 4020 hic
3599 3982 3694 4020 re-

2110 4086 2439 4131 censentur.
2493 4076 2596 4135 Et,
2653 4074 2698 4126 si
2760 4069 2991 4123 historia
3031 4067 3198 4117 debet
3237 4077 3360 4115 esse
3405 4059 3689 4128 prudens,

2109 4177 2275 4233 atque
2325 4172 2520 4216 ornata
2571 4172 2754 4212 rerum
2791 4152 3130 4221 explicatio,
3181 4162 3375 4204 neutra
3419 4152 3597 4203 virtus
3633 4149 3688 4202 in

2110 4254 2212 4305 hac.
2252 4250 2648 4303 desideratur:
2686 4257 2810 4310 qua:
2842 4240 2979 4294 mihi
3025 4256 3245 4310 semper
3288 4257 3318 4295 a
3362 4242 3481 4294 viro
3525 4239 3690 4295 nobi-

2111 4343 2346 4402 lissimo,
2380 4348 2432 4390 et
2471 4336 2691 4405 ingenio
2720 4333 3188 4388 excellentissimo
3245 4332 3688 4400 sumissimoque

430 4429 714 4495 lnec.qute
738 4427 886 4480 inter
937 4425 1059 4480 illos
1089 4425 1433 4485 acciderunt.
1470 4438 1682 4494 partem
1717 4427 2007 4479 maximam
2046 4423 2082 4473 ι)
2113 4435 2226 4486 visa
2271 4438 2357 4485 εει
2409 4428 2761 4499 proﬂuxisse,
2802 4425 3107 4480 Prudentia
3163 4424 3423 4479 militaris
3448 4465 3461 4486 ,
3521 4432 3688 4489 atque

430 4519 662 4573 minime
703 4528 987 4587 comperta
1020 4518 1215 4572 habuit
1248 4537 1261 4572 :
1291 4534 1413 4588 quae
1467 4529 1649 4573 autem
1695 4520 1965 4587 comperit
1988 4554 2002 4575 ,

416 4629 495 4667 ea
535 4610 787 4675 confuse,
816 4611 1158 4681 imperfecte,
1192 4613 1441 4682 quaedam
1471 4630 1690 4682 quoque
1714 4613 1875 4666 aliter
1904 4609 2007 4661 ali-

431 4713 678 4773 quanto;
730 4704 860 4775 quid
912 4705 1233 4774 aliquanto?
1267 4706 1442 4759 multo
1472 4705 1652 4763 aliter.
1686 4719 1847 4771 quam
1876 4716 2004 4754 eve-

430 4802 661 4857 nerunt,
692 4807 893 4850 etcum
916 4796 1221 4854 mendaciis
1248 4797 1503 4865 exposuit
1530 4811 1546 4859 ;
1584 4796 1639 4846 in
1672 4793 1843 4860 ipsius
1870 4805 2005 4858 quo-

434 4902 546 4956 que
572 4885 944 4941 Cantacuzeni
996 4887 1163 4951 bello,
1194 4889 1471 4956 rebusque
1512 4881 2009 4940 commemorandis

435 4982 582 5048 (quae
612 4979 819 5048 scripta
850 4978 937 5033 vel
972 4979 1326 5043 interierunt,
1387 4977 1471 5032 vel
1509 4977 1688 5029 adhuc
1742 4975 1796 5027 in
1827 4972 2008 5040 aliqua

432 5069 777 5138 bibliotheca
814 5069 1009 5137 latent)
1040 5085 1234 5139 parum
1266 5069 1410 5123 bona
1444 5067 1550 5121 tide
1574 5108 1589 5132 ,
1630 5063 2009 5132 malevoleque

435 5170 694 5217 versatus
737 5173 839 5217 est.
876 5161 1297 5216 Cantacuzenus
1324 5163 1436 5215 haec
1468 5152 1600 5211 vitia
1644 5172 1751 5211 non
1802 5156 2007 5218 ferens,

431 5254 593 5325 longe
624 5253 896 5309 sincerius
918 5294 932 5318 ,
974 5252 1247 5322 longeque
1294 5249 1573 5317 copiosius
1597 5290 1609 5312 ,
1650 5247 1967 5302 distinctius
1993 5284 2007 5308 ,

436 5349 745 5417 integrius;
790 5346 995 5401 certius
1031 5346 1214 5396 omnia
1272 5342 1601 5411 explicavit;
1668 5342 1870 5410 quippe
1914 5341 2005 5408 qui

434 5438 697 5493 omnibus
730 5454 872 5507 pene
903 5451 1010 5489 non
1058 5434 1307 5488 interfuit
1358 5434 1559 5495 solum,
1599 5449 1789 5487 verum
1842 5433 2009 5485 etiam

436 5530 702 5601 praefuit,
762 5540 816 5584 el
860 5543 982 5597 qute
1026 5526 1142 5594 ipse
1197 5541 1307 5578 nou
1360 5525 1535 5587 vidit,
1596 5534 1692 5579 aut
1750 5524 1862 5595 egit
1895 5524 2008 5592 (qui

440 5624 586 5675 etiim
627 5621 805 5689 potuit
835 5618 1084 5687 omnia?)
1110 5633 1173 5673 ea
1215 5634 1243 5673 a
1281 5618 1517 5673 testibus
1558 5617 1896 5687 gravissimis
1922 5632 2013 5670 ac-

438 5713 618 5786 Cepit;
658 5710 1121 5788 quemadmodum
1150 5712 1203 5768 in
1239 5711 1346 5767 tiuc
1376 5712 1502 5767 libri
1548 5712 1730 5785 quarti
1761 5717 2010 5767 testatur.

2108 4525 2289 4579 civilis
2323 4533 2432 4577 tam
2469 4521 2674 4576 eximia
2715 4521 2807 4576 hic
2859 4521 3081 4578 elucet,
3130 4528 3191 4571 ut
3238 4518 3520 4571 civitatum
3558 4531 3690 4583 pro-

2112 4616 2538 4683 vinciat-umque
2564 4611 2897 4670 rectoribus,
2919 4624 2985 4663 ac
3010 4609 3137 4663 belli
3157 4608 3396 4663 ducibus
3419 4606 3687 4674 majorem

2112 4705 2168 4759 in
2224 4705 2450 4760 modum
2501 4704 2978 4756 commodaturam
3046 4711 3257 4769 putem.
3311 4698 3447 4753 Cum
3500 4707 3688 4750 autem

2112 4798 2294 4851 virum
2347 4795 2630 4864 politicum
2662 4792 2730 4845 ad
2765 4793 2907 4847 bene
2950 4790 3251 4856 regi-udum
3293 4788 3417 4842 aliis
3466 4801 3687 4855 quoque

2112 4888 2416 4944 virtutibus
2468 4885 2838 4940 nihilominus
2880 4884 3212 4937 instructum
3240 4895 3378 4933 esse
3396 4888 3682 4946 Oportuat.

2116 4998 2201 5036 na:
2236 4994 2429 5033 earum
2487 4978 2713 5046 quidem
2766 4973 3021 5045 exempla
3098 4972 3545 5039 documentaque
3592 4969 3688 5021 hic

2112 5074 2319 5126 frustra
2369 5068 2642 5138 requiras.
2697 5068 2755 5122 lu
2801 5065 3008 5136 quibus
3052 5064 3232 5133 qualis
3282 5062 3450 5116 fuerit
3482 5060 3690 5115 Canta-

2113 5178 2379 5226 cuzenus,
2416 5160 2560 5215 infra
2593 5158 2953 5213 ostendemus
2989 5175 3002 5210 :
3038 5156 3092 5209 in
3122 5169 3361 5221 praesens
3382 5151 3588 5220 aliquid
3621 5152 3690 5204 de
3744 5150 3749 5155 ’

2113 5253 2429 5309 Andronico
2456 5251 2728 5308 dicemus.
2764 5264 2957 5318 quem,
2989 5247 3082 5317 qui
3113 5262 3141 5299 a
3177 5247 3458 5298 (Ileu‘n-ute
3486 5243 3526 5296 V
3554 5258 3690 5311 pon-

2114 5344 2261 5398 tifice
2295 5342 2535 5397 maximo
2576 5341 2632 5393 in
2668 5339 2966 5406 Extravag.
3003 5337 3390 5390 communibus
3424 5346 3482 5388 ut
3514 5334 3690 5387 hzere-

2115 5435 2349 5487 ticorum
2413 5439 2468 5485 et
2508 5428 2828 5483 schismatis
2887 5426 3098 5494 antiqui
3151 5426 3420 5478 fautorem
3469 5438 3690 5476 excom—

2114 5524 2491 5581 llltttticulione
2524 5536 2845 5592 percussum
2872 5520 3175 5580 existimat,
3210 5522 3254 5572 is
3279 5529 3522 5585 tempora
3546 5517 3688 5569 male
3733 5584 3739 5591 ε

2114 5620 2439 5687 componit,
2485 5626 2541 5670 et
2585 5616 2941 5686 ἁνιστορησίᾳ
2972 5610 3267 5667 manifeste
3303 5611 3535 5663 laborat.
3583 5607 3688 5673 Qui

2115 5693 2287 5766 enim’
2316 5718 2448 5765 tunc
2479 5706 2820 5784 imperabat,
2874 5715 2929 5761 et
2957 5705 3101 5759 ultra
3132 5702 3313 5758 adhuc
3341 5699 3501 5756 anuis
3525 5698 3687 5770 quiu-
