  <div class='ocr_page' id='page_1' title='image "/cluster/home/n/w/nwhite01/storage/ocr_20150623/153/hvd.32044073502643/018.png"; bbox 0 0 4038 6212; ppageno 0'>
   <div class='ocr_carea' id='block_1_1' title="bbox 276 280 3558 371">
    <p class='ocr_par' dir='ltr' id='par_1_1' title="bbox 276 280 3558 371">
     <span class='ocr_line' id='line_1_1' title="bbox 276 280 3558 371; baseline -0.005 0"><span class='ocrx_word' id='word_1_1' title='bbox 276 306 347 371; x_wconf 73' lang='lat'><strong>25</strong></span> <span class='ocrx_word' id='word_1_2' title='bbox 1368 280 1403 341; x_wconf 72' lang='grc' dir='ltr'><strong><em>Γ</em></strong></span> <span class='ocrx_word' id='word_1_3' title='bbox 1601 295 2203 359; x_wconf 77' lang='lat' dir='ltr'><strong>PROLEGOMENA.</strong></span> <span class='ocrx_word' id='word_1_4' title='bbox 3484 288 3558 354; x_wconf 75' lang='lat'><strong>26</strong></span> 
     </span>
    </p>
   </div>
   <div class='ocr_carea' id='block_1_2' title="bbox 283 402 1894 489">
    <p class='ocr_par' dir='ltr' id='par_1_2' title="bbox 283 411 1885 489">
     <span class='ocr_line' id='line_1_2' title="bbox 283 411 1885 489; baseline -0.008 -12"><span class='ocrx_word' id='word_1_5' title='bbox 283 420 474 478; x_wconf 76' lang='lat' dir='ltr'><strong>drcim</strong></span> <span class='ocrx_word' id='word_1_6' title='bbox 514 426 649 489; x_wconf 79' lang='lat' dir='ltr'><strong>post</strong></span> <span class='ocrx_word' id='word_1_7' title='bbox 680 414 990 475; x_wconf 71' lang='lat' dir='ltr'><strong>Clementis</strong></span> <span class='ocrx_word' id='word_1_8' title='bbox 1014 428 1048 470; x_wconf 90' lang='lat' dir='ltr'><strong>e</strong></span> <span class='ocrx_word' id='word_1_9' title='bbox 1072 414 1187 472; x_wconf 83' lang='lat' dir='ltr'><strong>vita</strong></span> <span class='ocrx_word' id='word_1_10' title='bbox 1232 414 1538 472; x_wconf 78' lang='lat' dir='ltr'><strong>discessum</strong></span> <span class='ocrx_word' id='word_1_11' title='bbox 1590 411 1885 482; x_wconf 72' lang='lat' dir='ltr'><strong>imperavit</strong></span> 
     </span>
    </p>
   </div>
   <div class='ocr_carea' id='block_1_3' title="bbox 1997 402 3567 489">
    <p class='ocr_par' dir='ltr' id='par_1_3' title="bbox 1997 402 3567 477">
     <span class='ocr_line' id='line_1_3' title="bbox 1997 402 3567 477; baseline -0.001 -17"><span class='ocrx_word' id='word_1_12' title='bbox 1997 408 2296 477; x_wconf 74' lang='grc' dir='ltr'><strong>τιλευηὰτη</strong></span> <span class='ocrx_word' id='word_1_13' title='bbox 2331 405 2623 473; x_wconf 68' lang='grc' dir='ltr'><strong>πολιτείαν</strong></span> <span class='ocrx_word' id='word_1_14' title='bbox 2654 404 2799 460; x_wconf 72' lang='grc' dir='ltr'>θετόν</span> <span class='ocrx_word' id='word_1_15' title='bbox 2827 421 2880 459; x_wconf 81' lang='grc' dir='ltr'><strong>τι</strong></span> <span class='ocrx_word' id='word_1_16' title='bbox 2928 402 3116 476; x_wconf 75' lang='grc' dir='ltr'>χρῆμα</span> <span class='ocrx_word' id='word_1_17' title='bbox 3155 403 3251 459; x_wconf 69' lang='grc' dir='ltr'><strong>καὶ</strong></span> <span class='ocrx_word' id='word_1_18' title='bbox 3278 403 3446 473; x_wconf 71' lang='grc' dir='ltr'>ἱερὲν,</span> <span class='ocrx_word' id='word_1_19' title='bbox 3476 423 3567 475; x_wconf 84' lang='grc' dir='ltr'><strong>φι-</strong></span> 
     </span>
    </p>
   </div>
   <div class='ocr_carea' id='block_1_4' title="bbox 278 508 1873 576">
    <p class='ocr_par' dir='ltr' id='par_1_4' title="bbox 278 508 1873 576">
     <span class='ocr_line' id='line_1_4' title="bbox 278 508 1873 576; baseline -0.004 -8"><span class='ocrx_word' id='word_1_20' title='bbox 278 512 648 569; x_wconf 79' lang='lat' dir='ltr'><strong>Andronicus</strong></span> <span class='ocrx_word' id='word_1_21' title='bbox 678 512 896 576; x_wconf 90' lang='lat' dir='ltr'><strong>senior,</strong></span> <span class='ocrx_word' id='word_1_22' title='bbox 948 523 1111 565; x_wconf 85' lang='lat' dir='ltr'><strong>sacro</strong></span> <span class='ocrx_word' id='word_1_23' title='bbox 1148 508 1247 563; x_wconf 90' lang='lat' dir='ltr'><strong>illo</strong></span> <span class='ocrx_word' id='word_1_24' title='bbox 1288 508 1522 563; x_wconf 81' lang='lat' dir='ltr'><strong>fulmine</strong></span> <span class='ocrx_word' id='word_1_25' title='bbox 1555 515 1736 561; x_wconf 85' lang='lat' dir='ltr'><strong>tactus</strong></span> <span class='ocrx_word' id='word_1_26' title='bbox 1763 513 1873 561; x_wconf 88' lang='lat' dir='ltr'><strong>est.</strong></span> 
     </span>
    </p>
   </div>
   <div class='ocr_carea' id='block_1_5' title="bbox 278 598 1878 675">
    <p class='ocr_par' dir='ltr' id='par_1_5' title="bbox 278 598 1878 675">
     <span class='ocr_line' id='line_1_5' title="bbox 278 598 1878 675; baseline -0.006 -14"><span class='ocrx_word' id='word_1_27' title='bbox 278 605 423 675; x_wconf 83' lang='lat' dir='ltr'><strong>Ergo</strong></span> <span class='ocrx_word' id='word_1_28' title='bbox 454 605 515 659; x_wconf 85' lang='lat' dir='ltr'><strong>in</strong></span> <span class='ocrx_word' id='word_1_29' title='bbox 541 603 864 659; x_wconf 77' lang='lat' dir='ltr'><strong>Andronico</strong></span> <span class='ocrx_word' id='word_1_30' title='bbox 894 601 1139 658; x_wconf 73' lang='lat' dir='ltr'><strong>Juniore</strong></span> <span class='ocrx_word' id='word_1_31' title='bbox 1176 600 1475 657; x_wconf 76' lang='lat' dir='ltr'><strong>Christiani</strong></span> <span class='ocrx_word' id='word_1_32' title='bbox 1525 598 1878 668; x_wconf 78' lang='lat' dir='ltr'><strong>imperatoris</strong></span> 
     </span>
    </p>
   </div>
   <div class='ocr_carea' id='block_1_6' title="bbox 279 691 1875 765">
    <p class='ocr_par' dir='ltr' id='par_1_6' title="bbox 279 691 1875 765">
     <span class='ocr_line' id='line_1_6' title="bbox 279 691 1875 765; baseline -0.005 -16"><span class='ocrx_word' id='word_1_33' title='bbox 279 711 615 765; x_wconf 75' lang='lat' dir='ltr'><strong>expressum</strong></span> <span class='ocrx_word' id='word_1_34' title='bbox 672 709 742 749; x_wconf 80' lang='lat' dir='ltr'><strong>ac</strong></span> <span class='ocrx_word' id='word_1_35' title='bbox 817 695 1006 747; x_wconf 82' lang='lat' dir='ltr'><strong>vivum</strong></span> <span class='ocrx_word' id='word_1_36' title='bbox 1049 693 1454 763; x_wconf 83' lang='lat' dir='ltr'><strong>quodammodo</strong></span> <span class='ocrx_word' id='word_1_37' title='bbox 1518 691 1875 745; x_wconf 83' lang='lat' dir='ltr'><strong>simulacrum</strong></span> 
     </span>
    </p>
   </div>
   <div class='ocr_carea' id='block_1_7' title="bbox 283 783 1877 858">
    <p class='ocr_par' dir='ltr' id='par_1_7' title="bbox 283 783 1877 858">
     <span class='ocr_line' id='line_1_7' title="bbox 283 783 1877 858; baseline -0.004 -16"><span class='ocrx_word' id='word_1_38' title='bbox 283 790 373 843; x_wconf 92' lang='lat' dir='ltr'><strong>hic</strong></span> <span class='ocrx_word' id='word_1_39' title='bbox 404 788 772 858; x_wconf 70' lang='lat' dir='ltr'><strong>proponitur.</strong></span> <span class='ocrx_word' id='word_1_40' title='bbox 802 788 901 843; x_wconf 84' lang='lat' dir='ltr'><strong>Est</strong></span> <span class='ocrx_word' id='word_1_41' title='bbox 938 787 1114 847; x_wconf 89' lang='lat' dir='ltr'><strong>enim,</strong></span> <span class='ocrx_word' id='word_1_42' title='bbox 1145 796 1207 840; x_wconf 91' lang='lat' dir='ltr'><strong>ut</strong></span> <span class='ocrx_word' id='word_1_43' title='bbox 1234 785 1445 855; x_wconf 85' lang='lat' dir='ltr'><strong>paucis,</strong></span> <span class='ocrx_word' id='word_1_44' title='bbox 1483 794 1541 839; x_wconf 91' lang='lat' dir='ltr'><strong>ct</strong></span> <span class='ocrx_word' id='word_1_45' title='bbox 1564 783 1877 838; x_wconf 77' lang='lat' dir='ltr'><strong>summatim</strong></span> 
     </span>
    </p>
   </div>
   <div class='ocr_carea' id='block_1_8' title="bbox 287 874 1880 951">
    <p class='ocr_par' dir='ltr' id='par_1_8' title="bbox 287 874 1880 951">
     <span class='ocr_line' id='line_1_8' title="bbox 287 874 1880 951; baseline -0.004 -17"><span class='ocrx_word' id='word_1_46' title='bbox 287 896 547 951; x_wconf 73' lang='lat' dir='ltr'><strong>agamus,</strong></span> <span class='ocrx_word' id='word_1_47' title='bbox 585 879 815 940; x_wconf 73' lang='lat' dir='ltr'><strong>excelsi,</strong></span> <span class='ocrx_word' id='word_1_48' title='bbox 854 894 960 932; x_wconf 86' lang='lat' dir='ltr'><strong>nec</strong></span> <span class='ocrx_word' id='word_1_49' title='bbox 993 880 1177 932; x_wconf 90' lang='lat' dir='ltr'><strong>minus</strong></span> <span class='ocrx_word' id='word_1_50' title='bbox 1203 878 1438 931; x_wconf 85' lang='lat' dir='ltr'><strong>modesti</strong></span> <span class='ocrx_word' id='word_1_51' title='bbox 1475 875 1677 939; x_wconf 90' lang='lat' dir='ltr'><strong>animi,</strong></span> <span class='ocrx_word' id='word_1_52' title='bbox 1712 874 1880 928; x_wconf 85' lang='lat' dir='ltr'><strong>bene-</strong></span> 
     </span>
    </p>
   </div>
   <div class='ocr_carea' id='block_1_9' title="bbox 286 969 1882 1040">
    <p class='ocr_par' dir='ltr' id='par_1_9' title="bbox 286 969 1882 1040">
     <span class='ocr_line' id='line_1_9' title="bbox 286 969 1882 1040; baseline -0.005 -15"><span class='ocrx_word' id='word_1_53' title='bbox 286 975 446 1034; x_wconf 84' lang='lat' dir='ltr'><strong>ficus,</strong></span> <span class='ocrx_word' id='word_1_54' title='bbox 476 973 663 1034; x_wconf 86' lang='lat' dir='ltr'><strong>fortis,</strong></span> <span class='ocrx_word' id='word_1_55' title='bbox 690 986 756 1025; x_wconf 80' lang='lat' dir='ltr'><strong>ac</strong></span> <span class='ocrx_word' id='word_1_56' title='bbox 780 985 1110 1040; x_wconf 85' lang='lat' dir='ltr'><strong>generosus.</strong></span> <span class='ocrx_word' id='word_1_57' title='bbox 1142 972 1415 1024; x_wconf 86' lang='lat' dir='ltr'><strong>adversus</strong></span> <span class='ocrx_word' id='word_1_58' title='bbox 1438 969 1578 1023; x_wconf 85' lang='lat' dir='ltr'><strong>bene</strong></span> <span class='ocrx_word' id='word_1_59' title='bbox 1605 974 1882 1021; x_wconf 80' lang='lat' dir='ltr'><strong>merentes</strong></span> 
     </span>
    </p>
   </div>
   <div class='ocr_carea' id='block_1_10' title="bbox 286 1054 1882 1130">
    <p class='ocr_par' dir='ltr' id='par_1_10' title="bbox 286 1054 1882 1130">
     <span class='ocr_line' id='line_1_10' title="bbox 286 1054 1882 1130; baseline -0.004 -15"><span class='ocrx_word' id='word_1_60' title='bbox 286 1071 517 1130; x_wconf 80' lang='lat' dir='ltr'><strong>gratus,</strong></span> <span class='ocrx_word' id='word_1_61' title='bbox 554 1061 869 1125; x_wconf 88' lang='lat' dir='ltr'><strong>humanus,</strong></span> <span class='ocrx_word' id='word_1_62' title='bbox 922 1060 1253 1130; x_wconf 71' lang='lat' dir='ltr'><strong>iniuriarum</strong></span> <span class='ocrx_word' id='word_1_63' title='bbox 1307 1058 1669 1126; x_wconf 83' lang='lat' dir='ltr'><strong>laborumque</strong></span> <span class='ocrx_word' id='word_1_64' title='bbox 1747 1054 1882 1108; x_wconf 86' lang='lat' dir='ltr'><strong>tole-</strong></span> 
     </span>
    </p>
   </div>
   <div class='ocr_carea' id='block_1_11' title="bbox 291 1147 1883 1222">
    <p class='ocr_par' dir='ltr' id='par_1_11' title="bbox 291 1147 1883 1222">
     <span class='ocr_line' id='line_1_11' title="bbox 291 1147 1883 1222; baseline -0.006 -16"><span class='ocrx_word' id='word_1_65' title='bbox 291 1167 458 1215; x_wconf 82' lang='lat' dir='ltr'><strong>rans,</strong></span> <span class='ocrx_word' id='word_1_66' title='bbox 504 1154 560 1206; x_wconf 90' lang='lat' dir='ltr'><strong>in</strong></span> <span class='ocrx_word' id='word_1_67' title='bbox 607 1151 949 1222; x_wconf 83' lang='lat' dir='ltr'><strong>ignescendo</strong></span> <span class='ocrx_word' id='word_1_68' title='bbox 994 1151 1179 1208; x_wconf 89' lang='lat' dir='ltr'><strong>mitis.</strong></span> <span class='ocrx_word' id='word_1_69' title='bbox 1214 1148 1572 1210; x_wconf 83' lang='lat' dir='ltr'><strong>misericors,</strong></span> <span class='ocrx_word' id='word_1_70' title='bbox 1610 1147 1759 1216; x_wconf 85' lang='lat' dir='ltr'><strong>pacis</strong></span> <span class='ocrx_word' id='word_1_71' title='bbox 1785 1161 1883 1199; x_wconf 81' lang='lat' dir='ltr'><strong>cn-</strong></span> 
     </span>
    </p>
   </div>
   <div class='ocr_carea' id='block_1_12' title="bbox 294 1238 1879 1314">
    <p class='ocr_par' dir='ltr' id='par_1_12' title="bbox 294 1238 1879 1314">
     <span class='ocr_line' id='line_1_12' title="bbox 294 1238 1879 1314; baseline -0.005 -16"><span class='ocrx_word' id='word_1_72' title='bbox 294 1246 485 1314; x_wconf 84' lang='lat' dir='ltr'><strong>pidus,</strong></span> <span class='ocrx_word' id='word_1_73' title='bbox 525 1248 582 1299; x_wconf 89' lang='lat' dir='ltr'><strong>in</strong></span> <span class='ocrx_word' id='word_1_74' title='bbox 628 1244 1004 1299; x_wconf 81' lang='lat' dir='ltr'><strong>consultando</strong></span> <span class='ocrx_word' id='word_1_75' title='bbox 1034 1258 1159 1297; x_wconf 88' lang='lat' dir='ltr'><strong>cum</strong></span> <span class='ocrx_word' id='word_1_76' title='bbox 1187 1242 1385 1296; x_wconf 83' lang='lat' dir='ltr'><strong>amicis</strong></span> <span class='ocrx_word' id='word_1_77' title='bbox 1422 1241 1661 1309; x_wconf 80' lang='lat' dir='ltr'><strong>diligens</strong></span> <span class='ocrx_word' id='word_1_78' title='bbox 1695 1238 1879 1308; x_wconf 89' lang='lat' dir='ltr'><strong>(quod</strong></span> 
     </span>
    </p>
   </div>
   <div class='ocr_carea' id='block_1_13' title="bbox 295 1328 1884 1404">
    <p class='ocr_par' dir='ltr' id='par_1_13' title="bbox 295 1328 1884 1404">
     <span class='ocr_line' id='line_1_13' title="bbox 295 1328 1884 1404; baseline -0.004 -14"><span class='ocrx_word' id='word_1_79' title='bbox 295 1346 502 1399; x_wconf 78' lang='lat' dir='ltr'><strong>contra</strong></span> <span class='ocrx_word' id='word_1_80' title='bbox 546 1337 821 1390; x_wconf 86' lang='lat' dir='ltr'><strong>mentitur</strong></span> <span class='ocrx_word' id='word_1_81' title='bbox 845 1335 1141 1404; x_wconf 81' lang='lat' dir='ltr'><strong>Gregoras,</strong></span> <span class='ocrx_word' id='word_1_82' title='bbox 1174 1335 1304 1387; x_wconf 92' lang='lat' dir='ltr'><strong>dum</strong></span> <span class='ocrx_word' id='word_1_83' title='bbox 1343 1331 1574 1386; x_wconf 84' lang='lat' dir='ltr'><strong>consilia</strong></span> <span class='ocrx_word' id='word_1_84' title='bbox 1608 1330 1757 1385; x_wconf 88' lang='lat' dir='ltr'><strong>nulla</strong></span> <span class='ocrx_word' id='word_1_85' title='bbox 1787 1328 1884 1383; x_wconf 84' lang='lat' dir='ltr'><strong>ad-</strong></span> 
     </span>
    </p>
   </div>
   <div class='ocr_carea' id='block_1_14' title="bbox 300 1420 1885 1495">
    <p class='ocr_par' dir='ltr' id='par_1_14' title="bbox 300 1420 1885 1495">
     <span class='ocr_line' id='line_1_14' title="bbox 300 1420 1885 1495; baseline -0.005 -14"><span class='ocrx_word' id='word_1_86' title='bbox 300 1429 538 1483; x_wconf 86' lang='lat' dir='ltr'><strong>misisse.</strong></span> <span class='ocrx_word' id='word_1_87' title='bbox 573 1438 632 1482; x_wconf 93' lang='lat' dir='ltr'><strong>et</strong></span> <span class='ocrx_word' id='word_1_88' title='bbox 664 1427 958 1495; x_wconf 71' lang='lat' dir='ltr'><strong>imperiunm</strong></span> <span class='ocrx_word' id='word_1_89' title='bbox 991 1425 1295 1493; x_wconf 72' lang='lat' dir='ltr'><strong>neglexisse</strong></span> <span class='ocrx_word' id='word_1_90' title='bbox 1332 1423 1628 1489; x_wconf 83' lang='lat' dir='ltr'><strong>autumat),</strong></span> <span class='ocrx_word' id='word_1_91' title='bbox 1657 1422 1729 1475; x_wconf 86' lang='lat' dir='ltr'><strong>ab</strong></span> <span class='ocrx_word' id='word_1_92' title='bbox 1753 1420 1885 1474; x_wconf 91' lang='lat' dir='ltr'><strong>odio</strong></span> 
     </span>
    </p>
   </div>
   <div class='ocr_carea' id='block_1_15' title="bbox 301 1512 1887 1590">
    <p class='ocr_par' dir='ltr' id='par_1_15' title="bbox 301 1512 1887 1590">
     <span class='ocr_line' id='line_1_15' title="bbox 301 1512 1887 1590; baseline -0.006 -15"><span class='ocrx_word' id='word_1_93' title='bbox 301 1523 358 1575; x_wconf 88' lang='lat' dir='ltr'><strong>in</strong></span> <span class='ocrx_word' id='word_1_94' title='bbox 387 1535 728 1590; x_wconf 86' lang='lat' dir='ltr'><strong>quemquam</strong></span> <span class='ocrx_word' id='word_1_95' title='bbox 774 1516 1131 1586; x_wconf 89' lang='lat' dir='ltr'><strong>suscipiendo</strong></span> <span class='ocrx_word' id='word_1_96' title='bbox 1161 1517 1415 1578; x_wconf 89' lang='lat' dir='ltr'><strong>alienus,</strong></span> <span class='ocrx_word' id='word_1_97' title='bbox 1452 1513 1702 1583; x_wconf 68' lang='lat' dir='ltr'><strong>pecunia:</strong></span> <span class='ocrx_word' id='word_1_98' title='bbox 1742 1512 1887 1566; x_wconf 82' lang='lat' dir='ltr'><strong>libe-</strong></span> 
     </span>
    </p>
   </div>
   <div class='ocr_carea' id='block_1_16' title="bbox 306 1602 1885 1676">
    <p class='ocr_par' dir='ltr' id='par_1_16' title="bbox 306 1602 1885 1676">
     <span class='ocr_line' id='line_1_16' title="bbox 306 1602 1885 1676; baseline -0.006 -12"><span class='ocrx_word' id='word_1_99' title='bbox 306 1613 438 1664; x_wconf 76' lang='lat' dir='ltr'><strong>ralis</strong></span> <span class='ocrx_word' id='word_1_100' title='bbox 457 1651 472 1672; x_wconf 87' lang='lat'><strong>.</strong></span> <span class='ocrx_word' id='word_1_101' title='bbox 504 1610 816 1664; x_wconf 71' lang='lat' dir='ltr'><strong>aedificandi</strong></span> <span class='ocrx_word' id='word_1_102' title='bbox 852 1608 1136 1661; x_wconf 84' lang='lat' dir='ltr'><strong>studiosus</strong></span> <span class='ocrx_word' id='word_1_103' title='bbox 1157 1647 1171 1667; x_wconf 91' lang='lat'><strong>.</strong></span> <span class='ocrx_word' id='word_1_104' title='bbox 1203 1621 1336 1676; x_wconf 82' lang='lat' dir='ltr'><strong>erga</strong></span> <span class='ocrx_word' id='word_1_105' title='bbox 1365 1605 1540 1659; x_wconf 87' lang='lat' dir='ltr'><strong>Deum</strong></span> <span class='ocrx_word' id='word_1_106' title='bbox 1565 1645 1581 1669; x_wconf 96' lang='lat'><strong>,</strong></span> <span class='ocrx_word' id='word_1_107' title='bbox 1634 1602 1844 1657; x_wconf 56' lang='lat' dir='ltr'><strong>caelites</strong></span> <span class='ocrx_word' id='word_1_108' title='bbox 1868 1638 1885 1664; x_wconf 89' lang='lat'><strong>,</strong></span> 
     </span>
    </p>
   </div>
   <div class='ocr_carea' id='block_1_17' title="bbox 308 1692 1887 1767">
    <p class='ocr_par' dir='ltr' id='par_1_17' title="bbox 308 1692 1887 1767">
     <span class='ocr_line' id='line_1_17' title="bbox 308 1692 1887 1767; baseline -0.005 -13"><span class='ocrx_word' id='word_1_109' title='bbox 308 1703 629 1756; x_wconf 79' lang='lat' dir='ltr'><strong>sacerdotes</strong></span> <span class='ocrx_word' id='word_1_110' title='bbox 653 1742 671 1765; x_wconf 87' lang='lat'><strong>,</strong></span> <span class='ocrx_word' id='word_1_111' title='bbox 720 1715 887 1755; x_wconf 87' lang='lat' dir='ltr'><strong>avum</strong></span> <span class='ocrx_word' id='word_1_112' title='bbox 921 1698 1060 1753; x_wconf 87' lang='lat' dir='ltr'><strong>mire</strong></span> <span class='ocrx_word' id='word_1_113' title='bbox 1091 1699 1237 1767; x_wconf 84' lang='lat' dir='ltr'><strong>pius.</strong></span> <span class='ocrx_word' id='word_1_114' title='bbox 1282 1696 1479 1751; x_wconf 85' lang='lat' dir='ltr'><strong>Insunt</strong></span> <span class='ocrx_word' id='word_1_115' title='bbox 1520 1696 1572 1749; x_wconf 92' lang='lat' dir='ltr'><strong>in</strong></span> <span class='ocrx_word' id='word_1_116' title='bbox 1612 1695 1700 1748; x_wconf 90' lang='lat' dir='ltr'><strong>his</strong></span> <span class='ocrx_word' id='word_1_117' title='bbox 1732 1692 1887 1747; x_wconf 80' lang='lat' dir='ltr'><strong>libris</strong></span> 
     </span>
    </p>
   </div>
   <div class='ocr_carea' id='block_1_18' title="bbox 312 1788 1888 1862">
    <p class='ocr_par' dir='ltr' id='par_1_18' title="bbox 312 1788 1888 1862">
     <span class='ocr_line' id='line_1_18' title="bbox 312 1788 1888 1862; baseline -0.004 -17"><span class='ocrx_word' id='word_1_118' title='bbox 312 1793 539 1862; x_wconf 84' lang='lat' dir='ltr'><strong>insuper</strong></span> <span class='ocrx_word' id='word_1_119' title='bbox 569 1793 673 1845; x_wconf 87' lang='lat' dir='ltr'><strong>alia</strong></span> <span class='ocrx_word' id='word_1_120' title='bbox 718 1792 775 1844; x_wconf 90' lang='lat' dir='ltr'><strong>iu</strong></span> <span class='ocrx_word' id='word_1_121' title='bbox 825 1790 952 1844; x_wconf 89' lang='lat' dir='ltr'><strong>aliis</strong></span> <span class='ocrx_word' id='word_1_122' title='bbox 987 1789 1383 1858; x_wconf 66' lang='lat' dir='ltr'><strong>prmelarorum</strong></span> <span class='ocrx_word' id='word_1_123' title='bbox 1436 1788 1779 1848; x_wconf 61' lang='lat' dir='ltr'><strong>facinorum,</strong></span> <span class='ocrx_word' id='word_1_124' title='bbox 1829 1792 1888 1839; x_wconf 92' lang='lat' dir='ltr'><strong>et</strong></span> 
     </span>
    </p>
   </div>
   <div class='ocr_carea' id='block_1_19' title="bbox 313 1875 1888 1952">
    <p class='ocr_par' dir='ltr' id='par_1_19' title="bbox 313 1875 1888 1952">
     <span class='ocr_line' id='line_1_19' title="bbox 313 1875 1888 1952; baseline -0.006 -15"><span class='ocrx_word' id='word_1_125' title='bbox 313 1884 501 1952; x_wconf 88' lang='lat' dir='ltr'><strong>(quod</strong></span> <span class='ocrx_word' id='word_1_126' title='bbox 540 1881 1011 1936; x_wconf 86' lang='lat' dir='ltr'><strong>dissimulandum</strong></span> <span class='ocrx_word' id='word_1_127' title='bbox 1051 1893 1160 1933; x_wconf 91' lang='lat' dir='ltr'><strong>non</strong></span> <span class='ocrx_word' id='word_1_128' title='bbox 1204 1882 1331 1946; x_wconf 90' lang='lat' dir='ltr'><strong>est)</strong></span> <span class='ocrx_word' id='word_1_129' title='bbox 1375 1876 1542 1933; x_wconf 88' lang='lat' dir='ltr'><strong>etiam</strong></span> <span class='ocrx_word' id='word_1_130' title='bbox 1591 1875 1888 1945; x_wconf 77' lang='lat' dir='ltr'><strong>insignium</strong></span> 
     </span>
    </p>
   </div>
   <div class='ocr_carea' id='block_1_20' title="bbox 311 1966 1890 2042">
    <p class='ocr_par' dir='ltr' id='par_1_20' title="bbox 311 1966 1890 2042">
     <span class='ocr_line' id='line_1_20' title="bbox 311 1966 1890 2042; baseline -0.005 -13"><span class='ocrx_word' id='word_1_131' title='bbox 311 1978 569 2029; x_wconf 60' lang='lat' dir='ltr'><strong>sitionem</strong></span> <span class='ocrx_word' id='word_1_132' title='bbox 598 1974 851 2042; x_wconf 65' lang='lat' dir='ltr'><strong>escmpla</strong></span> <span class='ocrx_word' id='word_1_133' title='bbox 888 1989 903 2028; x_wconf 96' lang='lat'><strong>:</strong></span> <span class='ocrx_word' id='word_1_134' title='bbox 939 1987 1177 2041; x_wconf 85' lang='lat' dir='ltr'><strong>quorum</strong></span> <span class='ocrx_word' id='word_1_135' title='bbox 1229 1979 1287 2023; x_wconf 92' lang='lat' dir='ltr'><strong>ut</strong></span> <span class='ocrx_word' id='word_1_136' title='bbox 1331 1971 1422 2025; x_wconf 88' lang='lat' dir='ltr'><strong>illa</strong></span> <span class='ocrx_word' id='word_1_137' title='bbox 1451 1969 1716 2023; x_wconf 89' lang='lat' dir='ltr'><strong>imitanda</strong></span> <span class='ocrx_word' id='word_1_138' title='bbox 1742 1994 1775 2033; x_wconf 75' lang='grc' dir='ltr'><strong>,ι</strong></span> <span class='ocrx_word' id='word_1_139' title='bbox 1808 1966 1890 2021; x_wconf 90' lang='lat' dir='ltr'><strong>sic</strong></span> 
     </span>
    </p>
   </div>
   <div class='ocr_carea' id='block_1_21' title="bbox 320 2054 1886 2127">
    <p class='ocr_par' dir='ltr' id='par_1_21' title="bbox 320 2054 1886 2127">
     <span class='ocr_line' id='line_1_21' title="bbox 320 2054 1886 2127; baseline -0.004 -12"><span class='ocrx_word' id='word_1_140' title='bbox 320 2067 428 2117; x_wconf 79' lang='lat' dir='ltr'><strong>ista</strong></span> <span class='ocrx_word' id='word_1_141' title='bbox 442 2064 703 2118; x_wconf 84' lang='lat' dir='ltr'><strong>evitanda</strong></span> <span class='ocrx_word' id='word_1_142' title='bbox 748 2062 912 2116; x_wconf 89' lang='lat' dir='ltr'><strong>nobis</strong></span> <span class='ocrx_word' id='word_1_143' title='bbox 942 2069 1097 2115; x_wconf 88' lang='lat' dir='ltr'><strong>sunt.</strong></span> <span class='ocrx_word' id='word_1_144' title='bbox 1133 2059 1338 2114; x_wconf 86' lang='lat' dir='ltr'><strong>Notum</strong></span> <span class='ocrx_word' id='word_1_145' title='bbox 1364 2068 1453 2113; x_wconf 90' lang='lat' dir='ltr'><strong>est</strong></span> <span class='ocrx_word' id='word_1_146' title='bbox 1483 2073 1720 2127; x_wconf 84' lang='lat' dir='ltr'><strong>namque</strong></span> <span class='ocrx_word' id='word_1_147' title='bbox 1750 2054 1886 2111; x_wconf 87' lang='lat' dir='ltr'><strong>illud</strong></span> 
     </span>
    </p>
   </div>
   <div class='ocr_carea' id='block_1_22' title="bbox 331 2148 1891 2223">
    <p class='ocr_par' dir='ltr' id='par_1_22' title="bbox 331 2148 1891 2223">
     <span class='ocr_line' id='line_1_22' title="bbox 331 2148 1891 2223; baseline -0.007 -13"><span class='ocrx_word' id='word_1_148' title='bbox 331 2156 589 2210; x_wconf 64' lang='lat' dir='ltr'><strong>“uruanas</strong></span> <span class='ocrx_word' id='word_1_149' title='bbox 610 2155 844 2209; x_wconf 75' lang='lat' dir='ltr'><strong>historia:</strong></span> <span class='ocrx_word' id='word_1_150' title='bbox 869 2152 1178 2223; x_wconf 82' lang='lat' dir='ltr'><strong>principis:</strong></span> <span class='ocrx_word' id='word_1_151' title='bbox 1212 2150 1327 2205; x_wconf 78' lang='lat' dir='ltr'><strong>Hoc</strong></span> <span class='ocrx_word' id='word_1_152' title='bbox 1352 2149 1488 2203; x_wconf 86' lang='lat' dir='ltr'><strong>illud</strong></span> <span class='ocrx_word' id='word_1_153' title='bbox 1522 2160 1598 2205; x_wconf 75' lang='lat' dir='ltr'><strong>est</strong></span> <span class='ocrx_word' id='word_1_154' title='bbox 1629 2148 1891 2217; x_wconf 74' lang='lat' dir='ltr'><strong>prmcipue</strong></span> 
     </span>
    </p>
   </div>
   <div class='ocr_carea' id='block_1_23' title="bbox 341 2244 1891 2318">
    <p class='ocr_par' dir='ltr' id='par_1_23' title="bbox 341 2244 1891 2318">
     <span class='ocr_line' id='line_1_23' title="bbox 341 2244 1891 2318; baseline -0.005 -17"><span class='ocrx_word' id='word_1_155' title='bbox 341 2249 392 2302; x_wconf 79' lang='lat' dir='ltr'><strong>in</strong></span> <span class='ocrx_word' id='word_1_156' title='bbox 415 2250 712 2318; x_wconf 76' lang='lat' dir='ltr'><strong>cognitione</strong></span> <span class='ocrx_word' id='word_1_157' title='bbox 735 2264 893 2301; x_wconf 78' lang='lat' dir='ltr'><strong>rerum</strong></span> <span class='ocrx_word' id='word_1_158' title='bbox 935 2247 1152 2301; x_wconf 82' lang='lat' dir='ltr'><strong>salubre</strong></span> <span class='ocrx_word' id='word_1_159' title='bbox 1183 2263 1245 2300; x_wconf 84' lang='lat' dir='ltr'><strong>ac</strong></span> <span class='ocrx_word' id='word_1_160' title='bbox 1276 2244 1615 2315; x_wconf 80' lang='lat' dir='ltr'><strong>frugiferum,</strong></span> <span class='ocrx_word' id='word_1_161' title='bbox 1647 2244 1823 2296; x_wconf 86' lang='lat' dir='ltr'><strong>omnis</strong></span> <span class='ocrx_word' id='word_1_162' title='bbox 1841 2251 1891 2294; x_wconf 88' lang='lat' dir='ltr'><strong>te</strong></span> 
     </span>
    </p>
   </div>
   <div class='ocr_carea' id='block_1_24' title="bbox 329 2333 1893 2407">
    <p class='ocr_par' dir='ltr' id='par_1_24' title="bbox 329 2333 1893 2407">
     <span class='ocr_line' id='line_1_24' title="bbox 329 2333 1893 2407; baseline -0.005 -17"><span class='ocrx_word' id='word_1_163' title='bbox 329 2338 553 2407; x_wconf 57' lang='lat' dir='ltr'><strong>exempli</strong></span> <span class='ocrx_word' id='word_1_164' title='bbox 579 2337 879 2389; x_wconf 75' lang='lat' dir='ltr'><strong>documenta</strong></span> <span class='ocrx_word' id='word_1_165' title='bbox 902 2339 956 2389; x_wconf 82' lang='lat' dir='ltr'><strong>in</strong></span> <span class='ocrx_word' id='word_1_166' title='bbox 988 2336 1392 2403; x_wconf 74' lang='lat' dir='ltr'><strong>illustriposita</strong></span> <span class='ocrx_word' id='word_1_167' title='bbox 1442 2339 1780 2387; x_wconf 74' lang='lat' dir='ltr'><strong>monumento</strong></span> <span class='ocrx_word' id='word_1_168' title='bbox 1810 2333 1893 2385; x_wconf 86' lang='lat' dir='ltr'><strong>in-</strong></span> 
     </span>
    </p>
   </div>
   <div class='ocr_carea' id='block_1_25' title="bbox 302 2426 1891 2499">
    <p class='ocr_par' dir='ltr' id='par_1_25' title="bbox 302 2426 1891 2499">
     <span class='ocr_line' id='line_1_25' title="bbox 302 2426 1891 2499; baseline -0.003 -20"><span class='ocrx_word' id='word_1_169' title='bbox 302 2432 308 2443; x_wconf 78' lang='lat'><strong>‘</strong></span> <span class='ocrx_word' id='word_1_170' title='bbox 331 2430 477 2492; x_wconf 83' lang='lat' dir='ltr'><strong>tueri,</strong></span> <span class='ocrx_word' id='word_1_171' title='bbox 510 2428 647 2487; x_wconf 69' lang='lat' dir='ltr'><strong>unde</strong></span> <span class='ocrx_word' id='word_1_172' title='bbox 675 2428 767 2481; x_wconf 79' lang='lat' dir='ltr'><strong>tibi</strong></span> <span class='ocrx_word' id='word_1_173' title='bbox 806 2440 1012 2499; x_wconf 68' lang='lat' dir='ltr'><strong>tumque</strong></span> <span class='ocrx_word' id='word_1_174' title='bbox 1040 2428 1344 2497; x_wconf 65' lang='lat' dir='ltr'><strong>reipublicae</strong></span> <span class='ocrx_word' id='word_1_175' title='bbox 1369 2426 1510 2497; x_wconf 77' lang='lat' dir='ltr'><strong>quod</strong></span> <span class='ocrx_word' id='word_1_176' title='bbox 1536 2427 1774 2478; x_wconf 77' lang='lat' dir='ltr'><strong>‘imitere</strong></span> <span class='ocrx_word' id='word_1_177' title='bbox 1799 2440 1891 2476; x_wconf 83' lang='lat' dir='ltr'><strong>ca-</strong></span> 
     </span>
    </p>
   </div>
   <div class='ocr_carea' id='block_1_26' title="bbox 321 2514 1888 2587">
    <p class='ocr_par' dir='ltr' id='par_1_26' title="bbox 321 2514 1888 2587">
     <span class='ocr_line' id='line_1_26' title="bbox 321 2514 1888 2587; baseline -0.003 -16"><span class='ocrx_word' id='word_1_178' title='bbox 321 2521 436 2587; x_wconf 77' lang='lat' dir='ltr'><strong>p‘ias</strong></span> <span class='ocrx_word' id='word_1_179' title='bbox 467 2535 486 2572; x_wconf 93' lang='lat'><strong>:</strong></span> <span class='ocrx_word' id='word_1_180' title='bbox 515 2520 651 2571; x_wconf 70' lang='lat' dir='ltr'><strong>unde</strong></span> <span class='ocrx_word' id='word_1_181' title='bbox 674 2519 861 2587; x_wconf 73' lang='lat' dir='ltr'><strong>fcdum</strong></span> <span class='ocrx_word' id='word_1_182' title='bbox 897 2522 1129 2587; x_wconf 79' lang='lat' dir='ltr'><strong>inceptu,</strong></span> <span class='ocrx_word' id='word_1_183' title='bbox 1163 2519 1353 2587; x_wconf 67' lang='lat' dir='ltr'><strong>{tedam</strong></span> <span class='ocrx_word' id='word_1_184' title='bbox 1382 2520 1526 2571; x_wconf 77' lang='lat' dir='ltr'><strong>exitu</strong></span> <span class='ocrx_word' id='word_1_185' title='bbox 1559 2514 1698 2586; x_wconf 84' lang='lat' dir='ltr'><strong>quod</strong></span> <span class='ocrx_word' id='word_1_186' title='bbox 1738 2515 1888 2569; x_wconf 81' lang='lat' dir='ltr'><strong>vites.</strong></span> 
     </span>
    </p>
   </div>
   <div class='ocr_carea' id='block_1_27' title="bbox 311 2606 1889 2677">
    <p class='ocr_par' dir='ltr' id='par_1_27' title="bbox 311 2606 1889 2677">
     <span class='ocr_line' id='line_1_27' title="bbox 311 2606 1889 2677; baseline -0.001 -14"><span class='ocrx_word' id='word_1_187' title='bbox 311 2611 490 2663; x_wconf 80' lang='lat' dir='ltr'><strong>Habet</strong></span> <span class='ocrx_word' id='word_1_188' title='bbox 522 2610 615 2664; x_wconf 87' lang='lat' dir='ltr'><strong>hic</strong></span> <span class='ocrx_word' id='word_1_189' title='bbox 637 2610 778 2673; x_wconf 82' lang='lat' dir='ltr'><strong>dux,</strong></span> <span class='ocrx_word' id='word_1_190' title='bbox 814 2610 982 2665; x_wconf 81' lang='lat' dir='ltr'><strong>habet</strong></span> <span class='ocrx_word' id='word_1_191' title='bbox 1014 2610 1172 2664; x_wconf 87' lang='lat' dir='ltr'><strong>miles</strong></span> <span class='ocrx_word' id='word_1_192' title='bbox 1195 2652 1208 2673; x_wconf 82' lang='lat'><strong><em>.</em></strong></span> <span class='ocrx_word' id='word_1_193' title='bbox 1242 2610 1409 2663; x_wconf 88' lang='lat' dir='ltr'><strong>habet</strong></span> <span class='ocrx_word' id='word_1_194' title='bbox 1444 2608 1690 2677; x_wconf 86' lang='lat' dir='ltr'><strong>privatus</strong></span> <span class='ocrx_word' id='word_1_195' title='bbox 1721 2606 1889 2670; x_wconf 81' lang='lat' dir='ltr'><strong>civis,</strong></span> 
     </span>
    </p>
   </div>
   <div class='ocr_carea' id='block_1_28' title="bbox 307 2696 1889 2768">
    <p class='ocr_par' dir='ltr' id='par_1_28' title="bbox 307 2696 1889 2768">
     <span class='ocr_line' id='line_1_28' title="bbox 307 2696 1889 2768; baseline -0.003 -15"><span class='ocrx_word' id='word_1_196' title='bbox 307 2701 470 2753; x_wconf 82' lang='lat' dir='ltr'><strong>habet</strong></span> <span class='ocrx_word' id='word_1_197' title='bbox 503 2700 897 2768; x_wconf 79' lang='lat' dir='ltr'><strong>magistratus,</strong></span> <span class='ocrx_word' id='word_1_198' title='bbox 934 2700 1142 2753; x_wconf 85' lang='lat' dir='ltr'><strong>habent</strong></span> <span class='ocrx_word' id='word_1_199' title='bbox 1171 2700 1350 2764; x_wconf 92' lang='lat' dir='ltr'><strong>sacri,</strong></span> <span class='ocrx_word' id='word_1_200' title='bbox 1394 2699 1600 2753; x_wconf 86' lang='lat' dir='ltr'><strong>habent</strong></span> <span class='ocrx_word' id='word_1_201' title='bbox 1634 2696 1889 2767; x_wconf 88' lang='lat' dir='ltr'><strong>profani,</strong></span> 
     </span>
    </p>
   </div>
   <div class='ocr_carea' id='block_1_29' title="bbox 308 2788 1893 2857">
    <p class='ocr_par' dir='ltr' id='par_1_29' title="bbox 308 2788 1893 2857">
     <span class='ocr_line' id='line_1_29' title="bbox 308 2788 1893 2857; baseline -0.004 -12"><span class='ocrx_word' id='word_1_202' title='bbox 308 2791 517 2845; x_wconf 76' lang='lat' dir='ltr'><strong>habent</strong></span> <span class='ocrx_word' id='word_1_203' title='bbox 556 2792 788 2857; x_wconf 87' lang='lat' dir='ltr'><strong>summi,</strong></span> <span class='ocrx_word' id='word_1_204' title='bbox 825 2791 1033 2846; x_wconf 79' lang='lat' dir='ltr'><strong>habent</strong></span> <span class='ocrx_word' id='word_1_205' title='bbox 1060 2791 1255 2851; x_wconf 81' lang='lat' dir='ltr'><strong>intimi,</strong></span> <span class='ocrx_word' id='word_1_206' title='bbox 1296 2790 1501 2845; x_wconf 85' lang='lat' dir='ltr'><strong>habent</strong></span> <span class='ocrx_word' id='word_1_207' title='bbox 1530 2788 1656 2852; x_wconf 90' lang='lat' dir='ltr'><strong>viri,</strong></span> <span class='ocrx_word' id='word_1_208' title='bbox 1685 2789 1893 2842; x_wconf 86' lang='lat' dir='ltr'><strong>habent</strong></span> 
     </span>
    </p>
   </div>
   <div class='ocr_carea' id='block_1_30' title="bbox 304 2880 1894 2953">
    <p class='ocr_par' dir='ltr' id='par_1_30' title="bbox 304 2880 1894 2953">
     <span class='ocr_line' id='line_1_30' title="bbox 304 2880 1894 2953; baseline -0.005 -14"><span class='ocrx_word' id='word_1_209' title='bbox 304 2886 612 2947; x_wconf 87' lang='lat' dir='ltr'><strong>mulieres,</strong></span> <span class='ocrx_word' id='word_1_210' title='bbox 651 2886 802 2953; x_wconf 91' lang='lat' dir='ltr'><strong>quod</strong></span> <span class='ocrx_word' id='word_1_211' title='bbox 832 2885 920 2938; x_wconf 87' lang='lat' dir='ltr'><strong>vel</strong></span> <span class='ocrx_word' id='word_1_212' title='bbox 957 2884 1164 2952; x_wconf 80' lang='lat' dir='ltr'><strong>fugiant</strong></span> <span class='ocrx_word' id='word_1_213' title='bbox 1201 2884 1285 2937; x_wconf 85' lang='lat' dir='ltr'><strong>vel</strong></span> <span class='ocrx_word' id='word_1_214' title='bbox 1321 2891 1650 2952; x_wconf 85' lang='lat' dir='ltr'><strong>sequantur.</strong></span> <span class='ocrx_word' id='word_1_215' title='bbox 1697 2880 1894 2934; x_wconf 81' lang='lat' dir='ltr'><strong>insunt</strong></span> 
     </span>
    </p>
   </div>
   <div class='ocr_carea' id='block_1_31' title="bbox 302 2972 1890 3045">
    <p class='ocr_par' dir='ltr' id='par_1_31' title="bbox 302 2972 1890 3045">
     <span class='ocr_line' id='line_1_31' title="bbox 302 2972 1890 3045; baseline -0.004 -14"><span class='ocrx_word' id='word_1_216' title='bbox 302 2977 595 3031; x_wconf 86' lang='lat' dir='ltr'><strong>orationes</strong></span> <span class='ocrx_word' id='word_1_217' title='bbox 636 2975 1039 3030; x_wconf 59' lang='lat' dir='ltr'><strong>creberrimae:</strong></span> <span class='ocrx_word' id='word_1_218' title='bbox 1078 2991 1220 3045; x_wconf 88' lang='lat' dir='ltr'><strong>quas</strong></span> <span class='ocrx_word' id='word_1_219' title='bbox 1262 2991 1386 3030; x_wconf 89' lang='lat' dir='ltr'><strong>cum</strong></span> <span class='ocrx_word' id='word_1_220' title='bbox 1439 2976 1532 3029; x_wconf 91' lang='lat' dir='ltr'><strong>hic</strong></span> <span class='ocrx_word' id='word_1_221' title='bbox 1574 2982 1772 3027; x_wconf 79' lang='lat' dir='ltr'><strong>auctor</strong></span> <span class='ocrx_word' id='word_1_222' title='bbox 1802 2972 1890 3025; x_wconf 89' lang='lat' dir='ltr'><strong>di-</strong></span> 
     </span>
    </p>
   </div>
   <div class='ocr_carea' id='block_1_32' title="bbox 1979 495 3564 567">
    <p class='ocr_par' dir='ltr' id='par_1_32' title="bbox 1979 495 3564 567">
     <span class='ocr_line' id='line_1_32' title="bbox 1979 495 3564 567; baseline 0 -17"><span class='ocrx_word' id='word_1_223' title='bbox 1979 498 2225 566; x_wconf 71' lang='grc' dir='ltr'><strong>λοσοφια,</strong></span> <span class='ocrx_word' id='word_1_224' title='bbox 2283 496 2378 550; x_wconf 65' lang='grc' dir='ltr'><strong>καὶ</strong></span> <span class='ocrx_word' id='word_1_225' title='bbox 2430 497 2560 566; x_wconf 81' lang='grc' dir='ltr'><strong>περὶ</strong></span> <span class='ocrx_word' id='word_1_226' title='bbox 2613 497 2884 567; x_wconf 71' lang='grc' dir='ltr'>οὐρανίων</span> <span class='ocrx_word' id='word_1_227' title='bbox 2939 495 3280 567; x_wconf 77' lang='grc' dir='ltr'><strong>πραγμάτων</strong></span> <span class='ocrx_word' id='word_1_228' title='bbox 3329 496 3564 564; x_wconf 59' lang='lat' dir='ltr'><strong>Mittite,</strong></span> 
     </span>
    </p>
   </div>
   <div class='ocr_carea' id='block_1_33' title="bbox 1980 587 3567 666">
    <p class='ocr_par' dir='ltr' id='par_1_33' title="bbox 1980 587 3567 666">
     <span class='ocr_line' id='line_1_33' title="bbox 1980 587 3567 666; baseline -0.003 -19"><span class='ocrx_word' id='word_1_229' title='bbox 1980 595 2140 666; x_wconf 78' lang='grc' dir='ltr'>ἔργον</span> <span class='ocrx_word' id='word_1_230' title='bbox 2178 594 2401 664; x_wconf 74' lang='grc' dir='ltr'><strong>ὑψηλὸν,</strong></span> <span class='ocrx_word' id='word_1_231' title='bbox 2431 594 2525 647; x_wconf 72' lang='grc' dir='ltr'><strong>καὶ</strong></span> <span class='ocrx_word' id='word_1_232' title='bbox 2553 594 2651 663; x_wconf 79' lang='grc' dir='ltr'><strong>τὴν</strong></span> <span class='ocrx_word' id='word_1_233' title='bbox 2674 587 3024 664; x_wconf 75' lang='grc' dir='ltr'><strong>ἀνθρωπινὴν</strong></span> <span class='ocrx_word' id='word_1_234' title='bbox 3054 592 3382 666; x_wconf 76' lang='grc' dir='ltr'>ὑπερσαῖνον</span> <span class='ocrx_word' id='word_1_235' title='bbox 3404 591 3567 644; x_wconf 84' lang='grc' dir='ltr'><strong>δύνα-</strong></span> 
     </span>
    </p>
   </div>
   <div class='ocr_carea' id='block_1_34' title="bbox 1984 686 3572 758">
    <p class='ocr_par' dir='ltr' id='par_1_34' title="bbox 1984 686 3572 758">
     <span class='ocr_line' id='line_1_34' title="bbox 1984 686 3572 758; baseline -0.002 -17"><span class='ocrx_word' id='word_1_236' title='bbox 1984 706 2098 758; x_wconf 71' lang='grc' dir='ltr'><strong>μιν,</strong></span> <span class='ocrx_word' id='word_1_237' title='bbox 2136 688 2271 758; x_wconf 65' lang='grc' dir='ltr'>ἱερὰ</span> <span class='ocrx_word' id='word_1_238' title='bbox 2307 688 2530 758; x_wconf 73' lang='grc' dir='ltr'><strong>ἡσυχία.</strong></span> <span class='ocrx_word' id='word_1_239' title='bbox 2570 688 2626 742; x_wconf 90' lang='lat' dir='ltr'><strong>ld</strong></span> <span class='ocrx_word' id='word_1_240' title='bbox 2658 696 2767 751; x_wconf 80' lang='lat' dir='ltr'><strong>est,</strong></span> <span class='ocrx_word' id='word_1_241' title='bbox 2804 704 2885 742; x_wconf 89' lang='lat' dir='ltr'><strong>res</strong></span> <span class='ocrx_word' id='word_1_242' title='bbox 2933 688 3173 749; x_wconf 83' lang='lat' dir='ltr'><strong>honesta,</strong></span> <span class='ocrx_word' id='word_1_243' title='bbox 3201 696 3251 739; x_wconf 90' lang='lat' dir='ltr'><strong>et</strong></span> <span class='ocrx_word' id='word_1_244' title='bbox 3288 686 3393 739; x_wconf 88' lang='lat' dir='ltr'><strong>Deo</strong></span> <span class='ocrx_word' id='word_1_245' title='bbox 3420 702 3572 739; x_wconf 89' lang='lat' dir='ltr'><strong>ama-</strong></span> 
     </span>
    </p>
   </div>
   <div class='ocr_carea' id='block_1_35' title="bbox 1982 777 3565 850">
    <p class='ocr_par' dir='ltr' id='par_1_35' title="bbox 1982 777 3565 850">
     <span class='ocr_line' id='line_1_35' title="bbox 1982 777 3565 850; baseline -0.003 -17"><span class='ocrx_word' id='word_1_246' title='bbox 1982 778 2104 833; x_wconf 81' lang='lat' dir='ltr'><strong>bilis</strong></span> <span class='ocrx_word' id='word_1_247' title='bbox 2131 818 2145 842; x_wconf 95' lang='lat'><strong>,</strong></span> <span class='ocrx_word' id='word_1_248' title='bbox 2200 780 2308 833; x_wconf 85' lang='lat' dir='ltr'><strong>vita</strong></span> <span class='ocrx_word' id='word_1_249' title='bbox 2357 781 2579 850; x_wconf 82' lang='lat' dir='ltr'><strong>negotiis</strong></span> <span class='ocrx_word' id='word_1_250' title='bbox 2616 797 2815 845; x_wconf 85' lang='lat' dir='ltr'><strong>vacua,</strong></span> <span class='ocrx_word' id='word_1_251' title='bbox 2850 789 2900 833; x_wconf 87' lang='lat' dir='ltr'><strong>et</strong></span> <span class='ocrx_word' id='word_1_252' title='bbox 2931 778 3339 849; x_wconf 79' lang='lat' dir='ltr'><strong>tranquillitatis</strong></span> <span class='ocrx_word' id='word_1_253' title='bbox 3382 777 3565 847; x_wconf 79' lang='lat' dir='ltr'><strong>plena,</strong></span> 
     </span>
    </p>
   </div>
   <div class='ocr_carea' id='block_1_36' title="bbox 1983 871 3569 942">
    <p class='ocr_par' dir='ltr' id='par_1_36' title="bbox 1983 871 3569 942">
     <span class='ocr_line' id='line_1_36' title="bbox 1983 871 3569 942; baseline -0.003 -17"><span class='ocrx_word' id='word_1_254' title='bbox 1983 889 2289 941; x_wconf 81' lang='lat' dir='ltr'><strong>supremum</strong></span> <span class='ocrx_word' id='word_1_255' title='bbox 2340 888 2403 924; x_wconf 88' lang='lat' dir='ltr'><strong>ac</strong></span> <span class='ocrx_word' id='word_1_256' title='bbox 2464 873 2903 942; x_wconf 71' lang='lat' dir='ltr'><strong>perfectissimum</strong></span> <span class='ocrx_word' id='word_1_257' title='bbox 2943 873 3066 924; x_wconf 73' lang='lat' dir='ltr'><strong>vita:</strong></span> <span class='ocrx_word' id='word_1_258' title='bbox 3108 871 3431 933; x_wconf 78' lang='lat' dir='ltr'><strong>institutum,</strong></span> <span class='ocrx_word' id='word_1_259' title='bbox 3486 884 3569 922; x_wconf 84' lang='lat' dir='ltr'><strong>res</strong></span> 
     </span>
    </p>
   </div>
   <div class='ocr_carea' id='block_1_37' title="bbox 1982 962 3573 1032">
    <p class='ocr_par' dir='ltr' id='par_1_37' title="bbox 1982 962 3573 1032">
     <span class='ocr_line' id='line_1_37' title="bbox 1982 962 3573 1032; baseline -0.001 -17"><span class='ocrx_word' id='word_1_260' title='bbox 1982 972 2166 1015; x_wconf 84' lang='lat' dir='ltr'><strong>sancta</strong></span> <span class='ocrx_word' id='word_1_261' title='bbox 2225 973 2271 1015; x_wconf 86' lang='lat' dir='ltr'><strong>et</strong></span> <span class='ocrx_word' id='word_1_262' title='bbox 2353 962 2553 1026; x_wconf 84' lang='lat' dir='ltr'><strong>divina,</strong></span> <span class='ocrx_word' id='word_1_263' title='bbox 2614 962 2942 1032; x_wconf 79' lang='lat' dir='ltr'><strong>philosophia</strong></span> <span class='ocrx_word' id='word_1_264' title='bbox 3022 972 3071 1015; x_wconf 87' lang='lat' dir='ltr'><strong>et</strong></span> <span class='ocrx_word' id='word_1_265' title='bbox 3119 963 3347 1032; x_wconf 79' lang='lat' dir='ltr'><strong>cognitio</strong></span> <span class='ocrx_word' id='word_1_266' title='bbox 3396 976 3573 1013; x_wconf 85' lang='lat' dir='ltr'><strong>rerum</strong></span> 
     </span>
    </p>
   </div>
   <div class='ocr_carea' id='block_1_38' title="bbox 1985 1045 3572 1123">
    <p class='ocr_par' dir='ltr' id='par_1_38' title="bbox 1985 1045 3572 1123">
     <span class='ocr_line' id='line_1_38' title="bbox 1985 1045 3572 1123; baseline -0.003 -14"><span class='ocrx_word' id='word_1_267' title='bbox 1985 1045 2295 1117; x_wconf 68' lang='lat' dir='ltr'><strong>caelestium,</strong></span> <span class='ocrx_word' id='word_1_268' title='bbox 2345 1070 2476 1123; x_wconf 81' lang='lat' dir='ltr'><strong>opus</strong></span> <span class='ocrx_word' id='word_1_269' title='bbox 2531 1055 2753 1109; x_wconf 78' lang='lat' dir='ltr'><strong>sublime</strong></span> <span class='ocrx_word' id='word_1_270' title='bbox 2786 1065 2836 1108; x_wconf 79' lang='lat' dir='ltr'><strong>et</strong></span> <span class='ocrx_word' id='word_1_271' title='bbox 2866 1056 3110 1108; x_wconf 74' lang='lat' dir='ltr'><strong>Immanis</strong></span> <span class='ocrx_word' id='word_1_272' title='bbox 3150 1055 3347 1108; x_wconf 82' lang='lat' dir='ltr'><strong>viribus</strong></span> <span class='ocrx_word' id='word_1_273' title='bbox 3373 1053 3572 1122; x_wconf 77' lang='lat' dir='ltr'><strong>majus,</strong></span> 
     </span>
    </p>
   </div>
   <div class='ocr_carea' id='block_1_39' title="bbox 1985 1125 3573 1219">
    <p class='ocr_par' dir='ltr' id='par_1_39' title="bbox 1985 1125 3573 1219">
     <span class='ocr_line' id='line_1_39' title="bbox 1985 1125 3573 1219; baseline -0.001 -19"><span class='ocrx_word' id='word_1_274' title='bbox 1985 1150 2131 1219; x_wconf 80' lang='lat' dir='ltr'><strong>quies</strong></span> <span class='ocrx_word' id='word_1_275' title='bbox 2173 1156 2383 1201; x_wconf 75' lang='lat' dir='ltr'><strong>saneta.</strong></span> <span class='ocrx_word' id='word_1_276' title='bbox 2418 1146 2661 1201; x_wconf 81' lang='lat' dir='ltr'><strong>Montem</strong></span> <span class='ocrx_word' id='word_1_277' title='bbox 2705 1163 2873 1217; x_wconf 89' lang='lat' dir='ltr'><strong>porro</strong></span> <span class='ocrx_word' id='word_1_278' title='bbox 2917 1149 3082 1211; x_wconf 75' lang='lat' dir='ltr'><strong>Atho,</strong></span> <span class='ocrx_word' id='word_1_279' title='bbox 3119 1125 3184 1201; x_wconf 81' lang='lat' dir='ltr'><strong>ad</strong></span> <span class='ocrx_word' id='word_1_280' title='bbox 3220 1161 3384 1216; x_wconf 87' lang='lat' dir='ltr'><strong>quem</strong></span> <span class='ocrx_word' id='word_1_281' title='bbox 3417 1160 3573 1200; x_wconf 82' lang='lat' dir='ltr'><strong>com.-</strong></span> 
     </span>
    </p>
   </div>
   <div class='ocr_carea' id='block_1_40' title="bbox 1988 1240 3572 1309">
    <p class='ocr_par' dir='ltr' id='par_1_40' title="bbox 1988 1240 3572 1309">
     <span class='ocr_line' id='line_1_40' title="bbox 1988 1240 3572 1309; baseline -0.003 -17"><span class='ocrx_word' id='word_1_282' title='bbox 1988 1242 2148 1309; x_wconf 90' lang='lat' dir='ltr'><strong>plura</strong></span> <span class='ocrx_word' id='word_1_283' title='bbox 2177 1240 2450 1295; x_wconf 67' lang='lat' dir='ltr'><strong>aediﬁcata</strong></span> <span class='ocrx_word' id='word_1_284' title='bbox 2488 1242 2851 1306; x_wconf 85' lang='lat' dir='ltr'><strong>monasteria,</strong></span> <span class='ocrx_word' id='word_1_285' title='bbox 2892 1240 2948 1294; x_wconf 88' lang='lat' dir='ltr'><strong>in</strong></span> <span class='ocrx_word' id='word_1_286' title='bbox 2983 1240 3190 1309; x_wconf 90' lang='lat' dir='ltr'><strong>quibus</strong></span> <span class='ocrx_word' id='word_1_287' title='bbox 3227 1240 3419 1305; x_wconf 81' lang='lat' dir='ltr'><strong>ingens</strong></span> <span class='ocrx_word' id='word_1_288' title='bbox 3451 1251 3572 1289; x_wconf 87' lang='lat' dir='ltr'><strong>mo-</strong></span> 
     </span>
    </p>
   </div>
   <div class='ocr_carea' id='block_1_41' title="bbox 1988 1327 3577 1401">
    <p class='ocr_par' dir='ltr' id='par_1_41' title="bbox 1988 1327 3577 1401">
     <span class='ocr_line' id='line_1_41' title="bbox 1988 1327 3577 1401; baseline -0.004 -16"><span class='ocrx_word' id='word_1_289' title='bbox 1988 1333 2293 1387; x_wconf 88' lang='lat' dir='ltr'><strong>nachorum</strong></span> <span class='ocrx_word' id='word_1_290' title='bbox 2327 1332 2645 1395; x_wconf 90' lang='lat' dir='ltr'><strong>multitudo,</strong></span> <span class='ocrx_word' id='word_1_291' title='bbox 2681 1332 2836 1385; x_wconf 81' lang='grc' dir='ltr'>πόλιν</span> <span class='ocrx_word' id='word_1_292' title='bbox 2891 1331 3170 1401; x_wconf 79' lang='grc' dir='ltr'>οὐράνιον,</span> <span class='ocrx_word' id='word_1_293' title='bbox 3213 1328 3475 1383; x_wconf 73' lang='lat' dir='ltr'><strong>cwlestem</strong></span> <span class='ocrx_word' id='word_1_294' title='bbox 3501 1327 3577 1379; x_wconf 84' lang='lat' dir='ltr'><strong>ci-</strong></span> 
     </span>
    </p>
   </div>
   <div class='ocr_carea' id='block_1_42' title="bbox 1987 1416 3572 1480">
    <p class='ocr_par' dir='ltr' id='par_1_42' title="bbox 1987 1416 3572 1480">
     <span class='ocr_line' id='line_1_42' title="bbox 1987 1416 3572 1480; baseline -0.006 -1"><span class='ocrx_word' id='word_1_295' title='bbox 1987 1427 2205 1479; x_wconf 83' lang='lat' dir='ltr'><strong>vitatem</strong></span> <span class='ocrx_word' id='word_1_296' title='bbox 2233 1424 2503 1478; x_wconf 86' lang='lat' dir='ltr'><strong>nominat.</strong></span> <span class='ocrx_word' id='word_1_297' title='bbox 2542 1423 2722 1478; x_wconf 90' lang='lat' dir='ltr'><strong>Fucos</strong></span> <span class='ocrx_word' id='word_1_298' title='bbox 2754 1424 2879 1476; x_wconf 89' lang='lat' dir='ltr'><strong>illos</strong></span> <span class='ocrx_word' id='word_1_299' title='bbox 2906 1421 3270 1477; x_wconf 89' lang='lat' dir='ltr'><strong>scholasticos</strong></span> <span class='ocrx_word' id='word_1_300' title='bbox 3293 1459 3308 1480; x_wconf 92' lang='lat'><strong>,</strong></span> <span class='ocrx_word' id='word_1_301' title='bbox 3340 1420 3433 1471; x_wconf 74' lang='grc' dir='ltr'><strong>καὶ</strong></span> <span class='ocrx_word' id='word_1_302' title='bbox 3471 1416 3572 1479; x_wconf 72' lang='grc' dir='ltr'><strong>τὰς</strong></span> 
     </span>
    </p>
   </div>
   <div class='ocr_carea' id='block_1_43' title="bbox 1988 1509 3577 1586">
    <p class='ocr_par' dir='ltr' id='par_1_43' title="bbox 1988 1509 3577 1586">
     <span class='ocr_line' id='line_1_43' title="bbox 1988 1509 3577 1586; baseline -0.004 -18"><span class='ocrx_word' id='word_1_303' title='bbox 1988 1516 2282 1586; x_wconf 75' lang='grc' dir='ltr'><strong>ληκύθους,</strong></span> <span class='ocrx_word' id='word_1_304' title='bbox 2327 1523 2385 1569; x_wconf 86' lang='lat' dir='ltr'><strong>et</strong></span> <span class='ocrx_word' id='word_1_305' title='bbox 2444 1515 2723 1585; x_wconf 86' lang='lat' dir='ltr'><strong>pigmenta</strong></span> <span class='ocrx_word' id='word_1_306' title='bbox 2780 1513 3057 1568; x_wconf 77' lang='lat' dir='ltr'><strong>Isocrates</strong></span> <span class='ocrx_word' id='word_1_307' title='bbox 3110 1527 3218 1565; x_wconf 90' lang='lat' dir='ltr'><strong>non</strong></span> <span class='ocrx_word' id='word_1_308' title='bbox 3248 1509 3415 1565; x_wconf 87' lang='lat' dir='ltr'><strong>habet</strong></span> <span class='ocrx_word' id='word_1_309' title='bbox 3458 1509 3577 1563; x_wconf 69' lang='lat' dir='ltr'><strong>haec</strong></span> 
     </span>
    </p>
   </div>
   <div class='ocr_carea' id='block_1_44' title="bbox 1989 1599 3577 1676">
    <p class='ocr_par' dir='ltr' id='par_1_44' title="bbox 1989 1599 3577 1676">
     <span class='ocr_line' id='line_1_44' title="bbox 1989 1599 3577 1676; baseline -0.007 -12"><span class='ocrx_word' id='word_1_310' title='bbox 1989 1608 2225 1664; x_wconf 90' lang='lat' dir='ltr'><strong>historia</strong></span> <span class='ocrx_word' id='word_1_311' title='bbox 2255 1625 2270 1661; x_wconf 93' lang='lat'><strong>:</strong></span> <span class='ocrx_word' id='word_1_312' title='bbox 2300 1605 2395 1662; x_wconf 90' lang='lat' dir='ltr'><strong>sed</strong></span> <span class='ocrx_word' id='word_1_313' title='bbox 2422 1616 2682 1662; x_wconf 88' lang='lat' dir='ltr'><strong>ornatum</strong></span> <span class='ocrx_word' id='word_1_314' title='bbox 2709 1605 3003 1676; x_wconf 89' lang='lat' dir='ltr'><strong>quemdam</strong></span> <span class='ocrx_word' id='word_1_315' title='bbox 3028 1604 3391 1659; x_wconf 85' lang='lat' dir='ltr'><strong>matronalem</strong></span> <span class='ocrx_word' id='word_1_316' title='bbox 3442 1599 3577 1654; x_wconf 85' lang='lat' dir='ltr'><strong>viri-</strong></span> 
     </span>
    </p>
   </div>
   <div class='ocr_carea' id='block_1_45' title="bbox 1991 1696 3577 1770">
    <p class='ocr_par' dir='ltr' id='par_1_45' title="bbox 1991 1696 3577 1770">
     <span class='ocr_line' id='line_1_45' title="bbox 1991 1696 3577 1770; baseline -0.006 -14"><span class='ocrx_word' id='word_1_317' title='bbox 1991 1703 2231 1770; x_wconf 87' lang='lat' dir='ltr'><strong>lemque,</strong></span> <span class='ocrx_word' id='word_1_318' title='bbox 2266 1714 2331 1755; x_wconf 86' lang='lat' dir='ltr'><strong>ac</strong></span> <span class='ocrx_word' id='word_1_319' title='bbox 2367 1701 2650 1755; x_wconf 84' lang='lat' dir='ltr'><strong>robustam</strong></span> <span class='ocrx_word' id='word_1_320' title='bbox 2703 1699 3059 1769; x_wconf 81' lang='lat' dir='ltr'><strong>elegantiam.</strong></span> <span class='ocrx_word' id='word_1_321' title='bbox 3099 1696 3393 1752; x_wconf 88' lang='lat' dir='ltr'><strong>Schemata</strong></span> <span class='ocrx_word' id='word_1_322' title='bbox 3426 1708 3577 1763; x_wconf 67' lang='lat' dir='ltr'><strong>qua:-</strong></span> 
     </span>
    </p>
   </div>
   <div class='ocr_carea' id='block_1_46' title="bbox 1989 1787 3576 1859">
    <p class='ocr_par' dir='ltr' id='par_1_46' title="bbox 1989 1787 3576 1859">
     <span class='ocr_line' id='line_1_46' title="bbox 1989 1787 3576 1859; baseline -0.006 -12"><span class='ocrx_word' id='word_1_323' title='bbox 1989 1794 2116 1847; x_wconf 89' lang='lat' dir='ltr'><strong>dam</strong></span> <span class='ocrx_word' id='word_1_324' title='bbox 2163 1792 2404 1846; x_wconf 88' lang='lat' dir='ltr'><strong>oratoria</strong></span> <span class='ocrx_word' id='word_1_325' title='bbox 2472 1799 2527 1846; x_wconf 90' lang='lat' dir='ltr'><strong>et</strong></span> <span class='ocrx_word' id='word_1_326' title='bbox 2595 1788 2872 1845; x_wconf 78' lang='lat' dir='ltr'><strong>Atticismi</strong></span> <span class='ocrx_word' id='word_1_327' title='bbox 2926 1805 3039 1844; x_wconf 90' lang='lat' dir='ltr'><strong>non</strong></span> <span class='ocrx_word' id='word_1_328' title='bbox 3085 1789 3310 1859; x_wconf 88' lang='lat' dir='ltr'><strong>penitus</strong></span> <span class='ocrx_word' id='word_1_329' title='bbox 3352 1787 3576 1841; x_wconf 90' lang='lat' dir='ltr'><strong>absunt.</strong></span> 
     </span>
    </p>
   </div>
   <div class='ocr_carea' id='block_1_47' title="bbox 1989 1880 3577 1954">
    <p class='ocr_par' dir='ltr' id='par_1_47' title="bbox 1989 1880 3577 1954">
     <span class='ocr_line' id='line_1_47' title="bbox 1989 1880 3577 1954; baseline -0.006 -15"><span class='ocrx_word' id='word_1_330' title='bbox 1989 1884 2200 1954; x_wconf 79' lang='lat' dir='ltr'><strong>Lingua</strong></span> <span class='ocrx_word' id='word_1_331' title='bbox 2230 1884 2424 1953; x_wconf 88' lang='lat' dir='ltr'><strong>purior</strong></span> <span class='ocrx_word' id='word_1_332' title='bbox 2468 1892 2576 1945; x_wconf 82' lang='lat' dir='ltr'><strong>est.</strong></span> <span class='ocrx_word' id='word_1_333' title='bbox 2612 1896 2781 1952; x_wconf 90' lang='lat' dir='ltr'><strong>quam</strong></span> <span class='ocrx_word' id='word_1_334' title='bbox 2817 1895 2921 1951; x_wconf 92' lang='lat' dir='ltr'><strong>pro</strong></span> <span class='ocrx_word' id='word_1_335' title='bbox 2952 1880 3045 1934; x_wconf 87' lang='lat' dir='ltr'><strong>illa</strong></span> <span class='ocrx_word' id='word_1_336' title='bbox 3078 1887 3261 1942; x_wconf 68' lang='lat' dir='ltr'><strong>aetate,</strong></span> <span class='ocrx_word' id='word_1_337' title='bbox 3313 1892 3423 1931; x_wconf 90' lang='lat' dir='ltr'><strong>non</strong></span> <span class='ocrx_word' id='word_1_338' title='bbox 3449 1889 3577 1931; x_wconf 91' lang='lat' dir='ltr'><strong>cum</strong></span> 
     </span>
    </p>
   </div>
   <div class='ocr_carea' id='block_1_48' title="bbox 1991 1967 3581 2040">
    <p class='ocr_par' dir='ltr' id='par_1_48' title="bbox 1991 1967 3581 2040">
     <span class='ocr_line' id='line_1_48' title="bbox 1991 1967 3581 2040; baseline -0.006 -10"><span class='ocrx_word' id='word_1_339' title='bbox 1991 1976 2132 2030; x_wconf 88' lang='lat' dir='ltr'><strong>laete</strong></span> <span class='ocrx_word' id='word_1_340' title='bbox 2164 1975 2403 2030; x_wconf 89' lang='lat' dir='ltr'><strong>nutricis</strong></span> <span class='ocrx_word' id='word_1_341' title='bbox 2434 1975 2630 2029; x_wconf 88' lang='lat' dir='ltr'><strong>hausta</strong></span> <span class='ocrx_word' id='word_1_342' title='bbox 2652 2015 2667 2039; x_wconf 93' lang='lat'><strong>,</strong></span> <span class='ocrx_word' id='word_1_343' title='bbox 2720 1973 2817 2029; x_wconf 87' lang='lat' dir='ltr'><strong>sed</strong></span> <span class='ocrx_word' id='word_1_344' title='bbox 2849 1971 3111 2028; x_wconf 82' lang='lat' dir='ltr'><strong>exlibris</strong></span> <span class='ocrx_word' id='word_1_345' title='bbox 3142 1978 3401 2040; x_wconf 78' lang='lat' dir='ltr'><strong>percepta</strong></span> <span class='ocrx_word' id='word_1_346' title='bbox 3422 1967 3581 2023; x_wconf 89' lang='lat' dir='ltr'><strong>vidc-</strong></span> 
     </span>
    </p>
   </div>
   <div class='ocr_carea' id='block_1_49' title="bbox 1987 2062 3578 2137">
    <p class='ocr_par' dir='ltr' id='par_1_49' title="bbox 1987 2062 3578 2137">
     <span class='ocr_line' id='line_1_49' title="bbox 1987 2062 3578 2137; baseline -0.006 -14"><span class='ocrx_word' id='word_1_347' title='bbox 1987 2069 2140 2123; x_wconf 81' lang='lat' dir='ltr'><strong>licet.</strong></span> <span class='ocrx_word' id='word_1_348' title='bbox 2192 2068 2331 2122; x_wconf 87' lang='lat' dir='ltr'><strong>Nam</strong></span> <span class='ocrx_word' id='word_1_349' title='bbox 2376 2068 2471 2122; x_wconf 90' lang='lat' dir='ltr'><strong>illo</strong></span> <span class='ocrx_word' id='word_1_350' title='bbox 2512 2067 2717 2122; x_wconf 81' lang='lat' dir='ltr'><strong>sarculo</strong></span> <span class='ocrx_word' id='word_1_351' title='bbox 2765 2065 2891 2137; x_wconf 91' lang='lat' dir='ltr'><strong>(sub</strong></span> <span class='ocrx_word' id='word_1_352' title='bbox 2921 2064 3255 2120; x_wconf 79' lang='lat' dir='ltr'><strong>Audronicis</strong></span> <span class='ocrx_word' id='word_1_353' title='bbox 3292 2062 3578 2122; x_wconf 89' lang='lat' dir='ltr'><strong>nimirum,</strong></span> 
     </span>
    </p>
   </div>
   <div class='ocr_carea' id='block_1_50' title="bbox 1990 2156 3580 2228">
    <p class='ocr_par' dir='ltr' id='par_1_50' title="bbox 1990 2156 3580 2228">
     <span class='ocr_line' id='line_1_50' title="bbox 1990 2156 3580 2228; baseline -0.006 -14"><span class='ocrx_word' id='word_1_354' title='bbox 1990 2168 2047 2215; x_wconf 88' lang='lat' dir='ltr'><strong>et</strong></span> <span class='ocrx_word' id='word_1_355' title='bbox 2090 2163 2289 2228; x_wconf 77' lang='lat' dir='ltr'><strong>antea)</strong></span> <span class='ocrx_word' id='word_1_356' title='bbox 2341 2176 2450 2213; x_wconf 89' lang='lat' dir='ltr'><strong>non</strong></span> <span class='ocrx_word' id='word_1_357' title='bbox 2497 2159 2863 2214; x_wconf 88' lang='lat' dir='ltr'><strong>mediocriter</strong></span> <span class='ocrx_word' id='word_1_358' title='bbox 2902 2156 3266 2216; x_wconf 85' lang='lat' dir='ltr'><strong>infuscatam.</strong></span> <span class='ocrx_word' id='word_1_359' title='bbox 3309 2163 3366 2209; x_wconf 91' lang='lat' dir='ltr'><strong>et</strong></span> <span class='ocrx_word' id='word_1_360' title='bbox 3398 2161 3580 2206; x_wconf 86' lang='lat' dir='ltr'><strong>muta-</strong></span> 
     </span>
    </p>
   </div>
   <div class='ocr_carea' id='block_1_51' title="bbox 1994 2244 3579 2319">
    <p class='ocr_par' dir='ltr' id='par_1_51' title="bbox 1994 2244 3579 2319">
     <span class='ocr_line' id='line_1_51' title="bbox 1994 2244 3579 2319; baseline -0.004 -14"><span class='ocrx_word' id='word_1_361' title='bbox 1994 2255 2176 2305; x_wconf 84' lang='lat' dir='ltr'><strong>tiones</strong></span> <span class='ocrx_word' id='word_1_362' title='bbox 2200 2252 2347 2305; x_wconf 87' lang='lat' dir='ltr'><strong>haud</strong></span> <span class='ocrx_word' id='word_1_363' title='bbox 2378 2251 2527 2315; x_wconf 80' lang='lat' dir='ltr'><strong>leves</strong></span> <span class='ocrx_word' id='word_1_364' title='bbox 2550 2266 2890 2319; x_wconf 86' lang='lat' dir='ltr'><strong>perpessam,</strong></span> <span class='ocrx_word' id='word_1_365' title='bbox 2923 2248 3130 2302; x_wconf 88' lang='lat' dir='ltr'><strong>eruditi</strong></span> <span class='ocrx_word' id='word_1_366' title='bbox 3161 2263 3271 2301; x_wconf 86' lang='lat' dir='ltr'><strong>non</strong></span> <span class='ocrx_word' id='word_1_367' title='bbox 3298 2244 3579 2299; x_wconf 88' lang='lat' dir='ltr'><strong>nesciunt.</strong></span> 
     </span>
    </p>
   </div>
   <div class='ocr_carea' id='block_1_52' title="bbox 1994 2322 3579 2412">
    <p class='ocr_par' dir='ltr' id='par_1_52' title="bbox 1994 2322 3579 2412">
     <span class='ocr_line' id='line_1_52' title="bbox 1994 2322 3579 2412; baseline -0.006 -14"><span class='ocrx_word' id='word_1_368' title='bbox 1994 2345 2280 2398; x_wconf 81' lang='lat' dir='ltr'><strong>Addamus</strong></span> <span class='ocrx_word' id='word_1_369' title='bbox 2324 2344 2429 2397; x_wconf 93' lang='lat' dir='ltr'><strong>hoc</strong></span> <span class='ocrx_word' id='word_1_370' title='bbox 2481 2358 2581 2412; x_wconf 89' lang='lat' dir='ltr'><strong>pro</strong></span> <span class='ocrx_word' id='word_1_371' title='bbox 2623 2342 2939 2397; x_wconf 79' lang='lat' dir='ltr'><strong>corollario.</strong></span> <span class='ocrx_word' id='word_1_372' title='bbox 2973 2340 3296 2394; x_wconf 83' lang='lat' dir='ltr'><strong>Cennenses</strong></span> <span class='ocrx_word' id='word_1_373' title='bbox 3342 2322 3429 2390; x_wconf 54' lang='lat' dir='ltr'><strong>&#39;et</strong></span> <span class='ocrx_word' id='word_1_374' title='bbox 3469 2335 3579 2389; x_wconf 75' lang='lat' dir='ltr'><strong>Ve-</strong></span> 
     </span>
    </p>
   </div>
   <div class='ocr_carea' id='block_1_53' title="bbox 1996 2428 3579 2500">
    <p class='ocr_par' dir='ltr' id='par_1_53' title="bbox 1996 2428 3579 2500">
     <span class='ocr_line' id='line_1_53' title="bbox 1996 2428 3579 2500; baseline -0.006 -10"><span class='ocrx_word' id='word_1_375' title='bbox 1996 2436 2113 2491; x_wconf 88' lang='lat' dir='ltr'><strong>neti</strong></span> <span class='ocrx_word' id='word_1_376' title='bbox 2145 2436 2317 2489; x_wconf 89' lang='lat' dir='ltr'><strong>multa</strong></span> <span class='ocrx_word' id='word_1_377' title='bbox 2363 2435 2455 2489; x_wconf 91' lang='lat' dir='ltr'><strong>hic</strong></span> <span class='ocrx_word' id='word_1_378' title='bbox 2484 2437 2553 2490; x_wconf 91' lang='lat' dir='ltr'><strong>ab</strong></span> <span class='ocrx_word' id='word_1_379' title='bbox 2584 2434 2707 2489; x_wconf 85' lang='lat' dir='ltr'><strong>aliis</strong></span> <span class='ocrx_word' id='word_1_380' title='bbox 2736 2432 3021 2488; x_wconf 89' lang='lat' dir='ltr'><strong>historicis</strong></span> <span class='ocrx_word' id='word_1_381' title='bbox 3047 2433 3164 2487; x_wconf 90' lang='lat' dir='ltr'><strong>suis</strong></span> <span class='ocrx_word' id='word_1_382' title='bbox 3192 2428 3579 2500; x_wconf 73' lang='lat' dir='ltr'><strong>prxutermissa.</strong></span> 
     </span>
    </p>
   </div>
   <div class='ocr_carea' id='block_1_54' title="bbox 1995 2524 3647 2599">
    <p class='ocr_par' dir='ltr' id='par_1_54' title="bbox 1995 2524 3647 2599">
     <span class='ocr_line' id='line_1_54' title="bbox 1995 2524 3647 2599; baseline -0.008 -15"><span class='ocrx_word' id='word_1_383' title='bbox 1995 2539 2091 2584; x_wconf 89' lang='lat' dir='ltr'><strong>aut</strong></span> <span class='ocrx_word' id='word_1_384' title='bbox 2118 2544 2403 2599; x_wconf 83' lang='lat' dir='ltr'><strong>nunquam</strong></span> <span class='ocrx_word' id='word_1_385' title='bbox 2430 2529 2652 2596; x_wconf 76' lang='lat' dir='ltr'><strong>cognita</strong></span> <span class='ocrx_word' id='word_1_386' title='bbox 2680 2529 2748 2582; x_wconf 89' lang='lat' dir='ltr'><strong>de</strong></span> <span class='ocrx_word' id='word_1_387' title='bbox 2778 2526 3087 2597; x_wconf 85' lang='lat' dir='ltr'><strong>majoribus</strong></span> <span class='ocrx_word' id='word_1_388' title='bbox 3112 2524 3249 2584; x_wconf 82' lang='lat' dir='ltr'><strong>suis,</strong></span> <span class='ocrx_word' id='word_1_389' title='bbox 3276 2536 3583 2589; x_wconf 84' lang='lat' dir='ltr'><strong>eorumque</strong></span> <span class='ocrx_word' id='word_1_390' title='bbox 3642 2542 3647 2545; x_wconf 51' lang='grc'>&lt;</span> 
     </span>
    </p>
   </div>
   <div class='ocr_carea' id='block_1_55' title="bbox 1993 2612 3584 2690">
    <p class='ocr_par' dir='ltr' id='par_1_55' title="bbox 1993 2612 3584 2690">
     <span class='ocr_line' id='line_1_55' title="bbox 1993 2612 3584 2690; baseline -0.008 -14"><span class='ocrx_word' id='word_1_391' title='bbox 1993 2626 2199 2676; x_wconf 84' lang='lat' dir='ltr'><strong>virtute</strong></span> <span class='ocrx_word' id='word_1_392' title='bbox 2222 2631 2278 2676; x_wconf 88' lang='lat' dir='ltr'><strong>et</strong></span> <span class='ocrx_word' id='word_1_393' title='bbox 2304 2620 2465 2674; x_wconf 78' lang='lat' dir='ltr'><strong>lactis</strong></span> <span class='ocrx_word' id='word_1_394' title='bbox 2488 2621 2692 2690; x_wconf 82' lang='lat' dir='ltr'><strong>legere,</strong></span> <span class='ocrx_word' id='word_1_395' title='bbox 2731 2627 2792 2675; x_wconf 90' lang='lat' dir='ltr'><strong>et</strong></span> <span class='ocrx_word' id='word_1_396' title='bbox 2848 2618 3100 2688; x_wconf 77' lang='lat' dir='ltr'><strong>quaedam</strong></span> <span class='ocrx_word' id='word_1_397' title='bbox 3126 2616 3267 2673; x_wconf 81' lang='lat' dir='ltr'><strong>falso</strong></span> <span class='ocrx_word' id='word_1_398' title='bbox 3292 2614 3359 2667; x_wconf 89' lang='lat' dir='ltr'><strong>de</strong></span> <span class='ocrx_word' id='word_1_399' title='bbox 3386 2612 3584 2667; x_wconf 90' lang='lat' dir='ltr'><strong>iisdem</strong></span> 
     </span>
    </p>
   </div>
   <div class='ocr_carea' id='block_1_56' title="bbox 1995 2708 3270 2780">
    <p class='ocr_par' dir='ltr' id='par_1_56' title="bbox 1995 2708 3270 2780">
     <span class='ocr_line' id='line_1_56' title="bbox 1995 2708 3270 2780; baseline -0.007 -13"><span class='ocrx_word' id='word_1_400' title='bbox 1995 2714 2262 2767; x_wconf 86' lang='lat' dir='ltr'><strong>hactenus</strong></span> <span class='ocrx_word' id='word_1_401' title='bbox 2292 2710 2500 2780; x_wconf 86' lang='lat' dir='ltr'><strong>scripta</strong></span> <span class='ocrx_word' id='word_1_402' title='bbox 2536 2708 2956 2780; x_wconf 74' lang='lat' dir='ltr'><strong>deprehendere</strong></span> <span class='ocrx_word' id='word_1_403' title='bbox 2984 2713 3270 2777; x_wconf 88' lang='lat' dir='ltr'><strong>poterunt.</strong></span> 
     </span>
    </p>
   </div>
   <div class='ocr_carea' id='block_1_57' title="bbox 2067 2796 3586 2873">
    <p class='ocr_par' dir='ltr' id='par_1_57' title="bbox 2067 2796 3586 2873">
     <span class='ocr_line' id='line_1_57' title="bbox 2067 2796 3586 2873; baseline -0.007 -14"><span class='ocrx_word' id='word_1_404' title='bbox 2067 2806 2289 2870; x_wconf 82' lang='lat' dir='ltr'><strong>Restat,</strong></span> <span class='ocrx_word' id='word_1_405' title='bbox 2322 2812 2382 2857; x_wconf 91' lang='lat' dir='ltr'><strong>ut</strong></span> <span class='ocrx_word' id='word_1_406' title='bbox 2423 2817 2545 2873; x_wconf 61' lang='lat' dir='ltr'><strong>qua!</strong></span> <span class='ocrx_word' id='word_1_407' title='bbox 2592 2817 2693 2855; x_wconf 91' lang='lat' dir='ltr'><strong>nos</strong></span> <span class='ocrx_word' id='word_1_408' title='bbox 2736 2804 2820 2855; x_wconf 87' lang='lat' dir='ltr'><strong>vel</strong></span> <span class='ocrx_word' id='word_1_409' title='bbox 2868 2799 3248 2869; x_wconf 69' lang='lat' dir='ltr'><strong>praestitimus,</strong></span> <span class='ocrx_word' id='word_1_410' title='bbox 3308 2796 3396 2851; x_wconf 80' lang='lat' dir='ltr'><strong>vel</strong></span> <span class='ocrx_word' id='word_1_411' title='bbox 3444 2812 3586 2864; x_wconf 77' lang='lat' dir='ltr'><strong>pra:-</strong></span> 
     </span>
    </p>
   </div>
   <div class='ocr_carea' id='block_1_58' title="bbox 1997 2886 3589 2958">
    <p class='ocr_par' dir='ltr' id='par_1_58' title="bbox 1997 2886 3589 2958">
     <span class='ocr_line' id='line_1_58' title="bbox 1997 2886 3589 2958; baseline -0.006 -8"><span class='ocrx_word' id='word_1_412' title='bbox 1997 2886 2146 2950; x_wconf 68' lang='lat' dir='ltr'><strong>sta3e</strong></span> <span class='ocrx_word' id='word_1_413' title='bbox 2190 2894 2622 2953; x_wconf 74' lang='lat' dir='ltr'><strong>contendimus,</strong></span> <span class='ocrx_word' id='word_1_414' title='bbox 2678 2891 3015 2946; x_wconf 88' lang='lat' dir='ltr'><strong>indicemus.</strong></span> <span class='ocrx_word' id='word_1_415' title='bbox 3056 2889 3110 2943; x_wconf 91' lang='lat' dir='ltr'><strong>ln</strong></span> <span class='ocrx_word' id='word_1_416' title='bbox 3166 2887 3589 2958; x_wconf 87' lang='lat' dir='ltr'><strong>interpretando</strong></span> 
     </span>
    </p>
   </div>
   <div class='ocr_carea' id='block_1_59' title="bbox 1999 2981 3588 3056">
    <p class='ocr_par' dir='ltr' id='par_1_59' title="bbox 1999 2981 3588 3056">
     <span class='ocr_line' id='line_1_59' title="bbox 1999 2981 3588 3056; baseline -0.005 -15"><span class='ocrx_word' id='word_1_417' title='bbox 1999 3001 2119 3041; x_wconf 88' lang='lat' dir='ltr'><strong>cam</strong></span> <span class='ocrx_word' id='word_1_418' title='bbox 2153 2986 2393 3056; x_wconf 88' lang='lat' dir='ltr'><strong>speciem</strong></span> <span class='ocrx_word' id='word_1_419' title='bbox 2427 3000 2529 3055; x_wconf 91' lang='lat' dir='ltr'><strong>pro</strong></span> <span class='ocrx_word' id='word_1_420' title='bbox 2565 2992 2730 3053; x_wconf 91' lang='lat' dir='ltr'><strong>captu</strong></span> <span class='ocrx_word' id='word_1_421' title='bbox 2772 2991 2962 3038; x_wconf 87' lang='lat' dir='ltr'><strong>nostro</strong></span> <span class='ocrx_word' id='word_1_422' title='bbox 3014 2981 3321 3037; x_wconf 87' lang='lat' dir='ltr'><strong>consectati</strong></span> <span class='ocrx_word' id='word_1_423' title='bbox 3371 2995 3588 3043; x_wconf 81' lang='lat' dir='ltr'><strong>suums,</strong></span> 
     </span>
    </p>
   </div>
   <div class='ocr_carea' id='block_1_60' title="bbox 304 3068 1894 3148">
    <p class='ocr_par' dir='ltr' id='par_1_60' title="bbox 304 3068 1893 3143">
     <span class='ocr_line' id='line_1_60' title="bbox 304 3068 1893 3143; baseline -0.005 -19"><span class='ocrx_word' id='word_1_424' title='bbox 304 3080 493 3125; x_wconf 84' lang='lat' dir='ltr'><strong>rectas</strong></span> <span class='ocrx_word' id='word_1_425' title='bbox 521 3069 685 3124; x_wconf 84' lang='lat' dir='ltr'><strong>valde</strong></span> <span class='ocrx_word' id='word_1_426' title='bbox 717 3079 864 3143; x_wconf 73' lang='lat' dir='ltr'><strong>amet</strong></span> <span class='ocrx_word' id='word_1_427' title='bbox 896 3074 1050 3127; x_wconf 85' lang='lat' dir='ltr'><strong>(sunt</strong></span> <span class='ocrx_word' id='word_1_428' title='bbox 1074 3068 1222 3123; x_wconf 91' lang='lat' dir='ltr'><strong>enim</strong></span> <span class='ocrx_word' id='word_1_429' title='bbox 1251 3069 1615 3137; x_wconf 78' lang='lat' dir='ltr'><strong>speciosiores</strong></span> <span class='ocrx_word' id='word_1_430' title='bbox 1671 3073 1728 3120; x_wconf 87' lang='lat' dir='ltr'><strong>et</strong></span> <span class='ocrx_word' id='word_1_431' title='bbox 1767 3080 1893 3134; x_wconf 86' lang='lat' dir='ltr'><strong>gra-</strong></span> 
     </span>
    </p>
   </div>
   <div class='ocr_carea' id='block_1_61' title="bbox 1997 3068 3590 3148">
    <p class='ocr_par' dir='ltr' id='par_1_61' title="bbox 2001 3074 3590 3148">
     <span class='ocr_line' id='line_1_61' title="bbox 2001 3074 3590 3148; baseline -0.004 -16"><span class='ocrx_word' id='word_1_432' title='bbox 2001 3093 2165 3148; x_wconf 88' lang='lat' dir='ltr'><strong>qnam</strong></span> <span class='ocrx_word' id='word_1_433' title='bbox 2212 3093 2281 3131; x_wconf 81' lang='lat' dir='ltr'><strong>ex</strong></span> <span class='ocrx_word' id='word_1_434' title='bbox 2335 3092 2531 3132; x_wconf 88' lang='lat' dir='ltr'><strong>eorum</strong></span> <span class='ocrx_word' id='word_1_435' title='bbox 2569 3077 2810 3131; x_wconf 81' lang='lat' dir='ltr'><strong>lectione</strong></span> <span class='ocrx_word' id='word_1_436' title='bbox 2837 3116 2852 3138; x_wconf 90' lang='lat'><strong>,</strong></span> <span class='ocrx_word' id='word_1_437' title='bbox 2886 3075 2980 3144; x_wconf 90' lang='lat' dir='ltr'><strong>qui</strong></span> <span class='ocrx_word' id='word_1_438' title='bbox 3015 3075 3083 3129; x_wconf 88' lang='lat' dir='ltr'><strong>de</strong></span> <span class='ocrx_word' id='word_1_439' title='bbox 3130 3074 3339 3143; x_wconf 90' lang='lat' dir='ltr'><strong>optimo</strong></span> <span class='ocrx_word' id='word_1_440' title='bbox 3387 3087 3590 3143; x_wconf 75' lang='lat' dir='ltr'><strong>genere</strong></span> 
     </span>
    </p>
   </div>
   <div class='ocr_carea' id='block_1_62' title="bbox 304 3159 1895 3231">
    <p class='ocr_par' dir='ltr' id='par_1_62' title="bbox 304 3159 1895 3231">
     <span class='ocr_line' id='line_1_62' title="bbox 304 3159 1895 3231; baseline -0.001 -18"><span class='ocrx_word' id='word_1_441' title='bbox 304 3165 543 3229; x_wconf 77' lang='lat' dir='ltr'><strong>viorest,</strong></span> <span class='ocrx_word' id='word_1_442' title='bbox 570 3177 674 3215; x_wconf 88' lang='lat' dir='ltr'><strong>nos</strong></span> <span class='ocrx_word' id='word_1_443' title='bbox 695 3160 970 3214; x_wconf 88' lang='lat' dir='ltr'><strong>interdum</strong></span> <span class='ocrx_word' id='word_1_444' title='bbox 1008 3159 1291 3217; x_wconf 84' lang='lat' dir='ltr'><strong>brevitatis</strong></span> <span class='ocrx_word' id='word_1_445' title='bbox 1317 3161 1513 3231; x_wconf 86' lang='lat' dir='ltr'><strong>gratia,</strong></span> <span class='ocrx_word' id='word_1_446' title='bbox 1537 3170 1593 3213; x_wconf 91' lang='lat' dir='ltr'><strong>et</strong></span> <span class='ocrx_word' id='word_1_447' title='bbox 1618 3160 1684 3213; x_wconf 90' lang='lat' dir='ltr'><strong>ad</strong></span> <span class='ocrx_word' id='word_1_448' title='bbox 1715 3159 1895 3212; x_wconf 87' lang='lat' dir='ltr'><strong>vitan-</strong></span> 
     </span>
    </p>
   </div>
   <div class='ocr_carea' id='block_1_63' title="bbox 302 3252 1897 3320">
    <p class='ocr_par' dir='ltr' id='par_1_63' title="bbox 302 3252 1897 3320">
     <span class='ocr_line' id='line_1_63' title="bbox 302 3252 1897 3320; baseline -0.005 -11"><span class='ocrx_word' id='word_1_449' title='bbox 302 3256 439 3309; x_wconf 81' lang='lat' dir='ltr'><strong>dam</strong></span> <span class='ocrx_word' id='word_1_450' title='bbox 466 3270 535 3308; x_wconf 69' lang='lat' dir='ltr'><strong>es</strong></span> <span class='ocrx_word' id='word_1_451' title='bbox 558 3253 926 3307; x_wconf 86' lang='lat' dir='ltr'><strong>similitudine</strong></span> <span class='ocrx_word' id='word_1_452' title='bbox 961 3252 1271 3307; x_wconf 83' lang='lat' dir='ltr'><strong>satietatem</strong></span> <span class='ocrx_word' id='word_1_453' title='bbox 1299 3296 1311 3316; x_wconf 92' lang='lat'><strong>,</strong></span> <span class='ocrx_word' id='word_1_454' title='bbox 1337 3253 1403 3306; x_wconf 91' lang='lat' dir='ltr'><strong>ad</strong></span> <span class='ocrx_word' id='word_1_455' title='bbox 1427 3252 1700 3320; x_wconf 80' lang='lat' dir='ltr'><strong>obliquas,</strong></span> <span class='ocrx_word' id='word_1_456' title='bbox 1742 3262 1897 3303; x_wconf 88' lang='lat' dir='ltr'><strong>more</strong></span> 
     </span>
    </p>
   </div>
   <div class='ocr_carea' id='block_1_64' title="bbox 303 3340 1896 3422">
    <p class='ocr_par' dir='ltr' id='par_1_64' title="bbox 303 3340 1896 3422">
     <span class='ocr_line' id='line_1_64' title="bbox 303 3340 1896 3422; baseline -0.006 -20"><span class='ocrx_word' id='word_1_457' title='bbox 303 3347 630 3403; x_wconf 69' lang='lat' dir='ltr'><strong>Caesariano</strong></span> <span class='ocrx_word' id='word_1_458' title='bbox 655 3345 987 3422; x_wconf 60' lang='lat' dir='ltr'><strong>redegimns.</strong></span> <span class='ocrx_word' id='word_1_459' title='bbox 1008 3345 1118 3399; x_wconf 80' lang='lat' dir='ltr'><strong>Nec</strong></span> <span class='ocrx_word' id='word_1_460' title='bbox 1147 3361 1365 3413; x_wconf 86' lang='lat' dir='ltr'><strong>possum</strong></span> <span class='ocrx_word' id='word_1_461' title='bbox 1393 3345 1461 3398; x_wconf 89' lang='lat' dir='ltr'><strong>de</strong></span> <span class='ocrx_word' id='word_1_462' title='bbox 1486 3345 1605 3398; x_wconf 91' lang='lat' dir='ltr'><strong>istis</strong></span> <span class='ocrx_word' id='word_1_463' title='bbox 1629 3340 1896 3417; x_wconf 80' lang='lat' dir='ltr'><strong>orationi-</strong></span> 
     </span>
    </p>
   </div>
   <div class='ocr_carea' id='block_1_65' title="bbox 309 3432 1892 3507">
    <p class='ocr_par' dir='ltr' id='par_1_65' title="bbox 309 3432 1892 3507">
     <span class='ocr_line' id='line_1_65' title="bbox 309 3432 1892 3507; baseline -0.004 -14"><span class='ocrx_word' id='word_1_464' title='bbox 309 3440 432 3493; x_wconf 82' lang='lat' dir='ltr'><strong>bus</strong></span> <span class='ocrx_word' id='word_1_465' title='bbox 451 3438 752 3506; x_wconf 83' lang='lat' dir='ltr'><strong>quidquam</strong></span> <span class='ocrx_word' id='word_1_466' title='bbox 787 3438 988 3492; x_wconf 87' lang='lat' dir='ltr'><strong>melius</strong></span> <span class='ocrx_word' id='word_1_467' title='bbox 1040 3453 1104 3490; x_wconf 87' lang='lat' dir='ltr'><strong>ac</strong></span> <span class='ocrx_word' id='word_1_468' title='bbox 1155 3437 1345 3491; x_wconf 83' lang='lat' dir='ltr'><strong>verius</strong></span> <span class='ocrx_word' id='word_1_469' title='bbox 1390 3437 1612 3498; x_wconf 89' lang='lat' dir='ltr'><strong>dicere,</strong></span> <span class='ocrx_word' id='word_1_470' title='bbox 1649 3452 1811 3507; x_wconf 89' lang='lat' dir='ltr'><strong>quam</strong></span> <span class='ocrx_word' id='word_1_471' title='bbox 1848 3432 1892 3489; x_wconf 87' lang='lat' dir='ltr'><strong>si</strong></span> 
     </span>
    </p>
   </div>
   <div class='ocr_carea' id='block_1_66' title="bbox 317 3527 1899 3597">
    <p class='ocr_par' dir='ltr' id='par_1_66' title="bbox 317 3527 1899 3597">
     <span class='ocr_line' id='line_1_66' title="bbox 317 3527 1899 3597; baseline 0.001 -16"><span class='ocrx_word' id='word_1_472' title='bbox 317 3543 422 3582; x_wconf 82' lang='lat' dir='ltr'><strong>eas</strong></span> <span class='ocrx_word' id='word_1_473' title='bbox 446 3527 761 3596; x_wconf 85' lang='lat' dir='ltr'><strong>prudentes,</strong></span> <span class='ocrx_word' id='word_1_474' title='bbox 789 3528 1066 3596; x_wconf 84' lang='lat' dir='ltr'><strong>copiosas,</strong></span> <span class='ocrx_word' id='word_1_475' title='bbox 1095 3541 1502 3595; x_wconf 89' lang='lat' dir='ltr'><strong>nervorumque</strong></span> <span class='ocrx_word' id='word_1_476' title='bbox 1525 3542 1588 3581; x_wconf 89' lang='lat' dir='ltr'><strong>ac</strong></span> <span class='ocrx_word' id='word_1_477' title='bbox 1612 3530 1899 3597; x_wconf 70' lang='lat' dir='ltr'><strong>sanguinis</strong></span> 
     </span>
    </p>
   </div>
   <div class='ocr_carea' id='block_1_67' title="bbox 314 3618 1901 3688">
    <p class='ocr_par' dir='ltr' id='par_1_67' title="bbox 314 3618 1901 3688">
     <span class='ocr_line' id='line_1_67' title="bbox 314 3618 1901 3688; baseline 0.001 -14"><span class='ocrx_word' id='word_1_478' title='bbox 314 3621 549 3688; x_wconf 80' lang='lat' dir='ltr'><strong>plenas,</strong></span> <span class='ocrx_word' id='word_1_479' title='bbox 585 3628 641 3672; x_wconf 87' lang='lat' dir='ltr'><strong>et</strong></span> <span class='ocrx_word' id='word_1_480' title='bbox 669 3619 897 3673; x_wconf 89' lang='lat' dir='ltr'><strong>omnino</strong></span> <span class='ocrx_word' id='word_1_481' title='bbox 944 3618 1385 3688; x_wconf 74' lang='grc' dir='ltr'><strong>ρητορικωτέρας</strong></span> <span class='ocrx_word' id='word_1_482' title='bbox 1429 3618 1638 3675; x_wconf 74' lang='lat' dir='ltr'><strong>dixero.</strong></span> <span class='ocrx_word' id='word_1_483' title='bbox 1667 3620 1901 3676; x_wconf 70' lang='lat' dir='ltr'><strong>Praeter-</strong></span> 
     </span>
    </p>
   </div>
   <div class='ocr_carea' id='block_1_68' title="bbox 318 3710 1898 3767">
    <p class='ocr_par' dir='ltr' id='par_1_68' title="bbox 318 3710 1898 3767">
     <span class='ocr_line' id='line_1_68' title="bbox 318 3710 1898 3767; baseline 0.001 0"><span class='ocrx_word' id='word_1_484' title='bbox 318 3727 390 3767; x_wconf 82' lang='lat' dir='ltr'><strong>ea</strong></span> <span class='ocrx_word' id='word_1_485' title='bbox 443 3711 539 3764; x_wconf 87' lang='lat' dir='ltr'><strong>hic</strong></span> <span class='ocrx_word' id='word_1_486' title='bbox 610 3712 863 3765; x_wconf 88' lang='lat' dir='ltr'><strong>invenire</strong></span> <span class='ocrx_word' id='word_1_487' title='bbox 913 3719 997 3765; x_wconf 88' lang='lat' dir='ltr'><strong>est</strong></span> <span class='ocrx_word' id='word_1_488' title='bbox 1040 3710 1191 3763; x_wconf 83' lang='lat' dir='ltr'><strong>locus</strong></span> <span class='ocrx_word' id='word_1_489' title='bbox 1243 3725 1571 3765; x_wconf 84' lang='lat' dir='ltr'><strong>communes</strong></span> <span class='ocrx_word' id='word_1_490' title='bbox 1631 3722 1898 3767; x_wconf 83' lang='lat' dir='ltr'><strong>tractatos</strong></span> 
     </span>
    </p>
   </div>
   <div class='ocr_carea' id='block_1_69' title="bbox 314 3803 1903 3873">
    <p class='ocr_par' dir='ltr' id='par_1_69' title="bbox 314 3803 1903 3873">
     <span class='ocr_line' id='line_1_69' title="bbox 314 3803 1903 3873; baseline 0.001 -15"><span class='ocrx_word' id='word_1_491' title='bbox 314 3806 557 3871; x_wconf 69' lang='lat' dir='ltr'><strong>egregie.</strong></span> <span class='ocrx_word' id='word_1_492' title='bbox 593 3805 731 3859; x_wconf 90' lang='lat' dir='ltr'><strong>scite</strong></span> <span class='ocrx_word' id='word_1_493' title='bbox 760 3805 909 3857; x_wconf 89' lang='lat' dir='ltr'><strong>dicta</strong></span> <span class='ocrx_word' id='word_1_494' title='bbox 931 3845 946 3867; x_wconf 97' lang='lat'><strong>,</strong></span> <span class='ocrx_word' id='word_1_495' title='bbox 981 3807 1274 3872; x_wconf 79' lang='lat' dir='ltr'><strong>partemias</strong></span> <span class='ocrx_word' id='word_1_496' title='bbox 1299 3818 1406 3857; x_wconf 91' lang='lat' dir='ltr'><strong>non</strong></span> <span class='ocrx_word' id='word_1_497' title='bbox 1446 3803 1721 3873; x_wconf 86' lang='lat' dir='ltr'><strong>vulgares,</strong></span> <span class='ocrx_word' id='word_1_498' title='bbox 1756 3807 1903 3860; x_wconf 89' lang='lat' dir='ltr'><strong>cele-</strong></span> 
     </span>
    </p>
   </div>
   <div class='ocr_carea' id='block_1_70' title="bbox 325 3894 1897 3966">
    <p class='ocr_par' dir='ltr' id='par_1_70' title="bbox 325 3894 1897 3966">
     <span class='ocr_line' id='line_1_70' title="bbox 325 3894 1897 3966; baseline 0.004 -17"><span class='ocrx_word' id='word_1_499' title='bbox 325 3896 504 3949; x_wconf 84' lang='lat' dir='ltr'><strong>brium</strong></span> <span class='ocrx_word' id='word_1_500' title='bbox 533 3897 872 3965; x_wconf 86' lang='lat' dir='ltr'><strong>scriptorum</strong></span> <span class='ocrx_word' id='word_1_501' title='bbox 906 3895 989 3966; x_wconf 92' lang='lat' dir='ltr'><strong>(ut</strong></span> <span class='ocrx_word' id='word_1_502' title='bbox 1011 3894 1079 3949; x_wconf 86' lang='lat' dir='ltr'><strong>de</strong></span> <span class='ocrx_word' id='word_1_503' title='bbox 1107 3895 1281 3949; x_wconf 73' lang='lat' dir='ltr'><strong>sacris</strong></span> <span class='ocrx_word' id='word_1_504' title='bbox 1305 3897 1535 3964; x_wconf 86' lang='lat' dir='ltr'><strong>taceam)</strong></span> <span class='ocrx_word' id='word_1_505' title='bbox 1569 3900 1897 3956; x_wconf 85' lang='lat' dir='ltr'><strong>sententias.</strong></span> 
     </span>
    </p>
   </div>
   <div class='ocr_carea' id='block_1_71' title="bbox 313 3986 1898 4055">
    <p class='ocr_par' dir='ltr' id='par_1_71' title="bbox 313 3986 1898 4055">
     <span class='ocr_line' id='line_1_71' title="bbox 313 3986 1898 4055; baseline 0.001 -16"><span class='ocrx_word' id='word_1_506' title='bbox 313 3986 552 4041; x_wconf 79' lang='lat' dir='ltr'><strong>fabellas</strong></span> <span class='ocrx_word' id='word_1_507' title='bbox 580 3987 798 4055; x_wconf 82' lang='lat' dir='ltr'><strong>aliquot</strong></span> <span class='ocrx_word' id='word_1_508' title='bbox 824 3986 1057 4055; x_wconf 88' lang='lat' dir='ltr'><strong>lepidas,</strong></span> <span class='ocrx_word' id='word_1_509' title='bbox 1091 3997 1147 4040; x_wconf 90' lang='lat' dir='ltr'><strong>et</strong></span> <span class='ocrx_word' id='word_1_510' title='bbox 1176 3986 1240 4038; x_wconf 89' lang='lat' dir='ltr'><strong>ad</strong></span> <span class='ocrx_word' id='word_1_511' title='bbox 1268 4002 1381 4039; x_wconf 90' lang='lat' dir='ltr'><strong>rem</strong></span> <span class='ocrx_word' id='word_1_512' title='bbox 1410 3986 1898 4042; x_wconf 84' lang='lat' dir='ltr'><strong>demonstrandam</strong></span> 
     </span>
    </p>
   </div>
   <div class='ocr_carea' id='block_1_72' title="bbox 313 4078 1901 4149">
    <p class='ocr_par' dir='ltr' id='par_1_72' title="bbox 313 4078 1901 4149">
     <span class='ocr_line' id='line_1_72' title="bbox 313 4078 1901 4149; baseline -0.001 -16"><span class='ocrx_word' id='word_1_513' title='bbox 313 4080 607 4149; x_wconf 78' lang='lat' dir='ltr'><strong>appositas</strong></span> <span class='ocrx_word' id='word_1_514' title='bbox 640 4096 655 4132; x_wconf 92' lang='lat'><strong>:</strong></span> <span class='ocrx_word' id='word_1_515' title='bbox 690 4093 851 4147; x_wconf 88' lang='lat' dir='ltr'><strong>quas,</strong></span> <span class='ocrx_word' id='word_1_516' title='bbox 898 4088 961 4132; x_wconf 88' lang='lat' dir='ltr'><strong>ut</strong></span> <span class='ocrx_word' id='word_1_517' title='bbox 990 4078 1120 4140; x_wconf 85' lang='lat' dir='ltr'><strong>scis,</strong></span> <span class='ocrx_word' id='word_1_518' title='bbox 1152 4078 1611 4147; x_wconf 81' lang='lat' dir='ltr'><strong>philosophorum</strong></span> <span class='ocrx_word' id='word_1_519' title='bbox 1666 4080 1744 4132; x_wconf 90' lang='lat' dir='ltr'><strong>illi</strong></span> <span class='ocrx_word' id='word_1_520' title='bbox 1801 4097 1901 4133; x_wconf 89' lang='lat' dir='ltr'><strong>an-</strong></span> 
     </span>
    </p>
   </div>
   <div class='ocr_carea' id='block_1_73' title="bbox 314 4170 1904 4239">
    <p class='ocr_par' dir='ltr' id='par_1_73' title="bbox 314 4170 1904 4239">
     <span class='ocr_line' id='line_1_73' title="bbox 314 4170 1904 4239; baseline -0.001 -15"><span class='ocrx_word' id='word_1_521' title='bbox 314 4171 551 4231; x_wconf 86' lang='lat' dir='ltr'><strong>tistites.</strong></span> <span class='ocrx_word' id='word_1_522' title='bbox 605 4170 758 4224; x_wconf 84' lang='lat' dir='ltr'><strong>Plato</strong></span> <span class='ocrx_word' id='word_1_523' title='bbox 806 4180 863 4223; x_wconf 86' lang='lat' dir='ltr'><strong>et</strong></span> <span class='ocrx_word' id='word_1_524' title='bbox 895 4170 1222 4224; x_wconf 81' lang='lat' dir='ltr'><strong>Arist0teles</strong></span> <span class='ocrx_word' id='word_1_525' title='bbox 1246 4208 1261 4231; x_wconf 84' lang='grc'><strong><em>,</em></strong></span> <span class='ocrx_word' id='word_1_526' title='bbox 1298 4172 1623 4239; x_wconf 69' lang='lat' dir='ltr'><strong>neutiquam</strong></span> <span class='ocrx_word' id='word_1_527' title='bbox 1656 4181 1904 4225; x_wconf 87' lang='lat' dir='ltr'><strong>contem-</strong></span> 
     </span>
    </p>
   </div>
   <div class='ocr_carea' id='block_1_74' title="bbox 313 4262 1900 4332">
    <p class='ocr_par' dir='ltr' id='par_1_74' title="bbox 313 4262 1900 4332">
     <span class='ocr_line' id='line_1_74' title="bbox 313 4262 1900 4332; baseline 0.001 -16"><span class='ocrx_word' id='word_1_528' title='bbox 313 4263 539 4316; x_wconf 84' lang='lat' dir='ltr'><strong>nendas</strong></span> <span class='ocrx_word' id='word_1_529' title='bbox 567 4272 925 4315; x_wconf 81' lang='lat' dir='ltr'><strong>censuerant.</strong></span> <span class='ocrx_word' id='word_1_530' title='bbox 957 4262 1192 4331; x_wconf 67' lang='lat' dir='ltr'><strong>(Zapient</strong></span> <span class='ocrx_word' id='word_1_531' title='bbox 1235 4271 1287 4317; x_wconf 90' lang='lat' dir='ltr'><strong>te</strong></span> <span class='ocrx_word' id='word_1_532' title='bbox 1321 4263 1454 4317; x_wconf 91' lang='lat' dir='ltr'><strong>item</strong></span> <span class='ocrx_word' id='word_1_533' title='bbox 1486 4278 1624 4332; x_wconf 89' lang='lat' dir='ltr'><strong>quas</strong></span> <span class='ocrx_word' id='word_1_534' title='bbox 1666 4263 1900 4318; x_wconf 80' lang='lat' dir='ltr'><strong>Strictim</strong></span> 
     </span>
    </p>
   </div>
   <div class='ocr_carea' id='block_1_75' title="bbox 314 4352 1904 4425">
    <p class='ocr_par' dir='ltr' id='par_1_75' title="bbox 314 4352 1904 4425">
     <span class='ocr_line' id='line_1_75' title="bbox 314 4352 1904 4425; baseline 0.003 -21"><span class='ocrx_word' id='word_1_535' title='bbox 314 4353 548 4420; x_wconf 80' lang='lat' dir='ltr'><strong>attingit</strong></span> <span class='ocrx_word' id='word_1_536' title='bbox 578 4352 838 4406; x_wconf 73' lang='lat' dir='ltr'><strong>Romana:</strong></span> <span class='ocrx_word' id='word_1_537' title='bbox 862 4353 1142 4422; x_wconf 71' lang='lat' dir='ltr'><strong>historiae;</strong></span> <span class='ocrx_word' id='word_1_538' title='bbox 1178 4357 1403 4425; x_wconf 78' lang='lat' dir='ltr'><strong>capient</strong></span> <span class='ocrx_word' id='word_1_539' title='bbox 1434 4356 1573 4410; x_wconf 91' lang='lat' dir='ltr'><strong>varii</strong></span> <span class='ocrx_word' id='word_1_540' title='bbox 1604 4357 1780 4421; x_wconf 91' lang='lat' dir='ltr'><strong>ritus;</strong></span> <span class='ocrx_word' id='word_1_541' title='bbox 1814 4372 1904 4411; x_wconf 87' lang='lat' dir='ltr'><strong>ca-</strong></span> 
     </span>
    </p>
   </div>
   <div class='ocr_carea' id='block_1_76' title="bbox 315 4445 1902 4513">
    <p class='ocr_par' dir='ltr' id='par_1_76' title="bbox 315 4445 1902 4513">
     <span class='ocr_line' id='line_1_76' title="bbox 315 4445 1902 4513; baseline 0.004 -16"><span class='ocrx_word' id='word_1_542' title='bbox 315 4445 641 4513; x_wconf 88' lang='lat' dir='ltr'><strong>pientquos</strong></span> <span class='ocrx_word' id='word_1_543' title='bbox 683 4446 877 4499; x_wconf 82' lang='lat' dir='ltr'><strong>miscet</strong></span> <span class='ocrx_word' id='word_1_544' title='bbox 908 4446 1218 4500; x_wconf 89' lang='lat' dir='ltr'><strong>animorum</strong></span> <span class='ocrx_word' id='word_1_545' title='bbox 1258 4450 1460 4512; x_wconf 57' lang='lat' dir='ltr'><strong>monis,</strong></span> <span class='ocrx_word' id='word_1_546' title='bbox 1501 4459 1615 4502; x_wconf 89' lang='lat' dir='ltr'><strong>tum</strong></span> <span class='ocrx_word' id='word_1_547' title='bbox 1656 4449 1809 4503; x_wconf 89' lang='lat' dir='ltr'><strong>lenes</strong></span> <span class='ocrx_word' id='word_1_548' title='bbox 1839 4463 1902 4503; x_wconf 87' lang='lat' dir='ltr'><strong>ac</strong></span> 
     </span>
    </p>
   </div>
   <div class='ocr_carea' id='block_1_77' title="bbox 320 4530 1902 4608">
    <p class='ocr_par' dir='ltr' id='par_1_77' title="bbox 320 4530 1902 4608">
     <span class='ocr_line' id='line_1_77' title="bbox 320 4530 1902 4608; baseline 0.003 -19"><span class='ocrx_word' id='word_1_549' title='bbox 320 4535 530 4599; x_wconf 83' lang='lat' dir='ltr'><strong>sedati,</strong></span> <span class='ocrx_word' id='word_1_550' title='bbox 572 4551 710 4603; x_wconf 90' lang='lat' dir='ltr'><strong>quos</strong></span> <span class='ocrx_word' id='word_1_551' title='bbox 742 4536 847 4605; x_wconf 76' lang='grc' dir='ltr'><strong>ἤθη</strong></span> <span class='ocrx_word' id='word_1_552' title='bbox 878 4536 1074 4597; x_wconf 77' lang='lat' dir='ltr'><strong>Graeci.</strong></span> <span class='ocrx_word' id='word_1_553' title='bbox 1113 4548 1225 4591; x_wconf 92' lang='lat' dir='ltr'><strong>tum</strong></span> <span class='ocrx_word' id='word_1_554' title='bbox 1265 4530 1461 4608; x_wconf 69' lang='lat' dir='ltr'><strong>graves</strong></span> <span class='ocrx_word' id='word_1_555' title='bbox 1487 4540 1585 4602; x_wconf 89' lang='lat' dir='ltr'><strong>illi,</strong></span> <span class='ocrx_word' id='word_1_556' title='bbox 1633 4550 1688 4595; x_wconf 89' lang='lat' dir='ltr'><strong>et</strong></span> <span class='ocrx_word' id='word_1_557' title='bbox 1713 4541 1902 4595; x_wconf 88' lang='lat' dir='ltr'><strong>conci-</strong></span> 
     </span>
    </p>
   </div>
   <div class='ocr_carea' id='block_1_78' title="bbox 317 4628 1904 4701">
    <p class='ocr_par' dir='ltr' id='par_1_78' title="bbox 317 4628 1904 4701">
     <span class='ocr_line' id='line_1_78' title="bbox 317 4628 1904 4701; baseline 0.002 -20"><span class='ocrx_word' id='word_1_558' title='bbox 317 4628 420 4681; x_wconf 90' lang='lat' dir='ltr'><strong>tati</strong></span> <span class='ocrx_word' id='word_1_559' title='bbox 450 4668 467 4691; x_wconf 92' lang='lat'><strong>,</strong></span> <span class='ocrx_word' id='word_1_560' title='bbox 520 4643 661 4696; x_wconf 87' lang='lat' dir='ltr'><strong>quos</strong></span> <span class='ocrx_word' id='word_1_561' title='bbox 706 4629 871 4683; x_wconf 88' lang='lat' dir='ltr'><strong>iidem</strong></span> <span class='ocrx_word' id='word_1_562' title='bbox 916 4629 1067 4699; x_wconf 83' lang='grc' dir='ltr'><strong>πάθη</strong></span> <span class='ocrx_word' id='word_1_563' title='bbox 1115 4640 1360 4685; x_wconf 88' lang='lat' dir='ltr'><strong>vocant:</strong></span> <span class='ocrx_word' id='word_1_564' title='bbox 1393 4633 1616 4701; x_wconf 89' lang='lat' dir='ltr'><strong>capient</strong></span> <span class='ocrx_word' id='word_1_565' title='bbox 1689 4632 1904 4687; x_wconf 85' lang='lat' dir='ltr'><strong>descri-</strong></span> 
     </span>
    </p>
   </div>
   <div class='ocr_carea' id='block_1_79' title="bbox 316 4720 1906 4793">
    <p class='ocr_par' dir='ltr' id='par_1_79' title="bbox 316 4720 1906 4793">
     <span class='ocr_line' id='line_1_79' title="bbox 316 4720 1906 4793; baseline 0.002 -19"><span class='ocrx_word' id='word_1_566' title='bbox 316 4720 547 4791; x_wconf 77' lang='lat' dir='ltr'><strong>ptiones</strong></span> <span class='ocrx_word' id='word_1_567' title='bbox 579 4720 789 4788; x_wconf 88' lang='lat' dir='ltr'><strong>aliquot</strong></span> <span class='ocrx_word' id='word_1_568' title='bbox 827 4722 1073 4791; x_wconf 76' lang='lat' dir='ltr'><strong>insignes</strong></span> <span class='ocrx_word' id='word_1_569' title='bbox 1104 4740 1117 4776; x_wconf 91' lang='lat'><strong>:</strong></span> <span class='ocrx_word' id='word_1_570' title='bbox 1149 4724 1370 4792; x_wconf 88' lang='lat' dir='ltr'><strong>capient</strong></span> <span class='ocrx_word' id='word_1_571' title='bbox 1401 4723 1505 4778; x_wconf 90' lang='lat' dir='ltr'><strong>alia</strong></span> <span class='ocrx_word' id='word_1_572' title='bbox 1534 4724 1755 4778; x_wconf 90' lang='lat' dir='ltr'><strong>demum</strong></span> <span class='ocrx_word' id='word_1_573' title='bbox 1789 4724 1906 4793; x_wconf 90' lang='lat' dir='ltr'><strong>plu-</strong></span> 
     </span>
    </p>
   </div>
   <div class='ocr_carea' id='block_1_80' title="bbox 318 4813 1906 4887">
    <p class='ocr_par' dir='ltr' id='par_1_80' title="bbox 318 4813 1906 4887">
     <span class='ocr_line' id='line_1_80' title="bbox 318 4813 1906 4887; baseline 0.002 -21"><span class='ocrx_word' id='word_1_574' title='bbox 318 4815 491 4866; x_wconf 78' lang='lat' dir='ltr'><strong>rima.</strong></span> <span class='ocrx_word' id='word_1_575' title='bbox 514 4813 678 4878; x_wconf 83' lang='lat' dir='ltr'><strong>Quod</strong></span> <span class='ocrx_word' id='word_1_576' title='bbox 702 4813 747 4866; x_wconf 83' lang='lat' dir='ltr'><strong>si</strong></span> <span class='ocrx_word' id='word_1_577' title='bbox 774 4828 956 4868; x_wconf 90' lang='lat' dir='ltr'><strong>rerum</strong></span> <span class='ocrx_word' id='word_1_578' title='bbox 981 4815 1218 4870; x_wconf 87' lang='lat' dir='ltr'><strong>varietas</strong></span> <span class='ocrx_word' id='word_1_579' title='bbox 1242 4816 1503 4882; x_wconf 82' lang='lat' dir='ltr'><strong>delectat,</strong></span> <span class='ocrx_word' id='word_1_580' title='bbox 1527 4816 1598 4873; x_wconf 87' lang='lat' dir='ltr'><strong>de</strong></span> <span class='ocrx_word' id='word_1_581' title='bbox 1614 4831 1725 4887; x_wconf 89' lang='lat' dir='ltr'><strong>quo</strong></span> <span class='ocrx_word' id='word_1_582' title='bbox 1744 4832 1906 4870; x_wconf 90' lang='lat' dir='ltr'><strong>nemo</strong></span> 
     </span>
    </p>
   </div>
   <div class='ocr_carea' id='block_1_81' title="bbox 315 4906 1905 4981">
    <p class='ocr_par' dir='ltr' id='par_1_81' title="bbox 315 4906 1905 4981">
     <span class='ocr_line' id='line_1_81' title="bbox 315 4906 1905 4981; baseline 0.003 -22"><span class='ocrx_word' id='word_1_583' title='bbox 315 4906 570 4966; x_wconf 81' lang='lat' dir='ltr'><strong>dubitat,</strong></span> <span class='ocrx_word' id='word_1_584' title='bbox 604 4921 668 4959; x_wconf 83' lang='lat' dir='ltr'><strong>ea</strong></span> <span class='ocrx_word' id='word_1_585' title='bbox 696 4922 830 4961; x_wconf 88' lang='lat' dir='ltr'><strong>sane</strong></span> <span class='ocrx_word' id='word_1_586' title='bbox 869 4908 958 4962; x_wconf 92' lang='lat' dir='ltr'><strong>hic</strong></span> <span class='ocrx_word' id='word_1_587' title='bbox 986 4908 1219 4964; x_wconf 82' lang='lat' dir='ltr'><strong>mirifica</strong></span> <span class='ocrx_word' id='word_1_588' title='bbox 1246 4911 1517 4972; x_wconf 90' lang='lat' dir='ltr'><strong>cernitur.</strong></span> <span class='ocrx_word' id='word_1_589' title='bbox 1553 4920 1616 4965; x_wconf 90' lang='lat' dir='ltr'><strong>ut</strong></span> <span class='ocrx_word' id='word_1_590' title='bbox 1657 4911 1905 4981; x_wconf 82' lang='lat' dir='ltr'><strong>singulo-</strong></span> 
     </span>
    </p>
   </div>
   <div class='ocr_carea' id='block_1_82' title="bbox 317 4997 1904 5070">
    <p class='ocr_par' dir='ltr' id='par_1_82' title="bbox 317 4997 1904 5070">
     <span class='ocr_line' id='line_1_82' title="bbox 317 4997 1904 5070; baseline 0.002 -18"><span class='ocrx_word' id='word_1_591' title='bbox 317 5014 445 5052; x_wconf 89' lang='lat' dir='ltr'><strong>rum</strong></span> <span class='ocrx_word' id='word_1_592' title='bbox 477 4997 749 5049; x_wconf 78' lang='lat' dir='ltr'><strong>libroru&#39;m</strong></span> <span class='ocrx_word' id='word_1_593' title='bbox 791 5001 1094 5067; x_wconf 61' lang='lat' dir='ltr'><strong>periochae.</strong></span> <span class='ocrx_word' id='word_1_594' title='bbox 1143 5015 1239 5055; x_wconf 84' lang='lat' dir='ltr'><strong>seu</strong></span> <span class='ocrx_word' id='word_1_595' title='bbox 1269 5002 1527 5070; x_wconf 75' lang='lat' dir='ltr'><strong>epitoma:</strong></span> <span class='ocrx_word' id='word_1_596' title='bbox 1560 5002 1904 5057; x_wconf 88' lang='lat' dir='ltr'><strong>indicabunt.</strong></span> 
     </span>
    </p>
   </div>
   <div class='ocr_carea' id='block_1_83' title="bbox 319 5088 1904 5158">
    <p class='ocr_par' dir='ltr' id='par_1_83' title="bbox 319 5088 1904 5158">
     <span class='ocr_line' id='line_1_83' title="bbox 319 5088 1904 5158; baseline 0.003 -13"><span class='ocrx_word' id='word_1_597' title='bbox 319 5088 622 5158; x_wconf 82' lang='lat' dir='ltr'><strong>Episcopis</strong></span> <span class='ocrx_word' id='word_1_598' title='bbox 636 5089 859 5145; x_wconf 89' lang='lat' dir='ltr'><strong>debitus</strong></span> <span class='ocrx_word' id='word_1_599' title='bbox 883 5091 1058 5146; x_wconf 88' lang='lat' dir='ltr'><strong>honos</strong></span> <span class='ocrx_word' id='word_1_600' title='bbox 1087 5102 1143 5147; x_wconf 90' lang='lat' dir='ltr'><strong>et</strong></span> <span class='ocrx_word' id='word_1_601' title='bbox 1182 5109 1263 5147; x_wconf 70' lang='lat' dir='ltr'><strong>re:</strong></span> <span class='ocrx_word' id='word_1_602' title='bbox 1278 5096 1489 5149; x_wconf 87' lang='lat' dir='ltr'><strong>erentia</strong></span> <span class='ocrx_word' id='word_1_603' title='bbox 1510 5095 1600 5150; x_wconf 91' lang='lat' dir='ltr'><strong>hic</strong></span> <span class='ocrx_word' id='word_1_604' title='bbox 1621 5095 1904 5149; x_wconf 90' lang='lat' dir='ltr'><strong>tribuitur.</strong></span> 
     </span>
    </p>
   </div>
   <div class='ocr_carea' id='block_1_84' title="bbox 318 5182 1911 5257">
    <p class='ocr_par' dir='ltr' id='par_1_84' title="bbox 318 5182 1911 5257">
     <span class='ocr_line' id='line_1_84' title="bbox 318 5182 1911 5257; baseline 0.002 -20"><span class='ocrx_word' id='word_1_605' title='bbox 318 5182 621 5237; x_wconf 86' lang='lat' dir='ltr'><strong>Catholica</strong></span> <span class='ocrx_word' id='word_1_606' title='bbox 683 5183 933 5238; x_wconf 88' lang='lat' dir='ltr'><strong>instituta</strong></span> <span class='ocrx_word' id='word_1_607' title='bbox 980 5188 1432 5256; x_wconf 65' lang='lat' dir='ltr'><strong>cierenionizeque</strong></span> <span class='ocrx_word' id='word_1_608' title='bbox 1493 5187 1567 5240; x_wconf 88' lang='lat' dir='ltr'><strong>ita</strong></span> <span class='ocrx_word' id='word_1_609' title='bbox 1625 5196 1755 5241; x_wconf 82' lang='lat' dir='ltr'><strong>sunt</strong></span> <span class='ocrx_word' id='word_1_610' title='bbox 1813 5202 1911 5257; x_wconf 88' lang='lat' dir='ltr'><strong>per</strong></span> 
     </span>
    </p>
   </div>
   <div class='ocr_carea' id='block_1_85' title="bbox 322 5274 1909 5349">
    <p class='ocr_par' dir='ltr' id='par_1_85' title="bbox 322 5274 1909 5349">
     <span class='ocr_line' id='line_1_85' title="bbox 322 5274 1909 5349; baseline 0.003 -22"><span class='ocrx_word' id='word_1_611' title='bbox 322 5274 497 5329; x_wconf 72' lang='lat' dir='ltr'><strong>hosce</strong></span> <span class='ocrx_word' id='word_1_612' title='bbox 526 5275 698 5329; x_wconf 87' lang='lat' dir='ltr'><strong>libros</strong></span> <span class='ocrx_word' id='word_1_613' title='bbox 722 5276 1025 5341; x_wconf 84' lang='lat' dir='ltr'><strong>luculenta,</strong></span> <span class='ocrx_word' id='word_1_614' title='bbox 1057 5287 1248 5331; x_wconf 91' lang='lat' dir='ltr'><strong>utnon</strong></span> <span class='ocrx_word' id='word_1_615' title='bbox 1288 5288 1444 5347; x_wconf 78' lang='lat' dir='ltr'><strong>optes</strong></span> <span class='ocrx_word' id='word_1_616' title='bbox 1478 5281 1671 5349; x_wconf 80' lang='lat' dir='ltr'><strong>magis.</strong></span> <span class='ocrx_word' id='word_1_617' title='bbox 1710 5280 1766 5333; x_wconf 92' lang='lat' dir='ltr'><strong>ln</strong></span> <span class='ocrx_word' id='word_1_618' title='bbox 1795 5281 1909 5348; x_wconf 86' lang='lat' dir='ltr'><strong>pri-</strong></span> 
     </span>
    </p>
   </div>
   <div class='ocr_carea' id='block_1_86' title="bbox 322 5368 1910 5428">
    <p class='ocr_par' dir='ltr' id='par_1_86' title="bbox 322 5368 1910 5428">
     <span class='ocr_line' id='line_1_86' title="bbox 322 5368 1910 5428; baseline 0.003 -7"><span class='ocrx_word' id='word_1_619' title='bbox 322 5370 431 5421; x_wconf 89' lang='lat' dir='ltr'><strong>mis</strong></span> <span class='ocrx_word' id='word_1_620' title='bbox 461 5382 600 5422; x_wconf 78' lang='lat' dir='ltr'><strong>vero</strong></span> <span class='ocrx_word' id='word_1_621' title='bbox 628 5368 719 5422; x_wconf 88' lang='lat' dir='ltr'><strong>Dei</strong></span> <span class='ocrx_word' id='word_1_622' title='bbox 747 5370 914 5425; x_wconf 80' lang='lat' dir='ltr'><strong>Mater</strong></span> <span class='ocrx_word' id='word_1_623' title='bbox 940 5386 1154 5426; x_wconf 78' lang='lat' dir='ltr'><strong>sumina</strong></span> <span class='ocrx_word' id='word_1_624' title='bbox 1189 5372 1244 5427; x_wconf 90' lang='lat' dir='ltr'><strong>in</strong></span> <span class='ocrx_word' id='word_1_625' title='bbox 1279 5374 1632 5428; x_wconf 76' lang='lat' dir='ltr'><strong>veneratione</strong></span> <span class='ocrx_word' id='word_1_626' title='bbox 1661 5384 1744 5428; x_wconf 79' lang='lat' dir='ltr'><strong>est</strong></span> <span class='ocrx_word' id='word_1_627' title='bbox 1776 5390 1788 5427; x_wconf 91' lang='lat'><strong>:</strong></span> <span class='ocrx_word' id='word_1_628' title='bbox 1821 5373 1910 5426; x_wconf 89' lang='lat' dir='ltr'><strong>cui</strong></span> 
     </span>
    </p>
   </div>
   <div class='ocr_carea' id='block_1_87' title="bbox 322 5457 1911 5532">
    <p class='ocr_par' dir='ltr' id='par_1_87' title="bbox 322 5457 1911 5532">
     <span class='ocr_line' id='line_1_87' title="bbox 322 5457 1911 5532; baseline 0.005 -24"><span class='ocrx_word' id='word_1_629' title='bbox 322 5464 497 5510; x_wconf 80' lang='lat' dir='ltr'><strong>etiam</strong></span> <span class='ocrx_word' id='word_1_630' title='bbox 556 5457 692 5510; x_wconf 81' lang='lat' dir='ltr'><strong>urbs</strong></span> <span class='ocrx_word' id='word_1_631' title='bbox 742 5468 852 5513; x_wconf 83' lang='lat' dir='ltr'><strong>tota</strong></span> <span class='ocrx_word' id='word_1_632' title='bbox 898 5459 1411 5532; x_wconf 85' lang='lat' dir='ltr'><strong>Constantinopolis</strong></span> <span class='ocrx_word' id='word_1_633' title='bbox 1465 5480 1495 5517; x_wconf 84' lang='lat' dir='ltr'><strong>a</strong></span> <span class='ocrx_word' id='word_1_634' title='bbox 1548 5462 1911 5518; x_wconf 79' lang='lat' dir='ltr'><strong>Constantino</strong></span> 
     </span>
    </p>
   </div>
   <div class='ocr_carea' id='block_1_88' title="bbox 320 5550 1914 5628">
    <p class='ocr_par' dir='ltr' id='par_1_88' title="bbox 320 5550 1914 5628">
     <span class='ocr_line' id='line_1_88' title="bbox 320 5550 1914 5628; baseline 0.006 -25"><span class='ocrx_word' id='word_1_635' title='bbox 320 5550 525 5612; x_wconf 73' lang='lat' dir='ltr'><strong>Magno</strong></span> <span class='ocrx_word' id='word_1_636' title='bbox 577 5554 869 5606; x_wconf 84' lang='lat' dir='ltr'><strong>commissa</strong></span> <span class='ocrx_word' id='word_1_637' title='bbox 930 5571 993 5608; x_wconf 88' lang='lat' dir='ltr'><strong>ac</strong></span> <span class='ocrx_word' id='word_1_638' title='bbox 1054 5555 1308 5611; x_wconf 88' lang='lat' dir='ltr'><strong>dedicata</strong></span> <span class='ocrx_word' id='word_1_639' title='bbox 1344 5558 1567 5628; x_wconf 76' lang='lat' dir='ltr'><strong>legitur.</strong></span> <span class='ocrx_word' id='word_1_640' title='bbox 1629 5557 1751 5614; x_wconf 81' lang='lat' dir='ltr'><strong>Vita</strong></span> <span class='ocrx_word' id='word_1_641' title='bbox 1800 5575 1914 5613; x_wconf 89' lang='lat' dir='ltr'><strong>mo-</strong></span> 
     </span>
    </p>
   </div>
   <div class='ocr_carea' id='block_1_89' title="bbox 324 5638 1916 5719">
    <p class='ocr_par' dir='ltr' id='par_1_89' title="bbox 324 5638 1916 5719">
     <span class='ocr_line' id='line_1_89' title="bbox 324 5638 1916 5719; baseline 0.007 -29"><span class='ocrx_word' id='word_1_642' title='bbox 324 5638 540 5691; x_wconf 80' lang='lat' dir='ltr'><strong>nastica</strong></span> <span class='ocrx_word' id='word_1_643' title='bbox 576 5649 663 5693; x_wconf 79' lang='lat' dir='ltr'><strong>est</strong></span> <span class='ocrx_word' id='word_1_644' title='bbox 692 5641 791 5703; x_wconf 90' lang='lat' dir='ltr'><strong>illi,</strong></span> <span class='ocrx_word' id='word_1_645' title='bbox 836 5646 1070 5713; x_wconf 66' lang='grc' dir='ltr'><strong>πρᾶγμα</strong></span> <span class='ocrx_word' id='word_1_646' title='bbox 1096 5647 1257 5699; x_wconf 59' lang='grc' dir='ltr'>καλὴν</span> <span class='ocrx_word' id='word_1_647' title='bbox 1297 5650 1389 5701; x_wconf 71' lang='grc' dir='ltr'><strong>καὶ</strong></span> <span class='ocrx_word' id='word_1_648' title='bbox 1419 5648 1684 5715; x_wconf 76' lang='grc' dir='ltr'><strong>Θεοφιλὲς,</strong></span> <span class='ocrx_word' id='word_1_649' title='bbox 1737 5649 1916 5719; x_wconf 75' lang='grc' dir='ltr'>ἀπρά-</span> 
     </span>
    </p>
   </div>
   <div class='ocr_carea' id='block_1_90' title="bbox 326 5735 1913 5813">
    <p class='ocr_par' dir='ltr' id='par_1_90' title="bbox 326 5735 1913 5813">
     <span class='ocr_line' id='line_1_90' title="bbox 326 5735 1913 5813; baseline -0.001 -16"><span class='ocrx_word' id='word_1_650' title='bbox 326 5745 491 5802; x_wconf 70' lang='grc' dir='ltr'>τμων</span> <span class='ocrx_word' id='word_1_651' title='bbox 522 5738 615 5784; x_wconf 68' lang='grc' dir='ltr'><strong>καὶ</strong></span> <span class='ocrx_word' id='word_1_652' title='bbox 654 5735 847 5805; x_wconf 55' lang='grc' dir='ltr'><strong>μεςτῖς</strong></span> <span class='ocrx_word' id='word_1_653' title='bbox 878 5737 1118 5812; x_wconf 63' lang='grc' dir='ltr'><strong>ταὶῄνης</strong></span> <span class='ocrx_word' id='word_1_654' title='bbox 1153 5740 1286 5809; x_wconf 72' lang='grc' dir='ltr'><strong>βίος,</strong></span> <span class='ocrx_word' id='word_1_655' title='bbox 1323 5741 1620 5810; x_wconf 70' lang='grc' dir='ltr'><strong>ἀκρότατος</strong></span> <span class='ocrx_word' id='word_1_656' title='bbox 1652 5740 1787 5813; x_wconf 63' lang='grc' dir='ltr'><strong>βίαις,</strong></span> <span class='ocrx_word' id='word_1_657' title='bbox 1822 5743 1913 5797; x_wconf 72' lang='grc' dir='ltr'><strong>καὶ</strong></span> 
     </span>
    </p>
   </div>
   <div class='ocr_carea' id='block_1_91' title="bbox 2004 3167 3590 3239">
    <p class='ocr_par' dir='ltr' id='par_1_91' title="bbox 2004 3167 3590 3239">
     <span class='ocr_line' id='line_1_91' title="bbox 2004 3167 3590 3239; baseline -0.004 -15"><span class='ocrx_word' id='word_1_658' title='bbox 2004 3170 2409 3239; x_wconf 87' lang='lat' dir='ltr'><strong>interpretandi</strong></span> <span class='ocrx_word' id='word_1_659' title='bbox 2443 3179 2853 3239; x_wconf 68' lang='lat' dir='ltr'><strong>praeceperunt,</strong></span> <span class='ocrx_word' id='word_1_660' title='bbox 2883 3168 3275 3237; x_wconf 88' lang='lat' dir='ltr'><strong>honorumque</strong></span> <span class='ocrx_word' id='word_1_661' title='bbox 3309 3167 3590 3234; x_wconf 88' lang='lat' dir='ltr'><strong>interpre-</strong></span> 
     </span>
    </p>
   </div>
   <div class='ocr_carea' id='block_1_92' title="bbox 2000 3245 3595 3331">
    <p class='ocr_par' dir='ltr' id='par_1_92' title="bbox 2000 3245 3595 3331">
     <span class='ocr_line' id='line_1_92' title="bbox 2000 3245 3595 3331; baseline -0.004 -15"><span class='ocrx_word' id='word_1_662' title='bbox 2000 3272 2114 3316; x_wconf 88' lang='lat' dir='ltr'><strong>tum</strong></span> <span class='ocrx_word' id='word_1_663' title='bbox 2147 3245 2543 3317; x_wconf 82' lang='lat' dir='ltr'><strong>ohservatioue</strong></span> <span class='ocrx_word' id='word_1_664' title='bbox 2610 3272 2794 3316; x_wconf 86' lang='lat' dir='ltr'><strong>mente</strong></span> <span class='ocrx_word' id='word_1_665' title='bbox 2841 3272 3163 3331; x_wconf 87' lang='lat' dir='ltr'><strong>conceptam</strong></span> <span class='ocrx_word' id='word_1_666' title='bbox 3228 3268 3391 3329; x_wconf 88' lang='lat' dir='ltr'><strong>atque</strong></span> <span class='ocrx_word' id='word_1_667' title='bbox 3423 3256 3595 3310; x_wconf 82' lang='lat' dir='ltr'><strong>infor-</strong></span> 
     </span>
    </p>
   </div>
   <div class='ocr_carea' id='block_1_93' title="bbox 2001 3348 3592 3424">
    <p class='ocr_par' dir='ltr' id='par_1_93' title="bbox 2001 3348 3592 3424">
     <span class='ocr_line' id='line_1_93' title="bbox 2001 3348 3592 3424; baseline -0.004 -17"><span class='ocrx_word' id='word_1_668' title='bbox 2001 3363 2203 3407; x_wconf 86' lang='lat' dir='ltr'><strong>matam</strong></span> <span class='ocrx_word' id='word_1_669' title='bbox 2258 3354 2588 3408; x_wconf 86' lang='lat' dir='ltr'><strong>tenebamus</strong></span> <span class='ocrx_word' id='word_1_670' title='bbox 2619 3371 2633 3411; x_wconf 91' lang='lat'><strong>:</strong></span> <span class='ocrx_word' id='word_1_671' title='bbox 2671 3368 2793 3423; x_wconf 65' lang='lat' dir='ltr'><strong>quae</strong></span> <span class='ocrx_word' id='word_1_672' title='bbox 2844 3351 3155 3424; x_wconf 73' lang='lat' dir='ltr'><strong>cuiusmodi</strong></span> <span class='ocrx_word' id='word_1_673' title='bbox 3205 3351 3313 3413; x_wconf 85' lang='lat' dir='ltr'><strong>sit,</strong></span> <span class='ocrx_word' id='word_1_674' title='bbox 3351 3351 3386 3403; x_wconf 88' lang='lat' dir='ltr'><strong>ii</strong></span> <span class='ocrx_word' id='word_1_675' title='bbox 3419 3348 3592 3419; x_wconf 84' lang='lat' dir='ltr'><strong>potis-</strong></span> 
     </span>
    </p>
   </div>
   <div class='ocr_carea' id='block_1_94' title="bbox 2001 3424 3593 3516">
    <p class='ocr_par' dir='ltr' id='par_1_94' title="bbox 2001 3424 3593 3516">
     <span class='ocr_line' id='line_1_94' title="bbox 2001 3424 3593 3516; baseline -0.004 -18"><span class='ocrx_word' id='word_1_676' title='bbox 2001 3447 2204 3498; x_wconf 89' lang='lat' dir='ltr'><strong>simum</strong></span> <span class='ocrx_word' id='word_1_677' title='bbox 2265 3446 2629 3516; x_wconf 88' lang='lat' dir='ltr'><strong>intelligunt,</strong></span> <span class='ocrx_word' id='word_1_678' title='bbox 2683 3460 2918 3515; x_wconf 88' lang='lat' dir='ltr'><strong>quorum</strong></span> <span class='ocrx_word' id='word_1_679' title='bbox 2971 3424 3242 3498; x_wconf 76' lang='lat' dir='ltr'><strong>industria</strong></span> <span class='ocrx_word' id='word_1_680' title='bbox 3286 3442 3338 3495; x_wconf 91' lang='lat' dir='ltr'><strong>in</strong></span> <span class='ocrx_word' id='word_1_681' title='bbox 3394 3440 3593 3494; x_wconf 84' lang='lat' dir='ltr'><strong>eodem</strong></span> 
     </span>
    </p>
   </div>
   <div class='ocr_carea' id='block_1_95' title="bbox 2002 3535 3683 3607">
    <p class='ocr_par' dir='ltr' id='par_1_95' title="bbox 2002 3535 3683 3607">
     <span class='ocr_line' id='line_1_95' title="bbox 2002 3535 3683 3607; baseline -0.004 -16"><span class='ocrx_word' id='word_1_682' title='bbox 2002 3536 2285 3591; x_wconf 86' lang='lat' dir='ltr'><strong>curriculo</strong></span> <span class='ocrx_word' id='word_1_683' title='bbox 2339 3553 2398 3591; x_wconf 90' lang='lat' dir='ltr'><strong>se</strong></span> <span class='ocrx_word' id='word_1_684' title='bbox 2448 3537 2750 3606; x_wconf 86' lang='lat' dir='ltr'><strong>aliquando</strong></span> <span class='ocrx_word' id='word_1_685' title='bbox 2803 3537 3123 3607; x_wconf 79' lang='lat' dir='ltr'><strong>explicavit.</strong></span> <span class='ocrx_word' id='word_1_686' title='bbox 3165 3535 3421 3591; x_wconf 86' lang='lat' dir='ltr'><strong>Codiccm</strong></span> <span class='ocrx_word' id='word_1_687' title='bbox 3469 3547 3595 3603; x_wconf 83' lang='lat' dir='ltr'><strong>per-</strong></span> <span class='ocrx_word' id='word_1_688' title='bbox 3672 3537 3683 3541; x_wconf 74' lang='grc'><strong><em>’</em></strong></span> 
     </span>
    </p>
   </div>
   <div class='ocr_carea' id='block_1_96' title="bbox 2002 3628 3597 3697">
    <p class='ocr_par' dir='ltr' id='par_1_96' title="bbox 2002 3628 3597 3697">
     <span class='ocr_line' id='line_1_96' title="bbox 2002 3628 3597 3697; baseline -0.003 -17"><span class='ocrx_word' id='word_1_689' title='bbox 2002 3645 2164 3697; x_wconf 87' lang='lat' dir='ltr'><strong>quam</strong></span> <span class='ocrx_word' id='word_1_690' title='bbox 2218 3628 2595 3695; x_wconf 85' lang='lat' dir='ltr'><strong>memlosum,</strong></span> <span class='ocrx_word' id='word_1_691' title='bbox 2655 3629 2911 3696; x_wconf 88' lang='lat' dir='ltr'><strong>maleque</strong></span> <span class='ocrx_word' id='word_1_692' title='bbox 2968 3628 3383 3695; x_wconf 86' lang='lat' dir='ltr'><strong>interpunctum</strong></span> <span class='ocrx_word' id='word_1_693' title='bbox 3437 3636 3597 3676; x_wconf 89' lang='lat' dir='ltr'><strong>acce-</strong></span> 
     </span>
    </p>
   </div>
   <div class='ocr_carea' id='block_1_97' title="bbox 2004 3718 3592 3790">
    <p class='ocr_par' dir='ltr' id='par_1_97' title="bbox 2004 3718 3592 3790">
     <span class='ocr_line' id='line_1_97' title="bbox 2004 3718 3592 3790; baseline -0.003 -19"><span class='ocrx_word' id='word_1_694' title='bbox 2004 3721 2206 3790; x_wconf 84' lang='lat' dir='ltr'><strong>pimus,</strong></span> <span class='ocrx_word' id='word_1_695' title='bbox 2238 3730 2297 3772; x_wconf 88' lang='lat' dir='ltr'><strong>ut</strong></span> <span class='ocrx_word' id='word_1_696' title='bbox 2327 3719 2578 3773; x_wconf 85' lang='lat' dir='ltr'><strong>divinare</strong></span> <span class='ocrx_word' id='word_1_697' title='bbox 2645 3730 2699 3772; x_wconf 89' lang='lat' dir='ltr'><strong>et</strong></span> <span class='ocrx_word' id='word_1_698' title='bbox 2733 3719 3012 3787; x_wconf 81' lang='lat' dir='ltr'><strong>conjicere</strong></span> <span class='ocrx_word' id='word_1_699' title='bbox 3060 3718 3384 3785; x_wconf 75' lang='lat' dir='ltr'><strong>frequenter</strong></span> <span class='ocrx_word' id='word_1_700' title='bbox 3422 3729 3592 3783; x_wconf 73' lang='lat' dir='ltr'><strong>opor~</strong></span> 
     </span>
    </p>
   </div>
   <div class='ocr_carea' id='block_1_98' title="bbox 2007 3807 3590 3879">
    <p class='ocr_par' dir='ltr' id='par_1_98' title="bbox 2007 3807 3590 3879">
     <span class='ocr_line' id='line_1_98' title="bbox 2007 3807 3590 3879; baseline -0.004 -12"><span class='ocrx_word' id='word_1_701' title='bbox 2007 3814 2192 3867; x_wconf 84' lang='lat' dir='ltr'><strong>tuerit.</strong></span> <span class='ocrx_word' id='word_1_702' title='bbox 2232 3811 2465 3864; x_wconf 88' lang='lat' dir='ltr'><strong>Nomina</strong></span> <span class='ocrx_word' id='word_1_703' title='bbox 2513 3811 2788 3873; x_wconf 86' lang='lat' dir='ltr'><strong>locorum,</strong></span> <span class='ocrx_word' id='word_1_704' title='bbox 2836 3826 2957 3879; x_wconf 75' lang='lat' dir='ltr'><strong>qua:</strong></span> <span class='ocrx_word' id='word_1_705' title='bbox 2999 3825 3100 3864; x_wconf 89' lang='lat' dir='ltr'><strong>nec</strong></span> <span class='ocrx_word' id='word_1_706' title='bbox 3128 3807 3590 3877; x_wconf 83' lang='lat' dir='ltr'><strong>diligentissimus</strong></span> 
     </span>
    </p>
   </div>
   <div class='ocr_carea' id='block_1_99' title="bbox 2002 3882 3592 3971">
    <p class='ocr_par' dir='ltr' id='par_1_99' title="bbox 2002 3882 3592 3971">
     <span class='ocr_line' id='line_1_99' title="bbox 2002 3882 3592 3971; baseline -0.001 -15"><span class='ocrx_word' id='word_1_707' title='bbox 2002 3902 2250 3956; x_wconf 76' lang='lat' dir='ltr'><strong>Ortrlius</strong></span> <span class='ocrx_word' id='word_1_708' title='bbox 2285 3901 2471 3953; x_wconf 81' lang='lat' dir='ltr'><strong>tunnia</strong></span> <span class='ocrx_word' id='word_1_709' title='bbox 2502 3900 2765 3971; x_wconf 89' lang='lat' dir='ltr'><strong>collegit,</strong></span> <span class='ocrx_word' id='word_1_710' title='bbox 2803 3882 2874 3955; x_wconf 45' lang='lat' dir='ltr'><strong>et.</strong></span> <span class='ocrx_word' id='word_1_711' title='bbox 2911 3914 3271 3970; x_wconf 87' lang='lat' dir='ltr'><strong>personarum</strong></span> <span class='ocrx_word' id='word_1_712' title='bbox 3294 3940 3309 3964; x_wconf 97' lang='lat'><strong>,</strong></span> <span class='ocrx_word' id='word_1_713' title='bbox 3344 3914 3464 3969; x_wconf 67' lang='lat' dir='ltr'><strong>quae</strong></span> <span class='ocrx_word' id='word_1_714' title='bbox 3506 3898 3592 3955; x_wconf 89' lang='lat' dir='ltr'><strong>vel</strong></span> 
     </span>
    </p>
   </div>
   <div class='ocr_carea' id='block_1_100' title="bbox 2003 3989 3594 4063">
    <p class='ocr_par' dir='ltr' id='par_1_100' title="bbox 2003 3989 3594 4063">
     <span class='ocr_line' id='line_1_100' title="bbox 2003 3989 3594 4063; baseline -0.003 -16"><span class='ocrx_word' id='word_1_715' title='bbox 2003 3991 2213 4047; x_wconf 63' lang='lat' dir='ltr'><strong>Graecia</strong></span> <span class='ocrx_word' id='word_1_716' title='bbox 2260 3992 2373 4062; x_wconf 87' lang='lat' dir='ltr'><strong>jam</strong></span> <span class='ocrx_word' id='word_1_717' title='bbox 2425 3992 2687 4048; x_wconf 84' lang='lat' dir='ltr'><strong>occidens</strong></span> <span class='ocrx_word' id='word_1_718' title='bbox 2743 4001 2800 4046; x_wconf 90' lang='lat' dir='ltr'><strong>et</strong></span> <span class='ocrx_word' id='word_1_719' title='bbox 2859 3992 3367 4063; x_wconf 73' lang='grc' dir='ltr'><strong>βεϐαρϐαρωμένη,</strong></span> <span class='ocrx_word' id='word_1_720' title='bbox 3400 3990 3485 4043; x_wconf 91' lang='lat' dir='ltr'><strong>vel</strong></span> <span class='ocrx_word' id='word_1_721' title='bbox 3528 3989 3594 4042; x_wconf 78' lang='lat' dir='ltr'><strong>li-</strong></span> 
     </span>
    </p>
   </div>
   <div class='ocr_carea' id='block_1_101' title="bbox 2005 4081 3590 4153">
    <p class='ocr_par' dir='ltr' id='par_1_101' title="bbox 2005 4081 3590 4153">
     <span class='ocr_line' id='line_1_101' title="bbox 2005 4081 3590 4153; baseline -0.004 -14"><span class='ocrx_word' id='word_1_722' title='bbox 2005 4085 2319 4139; x_wconf 87' lang='lat' dir='ltr'><strong>brariorum</strong></span> <span class='ocrx_word' id='word_1_723' title='bbox 2364 4084 2657 4138; x_wconf 87' lang='lat' dir='ltr'><strong>oscitantia</strong></span> <span class='ocrx_word' id='word_1_724' title='bbox 2705 4082 3065 4153; x_wconf 73' lang='lat' dir='ltr'><strong>depravat-at,</strong></span> <span class='ocrx_word' id='word_1_725' title='bbox 3109 4081 3312 4135; x_wconf 78' lang='lat' dir='ltr'><strong>alicubi</strong></span> <span class='ocrx_word' id='word_1_726' title='bbox 3337 4081 3405 4135; x_wconf 87' lang='lat' dir='ltr'><strong>de</strong></span> <span class='ocrx_word' id='word_1_727' title='bbox 3440 4095 3590 4134; x_wconf 83' lang='lat' dir='ltr'><strong>con-</strong></span> 
     </span>
    </p>
   </div>
   <div class='ocr_carea' id='block_1_102' title="bbox 1999 4171 3596 4247">
    <p class='ocr_par' dir='ltr' id='par_1_102' title="bbox 1999 4171 3596 4247">
     <span class='ocr_line' id='line_1_102' title="bbox 1999 4171 3596 4247; baseline -0.004 -17"><span class='ocrx_word' id='word_1_728' title='bbox 1999 4176 2217 4247; x_wconf 88' lang='lat' dir='ltr'><strong>jectura</strong></span> <span class='ocrx_word' id='word_1_729' title='bbox 2246 4174 2667 4229; x_wconf 86' lang='lat' dir='ltr'><strong>emendavimus</strong></span> <span class='ocrx_word' id='word_1_730' title='bbox 2724 4178 2869 4245; x_wconf 88' lang='lat' dir='ltr'><strong>(nam</strong></span> <span class='ocrx_word' id='word_1_731' title='bbox 2900 4173 2993 4243; x_wconf 90' lang='lat' dir='ltr'><strong>qui</strong></span> <span class='ocrx_word' id='word_1_732' title='bbox 3019 4171 3265 4233; x_wconf 87' lang='lat' dir='ltr'><strong>omnium</strong></span> <span class='ocrx_word' id='word_1_733' title='bbox 3297 4185 3481 4224; x_wconf 88' lang='lat' dir='ltr'><strong>veram</strong></span> <span class='ocrx_word' id='word_1_734' title='bbox 3538 4178 3596 4224; x_wconf 87' lang='lat' dir='ltr'><strong>et</strong></span> 
     </span>
    </p>
   </div>
   <div class='ocr_carea' id='block_1_103' title="bbox 2008 4262 3591 4342">
    <p class='ocr_par' dir='ltr' id='par_1_103' title="bbox 2008 4262 3591 4342">
     <span class='ocr_line' id='line_1_103' title="bbox 2008 4262 3591 4342; baseline -0.006 -16"><span class='ocrx_word' id='word_1_735' title='bbox 2008 4285 2330 4342; x_wconf 87' lang='lat' dir='ltr'><strong>germanam</strong></span> <span class='ocrx_word' id='word_1_736' title='bbox 2367 4269 2697 4338; x_wconf 89' lang='lat' dir='ltr'><strong>scripturam</strong></span> <span class='ocrx_word' id='word_1_737' title='bbox 2732 4265 3096 4338; x_wconf 75' lang='lat' dir='ltr'><strong>coniectando</strong></span> <span class='ocrx_word' id='word_1_738' title='bbox 3140 4264 3315 4335; x_wconf 86' lang='lat' dir='ltr'><strong>possit</strong></span> <span class='ocrx_word' id='word_1_739' title='bbox 3344 4262 3591 4334; x_wconf 81' lang='lat' dir='ltr'><strong>assequi,</strong></span> 
     </span>
    </p>
   </div>
   <div class='ocr_carea' id='block_1_104' title="bbox 2006 4358 3597 4432">
    <p class='ocr_par' dir='ltr' id='par_1_104' title="bbox 2006 4358 3597 4432">
     <span class='ocr_line' id='line_1_104' title="bbox 2006 4358 3597 4432; baseline -0.003 -16"><span class='ocrx_word' id='word_1_740' title='bbox 2006 4379 2108 4432; x_wconf 89' lang='lat' dir='ltr'><strong>ego</strong></span> <span class='ocrx_word' id='word_1_741' title='bbox 2131 4362 2352 4430; x_wconf 88' lang='lat' dir='ltr'><strong>quidem</strong></span> <span class='ocrx_word' id='word_1_742' title='bbox 2382 4360 2627 4414; x_wconf 87' lang='lat' dir='ltr'><strong>futurum</strong></span> <span class='ocrx_word' id='word_1_743' title='bbox 2658 4362 2855 4429; x_wconf 87' lang='lat' dir='ltr'><strong>opinor</strong></span> <span class='ocrx_word' id='word_1_744' title='bbox 2880 4360 3206 4423; x_wconf 82' lang='lat' dir='ltr'><strong>neminem‘,</strong></span> <span class='ocrx_word' id='word_1_745' title='bbox 3229 4358 3431 4412; x_wconf 87' lang='lat' dir='ltr'><strong>omissa</strong></span> <span class='ocrx_word' id='word_1_746' title='bbox 3448 4372 3597 4427; x_wconf 51' lang='lat' dir='ltr'><strong>quam</strong></span> 
     </span>
    </p>
   </div>
   <div class='ocr_carea' id='block_1_105' title="bbox 1937 4424 3595 4522">
    <p class='ocr_par' dir='ltr' id='par_1_105' title="bbox 1937 4424 3595 4522">
     <span class='ocr_line' id='line_1_105' title="bbox 1937 4424 3595 4522; baseline -0.004 -14"><span class='ocrx_word' id='word_1_747' title='bbox 1937 4424 1979 4480; x_wconf 73' lang='grc' dir='ltr'><strong>θ</strong></span> <span class='ocrx_word' id='word_1_748' title='bbox 2010 4424 2607 4522; x_wconf 39' lang='lat' dir='ltr'><strong>dam-supplevimus;</strong></span> <span class='ocrx_word' id='word_1_749' title='bbox 2660 4424 2714 4505; x_wconf 77' lang='lat' dir='ltr'><strong>in</strong></span> <span class='ocrx_word' id='word_1_750' title='bbox 2767 4452 3015 4518; x_wconf 73' lang='lat' dir='ltr'><strong>singulos</strong></span> <span class='ocrx_word' id='word_1_751' title='bbox 3054 4451 3229 4504; x_wconf 92' lang='lat' dir='ltr'><strong>libros</strong></span> <span class='ocrx_word' id='word_1_752' title='bbox 3285 4424 3595 4521; x_wconf 37' lang='lat' dir='ltr'><strong>perioc‘lias,</strong></span> 
     </span>
    </p>
   </div>
   <div class='ocr_carea' id='block_1_106' title="bbox 2004 4543 3598 4619">
    <p class='ocr_par' dir='ltr' id='par_1_106' title="bbox 2004 4543 3598 4619">
     <span class='ocr_line' id='line_1_106' title="bbox 2004 4543 3598 4619; baseline -0.003 -16"><span class='ocrx_word' id='word_1_753' title='bbox 2004 4564 2099 4604; x_wconf 87' lang='lat' dir='ltr'><strong>seu</strong></span> <span class='ocrx_word' id='word_1_754' title='bbox 2149 4549 2424 4619; x_wconf 87' lang='lat' dir='ltr'><strong>cpitomas</strong></span> <span class='ocrx_word' id='word_1_755' title='bbox 2481 4543 2961 4614; x_wconf 89' lang='lat' dir='ltr'><strong>conscripsimus:</strong></span> <span class='ocrx_word' id='word_1_756' title='bbox 3001 4559 3140 4613; x_wconf 89' lang='lat' dir='ltr'><strong>quas</strong></span> <span class='ocrx_word' id='word_1_757' title='bbox 3186 4552 3243 4597; x_wconf 90' lang='lat' dir='ltr'><strong>et</strong></span> <span class='ocrx_word' id='word_1_758' title='bbox 3290 4545 3499 4598; x_wconf 67' lang='lat' dir='ltr'><strong>lecturo</strong></span> <span class='ocrx_word' id='word_1_759' title='bbox 3531 4543 3598 4598; x_wconf 86' lang='lat' dir='ltr'><strong>ad</strong></span> 
     </span>
    </p>
   </div>
   <div class='ocr_carea' id='block_1_107' title="bbox 2010 4637 3599 4714">
    <p class='ocr_par' dir='ltr' id='par_1_107' title="bbox 2010 4637 3599 4714">
     <span class='ocr_line' id='line_1_107' title="bbox 2010 4637 3599 4714; baseline -0.006 -18"><span class='ocrx_word' id='word_1_760' title='bbox 2010 4640 2488 4714; x_wconf 70' lang='grc' dir='ltr'><strong>προπαραςκευὴν</strong></span> <span class='ocrx_word' id='word_1_761' title='bbox 2517 4680 2533 4706; x_wconf 88' lang='grc'><em>,</em></span> <span class='ocrx_word' id='word_1_762' title='bbox 2585 4648 2642 4693; x_wconf 92' lang='lat' dir='ltr'><strong>et</strong></span> <span class='ocrx_word' id='word_1_763' title='bbox 2676 4639 2727 4693; x_wconf 90' lang='lat' dir='ltr'><strong>ei</strong></span> <span class='ocrx_word' id='word_1_764' title='bbox 2767 4639 2862 4709; x_wconf 92' lang='lat' dir='ltr'><strong>qui</strong></span> <span class='ocrx_word' id='word_1_765' title='bbox 2902 4639 3014 4709; x_wconf 87' lang='lat' dir='ltr'><strong>jam</strong></span> <span class='ocrx_word' id='word_1_766' title='bbox 3074 4638 3249 4708; x_wconf 84' lang='lat' dir='ltr'><strong>legit,</strong></span> <span class='ocrx_word' id='word_1_767' title='bbox 3299 4637 3366 4691; x_wconf 90' lang='lat' dir='ltr'><strong>ad</strong></span> <span class='ocrx_word' id='word_1_768' title='bbox 3399 4637 3599 4690; x_wconf 79' lang='grc' dir='ltr'><strong>ἀνακε-</strong></span> 
     </span>
    </p>
   </div>
   <div class='ocr_carea' id='block_1_108' title="bbox 2008 4717 3689 4806">
    <p class='ocr_par' dir='ltr' id='par_1_108' title="bbox 2008 4717 3689 4806">
     <span class='ocr_line' id='line_1_108' title="bbox 2008 4717 3689 4806; baseline -0.001 -18"><span class='ocrx_word' id='word_1_769' title='bbox 2008 4737 2314 4806; x_wconf 74' lang='grc' dir='ltr'>φαλαίωσιν</span> <span class='ocrx_word' id='word_1_770' title='bbox 2358 4734 2524 4788; x_wconf 90' lang='lat' dir='ltr'><strong>utiles</strong></span> <span class='ocrx_word' id='word_1_771' title='bbox 2576 4733 2696 4788; x_wconf 87' lang='lat' dir='ltr'><strong>fore</strong></span> <span class='ocrx_word' id='word_1_772' title='bbox 2747 4731 3128 4787; x_wconf 80' lang='lat' dir='ltr'><strong>confidimus:</strong></span> <span class='ocrx_word' id='word_1_773' title='bbox 3164 4717 3637 4786; x_wconf 19' lang='lat' dir='ltr'><strong>relictis&#39;seclioo‘</strong></span> <span class='ocrx_word' id='word_1_774' title='bbox 3684 4783 3689 4787; x_wconf 80' lang='lat'><strong>.</strong></span> 
     </span>
    </p>
   </div>
   <div class='ocr_carea' id='block_1_109' title="bbox 2008 4820 3595 4896">
    <p class='ocr_par' dir='ltr' id='par_1_109' title="bbox 2008 4820 3595 4896">
     <span class='ocr_line' id='line_1_109' title="bbox 2008 4820 3595 4896; baseline -0.006 -14"><span class='ocrx_word' id='word_1_775' title='bbox 2008 4829 2173 4883; x_wconf 87' lang='lat' dir='ltr'><strong>nibus</strong></span> <span class='ocrx_word' id='word_1_776' title='bbox 2203 4829 2365 4896; x_wconf 85' lang='lat' dir='ltr'><strong>(quas</strong></span> <span class='ocrx_word' id='word_1_777' title='bbox 2398 4825 2454 4879; x_wconf 92' lang='lat' dir='ltr'><strong>in</strong></span> <span class='ocrx_word' id='word_1_778' title='bbox 2508 4824 2789 4894; x_wconf 89' lang='lat' dir='ltr'><strong>plerisque</strong></span> <span class='ocrx_word' id='word_1_779' title='bbox 2819 4821 3114 4878; x_wconf 77' lang='lat' dir='ltr'><strong>codicibus</strong></span> <span class='ocrx_word' id='word_1_780' title='bbox 3140 4862 3155 4886; x_wconf 94' lang='lat'><strong>,</strong></span> <span class='ocrx_word' id='word_1_781' title='bbox 3195 4824 3309 4877; x_wconf 91' lang='lat' dir='ltr'><strong>sive</strong></span> <span class='ocrx_word' id='word_1_782' title='bbox 3361 4820 3595 4884; x_wconf 87' lang='lat' dir='ltr'><strong>scribas,</strong></span> 
     </span>
    </p>
   </div>
   <div class='ocr_carea' id='block_1_110' title="bbox 2008 4915 3668 4985">
    <p class='ocr_par' dir='ltr' id='par_1_110' title="bbox 2008 4915 3668 4985">
     <span class='ocr_line' id='line_1_110' title="bbox 2008 4915 3668 4985; baseline -0.004 -11"><span class='ocrx_word' id='word_1_783' title='bbox 2008 4925 2124 4976; x_wconf 88' lang='lat' dir='ltr'><strong>sive</strong></span> <span class='ocrx_word' id='word_1_784' title='bbox 2149 4919 2416 4981; x_wconf 90' lang='lat' dir='ltr'><strong>lectores,</strong></span> <span class='ocrx_word' id='word_1_785' title='bbox 2453 4933 2565 4970; x_wconf 90' lang='lat' dir='ltr'><strong>non</strong></span> <span class='ocrx_word' id='word_1_786' title='bbox 2615 4916 2768 4985; x_wconf 91' lang='lat' dir='ltr'><strong>ipsos</strong></span> <span class='ocrx_word' id='word_1_787' title='bbox 2814 4924 3075 4970; x_wconf 90' lang='lat' dir='ltr'><strong>auctores</strong></span> <span class='ocrx_word' id='word_1_788' title='bbox 3126 4915 3469 4985; x_wconf 75' lang='lat' dir='ltr'><strong>excogitasse</strong></span> <span class='ocrx_word' id='word_1_789' title='bbox 3544 4920 3601 4969; x_wconf 86' lang='lat' dir='ltr'><strong>et</strong></span> <span class='ocrx_word' id='word_1_790' title='bbox 3664 4950 3668 4955; x_wconf 66' lang='grc' dir='ltr'><em>η</em></span> 
     </span>
    </p>
   </div>
   <div class='ocr_carea' id='block_1_111' title="bbox 2010 5001 3605 5075">
    <p class='ocr_par' dir='ltr' id='par_1_111' title="bbox 2010 5001 3605 5075">
     <span class='ocr_line' id='line_1_111' title="bbox 2010 5001 3605 5075; baseline -0.007 -10"><span class='ocrx_word' id='word_1_791' title='bbox 2010 5010 2335 5065; x_wconf 87' lang='lat' dir='ltr'><strong>adhibuisse</strong></span> <span class='ocrx_word' id='word_1_792' title='bbox 2378 5008 2524 5075; x_wconf 88' lang='lat' dir='ltr'><strong>reor)</strong></span> <span class='ocrx_word' id='word_1_793' title='bbox 2557 5006 2704 5075; x_wconf 88' lang='lat' dir='ltr'><strong>quod</strong></span> <span class='ocrx_word' id='word_1_794' title='bbox 2759 5006 2923 5060; x_wconf 90' lang='lat' dir='ltr'><strong>modo</strong></span> <span class='ocrx_word' id='word_1_795' title='bbox 2956 5006 3124 5061; x_wconf 89' lang='lat' dir='ltr'><strong>nimis</strong></span> <span class='ocrx_word' id='word_1_796' title='bbox 3173 5006 3401 5068; x_wconf 75' lang='lat' dir='ltr'><strong>crebrze,</strong></span> <span class='ocrx_word' id='word_1_797' title='bbox 3438 5001 3605 5056; x_wconf 89' lang='lat' dir='ltr'><strong>modo</strong></span> 
     </span>
    </p>
   </div>
   <div class='ocr_carea' id='block_1_112' title="bbox 2012 5095 3603 5169">
    <p class='ocr_par' dir='ltr' id='par_1_112' title="bbox 2012 5095 3603 5169">
     <span class='ocr_line' id='line_1_112' title="bbox 2012 5095 3603 5169; baseline -0.005 -13"><span class='ocrx_word' id='word_1_798' title='bbox 2012 5101 2204 5156; x_wconf 85' lang='lat' dir='ltr'><strong>nimis-</strong></span> <span class='ocrx_word' id='word_1_799' title='bbox 2239 5116 2411 5160; x_wconf 74' lang='lat' dir='ltr'><strong>rarm,</strong></span> <span class='ocrx_word' id='word_1_800' title='bbox 2460 5100 2664 5168; x_wconf 65' lang='lat' dir='ltr'><strong>saepius</strong></span> <span class='ocrx_word' id='word_1_801' title='bbox 2713 5110 3101 5169; x_wconf 71' lang='lat' dir='ltr'><strong>argumentum</strong></span> <span class='ocrx_word' id='word_1_802' title='bbox 3157 5098 3244 5150; x_wconf 77' lang='lat' dir='ltr'><strong>vix</strong></span> <span class='ocrx_word' id='word_1_803' title='bbox 3288 5112 3353 5151; x_wconf 78' lang='lat' dir='ltr'><strong>ex</strong></span> <span class='ocrx_word' id='word_1_804' title='bbox 3403 5095 3603 5150; x_wconf 83' lang='lat' dir='ltr'><strong>triente</strong></span> 
     </span>
    </p>
   </div>
   <div class='ocr_carea' id='block_1_113' title="bbox 1970 5189 3604 5273">
    <p class='ocr_par' dir='ltr' id='par_1_113' title="bbox 1970 5189 3604 5273">
     <span class='ocr_line' id='line_1_113' title="bbox 1970 5189 3604 5273; baseline -0.006 -24"><span class='ocrx_word' id='word_1_805' title='bbox 1970 5263 1981 5273; x_wconf 88' lang='lat'>_</span> <span class='ocrx_word' id='word_1_806' title='bbox 2015 5194 2590 5263; x_wconf 86' lang='lat' dir='ltr'><strong>comprehenderent,</strong></span> <span class='ocrx_word' id='word_1_807' title='bbox 2622 5192 2675 5245; x_wconf 91' lang='lat' dir='ltr'><strong>in</strong></span> <span class='ocrx_word' id='word_1_808' title='bbox 2713 5192 2889 5262; x_wconf 84' lang='lat' dir='ltr'><strong>capita</strong></span> <span class='ocrx_word' id='word_1_809' title='bbox 2919 5230 2934 5254; x_wconf 94' lang='lat'><strong>,</strong></span> <span class='ocrx_word' id='word_1_810' title='bbox 2970 5207 3122 5245; x_wconf 90' lang='lat' dir='ltr'><strong>more</strong></span> <span class='ocrx_word' id='word_1_811' title='bbox 3166 5189 3485 5243; x_wconf 80' lang='lat' dir='ltr'><strong>Latinorum</strong></span> <span class='ocrx_word' id='word_1_812' title='bbox 3516 5195 3604 5240; x_wconf 86' lang='lat' dir='ltr'><strong>to-</strong></span> 
     </span>
    </p>
   </div>
   <div class='ocr_carea' id='block_1_114' title="bbox 2015 5277 3604 5354">
    <p class='ocr_par' dir='ltr' id='par_1_114' title="bbox 2015 5277 3604 5354">
     <span class='ocr_line' id='line_1_114' title="bbox 2015 5277 3604 5354; baseline -0.005 -17"><span class='ocrx_word' id='word_1_813' title='bbox 2015 5294 2132 5339; x_wconf 87' lang='lat' dir='ltr'><strong>tum</strong></span> <span class='ocrx_word' id='word_1_814' title='bbox 2163 5300 2367 5353; x_wconf 88' lang='lat' dir='ltr'><strong>corpus</strong></span> <span class='ocrx_word' id='word_1_815' title='bbox 2394 5284 2687 5339; x_wconf 87' lang='lat' dir='ltr'><strong>divisimus</strong></span> <span class='ocrx_word' id='word_1_816' title='bbox 2713 5323 2728 5345; x_wconf 91' lang='lat'><strong>,</strong></span> <span class='ocrx_word' id='word_1_817' title='bbox 2775 5292 2832 5337; x_wconf 88' lang='lat' dir='ltr'><strong>et</strong></span> <span class='ocrx_word' id='word_1_818' title='bbox 2860 5282 2927 5336; x_wconf 90' lang='lat' dir='ltr'><strong>ad</strong></span> <span class='ocrx_word' id='word_1_819' title='bbox 2970 5283 3239 5354; x_wconf 80' lang='lat' dir='ltr'><strong>cujusque</strong></span> <span class='ocrx_word' id='word_1_820' title='bbox 3269 5278 3465 5347; x_wconf 89' lang='lat' dir='ltr'><strong>capitis</strong></span> <span class='ocrx_word' id='word_1_821' title='bbox 3496 5277 3604 5331; x_wconf 89' lang='lat' dir='ltr'><strong>ini-</strong></span> 
     </span>
    </p>
   </div>
   <div class='ocr_carea' id='block_1_115' title="bbox 2019 5375 3604 5448">
    <p class='ocr_par' dir='ltr' id='par_1_115' title="bbox 2019 5375 3604 5448">
     <span class='ocr_line' id='line_1_115' title="bbox 2019 5375 3604 5448; baseline -0.006 -15"><span class='ocrx_word' id='word_1_822' title='bbox 2019 5379 2152 5433; x_wconf 89' lang='lat' dir='ltr'><strong>tium</strong></span> <span class='ocrx_word' id='word_1_823' title='bbox 2217 5378 2340 5448; x_wconf 85' lang='lat' dir='ltr'><strong>ejus</strong></span> <span class='ocrx_word' id='word_1_824' title='bbox 2415 5392 2684 5431; x_wconf 87' lang='lat' dir='ltr'><strong>summam</strong></span> <span class='ocrx_word' id='word_1_825' title='bbox 2755 5375 3119 5444; x_wconf 86' lang='lat' dir='ltr'><strong>apposuimus</strong></span> <span class='ocrx_word' id='word_1_826' title='bbox 3167 5380 3475 5440; x_wconf 89' lang='lat' dir='ltr'><strong>notasque,</strong></span> <span class='ocrx_word' id='word_1_827' title='bbox 3545 5378 3604 5423; x_wconf 92' lang='lat' dir='ltr'><strong>ut</strong></span> 
     </span>
    </p>
   </div>
   <div class='ocr_carea' id='block_1_116' title="bbox 2015 5462 3603 5536">
    <p class='ocr_par' dir='ltr' id='par_1_116' title="bbox 2015 5462 3603 5536">
     <span class='ocr_line' id='line_1_116' title="bbox 2015 5462 3603 5536; baseline -0.001 -20"><span class='ocrx_word' id='word_1_828' title='bbox 2015 5476 2280 5536; x_wconf 86' lang='lat' dir='ltr'><strong>quantum</strong></span> <span class='ocrx_word' id='word_1_829' title='bbox 2315 5470 2551 5520; x_wconf 78' lang='lat' dir='ltr'><strong>maxime</strong></span> <span class='ocrx_word' id='word_1_830' title='bbox 2600 5482 2889 5535; x_wconf 73' lang='lat' dir='ltr'><strong>possemus</strong></span> <span class='ocrx_word' id='word_1_831' title='bbox 2914 5507 2929 5530; x_wconf 94' lang='lat'><strong>,</strong></span> <span class='ocrx_word' id='word_1_832' title='bbox 2963 5475 3018 5518; x_wconf 87' lang='lat' dir='ltr'><strong>et</strong></span> <span class='ocrx_word' id='word_1_833' title='bbox 3069 5465 3219 5517; x_wconf 90' lang='lat' dir='ltr'><strong>hisce</strong></span> <span class='ocrx_word' id='word_1_834' title='bbox 3266 5462 3518 5524; x_wconf 86' lang='lat' dir='ltr'><strong>summis,</strong></span> <span class='ocrx_word' id='word_1_835' title='bbox 3547 5469 3603 5516; x_wconf 85' lang='lat' dir='ltr'><strong>ct</strong></span> 
     </span>
    </p>
   </div>
   <div class='ocr_carea' id='block_1_117' title="bbox 2019 5554 3601 5627">
    <p class='ocr_par' dir='ltr' id='par_1_117' title="bbox 2019 5554 3601 5627">
     <span class='ocr_line' id='line_1_117' title="bbox 2019 5554 3601 5627; baseline -0.004 -15"><span class='ocrx_word' id='word_1_836' title='bbox 2019 5559 2127 5613; x_wconf 87' lang='lat' dir='ltr'><strong>illis</strong></span> <span class='ocrx_word' id='word_1_837' title='bbox 2161 5559 2421 5627; x_wconf 89' lang='lat' dir='ltr'><strong>epitomis</strong></span> <span class='ocrx_word' id='word_1_838' title='bbox 2454 5558 2651 5612; x_wconf 86' lang='lat' dir='ltr'><strong>lectori</strong></span> <span class='ocrx_word' id='word_1_839' title='bbox 2685 5558 2870 5611; x_wconf 88' lang='lat' dir='ltr'><strong>lumen</strong></span> <span class='ocrx_word' id='word_1_840' title='bbox 2898 5556 3401 5625; x_wconf 73' lang='lat' dir='ltr'><strong>prarpamlcremus.</strong></span> <span class='ocrx_word' id='word_1_841' title='bbox 3427 5554 3601 5607; x_wconf 90' lang='lat' dir='ltr'><strong>Locos</strong></span> 
     </span>
    </p>
   </div>
   <div class='ocr_carea' id='block_1_118' title="bbox 2016 5634 3593 5720">
    <p class='ocr_par' dir='ltr' id='par_1_118' title="bbox 2016 5634 3593 5720">
     <span class='ocr_line' id='line_1_118' title="bbox 2016 5634 3593 5720; baseline -0.005 -15"><span class='ocrx_word' id='word_1_842' title='bbox 2016 5652 2230 5720; x_wconf 83' lang='lat' dir='ltr'><strong>aliquot</strong></span> <span class='ocrx_word' id='word_1_843' title='bbox 2267 5666 2458 5718; x_wconf 90' lang='lat' dir='ltr'><strong>parum</strong></span> <span class='ocrx_word' id='word_1_844' title='bbox 2503 5664 2700 5713; x_wconf 86' lang='lat' dir='ltr'><strong>sanos,</strong></span> <span class='ocrx_word' id='word_1_845' title='bbox 2732 5634 3013 5717; x_wconf 68' lang='lat' dir='ltr'><strong>pra-textis</strong></span> <span class='ocrx_word' id='word_1_846' title='bbox 3064 5649 3118 5701; x_wconf 90' lang='lat' dir='ltr'><strong>in</strong></span> <span class='ocrx_word' id='word_1_847' title='bbox 3171 5647 3291 5718; x_wconf 89' lang='lat' dir='ltr'><strong>ipso</strong></span> <span class='ocrx_word' id='word_1_848' title='bbox 3332 5655 3593 5701; x_wconf 76' lang='lat' dir='ltr'><strong>contextu</strong></span> 
     </span>
    </p>
   </div>
   <div class='ocr_carea' id='block_1_119' title="bbox 2018 5738 3585 5812">
    <p class='ocr_par' dir='ltr' id='par_1_119' title="bbox 2018 5738 3585 5812">
     <span class='ocr_line' id='line_1_119' title="bbox 2018 5738 3585 5812; baseline -0.006 -13"><span class='ocrx_word' id='word_1_849' title='bbox 2018 5740 2596 5799; x_wconf 84' lang='lat' dir='ltr'><strong>animadversionibus</strong></span> <span class='ocrx_word' id='word_1_850' title='bbox 2668 5740 3129 5812; x_wconf 79' lang='lat' dir='ltr'><strong>perstrinximus,</strong></span> <span class='ocrx_word' id='word_1_851' title='bbox 3174 5755 3312 5811; x_wconf 88' lang='lat' dir='ltr'><strong>quas</strong></span> <span class='ocrx_word' id='word_1_852' title='bbox 3361 5738 3585 5809; x_wconf 83' lang='lat' dir='ltr'><strong>quidem</strong></span> 
     </span>
    </p>
   </div>
  </div>
