4038 6212
359 291 433 354 27
1502 287 1851 349 JOANNES
1889 289 2511 353 CANI‘ACUZENUS.
3438 293 3447 301 ’
3539 299 3610 362 23

362 406 556 469 rogatu
589 404 784 454 nostro
814 396 1054 454 Jacobus
1078 396 1703 461 Gretserus,societatis
1739 406 1938 451 nostrae
1968 400 2013 455 Α
2042 419 2149 473 que
2175 413 2236 457 ut
2267 405 2340 459 ab
2371 402 2656 459 historicis
2687 404 2971 471 abeamus,
3023 412 3080 461 et
3105 404 3171 459 ad
3199 405 3338 462 alios
3371 410 3611 478 scripto-

364 490 687 561 theologus,
717 499 774 544 et
799 489 856 544 in
880 490 1158 546 academia
1206 490 1608 560 lngolstadiana
1657 489 1934 559 professor

363 584 679 639 ordinarius
736 584 1093 653 conscripsit.
1127 583 1195 637 Et
1225 584 1339 638 haec
1366 582 1599 636 fecimus
1624 621 1638 644 .
1673 582 1846 645 magis
1878 589 1951 634 ut.

364 672 662 726 candorem
704 683 951 727 nostrum
980 673 1141 727 bonis
1169 672 1322 726 viris’
1339 672 1696 740 probaremus
1721 711 1737 735 ,
1771 685 1934 739 quam

367 762 513 829 quod
554 763 689 827 illa,
735 764 1143 833 qualiacunque
1195 773 1366 828 sunt,
1429 764 1534 817 hoc
1584 764 1806 832 quidem
1839 778 1939 816 sae-

366 853 494 906 culo
520 892 535 915 ,
582 861 639 908 et
676 854 730 907 in
764 855 850 908 his
879 856 1040 908 terris
1096 855 1160 907 ad
1202 848 1533 923 queinquam
1582 853 1936 908 inficiendum

368 945 896 1015 depravandumque
980 949 1210 1002 valitura
1287 947 1732 1001 formidarcmus.
1806 946 1939 1013 Quis

368 1035 516 1089 enim
558 1038 775 1103 nescit,
825 1041 987 1094 etiam
1030 1040 1125 1108 qui
1177 1040 1395 1093 litteras
1427 1053 1547 1093 non‘
1587 1038 1799 1103 didicit,
1830 1053 1937 1091 non

369 1134 488 1180 tum
517 1129 755 1195 primum
784 1168 801 1194 ,
851 1130 1230 1200 propendente
1278 1131 1490 1186 scilicet
1526 1131 1636 1200 jam
1684 1130 1750 1183 ad
1782 1144 1943 1184 ocea-

370 1233 491 1272 sum
525 1219 754 1287 imperio
778 1262 793 1284 ,
828 1222 923 1275 sed
966 1222 1153 1277 multis
1176 1231 1301 1277 ante
1347 1237 1615 1276 annorum
1644 1212 1936 1284 'eenturiis,

369 1315 511 1379 peu’e
547 1319 672 1381 post
705 1315 1223 1381 octingentesimum
1273 1315 1456 1367 statim
1503 1312 1572 1367 ab
1606 1312 1730 1372 ortu
1777 1312 1940 1367 Chri-

371 1404 478 1466 sti,
524 1404 859 1459 Orientalem
897 1407 1202 1461 Ecelesiam
1233 1423 1262 1461 a
1306 1407 1553 1460 Romana
1605 1406 1945 1460 secessisse?

371 1496 648 1551 Feruntur
700 1498 830 1551 item
877 1499 1127 1553 historici
1180 1515 1291 1575 non
1342 1499 1543 1568 pauci,
1596 1498 1701 1552 hoc
1747 1508 1941 1552 nostro

372 1592 571 1656 partim
599 1590 965 1659 antiquiores,
998 1592 1195 1659 partim
1228 1590 1599 1654 recentiores,
1634 1605 1777 1658 quos
1815 1605 1939 1661 cum

374 1676 441 1729 ad
486 1693 656 1730 unum
706 1680 792 1732 vel
852 1679 905 1732 in
952 1679 1272 1743 haereticis,
1311 1679 1396 1733 vel
1459 1678 1515 1731 in
1571 1677 1937 1732 schismaticis

368 1768 493 1838 jure
527 1784 883 1823 numeremus
903 1811 916 1832 ,
964 1770 1114 1823 nullo
1144 1778 1324 1823 tamen
1369 1784 1558 1823 eorum
1588 1767 1706 1822 sine
1736 1766 1938 1834 aliquo,

374 1859 634 1913 omnibus
667 1861 830 1913 simul
867 1861 986 1914 sine
1032 1860 1270 1914 maximo
1318 1859 1654 1914 detrimento
1700 1857 1940 1912 Ecclesia

380 1947 624 2003 liomana
683 1966 870 2004 carere
914 1966 1026 2004 non
1080 1959 1280 2020 potest.
1333 1949 1453 2006 Vin’
1502 1958 1557 2003 tu
1604 1949 1797 2002 audire
1847 1946 1941 2015 qui

379 2038 550 2093 siuti.
589 2040 925 2095 Sozomcuus
992 2054 1047 2096 et
1101 2042 1361 2096 Socrates
1405 2040 1599 2096 Novati
1654 2038 1941 2109 perfidiam

375 2131 568 2185 sectati
600 2141 747 2187 sunt.
783 2132 1028 2198 Quorum
1080 2134 1170 2187 hic
1216 2150 1326 2188 non
1370 2134 1551 2188 oblata
1600 2133 1779 2187 solum
1803 2172 1817 2194 ,
1846 2131 1942 2185 sed

378 2222 658 2277 interdum
715 2225 880 2277 etiam
952 2226 1180 2292 quaesita
1255 2227 1545 2280 occasione
1610 2223 1946 2279 Novatianos

376 2313 611 2368 libenter
642 2315 859 2381 laudat,
909 2317 1042 2387 ipsis
1091 2319 1351 2373 miracula
1403 2319 1633 2383 tribuit,
1669 2317 1945 2371 Romano-

376 2420 499 2459 rum
547 2407 866 2473 pontificum
923 2410 1218 2475 potentiam
1277 2410 1516 2478 exagitat
1555 2427 1569 2462 :
1618 2425 1739 2478 qua:
1764 2409 1947 2462 omnia

376 2496 613 2550 Jacohus
642 2498 836 2553 Billius
865 2500 1120 2554 eruditus
1169 2501 1456 2570 theologus
1486 2498 1946 2553 Observationum

377 2600 658 2640 sacrarum
692 2589 834 2641 libro
863 2592 1077 2658 primo,
1108 2573 1308 2659 capite
1360 2591 1637 2645 vicesimo.
1672 2606 1826 2646 sexto
1858 2591 1946 2644 lu-

378 2676 630 2732 culenter
682 2679 1044 2734 demonstrat.
1109 2683 1185 2736 De
1234 2682 1548 2749 Nicephoro
1600 2682 1827 2737 Callisto
1880 2683 1948 2738 li-

382 2768 513 2837 quet
541 2763 607 2823 ex
658 2771 929 2825 Gennadii
978 2774 1240 2843 Apologia
1285 2788 1387 2843 pro
1436 2775 1671 2829 concilio
1721 2768 1949 2832 Floren-

386 2861 540 2924 tino,
600 2861 690 2915 ubi
735 2862 854 2931 ejus
896 2878 1007 2916 non
1061 2874 1166 2917 tam
1216 2864 1672 2935 scripta,quam~
1704 2868 1962 2929 convicia,

386 2963 574 3005 contra
613 2951 839 3007 Latinos
868 2953 1213 3020 refelluntur,
1248 2965 1308 3009 ut
1347 2956 1416 3010 de
1453 2956 1521 3011 iis
1550 2974 1672 3027 qua:
1718 2961 1950 3029 sparsim

385 3042 440 3096 in
478 3043 762 3097 historiam
801 3060 951 3098 suam
985 3046 1204 3100 sinistra
1259 3048 1534 3114 inseruit,
1582 3051 1717 3105 nihil
1750 3053 1946 3105 dicam.
1980 3083 2022 3141 ο
2054 3055 2109 3100 et
2158 3046 2490 3114 inquirimus
2534 3062 2548 3098 :

386 3133 653 3187 Zonaram
686 3134 853 3187 fuisse
878 3136 1315 3203 schismatieum,
1351 3139 1540 3192 testari
1576 3148 1807 3208 possunt
1833 3142 1953 3211 ejus

387 3234 647 3292 poemata
683 3224 1091 3303 aculeatissima
1133 3227 1199 3280 de
1231 3229 1582 3297 proccssione
1631 3231 1803 3284 sancti
1835 3230 1957 3301 Spi-

388 3315 529 3367 ritus
558 3355 571 3375 ,
623 3325 677 3368 et
712 3315 819 3369 alia
874 3316 1138 3371 adversus
1188 3318 1411 3372 Latinos
1454 3321 1793 3389 composita,
1836 3339 1957 3391 qua:

393 3405 787 3460 Genebrardus
836 3406 964 3461 dum
998 3420 1387 3474 converteret,
1439 3426 1499 3465 se
1546 3411 1958 3469 criminationes

381 3498 513 3551 illas
548 3497 805 3554 omisisse
850 3510 1060 3555 narrat.
1110 3501 1184 3554 De
1241 3500 1599 3571 Paehymerio
1648 3504 1790 3557 idem
1829 3520 1960 3559 eon-

294 3582 301 3591 ’
390 3598 536 3644 stare
584 3600 763 3659 potest
818 3607 884 3645 ex
929 3592 1202 3659 adjunctis
1246 3592 1312 3646 ad
1348 3592 1644 3664 Gregoram
1679 3595 1955 3663 Latipum.
1998 3630 2005 3631 ί

391 3678 465 3731 Ea
502 3689 630 3733 sunt
659 3681 838 3750 capita
868 3722 883 3746 ,
929 3697 1025 3735 seu
1055 3683 1157 3736 loci
1214 3699 1394 3735 rerum
1448 3686 1713 3740 memoria
1766 3688 1958 3756 digna-

392 3785 515 3840 rum
536 3811 551 3833 ,
581 3788 611 3826 e.
638 3773 830 3826 codice
864 3776 1219 3842 Augustano,
1254 3774 1402 3828 carie
1433 3775 1684 3834 confecto
1730 3785 1780 3830 et
1836 3793 1958 3830 mu—

392 3860 528 3920 tilo,
564 3876 663 3929 per
713 3862 963 3930 singulos
998 3861 1174 3916 libros
1223 3864 1464 3932 excerpti
1497 3880 1510 3917 :
1543 3864 1702 3931 cujus
1744 3865 1961 3920 animus

393 3949 448 4003 in
504 3950 810 4005 Romanam
856 3951 1162 4005 Ecclesiam
1215 3940 1394 4021 qualis
1440 3952 1719 4013 fuerit.cx
1747 3953 1959 4021 quinto,

394 4053 551 4096 sexto
576 4082 590 4104 .
622 4054 678 4098 et
712 4054 906 4097 octavo
935 4045 1285 4112 potissimum
1318 4046 1475 4099 libris
1506 4044 1962 4115 deprehenditur.

393 4133 767 4203 Nicephorum
815 4134 1110 4205 Gregoram
1151 4151 1369 4205 quoque
1418 4146 1473 4190 et
1512 4135 1756 4190 Nicetam
1819 4136 1965 4192 Cho-

395 4224 602 4277 niatam
650 4241 845 4279 eorum
901 4235 1254 4280 monumenta
1335 4227 1595 4296 produnt.
1650 4213 1803 4283 Adde
1857 4229 1965 4282 huc

397 4314 747 4376 Cedrenutn,
814 4314 1077 4385 Glycam,
1144 4315 1564 4371 Constantinum
1636 4318 1960 4383 Mauassem,

2046 510 2137 549 res
2188 496 2512 561 veniamus,
2561 493 2826 564 Origenes
2867 505 2925 552 et
3000 496 3374 554 Tertullianus
3421 501 3613 571 quales

2041 586 2262 640 tandem
2309 586 2582 658 fuerunt?
2622 602 2806 643 nonne
2853 603 3045 642 eorum
3086 589 3323 645 haereses
3352 593 3615 646 exstant?

2039 678 2315 733 Feruntur
2342 678 2836 734 Demonstrationes
2862 679 3180 749 evangelica:
3207 680 3428 735 Eusebii
3453 682 3614 736 Pant-

2042 771 2175 840 phili
2199 812 2213 833 ,
2245 772 2298 825 in
2338 774 2548 841 quibus
2576 782 2765 841 aperte
2792 779 2848 825 et
2902 773 3104 840 sacpius
3128 770 3397 839 ἀριανίζει
3416 812 3431 836 ,
3463 773 3609 841 quod

2043 861 2396 915 doctissimus
2444 861 2640 915 Billius
2671 858 3108 914 Observationum
3141 860 3241 915 lib.
3281 876 3333 922 ι.
3369 876 3490 930 cap.
3519 861 3609 927 27,

2042 950 2201 1018 plane
2253 965 2316 1005 ac
2373 951 2579 1006 diserte
2626 950 2892 1005 ostendit.
2938 950 3081 1017 Quid
3124 945 3613 1006 'Demonstrationes

2041 1041 2405 1110 evangelicte?
2476 1042 2671 1097 Stat-im
2734 1042 2788 1096 in
2846 1042 2965 1112 ipso
3020 1043 3294 1113 principio
3352 1044 3616 1097 Ecclesia—

2044 1135 2198 1188 sticaa
2228 1120 2348 1204 ejus
2396 1135 2653 1190 Historia:
2701 1136 2834 1205 (quo
2868 1144 3226 1190 monumento
3273 1136 3410 1190 nihil
3443 1136 3615 1190 habe-

2042 1239 2166 1278 mus
2234 1202 2289 1279 in
2344 1226 2625 1296 republica
2677 1202 2993 1281 Christiana
3047 1226 3355 1295 illustrius)
3407 1227 3613 1280 ariaui-
3664 1202 3675 1220 ’

2042 1330 2190 1369 smos
2234 1316 2443 1385 aliquot
2491 1318 2748 1372 observat
2793 1326 2942 1372 tomo
2994 1319 3156 1372 tertio
3181 1317 3474 1372 Annalium
3506 1319 3615 1371 Ζο-

2043 1421 2228 1459 naras.
2285 1407 2427 1461 Sunt
2475 1409 2528 1461 in
2565 1408 2818 1463 manibus
2852 1409 3202 1463 Monumenta
3249 1409 3452 1474 Photii,
3487 1420 3613 1465 sunt

2045 1495 2325 1551 Theodori
2365 1497 2708 1552 Balsamonis
2736 1538 2750 1558 .
2772 1527 2779 1534 -
2803 1499 2897 1566 qui
2955 1498 3182 1553 Latinos
3209 1538 3226 1564 ,
3269 1507 3328 1552 ut
3356 1499 3615 1569 pestilen-

2046 1586 2290 1641 tissimus
2336 1588 2751 1653 "schismaticus,
2806 1588 3075 1657 conviciis
3133 1589 3334 1657 passim
3388 1590 3610 1642 laeerat.

2046 1678 2281 1732 Eosdem
2320 1679 2391 1731 ob
2419 1679 2836 1747 processionem
2888 1681 3062 1733 sancti
3094 1679 3335 1749 Spiritus
3380 1682 3616 1748 exagitat

2044 1773 2206 1823 etiam
2258 1770 2462 1824 nobilis
2522 1770 2667 1825 inter
2726 1771 3009 1841 theologos
3072 1771 3260 1825 Patres
3320 1770 3614 1841 TheOphy-

2050 1860 2232 1915 lactus
2263 1861 2532 1929 Bulgaria;
2562 1862 2881 1931 episcopus,
2916 1872 2996 1927 et,
3027 1863 3184 1932 cujus
3217 1861 3478 1918 similiter
3506 1877 3618 1916 ma-

2042 1965 2208 2019 guum
2232 1952 2374 2005 inter
2387 1966 2572 2007 sacros
2593 1952 2893 2020 scriptores
2915 1966 3118 2005 nomen
3139 1959 3243 2015 est,
3264 1951 3615 2022 Euthymiu‘s.

2043 2042 2272 2096 Possum
2319 2041 2501 2096 adhuc
2544 2043 2830 2098 nominare
2855 2042 3110 2097 homilias
3133 2085 3147 2109 ,
3185 2051 3242 2096 et
3276 2043 3380 2096 alia
3409 2044 3616 2112 scripta

2044 2134 2422 2202 hujuscemodi
2445 2134 2752 2201 hominum.
2768 2151 2890 2204 qua:
2912 2135 2966 2188 in
2988 2134 3240 2189 Latinum
3264 2135 3518 2189 translata
3544 2134 3612 2187 lc-

2047 2236 2273 2295 guntur.
2298 2234 2354 2279 et
2377 2225 2446 2279 ab
2467 2227 2701 2280 eruditis
2718 2212 3095 2294 proferuntur.
3115 2226 3172 2282 Si
3193 2241 3322 2296 ergo
3339 2241 3439 2280 nec
3454 2241 3618 2294 supe-

2046 2317 2252 2370 riorum
2280 2317 2542 2382 historiae,
2567 2331 2671 2370 nec
2693 2317 2920 2372 istorum
2946 2315 3324 2369 commentarii
3350 2314 3617 2368 hactenus

2048 2408 2307 2461 Ecclesiae
2362 2407 2866 2472 incommodarunt,
2907 2407 3039 2476 quin
3090 2404 3274 2475 potius
3323 2404 3488 2473 (quod
3527 2419 3615 2458 res

2048 2499 2263 2565 clamat)
2287 2499 2486 2553 mirum
2525 2499 2580 2553 in
2606 2499 2839 2579 modum,
2863 2500 3327 2568 vehementerque
3368 2512 3616 2552 commo-

2050 2592 2271 2656 darunt,
2310 2607 2378 2646 ne
2410 2607 2439 2646 a
2470 2592 2853 2646 Cantacuzeno
2885 2590 3108 2660 quidem
3125 2590 3312 2658 'magis
3356 2590 3614 2643 damnum

2052 2679 2225 2733 ullum
2257 2680 2612 2734 metuendum
2639 2720 2654 2745 ,
2681 2695 2845 2748 quam
2878 2678 3091 2735 fructus
3118 2718 3133 2743 ,
3184 2678 3338 2748 isque
3369 2693 3479 2732 non
3505 2694 3621 2733 me-

2050 2770 2278 2832 diocris,
2311 2780 2366 2825 ut
2397 2786 2466 2825 ex
2491 2770 2948 2825 antecedentibus
2975 2769 3185 2839 patuit,
3212 2770 3617 2839 exspectandus

2034 2873 2156 2921 est.
2191 2865 2395 2919 Rerum
2425 2873 2702 2933 gestarum
2730 2904 2745 2928 ,
2779 2878 2844 2917 ac
2869 2862 3237 2918 vetustiorum
3276 2858 3618 2936 ‘temporum,

2052 2954 2263 3017 utilem,
2310 2952 2789 3021 uecessariamque
2820 2952 3189 3025 cognitionem
3243 2955 3623 3021 persequimur

2612 3046 2657 3099 si
2701 3044 2832 3114 quid
2890 3042 3274 3099 interdum’in
3323 3042 3391 3096 iis
3441 3042 3622 3095 minus

2055 3136 2496 3190 commendabile
2546 3136 2858 3205 aspergitur
2887 3175 2903 3199 ,
2953 3134 3007 3188 id
3064 3144 3175 3188 tota
3232 3142 3416 3188 mente
3465 3148 3623 3186 aver-

2055 3242 2239 3280 samur
2267 3234 2430 3294 atque
2456 3226 2737 3294 rejicimus
2787 3224 2894 3279 :‘et
2935 3224 3144 3279 calamo
3173 3222 3361 3288 etiam,
3383 3237 3508 3276 cum
3540 3232 3625 3276 est

2056 3319 2297 3382 occasio,
2331 3327 2587 3372 notamus
2619 3324 2785 3385 atque
2838 3314 3206 3370 confodimus.
3254 3313 3366 3368 Nec
3398 3327 3526 3367 vero
3556 3312 3625 3366 ab

2058 3411 2161 3465 hoc
2196 3419 2425 3464 auctore
2469 3416 2662 3462 nostro
2719 3406 2978 3462 Ecclesiae
3029 3406 3327 3468 Romanae.
3375 3414 3469 3459 aut
3520 3403 3627 3456 Ro—

2058 3515 2225 3553 mano
2274 3499 2519 3568 pontifici
2571 3497 2927 3553 contumeliae.
2972 3497 3263 3555 dicuntur,
3306 3510 3467 3561 quem
3512 3492 3623 3545 Pa-

2061 3600 2219 3653 trem,
2260 3591 2653 3643 sanctissimum
2700 3586 3017 3650 Dominum,
3062 3594 3153 3637 tua
3199 3583 3482 3645 sanctitas,
3528 3587 3620 3630 tua

2060 3680 2329 3735 beatitudo
2364 3690 2555 3745 vocat,
2587 3691 2643 3732 et
2696 3688 2755 3732 ut
2801 3677 2945 3748 apud
2997 3690 3123 3729 eum
3175 3670 3435 3740 opinione
3482 3668 3626 3722 mala

2062 3789 2131 3827 ne
2163 3773 2273 3836 sit,
2321 3772 2569 3827 elaborat
2604 3772 2849 3841 (propter
2888 3767 3189 3849 barbaros,
3234 3763 3442 3816 Turcas
3473 3758 3625 3813 vide-

2061 3866 2235 3929 licet,
2288 3865 2343 3918 in
2377 3865 2642 3918 auxilium
2695 3863 2995 3917 accersitos
3019 3900 3034 3921 ,
3070 3865 3444 3921 vastatamque
3491 3851 3630 3903 bello

2062 3956 2211 4012 civili
2242 3958 2610 4025 provinciam)
2639 3967 2765 4006 cum
2793 3964 2861 4002 eo
2895 3962 3046 4002 arma
3073 3947 3338 3999 adversus
3383 3940 3632 3993 infideles

2062 4065 2164 4119 pro
2193 4048 2364 4118 gloria
2415 4047 2598 4101 crucis
2648 4040 2852 4097 Christi
2903 4038 3237 4104 conjungere
3284 4031 3475 4097 cupit;
3510 4029 3630 4098 ejus

2064 4140 2433 4199 laudationem
2460 4134 2566 4188 sibi
2594 4126 2936 4194 amplissimo
2966 4121 3162 4181 honori
3194 4119 3349 4174 ducit
3376 4136 3389 4171 :
3420 4119 3631 4184 legatos

2064 4223 2236 4296 ipsius
2293 4223 2527 4290 benigne
2581 4216 2784 4285 excipit
2826 4231 2840 4268 :
2888 4230 3014 4269 cum
3082 4213 3277 4267 eodem
3326 4210 3633 4281 (Clemente

2067 4314 2325 4368 nimirum
2354 4309 2442 4374 Vl)
2507 4309 2572 4362 de
2602 4303 2812 4376 synodo
2861 4301 3137 4364 habenda,
3178 4296 3635 4366 redintegranda-
3676 4336 3687 4345 .

396 4406 663 4461 Joannem
696 4416 752 4460 et
779 4407 1075 4478 Georgium
1107 4447 1121 4471 ,
1166 4407 1526 4478 Curopalatas
1549 4452 1564 4472 ,
1615 4422 1668 4465 et
1697 4412 1835 4464 alios
1864 4449 1877 4466 .
1916 4410 1959 4463 si
1998 4405 2040 4457 D
2065 4421 2168 4476 que
2206 4401 2568 4461 Ecclesiarum
2601 4394 2895 4454 concordia
2930 4394 3199 4456 sollicite,
3226 4407 3291 4446 ac
3318 4398 3634 4445 reverenter

399 4513 734 4565 quaeramus.
791 4498 925 4552 Nam
981 4516 1077 4568 per
1107 4500 1198 4554 illa
1231 4510 1473 4570 tempora
1504 4509 1612 4555 tam
1664 4517 1770 4553 non
1804 4499 1962 4553 facile

401 4589 732 4642 [nouaehum
765 4630 795 4653 ,Α
831 4600 926 4644 aut
973 4590 1304 4659 scriptorem
1350 4608 1380 4645 a
1435 4593 1679 4646 Romana
1722 4592 1963 4645 Ecclesia

402 4694 506 4729 non
540 4681 935 4736 alienissimum
967 4696 1089 4740 erat
1115 4687 1365 4742 invenire
1410 4688 1462 4740 in
1512 4687 1718 4741 Graecia
1747 4725 1760 4747 ,
1801 4701 1964 4753 quant

404 4769 566 4823 lzodie
600 4773 818 4829 diﬂicile
862 4786 946 4830 est
980 4794 1286 4847 praeconem
1321 4779 1471 4834 verbi
1525 4779 1620 4832 Dei
1652 4819 1666 4839 ,
1717 4788 1811 4833 aut
1841 4795 1970 4848 pro-

344 4895 354 4904 ρ
402 4860 665 4918 fessorem
697 4868 1027 4922 catholicum
1080 4873 1326 4925 invenire
1371 4873 1423 4924 in
1455 4870 1717 4925 Saxouia.
1772 4871 1839 4924 Et
1876 4875 1971 4940 qui

406 4956 626 5011 tandem
661 4960 775 5013 lieri
816 4972 1000 5030 potest
1031 5003 1045 5026 ,
1099 4973 1157 5017 ut
1189 4965 1283 5033 qui
1334 4963 1673 5032 patriarchas
1704 4962 1977 5018 Constan-

406 5050 805 5118 tinopolitanos
871 5054 1295 5119 scltismaticos,
1352 5055 1631 5123 appellant
1694 5057 1979 5110 sanctissi-

409 5155 559 5203 mos,
620 5146 995 5200 (Bcumenicos
1026 5186 1040 5208 ,
1095 5157 1152 5200 et
1198 5147 1477 5216 principes
1531 5149 1829 5212 Ecclesiae,
1874 5148 1975 5217 ipsi

405 5230 653 5300 ejusdem
709 5231 899 5289 farime
947 5252 1056 5289 non
1108 5234 1367 5290 fuerint?
1416 5235 1471 5291 Si
1525 5251 1627 5305 ego
1667 5236 1999 5304 qnctuplam'

410 5323 960 5403 superiuteudent_em
995 5329 1323 5382 sanctissimi
1376 5328 1643 5381 vorabulo
1684 5327 1976 5403 allicerem,

411 5412 580 5465 credo
608 5452 622 5476 ,
662 5414 828 5484 aliqui
855 5398 879 5483 ,’
907 5417 1018 5469 imo
1049 5417 1269 5484 plurimi
1296 5457 1311 5481 ,
1348 5433 1449 5470 nec
1480 5415 1679 5485 injuria
1710 5452 1724 5477 ,
1759 5428 1841 5466 me
1877 5398 1983 5464 Lu-

412 5500 705 5561 theranum
733 5547 748 5574 ,
793 5518 885 5563 aut
914 5507 1298 5564 Catvinianum
1346 5523 1469 5563 esse
1509 5506 1851 5577 colligerent.
1888 5506 1981 5558 At-

2066 4498 2195 4565 agit.
2225 4495 2343 4550 Non
2375 4534 2390 4558 ,
2432 4494 2655 4563 inquam
2682 4530 2697 4554 ,
2735 4489 2826 4542 hic
2856 4486 3056 4557 probra
3083 4526 3098 4550 ,
3135 4493 3193 4538 et
3237 4480 3523 4537 maledicta
3547 4479 3635 4549 ja-

2073 4590 2338 4642 ciuntur:
2376 4585 2469 4641 sed
2502 4580 2776 4638 dissensio
2805 4618 2820 4644 ,
2869 4592 2933 4632 ac
2976 4574 3264 4630 dissidium
3311 4570 3441 4625 illud
3479 4586 3508 4623 a
3537 4584 3641 4623 no-

2069 4680 2155 4734 his
2188 4678 2403 4732 Latinis
2430 4677 2543 4747 jam
2575 4672 2741 4744 lippis
2789 4681 2843 4724 et
2878 4667 3197 4722 tonsoribus
3224 4664 3393 4717 etiam
3425 4672 3638 4722 notum,

2071 4760 2363 4841 atiquolies
2402 4783 2461 4822 se
2507 4764 2734 4826 exserit,
2762 4769 2927 4829 atque
2985 4773 3014 4810 a
3064 4756 3332 4825 majorum
3389 4751 3640 4818 exemplo

2075 4840 2448 4918 defensionem
2478 4898 2492 4924 ,
2526 4867 2841 4927 quanquam
2902 4849 3160 4918 injustam
3188 4885 3202 4910 ,
3244 4844 3399 4915 petit.
3430 4840 3560 4895 Nam
3594 4840 3639 4893 si

2076 4958 2310 5028 majores

2188 5086 2508 5155 Magnopere
2538 5095 2569 5131 a
2595 5092 2736 5140 vero,
2764 5072 3014 5142 longeque
3040 5084 3245 5123 errasse
3274 5066 3538 5127 videntur,

2086 5232 2144 5274 ut
2186 5218 2257 5271 ait
2324 5210 2636 5271 Lucretius,
2681 5222 2793 5261 non
2849 5203 2973 5257 ideo
3027 5200 3338 5254 minoribus
3374 5196 3541 5267 pedes
3596 5194 3649 5246 in

2085 5312 2302 5365 illorum
2351 5301 2598 5373 vestigiis
2641 5295 2878 5368 ponendi
2931 5303 3108 5349 sunt:
3146 5291 3250 5346 nisi
3288 5288 3387 5359 ipsi
3435 5301 3656 5357 quoque

2086 5416 2207 5455 eum
2264 5396 2455 5449 iisdem
2518 5394 2573 5447 in
2627 5389 2771 5445 idem
2804 5402 2863 5443 se
2934 5384 3256 5441 barathrum
3316 5378 3659 5452 praecipitare

2086 5490 2365 5546 studeant.
