4038 6212
326 384 405 446 29
1661 385 2256 450 PROLEGOMENA.
2424 397 2433 411 '
2696 418 2701 424 ’
3539 387 3613 452 30

354 585 3596 611 mm

972 744 1122 832 DE
1197 744 1488 836 VITA
1561 745 2078 836 JOANNIS
2150 751 2978 847 CANTACUZENI

1505 941 1619 1000 EX
1663 940 2021 1002 EIUSDEM
2065 942 2477 1004 HISTORIA.

853 1243 1029 1300 Genus
1058 1250 1108 1296 et
1137 1241 1373 1312 familia.

392 1385 649 1449 Joannis,
676 1382 974 1446 Manuelis.
1015 1394 1072 1439 et
1110 1384 1344 1438 aliorum
1381 1384 1922 1443 Cantacuzenornm.

322 1489 385 1533 ut
436 1479 687 1531 virorum
747 1475 1049 1530 illustrium
1096 1484 1153 1530 et
1224 1476 1615 1529 bellicosorum
1673 1475 1925 1528 meminit

279 1584 287 1590 ·
323 1569 566 1623 Nicetas.
598 1568 752 1633 Quos
789 1566 883 1619 hic
929 1576 1117 1620 noster
1161 1564 1584 1620 Cantacuzenus
1617 1565 1670 1618 in
1702 1563 1925 1633 majori-

326 1662 432 1714 bus
451 1660 573 1713 suis
599 1659 791 1712 habet.
820 1657 998 1718 idem,
1020 1657 1290 1712 Joannem
1333 1656 1602 1710 Mannelis
1627 1656 1925 1725 imperato-

326 1756 407 1807 ris
440 1761 660 1820 neptem
685 1790 701 1813 ,
742 1750 912 1803 alium
947 1749 1214 1803 Joannem
1259 1745 1705 1801 Cantacnzenum
1755 1746 1924 1801 lsaaci

325 1846 528 1917 Angeli
562 1860 809 1898 sororem
847 1843 902 1895 in
932 1839 1286 1894 matrimonio
1318 1839 1603 1892 habuisse.
1639 1838 1812 1893 Natus
1842 1848 1927 1891 est

314 1930 621 2008 'Byzantiif
659 1935 878 1987 Patrem
939 1946 968 1985 a
1030 1930 1306 1983 natalibus
1358 1928 1606 1983 modeste
1664 1927 1925 1997 pnedicat

247 2024 263 2033 ’
325 2030 430 2082 ιιι).
458 2045 546 2090 ιιι,
578 2042 706 2081 cum
737 2024 894 2085 dicit,
921 2024 994 2074 Οὐ
1022 2025 1128 2093 γὰρ
1148 2021 1254 2073 τῶν
1292 2020 1503 2072 πολλῶν
1530 2015 1630 2083 εἷς,
1659 2018 1773 2073 Νοη
1811 2026 1924 2071 erat

338 2137 478 2173 unus
529 2135 557 2172 e
615 2118 812 2177 multis,
863 2131 954 2168 seu
1001 2113 1238 2182 vulgaris
1269 2128 1288 2165 :
1335 2124 1386 2166 et
1439 2111 1644 2165 alicubi
1691 2122 1920 2164 matrem

346 2228 509 2265 suam
578 2209 847 2278 Syrgianis
893 2206 1131 2276 appellat
1188 2204 1343 2256 θείαν
1406 2210 1777 2265 materteram,
1832 2218 1951 2271 scu_

344 2306 594 2361 amitam.
629 2319 719 2354 seu
745 2302 936 2354 deruunt
978 2305 1264 2368 cognatam
1289 2314 1437 2351 suam
1487 2294 1742 2361 (liberius
1776 2295 1922 2347 enim

334 2397 437 2448 hac
467 2410 602 2448 voce
630 2397 817 2453 utitur,
838 2401 896 2444 ut
925 2389 1298 2455 docebimus),
1321 2403 1484 2457 quam
1513 2387 1737 2457 quidem
1765 2386 1924 2439 femi-

331 2500 459 2540 nam
494 2502 561 2540 ex
620 2485 764 2538 libro
818 2485 1020 2552 primo,
1052 2482 1198 2535 haud
1251 2482 1415 2552 longe
1454 2481 1522 2534 ab
1582 2480 1741 2534 initio
1782 2480 1924 2534 scire

320 2575 457 2629 licet
492 2573 561 2626 ad
602 2575 971 2641 imperatores
1018 2587 1194 2641 genus
1237 2572 1514 2626 retulisse.
1556 2572 1701 2625 Puer
1739 2569 1923 2645 adhuc
1955 2600 1997 2656 Β

317 2677 532 2737 patrem
564 2666 751 2719 amisit
780 2682 793 2717 :
820 2665 915 2733 qui
954 2679 1099 2717 anno
1131 2663 1310 2717 aetatis
1349 2662 1530 2731 primo
1561 2676 1732 2732 supra
1762 2661 1917 2715 vice-

317 2760 543 2817 simum,
569 2754 915 2824 praefectura;
949 2768 1062 2807 suae
1112 2751 1559 2821 Peloponesiacaa
1599 2762 1820 2811 octavo,
1861 2752 1915 2803 in

317 2845 509 2899 eadem
543 2845 842 2914 peninsula
883 2843 1146 2898 decessit.
1178 2843 1354 2896 Mater
1379 2843 1528 2898 dicta
1555 2841 1917 2896 estTheodo-

320 2953 399 3000 ra,
427 2939 592 3006 cujus
625 2937 942 2990 avunculus
984 2951 1235 3006 magnus,
1263 2936 1317 2990 id
1344 2944 1448 2996 est.
1483 2937 1620 2989 aviie
1656 2923 1967 2989 materntc'

292 3030 513 3090 .fratcr,
548 3029 784 3083 Michael
829 3027 1043 3097 primus
1076 3029 1418 3098 Palzeologus
1447 3028 1772 3098 imperator.
1802 3029 1914 3081 Ita-

314 3138 425 3191 que
479 3121 679 3175 eadem
732 3120 1021 3175 Michaelis
1041 3136 1223 3186 soror,
1266 3098 1322 3175 et
1372 3119 1742 3175 Cantacuzeni
1784 3124 1915 3189 proi-

317 3214 466 3267 aria.
522 3213 648 3267 Fuit
704 3211 998 3266 Theodora
1055 3214 1257 3267 mulier
1301 3214 1609 3281 prudentia:
1668 3212 1914 3282 majoris,

319 3320 492 3373 quam
533 3319 636 3375 pro
691 3316 856 3373 captu
904 3320 1091 3366 sexus,
1140 3314 1197 3358 et
1228 3303 1544 3359 tractationi
1574 3319 1757 3357 rerum
1790 3319 1914 3372 gra—

319 3400 478 3450 vium
558 3408 745 3471 atque,
782 3415 1107 3469 magnarum
1165 3398 1384 3462 idonea,
1436 3414 1598 3469 quam
1642 3396 1917 3467 Gregoras

322 3497 483 3542 recte
531 3487 619 3540 his
667 3488 853 3541 verbis
891 3488 1211 3553 celebravit,
1242 3488 1397 3542 lib."
1433 3510 1447 3543 :
1487 3487 1659 3553 Quam
1684 3488 1917 3541 assistri—

319 3599 437 3635 rem
466 3581 680 3650 canjugi
699 3583 989 3650 imperator
1015 3581 1323 3649 reliquerat,
1348 3582 1616 3633 senatoria
1645 3589 1914 3641 matrona,

327 3689 373 3726 et
414 3676 677 3745 gravitate
710 3691 915 3727 marum
959 3676 1261 3743 conspicua,
1294 3684 1344 3727 et
1383 3673 1648 3743 singulari
1680 3673 1911 3742 pruden-

327 3768 403 3820 tia
453 3778 662 3824 ornata,
695 3784 757 3820 ac
797 3768 853 3819 in
902 3766 1052 3820 rebus
1078 3766 1245 3820 dubiis
1287 3768 1534 3836 presenti
1580 3765 1800 3818 consilio
1834 3766 1917 3817 in-

324 3867 551 3909 structa.
595 3858 728 3923 Ejus
771 3857 1155 3924 indignissima
1193 3858 1413 3910 vexatio
1454 3866 1677 3926 propter
1716 3856 1910 3920 filium,

1955 1252 2004 1311 Α
2039 1244 2615 1319 Andronicijmajoris
2666 1258 2847 1306 natam
2894 1252 3091 1310 irenen
3144 1272 3369 1315 uxorem
3407 1260 3609 1318 duxit:

2030 1353 2152 1406 qua:
2210 1339 2351 1393 filios
2403 1339 2456 1393 ei
2516 1341 2737 1409 peperit
2794 1343 2957 1410 duos,
3000 1347 3269 1404 Joannem
3314 1359 3368 1405 et
3416 1352 3611 1409 Deme-

2033 1431 2234 1494 trium;
2274 1432 2413 1485 tilias
2438 1440 2645 1493 ternas,
2677 1449 2915 1502 quarum
2957 1437 3341 1508 primogenita:
3370 1442 3609 1497 inditum

2028 1534 2230 1595 nomen
2282 1520 2611 1578 Theodorre.
2672 1521 2990 1579 Matthzetlm
3022 1540 3178 1596 pater
3219 1529 3607 1599 imperatorem

2028 1610 2383 1671 renuntiavit.
2401 1612 2661 1682 deditque
2680 1614 2729 1667 id
2759 1616 3014 1683 precibus
3033 1620 3340 1688 praesertim
3360 1620 3607 1676 excerci-

2030 1710 2118 1757 tus
2150 1722 2163 1757 :
2188 1703 2364 1772 quem'
2394 1714 2576 1760 tamen
2606 1706 2851 1763 Joannes
2894 1711 3231 1782 Palmologus
3260 1714 3435 1770 lneres
3471 1716 3608 1785 legi-

2032 1794 2199 1847 timus
2238 1794 2471 1863 imperio
2497 1797 2651 1851 abire
2702 1801 2902 1871 coegit.
2942 1801 3181 1857 Manueli
3208 1802 3376 1859 filiam
3420 1805 3607 1876 Syrgis

2030 1883 2153 1944 (fuit
2216 1884 2305 1939 hic
2335 1886 2666 1957 Cypriorum
2724 1906 2853 1961 rege
2899 1896 3250 1962 procreatus)
3288 1895 3605 1966 despondit.

2030 1979 2133 2030 Sed
2177 1977 2227 2030 id
2266 1980 2603 2034 connubium
2652 1980 2850 2061 Syrges
2902 1994 3032 2039 ante
3077 1989 3300 2056 nuptias
3355 1990 3605 2045 rescidit.

1972 2110 1976 2115 .
2028 2069 2178 2133 Post,
2212 2070 2445 2125 Liberns
2470 2073 2845 2129 'l‘riballorum
2894 2076 3249 2148 dynastarum
3282 2082 3607 2150 potentissi-

2028 2174 2172 2220 mus.
2210 2161 2376 2214 filiam
2403 2177 2558 2217 suam
2596 2165 2778 2219 eidem
2804 2168 3037 2223 illanueli
3070 2170 3401 2239 desponderi
3428 2173 3607 2242 cupit.

2026 2261 2082 2304 et
2122 2251 2520 2320 despondetur,
2551 2264 2715 2310 utest
2768 2258 3017 2326 libront,
3057 2276 3178 2329 cap.
3204 2264 3295 2316 48.
3329 2263 3606 2318 Hactenus

2027 2342 2096 2395 de
2126 2344 2391 2398 maribus.
2440 2346 2751 2402 Puellarum
2794 2351 2961 2402 trium
3000 2352 3224 2405 nomina
3256 2363 3385 2408 sunt
3414 2355 3604 2419 Maria,

2030 2434 2345 2499 Theodora,
2423 2437 2653 2493 Ilelena.
2716 2440 2961 2495 Primam
3038 2442 3352 2513 Nicephoro
3416 2446 3602 2508 Ducas.

2026 2529 2255 2585 Joannis
2288 2533 2533 2603 Despotae
2566 2535 2699 2599 ﬁlio,
2723 2535 3045 2593 Acarnania:
3078 2539 3605 2610 principi,nondnm

2023 2630 2314 2698 septennia
2362 2646 2585 2698 egresso
2654 2643 2847 2698 pactus
2897 2642 3006 2689 est.
3064 2635 3310 2690 Alteram
3358 2636 3602 2693 Orchani

2022 2719 2221 2800 Persze,
2252 2736 2348 2775 seu
2377 2721 2569 2777 Ture-a2
2604 2724 2807 2793 potius,
2867 2725 3137 2797 Bithynia:
3167 2728 3393 2782 domino
3431 2729 3606 2783 tradi-

2020 2808 2140 2863 dit:
2170 2811 2329 2880 cujus
2359 2813 2561 2881 opibns
2598 2829 2711 2881 rem
2744 2830 2898 2870 suam
2923 2832 3305 2885 smpenumero
3330 2827 3608 2875 sustenta-

2021 2900 2099 2950 vit
2169 2908 2335 2968 atque
2389 2904 2787 2959 constabilivit.
2819 2905 3158 2962 Postremam
3214 2922 3339 2963 cum
3390 2908 3605 2964 Joanne

2019 2984 2323 3057 Palazologo
2379 2989 2731 3061 imperatore,
2768 3011 3040 3049 annorum
3101 2998 3416 3067 quindecim
3472 3001 3606 3053 ado-

2020 3079 2264 3136 lescente
2296 3084 2599 3153 conjunxit,
2632 3102 2795 3154 quem
2821 3088 3006 3141 laudat
3043 3089 3147 3142 lib.
3183 3106 3255 3155 tv,
3284 3105 3411 3160 cap.
3449 3090 3501 3145 1.
3527 3089 3606 3144 Ex

2020 3188 2085 3227 eo
2113 3175 2465 3229 matrimonio
2511 3178 2879 3244 Andronicus,
2923 3180 3162 3246 Manuel,
3195 3182 3455 3248 Joannes,
3504 3183 3606 3239 De-

2025 3263 2257 3317 metrius
2304 3263 2425 3329 lilii,
2480 3274 2538 3319 et
2567 3265 2726 3320 lrene
2783 3266 2890 3321 lilia
2923 3268 3207 3337 propagati
3249 3278 3396 3322 sunt.
3432 3268 3603 3323 Suam
3678 3263 3689 3271 ’

2019 3357 2220 3423 cuique
2244 3356 2409 3408 trium
2437 3355 2671 3410 filiarum
2704 3358 3054 3427 ,‘peculiaretn
3093 3358 3466 3413 laudationem
3494 3360 3601 3413 im-

2019 3449 2185 3515 pertit
2214 3463 2229 3501 :
2262 3449 2568 3504 Theodore:
2593 3451 2690 3506 lib.
2722 3467 2805 3515 Ill,
2829 3467 2952 3522 cap.
2978 3451 3088 3518 95;
3128 3452 3349 3506 Helena:
3403 3451 3600 3506 eodem

2019 3537 2186 3601 libro,
2252 3554 2374 3608 cap.
2427 3540 2534 3603 54;
2605 3540 2809 3607 Mariae,
2869 3557 2991 3611 qum
3048 3542 3316 3596 adversis
3376 3541 3601 3595 casibus

2020 3639 2247 3700 propter
2280 3648 2518 3700 nequam
2543 3636 2805 3686 maritum
2825 3634 3048 3703 jactata,
3078 3632 3301 3687 tandem
3331 3646 3398 3685 eo
3416 3630 3601 3686 occiso

2018 3738 2142 3777 cum
2168 3733 2339 3777 matre
2367 3725 2690 3778 monacham
2710 3724 2954 3793 Byzantii
2981 3724 3112 3793 egit,
3136 3723 3234 3777 lib.
3255 3738 3334 3787 tu,
3358 3737 3482 3791 cap.
3505 3721 3599 3776 45.

2676 3837 2931 3892 Honores.

321 3960 380 4002 et
421 3964 566 4002 mors
600 3950 975 4018 lacrymahilis
1008 3946 1215 4013 nam,
1248 3966 1368 4020 cap.
1390 3950 1484 4012 ‘2‘2,
1511 3950 1601 4014 26,
1632 3951 1907 4018 56,erpo-
1936 3946 1981 4009 C
2083 3945 2694 4017 Principio’Andronici
2747 3948 2831 4002 avi
2884 3948 3124 4003 cubiculi
3163 3949 3305 4003 sacri
3336 3949 3600 4018 praeposi-

320 4042 498 4092 nitur.
532 4040 836 4108 Nitephori
874 4041 1263 4103 Cantacnzeni,
1289 4051 1344 4093 et
1373 4040 1638 4094 Manuelis
1661 4040 1903 4094 Tarcha-

320 4133 516 4193 niotae.
552 4131 703 4184 illius
757 4132 1047 4200 patruelis,
1103 4131 1267 4201 hujus
1324 4132 1664 4194 conSnbrini,
1695 4139 1791 4184 aut
1838 4146 1904 4185 cx

316 4237 521 4275 sorore
574 4224 790 4291 nepotis
836 4223 933 4278 lib.
986 4239 1045 4283 ιι.
1093 4239 1215 4291 cap.
1241 4224 1294 4285 8,
1332 4224 1603 4277 meminit.
1635 4223 1903 4278 Joannem

314 4314 597 4383 Angelum
627 4315 936 4383 ἐξάδελφον,
960 4326 1017 4370 et
1041 4316 1261 4381 ἀνεψιὸν
1283 4316 1544 4369 similiter
1566 4316 1831 4385 appellat,
1851 4325 1907 4368 et

314 4422 387 4459 ex
437 4407 638 4460 eadem
693 4408 877 4461 radice
908 4408 1179 4478 prodiisse
1235 4409 1449 4462 scribit.
1486 4407 1689 4463 Montio
1720 4417 1923 4475 autcnr

312 4498 540 4552 sororis
566 4504 653 4552 es‘t
682 4498 782 4552 lib.
811 4515 888 4562 ιιι,
915 4515 1036 4569 cap.
1066 4496 1159 4554 26.

812 4634 974 4695 Uxor,
1014 4634 1183 4700 liberi,
1211 4643 1443 4706 nepotes.

388 4769 703 4836 Conjugem
736 4766 929 4821 habuit
980 4767 1197 4830 lreaen,
1224 4767 1527 4823 Andronici
1580 4770 1772 4824 Asanis
1804 4770 1905 4829 \‘iri

309 4859 716 4923 illustrissimi,
744 4860 923 4928 magni
953 4860 1215 4920 ducis.ct
1273 4876 1396 4914 cum
1455 4860 1771 4915 Andronico
1822 4878 1908 4915 se-
1954 4910 1971 4927 κ

306 4956 478 5007 niorc
573 4951 900 5017 cognatione
961 4948 1246 5017 conjuncti
1305 4949 1497 5003 filiam.
1560 4950 1689 5003 Fuit
1754 4952 1903 5004 enim

279 5044 536 5100 ‘Asanes
577 5058 609 5094 c
643 5059 838 5097 sorore
886 5042 1187 5097 Andronici
1234 5052 1415 5097 natus.
1448 5043 1527 5096 Ex
1576 5059 1637 5097 ea
1680 5045 1906 5098 sustulit

304 5139 530 5189 liberos
580 5151 699 5196 sex,
760 5151 940 5189 mares
996 5146 1130 5201 tres,
1188 5136 1426 5189 feminas
1482 5137 1735 5191 totidem.
1790 5138 1903 5191 lllis

308 5230 547 5281 nomina
588 5228 835 5290 fuerunt,
878 5228 1187 5289 ilattlneus,
1230 5227 1470 5290 Mauuel,
1530 5228 1898 5283 Andronicus.

311 5323 503 5389 Atque
559 5318 649 5372 hic
709 5329 1021 5385 postremus
1066 5319 1152 5372 vix
1209 5319 1596 5374 duodecimum
1630 5324 1904 5389 attingens

306 5427 552 5472 annum,
596 5426 721 5463 cum
782 5411 901 5465 avia
960 5423 1187 5480 paterna
1246 5413 1299 5465 in
1352 5412 1657 5466 custodiam
1715 5416 1897 5478 datus,

310 5504 671 5568 ρυδιιιιοιιυιιι
727 5502 983 5571 pestifera
1058 5505 1146 5559 lue
1212 5520 1309 5573 per
1365 5505 1417 5558 id
1481 5516 1693 5574 tempus
1748 5506 1898 5577 gras-

306 5608 473 5647 sunto
529 5595 741 5648 interiit
794 5586 1184 5665 :rcliquor’nm
1239 5613 1406 5665 opera
1448 5600 1597 5652 domi
1652 5600 1894 5671 bellique

306 5685 553 5737 multum
584 5701 717 5739 usus
743 5699 825 5739 est
855 5698 1045 5753 pater.»
1073 5689 1312 5757 Uterque
1363 5702 1594 5744 ornatur
1640 5692 1894 5748 laudibus

308 5774 665 5845 lib.:1t,cap.
847 5779 1131 5833 Blatthaeus
1185 5779 1443 5834 Demetrii
1492 5782 1748 5852 despotic,
1793 5787 1915 5839 (iiii

1938 5276 1992 5332 D

2013 4047 2103 4092 tus
2128 4038 2255 4103 fuit,
2319 4038 2868 4093 deinde‘Andronici
2908 4041 3128 4109 nepotis
3174 4041 3356 4111 (cujus
3379 4039 3597 4094 videtur

2012 4130 2251 4198 CutEVlts)
2288 4146 2519 4199 magnus
2552 4131 2915 4186 domesticus.
2948 4131 3243 4185 Thraciam
3275 4132 3595 4201 praefectus,

2011 4235 2105 4273 seu
2144 4230 2351 4288 praetor
2376 4221 2725 4291 gubernavit.
2779 4221 2902 4276 Fuit
2935 4225 3062 4276 item
3091 4223 3347 4293 princeps
3380 4206 3593 4276 militia:

2012 4313 2403 4383 iinperatorim,
2449 4315 2566 4368 sive
2607 4316 2892 4385 cOpiarum
2945 4316 3054 4369 dux
3090 4331 3363 4372 summus.
3392 4316 3593 4371 Aucto-

2014 4407 2149 4460 ritas
2203 4407 2347 4476 ejus.
2406 4414 2647 4475 potestas
2697 4415 2755 4461 et
2824 4407 3160 4461 existimatio
3217 4405 3588 4469 incredibilis,

2012 4497 2108 4559 ita,
2155 4506 2216 4548 ut
2247 4511 2313 4549 eo
2354 4497 2690 4560 inconsulto,
2715 4504 2811 4548 aut.
2837 4497 3140 4566 refragante
3178 4496 3317 4549 nihil
3371 4509 3593 4565 gerere-

2013 4598 2123 4651 tur,
2169 4587 2397 4656 ipseque
2434 4587 2845 4641 administraret
2884 4590 3091 4648 oumia.
3145 4598 3201 4641 et
3238 4597 3410 4651 esset,
3476 4582 3587 4640 non

2010 4677 2232 4747 quidem
2281 4662 2550 4757 vocahdlo
2584 4685 2731 4744 (nam
2785 4679 2836 4731 id
2875 4696 2981 4733 una
3031 4696 3154 4734 cum
3207 4680 3425 4743 habitu,
3460 4680 3593 4735 licet

2011 4785 2119 4821 non
2152 4769 2320 4822 semel
2351 4767 2420 4821 ab
2466 4769 2784 4824 Andronico
2836 4770 3116 4837 invitatus,
3141 4783 3197 4825 et
3231 4772 3392 4825 enixe
3431 4786 3593 4840 roga-

2012 4872 2122 4923 tus,
2156 4870 2478 4914 constanter
2540 4861 2722 4932 fugit),
2750 4864 2844 4918 sed
2895 4881 3061 4934 opere
3110 4866 3229 4933 ipso
3270 4865 3589 4934 imperator.

2011 4950 2151 5020 Lege
2177 4970 2295 5022 cap.
2321 4954 2373 5016 9,
2398 4953 2472 5006 lib
2512 4968 2567 5006 ll.
2587 4955 2706 5020 Quo
2735 4956 3017 5023 defuncto,
3040 4973 3331 5025 procerum
3354 4973 3418 5011 ac
3448 4958 3591 5010 mili-

2010 5054 2124 5099 tum
2162 5048 2303 5099 votis
2330 5047 2690 5117 ltitlytnotichi
2737 5048 3057 5110 obsecutus,
3096 5049 3340 5118 itemque
3363 5051 3487 5103 aliis
3518 5052 3587 5102 de

2007 5140 2188 5191 causis
2253 5142 2410 5207 (quas
2468 5140 2697 5207 profert,
2744 5140 2876 5192 dum
2928 5140 3197 5193 ali'cc‘at'e
3275 5141 3585 5210 tyrannidis
3652 5124 3661 5131 ’

2011 5232 2385 5301 suspicionem
2414 5249 2442 5285 ει
2469 5249 2525 5285 se
2558 5233 2784 5299 depellit
2818 5252 2833 5288 :
2862 5228 3084 5302 depellit
3132 5244 3313 5289 autem
3347 5236 3585 5304 sapissi~

2013 5342 2097 5377 me
2144 5342 2205 5378 ac
2246 5326 2633 5390 disertissime,
2671 5334 2725 5379 ct
2759 5334 2867 5380 tam
2912 5326 3301 5387 verisimiliter,
3348 5336 3407 5379 ut
3443 5326 3582 5382 nihil

2007 5418 2314 5474 desideres)
2371 5435 2668 5488 purpuram
2713 5427 2769 5473 et
2817 5419 3011 5473 tiaram
3061 5418 3260 5472 induit.
3309 5420 3582 5473 Adriano-

2004 5510 2113 5580 poli
2161 5531 2189 5563 a
2224 5509 2429 5565 Lazaro
2488 5513 3013 5582 Hierosolymorum,
3068 5527 3287 5564 rursum
3327 5512 3574 5583 Byzantii

2000 5603 2070 5656 ab
2119 5602 2331 5656 Isidoro
2384 5603 2719 5671 patriarchis
2773 5618 3035 5658 coronam
3083 5603 3425 5672 impcrialem
3480 5620 3574 5658 so.-

1994 5695 2162 5747 lcmni
2199 5695 2306 5747 ritu
2342 5696 2575 5764 accepit.
2612 5696 2785 5760 Quam
2816 5697 2972 5751 beate
3000 5695 3224 5762 vixerit,
3252 5696 3306 5750 in
3351 5700 3573 5767 qumtis

1994 5789 2258 5853 cujusque
2312 5787 2454 5842 modi
2501 5787 2716 5856 opibus,
2749 5789 2798 5842 in
2832 5800 3034 5855 quanta
3069 5776 3356 5844 hominum
3396 5791 3568 5845 admi-
