4038 6212
2956 244 2983 251 .-

423 315 493 388 31
1310 344 1325 351 ‘
1549 325 1897 388 JOANNES
1936 324 2580 388 CANTACUZENUS.‘
3617 332 3691 396 32

427 435 643 491 ratione
683 442 740 491 et
791 432 986 507 gloria,
1027 436 1144 507 ipse
1186 436 1511 495 clarissimis
1548 441 1756 505 verbis,
1793 440 1890 496 lib.
1918 456 1999 507 Ill,
2033 446 2074 501 Α
2108 448 2241 494 tur:
2273 440 2435 509 digna
2467 439 2740 511 profecto,
2789 442 2879 497 cui
2910 443 2995 499 vel
3025 444 3202 516 majus
3244 445 3688 504 committeretur

427 540 549 597 cap.
576 528 646 585 5'5
667 536 723 583 et
746 524 814 583 78
846 527 1091 583 edocuit.

390 610 404 617 ’
815 616 1024 677 Studia.
1047 619 1301 674 doctrina'
1340 629 1390 673 et
1421 637 1611 675 mores.

499 706 559 761 In
592 708 815 771 militari
841 710 1163 780 disciplina,
1193 714 1344 767 socio
1392 712 1715 784 Syrgianne,
1740 711 2001 781 magistro

376 862 379 873 Ι
433 798 642 867 Angelu
679 814 835 853 nsunt
863 817 922 854 se
947 812 1134 855 narrat
1166 820 1178 856 :
1205 802 1257 855 in
1290 819 1395 871 qua
1444 804 1644 858 deinde
1676 820 1771 872 per
1793 803 2003 857 exerci-

430 890 693 943 tationem
744 891 1145 959 lectionemque
1174 892 1332 962 longe
1372 893 1671 948 admodum
1710 896 1997 962 processit,

432 977 664 1047 talisque
694 996 919 1049 prorsus
959 982 1139 1034 extitit
1180 983 1496 1050 imperator.
1531 984 1746 1052 qualem
1770 983 1837 1036 Μ.
1873 983 2003 1037 Tul-

433 1070 543 1125 lius
573 1073 627 1124 in
676 1073 1004 1141 Pompeiana
1052 1074 1300 1143 depinxit
1330 1074 1638 1143 :siquidem
1673 1076 1723 1126 in
1761 1089 1828 1129 eo
1862 1088 2001 1143 quo-

434 1178 542 1231 que
580 1163 667 1216 illa
695 1177 953 1231 quatuor,
986 1181 1106 1233 qua:
1141 1166 1193 1216 in
1226 1182 1439 1218 surmuo
1465 1166 1797 1235 imperatore
1823 1166 2001 1220 inesse

431 1254 655 1319 debent,
686 1254 1322 1321 enituerunt,.scientia,
1389 1259 1588 1319 virtus,
1628 1257 1880 1319 felicitas,
1906 1272 2003 1310 au-

430 1345 677 1400 ctoritas.
736 1345 885 1401 Talis
935 1347 1087 1412 item,
1135 1348 1352 1415 qualem
1406 1348 1457 1400 in
1520 1348 1827 1418 Strategico
1881 1365 2002 1419 gra-

429 1435 693 1490 vissimus
732 1449 1039 1507 praeceptor
1076 1440 1327 1492 militaris
1379 1439 1700 1494 Onosander
1742 1439 2005 1495 describit

427 1542 552 1597 cap.
592 1529 645 1593 l,
674 1537 879 1590 castus,
912 1539 1249 1599 temperans,
1286 1533 1522 1596 sobrius,
1557 1531 1723 1601 frugi,
1764 1532 2004 1587 laborio-

431 1632 547 1685 sus,
592 1618 926 1690 intelligens,
972 1622 1198 1676 minime
1249 1637 1467 1685 avarus,
1514 1638 1616 1676 nec
1652 1622 1865 1692 junior,
1903 1637 2004 1678 nec

430 1708 640 1773 senior,
703 1711 940 1764 liliorum
1001 1722 1177 1782 pater,
1241 1712 1458 1765 dicendi
1533 1712 1765 1779 peritus,
1831 1714 2005 1779 gloria

2106 534 2420 601 imperium.
2467 533 2857 597 Fortitudinis,
2916 537 3408 606 magnanimitatis.
3458 554 3522 607 ac
3587 556 3686 609 pa-

2106 623 2310 677 tientia:
2338 633 2443 687 est,
2471 624 2619 693 quod
2649 641 2920 695 nusquam
2951 626 3121 681 ferme
3145 626 3302 682 abest
3321 629 3390 681 ah
3412 630 3685 694 exercitu,

2105 730 2383 782 manuque
2452 730 2551 769 sua
2612 716 2667 770 in
2720 717 2932 771 hostem
3005 729 3213 787 pugnat
3258 718 3540 772 viriliter:
3582 738 3688 776 nec

2104 805 2479 872 voluptatibus
2545 806 2813 875 indulget.
2868 817 2923 861 et
2982 807 3229 863 adversis
3297 810 3517 865 casibus
3576 826 3685 864 non

2104 891 2381 959 frangitur
2411 909 2426 946 :
2463 894 2683 963 injuriis
2713 896 3089 963 (potissimum
3125 898 3195 950 ab
3227 899 3575 966 Apocaucho.
3596 902 3683 953 cui

2105 992 2397 1051 tantopere
2459 984 2831 1050 henefecerat,
2859 985 3048 1053 illatis)
3086 1002 3194 1041 non
3248 989 3557 1042 succumbit
3585 1007 3600 1044 :
3630 998 3688 1043 et

2103 1073 2367 1127 invidiam
2423 1089 2580 1142 aequa
2642 1086 2829 1130 mente
2872 1077 3132 1141 sustinet.
3190 1077 3249 1131 In
3308 1078 3446 1132 bene
3500 1080 3567 1131 de
3626 1094 3685 1131 se

2102 1173 2381 1218 merentes
2405 1180 2547 1219 unus
2584 1165 2834 1219 omnium
2877 1165 3225 1235 gratissimus
3255 1184 3266 1217 :
3297 1182 3461 1236 quam
3506 1168 3684 1221 virtu«

2103 1265 2213 1309 tem
2246 1256 2300 1309 in
2337 1256 2458 1309 aliis
2484 1257 2649 1310 etiam
2680 1266 2846 1321 amat,
2872 1266 2927 1311 et
2957 1257 3085 1312 idco
3110 1259 3257 1312 nulla
3293 1260 3683 1327 propemodum

2104 1349 2299 1417 pagina
2330 1345 2637 1414 gratiarum
2667 1347 2984 1403 actionibus
3015 1359 3190 1402 vacat.
3233 1349 3314 1401 Ad
3349 1349 3688 1402 moderatio-

2106 1450 2229 1488 nem
2316 1424 2821 1506 continentiamque
2917 1438 3195 1506 pertinet,
3264 1438 3410 1505 quod
3470 1438 3685 1506 imperii

2105 1525 2552 1580 communionem
2599 1525 2707 1580 sibi
2747 1526 2815 1581 ab
2853 1526 3173 1582 Andronico
3226 1528 3391 1581 etiam
3432 1513 3686 1597 quartum

2105 1614 2366 1679 delatam,
2392 1626 2634 1671 recusat.
2674 1617 2736 1671 ln
2762 1617 3004 1672 amicitia
3040 1617 3271 1672 colenda
3303 1619 3679 1672 constantissi-

2106 1712 2250 1765 mus,
2284 1704 2663 1758 Andronicum
2697 1704 2969 1759 minorem
2994 1708 3290 1775 praecipue,
3316 1716 3371 1760 et
3398 1707 3686 1759 Amurium

430 1800 684 1856 illustris.
741 1801 968 1867 Qualem
1020 1812 1283 1871 prmterea
1334 1802 1403 1856 de
1457 1801 1655 1856 bellico
1713 1812 1998 1870 apparatu,
2032 1796 2325 1852 BPersatn
2375 1796 2540 1849 Ιοιιὶεε
2591 1796 2902 1866 Satrapam,
2951 1798 3067 1851 sive
3111 1797 3418 1867 principem
3474 1798 3685 1861 dilexit,

431 1902 555 1958 cap.
579 1888 635 1954 2,
668 1888 778 1943 Leo
812 1890 1131 1960 imperator.
1166 1890 1431 1959 Linguam
1472 1890 1721 1943 Latinam
1748 1890 2001 1944 calluisse

431 1980 562 2035 inde
623 1982 995 2050 eonjecturam
1048 1982 1225 2051 capio.
1252 1980 1466 2035 Etenim
1510 1994 1596 2033 res
1629 1980 2002 2033 Romanorum

432 2074 828 2141 imperatormn
868 2071 951 2135 (ut
986 2086 1087 2125 nos
1112 2070 1388 2124 Romanos
1425 2070 1789 2139 imperatores
1820 2070 2005 2138 appel-

433 2161 633 2225 lamus,
683 2161 785 2215 hoe
808 2170 891 2216 est
922 2176 1112 2215 eorum
1147 2162 1242 2230 qui
1276 2162 1330 2214 in
1354 2161 1507 2215 Italia
1545 2170 1603 2214 et
1637 2161 1823 2214 Romae
1851 2160 2004 2215 vixe-

431 2252 581 2317 runt)
611 2252 901 2319 aliquoties
934 2252 987 2304 in
1019 2252 1259 2304 medium
1289 2249 1548 2312 .adulueit,
1579 2266 1716 2318 quas
1756 2250 1988 2304 forsitan

430 2340 573 2410 apud
612 2341 859 2395 historias
905 2341 1160 2408 Angusta:
1197 2341 1493 2411 scriptores
1527 2343 1674 2409 legit.
1718 2343 1779 2394 Et
1832 2342 2006 2409 Arego

430 2432 699 2489 monacho
727 2430 978 2487 Sabaudo
1018 2433 1265 2503 quiedam
1305 2431 1492 2487 Graece
1544 2434 1748 2503 scripta
1781 2449 1886 2487 non
1920 2434 2006 2487 in-

428 2524 718 2593 telligenti,
771 2526 1166 2595 interpretatur
1205 2525 1306 2579 lib.
1366 2542 1444 2590 III,
1479 2541 1599 2593 cap.
1646 2528 1734 2580 84.
1784 2526 1841 2579 Si
1884 2528 2008 2596 quis

427 2615 719 2669 auditione
766 2626 978 2671 tantum
1024 2618 1401 2671 Bouianorum
1458 2618 1596 2672 facta
1625 2618 1924 2685 accepisse,
1953 2626 2009 2672 et

427 2705 616 2761 Cra-ca
690 2707 784 2762 illa
832 2707 1014 2763 ltalice
1076 2710 1348 2762 monacho
1403 2710 1828 2779 interpretatum
1888 2726 2010 2765 esse

430 2799 657 2853 credere
691 2800 864 2862 malit,
900 2815 1023 2853 cum
1064 2814 1132 2854 eo
1166 2816 1275 2854 non
1319 2803 1648 2855 contendam
1678 2811 1770 2857 :et
1809 2802 1879 2856 ita
1911 2817 2011 2855 no-

2104 1886 2323 1955 fuitqne
2375 1885 2621 1941 vicissim
2681 1886 2952 1941 ambobus
2982 1902 3150 1957 supra
3175 1903 3341 1956 quam
3372 1887 3481 1941 dici
3510 1898 3691 1961 potest

2104 1978 2306 2032 charus
2328 1986 2384 2032 et
2407 1978 2714 2049 jucundus.
2745 1979 2949 2032 Dilexit
2974 1994 3100 2033 eum
3126 1980 3292 2033 etiam
3327 1981 3685 2035 vehementer

2105 2086 2137 2125 e
2198 2071 2526 2139 proceribus
2566 2070 2954 2125 Triballorum-
2979 2071 3431 2140 opulentissimus
3467 2073 3689 2142 quidam

2104 2162 2360 2228 Liberus,
2393 2171 2453 2217 ut
2496 2174 2581 2217 est
2626 2154 2723 2216 lib.
2762 2178 2842 2224 tu,
2873 2177 3000 2230 cap.
3030 2161 3121 2216 42.
3162 2162 3587 2217 Beneficentiam
3627 2178 3691 2218 ac

2106 2254 2492 2307 lilwralitatem
2520 2253 2689 2306 coluit
2717 2252 3071 2316 mirabiliter,
3112 2262 3166 2306 et
3197 2255 3249 2305 in
3284 2254 3593 2307 exercitum
3621 2253 3691 2308 de

2106 2360 2205 2398 suo
2232 2353 2533 2412 sumptum,
2562 2343 2893 2414 imperatore
2925 2344 3049 2398 vivo
3097 2352 3450 2411 mortuoque,
3486 2345 3690 2413 smpius

2105 2434 2236 2489 fecit
2262 2454 2275 2489 :
2304 2434 2525 2490 castella
2558 2445 2612 2490 et
2639 2435 2838 2505 oppida
2866 2451 2963 2489 sua
3002 2436 3232 2506 pecunia
3264 2436 3463 2491 refecit
3516 2446 3572 2490 et
3604 2438 3689 2491 in-

2107 2527 2415 2592 stauravit,
2473 2526 2767 2597 eidemque
2822 2525 3145 2595 imperatori
3203 2525 3371 2580 funus
3419 2527 3691 2595 amplissi-

2108 2635 2255 2673 mum
2304 2634 2402 2673 sua
2451 2619 2698 2689 impensa
2756 2620 2992 2675 curavit.
3039 2620 3248 2673 Aurum
3298 2619 3447 2688 quod
3488 2618 3693 2673 habere

2108 2714 2279 2782 gratis
2308 2720 2526 2782 poterat
2558 2714 2913 2781 contempsit.
2939 2713 3097 2769 Pacis
3143 2722 3198 2767 et
3227 2712 3538 2767 concordia:
3567 2712 3693 2780 quis

2109 2800 2203 2854 illo
2232 2801 2521 2866 cupidior?
2560 2802 2685 2870 quis
2743 2801 3005 2856 Barbaris
3056 2810 3113 2856 et
3168 2800 3480 2856 idololatris
3512 2801 3693 2855 inimi-

431 2894 578 2947 mine
632 2883 839 2949 Latina:
892 2894 1113 2964 Iingum,
1143 2896 1301 2962 cuius
1347 2909 1405 2947 se
1450 2896 1717 2948 scientem
1771 2893 2007 2962 quodam
2040 2905 2068 2934 ο
2110 2892 2263 2943 cior?
2298 2890 2417 2943 Non
2451 2900 2633 2959 potest
2685 2907 2786 2959 pro
2842 2891 3115 2962 dignitate
3178 2892 3484 2946 collaudari
3528 2892 3693 2961 hujus

428 2984 552 3039 Ioco
585 2982 844 3047 aiiirmat,
865 3001 1083 3054 quaque
1109 2984 1482 3055 praesidiarios
1515 2986 1677 3039 Italos
1709 2985 2013 3054 alloquitur

427 3075 904 3145 Constantinopoli
934 3077 1031 3132 lib.
1068 3092 1143 3140 tv,
1184 3092 1308 3145 cap.
1346 3077 1437 3139 54,
1474 3076 1659 3130 Italica
1698 3076 2006 3146 intelligen-

430 3167 497 3218 da
546 3166 655 3219 erit
680 3182 694 3219 :
728 3165 871 3220 sicut
904 3181 1003 3235 per
1028 3165 1253 3220 Latinos
1281 3150 1422 3230 Itali,
1449 3176 1503 3220 et
1529 3167 1648 3230 alii,
1678 3182 1787 3220 non
1813 3166 2012 3221 Graeci.

428 3256 650 3310 Persice
680 3271 917 3326 quoque,
942 3256 1056 3330 sive
1106 3257 1336 3311 Turcice
1366 3271 1527 3311 nosse
1555 3273 1613 3311 se
1660 3258 1760 3311 lib.
1797 3273 1870 3320 tv,
1894 3272 2015 3325 cap.

434 3351 522 3412 l0,
553 3348 802 3403 allirmat.
837 3348 1024 3407 Artem
1065 3347 1323 3402 didicisse
1354 3349 1675 3411 Oratoriam,
1706 3348 2018 3417 eloquentia

436 3436 610 3504 ipsius
632 3438 779 3490 omni
817 3436 1208 3505 praedicatione
1239 3438 1400 3506 digna
1430 3446 1485 3492 et
1515 3439 1567 3490 in
1606 3447 1711 3491 tam
1738 3437 2018 3506 praeclaris

433 3526 796 3592 orationibus,
824 3535 1043 3596 totaque
1069 3527 1369 3595 Scriptione
1394 3544 1452 3583 se
1474 3542 1761 3590 exserens,
1791 3528 2019 3581 demon-

432 3625 589 3671 strat.
621 3616 761 3671 Sane
786 3618 932 3687 quod
978 3617 1047 3671 II.
1079 3617 1292 3672 Tullius
1321 3618 1389 3671 de
1417 3618 1698 3688 Pompeio,
1722 3618 1888 3673 idem
1916 3635 2016 3687 ego

431 3711 715 3764 verissime
734 3709 799 3762 de
820 3710 921 3763 hoc
942 3709 1082 3768 viro.
1107 3711 1293 3778 paucis
1312 3710 1618 3763 immutatis
1638 3726 2010 3779 usurpavero:

432 3799 702 3866 Quantum
727 3800 962 3863 consilio,
985 3814 1241 3869 quantum
1270 3801 1474 3855 dicendi
1500 3803 1760 3871 gravitate
1800 3812 1847 3855 et
1866 3804 2014 3870 capia

430 3893 630 3954 ualeat,
656 3894 712 3945 in
746 3908 848 3961 quo
881 3894 992 3959 ipso
1020 3893 1151 3945 inest
1189 3892 1440 3961 qun'dam
1468 3893 1705 3962 dignitas
1730 3895 2013 3963 imperato-

396 4024 405 4027 -
430 3986 537 4046 ria,
561 4000 649 4038 nos
676 3999 739 4036 ea:
770 3985 906 4049 hisce
929 3983 1074 4038 libris
1094 4001 1230 4053 sirpe
1256 3986 1594 4053 cognoscetis.
1624 3983 1834 4053 Oppida
1857 4000 2010 4047 come

431 4076 615 4144 plura,
660 4091 784 4145 quae
842 4078 1012 4130 armis
1064 4075 1415 4138 resistebant,
1460 4076 1575 4131 oris
1610 4077 1696 4130 sui
1758 4076 2011 4131 facundia

429 4167 691 4236 subegit:
732 4176 791 4219 ut
834 4167 979 4235 quod
1008 4167 1221 4237 Cyneas
1276 4170 1488 4237 legatus
1522 4168 1732 4235 Pyrrho
1760 4168 2012 4235 Epirota-

433 4270 558 4308 rum
615 4255 754 4325 regi,
806 4254 914 4308 hoc
968 4254 1109 4308 idem
1163 4272 1299 4322 pene
1340 4256 1654 4309 Andronico
1692 4255 2011 4323 imperatori

431 4344 854 4400 Cantacuzeuus
899 4343 1087 4399 fuerit.
1141 4346 1369 4400 Etcqu
1422 4347 1659 4399 oratoris
1705 4346 1777 4399 sit
1838 4346 2011 4400 histo-

2112 2982 2558 3051 pra-stantissimi
2620 2982 2889 3051 principis
2939 2982 3265 3036 admiranda
3294 2982 3515 3045 lenitas,
3545 2991 3600 3036 et
3624 2984 3688 3036 ad

2113 3071 2496 3139 deponendam
2529 3070 2913 3136 oﬂ‘ensionem,
2978 3072 3299 3141 veniamque
3342 3070 3691 3126 tribuendam

2131 3161 2483 3230 suspicienda
2514 3161 2772 3224 facilitas,
2797 3161 3191 3215 beneficiorum
3217 3162 3481 3217 altissima
3506 3178 3693 3237 recor-

2121 3255 2298 3314 datio,
2336 3262 2393 3308 et
2444 3254 2497 3306 in
2548 3252 2740 3323 gratiis
2764 3254 2989 3323 agendis
3013 3254 3493 3308 commemoranda
3531 3253 3695 3308 sedu-

2119 3346 2266 3400 litas.
2290 3345 2488 3400 Omnia
2524 3346 2610 3398 his
2633 3345 2793 3398 libris
2817 3345 3120 3414 gratiarum
3155 3344 3469 3400 actionibus
3491 3345 3692 3399 referta

2116 3447 2267 3490 sunt.
2335 3436 2558 3488 Summa
2610 3444 2875 3503 praeterea
2931 3434 2987 3488 in
3046 3437 3282 3505 negotiis
3334 3437 3695 3505 procurandis

2118 3528 2428 3598 diligentia,
2460 3537 2514 3581 et
2574 3526 2880 3596 vigilantia,
2933 3528 3210 3595 animique
3270 3529 3480 3596 religio.
3512 3527 3695 3580 Munn-

2116 3622 2388 3675 chismum
2416 3620 2636 3689 quantis
2663 3620 2972 3688 prmconiis.
3007 3621 3151 3674 Deus
3184 3622 3344 3681 bone,
3379 3627 3434 3671 et
3459 3619 3686 3677 quidem

2119 3714 2305 3775 toties,
2334 3712 2699 3766 cohonestat?
2724 3727 2788 3765 ac
2819 3713 3037 3766 tandem
3078 3714 3194 3780 ipse
3243 3711 3297 3764 in
3329 3709 3692 3779 Manganense

2115 3805 2512 3858 monasterium
2543 3819 2715 3873 prope
2764 3802 3298 3871 Constantinopolim
3347 3817 3405 3857 se
3439 3802 3581 3855 ultro
3629 3816 3695 3855 ac

2115 3895 2295 3947 libens
2320 3894 2576 3959 includit,
2612 3910 2737 3948 cum
2790 3895 3084 3962 imperium
3135 3893 3377 3944 retinere
3403 3890 3693 3958 potuisset,

2116 3996 2176 4039 ut
2226 3985 2438 4039 videbis
2484 3984 2583 4039 lib.
2634 3999 2710 4037 tv.
2756 3985 2989 4036 Tantum
3051 3980 3228 4038 abest.
3276 3987 3337 4031 ut
3388 3993 3456 4031 eo
3512 3980 3693 4041 ipsum

2111 4078 2354 4132 Joannes
2406 4076 2746 4145 Palreologus
2783 4075 2963 4127 victor
3000 4068 3349 4136 compulerit.
3383 4066 3531 4135 quod
3565 4069 3693 4136 qui-

2113 4169 2239 4223 dam
2264 4169 2429 4237 hujus
2463 4175 2666 4221 nostra:
2713 4162 2968 4219 historiae
2992 4160 3241 4215 funditus
3271 4159 3449 4226 ignari
3480 4173 3694 4237 nugan-

2114 4268 2224 4313 tur.
2254 4234 2463 4328 Conjux
2527 4270 2693 4322 porro
2742 4254 2899 4307 [rene
2960 4253 3014 4306 in
3042 4253 3384 4305 m’onasterio
3418 4266 3447 4305 a
3481 4234 3695 4305 Marth‘a
3755 4240 3769 4251 ’

2111 4345 2389 4401 Michaelis
2448 4344 2613 4412 primi
2699 4340 2989 4409 Palaeologi
3073 4354 3261 4394 sorore
3300 4394 3311 4399 ,
3349 4347 3691 4399 constructo,

432 4438 572 4491 riam
611 4436 872 4499 scribere,
905 4436 950 4489 si
997 4452 1100 4504 qua
1147 4437 1275 4499 alia,
1310 4430 1440 4490 ‘hazc
1480 4437 1598 4491 sine
1632 4438 2006 4491 controversia

2113 4435 2432 4489 monacham
2481 4432 2680 4487 induit.
2740 4431 3030 4502 Ῥωμᾳὶων
3063 4439 3117 4483 ιιι
3155 4428 3413 4498 quidem,
3465 4428 3581 4481 ἀλλ’
3631 4429 3694 4481 οὐ

435 4532 701 4591 oratorie.
726 4531 829 4584 hoc
853 4538 938 4583 est
979 4528 1300 4598 prudenter,
1334 4527 1630 4597 disposite;
1659 4528 1884 4592 diserte,
1908 4546 2008 4585 nec

2123 4524 2430 4594 Ῥωμαϊκὸν
2459 4523 2705 4591 βασιλέα.
2767 4522 2983 4587 laudas,
3039 4521 3240 4590 inquis.
3292 4520 3406 4589 Ego
3449 4535 3585 4574 vero
3630 4535 3719 4601 θοι

438 4622 729 4673 invenuste
780 4616 989 4687 scripta
1037 4626 1139 4671 est.
1200 4618 1391 4671 I’oetas
1440 4619 1734 4687 diligenter
1786 4619 2007 4689 legisse,

2112 4618 2242 4671 tiam
2296 4616 2598 4684 Agesilaos,
2633 4616 2997 4681 Alexandros,
3041 4614 3235 4676 Julios,
3267 4621 3323 4666 et
3376 4611 3727 4695 Pompeiosq

441 4710 736 4763 Ileimerum
763 4709 1056 4777 praecipue.
1098 4715 1154 4760 et
1194 4708 1531 4777 Euripidem,
1565 4710 1817 4764 crebrius
1844 4725 1908 4763 ex
1945 4710 2012 4765 iis

3292 4720 3307 4755 :
3350 4714 3407 4756 et
3436 4701 3692 4754 virtutem

440 4798 639 4868 prolati
672 4812 867 4851 versus
905 4798 1121 4853 docent.
1157 4799 1446 4852 Sacrarum
1493 4799 1792 4851 litterarum
1830 4799 2012 4852 scien-

444 4897 515 4948 tia
556 4909 663 4947 non
699 4909 890 4963 parum
924 4896 1218 4958 imbutum,
1245 4902 1325 4947 tot
1364 4895 1472 4948 lori
1517 4896 1764 4964 apposite
1802 4896 2010 4950 inducti

435 4996 763 5057 argumento
794 4996 944 5041 sunt.
983 4986 1089 5041 Sed
1129 4984 1180 5039 id
1231 5000 1299 5037 ex
1327 4986 1483 5039 libris
1511 4987 1633 5039 aliis
1664 4987 1779 5040 sole
1810 4980 2015 5043 clarius

433 5085 541 5139 est,
570 5092 710 5145 quos
759 5092 952 5146 nempe
997 5085 1187 5132 contra
1227 5075 1641 5130 Mahometanns
1706 5087 1761 5130 et
1794 5077 2014 5131 Iudaeos

433 5170 630 5225 edidit.
662 5168 857 5224 Fertur
902 5171 1129 5239 insuper
1185 5170 1237 5222 in
1275 5174 1517 5238 quinque
1561 5170 1772 5237 priores
1803 5169 2017 5222 ΕιΙιίι-ο-

437 5277 557 5315 rum
583 5259 895 5315 Aristotelis
943 5259 1307 5328 Paraphrasiu
1353 5258 1764 5327 conscripsisse.
1798 5259 1919 5313 [huc
1948 5260 2016 5314 de

437 5352 638 5409 studiis
692 5362 747 5405 et
770 5352 969 5407 litteris
996 5355 1135 5422 ejus.

429 5482 434 5487 .
508 5442 665 5507 Quod
714 5442 781 5495 ad
857 5458 1037 5497 mores
1083 5455 1137 5497 et
1198 5444 1432 5497 virtutes
1481 5444 1692 5507 attinet,
1730 5442 2017 5495 veritatem

440 5537 665 5595 amavit,
711 5542 770 5585 ut
817 5534 909 5601 qui
939 5527 1191 5597 maxiinc,
1250 5533 1412 5602 idQue
1470 5535 1630 5587 toties
1673 5542 1910 5586 testatur
1956 5549 2020 5587 ac

448 5625 759 5692 proﬁtetur.
795 5623 925 5693 Ejus
982 5624 1273 5692 prudentia
1321 5640 1351 5679 e
1396 5624 1579 5686 dictis,
1613 5623 1959 5691 maximeque
1989 5640 2021 5677 e

445 5713 692 5768 consiliis
720 5712 941 5776 egregia
981 5728 1195 5776 semper
1271 5725 1325 5769 et
1375 5715 1726 5768 memoranda
1760 5714 2024 5768 Dorsuici-

2111 4707 2382 4770 ethnicos,
2410 4718 2469 4761 et
2503 4706 2819 4762 idololatras
2843 4722 2985 4774 saepe
3029 4703 3244 4756 laudavi

2111 4799 2197 4854 vel
2235 4799 2289 4853 in
2348 4801 2505 4854 hoste
2560 4800 2871 4857 amabilem,
2898 4799 3125 4863 ejusque
3183 4793 3433 4862 exempla
3496 4810 3524 4845 a
3558 4808 3697 4860 quo-

2116 4903 2360 4956 cunque,
2390 4896 2445 4940 et
2486 4887 2861 4955 qualicunque
2895 4883 3160 4936 sumenda
3209 4883 3371 4937 nobis
3394 4897 3515 4936 esse
3554 4895 3690 4933 con-

2121 4979 2299 5032 ﬁrmo.
2338 4979 2433 5032 Est
2459 4978 2607 5030 enim
2640 4975 2834 5029 eadem
2867 4988 3106 5041 semper,
3146 4989 3247 5026 nec
3290 4975 3409 5043 ejus
3435 4971 3696 5041 splendor

2122 5071 2447 5125 immortalis
2474 5070 2796 5140 cujusquam
2824 5066 3077 5120 sordibus
3103 5075 3281 5135 potest
3326 5066 3691 5120 obsolescere.

2783 5155 3013 5210 Diuitiw.

2188 5245 2519 5300 Incredibile
2564 5253 2871 5298 memoratu
2926 5252 3031 5309 est,
3059 5251 3280 5313 quanta:
3329 5243 3450 5312 ejus
3499 5242 3692 5312 copiae,

2121 5336 2429 5397 facultates,
2486 5335 2680 5403 quanti
2734 5333 2984 5403 pecunia:
3044 5333 3288 5387 thesauri
3341 5332 3568 5392 fuerint,
3624 5331 3694 5385 de

2121 5424 2324 5493 quibus
2351 5422 2519 5476 variis
2547 5422 2684 5476 locis
2732 5421 2848 5490 ipse
2892 5419 3207 5482 conﬁtetur,
3255 5430 3310 5475 ct
3366 5434 3469 5489 ego
3515 5420 3691 5472 virum

2123 5526 2364 5583 gravem,
2399 5511 2742 5580 vanitatique
2774 5509 3245 5573 infensissimum,‘
3274 5509 3340 5563 ad
3376 5510 3492 5563 haac
3521 5510 3690 5571 etiam

2125 5603 2467 5671 religiosum,
2518 5602 2741 5658 mentiri
2798 5617 2907 5656 non
2961 5613 3113 5672 puto.
3170 5600 3414 5664 Insulas,
3470 5602 3692 5671 oppida,

2126 5694 2345 5750 castella
2383 5695 2439 5751 in
2460 5695 2664 5766 opibus
2710 5693 2825 5750 suis
2869 5701 3140 5749 recenset.
3192 5690 3485 5747 Pecuniam
3533 5707 3688 5750 sane.
