4038 6212
267 368 330 432 3'5
1581 357 2179 416 PnoLsuottEuA.
2562 338 2565 341 ⁷
3433 350 3508 415 at

268 498 419 555 quam
475 476 740 549 Byzantii,
788 483 845 532 et
880 474 937 531 in
969 472 1096 530 aliis
1129 472 1360 528 urbibus
1406 487 1505 542 per
1542 471 1831 527 Thraciam

267 574 400 641 :pud
447 570 654 621 amicos
701 564 1008 634 depositam
1071 561 1351 625 habebat,
1387 575 1488 615 nec
1518 560 1621 629 ipsi
1651 600 1666 620 ,
1732 558 1826 627 qui

270 660 499 715 eamdem
550 656 926 724 diripuerunt,
960 653 1192 715 inimici,
1236 666 1400 720 quam
1432 666 1623 719 magna
1663 660 1828 711 esset,

271 768 360 821 pro
386 760 537 805 certo
585 750 810 802 novisse
841 753 1167 815 potuerunt.
1209 742 1426 806 Tritici,
1466 743 1680 809 hordei,
1714 742 1831 795 fru-

272 858 386 911 gum
412 841 804 907 fructuumque
866 836 1081 891 inﬁnita
1122 835 1200 890 illi
1240 836 1418 903 c0pia,
1450 833 1830 900 innumerabi-

274 935 344 988 les
385 931 593 986 acervi.
652 930 827 984 Boum
888 927 1227 998 pascualium
1280 939 1534 983 numerat
1586 928 1832 996 quiutu

276 1024 454 1087 millia,
476 1031 765 1076 aratorum
781 1022 911 1090 juga
954 1019 1128 1083 mille,
1159 1034 1334 1087 equas
1364 1019 1653 1087 pascuales
1682 1018 1832 1073 mille

277 1117 605 1186 quingentas,
656 1112 901 1167 camelos
943 1112 1240 1173 ducentos,
1296 1109 1476 1164 mulos
1530 1118 1829 1175 trecentos,

279 1208 444 1262 asinos
474 1206 828 1275 quingentos.
862 1217 1159 1271 porcorum
1192 1201 1616 1278 quinquaginta,
1645 1200 1832 1254 ovium

281 1298 609 1367 septuaginta
652 1295 848 1349 millia.
880 1293 952 1349 Ut
978 1286 1101 1364 jam
1127 1307 1237 1348 non
1267 1291 1361 1356 sit,
1388 1308 1489 1346 cur
1531 1307 1722 1362 greges
1777 1300 1835 1347 et

284 1396 504 1442 armenta
531 1386 681 1440 illius
719 1383 824 1438 Job
851 1384 1137 1443 miremur.
1169 1382 1368 1435 Verum
1406 1382 1510 1436 iste
1544 1380 1689 1451 apud
1734 1395 1832 1434 ur-

284 1480 372 1534 bes
404 1478 642 1532 Thracia:
666 1491 778 1530 nou
808 1489 996 1538 unam,
1031 1473 1128 1528 sed
1179 1474 1366 1541 plures
1395 1473 1661 1543 possedit.
1697 1471 1834 1527 Vide

287 1571 373 1624 lib.
409 1585 483 1633 ιιι,
504 1584 626 1638 cap.
658 1569 755 1633 Ἡ,
801 1567 895 1621 ubi
920 1566 1017 1630 ait,
1040 1565 1147 1620 sibi
1172 1574 1289 1619 toto
1312 1565 1545 1635 imperio
1584 1564 1834 1620 Romano

285 1675 497 1730 sparsas,
530 1674 736 1729 easque
783 1660 1079 1712 immensas
1123 1656 1314 1725 copias
1352 1665 1520 1725 atque
1565 1670 1722 1725 Opes.
1765 1653 1833 1709 Et

291 1753 346 1804 3i
372 1760 421 1805 el.
443 1754 525 1805 36.
548 1750 588 1803 E
604 1747 933 1820 supellectili
957 1763 1122 1802 aurea
1145 1756 1203 1801 et
1229 1757 1488 1817 argentea
1520 1761 1684 1817 supra
1730 1746 1830 1800 du-

1936 480 2057 525 sunt
2080 472 2249 525 abusi.
2288 469 2390 524 Ille
2434 476 2646 530 contra,
2692 464 2933 520 naturali
2971 465 3275 536 prudentia,
3305 474 3353 520 et
3394 483 3514 521 ma-

1940 579 2041 632 gno
2073 563 2286 633 ingenio
2325 571 2568 621 ornatus,
2601 574 2656 612 se
2689 558 2759 611 ad
2798 565 3029 611 veterum
3078 562 3515 626 prwstantlorum

1933 656 2166 708 virorum
2195 670 2361 707 mores
2382 651 2772 720 conformabat,
2792 657 2839 701 et
2858 648 3252 719 magniﬁcentia
3281 665 3514 705 morum.

1934 756 1985 798 et
2040 747 2208 800 animi
2246 746 2590 800 liberalitate.
2634 743 2853 796 Etcum
2895 749 3018 792 tunc
3072 756 3154 793 res
3201 742 3247 794 ei
3292 740 3521 809 feliciter

1932 840 2328 898 successissent,
2355 838 2628 905 fortunam
2673 850 2775 886 non
2811 833 3093 892 lacrssiuit.
3124 849 3286 901 neque
3329 833 3518 884 immo-

1934 928 2047 980 dice
2073 926 2414 997 supercilium
2460 926 2708 986 arrexit;
2746 924 2837 976 sed
2881 930 3088 975 retenta
3126 924 3290 976 animi
3337 922 3516 990 gravi—

1936 1028 2063 1084 tate,
2095 1021 2240 1073 intra
2290 1018 2554 1070 modestia:
2597 1014 2790 1067 limites
2835 1015 3085 1066 immotus
3139 1013 3356 1077 mansit,
3401 1024 3509 1067 etc.

2021 1111 2286 1169 Rursum.
2322 1109 2419 1161 lib.
2452 1123 2484 1160 ι
2523 1105 2673 1160 :llac
2706 1105 2947 1157 oratione
2975 1104 3307 1177 conﬁrmati,
3338 1120 3514 1156 omnes

1935 1209 2147 1256 strenue
2195 1218 2256 1255 ac
2308 1200 2521 1270 fortiter
2582 1200 2751 1252 hostes
2823 1198 3156 1263 inuaserunt,
3225 1196 3287 1250 in
3329 1200 3516 1264 μηνυτὴς

1934 1309 2057 1347 vero
2087 1308 2310 1361 magnus
2357 1291 2672 1343 domesticus
2706 1285 3136 1361 Cantacuzenus,
3190 1288 3280 1355 qui
3333 1288 3515 1339 multis

1935 1360 2385 1445 ensibuspmultis
2417 1382 2534 1432 telis
2570 1382 2796 1432 hostium
2825 1360 3018 1447 petitus
3045 1377 3516 1447 atquedmpulsus,

1935 1477 2044 1540 ipse
2099 1475 2308 1545 quidem
2347 1473 2605 1542 plurimos
2639 1474 2810 1525 hostes
2848 1472 3132 1539 prostrauit
3163 1487 3181 1523 :
3208 1471 3301 1522 sed
3348 1486 3517 1539 neque

1937 1566 2140 1635 clypeo,
2201 1579 2366 1633 neque
2427 1562 2613 1632 gladio
2668 1563 2891 1624 amisso,
2948 1558 3226 1612 incolumis
3263 1575 3289 1612 ε
3333 1560 3519 1627 pra'lio

1936 1657 2123 1718 evasit,
2168 1655 2309 1710 velut
2339 1655 2703 1726 agglutinatus
2738 1664 2894 1723 atque
2924 1652 3120 1727 infixus
3144 1667 3298 1720 equo,
3336 1662 3445 1705 etc.

2006 1748 2083 1807 Et.
2116 1748 2259 1802 lihro
2287 1748 2584 1801 undecimo
2624 1763 2639 1801 :
2672 1746 2811 1798 Adeo
2833 1760 3148 1813 magnorum
3181 1760 3398 1812 operum
3437 1744 3522 1796 in-

293 1852 433 1896 ceuta
447 1857 559 1896 vasa
579 1850 771 1894 mutuo
787 1839 883 1893 dat
897 1839 1122 1908 palatio,
1141 1838 1321 1908 capite
1340 1838 1600 1893 vicesimo
1621 1847 1836 1908 quarto.
1873 1850 1913 1904 Β
1944 1842 2161 1910 geniosd
2195 1841 2425 1907 effectrix
2454 1839 2634 1906 magni
2674 1837 2942 1891 domestici
2985 1836 3325 1890 taciturnitas
3357 1835 3521 1887 exsti-

956 1928 1174 1984 Eloaia.

956 1946 997 1981 ιι
1097 1946 1174 1984 ια.

358 2023 469 2078 Lib.
492 2014 531 2086 ιζ
557 2038 680 2091 cap.
715 2020 814 2083 38,
845 1946 1197 2074 Andrdftgicus
1226 2016 1412 2073 senior
1447 2018 1565 2087 ejus
1595 2016 1837 2086 pruden—

312 2117 431 2169 tiam
454 2117 507 2169 in
528 2116 697 2169 dando
712 2112 946 2169 consilio
983 2111 1258 2166 admirata
1270 2126 1314 2174 r,
1346 2125 1516 2179 seque
1543 2110 1601 2164 in
1632 2110 1726 2189 illo
1747 2109 1836 2163 avi

324 2205 530 2258 materni
559 2205 833 2273 imaginem
866 2200 1073 2256 intueri
1103 2210 1404 2264 asseverat,
1432 2201 1527 2271 qui
1555 2208 1661 2255 tam
1692 2200 1855 2255 cele-‘

327 2305 445 2348 nter
468 2294 786 2361 arripuisset,
805 2302 903 2348 tam
930 2300 1059 2363 apte
1082 2294 1430 2361 explicasset,
1457 2302 1514 2347 et
1538 2291 1839 2362 promptis-

316 2386 437 2439 sime
463 2387 810 2455 transegisset,
853 2402 978 2455 qua:
1004 2400 1094 2440 res
1133 2384 1487 2454 postulasset,
1513 2392 1575 2438 ut
1626 2391 1838 2438 statue-

317 2474 393 2533 rit.
421 2474 461 2527 si
511 2475 709 2543 absque
765 2489 1093 2529 successore
1128 2490 1195 2529 ex
1231 2489 1290 2528 se
1318 2481 1467 2543 .nato
1498 2482 1835 2538 moreretur,

312 2565 516 2619 suadere
540 2567 882 2634 proceribus,
913 2567 1069 2620 illum
1111 2576 1241 2621 ante
1271 2565 1407 2620 alios
1445 2565 1838 2633 imperatorem

298 2654 600 2723 eligendum.
665 2656 1081 2712 Animadvertis
1148 2656 1318 2727 igitur
1392 2655 1839 2710 Cautacuzenum

297 2738 504 2814 imperio
524 2747 752 2817 dignum
773 2748 1102 2817 judicatum,
1131 2747 1177 2802 si
1210 2761 1373 2800 avum
1404 2746 1524 2815 ejus
1547 2745 1839 2816 judicavit,

292 2837 430 2906 cujus
462 2838 511 2891 in
569 2838 695 2907 ipso
743 2851 1066 2906 expressum
1113 2852 1174 2892 se
1223 2836 1429 2891 intueri
1482 2837 1840 2892 simulacrum

286 2926 552 2982 confessus
581 2937 692 2982 est.

343 3017 633 3088 Gregoras,
666 3017 813 3072 libro
866 3032 1014 3072 nono
1038 3054 1056 3081 ,
1120 3017 1189 3074 de
1244 3016 1482 3073 eodem:
1519 3016 1708 3073 Ceteri
1741 3016 1840 3073 illa

281 3109 556 3161 mutatione
579 3106 726 3162 velut
760 3107 927 3161 multo
954 3122 1099 3162 mero
1129 3107 1263 3161 ebrii
1288 3107 1581 3161 insolenter
1618 3108 1839 3177 fortuna

1943 1934 2030 1985 tit.
2061 1932 2206 1987 Nam
2238 1931 2470 1985 aliorum
2502 1929 2709 2000 quidem
2740 1929 2894 1982 verba
2929 1929 3130 1983 umbra:
3163 1937 3372 1982 tantum
3398 1937 3520 1983 sunt

1941 2040 2176 2093 aperum,
2201 2021 2363 2076 simul
2386 2029 2547 2090 atque
2582 2036 2609 2073 e
2640 2019 2823 2088 lingua
2852 2019 3171 2091 prodierint,
3199 2020 3517 2093 morientes;

1939 2113 2040 2165 uiri
2075 2122 2250 2166 autem
2283 2112 2441 2180 hujus
2473 2118 2637 2163 etlam
2666 2109 2939 2163 silentium
2989 2126 3215 2179 magnas
3252 2126 3333 2162 res
3362 2111 3517 2178 gerit.

1944 2203 2081 2256 Nam
2101 2204 2299 2272 ingenii
2322 2203 2694 2272 magnitudine
2724 2213 2772 2254 et
2802 2203 3020 2255 solertia
3054 2204 3134 2255 vir
3164 2202 3254 2254 ille
3288 2203 3517 2263 excellit,

1942 2311 2121 2346 revera
2156 2272 2418 2363 profurido
2446 2300 2638 2347 mentis
2666 2294 2812 2345 sulco
2840 2293 3046 2361 fruens.
3101 2293 3226 2347 llaec
3250 2293 3521 2362 Gregoras

1941 2386 2007 2438 de
2040 2383 2427 2439 Cautncuzeno
2474 2385 2590 2438 sive
2621 2385 2833 2438 amicus
2883 2383 3088 2447 adhuc,
3119 2383 3236 2438 sive
3263 2384 3332 2438 ab
3362 2384 3514 2453 ipsa-

1943 2483 2060 2528 met
2104 2476 2336 2530 veritate
2361 2486 2588 2531 coactus
2615 2491 2631 2528 :
2660 2491 2783 2528 nam
2810 2483 3000 2543 postea
3030 2476 3206 2529 evasit
3239 2475 3519 2537 inimicus,

1946 2574 2005 2619 ut
2033 2579 2096 2618 ex
2127 2566 2270 2619 libro
2294 2576 2493 2634 quarto
2521 2567 2818 2628 constabit.
2852 2578 2905 2621 et
2949 2582 3050 2620 nos
3091 2577 3256 2635 supra
3291 2568 3343 2620 in
3375 2582 3522 2635 prte-

1943 2654 2149 2709 fatione
2184 2655 2318 2724 ipsis
2348 2657 2717 2711 Cantacuzeui
2752 2659 2938 2713 verbis
2970 2659 3023 2712 id
3054 2659 3372 2713 docuimus.

2016 2744 2138 2799 Lib.
2171 2761 2259 2810 ιιι,
2284 2761 2410 2816 cap.
2441 2747 2532 2810 52,
2559 2762 2587 2800 a
2617 2747 2855 2801 Cabatze
2892 2747 3160 2812 Triballo,
3207 2750 3328 2800 viro
3364 2748 3521 2817 prin-
3554 2746 3561 2749 ’

1943 2835 2093 2904 cipe,
2129 2837 2323 2891 oculus
2373 2837 2749 2891 Romanorum
2801 2848 3048 2892 vocatur.
3099 2839 3360 2893 Eumdem
3412 2826 3525 2892 ma-

1943 2928 2144 2998 gnilico
2175 2930 2450 2998 praeconio
2478 2929 2693 2983 emollit
2724 2928 2776 2982 in
2800 2929 3049 2998 epistolis
3074 2930 3141 2983 ad
3173 2945 3369 2999 papam
3412 2930 3525 2984 Ro-

1944 3034 2167 3074 manum
2216 3027 2273 3074 et
2329 3019 2595 3075 Dellinum
2647 3020 3012 3076 Viennensem
3076 3022 3512 3077 Bartbolomaeus

1944 3109 2178 3181 legatus,
2217 3111 2365 3167 libro
2398 3121 2620 3182 quarto,
2672 3113 2856 3182 capite
2889 3113 3156 3168 secundo.

347 3396 540 3450 Praeter
573 3395 901 3452 testimonia
945 3399 1015 3450 de.
1047 3395 1258 3451 Joanne
1293 3395 1682 3452 Cantacuzeno
1712 3413 1837 3467 quze
1868 3399 1955 3453 vir
1992 3400 2346 3469 pereruditus
2373 3399 2613 3455 Iacobus
2653 3400 2933 3454 Pontanus
2966 3397 3260 3453 Societatis
3284 3397 3412 3451 Jesu
3454 3404 3527 3446 ex

286 3489 597 3559 Nicephoro
631 3491 875 3562 Gregora
909 3472 1163 3561 protulit,
1192 3492 1258 3547 ad
1290 3493 1828 3548 commendationem
1852 3494 2222 3550 Cantacuzeni
2260 3496 2496 3551 maxime
2527 3495 2805 3563 pertinere
2832 3495 3012 3549 visum
3038 3502 3123 3548 est
3158 3493 3521 3560 fragmentum

272 3583 511 3653 ejusdem
558 3582 871 3652 Nicephori
917 3596 986 3636 ex
1027 3582 1172 3638 libro
1218 3597 1293 3643 ιι,
1326 3583 1473 3653 quod
1524 3585 1697 3639 edidit
1729 3586 1790 3641 V.
1846 3585 1930 3641 Cl.
1973 3586 2152 3657 deque
2197 3586 2349 3641 omni
2390 3600 2590 3656 genere
2631 3585 2942 3640 litterarum
2992 3585 3252 3655 praeclare
3295 3580 3535 3661 meritus

271 3676 339 3729 ἢ.
368 3677 429 3730 ι).
458 3676 767 3745 Dionysius
794 3673 1059 3728 Petavius
1088 3674 1339 3744 ejusdem
1371 3673 1683 3731 Societatis.

343 3803 398 3856 '0
422 3806 519 3873 μέν
557 3819 657 3856 τοι
692 3798 947 3869 βασιλεὺς
976 3801 1314 3872 Ἀνδρόνικος
1347 3805 1475 3875 περὶ
1498 3805 1597 3873 τὴν
1629 3806 1842 3878 πολιορ.

2017 3802 2087 3858 At
2119 3803 2469 3858 Andronicus
2495 3803 2792 3871 imperator
2815 3801 2945 3856 dum
2978 3801 3325 3857 Acarnanum
3357 3817 3525 3875 caput

272 3894 385 3945 κίειν
413 3890 830 3963 ἀσχολούμενος
878 3890 982 3959 τῆς
1012 3893 1119 3945 τῶν
1168 3894 1512 3963 Ἀκαρνάνων
1567 3898 1840 3967 μητροπό-

262 3982 387 4046 λεως
409 3986 604 4037 πάντα.
637 3981 889 4049 ὲξουρὶας
932 3978 1044 4048 εἶχε
1099 3982 1168 4035 τὰ
1200 3984 1281 4047 εις
1308 3985 1564 4054 βούλησιν
1590 3987 1738 4056 αὐτῷ
1775 4005 1839 4054 γε

264 4074 397 4129 ἰόντα
445 4074 605 4127 κατὰ
644 4073 701 4124 τὺ
734 4074 974 4142 ἐφικτόν.
1007 4070 1114 4126 Τοῦ
1140 4075 1247 4142 γὰρ
1294 4077 1532 4144 μεγάλου
1591 4077 1849 4151 δομεστίοη

257 4182 344 4217 κου
377 4164 475 4218 τού
520 4162 992 4232 Καντακουζηνοῦ
1040 4166 1479 4233 παρασπίζοντος
1518 4169 1612 4220 καὶ
1641 4169 1842 4221 συνδιϊ-

256 4255 503 4317 θύνοντος
535 4256 750 4323 ἄριστα
780 4253 880 4323 τὴν
940 4253 1135 4324 ἀρχὴν,
1161 4255 1311 4308 οὐδὲν
1351 4256 1523 4309 δεινὸν
1555 4259 1703 4329 αὐτῷ
1736 4259 1843 4312 τῶν

253 4344 639 4413 παρεστώτων
664 4341 840 4395 ἐδόκει
884 4342 1094 4397 δεινῶν.
1125 4344 1239 4415 Τήν
1283 4362 1341 4398 τε
1386 4348 1494 4418 γὰρ
1525 4348 1744 4417 χρονίαν
1786 4351 1846 4403 ὲν

253 4435 543 4506 ὑπερορίῳ
588 4433 924 4503 ἐπιστρατείᾳ
957 4433 1241 4503 διατριϐὴν
1273 4436 1364 4487 καὶ
1391 4434 1598 4505 φθορὰν
1620 4438 1717 4508 τῆς
1751 4438 1843 4491 ἴπ-

250 4546 351 4583 που
384 4533 485 4583 καὶ
505 4528 612 4582 τοῦ
649 4527 883 4595 στρατοῦ
918 4527 1107 4591 δεξιῶς
1138 4510 1380 4593 διετίθει,
1408 4529 1501 4582 καὶ
1538 4531 1707 4601 αὐτὴν
1736 4530 1847 4583 ἀπὸ

247 4622 353 4674 τῶν
387 4620 649 4688 σπληνὸς
668 4617 970 4681 πιέζουσαν
1000 4617 1153 4669 νόσον
1186 4620 1420 4682 συνετῶς
1451 4619 1599 4691 αὐτῷ
1624 4621 1853 4673 ἐπεκού-

251 4715 366 4781 φιζι
396 4732 411 4744 ·
452 4714 565 4766 καὶ
619 4711 863 4772 ἅπαντος
914 4710 1007 4762 τοῦ
1038 4710 1289 4765 ἐντεῦθεν
1326 4712 1639 4783 ἀπήλλαττε
1675 4716 1848 4778 δέους.
1888 4753 1897 4762 .

247 4806 357 4859 Καὶ
382 4808 443 4858 ετ
474 4820 576 4866 τις
633 4801 945 4870 πλήττουσα
990 4801 1090 4870 τὴν
1137 4803 1365 4869 καρδίαν
1397 4805 1609 4875 ὑπῆρχε
1633 4809 1852 4877 φροντὶς

247 4897 498 4967 resumi;
532 4895 727 4954 πάσας
755 4891 1090 4962 ὲξομαλίζων
1136 4895 1307 4947 ἐτέλει
1342 4895 1541 4966 ῥᾳδίως
1563 4916 1576 4927 ·
1632 4901 1725 4949 καὶ
1758 4899 1849 4951 ἐπὶ

242 4989 461 5048 τούτοις
489 4987 603 5043 τὰς
628 4984 691 5034 ὲκ
716 4980 825 5035 τῶν
847 4983 1125 5049 συγγενῶν
1151 4985 1450 5053 τηνικαῦτα
1471 4991 1745 5056 παραφύεὶ
1754 5004 1852 5048 σας

244 5080 566 5140 επιϐουλὰς
594 5076 738 5147 μάλα
769 5077 951 5145 σοφῶς
977 5076 1141 5139 αὐτὸς
1171 5078 1410 5146 ἀνεῖργε,
1433 5080 1735 5133 συστέλλων
1760 5082 1853 5134 καὶ

1948 3894 2185 3952 obsidet.
2210 3893 2394 3946 omnia
2423 3892 2525 3946 sibi
2561 3908 2627 3946 ex
2670 3891 2840 3946 animi
2867 3889 3160 3955 sententia,
3194 3896 3372 3962 quoad
3408 3896 3529 3950 fieri

1950 3996 2205 4056 poterat,
2261 3983 2561 4038 suceodere
2609 3983 2900 4036 sentiebat.
2964 3982 3180 4036 Etenim
3231 3985 3531 4052 adjuvantc

1948 4091 2146 4145 magno
2193 4074 2497 4128 domestico
2534 4071 2939 4137 Cantacuzeno,
2975 4072 3291 4141 optimeque
3344 4074 3528 4143 impe-

1951 4165 2095 4219 rium
2122 4179 2245 4218 cum
2274 4179 2340 4217 eo
2371 4162 2716 4228 moderante,
2748 4162 2958 4214 nullum
2985 4178 3050 4216 ex
3081 4162 3149 4216 iis
3179 4161 3378 4232 quibus
3404 4180 3536 4233 prc-

1948 4257 2205 4311 mebatur
2256 4254 2621 4309 incommodis
2673 4254 3084 4309 incommodum
3134 4270 3255 4310 esse
3300 4257 3535 4313 videba-

1952 4360 2063 4403 tur.
2098 4346 2233 4401 Nam
2266 4357 2322 4401 et
2351 4347 2666 4401 diuturnam
2713 4347 2863 4400 illam
2899 4348 3182 4415 peregrina
3215 4349 3271 4402 in
3302 4351 3534 4419 expedi-

1952 4441 2102 4494 tione
2154 4456 2385 4503 moram,
2430 4451 2594 4507 atque
2640 4439 2888 4506 equitum
2921 4439 3279 4508 peditumque
3319 4442 3535 4495 cladem

1950 4533 2256 4602 prudenter
2297 4531 2594 4584 admodum
2629 4532 2903 4585 relevabat
2936 4550 2949 4585 :
2981 4543 3036 4587 et
3077 4534 3229 4587 illum
3274 4551 3339 4589 ex
3390 4538 3540 4591 liene

1954 4622 2210 4676 morbum
2260 4620 2453 4675 eadem
2499 4621 2721 4678 solertia
2752 4622 2984 4690 lenibat,
3032 4640 3366 4694 omnemque
3405 4627 3537 4681 inde

1959 4721 2163 4766 metum
2220 4711 2611 4781 abstergebat:
2645 4708 2707 4766 ac
2756 4713 2801 4767 si
2857 4714 2988 4783 quid
3041 4727 3269 4769 externa
3317 4702 3533 4785 negotia

1957 4800 2344 4856 sollicitudinis
2370 4808 2745 4870 aspergerent,
2787 4817 2906 4855 eam
2935 4803 3027 4856 ille
3051 4804 3534 4859 administratione

1959 4909 2056 4947 sua
2088 4891 2249 4947 facile
2301 4892 2687 4962 componebat.
2740 4894 2818 4945 Ad
2858 4894 2969 4947 hinc
2998 4905 3355 4962 cognatorum
3404 4897 3538 4951 iusi-

1959 4985 2097 5046 tlias,
2133 4999 2256 5053 quae
2300 4991 2416 5036 tum
2463 4992 2655 5038 contra
2701 4983 3049 5052 imperatoris
3078 4997 3242 5053 caput
3273 4999 3533 5051 grassata:

1958 5084 2109 5139 sunt,
2138 5077 2416 5143 sapienter
2451 5076 2734 5145 repressit,
2771 5077 3027 5130 omnibus
3064 5077 3118 5130 in
3156 5087 3271 5131 tuto
3293 5078 3534 5132 colloca-

243 5173 634 5225 ἀπαλλάττων
660 5159 738 5228 εἰς
768 5168 1066 5237 τάσφαλὲς,
1099 5170 1230 5239 πρὶν
1270 5171 1350 5232 εἰς
1394 5172 1564 5233 ἀκοὰς
1616 5172 1751 5223 ἱέναι
1778 5170 1842 5240 τᾷ

1961 5168 2051 5241 tis,
2073 5177 2370 5234 antequam
2401 5167 2466 5219 ad
2499 5182 2662 5220 aures
2689 5167 3039 5234 imperatoris
3080 5169 3414 5222 acciderent.
3451 5169 3538 5224 Si-

250 5260 494 5328 βασιλεῖ.
539 5257 764 5319 Πολλοῖς
795 5258 905 5326 γὰρ
932 5259 1303 5327 κοσμούμενος
1337 5262 1364 5312 ὀ
1391 5261 1533 5330 ἀνὴρ
1557 5264 1670 5322 τοῖς
1697 5260 1854 5314 πλεο-

247 5354 641 5423 νεκτήμασιν,
671 5349 771 5401 ὅσα.
797 5365 859 5400 τε
888 5348 1049 5415 φύσις
1073 5349 1377 5418 χαρίζεται,
1410 5352 1503 5404 καὶ
1531 5353 1629 5406 ὅσα
1662 5352 1852 5422 βιϐλλ

251 5443 484 5504 σύνεσις
521 5440 746 5506 εὐφυῶς
778 5439 1216 5509 πηδαλιουχοὺσα.
1244 5444 1458 5509 κοσμεῖ,
1489 5443 1626 5513 πρὸς
1652 5445 1853 5505 παντὸς

249 5535 524 5599 hastato
585 5528 677 5583 τοῦ
736 5530 1100 5601 στρατοπέδου
1127 5547 1142 5561 ο
1188 5532 1279 5597 καὶ
1342 5528 1410 5602 ἦν
1453 5534 1628 5597 οὐδεὶς
1675 5534 1732 5596 ὃς
1792 5537 1850 5587 οὔ

249 5624 562 5691 πρώτίθει
598 5622 690 5691 τῆς
715 5621 802 5675 ἐπ’
845 5622 1012 5677 αὐτοῦ
1050 5623 1196 5692 ζωῆς
1240 5626 1340 5693 τὴν
1356 5614 1580 5678 ’ἐκείνου
1629 5645 1643 5658 ·
1694 5627 1756 5680 τό
1795 5645 1853 5679 τε

250 5712 366 5783 γὰρ
420 5712 723 5781 φιλότιμον
770 5712 869 5784 τῆς
909 5712 1088 5779 δεξιᾶς
1122 5716 1215 5768 καὶ
1253 5714 1311 5768 τὸ
1336 5716 1427 5768 τοῦ
1453 5717 1625 5787 ἤθους
1663 5735 1859 5788 καρτε-

1950 5261 2173 5334 guidem
2213 5260 2400 5314 multis
2427 5259 2597 5313 animi
2638 5261 2982 5315 ornamentis
3010 5262 3095 5313 vir
3125 5261 3218 5314 ille
3247 5260 3534 5329 praeditus,

1960 5368 2083 5422 quae
2135 5364 2229 5405 aut
2288 5367 2318 5403 a
2384 5360 2581 5404 natura
2638 5349 2801 5404 insita
2857 5361 3007 5425 sunt,
3057 5360 3150 5404 aut
3199 5360 3540 5421 exaggerata:

1959 5445 2182 5506 mentis,
2226 5459 2347 5513 qua:
2382 5443 2509 5495 vita:
2541 5451 2742 5495 nostra:
2796 5442 3129 5495 moderatrix
3173 5443 3382 5512 optima
3429 5455 3538 5518 est,

1956 5534 2251 5606 prudentia
2291 5535 2545 5603 quaesita,
2585 5530 2726 5599 apud
2775 5532 3003 5585 militum
3040 5533 3313 5602 gratiosus
3346 5535 3538 5605 impri-

1958 5628 2063 5681 mis
2112 5635 2251 5686 erat,
2310 5633 2367 5676 ut
2417 5638 2582 5677 nemo
2627 5632 2772 5677 esset
2817 5623 2909 5691 qui
2946 5638 3053 5676 non
3092 5626 3211 5696 ejus
3258 5626 3425 5681 vitam
3474 5643 3536 5680 ac

1965 5718 2196 5772 salutem
2228 5723 2591 5783 anteponeret
2631 5730 2766 5768 sum.
2812 5713 2947 5770 Nam
2983 5732 3108 5770 cum
3141 5734 3207 5774 ne
3238 5718 3292 5772 in
3316 5717 3542 5786 expedit
