4038 6212
454 370 524 432 35
1064 462 1083 467 δ
1576 379 1908 441 JOANNES
1948 376 2566 467 ciiN'raeuzenus.
3635 382 3708 444 36

459 484 610 538 tione
671 483 937 553 quidem,
985 462 1263 557 tantisque
1324 489 1561 558 negotiis
1602 491 1902 559 quidquam
1959 462 2026 541 de

2138 487 2285 555 ρικδν
2340 486 2449 538 οὐδ’
2504 488 2565 538 ἐν
2619 489 2737 550 ταῖς
2789 485 3102 555 ὑπερορίοις
3157 486 3464 552 διατριϐαῖς
3499 507 3558 543 τε
3619 480 3712 544 καί

459 577 691 643 pristina
721 577 1047 633 liberalitate
1104 580 1385 649 animique
1429 583 1734 636 constantia
1764 591 2024 644 mutaret,

458 667 715 721 mutabat
739 669 828 723 ille
857 678 1036 723 tamen
1076 670 1129 723 in
1167 671 1362 726 melius
1392 687 1579 726 eorum
1607 675 1903 736 fortunam,
1931 673 2025 739 qui

459 762 573 807 tum
611 752 753 808 fame
798 771 861 811 ac
894 767 1045 824 peste
1085 759 1427 814 laborabant.
1461 761 1639 825 Quare
1684 777 1877 816 omnes
1922 777 2055 814 unar

457 861 591 899 voce
621 847 715 914 qtti
742 859 1073 915 supererant
1102 850 1307 905 milites
1328 867 1390 906 ac
1414 851 1601 925 duces,
1629 853 1853 909 ordines
1872 869 2027 923 aeque

458 943 623 1003 atque
663 937 919 990 ordinum
956 939 1196 1007 praefecti
1225 951 1565 996 servatorem
1601 943 1777 1006 illum,
1810 953 1865 998 et
1895 946 2032 997 alto-

458 1040 597 1091 rem,
643 1043 703 1081 ae
744 1028 1055 1098 largitorem
1092 1030 1390 1098 appellare.
1443 1042 1556 1087 tum
1606 1050 1669 1089 ea
1703 1035 2026 1104 praedicare,

456 1118 663 1186 quibus
709 1119 1014 1173 Romanum
1066 1121 1361 1191 imperium
1393 1125 1663 1180 illustrius
1695 1127 1922 1189 fecerat,
1951 1135 2028 1188 et,

461 1218 521 1262 ut
552 1212 867 1263 summatim
906 1213 1260 1280 complectar,
1292 1215 1559 1284 quidquid
1591 1217 1694 1271 sub
1726 1217 1867 1271 idem
1897 1227 2033 1271 tern-

458 1314 562 1368 pus
604 1301 723 1369 ejus
765 1302 867 1356 viri
902 1304 1194 1372 prudentia
1240 1306 1548 1365 emifectum
1603 1319 1708 1370 est,
1748 1323 1871 1377 quas
1921 1317 2047 1377 tam.

460 1391 764 1460 propinqua
821 1410 987 1462 quam
1044 1396 1235 1450 dissita
1293 1398 1631 1451 moderando
1688 1401 2028 1455 continebat.

460 1482 677 1539 Etenim
716 1485 846 1539 dum
880 1503 987 1540 una
1028 1490 1524 1572 cum’imperatore
1563 1492 1909 1547 Acarnanum
1943 1510 2033 1549 ur-

463 1574 589 1629 bem
641 1575 882 1641 obsidet,
923 1580 1307 1649 comprehensi
1355 1592 1486 1636 sunt
1539 1584 1633 1653 qui
1687 1586 2030 1654 tyrannidem

461 1668 778 1737 cogitabant
809 1685 873 1726 ac
896 1672 1155 1742 Byzantio
1193 1674 1583 1741 imminebant,
1613 1694 1714 1732 nec
1745 1681 1906 1748 pauci
1934 1697 2033 1736 nec

461 1759 705 1827 obscuri,
731 1762 800 1818 de
825 1763 1030 1834 quibus
1052 1766 1208 1834 plura
1241 1779 1431 1838 postea
1463 1768 1696 1824 dicenda
1725 1781 1876 1855 sunt.

2094 617 2101 621 ο
2128 582 2410 651 ἀσχολίαις
2438 582 2705 651 ἀμείϐων,
2727 581 2955 651 ἤμειϐεν
2980 583 3133 652 ὅμως
3185 583 3285 646 τὰς
3312 584 3481 655 τύχας
3512 586 3621 638 τῶν
3654 588 3711 640 ὲν

2128 674 2239 734 τοῖς
2265 672 2447 733 ὅπλοις
2477 674 2554 743 τῷ
2578 690 2636 727 τε
2660 673 2805 743 λιμῷ
2827 674 2919 725 καί⁵
2944 672 3118 743 λοιμῷ
3149 675 3711 745 προσταλαιπωροῦν-

2130 776 2239 813 των
2276 762 2332 825 ἔς
2360 780 2419 830 γε
2446 764 2505 816 τὸ
2541 762 2787 834 βέλτιον·
2841 764 2933 816 καὶ
2986 759 3129 833 ἦσαν
3180 762 3369 833 ὥσπερ
3407 766 3470 819 ὲκ
3505 769 3633 835 μιᾶς
3661 769 3712 820 οἱ

2131 856 2577 925 περιλειπόμενοι
2629 856 2862 926 βοῶντες
2897 856 3135 917 ἅπαντες
3163 854 3410 925 γλώττης
3441 857 3710 927 στρατιῶ-

2132 968 2223 1005 ται
2251 952 2349 1004 καὶ
2389 950 2708 1020 στρατηγοὶ,
2731 948 2877 1017 λόχοι
2911 948 3003 1001 καὶ
3037 948 3282 1018 λοχαγοὶ,
3320 948 3543 1019 σωτῆρα
3582 949 3709 1002 τοῦ-

2131 1058 2246 1105 τον,
2278 1040 2374 1092 καὶ
2407 1037 2634 1105 τροφέα,
2665 1039 2760 1090 καὶ
2791 1037 3170 1105 πλουτοδότην,
3203 1038 3297 1090 καὶ
3331 1039 3430 1092 ὅσα
3459 1040 3557 1107 τὴν
3581 1040 3715 1091 Ῥω-

2137 1131 2315 1201 μαίων
2338 1130 2640 1199 ἠγεμονίαν
2668 1128 3019 1197 ἐνδοξοτέραν
3048 1128 3345 1197 καθίστησι
3364 1145 3377 1159 ·
3408 1130 3503 1182 καὶ
3544 1128 3614 1181 ἶν’
3634 1129 3711 1191 ὡς

2133 1223 2191 1274 ιν
2219 1220 2502 1290 κεφαλαίῳ
2524 1219 2899 1290 διεξέλθωμεν,
2942 1220 3041 1273 ὃσα
3073 1222 3129 1273 ὲν
3173 1220 3346 1289 τούτῳ
3366 1220 3445 1289 τῷ
3473 1221 3650 1290 χρόνῳ
3676 1222 3712 1291 ἡ

2133 1311 2228 1366 τοῦ
2258 1312 2450 1383 ἀνδρὸς
2485 1311 2700 1380 εὐφυῶς
2729 1311 3042 1381 κατέπραξε
3078 1311 3315 1373 σύνεσις,
3360 1310 3588 1379 ἐγγύθεν
3617 1311 3713 1365 καὶ

2134 1403 2422 1474 πόρρωθεν
2448 1404 2650 1473 ὁμοίως
2698 1402 3072 1473 διενεργοῦσα.
3124 1401 3298 1455 Αὐτοῦ
3328 1402 3439 1473 γὰρ
3480 1403 3597 1471 ἅμα
3633 1402 3712 1470 τῷ

2136 1494 2346 1564 βασιλεῖ
2371 1494 2469 1563 τὴν
2511 1493 2619 1547 τῶν
2665 1494 3015 1563 Ἀκαρνάνων
3049 1492 3464 1562 πολιορκοῦντος
3512 1497 3715 1563 μητρό-

2133 1585 2311 1650 πολιν,
2346 1584 2595 1638 ἑάλωσαν
2651 1586 2700 1638 οἱ
2729 1586 3022 1654 τυραννίδα
3064 1584 3458 1654 μελετήσαντες
3507 1602 3565 1637 τε
3614 1587 3711 1638 καὶ

2134 1676 2447 1746 ιπιθέμενοι
2504 1677 2586 1740 είς
2639 1677 2970 1743 Βυζάντιον,
3017 1677 3202 1730 πολλοί
3230 1693 3290 1728 τε
3319 1677 3473 1740 ὄντες
3523 1678 3617 1731 καὶ
3647 1680 3708 1731 οὐ

2134 1772 2241 1825 τῶν
2264 1771 2512 1841 ἀφανῶν,
2544 1773 2671 1841 περὶ
2709 1766 2784 1826 ὧν
2822 1772 3047 1845 ὕστερον
3075 1772 3410 1844 πλατύτερον
3458 1774 3702 1843 λέξομεν.

462 1974 2495 2017 ..______________________

885 2144 1657 2237 DlGNlTATUM
1734 2150 1871 2240 AC
1944 2152 2753 2260 FU_NCTIONUM
2831 2158 3308 2250 PALATII

1260 2340 1385 2435 LET
1426 2341 1831 2427 ECCLESUE
1868 2345 2891 2425 CONSTANTINOPOLITAN/E,
3114 2351 3139 2375 ’

541 2506 829 2581 Quarum
868 2504 1237 2569 Historicus
1293 2515 1511 2571 noster
1570 2510 1887 2587 meminit,
1940 2530 2019 2574 ex
2074 2514 2454 2595 CurOpalata
2502 2526 2561 2579 et
2613 2518 2752 2597 ejus
2800 2519 3147 2585 Scholiasta
3187 2523 3599 2603 potissimum

1736 2613 2019 2679 dilucida
2048 2618 2433 2698 explanatio.

535 2924 834 2995 Δεσπότης,
875 2923 1164 2979 Dominus.
1199 2925 1325 2981 lla-c
1358 2926 1649 2995 appellatio
1697 2928 2037 2998 imperatori,
2072 2931 2114 2990 Β
2145 2928 2507 2999 imperatores
2557 2929 2927 2987 dormiebant.
2974 2932 3103 2987 Tale
3155 2949 3301 2988 nunc
3343 2935 3580 2991 officium
3625 2949 3710 2994 est

463 3019 591 3073 ﬁliis
613 3018 753 3086 ejus,
780 3019 1041 3073 fratribus
1081 3034 1145 3073 ac
1177 3020 1395 3089 generis
1429 3022 1773 3075 tribuebatur
1810 3037 2038 3091 genera-

470 3111 589 3167 tim.
637 3110 862 3180 Proprie
908 3110 977 3164 ab
1024 3111 1373 3179 imperatoria
1425 3114 1705 3183 majestate
1759 3112 2038 3168 secundus

468 3206 549 3260 sic
574 3206 1070 3283 dicebatur,_quem
1099 3207 1435 3262 recentiores
1462 3210 1625 3261 etiam
1652 3209 1916 3261 σεδαστὸν
1944 3225 2039 3261 vo-

464 3307 680 3355 carunt.
723 3296 836 3351 [loc
870 3300 1016 3351 enim
1051 3299 1218 3352 semel
1252 3299 1515 3353 denotare
1559 3302 1836 3364 convenit,
1868 3304 2039 3371 impe-

463 3398 677 3442 ratores
711 3387 835 3445 illos
862 3386 1101 3443 Orientis
1148 3389 1347 3444 multos
1394 3391 1580 3445 titulos
1611 3393 1936 3447 honorarius
1968 3393 2035 3447 ad

467 3492 597 3532 suos
628 3478 730 3532 sibi
760 3477 1131 3535 devineendos
1177 3480 1538 3551 excogitasse.
1575 3482 1631 3535 In
1663 3482 1854 3538 Galliis
1902 3484 2033 3537 olim

470 3570 754 3638 proximus
776 3586 806 3623 a
831 3585 957 3639 rege
982 3572 1155 3641 major
1176 3572 1430 3628 dominus
1451 3574 1855 3632 norninabatur.
1890 3576 2039 3630 Cra:-

466 3654 661 3713 corun'i
713 3659 1107 3727 imperatorum
1145 3677 1226 3715 cx-
1250 3662 1396 3731 mplo
1433 3680 1489 3718 se
1521 3680 1744 3733 quoque
1785 3665 2040 3734 despotas

469 3751 635 3804 vieini
666 3750 1092 3820 principeS'dici
1120 3754 1434 3833 voluerunt,
1475 3756 1775 3824 prwscrtiiii
1817 3755 2031 3826 Bulgari

467 3852 526 3898 et
555 3842 752 3897 Servii.
776 3842 877 3907 Qui
902 3843 1177 3897 interdum
1205 3846 1257 3898 in
1281 3846 1593 3900 Graecorum
1622 3848 1864 3901 historiis
1891 3851 2039 3917 regio

468 3948 691 4003 quoilue
730 3934 885 3988 titulo
908 3946 1224 3999 censentur,
1257 3951 1379 3989 eum
1417 3954 1515 4007 pro
1543 3939 1787 4007 despotis
1829 3938 2037 4005 Crates,

457 4014 526 4080 ὀι
559 4043 757 4082 uxores
788 4044 886 4097 pro
920 4026 1198 4097 despmnis
1227 4028 1484 4083 Cralaune
1518 4033 1900 4100 appellantur;
1935 4033 2041 4086 hoc

468 4119 673 4188 quippe
698 4130 859 4174 sonat
889 4135 1087 4173 nomen
1127 4121 1444 4175 barbatum.
1477 4122 1565 4176 Sic
1596 4138 1624 4174 a
1656 4125 2034 4193 tiaritaCtizeno

467 4210 786 4264 Acarnania.-
813 4219 867 4261 et
911 4207 1127 4262 Aitolia:
1151 4210 1426 4279 principes
1473 4212 1714 4279 dBSIlOliB
1757 4211 2034 4266 dicuntur.

471 4300 675 4353 Verum
700 4298 1197 4354 nosterhistoricus
1213 4301 1636 4354 Constantinum
1662 4302 1957 4357 Andronici
1985 4302 2040 4356 li-

472 4392 607 4446 lium
634 4392 913 4460 despotam
942 4403 1197 4446 vocatum
1219 4392 1432 4458 scribit,
1463 4395 1553 4463 qui
1575 4404 1695 4461 post
1722 4394 2039 4450 Michaelem

470 4487 693 4536 lratrcm
737 4483 975 4552 genitus,
1034 4499 1137 4553 per.
1172 4495 1370 4538 cuncta
1427 4486 1697 4541 secundas
1745 4487 2040 4542 obtineret.

472 4572 738 4626 Infantem
773 4583 970 4625 vocant
1020 4572 1269 4642 llispani.
1330 4573 1683 4629 Observanda
1726 4575 1887 4643 igitur
1936 4575 2042 4628 alia

474 4668 644 4719 notio.
668 4664 1011 4719 Monebiruus
1043 4666 1097 4717 in
1130 4665 1366 4720 Aduolat

547 4759 1067 4827 Παρακοιμὼμενοι,
1101 4758 1337 4812 subaudi
1363 4758 1455 4811 τοῦ
1477 4760 1757 4823 κοιτῶνος,
1778 4760 2037 4821 cubiculi,

475 4850 755 4903 Accubilor
785 4850 1010 4902 cubiculi
1034 4850 1099 4903 ad
1126 4851 1381 4913 verbum,
1410 4850 1462 4902 id
1491 4861 1573 4904 est
1614 4853 1750 4905 sacri
1775 4852 2038 4913 cubiculi,

473 4957 569 4995 seu
606 4938 959 4995 cxcubiarum
983 4940 1123 4993 sacri
1153 4939 1394 4994 cubiculi
1430 4941 1741 5009 pne-fectus,
1778 4941 2039 5010 principi.

473 5051 569 5089 si'u
603 5032 916 5102 imperatori
949 5049 980 5086 a
1023 5023 1314 5095 cubiculis,
1346 5042 1438 5085 aut
1492 5033 1781 5100 prmfcctus
1824 5033 2045 5084 cxi-ubi-

474 5137 676 5183 torum,
707 5131 763 5175 et
792 5122 1083 5176 custodum
1120 5123 1258 5176 sacri
1285 5122 1545 5175 cubiculi.
1585 5122 1757 5189 Caput
1792 5131 1875 5175 est
1909 5137 2043 5190 puc-

474 5230 661 5268 rorutn
693 5213 785 5282 qui
817 5214 868 5266 iu
902 5223 1118 5267 caelone
1144 5224 1293 5276 sunt,
1339 5212 1901 5278 eteubiculariorum,
1947 5214 2043 5264 ha‘

473 5305 808 5360 bensletiam
831 5306 934 5358 sibi
964 5303 1244 5359 subditum
1282 5302 1685 5372 procubitorcm
1716 5303 1855 5355 sacri
1889 5303 2044 5355 eubi-
2074 5296 2083 5303 ’

474 5398 606 5450 culi.
640 5398 717 5450 lta
762 5390 1385 5465 UuropalataJlagiium
1427 5392 1825 5447 cubicularium
1871 5395 2038 5463 aliqui

471 5500 691 5542 Vocant.

2143 3018 2288 3085 apud
2345 3017 2651 3072 Turcarnm
2701 3020 2982 3074 sultanum
3031 3022 3149 3087 ejus
3208 3023 3551 3091 cubicularii,
3611 3029 3707 3096 qui

2141 3108 2403 3170 Thiodar,
2424 3120 2521 3163 aut.
2559 3108 2847 3164 Trobadar
2867 3112 3195 3180 appellatur.
3228 3113 3276 3167 ls
3295 3116 3439 3168 enim
3469 3127 3526 3171 et
3564 3118 3709 3174 intra

2140 3201 2455 3254 cubiculum
2493 3211 2657 3256 noctu
2683 3201 2944 3257 excubias
2980 3204 3113 3272 agit,
3147 3213 3202 3258 et
3228 3206 3467 3274 pluviam
3496 3208 3709 3266 Sullani

2139 3300 2345 3344 vestem
2376 3299 2571 3360 gestat,
2599 3300 2658 3343 ut
2681 3291 3105 3361 παρακείμενος,
3131 3309 3252 3361 qua:
3275 3299 3709 3368 scaramaugium

2138 3394 2387 3436 vocatur.
2433 3385 2512 3437 Ac
2563 3394 2770 3436 norunt
2810 3398 3022 3443 omnes.
3064 3400 3157 3452 qm
3197 3384 3410 3441 Portam
3451 3388 3711 3444 viderunt

2137 3471 2508 3537 Osmanieam,
2548 3489 2660 3527 non
2703 3473 2976 3527 sultanum
3011 3475 3173 3529 modo
3211 3478 3459 3532 comitari
3488 3481 3712 3553 cubicu-

2138 3564 2356 3622 larium.
2402 3565 2496 3633 qui
2548 3580 2746 3618 sereno
2800 3581 3022 3635 quoque
3073 3568 3213 3621 caelo
3268 3572 3701 3638 searamangium

2140 3659 2261 3727 ejus
2292 3668 2503 3726 gestat;
2545 3659 2639 3713 sed
2694 3676 2889 3715 omnes
2920 3662 3086 3716 etiam
3126 3662 3367 3731 quotidie
3413 3664 3619 3729 bassas,
3651 3674 3709 3720 et

2141 3750 2327 3817 begos,
2356 3750 2814 3820 quotiescumque
2849 3766 2947 3821 per
2978 3754 3166 3808 urbem
3212 3754 3278 3808 ad
3313 3764 3519 3823 portam
3550 3759 3711 3826 equi-

2143 3847 2281 3905 tant,
2325 3842 2529 3896 habere
2560 3841 2920 3912 pedisequum
2948 3861 3137 3906 unum,
3170 3847 3261 3914 qui
3288 3858 3491 3901 vestem
3524 3847 3713 3918 hujus-

2142 3932 2288 3983 modi
2314 3940 2518 4000 portat,
2554 3933 2767 3986 exteris
2798 3933 3317 4002 superinjiciemlam
3341 3939 3707 3999 vestimentis,

2142 4022 2185 4078 si
2216 4038 2342 4077 aere
2382 4035 2592 4079 mutato
2630 4026 2770 4079 forte
2792 4024 2962 4095 pluat.

2239 4116 2431 4181 Μέγας
2489 4116 3100 4183 δομέστικος,,πηα9ηιιε
3159 4115 3494 4169 domesticus.
3545 4118 3707 4173 Varia

2143 4184 2263 4276 ejus
2295 4208 2471 4259 ollieia
2495 4208 2634 4273 apud
2666 4203 3015 4273 Curoplatam
3043 4204 3190 4269 vide,
3233 4207 3570 4262 variislocis.
3598 4210 3709 4263 No-
3794 4245 3807 4256 υ

2145 4314 2269 4351 men
2294 4297 2579 4366 domestici
2602 4296 2668 4349 ad
2695 4295 2877 4365 plures
2908 4295 3203 4366 dignitates
3231 4298 3559 4367 pertinebat,
3587 4317 3706 4370 qua:

2145 4390 2403 4461 adjuncto
2440 4388 2920 4451 discernebantur,
2972 4396 3031 4442 ut
3075 4404 3393 4457 cognosces,
3441 4407 3471 4444 e
3505 4392 3709 4460 quibus
3748 4389 3761 4410 "

2146 4483 2321 4552 magni
2356 4479 2644 4535 domestici
2676 4481 3014 4551 praecipuum
3049 4481 3348 4546 exstitisse,
3384 4497 3586 4536 nomen
3629 4483 3710 4553 ip-

2146 4589 2268 4626 sum
2299 4566 2519 4643 magnus
2558 4571 2850 4638 signiﬁcat.

2212 4665 2693 4735 Πρωτοστράτωρ,
2721 4663 3103 4717 Proloslrator.
3127 4664 3367 4719 Absente
3390 4680 3587 4735 magno
3604 4648 3711 4719 ldo-

2147 4758 2378 4811 mestieo
2419 4757 2522 4810 fert
2552 4757 2901 4826 imperatoris
2931 4758 3200 4826 Spatbam.
3236 4756 3369 4811 Cum
3395 4758 3574 4825 itaque
3612 4760 3709 4813 im-

2146 4862 2365 4918 paratur
2395 4858 2478 4901 est
2505 4864 2915 4903 COIISCt‘IlSUI’US
2941 4865 3167 4917 equum,
3202 4850 3405 4903 comite
3438 4865 3707 4919 CQIIOI'UID

2147 4941 2493 5009 imperatoris
2512 4940 2819 4993 addueente
2843 4949 2896 4992 et
2918 4928 3139 4992 tenente
3180 4953 3403 5017 equum,
3425 4952 3708 5008 postquam

2146 5032 2391 5084 ascendit
2427 5032 2742 5099 imperator,
2775 5037 3137 5098 protostralor
3169 5031 3517 5097 prehendens
3555 5030 3710 5085 freno

2146 5120 2365 5174 deducit
2396 5136 2600 5189 equum
2650 5118 2714 5171 ad
2768 5129 3041 5187 quartam,
3097 5131 3198 5173 aut.
3237 5119 3481 5188 quintam
3540 5137 3712 5190 usque

2148 5200 2354 5281 parient
2381 5214 2517 5264 aula:
2545 5204 2749 5278 palatii.
2784 5209 2989 5265 Deinde
3026 5212 3298 5279 recipiens
3325 5229 3448 5267 eum
3486 5230 3715 5283 magnus

2144 5305 2541 5359 tlbartularins,
2575 5303 2800 5355 deducit
2828 5302 2981 5356 freno
3017 5304 3082 5357 ad
3111 5318 3320 5371 portam
3355 5322 3527 5375 usque
3554 5306 3712 5359 anim.

2148 5399 2414 5452 Similiter
2437 5400 2600 5450 etiam
2630 5395 2780 5460 facit,
2824 5410 2948 5448 eum
2978 5396 3277 5465 imperator
3321 5397 3553 5465 pedibus
3612 5398 3719 5450 itu-

2150 5508 2241 5542 rus
2262 5506 2367 5550 es,
2394 5508 2558 5559 agens
2572 5489 2826 5543 videlicet
2850 5505 2879 5542 a
2901 5499 3051 5556 porta
3072 5505 3270 5558 equum
3299 5490 3365 5542 ad
3392 5504 3518 5542 eum
3546 5504 3719 5557 usque

543 5581 927 5648 Leunclavius,
966 5581 1233 5656 I’urtdccte
1280 5580 1515 5632 historia:
1564 5577 1797 5635 Turcij
1831 5593 1926 5631 seu
1972 5581 2039 5630 ad
2070 5582 2162 5656 Di
2205 5597 2353 5642 συξη,
2405 5597 2568 5649 quem
2603 5590 2727 5633 ante.
2761 5581 3001 5633 diximus
3029 5597 3042 5633 :
3072 5595 3137 5635 ex
3184 5596 3293 5646 quo
3333 5579 3528 5631 iterum
3581 5578 3721 5631 reci-

471 5675 704 5730 Annales
733 5674 1009 5729 Turcicos:
1032 5674 1516 5745 Παρακοιμώμενοι
1545 5683 1671 5726 sunt
1694 5673 1868 5725 intimi
1890 5672 2041 5723 cubi-

470 5768 665 5823 eularii
695 5769 792 5837 qui
818 5767 1274 5847 augustalibusin
1305 5765 1573 5822 cubiculis
1600 5776 1656 5819 et
1682 5763 1783 5833 ipsi
1820 5774 2043 5833 propter

2154 5673 2231 5741 pit
2254 5687 2379 5725 eum
2408 5680 2789 5741 protostrator,
2824 5685 2990 5740 agens
3015 5669 3081 5723 ad
3122 5685 3249 5724 eum
3291 5684 3465 5738 usque
3511 5670 3716 5731 locum,

2107 5754 2114 5773 '
2154 5764 2246 5819 ubi
2289 5764 2584 5833 imperator
2609 5764 2775 5835 pedes
2808 5779 2930 5821 esse
2958 5763 3117 5819 solet.
3142 5761 3297 5829 Quod
3328 5764 3372 5819 si
3403 5765 3545 5820 forte
3590 5778 3719 5836 pro-
