4038 6212
278 393 329 419 ἀι

278 578 435 633 usque
466 560 533 614 ad
568 558 731 612 tinem
783 566 1015 622 magnus
1041 547 1435 603 chartularius.
1471 544 1640 601 Paulo
1677 552 1801 612 post
1832 555 1845 593 :

282 661 633 714 frotostrator
678 648 843 703 etiam
876 653 965 703 est
999 643 1259 697 defensor
1291 653 1587 695 cursorum
1636 640 1851 708 (curso-

277 767 355 806 res
396 750 505 802 hoc
552 740 679 799 loco
724 749 879 802 sunt,
937 737 1275 807 quicumque
1321 732 1459 787 nulli
1500 730 1725 800 agmini,
1758 736 1853 783 aut

279 843 421 912 signo
455 834 680 891 militari
712 830 940 900 ascripti
984 837 1136 888 sunt,
1180 825 1273 880 sed
1326 824 1425 894 ipsi
1456 832 1632 877 castra
1670 836 1855 890 prose«
1908 880 1922 895 .

284 942 512 1005 quuntur
551 929 1137 991 ultro,exspectantes
1156 919 1287 972 dum
1313 915 1529 970 accensi
1552 915 1731 981 ﬁant).
1759 912 1854 967 His

282 1025 412 1080 enim
444 1021 616 1090 neque
640 1017 899 1070 ordinent
931 1010 1327 1071 retinentibus,
1358 1022 1540 1077 neque
1567 1006 1846 1059 ﬂammeo-

281 1120 383 1172 lum
398 1116 626 1186 (signum
646 1108 891 1163 militare
911 1114 1016 1170 est,
1033 1102 1226 1156 Latina
1238 1100 1471 1169 origine,
1492 1114 1522 1153 a
1536 1098 1719 1152 colore
1739 1096 1855 1150 dic-

286 1210 416 1273 tum)
442 1218 618 1265 suum,
648 1199 748 1255 sed
776 1196 1091 1253 inordinate
1108 1190 1519 1263 quodammodo
1539 1188 1849 1252 dissolutis,

286 1301 633 1367 protostrator
657 1290 777 1359 ipse
800 1287 1166 1353 subsequens,
1185 1281 1425 1336 defendit
1450 1280 1620 1350 ipsos,
1641 1278 1687 1333 si
1707 1280 1852 1333 forte

287 1388 421 1442 bello
466 1384 871 1453 opprimantur.
927 1376 1225 1444 Propterea
1281 1372 1429 1426 enim
1485 1378 1852 1440 protostrator

286 1481 439 1535 etiam
492 1474 817 1544 appellatur,
859 1466 1008 1539 quod
1060 1466 1159 1519 toti
1223 1464 1323 1533 ipsi
1379 1461 1616 1532 στρατῷ,
1652 1462 1717 1515 'id
1768 1470 1852 1517 est

289 1567 536 1621 exercitui
558 1571 781 1634 praecat,
813 1567 869 1612 et
900 1555 1165 1612 consistat
1189 1552 1420 1623 primus.
1452 1551 1499 1605 A
1530 1551 1851 1605 cursoribus

289 1670 452 1712 autem
477 1671 662 1709 omnes
711 1667 805 1706 res
844 1649 1028 1702 varias
1072 1661 1195 1715 quae
1246 1644 1423 1698 iutilia
1469 1643 1848 1723 nominantur,

293 1750 450 1802 moris
467 1758 543 1801 est
560 1747 1008 1815 protostrato‘rem
1025 1740 1297 1807 accipere.
1322 1735 1555 1814 Nomine
1567 1733 1846 1803 φυτιλιων,

296 1841 513 1896 [utilium
573 1843 693 1907 {est
747 1836 896 1890 enim
950 1831 1205 1886 Latinum
1260 1826 1631 1893 vocabulum)
1671 1826 1839 1896 signi-

302 1934 514 1987 ﬁcantur
542 1944 887 2000 quaecunque
918 1940 1027 1991 res,
1061 1939 1182 1995 qua!
1215 1938 1314 1993 per
1362 1938 1422 1978 se
1475 1921 1637 1976 nihili
1686 1930 1835 1984 sunt,

304 2038 391 2079 aut
415 2025 537 2079 nihil
555 2025 617 2077 ad
645 2038 755 2078 rem
789 2020 1080 2075 militarem
1112 2016 1346 2078 faciunt,
1377 2015 1618 2084 denique
1655 2013 1832 2082 impe-

317 2118 536 2170 dimenta
556 2116 676 2169 belli
699 2113 1019 2175 certissima,
1044 2108 1152 2164 nisi
1175 2117 1519 2163 avertantur.
1552 2106 1688 2160 Nam
1724 2104 1839 2159 haec

329 2223 555 2262 cursores
577 2205 888 2261 commodius
903 2208 1255 2272 comportant
1277 2215 1439 2269 quam
1464 2198 1684 2259 milites,
1709 2196 1837 2266 quia

328 2315 426 2351 non
451 2298 636 2351 luerent
660 2297 821 2365 signis
848 2313 862 2348 :
886 2304 939 2349 et
984 2292 1251 2347 audacius
1280 2291 1567 2359 colligunt,
1619 2289 1748 2357 quia
1780 2304 1838 2343 se

326 2388 504 2459 legibus
531 2404 627 2441 non
660 2386 824 2441 teneri
857 2394 1074 2455 putant.
1110 2384 1482 2451 Quamobrem
1532 2391 1841 2452 protostra-

319 2482 410 2535 tori
436 2490 647 2550 potestas
677 2478 799 2533 data
822 2488 904 2533 est
935 2476 1112 2531 iutilia
1143 2477 1249 2530 ista
1288 2474 1596 2529 auferendi.

367 2574 535 2640 Μέγας
562 2571 965 2633 κθντοπαῦλος,
1001 2568 1094 2639 qui
1129 2567 1332 2622 Gallice
1367 2565 1697 2631 connétable,
1731 2564 1839 2619 Ita‘

297 2661 386 2715 lice
409 2658 725 2724 conestabile,
768 2658 968 2714 Latine
1000 2671 1183 2711 comes
1225 2655 1447 2711 stabuli.
1481 2655 1582 2711 Ubi
1640 2655 1686 2708 si
1732 2663 1843 2709 ειε-

296 2750 460 2804 bulum
497 2765 589 2818 pro
619 2748 793 2819 equili
824 2747 1086 2817 accipias,
1123 2746 1233 2799 erit
1267 2758 1453 2800 comes
1494 2744 1721 2810 stabuli,
1753 2743 1838 2797 vel

292 2842 370 2912 qui
400 2852 580 2911 pra-est
622 2840 891 2896 omnibus
951 2839 1126 2908 copiis
1167 2836 1566 2906 equestribus:
1603 2837 1688 2891 vel
1744 2837 1839 2906 qui

287 2944 457 3003 praeest
504 2934 774 3003 equitatui
817 2930 1170 3000 imperatoris
1210 2929 1415 2983 aulico.
1458 2927 1841 2995 Apud‘recen-

286 3028 430 3081 tiores
455 3026 675 3081 Graecos
698 3035 786 3079 est
819 3024 932 3077 dux
963 3021 1251 3091 copiarum
1286 3018 1663 3084 auxiliarium,
1719 3034 1840 3089 quae

281 3132 335 3169 ex
351 3116 529 3179 Gallia,
553 3115 774 3182 Sicilia,
798 3114 979 3179 Italia,
1002 3112 1230 3166 iacturae
1254 3109 1527 3180 stipendia
1553 3107 1837 3164 Orientem
1867 3147 1910 3204 Ο

342 3209 529 3262 tebant.
994 3243 1011 3254 ι

342 3224 529 3262 leuant.
994 3243 1011 3254 .

281 3224 509 3365 Ικξὶιιέγεις
548 3298 871 3365 λογοθέτης,
915 3295 1143 3363 Magnus
1206 3293 1518 3361 Logotheta,
1565 3291 1841 3346 cancella-

284 3392 417 3444 rium
449 3390 661 3445 Latinis
688 3388 874 3443 vocari
905 3386 1218 3455 λογοθέτην,
1252 3387 1329 3438 ait
1360 3385 1581 3439 Nicetas
1612 3384 1708 3447 lib.
1740 3397 1838 3437 vn.

279 3483 462 3537 Ilunus
501 3484 683 3554 magni
710 3481 1009 3551 logotheta:
1042 3479 1127 3532 his
1176 3478 1361 3531 verbis
1384 3478 1714 3545 Uuropalata
1747 3476 1844 3530 de-

274 3575 447 3631 scribit
474 3594 488 3629 :
520 3574 777 3643 Disponit
811 3571 1068 3625 mandata
1098 3578 1155 3622 et
1185 3569 1365 3623 bullas
1391 3583 1606 3651 aureas,
1637 3583 1759 3635 qua:
1773 3568 1842 3621 ab

278 3666 570 3734 imperatore
597 3664 910 3719 mittuntur
942 3661 1008 3716 ad
1040 3676 1215 3731 reges,
1248 3660 1518 3721 sultanos,
1559 3669 1618 3713 et
1656 3668 1842 3728 topar-

276 3759 406 3813 cbas.
439 3762 619 3830 Atque
652 3758 763 3812 hoc
790 3755 1014 3826 quidem
1047 3752 1332 3822 proprium
1364 3757 1449 3804 est
1479 3747 1659 3819 magni
1690 3748 1841 3817 logo-

276 3850 419 3903 thetae
460 3847 869 3905 ministerium.
910 3843 1065 3909 Quod
1113 3852 1301 3897 autem
1346 3841 1415 3894 ad
1464 3854 1581 3894 rem
1615 3838 1835 3893 domes-

193 3940 206 3954 ’
275 3942 437 4004 ticam,
467 3942 659 4012 ipsius
708 3948 795 3992 est
827 3936 1066 3998 etIiccre,
1102 3934 1248 4004 quod
1285 3933 1583 4002 imperator
1606 3931 1836 3985 manda-

271 4030 405 4083 verit.
425 4032 668 4084 Addunt
695 4026 785 4080 alii
811 4041 930 4081 esse
955 4027 1123 4080 etiam
1155 4022 1465 4093 libellorum
1489 4020 1835 4089 magistrum,

264 4121 455 4174 archivi
495 4118 857 4189 prmfectum,
889 4126 985 4170 aut
1037 4114 1142 4169 tale
1171 4111 1475 4182 quippiam.
1528 4108 1839 4177 Λογοθέτης

263 4213 540 4279 exponitur
578 4228 617 4264 ει
678 4208 1038 4278 quibusdam,
1090 4205 1347 4274 magister
1395 4201 1692 4263 rationum,
1743 4196 1837 4266 qui

260 4319 511 4374 expensas
565 4313 633 4358 et
702 4301 911 4356 reditus
956 4306 1263 4367 computat,
1320 4307 1660 4357 oeconomus,
1723 4292 1838 4345 sive

259 4407 600 4462 procurator,
636 4393 788 4463 quod
839 4404 1096 4461 magnum
1146 4396 1267 4443 erat
1306 4384 1569 4449 cilicium,
1616 4391 1673 4437 et
1698 4382 1838 4451 poli-

260 4495 432 4541 tcum.

320 4581 642 4649 Λοῖοθέτης
668 4575 763 4629 τοῦ
789 4570 1207 4642 στρατιωτικοῦ,
1240 4571 1504 4642 (agat/aeta
1527 4568 1834 4630 castrensis,

257 4675 638 4737 Zuhhneister,
680 4669 1148 4744 Pfennigmeister,
1187 4664 1394 4721 Gallice
1441 4662 1713 4717 Τηίων-ξεν
1764 4661 1836 4714 du

255 4785 417 4838 Camp.

320 4854 762 4927 Κσίὁπιῖλάριος,
819 4853 1145 4908 caballarius
1215 4848 1597 4917 Καόαλλάρων
1660 4861 1834 4915 eque-

259 4964 409 5006 strem
445 4949 812 5019 imperatoris
858 4946 1176 4999 comitatum
1202 4942 1454 4995 nominat
1485 4938 1833 5007 Curopalata.

258 5041 320 5096 Ex
353 5045 557 5096 Italico
592 5041 757 5094 ducta
780 5053 905 5102 vox,
940 5052 1061 5107 qua:
1100 5036 1215 5104 ipsa
1264 5049 1293 5086 a
1330 5032 1518 5086 Latina
1546 5045 1681 5084 voce
1716 5046 1834 5082 ma-

254 5135 417 5188 navit.
457 5134 645 5202 IInjus
673 5146 806 5200 ergo
838 5130 1135 5183 comitatus
1167 5125 1462 5195 praefectus
1490 5121 1833 5177 Caballarius

252 5225 350 5280 dici
380 5226 632 5278 videtur.

342 5318 548 5383 Μέγας
620 5313 900 5377 παππίας,
971 5311 1197 5381 Magnus
1278 5309 1539 5378 Pappias.
1608 5305 1667 5359 Id
1722 5313 1828 5366 est,

250 5419 475 5472 magnus
510 5403 862 5474 patcrculus,
921 5416 1174 5456 summus
1203 5401 1290 5454 ille
1338 5399 1532 5464 iudex,
1563 5397 1630 5450 ad
1665 5413 1827 5466 quem

249 5498 786 5550 commentarienses
814 5496 882 5547 de
942 5492 1194 5562 personis
1238 5507 1459 5545 reorum
1519 5499 1575 5545 et
1638 5505 1830 5543 nume-

248 5599 326 5649 ro,
357 5588 429 5641 de
459 5587 730 5656 qualitate
761 5585 1113 5651 delictorum,
1142 5585 1210 5637 de
1258 5585 1567 5638 clausorum
1621 5583 1833 5637 ordini-

248 5677 344 5730 bus
397 5679 617 5731 rel'erre
661 5676 883 5731 debent.
934 5675 992 5728 In
1052 5676 1191 5727 hanc
1240 5674 1566 5727 sententiam
1617 5672 1830 5741 accipio

248 5782 450 5824 nomen
493 5768 677 5837 Papia:
723 5766 868 5839 apud
918 5766 1209 5831 Zonaram,
1261 5766 1353 5819 ubi
1404 5763 1471 5819 de
1509 5778 1574 5819 co
1625 5763 1823 5834 agitur,

278 361 333 415 ξιτ
1078 406 1101 411 ,
1603 340 1843 400 PROLE

1944 334 2203 400 IMENA.
2908 410 2915 415 ,
3030 338 3041 347 ”
3094 366 3104 379 '
3464 345 3532 409 38

276 479 614 530 wsmwrcm
648 463 840 518 abesse
876 455 1190 528 contigerit,
1221 455 1327 509 hoc
1355 451 1487 509 iacit
1518 467 1547 506 a
1578 450 1854 521 principio
1889 458 1927 509 Α
1959 451 2052 519 qui
2083 449 2337 505 Michaeli
2368 449 2536 505 Balbo
2565 449 2784 526 adiutor
2812 451 2934 518 fuit,
2979 461 3039 508 ut
3064 452 3302 509 Leonem
3340 456 3535 513 Anne-

1959 560 2089 597 nnm
2128 560 2158 598 e
2191 545 2373 599 medio
2415 545 2651 610 tolleret,
2686 544 3031 623 imperioque
3065 547 3356 616 potiretur.

2029 637 2218 703 Μέγας
2253 638 2766 707 Στρατοπεὸἀρχης,
2809 655 3033 707 magnus
3072 648 3373 692 castrorum
3399 655 3540 710 pm:-

1955 729 2142 801 [ectus.
2173 730 2267 783 Est
2285 739 2505 783 curator
2522 746 2710 785 earum
2745 746 2947 794 rerum,
2974 747 3094 800 qua:
3119 732 3389 787 exercitui
3410 743 3539 788 sunt

1956 840 2121 893 opus,
2171 823 2432 878 videlicet
2485 823 3446 895 alimentorum,instrumentorum
3482 835 3539 880 et

1958 914 2391 969 necessariorum
2426 916 2694 969 omnium.
2750 914 3241 970 Proviantmeister.
3293 918 3539 987 Exponi-

1958 1011 2049 1058 tur
2099 1007 2288 1073 etiam,
2337 1005 2594 1076 princeps
2639 1008 2932 1069 exercitus,
2988 1016 3046 1062 ut
3078 1008 3148 1062 sit
3192 1009 3334 1062 idem
3390 1008 3537 1077 quod

1957 1099 2362 1168 στρατιάρχης;
2399 1115 2524 1153 nam
2549 1100 2909 1169 στρατόπεδον
2930 1100 3226 1170 aliquando
3244 1116 3343 1170 pro
3372 1117 3539 1171 στραο

1957 1186 2045 1248 τὸς
2078 1189 2324 1257 ponitur.

2066 1300 2547 1371 Ilpw'rainydunp,
2627 1318 2863 1354 summus
2934 1303 3167 1372 equitum
3232 1304 3534 1373 prwfcr-tus.

1957 1392 2103 1448 Voce
2142 1393 2291 1447 enim
2347 1394 2544 1460 ἄλογον
2579 1393 2751 1448 Graeci
2800 1394 3140 1450 recentiores
3173 1413 3402 1465 equum,
3443 1409 3538 1453 aut

1952 1484 2260 1553 iumentum
2287 1484 2616 1553 signiﬁcant,
2649 1485 2792 1540 facta
2821 1502 2885 1541 ex
2918 1486 3139 1551 ἀλόχου,
3166 1504 3195 1542 a
3227 1490 3398 1569 verbo
3440 1491 3538 1545 Ita-

1957 1576 2068 1638 Iac,
2103 1575 2250 1645 quod
2277 1575 2655 1633 Orientalibus
2687 1587 2822 1639 erat,
2858 1579 2939 1632 ire
2978 1596 2990 1631 :
3018 1582 3147 1648 quia
3173 1584 3442 1635 maximus
3480 1592 3536 1637 et

1957 1668 2270 1736 praecipuus
2297 1667 2675 1737 jumentorum
2709 1684 2840 1723 usus
2863 1671 2928 1723 ad
2966 1672 3413 1727 commoditatem
3446 1674 3536 1727 iti-

1956 1774 2175 1832 nerum.
2206 1759 2400 1813 'I’urca:
2427 1760 2592 1814 etiam
2622 1761 2784 1814 hodie
2822 1766 3097 1825 nuntium,
3134 1780 3228 1817 seu
3268 1765 3533 1819 viatorem

1949 1850 2407 1921 appellanthulac
2429 1852 2526 1905 .Ex
2549 1851 2740 1905 άλὸκου
2757 1854 2922 1923 igitur
2943 1857 3160 1923 ἄλογον,
3188 1856 3238 1909 id
3263 1866 3368 1920 est,
3401 1859 3534 1911 bru-

1950 1953 2064 1998 tum
2085 1942 2205 1995 κατ’
2224 1943 2765 2013 ἐξοχὴνῙυιιιειιιωη,
2787 1957 3088 2014 autequus,
3107 1956 3166 2001 ut
3185 1947 3301 2001 Itali
3317 1948 3531 2013 dicunt,

1950 2030 2003 2082 la
2036 2029 2201 2082 bestia
2225 2030 2354 2094 mia,
2378 2033 2475 2098 pro
2497 2047 2676 2101 equus
2700 2049 2875 2087 meus.
2901 2033 2975 2087 Ex
3000 2035 3194 2103 ἀλόγου
3223 2038 3280 2091 tit
3314 2039 3534 2105 ἀλόγων

1946 2119 2247 2186 equitatus,
2290 2134 2387 2173 seu
2418 2135 2688 2190 equorum
2721 2132 3040 2192 equitumve
3068 2143 3273 2183 merus.
3301 2130 3534 2186 Praefec-

1950 2216 2036 2260 tus
2065 2208 2351 2280 ἀλογὰτωρ
2387 2228 2399 2263 :
2427 2226 2676 2266 summus
2704 2217 3011 2294 pratfecltus,
3032 2220 3529 2292 τρωταλογάτωρ.

2020 2294 2513 2392 Σεϐασέοκράτωρ,
2550 2324 3075 2394 Augustimperator,
3116 2330 3305 2386 Tertia
3354 2333 3533 2403 digni-

1950 2420 2032 2464 tas
2083 2411 2154 2465 ‘ab
2211 2412 2580 2481 imperatore,
2612 2415 2923 2472 Czesariana
2984 2423 3353 2489 praestantior.
3393 2426 3529 2478 Dum

1949 2503 2248 2571 imperator
2292 2504 2567 2572 βασιλεὺς,
2615 2506 2901 2571 σεϐαστὸς.
2954 2512 3169 2579 Καῖσαρ
3207 2513 3389 2568 dictus
3422 2525 3527 2581 est,

1949 2608 2058 2645 uno
2087 2595 2395 2676 eodemque
2422 2610 2615 2651 onmes
2647 2599 2749 2652 bos
2780 2600 2970 2655 titulos
2994 2603 3302 2668 obtinente,
3351 2606 3533 2676 digni-

1950 2692 2087 2738 tates
2113 2672 2324 2749 ciliciis,
2367 2701 2430 2740 ac
2466 2703 2575 2742 non
2621 2690 2829 2755 titulis,,
2861 2694 3143 2749 aestimatae
3173 2706 3324 2751 sunt.
3371 2672 3529 2755 Post-

1946 2789 2011 2829 ea
2060 2792 2192 2831 vero
2221 2779 2582 2847 imperatores
2615 2782 2869 2837 luserunt
2901 2787 3097 2853 titulis,
3145 2797 3201 2841 et
3233 2790 3530 2847 honoraria

1947 2867 2275 2937 dignitatum
2314 2873 2537 2926 nomina
2573 2875 2691 2929 sine
2729 2873 2923 2931 oﬁiciis
2960 2878 3226 2948 impcrtiti
3279 2894 3409 2939 sunt
3436 2902 3527 2939 ar-

1948 2959 2155 3015 bitratu
2186 2977 2310 3027 suo,
2366 2973 2426 3018 ut
2480 2963 2810 3035 Curopalata
2865 2968 2954 3022 bis
2987 2954 3477 3031 verbis:declarat
3508 2995 3527 3032 :

1947 3052 2206 3121 DcSpota,
2243 3055 2685 3120 sebastocrator,
2720 3058 2904 3113 Caesar
2970 3061 3037 3114 ad
3102 3064 3312 3118 nullum
3369 3068 3531 3123 mini-

1948 3135 2180 3197 aterinm
2217 3155 2494 3208 tenentur,
2532 3148 2636 3200 nisi
2668 3148 2733 3201 ad
2786 3164 3063 3205 summum
3096 3153 3335 3224 aliquem
3376 3159 3530 3228 prin-

1948 3236 2192 3304 cipatum
2228 3237 2595 3292 instituantur
2618 3280 2633 3303 ,
2670 3250 2801 3309 puta
2836 3250 2933 3295 aut
2984 3246 3225 3314 regendo
3272 3248 3526 3319 imperio,

1948 3334 2044 3378 aut
2074 3329 2318 3396 gerendo
2351 3328 2532 3383 bello:
2566 3332 2724 3402 cujus
2777 3332 2853 3386 rei
2905 3336 3155 3404 exempla
3207 3349 3338 3391 sunt
3379 3342 3524 3409 apud

1946 3415 2320 3486 Nicephorum
2354 3419 2651 3490 Gregoram
2685 3439 2850 3491 quam
2884 3426 3144 3494 plurima.
3176 3430 3254 3484 Ac
3284 3433 3524 3501 primum

1946 3509 2171 3578 quidem
2224 3510 2406 3565 Caesar
2454 3513 2557 3567 fuit
2611 3517 2892 3571 secundus
2942 3519 3011 3573 ab
3073 3522 3406 3590 imperatore
3441 3526 3523 3596 (ut

1946 3601 2112 3656 hodie
2153 3619 2247 3658 rex
2281 3605 2656 3660 Romanorum
2705 3621 2789 3662 est
2833 3610 2887 3663 in
2915 3610 3200 3667 Occidenti
3235 3616 3521 3686 imperio),

1944 3701 2001 3744 et
2050 3691 2291 3746 obtinuit
2340 3693 2446 3747 hoc
2490 3695 2557 3747 ad
2606 3696 2856 3749 Alcxium
2914 3699 3259 3758 Comnenum
3302 3722 3474 3776 usque
3504 3717 3551 3765 :-‘

1943 3790 2135 3849 postea
2184 3785 2599 3853 .sebastocrator
2649 3787 2930 3842 secundus
3002 3800 3088 3844 est
3142 3792 3406 3859 habitus,
3468 3809 3524 3854 et

1941 3869 2126 3925 Caesar
2155 3873 2356 3926 tertius
2391 3889 2514 3927 esse
2542 3875 2735 3943 C(Bpil,
2783 3893 2906 3930 cum
2940 3878 3166 3936 Alevius
3201 3883 3522 3947 Comnenus

1916 3962 2206 4019 .lsaacium
2240 3960 2482 4017 't'ratrem
2526 3966 2978 4023 Sebastocratora
3033 3972 3247 4028 diceret
3279 3993 3293 4029 :
3328 3993 3524 4035 auctor

1946 4051 2209 4109 Zonaras.
2271 4053 2559 4109 Postremo
2613 4056 2910 4127 despotes,
2951 4060 3067 4115 sive
3124 4062 3406 4134 dominus,
3453 4070 3522 4123 ab

1945 4143 2289 4213 imperatore
2354 4148 2634 4203 secundus
2682 4158 2768 4204 est
2804 4149 2981 4206 factus
3006 4194 3020 4216 ,
3072 4169 3270 4224 nempe
3296 4158 3522 4214 Alexins

1942 4235 2325 4308 Palzeologus,
2364 4253 2490 4293 cum
2526 4240 2673 4296 idem
2727 4241 3045 4298 Comnenus
3093 4245 3222 4302 ﬁliis
3273 4251 3522 4307 maribus

1942 4341 2161 4394 carens,
2215 4329 2427 4385 lrencm
2465 4331 2630 4387 tiliam
2677 4350 2833 4389 suam
2869 4336 3291 4407 primogenitam
3325 4343 3518 4397 Alexio

1943 4419 2073 4474 huic
2127 4420 2730 4495 despondit,eumque
2784 4426 2945 4482 titulo
3003 4429 3266 4499 despotaa,
3319 4433 3370 4486 id
3409 4443 3518 4500 est,

1868 4495 1913 4551 Ῐ)
1943 4501 2174 4576 domini,
2202 4515 2447 4580 ornavit,
2469 4515 2715 4570 futurum
2753 4533 2950 4587 nempe
2972 4518 3245 4575 haaredcm
3278 4523 3516 4592 imperii,

1941 4602 2044 4656 nisi
2083 4613 2261 4659 morte
2293 4606 2546 4662 sublatus
2597 4616 2786 4675 esset,
2848 4606 3271 4682 testc‘Gregora
3304 4615 3398 4669 lib.
3433 4633 3513 4672 ιιι.

2011 4720 2437 4793 Πρωτοψάλτης,
2492 4727 2735 4795 princeps
2767 4741 2860 4779 seu
2907 4711 3107 4795 prima:
3155 4729 3515 4800 psallentimn.

1940 4812 2388 4871 Ecclesiasticum
2422 4833 2624 4874 nomen
2656 4830 2782 4883 est,
2819 4820 2888 4874 de
2940 4823 3088 4877 clero
3124 4823 3331 4891 palatii.
3384 4824 3519 4879 For-

1938 4906 2083 4961 sitan
2114 4913 2375 4978 magister
2405 4910 2586 4975 ebori,
2622 4920 2719 4965 aut
2754 4912 2935 4967 simile
2975 4913 3263 4982 quiddam.

2008 5020 2351 5086 Δομέστικοι,
2400 5023 2695 5077 domestici.
2740 5023 2802 5076 In
2842 5024 2970 5092 jure
3018 5025 3369 5105 appellantur
3418 5027 3516 5080 do-

1938 5112 2378 5167 mestici'omnes
2420 5113 2725 5182 adjutores,
2772 5116 2885 5170 sive
2915 5114 3230 5170 administri
3266 5119 3513 5186 legitime

1937 5204 2177 5259 instituti
2235 5221 2264 5259 a
2304 5207 2468 5275 justis
2515 5208 2862 5262 t'unctinnum
2909 5210 3277 5278 principibus,
3313 5211 3369 5265 in
3416 5227 3513 5279 pa-

1935 5298 2091 5363 latio,
2122 5285 2304 5351 ant‘in
2342 5297 2485 5362 foro,
2539 5309 2636 5352 aut
2683 5299 2739 5352 in
2788 5301 3041 5356 ecclesia.
3089 5300 3147 5353 In
3198 5302 3421 5370 palatio,
3455 5313 3517 5360 ut

1935 5406 2168 5459 magnus
2208 5390 2589 5454 domesticus,
2639 5391 2978 5446 domesticus
3030 5407 3233 5446 mensae
3260 5435 3273 5457 ,
3323 5393 3513 5450 dome-

1934 5482 2104 5536 sticus
2155 5482 2470 5535 scholarum
2498 5523 2512 5543 ,
2555 5482 2896 5537 domesticus
2931 5499 3218 5558 murorum
3250 5525 3263 5547 ,
3315 5486 3514 5542 dome~

1933 5575 2449 5644 sticus‘regionum,
2486 5586 2594 5628 etc.
2634 5560 2866 5638 lu-foro,
2914 5585 2973 5629 ut
3023 5575 3311 5631 domestici
3359 5579 3512 5648 judi-

1931 5685 2081 5733 cum,
2134 5667 2469 5722 administri.
2497 5666 2556 5720 In
2581 5668 2835 5732 ccclesia,
2861 5679 2923 5722 ut
2964 5668 3302 5725 domesticus
3331 5670 3507 5737 cnuri,

1931 5761 2276 5818 domesticus
2307 5761 2621 5831 januarum,
2671 5768 2809 5829 etc.,
2841 5777 3080 5832 quorum
3105 5764 3353 5818 omnium
3383 5762 3507 5817 fun-
