4038 6212
475 305 549 370 39
1426 384 1427 387 η
1596 307 1944 374 IOANNES
1979 308 2608 372 CANTACUZENUS.
3082 312 3087 317 ’
3638 266 3725 379 ⁸40

475 419 587 476 ctio
614 418 1011 490 δομεστὶκειον,
1047 418 1166 477 sive
1206 419 1574 493 δομεοτίκιον,
1624 426 1675 481 id
1722 436 1829 493 est,
1869 426 2054 481 dome«

2166 426 2235 480 de
2267 426 2544 496 stipendio
2577 425 2719 496 ejus,
2774 410 2889 478 ant.
2918 422 2986 477 ad
3021 424 3309 481 servitium
3358 427 3481 499 ejus
3504 468 3518 491 .
3572 429 3727 500 cujus

475 511 707 565 sticatus
731 510 881 587 dicta
903 523 1008 568 est.

559 599 1054 672 Ῥαιφερενδάριος,
1089 607 1502 676 referendarius.
1531 605 1934 662 Ecclesiasticaa
1966 607 2052 661 di-

476 691 700 761 gnitatis
740 708 939 749 nomen
968 735 983 760 ,
1022 696 1215 753 Latine
1258 701 1462 765 relator
1487 739 1501 762 ,
1539 699 1633 768 qui
1676 698 1950 768 allegatur
1982 698 2051 753 ad

477 782 863 850 imperatorem
895 795 950 839 et
983 788 1325 842 sacerdotem
1359 788 1681 844 maximum.

548 877 1109 947 Πανυπερσέδαστος,
1164 882 1587 951 Augustissimus
1644 887 1901 937 onznium.
1968 882 2052 938 Ab

474 967 667 1022 Alexio
695 968 985 1024 Comneno
1020 971 1212 1025 titulus
1246 973 1505 1029 inventus
1530 1019 1543 1036 ,
1577 985 1636 1029 ιιι
1665 975 1915 1030 Michaeli
1951 974 2056 1028 Ta-

477 1057 671 1109 ronitre
702 1058 1105 1126 gratiﬁcaretur
1132 1099 1147 1123 ,
1181 1061 1329 1129 quod
1381 1063 1575 1117 scribit
1609 1062 1851 1117 Zonaras
1903 1073 2052 1118 tomo

476 1150 564 1228 lli,
594 1151 697 1205 sub
728 1152 914 1206 linem.
948 1153 1214 1221 Superior
1258 1165 1379 1209 erat
1407 1156 1683 1223 omnibus,
1712 1158 1880 1211 etiam
1931 1156 2053 1227 ipso

475 1244 933 1311 protovestiario.
971 1260 1169 1323 magno
1201 1247 1365 1311 duce,
1416 1264 1613 1318 magno
1640 1247 1967 1314 domestico,
1995 1254 2054 1300 et

473 1334 715 1388 caeteris.

550 1423 1077 1494 Πρωτοϐεστιάριος,
1113 1428 1572 1496 protovestiarius.
1606 1428 1781 1499 llujns
1814 1426 2051 1481 cilicium

471 1516 554 1571 sic
584 1517 924 1584 describitur
958 1535 973 1574 :
1004 1520 1352 1576 Ascendcnte
1384 1521 1551 1591 igitur
1584 1521 1955 1591 imperatore,
1993 1526 2053 1571 ut

472 1609 812 1664 declaratum
842 1621 949 1675 est,
982 1613 1050 1665 ad
1082 1614 1404 1677 oratorium,
1435 1613 1915 1682 protovestiarius,
1952 1611 2047 1680 qui

472 1701 743 1768 pilaticia,
780 1718 903 1770 quas
948 1703 1299 1772 imperatoris
1353 1713 1704 1774 prospectum
1747 1704 2047 1773 obtegunt.

2154 536 2319 579 causa
2370 517 2647 587 stipendia
2682 514 3022 585 l'acit.’Apnd
3052 514 3298 572 Nieetam
3323 527 3378 573 et
3401 521 3727 590 φροντιστὴς

2154 618 2246 668 καὶ
2272 612 2547 682 λογιστὴς.
2587 609 2783 664 Valere
2817 619 3015 679 putant
3065 609 3233 673 idem,
3275 611 3423 681 quod
3462 623 3725 682 quaestor,

2153 713 2251 759 aut
2280 714 2531 774 receptor
2579 703 2898 774 generalis,
2950 714 3047 757 aut
3093 701 3257 771 quod.
3289 702 3591 778 .Germanis
3643 717 3730 759 est

2118 848 2135 864 ,
2154 795 2644 850 Kammermeisler.
2666 796 2796 848 Inde
2815 795 3023 848 clarum
3047 795 3174 863 quis
3196 796 3726 866 μεγαλογαριάστης.

2224 886 2668 954 ’Λποκρισιάριος
2697 926 2711 950 ,
2764 884 3162 954 apocrisiarius.
3216 885 3306 940 Sic
3349 886 3727 954 iurisconsulti

2153 979 2324 1035 Graeci
2362 993 2485 1033 cum
2518 978 2829 1042 nominant,
2878 977 2977 1046 qui
3032 977 3406 1048 legationibus
3437 979 3729 1033 audiendis

2155 1070 2571 1139 referendisque
2596 1070 2661 1124 ad
2700 1069 3113 1138 imperatorem,
3154 1081 3207 1125 et
3241 1072 3522 1140 responsis
3550 1071 3618 1124 ab
3664 1088 3730 1127 eo

2153 1164 2351 1219 dandis
2376 1167 2711 1218 constitutus
2740 1171 2845 1217 est.

2221 1252 2607 1325 Χαρτὸφύλᾳξ,
2642 1252 2915 1323 prazfectus
2949 1252 3164 1306 chartis.
3195 1251 3299 1318 Qui
3329 1252 3540 1307 tabulas
3569 1252 3730 1307 habet
3768 1226 3785 1250 ⁸

2154 1346 2492 1409 chartaceas,
2529 1348 2596 1398 ad
2630 1344 2754 1414 jura
2794 1343 3045 1397 ecclesia:
3096 1344 3464 1412 pertinentes,
3511 1343 3732 1397 charta-

2154 1451 2275 1489 rum
2339 1444 2564 1497 custos,
2615 1434 2710 1503 qui
2763 1433 3049 1503 privilegia
3103 1442 3160 1487 et
3216 1433 3418 1488 similia
3461 1443 3726 1493 asset-vat,

2154 1526 2445 1597 praefectus
2476 1526 2834 1591 scriniorum,
2864 1525 3034 1595 judex
3070 1525 3214 1578 idem
3243 1540 3531 1579 causarum
3552 1525 3732 1579 eccle-

2152 1618 2522 1681 siasticarum,
2555 1625 2614 1670 et
2661 1614 3028 1686 qumstiouum
3083 1613 3598 1676 matrimonialium,
3630 1616 3732 1667 de-
3778 1666 3785 1675 ,

2157 1707 2342 1763 lensor
2367 1707 2422 1761 in
2454 1706 2785 1761 clericorum
2833 1706 3053 1769 causis,
3097 1704 3270 1759 veluti
3308 1719 3503 1758 manus
3528 1704 3730 1758 summi

471 1800 568 1844 ant
598 1802 815 1860 sceptra
855 1794 1146 1863 iudicialia
1184 1804 1358 1863 tenet,
1396 1806 1455 1850 ut
1486 1796 1540 1850 in
1576 1796 1749 1849 altum
1781 1795 2045 1849 subvecta

2159 1796 2459 1852 sacerdotis
2486 1795 2701 1851 dextra.
2741 1793 2881 1851 Hinc
2912 1794 3090 1870 μέγας
3116 1791 3486 1863 χαρτοφύλαξ.

472 1892 624 1944 sunt,
653 1882 846 1936 dextra
898 1900 1065 1939 manu
1124 1900 1223 1964 sua
1259 1886 1505 1942 educens
1554 1901 1641 1949 ea,
1689 1900 1720 1939 e
1780 1885 2047 1955 prother

473 1972 719 2026 ostendit
771 1974 995 2042 populo,
1028 1976 1418 2033 demonstrans
1471 1979 1575 2032 hoc
1624 1978 1804 2046 signo,
1855 1991 2048 2030 ascen-

473 2066 623 2121 disse
678 2069 1065 2137 imperatorem
1121 2071 1173 2124 in
1226 2071 1553 2126 oratorium.
1612 2071 1713 2142 llic
1753 2079 1937 2124 autem
1991 2069 2047 2123 in

471 2160 740 2219 oratorio,
794 2159 837 2211 si
889 2159 1200 2229 imperator
1232 2174 1328 2215 aut
1367 2177 1528 2216 suum
1581 2161 1756 2231 ipsius
1788 2172 2045 2227 stemma,

470 2257 569 2303 aut
602 2248 829 2316 aliquod
880 2250 1047 2325 aliud
1079 2261 1363 2321 gestamen
1397 2268 1559 2307 suum
1593 2262 1910 2323 gestatorus
1940 2261 2046 2318 est,

472 2342 950 2410 protovestiarius,
982 2343 1247 2412 inquam,
1291 2344 1464 2399 sumit
1513 2327 1646 2398 illud
1700 2360 1731 2398 a
1776 2345 2049 2400 ministris

472 2434 739 2497 rucharii,
772 2443 831 2486 et
861 2435 1184 2501 imperatori
1218 2433 1386 2487 tradit
1419 2455 1431 2487 :
1466 2449 1647 2503 neque
1678 2433 1732 2487 id
1778 2434 1955 2487 solum
1989 2432 2044 2486 in

472 2531 722 2593 tempore
753 2522 1026 2594 ejusmodi
1078 2523 1342 2588 festorum
1376 2524 1613 2587 dierum,
1658 2540 1848 2578 verum
1876 2526 2047 2578 etiam

473 2628 692 2683 seniper
719 2614 797 2668 ita
827 2615 983 2670 facit.
1046 2615 1102 2668 Id
1141 2630 1271 2669 vero
1307 2616 1475 2670 etiam
1512 2615 1908 2686 proprimnﬁt
1935 2617 2051 2670 sin-

472 2707 659 2774 gulare
690 2707 877 2770 habet,
910 2707 1058 2776 quod
1103 2709 1149 2761 si
1206 2708 1335 2775 quid
1382 2708 1626 2761 alienum
1682 2709 1901 2773 viderit,
1958 2716 2053 2763 aut

473 2797 673 2861 lutum,
711 2806 807 2851 aut
846 2799 977 2866 quid
1016 2798 1164 2871 aliud
1207 2800 1272 2852 ad
1319 2799 1672 2868 imperatoris
1701 2811 1932 2868 vestem,
1960 2805 2054 2859 de-

474 2903 686 2957 ponens
718 2889 810 2943 ille
848 2892 1169 2955 umbellam,
1206 2901 1302 2946 aut
1334 2901 1549 2959 tegmen
1582 2892 1782 2962 capitis
1813 2895 1923 2958 sui,
1960 2911 2055 2949 ex-

476 2989 624 3034 tenta
654 2996 818 3035 manu
853 2982 1015 3048 tollit,
1048 2996 1141 3036 aut
1170 2994 1369 3052 purgat
1397 2983 1534 3037 illud
1568 2999 1676 3038 non
1709 2994 1951 3055 rogatus.
1980 2985 2054 3040 Ex

473 3072 737 3126 oumibus
766 3089 898 3127 vero
932 3075 1054 3128 aliis
1094 3076 1440 3147 principibus
1475 3092 1639 3130 nemo
1670 3078 2052 3147 auctoritatem

476 3165 642 3220 habet
694 3165 931 3219 faciendi
986 3167 1152 3230 istud,
1186 3167 1284 3222 scd
1328 3168 1419 3222 ille
1464 3169 1638 3223 solus.
1681 3168 1929 3223 Pilaticia
1971 3179 2056 3224 est

476 3274 618 3328 opus
650 3272 681 3312 e
715 3259 1029 3328 margaritis
1080 3274 1203 3314 cum
1257 3259 1495 3326 limhria,
1544 3261 1600 3314 in
1650 3260 2052 3330 longitmlinem

477 3351 665 3403 minus
697 3348 994 3417 Spithama,
1020 3348 1076 3401 in
1110 3349 1460 3403 latitudinem
1489 3358 1671 3403 autem
1702 3352 1904 3420 palmo,
1932 3364 2056 3419 qua:

478 3456 570 3494 rex
608 3441 889 3493 Medorum
921 3439 1192 3509 gestabat,
1219 3440 1578 3509 similiterque
1600 3440 1834 3510 iudices,
1857 3456 2053 3510 quem-

476 3532 775 3587 admodum
831 3532 963 3584 oliui
1039 3530 1213 3584 duces
1260 3531 1540 3587 exercitus
1587 3532 1878 3601 gestabant
1941 3539 2055 3584 tor-

474 3640 637 3693 ques,
676 3624 944 3677 honorem
979 3622 1226 3691 ipsorum
1256 3623 1720 3677 demonstrantes.
1747 3621 1822 3674 Τὸ
1861 3619 2054 3691 ροὖχον

475 3729 737 3783 suprema
767 3714 960 3777 vestis,
1006 3713 1219 3783 Species
1265 3712 1435 3768 veSIis
1463 3728 1494 3768 e
1522 3712 1814 3769 Germania
1857 3727 2057 3781 appor-

480 3818 615 3871 tata,
665 3806 813 3861 unde
894 3805 1284 3861 Germanicum
1337 3822 1538 3861 nomen
1594 3806 1844 3870 retinuit,
1894 3803 2053 3859 Rork.

480 3900 619 3954 lliuc
674 3900 993 3968 ῥουχαρεῖον
1061 3898 1378 3952 vestiarium
1438 3897 1663 3966 speciali
1740 3896 1965 3950 nomine
2024 3911 2055 3950 a

476 3990 805 4060 Curopalata
860 3989 1211 4058 appellatur,
1245 3990 1375 4059 quia
1436 3988 1601 4043 latius
1652 3996 1804 4057 patet
1855 4002 2054 4042 nomen

479 4078 723 4134 vcstiair'si
756 4078 903 4147 apud
933 4078 1271 4132 recentiores
1297 4077 1535 4132 ercos.

556 4168 1024 4231 I’rotovestiarius,
1058 4180 1114 4222 ut
1145 4184 1368 4237 agamus
1403 4168 1727 4233 dilucidius,
1771 4167 1923 4237 regio
1969 4183 2057 4221 ve-

481 4262 634 4315 sLitui
669 4270 925 4330 praeerat,
966 4260 1109 4330 quod
1144 4260 1306 4313 hodie
1338 4259 1807 4315 cubiculariorum
1840 4259 2061 4313 videtur

485 4367 709 4406 munus.
750 4351 902 4421 Saepe
954 4350 1118 4404 reb'us
1168 4351 1387 4403 maximi
1422 4350 1684 4405 momenti
1722 4350 2061 4405 adhibeban-

2221 1890 2554 1960 Δομέστικος
2577 1890 2677 1960 τῆς
2702 1886 3000 1959 τραπέζης,
3034 1886 3263 1956 dapifer,
3299 1894 3396 1940 aut
3425 1884 3605 1940 simile
3628 1883 3730 1943 ha,-

2154 1983 2291 2036 beus
2315 1980 2578 2046 cilicium,
2620 1990 2679 2034 ut
2709 1979 2981 2049 suspicor.

2221 2072 2616 2141 Δρουγγάριος,
2648 2070 2990 2140 drungarius.
3019 2067 3307 2138 Δρουγγὰς
3332 2082 3430 2121 seu
3466 2067 3728 2136 δρουγγδς

2152 2164 2433 2219 Orientale
2464 2178 2687 2227 nomen,
2716 2170 2920 2217 castum
2948 2161 3236 2215 hominum
3268 2175 3373 2212 una
3406 2174 3730 2213 commean-

2154 2258 2291 2310 tium
2321 2254 2663 2325 signillcans,
2704 2261 2760 2306 et
2808 2260 2987 2307 costus
3031 2249 3179 2305 illius
3208 2248 3468 2318 princeps
3498 2259 3733 2301 voi-atur

2153 2349 2382 2417 dargon,
2428 2347 2511 2401 vel
2544 2346 2779 2415 dorgon,
2806 2359 2873 2396 cx
2905 2358 3018 2409 quo
3040 2339 3367 2408 drungarius
3398 2339 3536 2391 facta
3557 2353 3731 2407 epen-

2158 2440 2301 2494 thesi
2335 2437 2427 2490 τοῦ
2459 2454 2488 2488 ν
2516 2450 2617 2506 pro
2651 2452 2686 2502 γ
2714 2433 3012 2505 geminato.
3054 2431 3288 2498 Quidam
3324 2439 3522 2483 vocant
3549 2429 3733 2507 tribu-

2154 2548 2284 2586 num
2317 2530 2578 2585 militum.
2608 2529 2863 2595 Druugus
2892 2526 3114 2595 globum
3148 2524 3441 2596 signiﬁcat,
3482 2522 3560 2576 ait
3588 2522 3735 2576 'l'ur—

2154 2622 2354 2678 nebius
2372 2622 2514 2676 libro
2532 2620 2794 2674 vicesimo
2815 2626 3013 2687 quarto
3026 2617 3207 2686 capite
3226 2614 3488 2671 vicesimo
3510 2614 3644 2683 quin
3659 2624 3728 2668 to.

2138 2713 2423 2783 ‘Vopiscns
2458 2714 2513 2767 in
2548 2704 2732 2768 P‘robo
2766 2708 3194 2777 :Triumpbavit
3243 2707 3312 2761 de
3346 2705 3637 2762 Germanis
3677 2715 3730 2761 et

2159 2807 2402 2872 Blemiis,
2427 2806 2674 2860 omnium
2702 2798 2946 2873 gentium
2970 2800 3238 2869 drungos,
3276 2815 3450 2870 usque
3472 2800 3538 2853 ad
3563 2801 3728 2868 quin-

2157 2899 2413 2967 genarios
2447 2896 2704 2950 homines
2743 2904 2870 2948 ante
2900 2890 3239 2960 triumphum
3268 2890 3444 2945 duxit.
3470 2890 3728 2960 Vegetius

2158 2992 2303 3060 libro
2335 2989 2499 3043 tertio
2527 2987 2708 3056 capite
2756 2985 2976 3040 decimo
3005 2993 3160 3037 sexto
3189 3001 3206 3035 :
3231 2983 3384 3039 Scire
3410 2982 3571 3036 debet
3614 2982 3723 3033 dux

2161 3082 2426 3146 hostium,
2477 3089 2673 3137 conta
2720 3091 2861 3146 quos
2909 3075 3155 3145 drungos
3211 3075 3373 3141 (male
3426 3074 3725 3143 scriptum.

2110 3169 2126 3187 ‘
2159 3173 2407 3240 drnnos),
2430 3172 2533 3225 hoc
2549 3178 2656 3232 est,
2678 3168 2869 3241 globos
2890 3167 3155 3232 hostium,
3181 3183 3323 3236 quos
3344 3167 3553 3237 equites
3569 3181 3723 3235 opor-

2161 3271 2273 3318 teat
2302 3274 2525 3330 poncre.
2577 3259 2715 3313 llinc
2771 3256 3117 3327 Drniigarius
3158 3258 3339 3329 biglae,
3390 3256 3728 3326 Drungarins

2156 3353 2514 3422 classis,,qui
2587 3360 2833 3421 prasunt
2870 3349 3048 3421 globis
3099 3350 3327 3418 vigilum
3397 3358 3451 3404 et
3505 3349 3727 3404 classia—

2158 3447 2390 3502 riorum.

2233 3540 2305 3592 De
2339 3538 2442 3591 hac
2468 3549 2604 3590 voce
2632 3533 3001 3609 Leunclavius
3035 3535 3086 3588 in
3116 3533 3377 3587 Pandecte
3397 3532 3468 3584 ad
3486 3527 3725 3583 Annales

2160 3627 2403 3683 Tunica:
2433 3642 2451 3679 :
2485 3623 2639 3688 Dico,
2672 3624 2870 3678 Turcis
2914 3622 3197 3691 Agelar‘ios
3225 3634 3346 3695 esse
3390 3634 3485 3673 sua
3516 3618 3723 3680 lingua,

2158 3711 2251 3790 qui
2276 3718 2483 3773 Graecis
2508 3726 2668 3771 erant
2702 3717 2784 3770 vel
2819 3716 3134 3786 Drungarii,
3180 3713 3270 3768 vel
3304 3708 3592 3765 Druncarii
3624 3722 3726 3777 po-

2160 3813 2293 3867 tius.
2320 3813 2430 3867 Eos
2455 3809 2565 3865 Leo
2592 3811 2824 3880 Sapiens
2849 3812 3130 3879 Augustus
3150 3808 3205 3862 in
3236 3796 3387 3861 libro.
3403 3819 3503 3861 suo
3533 3802 3601 3854 De
3630 3817 3733 3869 ap-

2158 3902 2429 3973 paratibus
2453 3900 2671 3962 bellicis,
2709 3899 2889 3967 capite
2910 3898 2963 3960 5,
2988 3912 3145 3949 num.
3182 3896 3276 3959 42,
3322 3894 3392 3946 45
3418 3933 3434 3957 ,
3466 3892 3536 3944 45
3555 3929 3570 3955 ,
3599 3890 3731 3942 olim

2156 3993 2338 4047 dictos
2390 3991 2559 4046 fuisse
2612 3988 2777 4043 tradit
2833 3984 3210 4058 chiliarchos,
3262 3982 3406 4053 quod
3460 3981 3735 4035 militibus

2162 4083 2313 4136 mille
2346 4088 2646 4150 prmessent
2677 4096 2691 4132 :
2724 4086 2780 4131 et
2803 4076 3072 4131 druncum
3110 4071 3510 4126 chiliarcbiam.
3550 4069 3737 4123 [μιιιιιὶ

2162 4172 2496 4227 «Ιιίιίεπεὶιοε
2522 4169 2789 4225 vocabant
2826 4164 3102 4229 tribunos,
3148 4163 3239 4231 qui
3288 4177 3435 4216 nunc
3474 4161 3738 4216 Colum-lii

2159 4275 2310 4320 sunt.
2346 4257 2622 4316 Druncum
2644 4259 2748 4327 (sic
2775 4257 2921 4312 enim
2950 4255 3344 4325 pronuntiabat
3377 4253 3614 4325 Zygnma
3641 4270 3731 4318 as,

2162 4367 2219 4409 ct
2246 4353 2631 4414 drnncarinm,
2666 4363 2800 4419 _non
2841 4348 3114 4416 drungum
3145 4384 3161 4409 ,
3204 4345 3288 4399 vel
3352 4344 3739 4414 drnngarium,

486 4462 598 4508 tur,
634 4456 691 4499 et
724 4460 808 4499 res
834 4460 930 4515 per
963 4458 1058 4498 eos
1088 4459 1196 4497 non
1225 4442 1480 4512 vulgares
1512 4441 1869 4512 gerebantur,
1907 4451 1968 4494 ut
1999 4442 2052 4494 in
2089 4463 2129 4515 ι)
2162 4448 2308 4518 quod
2351 4446 2517 4514 vulgo
2553 4443 2667 4498 ﬁeri
2705 4442 2870 4511 solet)
2920 4439 3000 4495 sic
3048 4440 3384 4509 appellatum
3432 4438 3682 4492 arbitror
3709 4452 3741 4491 a

487 4538 776 4608 Lecapeno,
834 4546 892 4591 et
942 4536 1125 4590 leone
1169 4533 1357 4589 Basilii
1387 4534 1501 4588 lilio
1553 4533 1697 4603 apud
1746 4532 2059 4588 Cedrenum

489 4631 678 4684 videre
710 4639 813 4684 est.
858 4629 913 4682 In
961 4627 1365 4691 Constantino,
1418 4626 1649 4681 Romani
1707 4626 1818 4679 lilio
1872 4634 2060 4693 proto-

489 4722 738 4778 vestiarii
769 4722 1006 4791 dignitas
1040 4721 1289 4790 proxima
1322 4736 1351 4773 a
1385 4720 1686 4774 domestico
1725 4718 2059 4779 scholarum,

488 4827 547 4872 et
573 4815 912 4878 accubitore,
936 4814 1097 4882 bigla:
1123 4813 1426 4884 drungario
1442 4812 1698 4882 superior
1725 4807 2059 4865 ostenditur.

490 4908 702 4973 Inveni,
730 4908 823 4978 qui
854 4907 1143 4969 scriberet,
1198 4903 1685 4975 protovestiarium
1735 4901 1906 4956 fuisse
1940 4899 2064 4953 the-

487 4998 818 5062 sanrarium,
874 5011 972 5052 seu
1007 4998 1267 5050 thesauro
1301 4993 1649 5064 praelectum,
1678 4993 1809 5062 quia
1842 4988 2064 5060 βεστιά-

491 5109 607 5163 ριον
631 5089 884 5144 aerarium
923 5097 1173 5152 vocetur,
1217 5102 1312 5141 seu
1351 5084 1597 5141 thesauri
1650 5082 2061 5153 repositorium,

487 5185 756 5254 ταμιεῖον.
789 5181 944 5247 Quod
981 5196 1083 5252 ego
1106 5180 1332 5250 quidem
1362 5179 1416 5232 in
1467 5178 1653 5247 aliquo
1682 5176 1770 5230 vel
1814 5182 2063 5235 auctore,

489 5276 576 5329 vel
603 5275 868 5345 glossario
899 5274 1142 5326 nondum
1176 5271 1305 5341 lcgi.
1870 5262 1875 5265 ’

563 5366 954 5436 Δικαιοφύὶαξ.
981 5367 1062 5419 Ad
1096 5364 1327 5418 verbum
1356 5402 1372 5427 ,
1425 5372 1596 5416 custos
1632 5359 1805 5429 legum
1829 5368 1879 5412 et
1900 5359 2066 5429 juris,

490 5456 561 5513 de
593 5473 703 5526 quo
730 5458 1053 5527 magistratu
1090 5454 1228 5508 nihil
1271 5453 1439 5507 habet
1466 5450 1813 5520 Curepalata.

563 5552 973 5622 Λογαριὰστης,
1011 5548 1346 5617 logariastes.
1380 5547 1421 5598 Α
1456 5542 1795 5612 Curopalata
1823 5539 2068 5604 additur,

493 5644 593 5713 τῆς
620 5628 812 5711 sum.
842 5642 1001 5706 aulae,
1035 5657 1131 5696 seu
1161 5638 1370 5709 palatii.
1405 5636 1673 5691 Rationes
1696 5634 1799 5689 init
1820 5634 2067 5689 omnium

495 5734 964 5805 stipendiatorum
997 5735 1091 5804 qui
1123 5735 1180 5789 in
1212 5732 1335 5788 aula
1366 5739 1521 5795 sunt,
1555 5729 1600 5785 si
1630 5726 1762 5799 quid
1790 5727 1945 5784 deest
1971 5727 2067 5783 ulli

2164 4552 2383 4603 trunco,
2424 4540 2539 4593 sive
2573 4537 2791 4597 baculo,
2824 4535 2938 4589 sive
2972 4544 3191 4602 sceptro
3224 4550 3238 4584 :
3272 4529 3741 4601 quemadmodum

2163 4632 2440 4700 hodieque
2491 4631 2859 4700 regimeutum
2898 4638 3162 4680 vocamus
3191 4634 3299 4676 tam
3330 4622 3504 4690 ipsius
3529 4621 3742 4676 tribuni

2166 4723 2420 4777 baculum
2472 4722 2663 4788 (vitem
2711 4705 2904 4773 dixere
2954 4726 3087 4785 puto
3134 4713 3383 4779 lloinani)
3426 4727 3591 4781 quem
3638 4727 3744 4766 ceu

2166 4816 2518 4891 magistratus
2545 4811 2761 4881 insigne
2789 4815 2985 4879 gestat.
3014 4822 3180 4875 qnam
3223 4805 3377 4860 illum
3429 4800 3774 4872 signorum,-

2172 4910 2519 4975 militumque
2555 4916 2869 4961 numerum,
2899 4898 2993 4968 qui
3024 4896 3092 4952 ad
3116 4895 3564 4951 constituendum
3598 4893 3749 4960 regi-

2169 5011 2414 5053 mentum
2442 4996 2766 5067 requiritur.
2799 4991 3042 5059 Ideoque
3077 4988 3324 5042 druncus
3351 4995 3436 5041 est
3464 4984 3751 5055 regimen-

2171 5099 2284 5141 tum
2316 5087 2555 5140 militum
2582 5122 2597 5147 ,
2640 5082 2800 5151 cuius
2850 5087 3016 5149 caput
3068 5086 3152 5132 cst
3206 5076 3534 5131 druncarins
3558 5114 3573 5139 ,
3610 5074 3751 5127 olim

2172 5178 2450 5242 tribunus,
2487 5189 2637 5229 nunc
2684 5171 3012 5236 colonellus,
3058 5178 3155 5221 aut
3200 5167 3492 5237 regimenti
3543 5165 3753 5235 praete-

2169 5278 2313 5323 ctus.

2249 5361 2440 5427 Μέγας
2483 5357 2862 5424 ἑταιριάρχης,
2895 5366 3118 5421 magnus
3132 5346 3449 5407 sodalitatis
3480 5347 3750 5415 princeps.

2173 5458 2477 5522 Antequam
2504 5465 2533 5505 e
2561 5449 2699 5504 cella
2727 5460 2824 5502 sua
2855 5448 3154 5516 imperator
3173 5451 3352 5502 exeat,
3383 5440 3757 5509 protoves'tia-

2174 5548 2308 5600 rites
2343 5543 2501 5597 adest
2530 5541 2584 5595 in
2618 5539 2859 5594 triclinio
2889 5551 3015 5592 cum
3052 5548 3247 5603 magno
3284 5530 3647 5585 hetaeriarcha
3698 5537 3758 5581 ct

2175 5634 2496 5706 primiceiio
2541 5632 2700 5687 aulas.
2749 5632 3049 5698 Postquam
3098 5640 3226 5679 vero
3258 5638 3515 5694 egressus
3553 5634 3660 5685 est,
3699 5630 3758 5674 et

2172 5724 2426 5782 constitit
2460 5724 2785 5794 imperator,
2824 5717 3120 5789 egrediens
3152 5713 3627 5785 protovcstiarites
3656 5726 3756 5764 ac-

3959 4780 3966 4811 i

3959 4876 3966 4907 l

3958 4970 3966 5001 l

3961 5059 3966 5091 1
