4038 6212
305 327 386 404 ,tt
1511 328 1908 388 HISTORl-Al

2017 329 2054 386 u
2097 321 2325 387 Lmen
2373 321 2418 388 ῐ.
2800 279 2804 282 ﬂ
3524 336 3593 398 te

313 445 501 500 eersit
563 441 1021 499 honoratissimos
1059 439 1336 510 principes
1383 441 1450 494 ad
1505 443 1983 503 circumstatio-A

315 552 477 591 nem.
511 536 656 607 Lege
686 543 908 596 extera.
945 542 1000 588 et
1039 531 1199 587 infra.
1235 533 1334 587 Hic
1362 547 1492 587 vero
1510 535 1716 602 exeipit
1748 535 1914 589 etiam

310 610 594 700 perfugas
623 627 986 682 advenientes
1027 641 1095 680 ex
1136 627 1284 680 omni
1318 636 1496 696 parte,
1528 642 1592 682 ac
1623 637 1915 697 propterea

311 725 497 777 etiam
534 720 930 776 hetaeriarches
961 719 1469 782 nominatur,velut
1494 720 1773 790 ἑταίρους,
1797 720 1913 774 sive

310 816 546 868 amicos
580 811 890 880 excipiens.

2081 441 2432 508 Μέγαςδοὺξ,
2481 458 2703 511 magnus
2766 439 2894 496 dies.
2945 442 3417 509 Quemadmodum
3475 464 3594 502 ma-

2019 551 2160 604 gnus
2192 535 2528 588 domesticus
2557 535 2833 606 princeps,
2867 545 2923 589 ct
2964 547 3128 605 caput
3161 537 3227 591 ad
3271 541 3587 594 universum

2017 626 2277 680 fossatum
2310 626 2461 695 (quid
2491 627 2562 683 sit
2591 627 2868 696 fossatum,
2890 642 2990 682 suo
3023 630 3143 683 loco
3172 631 3584 698 explicabitur),

2018 718 2099 771 sic
2127 719 2292 771 etiam
2330 718 2419 772 hic
2453 718 2518 771 ad
2562 719 2878 772 universum
2920 735 3090 774 mare.
3126 721 3204 776 Ae
3238 723 3423 776 caeteri
3463 723 3588 792 qui-

2017 810 2142 864 dem
2175 811 2452 880 principes
2481 810 2606 865 aliis
2637 811 2805 865 rebus
2838 812 3098 878 instituti,
3128 821 3188 865 ut
3219 816 3417 883 capita,
3448 830 3587 884 pne-

396 908 711 976 Βαράγγοι,
745 905 995 974 barangi.
1049 904 1106 957 In
1153 904 1293 957 I'esto
1326 901 1596 958 Occursus
1626 902 1914 973 (Puriﬂca—

319 1000 527 1066 tionis)
563 995 800 1050 discedit
842 997 1140 1064 imperator
1200 997 1254 1048 in
1311 995 1738 1048 Blaeliernarum
1778 1004 1914 1048 tem-

315 1093 507 1160 plum,
537 1090 797 1159 barangis
830 1103 1050 1156 quoque
1081 1088 1464 1156 sequentibus.
1493 1090 1670 1156 Atque
1706 1085 1760 1138 lii
1791 1087 1914 1154 qui-

316 1185 456 1238 dem
505 1185 710 1250 ubique
758 1182 1144 1250 imperatorem
1188 1180 1530 1248 equitantem
1563 1193 1910 1247 prosequun-

318 1288 444 1340 tur,
504 1276 749 1329 ferentes
791 1272 1040 1326 humeris
1080 1285 1306 1326 secures
1359 1286 1508 1326 suas.
1566 1271 1736 1324 Erant
1781 1286 1911 1340 ergo

321 1369 613 1432 custodes,
649 1366 945 1427 satellites,
979 1374 1072 1419 aut
1111 1365 1408 1433 stipatores
1443 1363 1794 1432 imperatoris
1832 1362 1913 1415 bi-

324 1461 652 1531 penniferi;
708 1473 903 1513 eorum
951 1456 1246 1528 prarfcetus
1295 1464 1422 1509 ante
1457 1455 1580 1509 illos
1619 1454 1911 1523 imperato-

327 1571 449 1607 rem
492 1552 851 1622 sequebatur,
881 1560 936 1604 et
971 1549 1095 1603 ideo
1122 1549 1412 1610 ἀκόλουθος
1438 1548 1746 1601 dicebatur.

403 1647 740 1714 Πεγκέρι-ηζ,
770 1643 1048 1712 pincerna,
1093 1655 1121 1692 a
1157 1639 1387 1709 poeulis.
1419 1637 1574 1705 Quod
1603 1641 1646 1694 si
1675 1639 1910 1708 impera-

329 1749 508 1790 torem
551 1742 772 1803 oportet
814 1731 1026 1793 bibere,
1079 1730 1341 1799 pineerna
1393 1730 1670 1784 ministrat
1698 1729 1831 1783 illud
1893 1747 1906 1781 :

333 1844 400 1882 ac
452 1843 559 1880 non
596 1824 796 1878 diebus
827 1822 978 1876 festis
1009 1823 1207 1884 solum,
1259 1837 1450 1876 verum
1491 1823 1654 1877 etiam
1689 1837 1908 1892 semper

336 1917 670 1985 imperatore
699 1911 886 1966 cibum
911 1920 1162 1965 sumente
1199 1912 1416 1976 miscet,
1451 1909 1496 1964 si
1531 1926 1772 1980 priesens
1801 1919 1903 1965 est.

339 2014 415 2060 Ac
441 2017 626 2060 vetere
662 2001 889 2071 quidem
939 2016 1093 2055 more
1127 2002 1217 2055 hic
1247 2010 1400 2055 extra
1432 2001 1708 2057 civitatem
1739 2004 1908 2072 impe-

349 2109 586 2150 ratorem
631 2109 865 2164 sequens
917 2093 1133 2146 ferebat
1183 2094 1442 2162 poculum
1487 2103 1785 2162 castrense,
1819 2110 1909 2149 ea.

363 2199 484 2241 tena
531 2188 770 2240 vinctum
813 2201 829 2241 :
879 2193 941 2238 ut
972 2185 1019 2237 si
1067 2199 1190 2237 cum
1238 2200 1379 2253 opus
1419 2197 1567 2241 esset
1598 2186 1806 2251 bibere,
1841 2205 1904 2241 ex

371 2281 531 2344 fonte,
574 2291 667 2332 aut
696 2278 846 2331 ﬂuvio
874 2278 1051 2340 daret,
1086 2292 1151 2329 ac
1193 2276 1425 2331 biberet.
1466 2277 1581 2332 Hoc
1635 2289 1818 2333 autem
1851 2281 1928 2351 in.

361 2371 634 2440 praesentia
661 2384 764 2423 non
799 2368 876 2422 Iit.

428 2463 484 2515 '0
516 2464 601 2513 ὲπὶ
625 2461 722 2530 τῆς
742 2461 1045 2532 τραπέζης,
1071 2478 1262 2516 mensa:
1290 2464 1585 2534 prtefcctus.
1621 2461 1911 2519 Serviebat

348 2556 504 2608 etiam
545 2553 862 2622 imperatori
915 2553 980 2606 ad
1038 2566 1306 2606 mensam.
1362 2553 1650 2608 Praebebat
1680 2554 1906 2608 missum

338 2660 564 2715 magnus
624 2645 973 2699 domesticus
1041 2644 1256 2714 primus
1307 2645 1554 2714 proxime
1612 2645 1912 2716 imperato-

332 2753 446 2791 rem
482 2753 498 2788 :
532 2746 658 2806 post
707 2752 834 2790 eum
865 2736 1202 2792 domesticus
1237 2752 1474 2803 mensae;
1515 2748 1570 2791 et
1610 2746 1732 2808 post
1762 2738 1910 2793 hunc

333 2829 627 2899 przeieetus
675 2845 904 2894 menszr,
956 2837 1013 2883 et
1064 2845 1186 2900 quae
1219 2829 1362 2898 apud
1403 2828 1789 2898 Curopalatam
1820 2845 1908 2885 se-

326 2933 603 2990 quuntur.

403 3014 735 3081 Δομέστικτς
766 3013 1020 3083 Θςμάτων
1044 3012 1336 3082 ἑσπερίων,
1361 3013 1676 3068 domesticus
1706 3019 1910 3071 thema-

2018 906 2202 960 ferunt
2268 913 2598 957 consuetum
2667 903 3020 972 imperatoris
3081 903 3436 971 ﬂammeum,
3491 917 3588 961 aut

2016 995 2290 1050 exercitus
2327 995 2638 1049 ﬂammeum
2668 1010 2792 1050 cum
2823 995 3010 1064 ignitis
3043 997 3190 1052 telis.
3222 997 3449 1067 Magnus
3477 997 3588 1052 dux

2015 1097 2237 1141 contum
2269 1086 2493 1156 praefert
2519 1085 2872 1155 imperatoris
2896 1087 3192 1143 insidentis
3211 1104 3375 1158 equo.
3414 1089 3590 1145 liabet

2015 1188 2199 1232 autem
2229 1179 2507 1246 subjectos
2539 1178 2644 1230 sibi
2688 1193 2946 1248 magnum
2977 1179 3336 1248 drungarium
3371 1178 3586 1241 classis.

2015 1269 2359 1333 ameralium,
2413 1278 2520 1323 etc.
2584 1269 2716 1323 Vide
2781 1268 3188 1338 CurOpalatam,
3237 1278 3292 1324 et
3345 1271 3588 1326 scholia-

2015 1373 2158 1416 sten.

2087 1450 2567 1524 Πρωτοσέϐαστος,
2601 1453 3016 1522 primaugustus.
3075 1451 3295 1506 Nullum
3336 1453 3587 1508 ministe-

2011 1544 2155 1599 rium
2193 1543 2380 1607 habet,
2411 1545 2538 1612 quia
2568 1558 2677 1598 non
2705 1542 2919 1598 functio
2949 1554 3033 1600 est
3068 1543 3270 1613 palatio
3301 1545 3584 1600 militans:

2012 1636 2107 1690 sed
2166 1634 2401 1705 dignitas
2440 1635 2756 1699 honoraria,
2798 1650 2963 1704 quam
2999 1650 3108 1690 non
3159 1637 3448 1692 ministerii
3492 1647 3589 1701 aut

2014 1727 2227 1781 ordinis
2255 1729 2556 1783 necessitas
2583 1728 2734 1791 facit,
2768 1726 2864 1782 sed
2897 1727 3250 1798 imperatoris
3281 1729 3522 1781 εὐδοκία.

2103 1820 2293 1887 Μέγας
2366 1819 2758 1899 χσξρτουῖάριος
2798 1860 2813 1883 ,
2904 1835 3126 1889 magnus
3205 1819 3586 1874 chartularius.

2017 1908 2230 1980 Equum
2259 1911 2607 1980 imperatoris
2635 1926 2665 1964 a
2692 1919 3088 1981 protostratore
3106 1919 3450 1981 susceptum,
3476 1920 3586 1966 etc.

2016 2003 2150 2057 Vide
2219 2018 2342 2072 quae
2417 2018 2580 2074 supra
2644 2003 2699 2057 in
2767 2012 3168 2073 protostratore
3227 2003 3372 2058 dicta
3436 2015 3584 2058 sunt.

2019 2093 2373 2149 Stallmeistcr
2404 2095 2697 2152 Germanis
2741 2095 2848 2150 dici
2886 2105 3043 2166 putat
3089 2096 3433 2152 scholiastes.
3484 2095 3589 2151 Zo-

2016 2202 2178 2240 naras
2206 2187 2260 2239 in
2301 2186 2485 2241 Leone
2517 2188 2728 2266 lsapro,
2775 2197 2924 2242 tomo
2957 2187 3121 2242 tertio
3150 2186 3444 2240 Annalium
3480 2203 3582 2256 po-

2017 2277 2346 2332 Sterioribus
2379 2279 2726 2348 temporibus
2749 2278 2842 2330 τὸν
2869 2278 2978 2330 τῶν
3010 2277 3306 2346 βασιλικῶν
3354 2279 3586 2330 ἱπποκό-

2021 2387 2137 2439 μων
2165 2371 2562 2424 ἐπιστατοῦντα
2590 2369 2924 2438 appellatum
2965 2369 3155 2426 tradit.

2089 2463 2455 2534 Πριμικήριος
2522 2462 2728 2531 αὐλῆς,
2803 2461 2945 2516 aulce
2997 2464 3343 2531 primicerius.
3407 2462 3585 2518 Habet

2017 2556 2238 2626 quidem
2267 2556 2321 2609 in
2352 2555 2804 2610 circumstatione
2856 2553 3419 2621 administrationem,
3452 2571 3589 2626 qua-

2017 2650 2123 2704 lem
2155 2657 2284 2703 ante
2323 2646 2588 2710 diximus,
2615 2646 2808 2701 ordine
2838 2660 2971 2700 vero
2992 2646 3226 2702 collocat
3255 2647 3420 2702 etiam
3467 2663 3589 2702 om-

2016 2755 2116 2795 nes
2163 2739 2259 2808 quli
2312 2738 2368 2792 in
2434 2739 2556 2792 aula
2601 2747 2750 2793 sunt.
2797 2735 2865 2792 Ut
2932 2738 3078 2791 enim
3119 2718 3371 2808 princeps
3426 2755 3588 2794 suum

2017 2834 2250 2904 quisque
2275 2841 2331 2886 et
2359 2832 2720 2886 constitutum
2767 2831 2947 2884 locum
3004 2830 3072 2885 ad
3120 2831 3587 2886 cireumstandum

2020 2925 2185 2980 habet
2215 2941 2230 2979 :
2269 2923 2350 2979 sic
2375 2923 2539 2977 etiam
2578 2923 2802 2977 ordines
2834 2922 2930 2992 qui
2965 2922 3020 2977 in
3047 2922 3170 2978 aula
3202 2929 3352 2989 sunt,
3386 2924 3588 2994 singuli

2019 3015 2299 3086 proprium
2332 3030 2493 3070 suum
2521 3014 2704 3068 locum
2734 3014 3011 3069 obtinent.
3587 3023 3590 3026 ‘

327 3114 447 3158 tum
501 3104 930 3158 occidentalium.
986 3105 1116 3195 Quae
1171 3105 1403 3160 ﬂorente
1449 3107 1632 3162 adhuc
1675 3107 1910 3178 imperio

2087 3105 2537 3180 Πρωτοκυνηγός,
2561 3114 2869 3161 venatorum
2911 3108 3172 3178 princeps,
3196 3090 3602 3179 jdgermeiste-r.‘

329 3195 585 3248 Romano
617 3194 892 3264 τάγματα,
918 3178 1034 3249 sive
1065 3185 1313 3264 legiones
1337 3193 1520 3259 dieue,
1561 3197 1910 3265 postmodum

329 3286 627 3340 imminuta
677 3284 911 3339 Heraclii
962 3284 1305 3354 temporibus
1363 3287 1608 3341 Romana
1638 3289 1908 3357 potentia,

331 3388 396 3431 et
429 3388 686 3431 truncato
734 3377 969 3447 imperio
1009 3376 1266 3445 θεμάτων
1306 3393 1506 3433 nomen
1553 3393 1907 3449 acceperunt,

336 3470 719 3539 carentesjam
754 3469 926 3524 veteri
955 3469 1321 3538 amplitudine
1347 3485 1467 3526 sua.
1499 3471 1634 3527 Vide
1661 3472 1908 3529 libellum

329 3561 678 3616 Costautini
714 3563 1248 3632 Porphyrogennetaa
1273 3563 1341 3618 de
1371 3564 1749 3630 Thematibus,
1792 3566 1908 3622 sive

337 3655 411 3709 de
457 3655 768 3724 agminibus
814 3655 1148 3710 militaribus
1179 3671 1278 3725 per
1313 3656 1604 3725 imperium
1638 3659 1908 3713 orientale

336 3748 668 3805 distributis.
723 3747 824 3802 llic
865 3747 1158 3816 praefectus
1198 3747 1578 3816 hujuscemodi
1626 3750 1906 3819 agminum

335 3856 439 3908 pcr
499 3841 814 3897 Occidentis
881 3841 1049 3897 urbes
1117 3841 1542 3896 distributorum
1596 3841 1908 3912 intelligen-

338 3931 442 3983 dus
475 3941 578 3985 est.

405 4025 590 4092 Μέγας
612 4023 910 4094 διοικητὴς,
940 4040 1164 4094 magnus
1193 4026 1750 4093 administrator,'sive
1782 4042 1908 4095 pro-

334 4124 567 4169 curator.
609 4115 757 4169 Nihil
791 4116 860 4169 de
895 4116 1001 4171 hoc
1026 4117 1379 4186 Curopalata.

356 4312 410 4329 ⁵

2019 3199 2352 3270 lmperatore
2388 3198 2791 3254 conscendente
2821 3214 3022 3270 equum
3077 3213 3242 3254 nemo
3280 3198 3422 3292 alius
3445 3214 3586 3268 prte-

2021 3303 2104 3349 ter
2158 3293 2304 3346 hunc
2344 3291 2577 3360 stapiam
2617 3298 2765 3345 tenet
2805 3305 2930 3345 cum
2978 3305 3218 3360 presens
3246 3300 3350 3346 est.
3373 3291 3587 3347 'Prteest

2019 3399 2150 3440 vero
2179 3384 2249 3438 iis
2280 3381 2661 3447 venatoribus,
2706 3382 2803 3453 qui
2843 3391 3131 3438 curatores
3158 3397 3358 3437 canum
3399 3382 3587 3453 appel-

2019 3477 2224 3531 lantur.
2267 3475 2424 3543 Quod
2454 3474 2500 3530 si
2535 3474 2758 3546 quando
2801 3475 3178 3546 imperatoris,
3232 3490 3357 3530 cum
3406 3475 3461 3528 in
3493 3490 3585 3530 vc.

2017 3568 2242 3621 natione
2302 3573 2404 3633 est,
2474 3575 2682 3620 vestem
2736 3565 2974 3635 aliquam
3029 3564 3295 3633 sanguine
3365 3565 3581 3634 aspergi

2017 3658 2350 3728 contigerit,
2408 3672 2529 3713 eam
2597 3657 2688 3711 hic
2738 3667 2964 3712 venator
3030 3657 3230 3725 accipit
3280 3671 3344 3710 ex
3407 3656 3632 3716 bene-_

2017 3749 2162 3805 ﬂcio.

2088 3841 2345 3911 Πραίτωρ
2382 3840 2578 3910 δήμου.
2641 3847 2840 3910 praetor
2874 3837 3075 3909 populi.
3109 3837 3325 3892 Nullam
3355 3826 3589 3891 admini-

2015 3934 2336 3987 strationem
2359 3932 2526 3988 habet
2571 3935 2626 3987 in
2651 3932 2793 4002 {aula
2823 3932 3086 4002 palatina,
3121 3930 3216 3987 sed
3245 3920 3320 3984 in'
3341 3929 3500 3994 urbe,
3528 3935 3586 3982 et

2016 4024 2278 4080 urbanam
2306 4025 2504 4081 solum.

1728 4475 2194 4556 LECTORI.

413 4642 569 4697 Nilus
598 4655 646 4698 et
677 4643 1046 4700 Christodulus
1079 4645 1206 4713 ﬁcta
1236 4646 1450 4699 nomina
1482 4652 1632 4708 sunt,
1680 4641 1862 4712 qualia
1895 4641 2036 4710 apud
2082 4649 2275 4695 veteres
2307 4641 2362 4693 in
2419 4636 2643 4709 dialogis
2684 4643 2746 4688 et.
2776 4635 3010 4703 epistolis
3047 4635 3300 4706 plurima.
3335 4637 3587 4693 Christo-

335 4736 494 4789 dulus
527 4738 655 4790 mihi
690 4735 1092 4792 Cantacusenus
1121 4747 1220 4803 cst,
1271 4746 1452 4808 utpote
1503 4736 1594 4807 qui
1643 4735 1786 4789 curis
1839 4733 2136 4788 illustribus
2177 4733 2480 4803 defunctus,
2516 4731 2849 4798 decursisque
2890 4731 3010 4784 vita!
3039 4731 3295 4798 palatina!
3320 4731 3587 4798 maleﬁdis

335 4833 639 4896 honoribus,
679 4833 890 4887 Christo
925 4834 1128 4898 sibique
1156 4834 1210 4886 in
1245 4841 1515 4901 posterum
1543 4847 1734 4885 vacare
1761 4839 2028 4891 statuens.
2061 4829 2288 4883 nobilem
2322 4826 2475 4880 illam
2511 4827 2816 4880 servitutem
2847 4825 3124 4896 amplexus
3160 4837 3256 4890 est,
3288 4843 3405 4897 qua:
3437 4843 3585 4880 mera

341 4927 443 4978 viri
477 4927 730 4993 sapientis
775 4927 989 4980 libertas
1021 4925 1198 4978 haberi
1237 4926 1402 4980 debet.
1448 4925 1624 4985 Nilus,
1665 4941 1695 4976 a
1730 4938 1832 4991 quo
1861 4938 1915 4974 se
1949 4923 2018 4974 ad
2066 4921 2395 4976 scribendum
2431 4919 2632 4988 impelli
2668 4918 2845 4990 ﬁngit,
2883 4921 3126 4972 monachi
3161 4936 3371 4983 nomen,
3403 4928 3454 4970 ut
3481 4923 3592 4973 cui-

342 5018 420 5069 ais
458 5017 659 5070 obvium
699 5028 796 5071 est.

704 5261 974 5319 ΝΕιΑοΣ
1012 5267 1181 5319 ΧιιιΣ
1191 5267 1313 5319 τυΔ
1325 5263 1526 5332 orno.

422 5379 641 5448 Ἐπειδὴ
681 5395 740 5430 σε
771 5379 1052 5448 βούλεσθαι
1105 5375 1222 5431 οἶδα.
1258 5378 1426 5447 μηδὲν
1459 5377 1567 5430 τῶν
1628 5376 1915 5446 ἡμετέρων

343 5475 579 5540 ἀγνοεῖν,
620 5475 668 5524 εἰ
701 5473 794 5524 καὶ
850 5473 1017 5542 μηδέν
1055 5489 1107 5524 τι
1155 5475 1401 5540 γενναῖον
1447 5471 1665 5540 ἔχοιμεν
1713 5469 1913 5536 λέγειν,

342 5566 438 5632 ἆγε
469 5565 646 5617 ἔνεστι
681 5566 892 5634 σιωπᾷν
915 5566 974 5616 οὐ
1009 5563 1191 5632 θέμις·
1225 5561 1379 5616 οἶσθα
1425 5564 1552 5626 τοὺς
1581 5562 1916 5630 περιπάτους

345 5657 434 5719 οὓς
489 5657 753 5710 ἑκάστοτε
807 5656 949 5724 μετᾶ
991 5658 1099 5707 τῶν
1148 5656 1317 5723 φίλων
1367 5654 1703 5722 ποιούμεθα’
1747 5655 1804 5705 ὲν
1834 5648 1917 5716 οἷς

350 5747 644 5814 πολλὰ,τά
677 5747 777 5814 μὲν
807 5747 1034 5816 σπουδῇ.
1061 5748 1130 5799 τὰ
1157 5746 1213 5797 δὲ
1235 5745 1424 5814 παιδιᾷ
1450 5746 1799 5815 προσήκοντα
1827 5743 1914 5795 λέ-

661 5840 932 5901 Ρπηοι..
983 5840 1096 5901 Gn.
1156 5837 1349 5898 CLIII.

1921 5143 1992 5154 .—

2361 5261 2403 5328 ι
2443 5257 2654 5314 NILUS
2691 5252 3178 5313 CHRISTODULO
3215 5252 3274 5307 S.

2085 5376 2356 5443 Quoniam
2391 5375 2560 5444 probe
2594 5371 2709 5428 scio
2733 5380 2797 5425 te
2840 5385 2930 5424 res
2963 5377 3177 5420 nostras
3208 5380 3423 5427 omnes,
3451 5380 3588 5434 qna-

2018 5473 2098 5525 les
2131 5470 2344 5540 quales,
2374 5466 2543 5522 etiam
2574 5480 2739 5520 avere
2785 5477 3140 5530 cognoscere,
3175 5461 3454 5516 desiderio
3494 5471 3589 5514 tuo

2022 5577 2231 5615 morem
2264 5575 2447 5626 geram
2478 5577 2490 5611 :
2521 5569 2700 5612 tacere
2729 5557 2875 5610 enim
2909 5570 3016 5607 non
3050 5554 3199 5608 licet.
3232 5554 3290 5606 In
3315 5554 3592 5622 quotidia-

2018 5652 2107 5707 nis
2132 5649 2622 5709 ambulationibus,
2655 5661 2813 5715 quas,
2857 5646 3003 5716 quod
3051 5655 3100 5698 te
3129 5659 3236 5697 non
3275 5643 3431 5713 fugit,
3461 5657 3586 5695 cum

2016 5742 2385 5797 familiaribus
2406 5740 2702 5812 -eonlicere
2753 5739 3168 5800 consuevimus,
3224 5735 3382 5790 multi
3428 5734 3589 5790 nobis

3152 5831 3191 5888 2
