4038 6212
278 273 342 336 59
1420 272 1967 338 IIlSTORIAltUM
2009 277 2245 347 LIBER
2286 280 2337 342 ι.
3431 292 3501 356 7o

275 387 576 455 ἀναφανδόν.
610 385 682 439 Τὸ
703 386 811 457 γάρ
846 404 906 441 σε
943 385 1043 457 μὶν
1067 385 1315 439 ἐκϐαλεῖν
1344 386 1451 438 τῶν
1482 389 1682 456 ὅρκων,
1705 390 1831 441 ἀντ-

1934 405 2043 444 non
2078 401 2128 447 te
2157 393 2349 450 eadem
2400 395 2579 467 palam
2630 397 2906 467 privatum
2951 398 3079 456 iret.
3112 402 3328 457 Etenim
3370 407 3504 474 quid

276 479 570 546 εισαγαγξῖν
623 476 679 529 δὲ
726 477 786 531 ὃν
836 478 905 531 ἂν
944 478 1108 541 αὐτὸς
1151 478 1666 546 καταστήσῃ,ούδὲν
1694 479 1825 533 ἄλλο

270 569 508 625 δύνασθαί
566 584 660 637 μοι
707 569 877 622 δοκεῖ.
931 571 1027 622 Δεί
1052 570 1116 639 δή
1152 585 1212 622 σε
1260 567 1661 638 βουλεύσασθαι
1697 572 1827 641 περὶ

273 661 356 714 τοῦ
389 658 707 730 πράγματος
737 659 1007 723 συνετῶς·
1040 659 1102 713 οὐ
1134 658 1241 732 γάρ
1288 658 1418 729 περὶ
1469 661 1685 732 μικρῶν
1732 663 1828 715 καὶ

270 749 748 820 ε-ἓκαταφρονήτων
774 749 1078 822 βουλεύσῃο
1118 748 1290 821 άλλέἤ
1324 753 1504 814 καλῶς
1534 748 1714 824 ζῇν,ῆ
1750 751 1828 824 μὴ

269 846 461 916 ἀτίμως
513 844 829 900 ἀποθανεῖν.
878 845 1026 914 Ἐγὼ
1079 845 1126 898 δ’
1176 848 1416 915 ἐμαυτὸν
1476 844 1702 916 παρέξω
1743 862 1828 899 σοι

272 936 668 1009 προθυμότατον
700 937 838 1007 πρὸς
874 937 1022 992 ἅπαν
1068 935 1127 991 τὸ
1173 937 1647 1008 προσταττόμενον
1688 937 1831 991 ἑτοί-

275 1047 379 1098 μως
401 1029 590 1099 ἔχοντα
620 1028 698 1100 μὴ
728 1029 1034 1100 πράγματα
1068 1029 1229 1102 μόνον
1258 1031 1351 1083 καὶ
1374 1032 1651 1102 κτήματα,
1692 1029 1829 1083 ἀλλὰ

273 1123 358 1175 καὶ
382 1121 540 1192 αὐτὴν
576 1110 724 1190 ζωὴν
752 1122 896 1193 ὑπὲρ
929 1121 1027 1191 τῆς
1061 1121 1161 1189 σῆς
1187 1121 1453 1192 προέσθαι
1478 1122 1666 1194 τιμῆς.
1694 1122 1832 1176 Τού-

274 1229 370 1264 των
390 1212 487 1263 τῶν
510 1211 692 1279 λόγων
719 1211 962 1274 ἀκούσας
985 1213 1011 1264 6
1044 1211 1318 1282 βασιλεὺς,
1343 1212 1456 1281 Τῆς
1490 1211 1590 1280 μὲν
1619 1214 1698 1274 είς
1729 1211 1831 1282 ἐμὲ

277 1321 359 1356 σου
382 1305 545 1373 φιλίας
574 1305 741 1359 ἕνεκα
769 1305 865 1357 καὶ
893 1305 1227 1375 προθυμίας.
1250 1305 1501 1376 ὁμολογῶ
1529 1323 1609 1360 σοι
1648 1306 1830 1376 χάριν.

276 1394 392 1463 ἔφη.
423 1397 619 1465 πολλήν
645 1412 660 1426 ·
698 1397 823 1449 επεὶ
852 1397 898 1451 δ’
926 1398 955 1449 6
987 1399 1167 1467 μέγας
1196 1398 1519 1468 δομέστικος
1551 1400 1579 1452 6
1612 1400 1831 1453 Καντα-

278 1488 511 1556 κουζηνδς
545 1485 805 1558 Ἰωάννης
860 1488 956 1541 καί
1013 1506 1094 1542 σοι
1148 1490 1247 1559 μὲν
1289 1489 1511 1554 οίκείως
1558 1489 1832 1544 διάκειται

283 1577 408 1630 πάνυ
436 1579 519 1630 καὶ
548 1578 805 1646 φιλικῶς,
841 1579 970 1649 ἐμοὶ
1022 1579 1081 1632 δὲ
1128 1578 1439 1633 συνδέδεται
1477 1579 1697 1650 δεσμοῖς
1743 1599 1832 1650 φι-

282 1668 387 1730 λίας
411 1669 705 1739 ἀρρήκτοις
736 1671 803 1723 ἐκ
835 1668 1106 1741 βρεφικῆς
1136 1670 1356 1741 ἡλικίας
1372 1671 1513 1754 ῥχρι
1548 1673 1644 1724 καὶ
1674 1670 1833 1744 δεῦρο

1929 482 2077 537 aliud
2110 484 2202 548 sit,
2244 502 2445 543 nomen
2484 499 2637 543 tuum
2667 490 2897 545 formula
2924 491 3146 561 juraudi
3180 495 3504 565 exclusisse,

1927 574 2048 644 ejus
2079 585 2306 636 contra.
2346 595 2511 648 quem
2572 581 2689 649 ipse
2738 585 3118 652 cooptaverit,
3169 585 3501 652 inseruisse.

1928 678 2029 731 ego
2060 680 2169 719 non
2208 667 2475 739 intelligo.
2538 662 2834 736 Quoniam‘
2862 671 3030 742 igitur
3074 688 3183 728 non
3236 692 3417 743 parva:
3449 688 3504 733 et

1931 754 2359 812 floccifaciendae
2390 774 2478 814 res
2507 768 2767 830 aguntur.
2807 764 2899 816 sed
2928 777 3038 831 quo
3075 773 3235 833 pacto
3270 751 3506 822 velcum

1930 845 2216 903 honestate
2254 850 2428 917 vivas,
2477 853 2560 905 vel
2628 854 2765 908 citra
2825 853 3068 910 dedecus
3120 856 3509 926 ignominiam-

1930 949 2037 1005 que
2092 952 2309 1018 pereas,
2373 948 2488 995 tute
2552 941 2649 996 tibi
2700 945 2984 1014 sapienter
3029 950 3302 1013 consulas,
3340 959 3504 1018 atquc

1931 1017 2236 1097 prospicias
2270 1045 2499 1086 necesse
2537 1041 2644 1086 est.
2684 1033 2757 1088 De
2790 1050 2876 1091 me
2906 1039 3015 1092 boc
3051 1037 3149 1093 tibi
3182 1038 3358 1095 habeo
3391 1017 3506 1110 pol-

1929 1117 2106 1183 liceri,
2146 1121 2213 1175 ad
2242 1123 2424 1189 omnia
2455 1125 2711 1179 mandata
2753 1133 2845 1180 tua
2890 1129 3252 1195 conficienda,
3287 1146 3391 1187 nec
3439 1134 3507 1186 ad

1929 1208 2224 1265 facultates
2275 1212 2440 1267 modo
2489 1229 2703 1279 omnes,
2731 1214 2826 1271 sed
2852 1217 2921 1272 ad
2957 1219 3125 1273 vitam
3154 1235 3373 1290 quoque
3407 1238 3509 1292 pro

1932 1300 2201 1371 dignitate
2249 1311 2343 1357 tua
2372 1309 2837 1361 contemnendam
2902 1310 3310 1378 paratissimum
3367 1312 3533 1368 fore.-

1934 1391 2199 1456 Finierat,
2236 1409 2364 1448 cum
2404 1396 2484 1451 sic
2529 1400 2746 1467 excepit
2800 1399 3104 1470 imperator
3151 1419 3166 1457 :
3210 1402 3364 1469 Quod
3420 1420 3473 1458 m

1934 1490 2224 1553 tantopere
2268 1485 2474 1557 diligis,
2509 1496 2565 1543 et
2605 1490 2659 1543 in
2701 1506 2821 1546 mea
2858 1507 3022 1548 causa
3058 1504 3265 1549 tantam
3306 1497 3502 1550 alacri-

1935 1583 2106 1632 tatem
2160 1593 2275 1649 prze
2324 1589 2377 1635 te
2427 1582 2558 1649 fers,
2597 1583 2938 1640 immortales
2992 1585 3086 1640 tibi
3141 1587 3345 1657 gratias
3386 1603 3507 1658 ago.

1934 1666 2208 1723 Caeterum
2238 1671 2366 1741 quia
2403 1671 2646 1729 Joannes
2683 1673 3105 1732 Cantacuzenus
3140 1693 3370 1747 magnus
3414 1679 3513 1733 do—

287 1760 671 1831 συνηυξημὲνης
747 1761 906 1830 ἡμῖν,
963 1761 1058 1814 καὶ
1114 1762 1195 1823 εἰς
1255 1761 1417 1831 βάθος
1471 1763 1831 1835 προκοψάσης

1937 1759 2199 1815 mesticus
2246 1770 2301 1816 et
2335 1762 2390 1817 in
2435 1763 2626 1819 intima
2670 1764 3042 1822 familiaritate
3094 1779 3184 1823 tua
3232 1778 3507 1832 versatur,

284 1852 514 1906 τοσοῦτον
537 1852 607 1916 ὡς
639 1854 822 1906 δοκεῖν
852 1853 953 1925 τὴν
996 1854 1096 1925 μὲν
1130 1854 1269 1925 ἐμὴν
1298 1854 1476 1927 ψυχὴν
1514 1855 1577 1910 τδ
1615 1857 1828 1910 ἐκείνου

296 1942 431 2012 σῶμα
454 1946 632 2008 κινεῖν,
666 1944 763 2014 τὴν
792 1944 839 1998 δ’
865 1946 1076 1999 ἐκείνου
1101 1945 1282 2019 ψυχὴν
1303 1950 1361 2001 ὲν
1384 1948 1509 2019 ἐμοὶ
1540 1949 1828 2013 κινεῖσθαι,

297 2034 383 2086 καὶ
427 2033 580 2087 ταῦτα
616 2036 712 2088 καὶ
759 2034 944 2104 λέγειν
995 2038 1088 2090 καὶ
1135 2039 1399 2109 πράττειν
1443 2040 1590 2111 ἆπερ
1621 2038 1688 2095 ἂν
1717 2041 1831 2108 ἐγὼ

314 2123 579 2195 βούλωμαι,
612 2128 704 2181 καὶ
745 2128 947 2198 τρόπον
985 2130 1108 2183 τινὰ
1150 2132 1247 2195 τὰς
1287 2131 1619 2203 ἀμφοτέρων
1651 2132 1830 2203 ψυχάς

322 2214 641 2278 συντακείσας
668 2217 743 2278 είς
776 2215 922 2286 μίαν,
950 2217 1246 2289 ἀμφότερα
1271 2217 1341 2273 τά
1377 2218 1609 2290 σώματα
1635 2223 1828 2276 κινεῖν.

338 2303 463 2358 Ἐπεὶ
484 2307 646 2360 τοίνυν
674 2311 927 2379 συμφυῶς
957 2311 1130 2375 οὕτως
1156 2310 1356 2383 ἔχομεν
1380 2312 1519 2383 πρὸς
1545 2312 1830 2385 ἀλλήλους.

315 2396 399 2449 οὐκ
435 2399 635 2452 ἀνεκτόν
675 2400 914 2472 ἠγοῦμαι
964 2401 1125 2473 μόνος
1158 2419 1211 2455 τι
1260 2402 1657 2473 βουλεύσασθαι
1701 2407 1831 2478 περὶ

306 2489 513 2560 ἐμαυτοῦ
540 2492 637 2545 κᾶν
666 2494 726 2546 ὲν
769 2494 1027 2564 ἐσχάτοις
1060 2494 1329 2559 κινδύνοις
1360 2497 1638 2569 συμϐαίνῃ
1671 2513 1831 2569 περι-

301 2584 478 2636 πεσεῖν.
512 2583 646 2636 Ἀλλ’
704 2585 831 2638 επεὶ
881 2587 945 2639 σὺ
1006 2585 1142 2657 πρὸς
1197 2586 1421 2658 Θρᾴκην
1475 2589 1693 2661 ἀπέρχῃ
1731 2590 1832 2661 τῆς

285 2675 473 2728 ἐκείνου
516 2676 761 2749 διάδοχος
801 2677 1064 2748 ἐσόμενος
1108 2679 1309 2750 ἀρχῆς.
1343 2680 1650 2752 γράμματα
1694 2683 1831 2754 πρὸς

280 2768 422 2821 αὐτὸν
448 2769 627 2823 λαϐὼν
661 2771 763 2838 τῆς
802 2771 946 2842 ὲμῆς
976 2770 1159 2843 χειρὸς
1193 2772 1268 2835 ὡς
1298 2776 1365 2826 ἂν
1394 2773 1665 2846 πιστεύσῃ
1697 2775 1832 2846 πρὸς

272 2859 440 2928 λόγους
468 2878 549 2913 σοι
574 2860 882 2925 συνελθεῖν,
910 2861 1108 2931 (ἄλλως
1135 2862 1243 2933 γὰρ
1263 2863 1327 2917 οὐ
1358 2862 1682 2935 θαρρήσειεν
1717 2866 1830 2936 ἂν),

270 2950 613 3015 ταῦτ’ὲπίδος
650 2950 821 3022 αὐτῷ.
868 2953 980 3007 Kal
1025 2954 1394 3008 συνελθόντων
1443 2956 1598 3025 ὑμῶν
1634 2958 1716 3021 είς
1748 2958 1830 3026 ἒν,

268 3041 344 3092 καὶ
368 3041 822 3112 βουλευσαμένων
857 3043 990 3113 περὶ
1018 3041 1124 3095 τῶν
1157 3045 1558 3115 προκειμένων,
1592 3045 1739 3116 ἅπερ
1765 3045 1832 3099 ἂν

1932 1859 1990 1905 et
2024 1852 2255 1923 irruptis
2284 1870 2506 1911 mecum
2544 1857 2802 1912 amicitiae
2844 1860 3085 1915 vinculis
3129 1860 3509 1931 coniungitur,

1932 1957 2055 2012 qua:
2107 1943 2236 1999 inde
2286 1944 2357 2000 ab
2397 1947 2703 2004 infantibus
2734 1949 2845 2021 (66)
2884 1966 3058 2022 usque
3086 1954 3152 2006 ad
3188 1952 3329 2007 hanc
3361 1953 3510 2007 diem

1933 2032 2221 2089 nobiscum
2245 2037 2486 2092 accrevit
2532 2048 2589 2093 et
2619 2040 2787 2095 tantis
2818 2043 3071 2097 auctibus
3104 2053 3185 2098 est
3210 2034 3508 2106 cumulata,

1933 2130 1996 2178 ut
2025 2127 2312 2197 utriusque
2341 2130 2525 2185 anima
2583 2131 2639 2185 in
2689 2132 2920 2187 alterius
2963 2149 3194 2204 corpore
3231 2136 3505 2199 habitare.

1934 2230 2032 2270 seu
2061 2216 2261 2272 animae
2294 2218 2417 2273 dum
2453 2218 2509 2274 in
2545 2235 2711 2273 unam
2747 2220 2995 2275 conﬂata:
3024 2223 3313 2277 amborum
3357 2234 3512 2278 artus

1934 2320 2128 2375 regere
2158 2308 2475 2374 videantur,
2502 2309 2757 2379 vigetque
2788 2310 2934 2365 inter
2956 2327 3055 2366 nos
3084 2327 3401 2368 sermonum
3447 2325 3509 2369 et

1932 2402 2215 2458 actionum
2274 2417 2488 2456 summa
2533 2404 2826 2458 consensio
2868 2421 2883 2458 :
2920 2404 3071 2473 quia,
3121 2404 3369 2474 inquam,
3407 2422 3512 2460 nos

1933 2493 2045 2548 duo
2082 2493 2282 2548 animis
2313 2509 2485 2563 usque
2520 2492 2658 2548 adeo
2688 2493 2994 2549 coaluimus
3019 2533 3033 2557 ,
3069 2496 3251 2550 scelus
3291 2499 3511 2551 consci-

1933 2599 2168 2651 scerem,
2219 2584 2288 2651 si,
2343 2600 2663 2657 quanquam
2722 2586 2776 2639 in
2835 2595 3144 2641 extremum
3197 2588 3509 2657 periculum

1933 2677 2324 2748 praecipitatus,
2357 2676 2426 2731 de
2459 2678 2627 2733 rebus
2662 2676 2799 2732 meis
2831 2677 2951 2733 sine
2993 2678 3086 2733 illo
3114 2678 3508 2733 consultarent.

1934 2770 2042 2828 Sed
2087 2786 2213 2827 cum
2270 2778 2327 2825 tu
2384 2771 2441 2826 in
2499 2769 2792 2824 Thraciam
2840 2785 2941 2840 pro
2990 2769 3141 2824 illius
3185 2782 3509 2824 successore

1933 2861 2122 2930 abeas,
2154 2878 2319 2917 manu
2375 2877 2494 2917 mea
2529 2869 2810 2916 exaratam
2859 2860 3145 2930 epistolam
3186 2858 3238 2914 ei
3291 2858 3509 2920 redies.

1934 2968 2047 3023 quo
2084 2953 2190 3009 fide
2217 2954 2359 3009 facta
2396 2965 2575 3009 tecum
2615 2951 3008 3022 congrediatur
3046 2968 3060 3005 :
3114 2950 3317 3020 alioqui
3362 2949 3511 3005 enim

1937 3045 2168 3100 fortasse
2196 3060 2308 3099 non
2348 3043 2595 3099 audebit.
2626 3043 2729 3113 15
2758 3042 3111 3112 Quaecunque
3141 3049 3324 3096 autem
3352 3040 3513 3095 vobis

266 3131 379 3201 ὑμῖν
418 3132 544 3203 δόξῃ
585 3132 852 3202 λυσιτελῆ
883 3131 978 3184 καὶ
1010 3131 1281 3203 ὠφέλιμα,
1312 3133 1469 3185 ταῦτ’
1493 3132 1649 3188 ἔσται
1699 3151 1826 3186 συν-

1933 3151 2096 3206 super
2115 3135 2368 3206 praesenti
2390 3142 2536 3190 statu
2563 3149 2686 3190 meo
2732 3132 3171 3189 deliberantibus
3199 3130 3519 3187 conducere

258 3226 497 3281 δοκοῦντα
528 3226 735 3297 κάμοι.
767 3227 1082 3298 Πὲπεισμαι
1128 3226 1237 3295 γὰρ
1264 3226 1530 3298 ἀκριϐῶς,
1573 3227 1648 3291 ὡς
1676 3228 1724 3281 εί
1754 3228 1829 3300 μὴ

259 3320 371 3380 Θεὸς
393 3315 472 3383 οἷς
502 3317 621 3374 οἶδε
657 3317 883 3388 τρόποις
905 3316 1005 3388 τὴν
1038 3317 1193 3388 ὑμῶν
1222 3319 1447 3387 σφὴλειε
1474 3318 1697 3388 γνῶσιν,
1731 3320 1833 3374 οὐκ

256 3411 316 3462 ἄν
346 3411 579 3483 ἁμάρτοι
614 3410 721 3463 τοῦ
754 3408 923 3464 καλοῦ
966 3408 1065 3464 καὶ
1099 3398 1512 3475 λυσιτελοῦντος
1553 3412 1648 3465 καὶ
1682 3412 1831 3481 ὠφε-

253 3502 422 3570 λξμου,
457 3506 552 3559 καὶ
622 3501 955 3573 φρονήσεως
1015 3500 1199 3566 ὀξείας
1241 3500 1430 3567 ἕνεκα,
1485 3503 1583 3556 καὶ
1630 3502 1833 3575 πείρας

250 3596 581 3665 πραγμάτων
650 3592 921 3662 πολιτῶν,
978 3592 1077 3648 καὶ
1124 3596 1225 3665 τῆς
1291 3594 1426 3666 περὶ
1488 3593 1588 3664 ἐμὲ
1648 3594 1833 3664 φιλίας

253 3688 412 3757 ἄκρας
442 3689 543 3743 καὶ
579 3687 918 3758 συναφείας.
949 3687 1171 3742 Τούτων
1211 3686 1355 3741 οὕτω
1412 3687 1712 3759 ῥηθέντων,
1762 3688 1832 3742 τὰ

248 3778 539 3849 γράμματα
593 3776 795 3833 λασὼν
826 3779 892 3831 ἑκ
919 3776 1183 3848 βασιλέως
1218 3776 1249 3830 6
1281 3777 1643 3850 Συργιάννης,
1694 3776 1833 3849 ιχὼ.

249 3886 322 3938 ρει
350 3873 483 3940 πρὸς
507 3871 787 3943 Θρᾴκην·
813 3869 943 3923 ἔνθα
967 3870 1032 3940 δὴ
1065 3869 1144 3942 τῷ
1174 3869 1400 3942 μεγάλῳ
1430 3870 1833 3943 συγγενόμενος

243 3962 565 4037 δομεστίκῳ,
633 3963 737 4016 καὶ
766 3962 838 4016 τά
885 3978 946 4016 τε
979 3961 1271 4033 συμϐάντα
1323 3962 1602 4034 γνωρίσας
1652 3963 1828 4035 αὐτῷ.

242 4054 326 4105 x.l
367 4055 437 4107 τὰ
486 4054 592 4108 τοῦ
633 4052 909 4124 βασιλέως
937 4051 1248 4123 γράμματα
1289 4053 1627 4124 ἐγχειρίσας,
1674 4054 1833 4108 ἐδου-

240 4143 446 4200 λεύοντο
509 4163 583 4202 πε
596 4148 658 4217 pl
722 4144 831 4199 τῶν
887 4144 1201 4215 παρόντων,
1252 4145 1346 4199 καὶ
1388 4144 1485 4199 δύο
1530 4146 1623 4200 καὶ
1651 4145 1835 4217 τρισὶν

241 4239 430 4309 ἑφεξῆς
492 4241 783 4311 ἡμέραις.
853 4237 966 4292 Καὶ
1037 4237 1292 4308 ποικίλης
1362 4237 1458 4291 καὶ
1515 4238 1832 4301 πολυειδοῦς

237 4329 324 4401 τῆς
377 4331 595 4402 βουλῆς
663 4330 971 4399 γενομένης
1027 4329 1175 4399 (ἐπεὶ
1230 4329 1508 4401 περὶτῶν
1557 4329 1834 4400 μεγίστων

232 4416 293 4493 ἢν
340 4426 369 4476 6
433 4424 652 4493 ἀγὼν),
717 4421 811 4474 καὶ
863 4420 1076 4474 πολλῶν
1133 4420 1412 4493 ῥηθέντων
1468 4421 1604 4493 παρ’
1650 4424 1833 4492 ἀμφο-

232 4514 399 4586 τέρων
463 4517 632 4588 (ἐπεὶ
696 4514 795 4567 καὶ
849 4508 1170 4585 φρονήσεως
1239 4512 1403 4567 ἕνεκα
1470 4516 1566 4567 καὶ
1637 4515 1833 4586 πείρας

232 4609 624 4677 στρατηγικῆς
671 4607 786 4669 τοῖς
824 4604 1065 4677 μάλιστα
1099 4604 1341 4677 πρώτοις
1383 4604 1494 4658 τῶν
1536 4606 1834 4677 Ῥωμαίων

234 4697 712 4772 συνημιλλλῦντο).
775 4698 929 4763 τέλος
992 4699 1021 4754 6
1091 4698 1267 4768 μέγας
1332 4697 1654 4768 δομὲστικος
1708 4695 1833 4752 εἷπε

228 4795 428 4848 τοιάδυ

1933 3236 1989 3281 et
2017 3226 2276 3296 expedire
2305 3225 2670 3289 videbuntur,
2704 3224 2847 3295 apud
2879 3239 2967 3278 me
3006 3238 3226 3293 quoque
3255 3223 3310 3276 in
3341 3222 3506 3276 simili

1933 3318 2296 3374 aestimatione
2347 3316 2530 3372 futura
2576 3326 2723 3372 sunt.
2759 3317 2996 3371 Prorsus
3024 3314 3173 3370 enim
3207 3315 3282 3370 ita
3306 3315 3513 3379 sentio,

1934 3410 2039 3465 nisi
2075 3408 2239 3475 Deus,
2272 3408 2436 3464 modo
2478 3424 2591 3480 quo
2638 3408 2759 3478 ipse
2802 3408 2976 3470 novit,
3008 3408 3289 3462 mentibus
3314 3406 3517 3461 vestris

1935 3500 2224 3571 caliginem
2246 3498 2530 3560 oﬂuderit.
2558 3514 2658 3553 vos
2706 3507 2765 3553 ut
2818 3496 3182 3568 intelligentia
3218 3496 3512 3567 pollentes,

1916 3590 2047 3651 non
2088 3592 2354 3649 mediocri
2410 3590 2730 3662 reipublicae
2783 3604 2885 3649 usu
2934 3589 3217 3659 praeditos,
3268 3587 3517 3657 mihique

1934 3685 2197 3742 munibus
2243 3682 2750 3740 necessitudinibus
2783 3679 3290 3752 coniunctissimos,
3324 3678 3397 3733 ab
3435 3692 3510 3733 eo

1914 3777 2083 3849 ,quod
2154 3777 2469 3837 honestum.
2524 3772 2849 3844 frugifdtum
2900 3780 2956 3827 et
3006 3770 3357 3826 conducibile
3403 3779 3513 3831 est.

1934 3869 2196 3939 opinione
2220 3877 2275 3924 et
2298 3866 2569 3924 sententia
2593 3878 2943 3935 nequaquam
2961 3863 3228 3919 abituros.
3249 3860 3346 3919 llis
3366 3861 3515 3917 inter

1936 3978 1996 4019 se
2049 3961 2237 4026 dictis,
2284 3958 2624 4031 Syrgiannes
2673 3971 2799 4011 eum
2852 3956 3056 4010 litteris
3115 3954 3173 4009 in
3220 3954 3517 4010 Thracians

1935 4052 2227 4109 discedens
2260 4066 2354 4107 eas
2395 4048 2780 4105 Cantacuzeno
2817 4046 3021 4121 reddit,
3063 4053 3122 4101 et
3178 4045 3234 4098 in
3269 4044 3517 4098 collocu-

1936 4146 2086 4201 tione
2116 4159 2237 4215 qua
2254 4139 2734 4210 Constantinopoli
2766 4138 3069 4195 acciderint
3089 4137 3363 4194 enuntiat.
3393 4134 3517 4190 Tri-

1935 4238 2106 4292 duum
2137 4235 2401 4305 deinceps
2422 4233 2477 4288 in
2508 4231 2970 4287 consultationem
2997 4229 3349 4301 impendunt.
3375 4227 3518 4283 Cum

1935 4328 2152 4384 diversa
2181 4335 2237 4383 et
2274 4320 2574 4381 multifa’ria
2607 4325 2663 4380 in
2694 4324 2934 4385 medium
2969 4322 3133 4377 allata
3201 4330 3388 4376 essent
3415 4319 3511 4391 (de

1940 4419 2160 4490 negotio
2183 4418 2388 4488 quippe
2417 4417 2472 4471 in
2498 4416 2694 4487 primis
2726 4429 2923 4485 magno
2944 4421 3000 4468 et
3024 4412 3198 4467 arduo
3220 4412 3515 4467 laboraba-

1943 4511 2056 4579 tur)
2092 4522 2148 4562 et
2172 4518 2403 4578 uterque
2435 4522 2545 4562 non
2575 4521 2747 4578 pauca
2775 4505 3002 4560 dixisset
3026 4503 3339 4576 (prudentia
3363 4503 3517 4557 enim

1940 4600 2092 4657 civili
2138 4609 2195 4655 et
2263 4579 2605 4665 experientia
2650 4596 2877 4652 militari
2937 4609 3063 4649 cum
3119 4593 3519 4649 laudatissimis

1942 4696 2253 4767 quibusque
2287 4691 2661 4745 Romanorum
2700 4684 3039 4757 certabant),
3075 4686 3291 4740 tandem
3311 4684 3514 4741 Canta-

1941 4800 2186 4843 euzeuus
2216 4783 2295 4838 sic
2329 4781 2495 4851 carpit
2518 4799 2532 4836 :

1708 4906 1933 4967 CAPUT
1973 4907 2063 4962 ιιι.

229 5006 610 5065 Εειηαεαιεηὶ
666 5003 736 5056 ad
780 4998 1131 5073 Syrgiauuem
1174 5002 1383 5073 oratio.
1451 5001 1601 5073 Dolet
1630 5001 1693 5055 de
1757 5017 1813 5054 re
1857 5009 1965 5052 tam
2008 4994 2229 5073 ancipiti
2268 4992 2980 5073 ct.periculosajdiceudam
3017 4993 3374 5073 sententiam;
3419 5006 3515 5073 ue-

289 5062 470 5151 Milia
508 5075 712 5151 laudat
736 5080 787 5151 e_t
812 5062 1097 5151 miseratur
1115 5085 1134 5123 :
1157 5071 1398 5140 futuram
1427 5071 1813 5151 .calqmitatem
1856 5062 2209 5151 prwseutit'i
2229 5064 2783 5151 astringuntjustitiu:
2810 5080 2887 5151 si
2902 5062 3266 5151 Apru'iaturum
3323 5068 3517 5129 negat:

290 5131 636 5204 gubernium
667 5143 839 5212 potius
880 5140 1081 5211 aliquo,
1108 5131 1269 5209 quam
1299 5141 1487 5205 armis,
1518 5143 1656 5196 citra
1689 5131 1934 5195 ultimum
1968 5139 2354 5197 necessitatem,
2386 5131 2764 5186 decertandum
2797 5131 3059 5202 afﬁrmat.

295 5240 529 5296 Πολλῶν
602 5235 675 5288 ἂν
715 5232 1035 5305 ἠλλαξάμην
1080 5235 1450 5305 πραγμάτιον,
1491 5227 1538 5287 ὦ
1595 5233 1841 5302 βέλτιστε

228 5335 425 5404 φίλων,
457 5331 497 5401 ἢ
540 5326 758 5400 μᾶλλον
812 5324 909 5379 καὶ
958 5324 1129 5393 αὐτῆς
1184 5324 1283 5391 τῆς
1317 5324 1467 5394 ζωῆς
1507 5324 1607 5378 οὐκ
1647 5324 1831 5394 altrm

2020 5228 2187 5283 Multa
2214 5239 2339 5294 ego.
2366 5222 2671 5279 amicorum
2695 5224 2927 5293 optime,
2957 5223 3070 5278 imo
3095 5222 3381 5277 enimvero
3407 5234 3517 5273 non

1941 5339 2134 5397 parum
2162 5322 2231 5389 de
2263 5319 2475 5389 reliqua
2523 5320 2633 5374 vita
2681 5334 2802 5373 mea
2844 5324 3207 5387 praeoptarem
3237 5316 3516 5378 amittere,

1495 5440 1711 5504 Jacobi
1748 5424 2012 5504 Pontani
2055 5447 2249 5502 nota).

294 5556 410 5625 (L6)
467 5554 894 5625 Caratacus’enus
950 5554 1204 5625 cognatus
1256 5545 1589 5625 imperatorii
1619 5545 1834 5600 Andro-

230 5617 342 5680 ιιὶέο
368 5617 573 5695 juveni
610 5620 832 5695 (conatis
859 5627 906 5695 et
940 5617 1290 5673 amicissimus
1315 5617 1378 5668 ab
1408 5617 1621 5669 ineunte
1655 5626 1834 5695 relate.

230 5707 277 5751 et
335 5687 401 5751 οὗ
463 5687 684 5748 animi
745 5689 1030 5745 candorem
1098 5701 1497 5754 sermonumque
1565 5687 1837 5740 veritatem

1945 5555 1994 5600 et
2058 5562 2260 5600 morum
2330 5541 2750 5598 commoditatem
2827 5535 3189 5591 charissimua.
3250 5532 3521 5602 Gregoras

1948 5617 2044 5672 lib.
2093 5631 2212 5672 vm.

1948 5621 2044 5673 lib.
2093 5631 2212 5677 vm.
