4038 6212
296 298 373 361 73

1442 337 1452 347 .
1484 287 2025 350 HISTORIABUM
2070 288 2299 349 LIBER
2334 289 2377 349 Ι.
3485 286 3555 347 74

296 406 489 476 λήλοις
529 400 871 471 συγγενικῶν
907 400 1160 471 αἱμάτων
1186 400 1571 472 ἐμπλησθῆναι
1604 404 1699 456 καὶ
1732 400 1875 471 φιλι-

1992 402 2127 455 ιοιίο
2154 401 2482 455 seditionem
2524 401 2579 454 in
2632 398 2865 470 imperio
2897 399 3258 462 exorituram,
3285 415 3447 462 arma
3470 418 3557 457 ar-

298 496 584 564 xth;K¢\
617 495 693 548 ὶῶ
720 494 1015 566 λεηλασίας
1044 495 1142 551 καὶ
1171 497 1515 566 πραγμάτων
1544 497 1772 566 φθοράς,
1815 497 1876 548 ἐν

299 585 394 654 αἷς
428 587 835 659 διαφθεροῦμεν
868 587 968 653 τὴν
1010 587 1218 642 οίκείαν
1255 588 1332 650 ὡς
1370 587 1656 658 πολεμίαν.
1692 583 1878 641 Τίοῦν

298 681 371 732 ἄν
396 694 485 740 τις
542 674 896 746 βουλεύσαιτο
947 676 1084 747 πρὸς
1145 677 1418 747 τοσαύτην
1458 677 1878 732 ἀνακύπτουσαν

298 771 547 842 βλάστην
576 768 798 836 κακῶνς
825 768 900 823 Τὸ
926 769 1024 838 μὲν
1053 771 1164 841 γάρ
1194 769 1288 823 τὸν
1316 772 1436 824 νέον
1459 770 1686 840 βασιλέα
1723 786 1877 839 περι.

298 866 439 918 ιδεϊν
484 861 657 923 οὕτως
718 861 779 926 ἐξ
835 861 1095 931 οὐδεμιᾶς
1144 861 1326 925 αίτίας
1358 860 1879 933 προπηλακισθέντα

296 957 398 1010 καὶ
420 955 521 1024 τὴν
549 950 844 1021 βασιλείαν
875 938 1264 1023 ἀφαιρεθέντα,
1298 952 1429 1013 ἴσως
1452 953 1507 1006 δὲ
1543 953 1635 1009 καὶ
1665 952 1791 1023 περὶ
1812 953 1878 1004 τὸ

294 1051 403 1121 ζῇν
441 1046 884 1107 κινδυνεύσοντα,
910 1043 1066 1098 οὐδὲν
1099 1045 1289 1115 ἔμοιγε
1321 1041 1484 1116 ἦττον
1518 1045 1774 1101 θανάτου.
1805 1044 1878 1099 Τὸ

290 1141 341 1195 δ’
373 1135 441 1193 αὖ
472 1138 640 1192 πάλιν
664 1136 771 1205 πρὸ
792 1135 890 1188 τοῦ
914 1135 1288 1206 προσήκοντος
1319 1136 1513 1205 χρόνου
1550 1135 1687 1206 πρὸς
1720 1135 1881 1188 πόλε-

298 1251 403 1303 μον
458 1231 718 1299 ἑτοίμους
750 1228 1013 1297 ὀφθῆναι,
1072 1229 1148 1291 ὡς
1180 1228 1360 1281 δοκεῖν
1399 1230 1494 1280 καὶ
1536 1230 1650 1291 τοῖς
1680 1228 1879 1294 ἔξωθεν

293 1326 497 1386 αὐτοὺς
544 1324 699 1392 ἡμᾶς
761 1320 1078 1389 ἐξεπίτηδες
1137 1319 1232 1371 τὸν
1290 1317 1531 1389 βασιλέα
1584 1320 1879 1390 παρορμᾷν

296 1418 435 1486 πρὸς
481 1412 830 1468 ἀποστασίαν
881 1410 979 1464 τοῦ
1013 1411 1243 1467 πάππου
1280 1412 1373 1464 καὶ
1398 1410 1687 1479 βασιλέως,
1715 1412 1881 1464 ἀϐου-

294 1510 418 1572 λίας
445 1503 592 1560 εἷναί
627 1523 721 1575 μοι
753 1505 906 1558 δοκεῖ
931 1503 1031 1573 τῆς
1058 1503 1314 1573 ἐσχάτης.
1358 1504 1517 1572 Ἐγὼῖ
1537 1508 1646 1575 γὰρ
1694 1503 1882 1558 τοσού-

297 1619 394 1655 του
426 1603 533 1655 δέω
557 1599 701 1670 πρὸς
736 1598 1082 1652 ἀποστασίαν
1111 1599 1207 1651 τοῦ
1234 1596 1501 1669 βασιλέως
1539 1598 1636 1651 τὸν
1658 1599 1881 1668 ἔγγονον

298 1694 467 1750 αὐτοῦ
495 1695 598 1747 καὶ
630 1691 863 1766 βασιλέα
890 1693 1240 1764 παρακινεῖν,
1264 1692 1429 1758 ὥστε,
1456 1691 1552 1745 καί
1580 1711 1663 1748 τοι
1691 1693 1884 1746 τοῦτον

202 1774 213 1784 ’
297 1789 451 1842 πάνυ
480 1785 679 1856 φιλῶν,
710 1785 806 1837 καὶ
840 1784 915 1846 ὥς
942 1784 1075 1854 ὁρᾷς
1098 1783 1320 1853 ἕτοιμος
1350 1784 1428 1837 ὢν
1457 1784 1550 1838 καὶ
1581 1785 1682 1855 τὴν
1703 1784 1881 1856 ψυχὴν

294 1880 475 1949 αὐτὴν
501 1875 650 1948 ὑπὲρ
676 1875 847 1932 αὐτοῦ
885 1876 1175 1947 προέσθαι,
1211 1873 1275 1930 εὖ
1303 1875 1419 1930 ίσθι
1450 1877 1661 1946 σαφῶς,
1690 1877 1791 1930 οὐκ
1816 1875 1883 1931 ἂν

293 1972 445 2042 αὐτῷ
480 1968 807 2040 συνέπραξα
838 1969 977 2039 πρὸς
1003 1968 1177 2035 οὐδὲν,
1212 1970 1267 2022 el’
1295 1986 1357 2037 γε
1385 1969 1483 2039 τῆς
1513 1968 1691 2040 ἀρχῆς
1715 1968 1884 2022 αὐτὸν

300 2062 495 2131 ἑώρων
554 2058 1008 2131 προθυμούμενον
1060 2060 1436 2131 ἀποστερῆσαι
1489 2061 1582 2113 τὸν
1657 2059 1886 2130 βασιλέα

312 2154 675 2225 χρησάμενον
722 2151 1006 2223 πλεονεξίᾳ
1060 2152 1156 2205 καὶ
1215 2152 1464 2223 ἁρπαγῇ.
1495 2147 1605 2207 Ἦν
1665 2155 1774 2222 γὰρ
1817 2151 1885 2206 ἂν

324 2249 537 2310 ἐκεῖνος
562 2246 667 2316 μὲν
692 2245 834 2299 οὐδὲν
855 2244 1135 2316 διαφέρων
1169 2243 1559 2316 ’Δσεσσαλὼμ,
1594 2244 1886 2315 ’Δχιτόφελ

324 2339 373 2392 δ’
396 2338 526 2407 ἐγώ.
559 2336 858 2407 Τοιγαροῦν
887 2337 1323 2410 ἐπειδήπερείς
1363 2336 1625 2409 τοιαύτην
1654 2336 1891 2406 συνηλά-

318 2432 492 2502 θημεν
523 2431 779 2499 ἀνάγκην
837 2431 1210 2502 πραγμάτων,
1247 2431 1358 2483 δεῖν
1416 2426 1558 2483 εἶναι
1589 2428 1889 2499 νομίξωτδ

316 2522 484 2592 μέσον
499 2521 821 2591 ἑλομένους,
855 2521 1139 2590 ἑκατέρων
1166 2511 1503 2591 ἀποσχέσθαι
1532 2520 1640 2573 τῶν
1668 2520 1855 2593 ἄκρων
1873 2536 1889 2554 ·

309 2617 404 2669 καὶ
435 2616 565 2686 μήτ’
622 2615 851 2681 ἀμελῶς
883 2614 1024 2668 πάνυ
1069 2616 1162 2667 καὶ
1220 2615 1483 2686 ῥᾳθύμως
1537 2614 1769 2681 διάγειν,
1815 2613 1891 2679 ὡς

312 2707 540 2776 μηδενὸς
569 2706 1033 2777 προσδοκωμένου
1059 2706 1258 2774 δεινοῦ,
1295 2707 1422 2776 μήτ’
1452 2706 1520 2760 αὖ
1553 2706 1715 2760 πάλιν
1759 2709 1894 2759 άπε-

313 2801 630 2872 ρισκέπτως
671 2800 820 2853 οὕτω
858 2800 957 2855 καὶ
987 2798 1235 2871 θρασέως
1268 2800 1336 2853 τὰ
1379 2798 1642 2853 δοκοῦντα
1668 2799 1893 2870 ζσυμφέ-

311 2909 479 2962 pave:
514 2893 805 2962 πράττειν.
833 2892 1007 2946 Τοῦτο
1046 2890 1104 2943 δὲ
1134 2892 1336 2958 γένοιτ’
1367 2891 1455 2957 ἂν,
1494 2892 1630 2961 εἴγε
1662 2893 1761 2962 τὴν
1795 2891 1895 2963 μὲν

309 2984 774 3053 προσδοκωμένην
812 2983 991 3051 φλόγα
1037 2983 1146 3036 τῶν
1173 2985 1497 3054 πειρασμῶν
1560 2983 1893 3053 σϐεννύομεν

1980 493 2083 547 mis
2109 506 2446 549 concursura
2475 507 2490 546 :
2519 503 2685 561 atque
2717 491 2858 548 haud
2880 492 3041 546 aliter
3056 507 3218 561 quam
3239 508 3336 561 per
3355 509 3555 548 caecam

1978 594 2196 640 noctem
2248 596 2503 641 conserto
2554 586 2776 655 praelio,
2828 585 3154 655 sublatoque
3197 585 3252 640 in
3314 585 3558 642 tenebris

1979 678 2323 740 discrimine,
2386 687 2637 732 mutuum
2698 680 3004 739 invasuros.
3060 694 3125 733 ex
3197 689 3558 749 cognatorum

1979 772 2394 841 amicorumque
2428 770 2896 826 trucidationibus
2936 773 3109 826 multo
3145 773 3409 842 sanguine
3436 787 3557 827 sese

1979 863 2368 920 cruentantes?
2401 863 2551 918 Mitto
2574 864 3000 934 direptiones-ac
3022 866 3324 928 vastitates,
3356 866 3561 935 quibus
3636 874 3639 877 '

1980 953 2317 1023 provinciam
2356 964 2598 1007 nostram
2632 953 2858 1021 perinde
2893 961 2953 1007 ut
2982 953 3239 1008 hostilem
3278 954 3560 1023 regionem

1981 1046 2430 1101 dei‘ormabimus.
2501 1045 2642 1112 Quid
2706 1061 2837 1115 ergo
2890 1049 3155 1100 adversus
3208 1056 3558 1102 enascentcm

1984 1147 2090 1191 tam
2126 1138 2419 1193 multorum
2458 1139 2930 1194 incommodorum
2955 1140 3308 1210 propaginem
3329 1141 3561 1196 remedii

1980 1230 2453 1300 exc0gitabimus?
2506 1232 2635 1286 Mihi
2664 1248 2795 1285 sane
2842 1232 3119 1303 iuniorem
3169 1234 3559 1303 imperatorem

1983 1322 2129 1375 nulla
2166 1339 2263 1377 sua
2296 1325 2453 1393 culpa
2491 1336 2599 1380 tam
2623 1325 2992 1396 ignominiose
3018 1326 3291 1392 habitum,
3326 1335 3385 1381 et
3435 1343 3561 1381 cum

1983 1413 2219 1483 imperio
2255 1418 2417 1470 vitam
2449 1432 2670 1487 quoque
2722 1418 2898 1488 ipsnm
2947 1418 3176 1472 fortasse
3226 1419 3560 1473 amissurum

1982 1506 2276 1575 negligere,
2311 1509 2504 1563 mortis
2538 1509 2713 1564 instar
2746 1519 2851 1564 est.
2880 1510 3120 1565 Rursum
3174 1522 3303 1564 ante
3349 1518 3567 1579 tempus

1984 1595 2050 1650 ad
2079 1595 2283 1651 bellum
2305 1608 2651 1667 comparatos
2676 1614 2964 1670 apparere,
2996 1610 3053 1654 ut
3084 1599 3152 1653 ab
3180 1600 3384 1655 exteris
3425 1615 3567 1670 quo-

1983 1703 2092 1759 que
2123 1688 2192 1742 de
2222 1700 2507 1759 compacto
2531 1700 2789 1760 nepotem
2831 1692 2899 1746 ad
2945 1691 3311 1747 defectionem
3354 1691 3423 1746 ab
3461 1707 3567 1746 avo

1981 1780 2280 1835 sollicitare
2309 1781 2712 1849 existimemur,
2740 1782 2795 1836 id
2817 1797 2918 1854 ego
2938 1784 2994 1839 in
3015 1799 3230 1839 summa
3258 1785 3569 1840 temeritate

1984 1889 2256 1930 numero:
2302 1884 2359 1931 et
2414 1876 2481 1931 ab
2555 1891 2621 1932 ea
2692 1886 2879 1932 mente
2943 1886 3155 1933 tantum
3225 1879 3418 1934 absum
3480 1889 3566 1939 ut,

1986 1963 2240 2035 quamvis
2295 1966 2701 2021 adolescentem
2761 1966 2919 2023 valde
2971 1982 3152 2023 amem
3224 1967 3569 2037 cbarumque

1987 2055 2244 2121 habeam,
2278 2065 2334 2112 et
2368 2064 2425 2111 ιιι
2454 2057 2628 2121 vides,
2654 2059 2837 2128 ipsum
2882 2058 3111 2128 insuper
3140 2074 3344 2128 corpus
3382 2072 3567 2115 meum

1986 2147 2109 2218 ejus
2172 2136 2337 2203 causa
2384 2147 2656 2219 projicere
2715 2164 2827 2204 non
2876 2163 3148 2214 recusem,
3207 2157 3389 2207 tamen
3447 2148 3571 2220 (pro

1989 2247 2141 2293 certo
2169 2238 2364 2294 credas
2387 2239 2575 2310 velim)
2609 2255 2719 2295 non
2765 2239 2818 2295 ei
2865 2255 2952 2296 me
3004 2241 3216 2310 uspiam
3260 2242 3569 2312 adiutorem

1991 2342 2058 2383 ac
2113 2328 2324 2383 socium
2378 2328 2723 2399 praeberem,
2778 2329 2823 2384 si
2876 2329 2943 2385 ad
3017 2347 3179 2386 avum
3252 2332 3569 2402 principatu

1992 2434 2090 2490 per
2142 2419 2428 2474 avaritiam
2459 2427 2515 2474 et
2546 2420 2768 2489 rapinas
2813 2420 3205 2491 depellendum
3247 2422 3572 2480 incumbere

1993 2512 2511 2567 animadverterem.
2573 2511 2664 2566 Sic
2709 2512 2855 2567 enim
2902 2513 3018 2582 ipse
3071 2513 3418 2580 Absaloncm,
3468 2530 3571 2586 ego

1994 2604 2412 2674 Acbitophelem
2444 2604 2732 2660 induerem
2761 2604 2799 2659 ¹.
2837 2605 3108 2672 Quoniam
3140 2605 3388 2677 igiturin
3411 2608 3573 2661 istam

1995 2693 2376 2749 necessitatem
2430 2694 2770 2757 devenimus,
2844 2694 2913 2749 ad
2991 2694 3233 2751 cilicium
3290 2699 3574 2766 pertinere

1990 2786 2202 2858 judico,
2252 2786 2437 2841 vitatis
2495 2788 2779 2853 extremis,
2812 2788 2865 2843 in
2904 2788 3087 2845 medio
3145 2790 3574 2848 consisterezet

1995 2894 2176 2949 neque
2239 2879 2504 2935 dissolute
2567 2880 2866 2935 admodum
2955 2897 3020 2936 ac
3078 2881 3352 2939 desidiose
3405 2886 3573 2939 vitam

1998 2968 2258 3036 transire,
2326 2971 2492 3040 quasi"
2540 2971 2677 3025 nihil
2747 2987 2913 3045 gravo
2971 2972 3379 3029 formidandum
3433 2976 3508 3030 sit
3556 2996 3572 3033 :

306 3079 410 3148 ὅση
436 3078 693 3159 δύναμις,
726 3078 940 3131 συνέσει
994 3077 1265 3149 χρίῦμενοι
1300 3077 1395 3130 καὶ
1440 3076 1735 3147 εὐϐουλίαν
1800 3076 1892 3129 τὸν
1922 3082 1964 3140 c
1999 3078 2178 3159 “caue
2246 3064 2317 3117 “3
2391 3066 2797 3159 ίοοοιξδίξιέτδιθ
2863 3076 2918 3123 ει
2980 3066 3244 3123 audam“
3324 3070 3575 3139 Ρτονίεθε

312 3172 437 3224 νέον
494 3171 552 3224 δὲ
591 3169 823 3240 βασιλέα
888 3169 1306 3240 καταστήσομεν
1365 3169 1425 3225 ὲν
1481 3170 1775 3241 ἀσφαλείᾳ,
1818 3169 1893 3235 ὼς

312 3242 525 3333 μτδένα
559 3263 807 3316 κίνδυνον
836 3262 1163 3333 ὑφορᾶσθαι,
1193 3263 1259 3315 ἂν
1285 3263 1384 3331 τῆς
1413 3262 1705 3334 θαλάσσης
1734 3264 1897 3316 ἐκτα-

312 3353 616 3427 ραχθείσης
657 3353 722 3407 τδ
751 3353 1046 3407 κλυδώνιον
1094 3352 1396 3426 ὑπερζέσῃ.
1429 3355 1492 3407 Εί
1538 3355 1649 3424 μὲν
1675 3351 1771 3409 οὖν
1796 3356 1897 3418 τὰς

308 3448 593 3517 ἡμετέρας
635 3463 694 3498 τε
732 3445 830 3499 καὶ
858 3446 1077 3499 πάντων
1108 3441 1396 3516 Ῥωμαίων
1425 3447 1704 3519 ἁμαρτίας
1729 3448 1830 3501 ύπε
1842 3465 1898 3519 ρ-

313 3537 449 3593 ιῦὼν
475 3541 503 3590 ὀ
541 3538 671 3602 Θεὸς
701 3536 908 3592 ἄνωθεν
957 3536 1287 3590 κατασϐέσει
1327 3537 1428 3605 τὴν
1484 3554 1562 3608 πρ
1591 3539 1901 3609 οσδοκωμέ-

313 3649 422 3700 νην
451 3632 629 3699 φλόγα
659 3630 770 3682 τῶν
824 3628 1172 3699 πειρασμῶν,
1216 3630 1317 3699 τὴν
1348 3628 1580 3696 καρδίαν
1622 3631 1719 3684 τοῦ
1749 3634 1902 3703 βασι-

318 3724 464 3785 λέως
495 3722 712 3775 εὐθεῖαν
734 3718 1192 3789 ἀπεργασάμενος
1218 3719 1357 3790 πρὸς
1384 3719 1611 3788 βασιλέα
1635 3721 1727 3773 τὸν
1755 3722 1896 3786 νέον,

319 3815 527 3885 συχνὰς
554 3813 708 3883 αὐτῷ
730 3812 1004 3884 προσήκει
1039 3812 1269 3885 χάριτας
1296 3813 1582 3884 ὁμολογεῖν
1609 3814 1901 3886 ῥυσαμένῳ

320 3910 436 3961 τῶν
468 3905 887 3977 συμφορῶν.Ἐί
918 3905 965 3958 δ’
1004 3901 1095 3972 αὖ,
1132 3906 1160 3958 ὃ
1193 3906 1268 3976 μὴ
1301 3905 1537 3975 γένοιτο,
1568 3905 1655 3960 ἴνα
1690 3889 1900 3962 πολλῶν

321 3998 516 4052 κακῶν
546 3999 747 4066 πεῖραν
779 3997 1038 4068 Ῥωμαῖοι
1068 3995 1331 4061 λάϐωσιν,
1364 3999 1399 4070 ἡ
1429 3998 1577 4070 ψυχὴ
1620 3998 1896 4070 σκληρυν-

322 4091 483 4143 θεῖσα
510 4089 608 4142 τοῦ
668 4087 938 4159 βασιλέως
967 4088 1270 4159 ἀνήκεστόν
1295 4106 1350 4142 τι
1382 4088 1737 4161 βουλεύσεται
1773 4092 1903 4164 περὶ

322 4185 423 4237 τοῦ
481 4184 750 4251 ὲγγόνου,
822 4183 931 4236 τότ’
993 4184 1096 4254 ἤδη
1159 4185 1226 4255 τῇ
1285 4183 1901 4255 προκατασκευασθείσῃ

323 4276 604 4347 ἀσσαλείᾳ
658 4274 751 4328 τὸν
809 4275 929 4329 νέον
978 4275 1198 4345 θέμενοι
1234 4275 1483 4346 βασιλέα,
1532 4274 1678 4329 οὕτω
1717 4276 1901 4346 χωρή-

324 4385 500 4438 σομεν
529 4367 669 4437 πρὸς
709 4366 770 4419 τὸ
812 4368 1101 4435 πράττειν,
1134 4370 1228 4420 τὸν
1271 4366 1404 4421 Θεὸν
1455 4367 1902 4438 προστησάμενοι

2000 3152 2261 3208 utilitates
2291 3155 2569 3226 persequi.
2602 3156 2660 3210 id
2708 3172 3129 3227 consequemur,
3175 3162 3219 3216 si
3265 3161 3576 3218 imminenti

1999 3246 2364 3300 tentationum
2426 3245 2659 3303 flamma:
2692 3248 2907 3304 consilii
2958 3252 3274 3320 prudentia,
3306 3265 3575 3324 quantum

1996 3336 2052 3391 in
2088 3337 2247 3393 nobis
2291 3349 2395 3406 est,
2448 3341 2879 3410 occurrerimus,
2929 3343 3299 3414 juvenemque
3345 3346 3580 3416 impera-

1999 3436 2176 3485 torem
2210 3429 2264 3484 in
2299 3433 2596 3502 tranquillo
2622 3448 2686 3488 ac
2724 3444 2841 3490 tuto
2872 3446 3033 3506 portu
3072 3438 3525 3494 constituerimus
3560 3456 3574 3492 :

2000 3529 2080 3585 ut,
2100 3523 2353 3591 quamvis
2398 3522 2598 3578 iratum
2650 3525 2879 3593 pelagus
2918 3536 3100 3581 vastos
3132 3527 3201 3581 ad
3246 3527 3434 3583 littora
3473 3529 3576 3599 17

1998 3610 2203 3669 ﬂuctus
2231 3615 2486 3679 volverit,
2518 3616 2637 3686 ipse
2667 3619 2938 3688 cujusque
2982 3620 3209 3688 periculi
3252 3621 3448 3677 timore
3487 3637 3580 3674 va-

1999 3716 2104 3763 cet.
2144 3707 2301 3774 Quod
2331 3710 2376 3765 si
2402 3711 2548 3764 Deus
2572 3719 2758 3765 nostra
2794 3711 3278 3781 Romanorumque
3329 3713 3577 3768 omnium

2000 3800 2234 3855 admissa
2295 3800 2606 3871 despiciens
2652 3801 2762 3870 (5‘).)
2815 3816 2880 3856 ac
2937 3800 3311 3869 dissimulans,
3383 3805 3578 3860 formi-

2001 3890 2189 3945 datum
2232 3892 2335 3947 hoc
2364 3892 2635 3946 malorum
2678 3892 2989 3948 incendium
3043 3895 3263 3950 coalitus
3303 3912 3582 3966 compres-

2003 3982 2175 4048 serit;
2205 3981 2272 4047 si,
2309 3981 2557 4052 inquam.
2585 3998 2682 4037 cor
2712 3983 2860 4037 senis
2894 3998 3024 4055 erga
3056 3994 3311 4054 nepotem
3362 3996 3577 4042 rectum
3654 4030 3661 4037 .

2002 4080 2059 4128 et
2084 4072 2330 4128 sedatum
2360 4073 2698 4143 praestiterit,
2731 4073 2957 4130 crebras
2993 4076 3043 4131 ei
3077 4077 3278 4145 gratias
3304 4093 3402 4147 pro
3439 4079 3585 4132 cala-

2004 4165 2257 4220 mitatum
2312 4164 2629 4221 amolitione
2675 4165 3020 4222 debebimus.
3054 4168 3150 4223 Sin
3192 4178 3382 4223 contra
3412 4170 3579 4241 (quod

2007 4259 2150 4314 idem
2193 4258 2339 4313 Deus
2370 4256 2823 4327 averruncet),ad
2867 4260 3142 4315 Romanos
3193 4263 3383 4316 multis
3428 4263 3584 4318 lllttlls

1978 4351 2322 4406 tatterendos
2357 4351 2579 4406 animus
2626 4351 2747 4420 ejus
2797 4350 3145 4416 obduruerit,
3186 4361 3242 4407 et
3290 4354 3584 4409 immanius

327 4424 593 4531 μάρτυρα
614 4424 715 4528 της
740 4424 976 4524 ἀδικίας,
1009 4424 1103 4512 καί⁹
1143 4459 1254 4514 τῶν
1279 4424 1681 4533 πραττομένων
1715 4424 1890 4525 ιὲετα-

2010 4441 2067 4496 in
2098 4449 2353 4511 nepotem
2393 4441 2751 4507 consuluerit,
2789 4451 2903 4496 tum
2938 4443 3048 4512 jam
3077 4458 3145 4498 eo
3186 4445 3238 4498 in
3279 4455 3585 4516 praeparata

326 4557 487 4625 στήν.

404 4851 423 4881 ⁸
457 4849 501 4904 ll
539 4844 674 4918 iteg.
708 4862 775 4902 xv
802 4856 854 4902 et
887 4863 1043 4920 seqq.

2012 4531 2122 4588 loci
2149 4533 2443 4587 securitate
2467 4531 2755 4595 collocato,
2781 4531 3028 4587 divinum
3054 4548 3255 4588 numen
3286 4533 3586 4604 impietatis
3646 4571 3655 4579 ο

2017 4628 2342 4701 injuriaeque
2398 4636 2615 4691 testem,
2684 4624 3067 4696 factorumque
3115 4625 3473 4696 interpretem
3530 4634 3587 4681 et

2014 4721 2254 4794 iudicem
2285 4719 2446 4775 nobis
2474 4725 2862 4791 proponeutes,
2894 4719 3047 4789 operi
3070 4719 3443 4789 accingamur.

1610 4941 1828 5004 Jacobi
1860 4942 2129 5004 Pontani
2162 4946 2351 5002 notas.

405 5066 521 5134 (δί)
561 5065 644 5121 Ad
674 5064 855 5119 locum
889 5064 1044 5121 Pauli
1067 5065 1281 5133 alludit,
1314 5066 1504 5123 Actor.
1537 5084 1671 5132 xvu,
1691 5069 1747 5123 in
1783 5084 1916 5124 con-

336 5138 497 5210 cione
554 5135 621 5210 ad
671 5136 1208 5210 AreopagitasA'l‘oiL;
1260 5137 1360 5206 μὲν
1405 5134 1498 5192 οὖν
1545 5139 1772 5210 χρονους
1816 5137 1916 5210 τὴς

2020 5078 2272 5126 testatem
2327 5068 2430 5125 sibi
2483 5065 2711 5122 concedi
2771 5072 3080 5135 petentem,
3141 5062 3205 5135 ᾚ
3238 5061 3349 5135 γὰρ
3394 5062 3590 5135 καρδία

2021 5157 2115 5193 σου
2163 5141 2265 5194 οὐκ
2322 5140 2472 5193 ἐστιν
2526 5138 2710 5190 εὐθεῖα
2763 5132 2996 5189 ἐνώπιον
3042 5132 3179 5188 Θεοῦ
3214 5151 3227 5163 ·
3298 5132 3401 5187 Cor
3451 5134 3588 5186 enim

340 5207 567 5282 ᾁγνοίας
596 5203 867 5282 ιἷρειτεριδὼν
953 5206 1106 5282 Θεόξ.
1143 5206 1211 5260 Et
1241 5203 1497 5282 {appara
1519 5203 1729 5278 quidem
1757 5203 1889 5282 hujt't

2021 5219 2169 5265 tuum
2217 5227 2323 5264 non
2368 5220 2443 5264 εει
2484 5217 2683 5282 rectum
2715 5223 2896 5282 εοῃιιη
2947 5204 3075 5258 Deo.
3112 5203 3232 5282 ῌριι
3283 5204 3429 5258 enim
3462 5218 3588 5281 εςιι-

342 5270 1003 5353 ἱέηοᾳιςαηιὶιε-ἰίεσρίςὶεηε
1046 5274 1205 5353 Deus.
1238 5270 1542 5353 subiungit
1574 5284 1784 5353 hoster,
1816 5270 1917 5347 τὴν
2023 5280 2212 5334 tentiis
2248 5280 2429 5353 modo
2476 5280 2702 5353 integris
2754 5277 3082 5353 divinarum
3119 5270 3466 5353 Litterarum
3503 5272 3589 5353 in-

343 5342 701 5416 καρδῐαψτοῦ
740 5342 1006 5414 βασιλέως
1037 5345 1252 5399 εὐθεῖαν
1300 5342 1782 5416 ἀπεργασάμενος,
1828 5342 1887 5400 co

2026 5352 2347 5414 nectendis,
2394 5349 2489 5403 sed
2538 5342 2704 5403 etiam
2756 5347 2919 5416 unico
2970 5343 3139 5398 verbo
3183 5342 3410 5416 _iisdem_
3455 5342 3590 5395 iusi-

342 5411 673 5493 imperatoris
717 5411 914 5493 rectum
959 5425 1249 5493 prajstaus,
1292 5411 1613 5493 ιιιήςιιίἱιιηι⁷
1648 5411 1827 5473 locum
1861 5419 1918 5472 in
2024 5420 2262 5493 nuandis
2314 5411 2729 5493 Cantacuzenus
2778 5414 2978 5493 gaudet
3004 5411 3200 5493 :ﬂquod
3257 5422 3351 5493 te,
3395 5412 3588 5493 lector,

347 5494 528 5562 ruente
560 5485 890 5562 ha_bp_it,qui
925 5481 1009 5538 est
1037 5486 1223 5562 Actor.
1245 5503 1361 5542 vm.
1390 5486 1482 5562 Sic
1511 5488 1656 5541 enim
1693 5498 1920 5553 sanctus
2029 5489 2120 5541 hic
2152 5490 2497 5562 potissimum
2526 5481 2802 5562 monitum
2818 5484 2985 5562 volui:
3018 5481 3160 5562 sane
3197 5482 3589 5553 peritissimum

350 5550 543 5629 Petrus
566 5555 632 5629 ad
666 5550 952 5629 Simonem
978 5593 992 5615 ,
1038 5555 1220 5610 oblata
1266 5557 1492 5625 pecunia
1527 5573 1624 5629 per
1654 5550 1916 5629 manuum
2026 5550 2194 5613 sacrit:
2220 5560 2517 5629 Scriptura:
2548 5558 2741 5619 fuisse,
2769 5564 2919 5609 extra
2956 5550 3328 5607 dubium'est.

351 5623 757 5690 impositionem
813 5623 1053 5694 Spiritus
1113 5623 1287 5681 sancti
1338 5623 1778 5682 communicandi
1815 5642 1916 5698 po-

633 5820 906 5879 ΡΑτιιοι..
956 5821 1075 5880 Gn.
1109 5821 1311 5881 CLIII.

2898 5762 2987 5792 .9.

3219 5819 3253 5877 3
