4038 6212
459 305 531 368 75
1298 334 1304 340 ·
1633 310 1955 373 ΞΟΑΝΝΙΞ
1993 308 2551 375 CANTACUZENI.
3635 315 3717 376 Ἷϐ

1924 424 2150 481 CAPUT
2189 424 2275 480 IV.

449 543 776 614 Eyrgianues
839 545 1024 614 magni
1085 545 1356 600 domestici
1398 545 1674 599 consilium
1713 543 1916 614 probat.
1963 542 2090 614 Dum
2122 545 2272 614 nrbes
2312 543 2387 614 ad
2427 543 2606 614 fugam
2666 543 2974 614 deliguntur
3029 561 3048 598 :

3115 544 3462 612 Christopolis
3519 546 3714 600 Adria-

519 611 698 697 nopoli
733 611 1038 697 prtcfertur.
1087 614 1493 697 Cantacuzenus
1556 611 1720 697 uxore
1783 611 2065 697 Calliolioli
2105 612 2292 697 relicta
2355 611 2669 697 By'sq'ntiuom
2733 611 2917 697 venith
2960 613 3254 697 Andronico
3303 611 3534 696 laniari.
3589 618 3718 697 quid

518 686 884 746 decreverint,
947 687 1216 738 renuntiat
1265 699 1283 737 :

517 754 834 822 Syrgiaunis
889 755 936 807 ei
1003 759 1358 808 commendat.

516 843 577 875 su
585 844 612 876 ιι
620 841 670 876 tu
707 825 956 878 ostendit.

1443 754 1774 809 Andronicus
1853 751 2094 805 consulta
2169 752 2508 822 amplectitur
2548 793 2564 819 ,

1341 685 1584 740 Alexium
1657 684 2070 754 Apocauchuin,
2117 684 2414 754 obscurum,
2475 684 2770 748 hominem,
2824 685 2917 738 sed
2985 686 3336 754 prudentem,
3377 685 3433 738 in
3479 689 3716 754 gratiam

2627 754 3228 825 magnanimitatemque
3297 764 3346 810 et
3403 756 3712 825 equitatem

522 940 816 1008 Postquam
849 955 1076 1010 magnus
1104 939 1439 994 domesticus
1465 939 1572 994 boc
1604 938 1841 994 maxime
1871 937 2014 992 mod<

2208 936 2365 992 Οὕτω
2394 937 2488 992 τοῦ
2510 939 2761 1008 ⁴μεγάλου
2786 938 3106 1009 δομεστίκου
3133 938 3536 1012 διαλεχθέντος,
3572 943 3715 996 πάν-

388 1041 390 1043 ·
444 1031 725 1095 disseruit,
760 1030 1093 1100 Syrgiaunes
1121 1030 1338 1093 eadem,
1375 1045 1498 1100 quae
1529 1030 1647 1100 ipse
1677 1046 1801 1085 cum
1847 1033 2032 1086 animo

444 1123 675 1192 agitaret
723 1123 990 1182 locutum,
1029 1136 1199 1191 seque
1233 1122 1515 1188 omnibus,
1544 1132 1604 1178 ut
1638 1124 1806 1193 probe
1846 1125 2030 1190 dictis,

444 1215 730 1298 astipulari
763 1215 1048 1270 confessus
1077 1227 1181 1271 est.
1207 1215 1314 1271 Sed
1342 1217 1524 1272 adhuc
1545 1217 1766 1286 paulum
1819 1218 2029 1287 requiri

442 1324 553 1376 quo
589 1307 768 1362 verbis
814 1306 1050 1362 ell'ectus
1094 1309 1424 1377 respondeat
1470 1328 1483 1364 :
1531 1311 2030 1381 quomodocunque

441 1400 590 1452 enim
626 1399 808 1452 locum
857 1399 1275 1463 inveniendum,
1329 1400 1421 1454 ubi
1447 1401 1797 1457 Andronicus
1837 1402 2032 1458 Junior

443 1500 563 1544 toto
607 1505 665 1544 se
697 1497 900 1543 teneat.
958 1491 1139 1558 Super
1183 1507 1293 1561 quo
1336 1495 1705 1548 communiter
1748 1495 2032 1564 inquiren-

445 1581 611 1638 tibus.
637 1580 817 1632 visum
865 1579 1158 1645 ambobus,
1191 1580 1421 1636 alterius
1477 1582 1678 1636 borum
1711 1583 1943 1638 solutam
1978 1587 2027 1639 ei

443 1672 721 1738 optionem
761 1687 886 1727 esse
923 1689 940 1727 :
993 1672 1108 1727 sive
1157 1682 1216 1727 ut
1248 1673 1626 1745 Adrianopoli,
1667 1677 1864 1746 amplae
1901 1679 2026 1734 urbi

443 1774 501 1818 et
537 1763 810 1832 frequenti
866 1764 979 1832 (53)
1010 1806 1024 1830 ,
1051 1773 1314 1833 praeterea
1361 1765 1597 1821 militare
1640 1780 1834 1836 agmen
1881 1767 2027 1822 baud

443 1856 722 1910 modicum
749 1856 996 1922 habenti,
1033 1871 1093 1912 se
1125 1857 1379 1912 crederet
1409 1874 1424 1912 :
1459 1873 1588 1912 cum
1623 1860 1930 1929 praesertim
1971 1871 2028 1915 et

445 1966 643 2018 parens
668 1951 788 2021 ejus
817 1950 1049 2006 Michael
1075 1951 1410 2020 imperator,
1441 1951 1555 2006 illic
1585 1953 1770 2021 potius
1813 1953 2026 2024 longiu-

443 2057 554 2110 quo
583 2050 828 2111 tempore
853 2040 1081 2110 degens,
1112 2042 1485 2111 plurimorum
1536 2045 1832 2098 amicitiam
1871 2044 2026 2099 fami-

443 2134 848 2204 liaritatemque
867 2135 1099 2205 adeptus
1120 2145 1285 2200 esset,
1309 2138 1401 2207 qui
1426 2153 1526 2205 pro
1545 2139 1663 2208 ejus
1685 2139 1797 2192 ﬁlio
1815 2154 2025 2194 summa

441 2227 723 2281 voluntate
745 2227 1059 2282 dimicaturi
1086 2228 1442 2284 viderentur:
1463 2230 1579 2284 sive
1596 2229 1639 2284 si
1667 2230 1714 2284 is
1740 2230 1895 2286 locus
1925 2232 2026 2285 mi-

439 2331 547 2370 nus
609 2318 854 2386 placeret
886 2316 1040 2387 (quia
1090 2325 1366 2373 metueret
1409 2333 1501 2382 ne,
1558 2318 1602 2374 si
1655 2333 1788 2372 avus
1838 2327 2022 2387 spreta

438 2410 646 2478 pietate
685 2409 1074 2472 exacerbatus,
1106 2410 1312 2464 bellum
1361 2426 1526 2480 quam
1577 2427 1765 2480 pacem
1812 2412 2019 2476 mallet,

439 2517 661 2557 manum
695 2503 932 2558 validam
966 2502 1444 2571 Constantinopoli
1476 2501 1545 2556 ad
1600 2517 1657 2556 se
1705 2518 2026 2573 oppugnan-

438 2598 571 2652 dum
624 2598 922 2660 emitteret,
989 2595 1137 2666 quod
1202 2605 1428 2666 propter
1472 2595 1810 2651 vicinitatem
1863 2596 2025 2652 facile

440 2689 667 2760 posset).
699 2688 1077 2757 Cliristopolin
1109 2702 1168 2742 se
1214 2685 1514 2752 conferret,
1558 2687 1822 2757 oppidum
1860 2687 2023 2742 simul

439 2791 635 2835 natura
671 2780 774 2834 loci
819 2788 876 2834 et
906 2779 1084 2832 muris
1135 2778 1352 2832 lirmum
1402 2793 1466 2832 ac
1520 2779 1832 2834 munitum:
1860 2780 2024 2834 simul

441 2873 588 2926 velut
623 2870 900 2940 quoddam
932 2870 1235 2926 claustrum
1267 2868 1324 2922 in
1367 2869 1546 2924 medio
1591 2870 1877 2940 utriusque
1931 2871 2024 2925 cli-

440 2964 622 3023 matis.
678 2960 1064 3016 Occidentales
1105 2960 1313 3029 copias.
1368 2959 1619 3028 quamvis
1667 2958 1915 3029 ingentes
1969 2969 2024 3014 et

439 3051 645 3119 praeliis
669 3051 1024 3112 assuefactus,
1057 3039 1162 3119 ιε
1179 3049 1248 3103 ab
1271 3050 1646 3104 Orientalibus
1667 3065 1730 3104 ac
1751 3049 2024 3105 Threiciis

437 3143 730 3197 secludens
761 3144 873 3212 (54)
923 3158 939 3196 :
977 3141 1166 3195 adhaec
1198 3140 1562 3205 maritimum,
1603 3149 1661 3195 et
1705 3139 1772 3193 ad
1820 3141 2021 3196 auxilia

435 3235 808 3304 undecunque
839 3250 871 3289 e
925 3235 1082 3288 mari=
1117 3234 1441 3302 accipienda
1481 3235 1594 3288 situ
1649 3237 2021 3291 commodum.

438 3326 528 3380 Sic
555 3328 775 3380 demum
838 3326 990 3381 ﬁnita
1051 3325 1472 3392 deliberatione,
1521 3327 1749 3397 valeque
1789 3329 2022 3384 invicem

436 3416 585 3470 dicto
605 3417 744 3485 (εδδ),
769 3417 1100 3486 Syrgiannes
1125 3417 1177 3470 in
1205 3416 1464 3484 Thracia,
1491 3418 1611 3488 ejus
1637 3420 2025 3476 administran-

435 3508 520 3562 dae
545 3522 711 3561 causa
744 3508 1004 3561 remansit
1031 3524 1044 3562 :
1073 3507 1490 3563 Cantacuzenus
1505 3509 2021 3583 Constantinopolin

2139 1047 2209 1085 τα
2241 1032 2342 1100 μὲν
2395 1030 2600 1101 ἔφησεν
2643 1033 2671 1084 ὁ
2721 1033 3063 1104 Συργιάννης
3096 1034 3234 1104 πρὸς
3283 1033 3512 1104 γνώμης
3555 1036 3714 1108 αύτῷ

2134 1123 2408 1193 είρῆσθαι,
2461 1127 2554 1178 καὶ
2590 1127 2757 1179 πᾶσιν
2791 1124 2866 1182 ὥς
2903 1125 3087 1189 καλῶς
3129 1125 3316 1196 έχουσι
3369 1132 3716 1197 συμφωνεῖν,

2135 1214 2274 1283 πλὴν
2301 1215 2482 1283 ὀλίγου
2509 1218 2657 1280 τινος
2689 1218 2857 1271 ἐνδεῖν
2882 1219 2964 1270 ἔτι
2986 1219 3112 1281 τοὺς
3141 1218 3335 1287 λόγους
3361 1219 3541 1275 ιλθεῖν
3569 1222 3714 1292 πρὸς

2132 1304 2328 1373 πέρας.
2363 1307 2454 1358 Δεῖ
2497 1306 2606 1376 γὰρ
2640 1308 2887 1376 ἐξευρεῖν
2917 1309 3069 1372 ὃπως
3102 1310 3234 1364 ποτὲ
3265 1311 3360 1364 καὶ
3394 1311 3516 1381 ἥτις
3548 1313 3714 1366 ἔσται.

2131 1395 2164 1464 ἡ
2203 1395 2297 1448 τού
2339 1395 2606 1474 βασιλέως
2639 1398 2932 1467 ἀσφάλεια.
2980 1403 3152 1472 Κοινῇ
3205 1401 3262 1455 δὲ
3310 1402 3719 1473 συνδιασκεψα-

2134 1487 2318 1554 μένοις
2346 1487 2478 1556 περὶ
2509 1489 2724 1550 τούτου,
2759 1488 2940 1553 ἔδοξεν
2973 1491 3306 1561 ἀμφοτέροις
3332 1491 3546 1563 αἵρεσιν
3565 1510 3709 1564 προ-

2133 1577 2305 1632 θεῖναι
2336 1580 2413 1648 τῷ
2454 1581 2559 1650 νέῳ
2612 1580 2828 1652 βασιλεί
2853 1581 2963 1636 τῶν
2993 1581 3086 1636 δύο
3138 1583 3367 1638 τουτωνὶ
3397 1584 3587 1656 ἐτέρου
3609 1601 3625 1616 ’
3668 1586 3704 1656 ἢ

2131 1672 2267 1740 πρὸς
2299 1672 2397 1742 τὴν
2440 1673 2718 1744 Ἀδριανοῦ
2757 1675 3062 1744 μεταϐῆναι
3107 1675 3286 1737 πόλιν,
3319 1675 3415 1730 ἅτε
3453 1676 3706 1746 μεγάλην

2129 1759 2293 1817 οὖσαν
2321 1763 2416 1817 καὶ
2451 1762 2898 1834 πολυάνθρωπον,
2934 1767 3028 1818 καὶ
3055 1766 3316 1836 στρατιὰν
3338 1766 3439 1820 οὐκ
3468 1767 3706 1821 auxera-

2116 1854 2398 1924 ,φρόνητον
2444 1853 2679 1924 ἔχουσαν
2743 1855 3039 1926 ἱδρυμένην
3091 1858 3150 1911 έν
3191 1856 3400 1927 ἑαυτῇ.
3449 1856 3626 1918 ἄλλως
3656 1856 3704 1911 θ.

2127 1947 2210 1998 ὅτι
2244 1948 2337 2000 καὶ
2369 1946 2464 2000 τοῦ
2497 1947 2765 2015 βασιλέως
2783 1947 3007 2017 Μιχαὴλ
3041 1946 3137 2000 τοῦ
3171 1948 3375 2019 πατρὸς
3405 1949 3553 2018 αὐτῷ
3585 1949 3702 2019 (56)

2128 2036 2320 2106 χρόνον
2354 2040 2470 2091 ἐκεῖ
2491 2038 2871 2108 διατρίψαντος
2893 2038 3042 2109 μάλα
3069 2039 3286 2110 συχνὸν,
3314 2038 3500 2092 πολλοὶ
3525 2056 3702 2110 προσ-

2127 2130 2377 2197 εγένοντο
2427 2131 2576 2200 αύτῷ
2625 2132 2816 2184 οἰκεῖοι
2847 2130 2945 2184 καὶ
2980 2130 3128 2199 φίλοι
3171 2131 3268 2186 καὶ
3307 2131 3700 2204 postumum;

2131 2224 2277 2291 μάλα
2311 2222 2613 2294 προθύμως
2641 2224 2784 2286 ὑπὲρ
2838 2225 2934 2278 τοῦ
2982 2223 3172 2287 παιδὸς
3202 2223 3369 2280 αὑτοῦ
3428 2224 3702 2279 διακινδυ-

2125 2315 2406 2387 νεύεινοῆ
2445 2318 2493 2370 εί
2548 2317 2624 2388 μὴ
2663 2317 2821 2370 τοῦτο
2876 2317 3122 2388 βούλοιτο
3172 2317 3381 2385 (δεδιὼς
3439 2319 3516 2383 ὡς
3542 2319 3592 2372 εί
3617 2320 3701 2390 μὴ

2125 2408 2262 2476 πρὸς
2286 2407 2592 2478 συμϐάσεις
2615 2411 2642 2462 ὁ
2683 2410 2938 2480 βασιλεὺς
2968 2413 3064 2466 καὶ
3101 2412 3329 2476 πάππος
3362 2411 3530 2481 αὐτῷ,
3562 2413 3699 2466 ἀλλὰ

2123 2501 2262 2572 πρὸς
2299 2503 2535 2572 πόλεμον
2567 2504 2772 2574 μᾶλλον
2798 2506 2940 2576 ὑπὲρ
2989 2505 3050 2559 τὸ
3079 2505 3196 2560 δέον
3229 2507 3474 2578 χωρήσει
3525 2524 3703 2575 παρο-

2129 2593 2362 2662 ξυνθεὶς,
2405 2596 2602 2667 ῥαδίως
2661 2599 2880 2668 σχήσων
2922 2598 3183 2670 στρατιὰς
3238 2599 3441 2670 συχνὰς
3491 2599 3705 2670 ὲκπέμει
3785 2632 3794 2640 ι

2122 2703 2249 2738 πειν
2285 2690 2423 2756 πρὸς
2455 2689 2659 2760 μάχην,
2708 2685 2801 2744 οἷα
2843 2690 2908 2760 δὴ
2955 2691 3182 2761 πλησίον
3211 2690 3380 2760 οὔσης
3413 2691 3514 2761 τῆς
3541 2693 3706 2747 Κων-

2127 2786 2457 2852 σταντίνου),
2504 2784 2641 2853 πρὸς
2669 2783 2730 2837 τὸ
2781 2784 2880 2853 τῆς
2939 2784 3401 2854 Χριστουπόλεως
3437 2785 3702 2856 φρούριον

2123 2872 2417 2941 ἀφικέσθαι
2437 2887 2452 2902 ο
2485 2871 2604 2942 ἅμα
2631 2873 2729 2943 μὲν
2768 2874 2844 2938 ὡς
2869 2873 2927 2927 ὃν
2974 2875 3247 2946 καρτερδν
3280 2875 3345 2928 ἐκ
3366 2893 3425 2929 τε
3455 2877 3555 2947 τῆς
3594 2878 3704 2947 φύ-

2125 2984 2262 3028 σεως
2290 2965 2390 3034 τῆς
2439 2965 2811 3035 κατασκευῆς,
2839 2964 3002 3018 τοῦτό
3033 2983 3138 3020 που
3189 2966 3283 3020 καὶ
3315 2968 3426 3020 τῶν
3473 2969 3700 3038 τειχῶν,

2124 3061 2240 3130 ἅμα
2273 3059 2318 3112 δ’
2349 3059 2435 3112 ὅτι
2462 3059 2555 3111 καὶ
2578 3057 2772 3128 ὥσπερ
2810 3057 2916 3112 εἴτι
2943 3059 3190 3129 κλεῖθρον
3222 3063 3404 3113 κεῖται
3433 3061 3541 3115 τῶν
3573 3063 3702 3116 κλι-

2125 3152 2312 3222 μάτων
2340 3150 2621 3221 ἑκατέρων
2651 3150 2839 3222 μέσον,
2868 3152 2968 3222 τὴν
2997 3151 3224 3221 δυτικὴν
3263 3150 3702 3223 στρατιὰν’πολ-

2121 3247 2220 3317 λήν
2247 3263 2372 3299 τινα
2427 3244 2595 3299 οὖσαν
2648 3244 2746 3298 καὶ
2777 3244 2914 3313 πρὸς
2945 3244 3128 3316 μάχας
3164 3245 3550 3316 ἐξησκημένην
3595 3249 3698 3319 της

2123 3340 2186 3391 ὲκ
2217 3338 2315 3408 τῆς
2340 3338 2416 3391 ἕω
2449 3337 2545 3391 καὶ
2576 3338 2675 3408 τῆς
2736 3337 2963 3409 Θρᾴκης
3011 3338 3249 3408 διεῖργον
3271 3356 3287 3370 ·
3336 3337 3432 3391 καὶ
3485 3338 3694 3409 τρίτον,

2121 3435 2205 3487 ὅτι
2256 3432 2523 3502 παράλιον
2549 3431 2631 3496 ὃν,
2663 3433 2756 3486 καὶ
2790 3433 2888 3501 τὴν
2923 3434 2987 3485 ὲκ
3027 3432 3298 3502 θαλάττης
3331 3409 3695 3503 ὀθενδῆποθεν

2123 3522 2393 3591 εὐκαίρως
2427 3522 2493 3575 ἃν
2551 3519 2888 3591 παράσχοιτο
2922 3519 3269 3591 συμμαχίαν.
3315 3518 3485 3572 Τοῦτο
3511 3518 3692 3588 πέρας

435 3600 543 3653 iter
577 3599 836 3665 intendit,
866 3614 1034 3654 uxore
1065 3599 1353 3671 Calliopoli
1384 3602 1598 3671 relicta,
1628 3605 1689 3659 in
1720 3621 1830 3675 qua
1875 3607 2012 3662 urbe

2118 3613 2428 3682 ἐπιθέμενοι
2451 3614 2516 3681 τῇ
2553 3610 2740 3681 βουλῇ,
2802 3610 3057 3678 ἀλλήλοις
3110 3625 3169 3661 τε
3203 3605 3620 3676 συνταξάμενοι,
3659 3608 3690 3658 ὁ

436 3699 497 3742 ιιι
525 3691 822 3758 plurimum
853 3692 1334 3758 commorabatur;
1365 3696 1563 3764 partim
1593 3697 1741 3766 quod
1786 3713 1850 3751 ea
1887 3714 2014 3768 pro-

2124 3706 2226 3773 μὲν
2249 3703 2464 3772 ἔμεινεν
2502 3703 2560 3755 ὲν
2585 3701 2776 3773 Θρᾴκῃ
2805 3700 3008 3769 ταύτης
3041 3698 3445 3769 ἐπιτροπεύων.
3477 3698 3694 3752 Καντα-

431 3792 558 3852 pter
589 3784 956 3839 munitionem
988 3784 1057 3838 ad
1091 3785 1456 3841 llarbarorum
1501 3789 1845 3860 irruptiones
1887 3808 2014 3862 pro-

2122 3793 2386 3864 κουζηνὸς
2413 3794 2459 3846 δ’
2492 3796 2519 3846 ὁ
2549 3793 2726 3862 μέγας
2758 3793 3081 3862 δομέστικος
3115 3790 3215 3854 τῆς
3246 3791 3383 3859 πρὸς
3409 3788 3509 3860 τὴν
3540 3789 3674 3842 Κων

432 3873 702 3930 bibendas
750 3877 967 3938 idonea.
1021 3879 1217 3947 partim
1267 3880 1416 3948 quod
1467 3897 1592 3937 cum
1641 3893 1752 3939 tota
1827 3885 2014 3940 classis

2120 3886 2403 3939 σταντίνου
2465 3883 2736 3954 φερούσης
2784 3881 2993 3952 εἴχετο,
3053 3881 3154 3951 τὴν
3220 3882 3475 3934 σύνευνον
3543 3879 3695 3951 αὐτῷ

432 3966 638 4021 ibidem
693 3978 882 4036 staret,
950 3978 1246 4039 essentque
1315 3971 1568 4029 triremes
1629 3986 1686 4030 et
1747 3977 2014 4031 classiarii

2123 3973 2438 4031 καταλιπὼν
2471 3977 2529 4029 ἐν
2559 3978 2624 4045 τῇ
2654 3973 2891 4026 Καλλίου
2924 3971 3081 4025 πόλει
3103 3985 3117 4000 ⁶
3156 3972 3213 4024 ὲν
3240 3970 3413 4042 ταύτῃ
3440 3969 3550 4039 γὰρ
3585 3971 3694 4023 διέ-

430 4060 611 4125 multi,
645 4059 912 4130 indigenae
954 4061 1196 4131 regionis
1264 4063 1711 4132 cxspoliabantur
1762 4081 1824 4120 ac
1888 4082 2014 4136 pre-

2120 4066 2271 4136 τριὸε
2295 4065 2356 4118 τὸ
2388 4065 2641 4117 πλεῖστον
2668 4063 2762 4115 τοῦ
2787 4063 2980 4133 χρόνου
3004 4077 3018 4092 ·
3053 4060 3210 4114 τοῦτο
3247 4059 3346 4129 μὲν
3375 4059 3451 4122 ὡς
3480 4059 3684 4112 ἐπικαίρ

431 4149 742 4216 tuebantur,
772 4152 994 4206 nemine
1022 4166 1120 4206 eos
1150 4161 1417 4221 terrente,
1449 4169 1754 4224 eorumque
1777 4156 2014 4220 impetus

2122 4174 2231 4227 ρως
2255 4156 2475 4226 ἔχοντος
2507 4155 2602 4208 τοῦ
2633 4153 2835 4225 χωρίου
2866 4152 3001 4223 πρὸς
3034 4151 3132 4216 τὰς
3169 4151 3395 4222 ἐφόδους
3427 4149 3682 4206 ἀνθίστα-

1703 4271 1925 4335 Jacobi
1957 4275 2228 4336 Pontani
2266 4280 2454 4335 notua.

505 4399 618 4470 (53)
657 4397 996 4478 orestiadem
1027 4409 1185 4478 antea
1213 4399 1412 4478 dictam
1445 4403 1596 4478 banc
1642 4403 1837 4478 urbem
1880 4406 2004 4478 qui-
2037 4412 2078 4467 ι)
2179 4405 2292 4477 (54)
2327 4408 2582 4463 Arbitror
2638 4409 2704 4462 ad
2763 4409 2912 4463 hunc
2973 4409 3152 4463 locum
3207 4405 3505 4478 pertinere.
3541 4409 3682 4478 quod

434 4469 556 4524 dam
606 4477 859 4550 auctores
887 4481 1033 4552 sunt.
1087 4470 1348 4552 Solebant
1396 4475 1601 4528 sultaui
1641 4475 1859 4556 Tui-cici
1897 4469 1999 4531 're-
2104 4469 2368 4556 scribitur
2407 4494 2462 4556 _a
2508 4479 2746 4549 Gregora
2806 4480 2946 4533 libro
2991 4469 3254 4556 septimo.
3312 4469 3680 4556 Andronicum

434 4547 918 4619 _guiunmuspicari
949 4547 1004 4619 in
1058 4555 1124 4619 ea
1161 4547 1378 4619 civitate
1408 4583 1422 4605 ,
1480 4559 1601 4619 quae
1647 4547 1808 4619 sedes
1855 4556 2000 4619 esset
2104 4549 2376 4603 seniorem
2407 4547 2638 4619 longum
2671 4565 2886 4603 murum
2939 4549 3007 4602 ad
3041 4547 3512 4619 Christopolitna
3544 4549 3678 4602 mari

435 4608 680 4685 irruperii.
703 4608 1010 4685 Alfi-incipio
1035 4611 1252 4685 Turcis
1300 4616 1478 4685 _(capta
1499 4608 1998 4685 'Constantinopoli

434 4679 719 4752 videlicet)
744 4677 1051 4752 iuiLPrusa
1097 4677 1585 4752 Bithynia—paulo
1611 4696 1736 4738 ante
1767 4677 1999 4741 montem

433 4748 688 4823 Osmanis
723 4747 791 4800 ab
831 4745 1084 4823 Urclianc
1117 4745 1239 4823 lilio'
1262 4745 1464 4823 capta',
1515 4769 1636 4823 qua!
1673 4755 1798 4809 liCct
1829 4758 2000 4812 Ιιοιιο-

433 4833 548 4870 rem
609 4818 753 4892 hunc
795 4833 902 4870 non
947 4818 1037 4892 diu
1090 4818 1352 4892 retinuit,
1409 4837 1478 4892 rex
1527 4818 1756 4892 pristina
1819 4835 1996 4881 tamen

433 4886 794 4965 primoqui-im
831 4891 1065 4955 meruit,
1109 4898 1167 4942 ut
1198 4889 1497 4965 longissimi
1529 4886 1791 4962 temporis
1821 4897 1998 4965 spatio

433 4953 634 5009 sultani
677 4953 979 5028 Turcarum
1013 4953 1212 5011 mortui
1240 4999 1253 5020 ,
1287 4953 1532 5028 paternis
1572 4953 1656 5016 «δι’
1679 4953 1997 5020 ενὶιὶἐὶδιίο

433 5027 846 5100 ιιιοιιιιιηειιιὶξ,
906 5029 1070 5081 etiam
1113 5028 1206 5100 diu
1246 5027 1368 5097 pust
1420 5041 1634 5100 captam
1685 5031 1998 5090 Constanti-

433 5097 698 5168 nopolim,
725 5094 1100 5168 inferrentur.
1139 5094 1438 5168 Postquam
1485 5094 1618 5154 vero
1669 5108 1996 5159 transvectis

432 5163 487 5242 in
525 5163 1364 5242 Europamcopiis._Muratesil,
1398 5166 1666 5242 Urchanis
1703 5171 1777 5226 (il.
1807 5172 1998 5228 Osma-

431 5235 521 5312 nis
565 5234 629 5286 Ν.
691 5232 1139 5312 Hadriaimpolim
1191 5239 1459 5312 οερίεειξι.Δ
1497 5240 1691 5293 eodem
1741 5253 1811 5312 et
1844 5244 1994 5312 regni

431 5303 588 5376 sedes
636 5319 702 5357 ex
753 5304 878 5376 Asia
927 5303 1317 5375 commigrasse
1373 5307 1612 5368 videtur,
1670 5311 1816 5376 quod
1848 5303 1994 5368 recte

429 5387 487 5423 se
522 5373 764 5426 tacturos
796 5375 996 5428 sultani
1054 5373 1316 5430 ducerent
1347 5415 1361 5438 ,
1395 5377 1441 5430 si
1487 5377 1649 5431 rebus
1689 5373 1996 5434 .Anatolicis

423 5440 537 5515 jam
599 5443 1121 5515 tranquillioribus,
1174 5446 1511 5515 praecipuum
1561 5447 1770 5502 militia:
1828 5451 1995 5504 robur

430 5509 537 5582 iam
595 5509 980 5582 llad‘rianopoli
1047 5509 1198 5569 velut
1261 5509 1620 5570 in'excubiis
1680 5518 1989 5574 haberent:

430 5579 959 5655 unde,_momentis
1012 5599 1194 5655 rerum
1241 5601 1307 5638 ex
1344 5600 1444 5655 usu
1497 5602 1598 5641 suo
1630 5589 1991 5655 gerendarum

430 5649 865 5723 animadversis,
916 5653 1171 5719 progredi
1247 5654 1505 5723 paulatim
1565 5649 1765 5722 latins,
1824 5666 1878 5711 et
1937 5659 1992 5713 in

429 5716 656 5787 Europae
687 5719 892 5773 viscera
917 5716 1160 5788 _grassari
1185 5716 1426 5791 possent.
1462 5716 1845 5781 Leunclavius.

2105 4632 2276 4686 usque
2321 4621 2385 4672 ail
2434 4617 2600 4673 vicini
2658 4620 2861 4672 montis
2913 4633 3174 4673 cacumen
3223 4617 3583 4678 exstruxisse,
3627 4628 3679 4670 ut

2101 4687 2256 4740 locus
2291 4690 2336 4742 is
2379 4704 2436 4743 se
2486 4689 2660 4743 invito
2689 4704 2912 4756 prorsus
2951 4689 3261 4742 inaccessos
3288 4695 3441 4756 esset
3467 4686 3552 4739 iis.
3588 4689 3680 4755 qni

2101 4757 2186 4809 vel
2232 4774 2261 4811 e
2297 4759 2528 4812 'l‘bracia
2565 4760 2618 4812 in
2653 4755 3043 4822 Macedoniam,
3087 4755 3174 4812 vel
3211 4772 3241 4811 e
3285 4755 3598 4810 Macedonia
3629 4759 3681 4811 in

2101 4825 2387 4881 Thraciam
2419 4829 2521 4882 iter
2545 4828 2834 4885 haberent.
2910 4829 2926 4836 ’

2171 4897 2283 4965 (55)
2327 4898 2602 4967 Ἀλλήλοις
2635 4915 2695 4948 τε
2723 4896 3259 4964 συνταξάμενοιΝω
3280 4896 3679 4951 συντάσσεσθαι

2100 4967 2272 5020 sacris
2298 4968 2661 5036 scriptoribus
2693 4969 2834 5020 idem
2865 4967 3028 5022 valet.
3057 4967 3202 5034 quod
3238 4967 3672 5029 ἁποτάσσεσθαι,
3773 4997 3775 4999 -

2098 5037 2151 5105 in
2169 5036 2405 5104 digressu
2423 5037 2651 5090 salutem
2681 5037 2869 5089 dicere.
2898 5036 3078 5099 Quare
3107 5036 3502 5105 συντακτήριος
3526 5037 3683 5102 λόγος

2099 5103 2345 5173 Gregorii
2375 5107 2700 5160 Nazianzeui
2725 5115 2943 5158 centum
2972 5103 3681 5174 quinquaginta"episc0pis

2099 5176 2460 5241 pra-sentibus
2518 5176 2757 5236 habitus,
2809 5185 2892 5227 est
2934 5173 3006 5227 ea
3051 5173 3253 5237 oratio,
3285 5189 3445 5242 quam
3499 5176 3681 5244 primo

2099 5258 2318 5311 quoque
2355 5256 2601 5313 tempore
2629 5245 2968 5298 discessurus
3018 5243 3418 5313 pronuntiavit,
3446 5243 3512 5298 et
3562 5246 3682 5312 epi-

2098 5314 2400 5380 scopisillis
2426 5314 2703 5368 valedixit.
2735 5315 2865 5366 Item
2899 5315 3041 5381 apud
3073 5313 3487 5378 Damascenum,
3511 5314 3677 5376 libro,

2099 5381 2247 5445 Quod
2299 5387 2492 5437 mortui
2541 5385 2819 5437 uiuentium
2867 5382 3128 5450 beneﬁciis
3173 5381 3447 5450 juventur,
3477 5400 3678 5433 συντα-

2097 5455 2320 5524 ξιτήριον
2373 5452 2615 5524 θρηνεῖν,
2651 5463 2762 5524 “est
2811 5452 2866 5505 in
2914 5453 3108 5524 ultimo
3154 5454 3401 5520 digressu
3449 5451 3581 5524 ﬂere
3617 5466 3680 5504 ac

2096 5517 2598 5642 latuergigiriIPIura
2647 5522 2858 5588 Billius,
2900 5521 3169 5576 Obseruat.
3217 5517 3436 5574 'sacrar.
3493 5521 3593 5576 lib.
3635 5536 3677 5583 ι,

2096 5603 2216 5642 can.
2320 5630 2331 5642 .

2096 5603 2331 5656 cap.:2.

2170 5660 2284 5730 (56)
2317 5660 2392 5716 lta
2424 5662 2622 5732 smpius
2646 5678 2744 5734 pro
2783 5662 2971 5729 αὐτοῦ,
3006 5669 3064 5716 ιιι
3092 5658 3256 5716 inira.
