4038 6212
247 2227 274 2262 l

360 311 418 376 ’Π

362 427 474 480 σθαι
502 419 616 474 τῶν
644 413 964 487 βαρϐάρων,
1004 404 1164 461 τοῦτο
1206 403 1355 457 δ’ὄτι
1396 403 1490 454 καὶ
1531 401 1625 454 τοῦ
1665 399 1922 452 ναυτικοῦ

360 516 551 576 παντὸς
605 481 665 564 ὲν
691 481 892 576 ταύτῇ.
943 499 1409 569 κατῳκισμένον,
1475 493 1689 546 πολλῶν
1751 493 1922 544 δντων

357 609 619 676 τριήρεων
643 593 1059 666 πληρωμάτων,
1088 589 1216 651 τοὺς
1267 584 1590 676 ἐγχωρίους
1608 583 1922 676 συνέϐαινεν

360 673 609 768 ἁρπαγὰς
664 686 964 756 ὑπομένειν
1017 682 1112 734 καὶ
1166 681 1308 750 βίας,
1340 677 1460 768 ito-3
1492 675 1784 768 φοροῦντος
1823 673 1924 726 οὐκ

361 763 502 846 ὄντος
535 783 629 836 καὶ
657 781 756 842 τάς
785 775 964 845 ὁρμὰς
993 771 1303 840 ἐπέχοντος.
1338 765 1590 833 Ναυτικὴ
1614 763 1724 833 γὰρ
1747 763 1923 830 ἀναρ-

360 879 440 950 χία
471 874 779 944 κρείσσων,
818 869 902 930 τὶς
931 866 1060 933 ἔφη,
1094 862 1290 950 πυρός.
1323 857 1600 950 Κατέλιπε
1626 855 1801 950 δ’ὲκεῖ
1825 852 1925 950 την

357 941 605 1033 γυναῖκα,
634 959 716 1028 τῷ
764 956 943 1010 δοκεῖν
987 953 1107 1022 μὲν,
1139 951 1214 1013 ὼς
1241 949 1301 1000 οὐ
1333 946 1532 1019 ῥᾳδίως
1559 947 1697 1015 ἔχων
1731 941 1926 996 ἐπισύ-

363 1055 539 1127 ρεσθαι
567 1052 671 1119 τὴν
691 1050 1103 1117 γυναικωνῖτιν,
1152 1046 1218 1112 τῇ
1246 1043 1294 1095 δ’
1321 1040 1573 1111 ἀληθείᾳ,
1597 1041 1750 1100 ὅπως
1774 1035 1924 1104 αὐτῷ

359 1148 622 1215 πρόφασιν
659 1140 1019 1210 εὐπρόσωπον
1052 1135 1391 1204 ὑπολίπηται
1422 1132 1471 1185 εί
1512 1131 1621 1185 δέοι
1654 1130 1732 1200 τῷ
1783 1129 1922 1197 Συρ-

360 1239 538 1305 γιὰννη
587 1230 952 1300 συγγενέσθαι
1008 1227 1174 1280 πάλιν
1206 1225 1303 1277 καὶ
1357 1225 1436 1287 είς
1498 1222 1691 1290 λόγους
1720 1219 1920 1274 ἐλθεῖν.

371 1326 558 1380 Ἐλθὼν
609 1325 669 1377 δὲ
715 1325 798 1386 είς
837 1320 938 1389 τὴν
968 1318 1409 1380 Κωνσταντίνου,
1444 1316 1542 1369 καὶ
1575 1313 1652 1383 τῷ
1683 1313 1788 1382 νέῳ
1821 1311 1920 1380 βα-

365 1421 484 1472 σιλεί
529 1413 882 1487 προσελθὼν,
932 1411 1030 1464 καὶ
1063 1410 1132 1464 τά
1177 1410 1274 1480 τῆς
1317 1408 1512 1477 βουλῆς
1553 1405 1922 1473 ἀπαγγείλας,

367 1512 434 1563 ἔτι
457 1511 512 1564 δὲ
542 1510 639 1562 καὶ
668 1507 764 1559 τδν
802 1505 1164 1573 ’Λπόκαυχον,
1194 1503 1366 1569 ἀνδρα
1393 1500 1586 1568 γένους
1636 1498 1736 1566 μὲν
1779 1499 1922 1565 ἀφα-

369 1603 472 1665 νοῦς
498 1603 650 1665 δντα,
680 1599 778 1651 καὶ
809 1597 928 1658 ταῖς
957 1594 1066 1648 τῶν
1089 1593 1370 1662 δημοσίων
1401 1590 1666 1662 πράξεσιν
1693 1589 1926 1658 ἠσχολη-

371 1698 509 1766 μένον
572 1691 707 1762 (τῶν
751 1688 1026 1758 δημοσίων
1055 1685 1165 1755 γὰρ
1213 1684 1360 1738 ἁλῶν
1393 1683 1512 1736 τότε
1553 1683 1650 1752 τὴν
1682 1680 1921 1734 διάθεσιν

371 1785 634 1855 ἐποιεῖτο),
668 1782 846 1844 ἄλλως
877 1780 936 1833 δὲ
972 1778 1197 1849 βαθείας
1229 1776 1361 1830 ὄντα
1397 1775 1616 1846 φρενὸς,
1643 1776 1735 1827 καὶ
1763 1774 1922 1826 sm-

377 1895 514 1950 μενον
539 1876 753 1945 καιροῖς
805 1871 904 1924 καὶ
935 1871 1226 1940 πράγμασι
1269 1868 1528 1939 χρῆσθαι,
1568 1867 1924 1936 προσοικειώ-

379 1988 460 2033 σας
486 1968 561 2038 τῷ
599 1965 836 2038 βασιλεῖ,
878 1961 1042 2033 χάριν
1079 1964 1136 2014 έν
1159 1960 1336 2030 τούτῳ
1389 1959 1652 2026 πλείστην
1693 1957 1816 2010 τινά
1845 1954 1922 2026 τῷ

385 2063 664 2130 mntem
711 2054 1140 2125 κατατιθέμενος
1172 2048 1262 2125 (ἢν
1285 2052 1397 2123 γὰρ
1420 2052 1584 2113 αὐτὸς
1614 2051 1706 2103 τὸν
1748 2048 1924 2119 μέγαν

399 2153 682 2220 eopse-tuos
721 2149 846 2219 περὶ
881 2146 1077 2200 τούτου
1127 2144 1298 2199 πολλά
1346 2142 1832 2214 παρακεκληκὼς),
1866 2142 1924 2193 ἐν

405 2246 552 2296 πᾶσιν
575 2237 713 2310 εἶχεν
741 2239 1054 2293 ἑπινεύοντα
1081 2239 1197 2290 ’καὶ
1249 2234 1678 2290 συνευδοκοῦντα
1711 2235 1805 2287 τὸν
1839 2234 1926 2304 βα-

398 2337 546 2388 σιλέα.
589 2335 705 2396 Τοῖς
727 2331 1173 2403 βεϐουλευμένοις
1195 2329 1250 2382 δὲ
1273 2330 1370 2382 καὶ
1392 2325 1552 2381 τοῦτο
1573 2317 1925 2396 ¹προσέθηκεν

385 2430 410 2481 ὁ
436 2426 686 2497 βασιλεὺς,
716 2426 822 2492 ὅτι,
859 2424 933 2477 Τὸ
967 2423 1070 2494 μὲν
1099 2424 1234 2493 ἡμῖν
1268 2423 1453 2484 αὐτοῖς
1491 2419 1591 2492 τὴν
1618 2419 1924 2487 ἀσφάλειαν

385 2522 775 2591 προετοιμάσαι,
833 2519 961 2571 ὥστ’
1019 2516 1164 2588 ἔχειν
1221 2511 1514 2583 ἀποφυγὴν
1560 2513 1669 2565 τῶν
1734 2513 1924 2565 δεινῶν

371 2614 636 2675 ἐπιόντων,
683 2611 779 2664 καὶ
841 2609 950 2662 τῶν
1001 2610 1144 2662 πάνυ
1200 2607 1592 2677 συμφερόντων
1644 2601 1784 2657 εἷναί
1832 2620 1926 2672 μοι

365 2707 495 2759 δοκεῖ
523 2705 625 2758 καὶ
656 2704 769 2756 τῶν
804 2699 1122 2769 ἀναγκαίων
1146 2715 1159 2728 ·
1191 2698 1274 2751 διὸ
1300 2699 1394 2750 καὶ
1423 2697 1584 2750 τοῦτο
1614 2693 1723 2767 χρὴ
1753 2709 1924 2748 σπου-

357 2798 499 2850 δάσαι
539 2795 832 2866 προῦργου
866 2793 1069 2856 παντὸς
1097 2793 1180 2854 είς
1217 2791 1394 2863 πέρας
1436 2791 1564 2844 ἰδεῖν
1595 2789 1749 2842 ὲλθόν
1773 2802 1786 2816 °
1829 2804 1926 2857 μευ

354 2891 688 2959 γαλοψυχίας
744 2887 800 2940 δὲ
848 2885 944 2940 καὶ
994 2885 1296 2956 καρτερίας
1355 2883 1512 2936 οὐδὲν
1558 2879 1877 2934 ὲλλιπέσθαι
1906 2918 1922 2944 ,

348 2983 456 3036 ἀλλ’
488 2983 622 3052 ἄχρι
653 2980 752 3034 καὶ
776 2979 949 3048 αὐτῆς
987 2977 1420 3048 διακαρτερῆσαι
1449 2975 1550 3044 τῆς
1597 2973 1782 3044 ἀκμῆς
1813 2971 1924 3028 τῶν

344 3077 602 3128 κινδύνων
634 3075 899 3143 μένοντας
924 3072 1017 3125 ἐπὶ
1044 3073 1154 3124 τῶν
1179 3067 1463 3138 προτέρων
1490 3083 1506 3098 ο
1535 3065 1640 3120 κᾶν
1669 3069 1770 3136 μέν
1800 3083 1924 3118 τινα

346 3169 559 3238 σχῶμεν
591 3165 702 3234 τῆς
746 3162 1052 3234 καρτερίας
1086 3161 1320 3232 καρπὸν,
1361 3158 1456 3214 τοῦ
1489 3154 1756 3229 βασιλέως
1796 3159 1925 3220 ῐσως

346 3260 774 3329 μεταόαλόντος.
829 3257 925 3308 καὶ
975 3255 1086 3307 τῶν
1144 3251 1542 3323 μελετωμένων
1593 3249 1719 3305 καθ’
1765 3250 1925 3320 ήμῶν

342 3353 738 3423 παυσαμένων,
792 3347 1060 3404 πάντοθεν
1093 3346 1160 3399 ἂν
1196 3345 1310 3416 έχοι
1373 3343 1576 3407 καλῶς.
1628 3342 1690 3395 Et
1724 3341 1771 3395 δ’
1809 3337 1923 3405 οὖν,

260 3441 272 3458 ’
340 3446 468 3499 ἀλλά
501 3443 678 3497 τοῦτό
709 3458 771 3510 γε
808 3443 941 3510 ἡμῖν
971 3439 1258 3509 περιέσται
1285 3438 1524 3503 πάντως,
1556 3437 1616 3490 τὸ
1652 3435 1727 3508 μὴ
1747 3437 1926 3490 δοκεῖν

341 3538 600 3610 αὐθαδείᾳ
641 3536 742 3590 καὶ
793 3534 1099 3605 θρασύτητι
1158 3531 1379 3602 τρόπων
1439 3529 1579 3601 μηδὲ
1636 3530 1924 3599 πλεονεξίᾳ

334 3633 560 3704 γνώμης
624 3631 730 3685 καὶ
767 3628 1057 3699 φιλαρχίᾳ,
1105 3627 1202 3680 τοῦ
1249 3626 1514 3697 βασιλέως
1545 3623 1643 3678 καὶ
1693 3624 1922 3678 πάππου

1449 368 1452 370 _
1514 282 2066 347 HISTORIARUM
2091 280 2329 344 LIBER
2365 283 2418 346 ι.

3519 286 3586 347 78

1951 399 2344 460 Acohibente.
2406 398 2635 455 Nautica
2698 401 2903 470 quippe
2967 399 3209 469 licentia,
3261 400 3384 472 igne
3426 404 3598 472 magis

2028 490 2216 559 rapida
2265 498 2321 544 et
2361 489 2628 544 indomita
2674 501 2780 558 est,
2831 500 2889 545 ut
2941 491 3080 545 dixit
3134 493 3405 561 quispiam
3458 495 3596 565 (57).

2028 581 2466 650 Rcliquitautem
2490 584 2603 636 illic
2634 598 2856 638 uxorem
2876 599 3000 637 cum
3025 582 3596 652 feminishonorariis,

2025 688 2132 726 non
2179 689 2341 742 posse
2397 675 2692 728 mulierum
2740 690 2958 744 gregem
3010 690 3198 730 secum
3257 676 3476 731 trahere
3523 679 3600 732 si—

2027 767 2260 819 mulans.
2297 767 2498 821 Verum
2552 767 2607 820 id
2651 767 2866 837 agebat,
2916 776 2976 821 ut
3027 769 3328 838 speciosam
3379 785 3598 826 causam

2025 869 2325 928 praetexere
2375 859 2587 925 liceret,
2623 861 2668 913 si
2723 858 3024 931 Syrgianne
3081 862 3280 916 iterum
3330 874 3601 918 convento

2026 965 2164 1018 Opus
2194 952 2362 1014 foret;
2410 967 2466 1005 se
2507 952 2654 1005 enim
2703 961 2928 1021 pmpter
2982 968 3211 1007 uxorem
3260 970 3327 1010 eo
3381 957 3600 1012 venisse

2026 1040 2237 1094 diceret
2297 1041 2430 1110 (58).
2486 1042 2780 1111 Postquam
2846 1053 3030 1098 autem
3087 1046 3600 1119 Constantinopolin

2028 1133 2309 1202 ingressus
2370 1145 2477 1199 est,
2532 1144 2788 1204 nepotem
2854 1136 3244 1206 imperatorem
3294 1141 3429 1207 adit,
3483 1159 3605 1212 quae

2027 1223 2326 1277 deliberata
2367 1225 2588 1278 fuerant
2631 1227 2840 1294 pandit,
2875 1228 3290 1300 Apocauchum,
3323 1231 3602 1286 hominem

2027 1317 2245 1386 quidem
2285 1316 2457 1370 intimi
2485 1317 2717 1382 ordinis,
2754 1334 2819 1374 ac
2848 1321 3080 1388 publicis
3114 1321 3490 1379 {unctionibus
3513 1340 3604 1379 oc-

2026 1414 2285 1476 cupatum
2319 1409 2456 1476 (tum
2500 1409 2646 1462 enim
2672 1408 2813 1463 forte
2853 1410 2930 1464 rei
2959 1412 3170 1466 salariae
3222 1413 3601 1481 praefecturam

2026 1499 2293 1570 gerebat),
2323 1500 2529 1570 alioqui
2590 1501 2888 1556 reconditae
2940 1503 3272 1572 prudentiae,
3336 1506 3602 1562 scientem

2026 1593 2105 1647 uti
2137 1593 2277 1657 foro,
2309 1602 2362 1647 et
2392 1607 2633 1649 actorem
2660 1596 3006 1665 negotiorum
3044 1613 3149 1653 non
3180 1599 3520 1668 incallidum,
3551 1603 3603 1656 ei

2027 1699 2126 1753 pro
2160 1685 2417 1740 familiari
2451 1688 2819 1754 commendat,
2863 1689 3224 1746 vehementer
3263 1690 3318 1745 in
3358 1707 3424 1747 eo
3471 1692 3604 1765 Syr-

2026 1775 2214 1846 gianni
2249 1777 2602 1845 gratiﬁcans;
2635 1778 2830 1850 saepius
2861 1782 3008 1835 enim
3045 1797 3109 1836 ea
3134 1783 3201 1838 de
3239 1799 3298 1839 re
3343 1799 3604 1854 magnum

2027 1869 2392 1926 domesticum
2445 1883 2754 1942 rogaverat.
2800 1874 2984 1944 Nepos
3036 1893 3265 1932 assensu
3313 1877 3607 1938 conﬁrmat

2026 1963 2230 2025 omnia.
2287 1965 2354 2018 iis
2402 1972 2585 2019 autem
2640 1980 2762 2034 quae
2808 1968 2963 2036 prius
3012 1969 3234 2024 fuerant
3280 1969 3602 2038 deliberata,

2026 2053 2214 2123 adjicit
2239 2054 2358 2109 haec
2386 2073 2399 2108 :
2429 2056 2504 2110 De
2533 2056 2654 2111 loco
2687 2066 2825 2120 tuto,
2882 2058 2948 2112 ad
2996 2075 3158 2128 quem
3195 2061 3354 2118 malis
3400 2079 3605 2134 urgen-

2027 2143 2178 2198 tibus
2239 2144 2585 2215 perlugiant.
2647 2149 2924 2216 provideri
2981 2150 3276 2206 admodum
3338 2155 3473 2209 utile
3543 2171 3608 2210 ac

2024 2239 2398 2291 necessarium
2433 2252 2576 2293 esse.
2609 2238 2820 2295 Idcirco
2861 2241 3100 2295 dandam
3149 2243 3442 2313 diligenter
3475 2263 3608 2318 ope-

2027 2343 2168 2390 ram,
2197 2336 2254 2381 ut
2285 2327 2338 2381 id
2389 2339 2515 2382 ante
2560 2331 2745 2383 omnia
2787 2332 3093 2400 perlectum
3142 2336 3532 2405 conspiciatur.
3560 2339 3607 2394 A

2029 2419 2410 2491 magnitudine
2435 2421 2623 2486 animi,
2650 2432 2706 2476 et
2732 2422 3022 2477 tolerantia
3048 2440 3150 2481 nec
3173 2427 3343 2481 latum
3366 2443 3605 2499 unguem

2027 2510 2448 2576 discedendum,
2484 2513 2578 2565 sed
2610 2529 2783 2582 usque
2833 2515 2900 2569 ad
2945 2515 3124 2585 ipsum
3169 2518 3463 2574 articulum
3493 2522 3609 2577 dis-

2026 2602 2272 2657 criminis
2301 2604 2352 2656 in
2381 2603 2596 2672 incepto
2625 2607 3051 2673 persistendum.
3090 2607 3146 2664 Si
3190 2610 3466 2680 patientiae
3493 2629 3608 2668 suae

2026 2695 2265 2750 fructum
2291 2697 2529 2767 aliquem
2559 2701 2886 2768 percipiant,
2929 2718 3062 2757 sene
3103 2701 3336 2758 forsitan
3376 2705 3607 2760 consilia

2025 2788 2084 2842 in
2116 2789 2314 2844 melius
2345 2800 2614 2854 mutante,
2639 2802 2695 2847 et
2720 2808 2748 2845 a
2781 2794 3059 2848 meditatis
3094 2795 3149 2849 in
3197 2795 3346 2867 ipsos
3385 2799 3610 2854 sceleri-

2027 2878 2132 2934 bus
2165 2881 2486 2946 desistente,
2520 2882 2656 2938 nibil
2691 2883 2933 2951 optatius
2952 2899 3118 2953 posse
3145 2884 3282 2940 ﬁeri.
3306 2885 3399 2941 Sin
3421 2898 3607 2943 autem

2028 2971 2190 3026 aliter
2217 2987 2306 3026 res
2342 2973 2520 3037 cadat,
2555 2973 2660 3027 hoc
2711 2975 2903 3029 saltem
2947 2977 3174 3030 omnino
3215 2977 3321 3031 sibi
3374 2989 3606 3046 restare,

1954 3101 1996 3159 C
2033 3074 2092 3121 ut
2162 3080 2232 3120 ne
2279 3067 2594 3137 arrogantia
2644 3077 2700 3122 et
2759 3069 3084 3136 temeritate,
3140 3086 3321 3140 neque
3368 3073 3607 3129 habendi

2030 3158 2330 3227 cupiditate
2381 3169 2438 3214 et
2477 3174 2662 3214 amore
2701 3159 3018 3215 dominandi
3069 3171 3258 3218 contra
3297 3179 3460 3218 avum
3511 3167 3612 3220 im-

2029 3261 2338 3321 peratorem
2406 3251 2776 3306 insurrexisse
2827 3252 3157 3321 videantur;
3217 3254 3318 3310 sed
3390 3256 3610 3327 injuriis

2027 3343 2310 3415 exagitati,
2339 3353 2393 3398 et
2439 3344 2704 3398 extremis
2744 3344 2984 3400 amictati
3033 3347 3426 3414 incommodis,
3475 3367 3613 3420 pra:-

2028 3438 2207 3492 vismn
2259 3436 2490 3492 exitium
2537 3437 2781 3508 effugere
2839 3439 3083 3495 voluisse
3135 3442 3481 3510 iudicentur.
3544 3445 3612 3498 Et

2027 3529 2302 3585 hactenus
2335 3530 2557 3598 quidem
2591 3529 2893 3597 imperator
2927 3544 3123 3601 nepos.

1962 3623 2497 3688 κατεξανίστιιισθαι⁹
2533 3621 2652 3675 ἀλλ’
2713 3624 3109 3694 ἀδικουμένους
3137 3629 3231 3681 καὶ
3289 3628 3358 3683 τά
3405 3631 3612 3700 ἔσχατα

1959 1757 2001 1810 Β

335 3726 747 3798 ὑπομένοντας,
771 3724 864 3776 τὸν
927 3717 1207 3791 προῦπτον
1271 3717 1520 3772 κίνδυνον
1550 3716 2000 3786 ἀποδιδράσκειν.
2043 3716 2154 3769 Καὶ
2183 3714 2354 3767 ταῦτα
2386 3714 2487 3784 μὲν
2512 3713 2766 3782 βασιλεὺς
2804 3717 2833 3768 6
2867 3717 3007 3778 νέος.

1762 3847 1867 3918 19
1901 3845 2125 3903 CAPUT
2160 3845 2224 3901 v.

326 3943 488 4034 Diras
516 3979 588 4033 ab
615 3991 724 4031 avo
752 3974 990 4029 nuntius.
1026 3971 1232 4036 Altera,
1265 3976 1314 4025 et
1345 3970 1568 4037 antiqua
1593 3982 1758 4021 causa
1792 3967 1932 4019 inter
1968 3965 2312 4034 imperatores
2371 3965 2600 4031 dissidii,
2662 3967 2886 4022 solutior
2953 3969 3192 4025 videlicet
3245 3975 3352 4029 vita
3385 3980 3608 4046 nepotis,

1574 4047 1623 4087 et
1663 4038 1748 4087 aui
1778 4037 1834 4087 in
1867 4034 2022 4087 illum
2057 4033 2407 4087 contumelite.
2579 4052 2582 4056 ’

1574 4047 1623 4091 et
1663 4047 1748 4091 aut
1778 4047 1834 4088 in
1867 4047 2022 4088 tuum
2057 4047 2407 4088 contumeliae.
2579 4052 2582 4056 ’

403 4169 466 4222 '0
509 4169 575 4222 δέ
604 4184 677 4235 γε
711 4162 1084 4235 πρεσϐύτερος
1108 4159 1186 4232 τῷ
1221 4160 1360 4232 πρὸς
1398 4157 1493 4211 τὸν
1525 4157 1748 4228 ἔγγονον
1775 4155 1924 4225 μίσει

326 4260 426 4328 τὴν
481 4259 738 4330 καρδίαν
781 4255 984 4326 μᾶλλον
1029 4253 1296 4319 οίδαίνων,
1332 4251 1588 4320 ἀγγέλλει
1643 4250 1732 4304 διά
1780 4266 1924 4314 τινος

320 4352 476 4422 αὖτῷ
535 4349 661 4404 τῶν
727 4346 1141 4416 συγκλητικῶν·
1183 4342 1354 4399 Οῐσθα
1401 4345 1506 4414 πρὸ
1557 4340 1752 4414 καιροῦ
1782 4359 1927 4406 τινος

321 4442 722 4516 αἰτησάμενός
762 4458 831 4510 με
860 4441 921 4492 τὸ
955 4438 1234 4492 Βασιλικὸν
1259 4437 1558 4492 ἀποθέσθαι
1593 4437 1799 4506 σχῆμα,
1833 4437 1928 4488 καὶ

2103 4154 2372 4210 Caeterum
2430 4156 2617 4211 senior
2667 4159 2794 4214 odio
2863 4161 2917 4216 in
2985 4173 3241 4234 nepotem
3296 4167 3610 4229 crudeliore

2035 4257 2325 4316 concepto,
2372 4262 2472 4316 per
2507 4235 2823 4306 senatorem
2875 4254 3172 4324 quemdam
3218 4258 3329 4329 (59)
3385 4261 3506 4315 haec
3555 4264 3609 4319 ei

2037 4342 2292 4396 nuntiat:
2321 4343 2642 4398 meminisse
2677 4344 2857 4414 ipsum
2883 4385 2896 4410 .
2937 4349 3218 4417 quomodo
3263 4351 3399 4407 alias
3441 4353 3510 4408 ab
3551 4371 3611 4410 se

2039 4436 2412 4501 contenderit,
2438 4437 2519 4491 uti
2555 4438 2676 4507 ejus
2701 4439 2843 4493 bona
2870 4441 3030 4494 venia
3076 4441 3271 4497 liceret
3311 4445 3494 4514 posito
3521 4461 3614 4500 or-

1631 4553 1848 4616 Jacobi
1881 4551 2152 4615 Pontani
2193 4560 2381 4615 notae.

389 4689 511 4758 (57)
540 4686 744 4742 Genus
797 4683 1079 4758 hominum
1141 4682 1297 4736 valde
1331 4680 1694 4758 _improbntn_
1724 4693 1926 4758 nautae.

311 4751 650 4830 periurum,
737 4753 964 4807 mendax
988 4794 1018 4830 ,_
1066 4767 1235 4806 naves
1290 4752 1506 4830 alienas
1557 4762 1612 4830 ct_
1681 4751 1933 4830 homines

314 4820 704 4898 des'polizm'sr:
733 4838 874 4898 quos
899 4825 1129 4891 apologo
1157 4823 1398 4898 quodam
1432 4822 1640 4898 notavit
1667 4820 1927 4893 IESOpus,
1977 4880 1982 4885 ,

311 4891 449 4957 dum
491 4914 604 4953 eos
633 4891 774 4949 dicit
806 4895 859 4946 in
884 4903 1207 4962 tempestate
1233 4892 1399 4944 multa
1427 4891 1534 4945 diis
1561 4906 1780 4956 vovere,
1803 4891 1931 4962 qua:

316 4987 449 5025 cum
499 4973 562 5021 in
628 4967 790 5019 littus
839 4964 972 5017 salvi
1007 4963 1383 5033 pervenerint,
1423 4964 1650 5033 minime
1684 4964 1928 5028 solvant;

314 5052 370 5094 et
411 5055 553 5093 cum
589 5037 802 5104 quibus
827 5033 950 5110 Bias
978 5030 1270 5102 navigabat
1305 5030 1459 5110 impii
1482 5031 1837 5110 ,,quib_usqu_e_
1874 5036 1928 5089 in

313 5126 465 5165 σιεγε
503 5100 851 5173 tenipestate
883 5100 1299 5173 deorrum'Opem
1331 5100 1756 5169 implorantibus
1784 5102 1932 5156 dice-

315 5179 442 5235 bat.
471 5172 701 5240 Tacete,
740 5189 804 5227 ne
834 5189 922 5228 vos
953 5172 1034 5226 illi
1063 5173 1145 5226 hic
1177 5173 1433 5240 navigare
1471 5173 1720 5235 sentiant,
1749 5185 1930 5227 nauta

312 5249 592 5332 W155i!”
602 5261 698 5332 9F.“
718 5253 919 5332 sna!—
939 5240 1530 5332 EeseieszﬂEarieiﬂ;
1559 5240 1929 5332 iisetiam

311 5313 406 5374 illa
455 5319 683 5372 misera
707 5314 900 5367 mulier
929 5315 1140 5383 captiva
1156 5314 1264 5382 jam
1292 5321 1347 5365 et
1380 5326 1535 5383 serva
1559 5313 1728 5366 mittil.
1754 5313 1932 5367 famu-

312 5393 450 5452 lam,
481 5401 627 5456 ουκ
681 5393 830 5453 petat
871 5401 898 5438 a
947 5381 1170 5456 Graecis,
1208 5399 1275 5436 ne
1316 5382 1448 5456 quid
1483 5381 1538 5434 in
1573 5397 1770 5451 corpus
1803 5383 1926 5436 lilia:

313 5452 637 5523 Polyxena!
682 5452 790 5523 jam
846 5455 912 5507 ad
968 5452 1197 5507 Achillis
1228 5453 1500 5506 tumulum
1544 5462 1792 5507 mactatae
1830 5456 1923 5507 de-

313 5519 552 5596 sigiicnt
609 5519 940 5578 illiberalius
968 5540 1032 5578 ac
1059 5523 1434 5596 petulantius:
1476 5523 1565 5596 Ἐν
1602 5524 1709 5596 γὰρ
1742 5526 1922 5596 μυρίῳ

317 5594 724 5664 στρατεύματι
772 5597 1068 5653 ἀκόλαστος
1098 5595 1277 5662 ὄχλος,
1299 5595 1526 5662 ναυτική
1578 5594 1625 5644 τ’
1660 5595 1918 5662 ἀναρχία,

314 5663 614 5738 κρείσσων
668 5669 857 5738 πυρός.
895 5663 1036 5718 Ναηι
1070 5666 1125 5719 in
1165 5679 1438 5738 numeroso
1489 5664 1922 5738 excercitaindo-

318 5733 480 5800 uitta,
525 5753 634 5792 seu
665 5736 879 5802 infrenis
916 5738 1068 5790 turba
1107 5743 1204 5800 est,
1232 5735 1548 5802 nauticaque
1583 5733 1814 5801 licentia,
1843 5742 1918 5786 est

1962 4684 2006 4739 υ
2035 4679 2154 4748 igne
2188 4665 2507 4754 violentior._
2544 4679 2789 4747 Sumpsit
2831 4697 2961 4752 ergo
2992 4681 3061 4737 ab
3109 4681 3376 4754 Euripide
3413 4685 3610 4744 Canta-

2035 4766 2296 4815 cuzenus,
2329 4759 2388 4803 ut
2419 4749 2594 4804 vides.

2106 4821 2218 4892 (bs)
2247 4820 2300 4892 In
2333 4835 2434 4892 ms.
2470 4820 2584 4892 haec
2606 4819 2879 4892 artiologia
2911 4839 3019 4877 non
3044 4832 3152 4880 est.

2106 4890 2217 4958 (59)
2253 4890 2483 4944 Nomina
2515 4890 2818 4964 σύγκλητος
2847 4905 2904 4948 et
2956 4893 3342 4964 συγκλητικὸς,
3393 4907 3609 4953 senatus

2030 4968 2086 5014 et
2131 4968 2366 5022 senator,
2400 4960 2545 5029 quod
2598 4960 2733 5016 mihi
2787 4964 2976 5018 videor
3027 4960 3370 5028 observasse,
3420 4983 3611 5024 noster

2029 5029 2269 5097 scriptor
2294 5031 2450 5104 varie
2497 5040 2746 5104 usurpat.
2781 5031 2938 5089 Nunc
2989 5036 3137 5088 enim
3185 5051 3439 5104 proceres
3470 5041 3610 5093 auli-

2031 5113 2126 5172 cos
2150 5100 2515 5172 conciliumve
2540 5100 2803 5168 aulicum,
2846 5119 2940 5158 seu
2968 5100 3220 5159 senatum
3246 5107 3606 5172 imperialetn,

2038 5169 2154 5238 sive
2177 5168 2616 5238 imperatorium,
2665 5189 2814 5228 nunc
2865 5173 2988 5229 belli
3023 5175 3194 5232 duces
3244 5168 3608 5233 conciliumve

2039 5237 2321 5314 bellicum,
2344 5250 2398 5295 et
2426 5241 2722 5314 utrobique
2747 5245 3065 5314 optimates,
3089 5261 3153 5299 ac
3188 5246 3333 5299 viros
3365 5247 3608 5302 illustres

2039 5309 2445 5380 primariosque
2470 5312 2549 5366 sic
2574 5309 2828 5382 appellat.
2865 5315 3053 5385 Itaque
3076 5331 3200 5369 raro
3231 5317 3610 5372 transtulimus

2030 5395 2269 5446 senatus,
2298 5392 2591 5448 senatores,
2627 5399 2694 5438 ne
2729 5385 2854 5451 quis
2883 5385 2950 5438 de
2993 5385 3139 5439 civili
3187 5397 3378 5440 senatu
3427 5399 3478 5442 et
3520 5405 3608 5442 se-

2030 5452 2320 5524 natoribus
2350 5470 2465 5506 rem
2500 5453 2912 5522 intelligendam
2947 5463 3162 5522 putaret
3194 5473 3206 5508 :
3237 5457 3493 5524 fugienda
3525 5468 3611 5512 est

2029 5522 2177 5575 enim
2204 5525 2513 5591 ὁμωνυμία.
2548 5523 2662 5578 Iloc
2701 5524 2867 5576 etiam
2914 5529 3056 5586 loco,
3085 5525 3128 5576 si
3174 5522 3369 5591 placet,
3395 5539 3612 5582 senato-

2029 5607 2168 5655 rem,
2206 5593 2384 5646 virum
2429 5592 2667 5647 nobilem
2722 5593 3056 5654 Palatinum,
3093 5607 3185 5647 aut
3233 5597 3608 5653 consiliarium

2027 5662 2396 5730 imperatoris,
2432 5666 2580 5716 einen
2615 5661 3048 5732 Kammcrlierrn,
3081 5665 3460 5737 interpretare.
