4038 6212
399 376 473 439 83
1366 435 1374 439 -
1563 381 1887 442 JOANNIS
1927 356 2459 447 CANTACUZENI
3579 393 3647 459 8t

403 500 612 542 tionem
661 487 728 542 ad
767 503 929 543 avum
983 488 1267 553 decernit,
1309 504 1434 543 cum
1473 499 1532 544 ut
1580 478 1819 545 furorem
1855 490 1977 559 ejus

2091 490 2224 560 ἔγνω
2254 491 2367 546 δεῖν
2399 491 2672 565 πρεσϐείᾳ
2714 492 3029 565 χρήσασθαί
3073 513 3182 550 τινι
3218 497 3352 569 πρὸς
3378 499 3472 553 τδν
3502 500 3652 554 πάπ-

403 579 640 648 mitiget,
692 595 932 651 eumque
968 584 1034 635 ad
1067 582 1355 637 lenitatem
1396 597 1458 637 ac
1490 582 1971 638 mansuetudinem

405 671 680 731 traducat.
708 681 824 725 tum
861 680 937 743 ut
947 686 1171 726 causam
1205 680 1527 741 cognoscat,
1567 672 1640 727 ob
1690 688 1854 743 quam
1884 673 1975 727 ille

403 761 510 816 sibi
543 769 652 816 tam
689 736 962 817 infensu‘s.
987 774 1153 833 atque
1184 736 1419 819 infestus
1460 765 1553 818 sit.
1610 736 1786 834 Legat
1812 765 1979 836 igitur

402 850 706 921 Josephum
758 852 1072 922 quemdam.
1128 853 1333 908 virtute
1364 862 1421 907 et
1464 853 1713 908 doctrina
1754 854 1979 923 conspi-

404 960 567 999 cuum
611 944 747 1013 (65),
784 952 840 999 et
893 960 991 1014 per
1041 944 1288 998 omnium
1327 959 1423 999 ora
1452 943 1797 1000 volitantem.
1850 945 1977 1011 Qui,

406 1018 739 1108 quanquam.
786 1036 1068 1091 lucernam
1124 1036 1228 1089 sub
1263 1035 1450 1129 mod.io
1481 1036 1825 1093 abscondere
1879 1053 1980 1107 pro

405 1127 551 1182 virili
586 1128 883 1191 niteretur,
940 1126 1081 1180 nihil
1130 1137 1312 1182 tamen
1337 1126 1723 1198 promovebat,
1760 1130 1980 1199 quando

406 1220 631 1273 eB‘atum
672 1217 926 1271 Domini”
960 1231 1067 1270 non
1124 1229 1307 1287 potest
1374 1220 1486 1275 ullo
1547 1220 1711 1274 modo
1748 1219 1979 1275 interei~

406 1310 561 1364 dere.
594 1309 671 1363 Eo
700 1309 968 1379 siquidem
993 1311 1347 1365 claritudinis
1380 1319 1805 1381 pervenerat,ut
1828 1327 1982 1368 com-

407 1401 674 1456 munibus
713 1403 1088 1472 imperatoris,
1128 1417 1299 1458 sacra:
1351 1404 1570 1475 synodi,
1621 1405 1861 1459 universi
1893 1419 1981 1459 se-

407 1507 575 1550 natus
641 1495 1131 1565 suﬂragationibus
1185 1496 1239 1550 in
1288 1496 1574 1566 pontiﬁcis
1621 1496 1789 1568 hujus
1828 1512 1984 1551 nova:

407 1584 595 1638 Roma
623 1584 886 1639 cathedra
922 1585 1277 1640 collocandus
1305 1594 1630 1641 censeretur
1666 1604 1679 1641 :
1711 1586 1814 1641 etsi
1840 1586 1984 1657 ipse,

412 1676 485 1730 ob
539 1675 865 1729 modestiam
913 1675 1083 1729 animi
1141 1677 1690 1747 moderationemque
1745 1677 1987 1749 singula-

2078 600 2181 638 πον
2209 586 2302 638 καὶ
2343 583 2589 654 βασιλέα,
2644 586 2760 657 ἅμα
2796 588 2897 658 μὲν
2949 590 3044 642 καὶ
3070 588 3171 658 τὴν
3201 590 3373 662 ὀργὴν
3399 592 3648 661 ἐκμειλι-

2081 676 2306 761 ξόμενος
2360 679 2462 749 τὴν
2516 678 2727 733 ἐκείνου
2764 682 2862 735 κα)¹
2909 681 3218 753 πραότερον
3250 684 3648 753 καταστήσων,

2082 767 2198 837 ἅμα
2228 769 2288 821 δὲ
2332 771 2431 822 κα)⁵
2472 769 2576 843 τήν
2606 771 2786 825 αἰτίαν
2834 770 3036 826 ἐθέλων
3067 773 3261 843 μαθεῖν
3297 774 3367 828 δι’
3404 774 3474 846 ἢν
3508 775 3650 845 πρὸς

2080 860 2242 915 αὑτὸν
2280 862 2307 914 ὁ
2344 862 2597 932 βασιλεὺς
2624 863 2801 928 οὕτως
2826 865 3280 936 έκπεπολέμωτο.
3328 867 3545 937 Πέμπει
3584 869 3648 939 δή

2080 970 2201 1007 τινα
2255 954 2363 1008 τῶν
2406 956 2494 1010 ἐπ’
2530 958 2700 1029 ἀρετῇ
2748 958 2843 1012 καὶ
2870 959 3163 1029 φιλοσοφίᾳ
3202 959 3521 1029 γνωρίμων,
3558 961 3654 1013 καὶ

2082 1046 2236 1117 παρὰ
2284 1048 2396 1110 τοῖς
2425 1048 2684 1103 ἁπάντων
2714 1049 2949 1121 στόμασι
2978 1051 3237 1120 κείμενον
3287 1050 3508 1120 Ἰωσήφ.
3556 1052 3657 1113 ’ος

2083 1136 2464 1207 ἐφιλονείκησε
2494 1139 2612 1209 μὲν,
2649 1141 2710 1194 τό
2747 1158 2812 1210 γε
2844 1143 2924 1206 είς
2956 1142 3119 1197 αὐτὸν
3147 1136 3307 1214 ἦκον,
3337 1142 3431 1196 τὸν
3458 1141 3659 1212 λύχνον

2084 1228 2191 1280 ὑπὸ
2222 1228 2315 1282 τὸν
2348 1229 2532 1299 μόδιον
2557 1232 2786 1304 κρύψαι,
2823 1234 2925 1287 οὐκ
2950 1234 3194 1305 ἠδυνήθη
3222 1234 3299 1301 δὲ,
3331 1233 3426 1287 τοῦ
3445 1235 3657 1287 Δεσπο-

2085 1320 2243 1374 τικοῦ
2270 1320 2430 1389 λόγου
2469 1324 2688 1397 πάντως
2717 1325 2793 1397 μὴ
2824 1325 3127 1397 δυναμένου
3161 1327 3467 1380 διαπεσεῖν.
3511 1326 3657 1378 Ἀλλ’

2084 1409 2166 1471 είς
2215 1409 2472 1466 τοσοῦτον
2529 1406 2677 1482 ἦλθε
2714 1414 3096 1484 περιφανείας,
3144 1413 3222 1477 ῶς
3270 1413 3439 1484 ψήφῳ
3494 1414 3657 1484 κοινῇ

2088 1493 2354 1566 βασιλέως
2390 1516 2452 1551 τε
2509 1505 2603 1554 καὶ
2663 1502 2887 1556 συνόδου
2944 1502 3046 1572 τῆς
3107 1503 3259 1574 ἱερᾶς
3291 1540 3307 1565 ,
3344 1499 3425 1556 ἔτι
3467 1500 3527 1553 δὲ
3563 1502 3662 1554 καὶ

2088 1588 2397 1661 συγκλήτου
2449 1592 2634 1665 πάσης
2668 1635 2684 1661 ,
2744 1595 2856 1648 τῶν
2910 1595 3386 1666 ἑκκλησιαστικῶν
3447 1593 3663 1666 θρόνων

2088 1681 2188 1747 τῆς
2222 1683 2351 1746 νέας
2380 1687 2619 1757 ταυτησὶ
2653 1686 2876 1759 Ῥώμης
2917 1688 3068 1755 ἄξιος
3099 1686 3513 1757 ἀποδειχθῆναι,
3553 1686 3665 1739 κᾶν

409 1780 525 1819 rem
572 1780 910 1837 repugnans,
971 1766 1250 1836 faStigium
1319 1780 1375 1823 et
1426 1769 1863 1839 magnitudinem
1906 1770 1986 1825 di-

2091 1773 2253 1839 αύτδς
2279 1774 2357 1845 τῷ
2386 1776 2510 1830 λίαν
2538 1778 2779 1849 ταπεινῷ
2807 1780 2903 1833 κα)Ι
2935 1779 3144 1851 μετρίῳ
3187 1777 3284 1833 τοῦ
3309 1778 3476 1849 ῆθους
3504 1777 3630 1831 άπώ
3651 1809 3667 1822 ο

409 1854 632 1925 gnitatis
663 1857 916 1927 religiose
973 1858 1293 1915 declinaret.
1352 1862 1495 1932 Ergo
1531 1861 1716 1934 [hujus
1745 1863 1981 1918 oratoris

2091 1881 2219 1921 σατο
2259 1868 2360 1941 τὴν
2411 1869 2668 1936 ἁξίαν,τδ
2695 1871 2798 1942 τῆς
2836 1871 3104 1943 καθέδρας
3136 1871 3293 1943 ὕψος,
3343 1871 3438 1926 καὶ
3464 1871 3526 1924 τὸ
3567 1872 3666 1941 μέ-

409 1946 545 2019 ore]
617 1948 1003 2019 imperatorem
1078 1968 1241 2007 avum
1303 1952 1385 2010 sic
1441 1955 1742 2025 alloquitur
1772 1955 1929 2026 (66)
1966 1974 1982 2011 :

410 2037 863 2110 Quandoquidem
923 2044 1247 2112 parentibus
1296 2043 1531 2116 singulis
1588 2046 1738 2115 (67)
1788 2047 1987 2116 praeci-

413 2148 587 2202 puum
623 2135 915 2202 quemdam
964 2150 1209 2191 amorem
1247 2152 1374 2209 erga
1432 2138 1641 2193 liberos
1677 2146 1874 2192 natura
1905 2138 1990 2191 in-

413 2228 719 2296 generavit,
756 2229 956 2283 rationi
988 2239 1425 2286 consentaneum
1456 2243 1542 2287 est
1576 2232 1791 2302 utique,
1855 2239 1915 2284 ut
1947 2231 1985 2286 ii

411 2327 593 2372 errata
629 2321 795 2372 etiam
827 2318 1146 2375 eorumdem
1181 2320 1443 2392 obtegere
1492 2329 1549 2376 et
1598 2321 1874 2377 occultare
1897 2335 1988 2374 ve-

412 2410 535 2465 lint.
565 2410 719 2479 Quod
759 2412 804 2467 si
831 2425 987 2483 pater
1012 2429 1155 2469 unus
1191 2414 1389 2485 aliquis
1419 2413 1591 2468 illium
1631 2414 1850 2483 copiose
1881 2414 1983 2482 21

414 2513 578 2574 atque
604 2505 906 2561 honoriﬁce
940 2507 1271 2572 laudaverit,
1304 2522 1413 2562 non
1447 2507 1694 2577 eﬂ'ugiet,
1724 2505 1857 2577 quin
1883 2520 1986 2559 au-

353 2660 356 2664 ,
415 2597 626 2652 ditores
674 2598 795 2653 illas
844 2598 1039 2651 laudes
1082 2596 1400 2661 ementitas,
1449 2607 1506 2650 et
1537 2596 1879 2650 laudatorem
1914 2595 1985 2649 ob

413 2688 745 2744 charitatem
780 2688 1320 2758 propensionemque
1359 2688 1667 2742 naturalem
1697 2686 1985 2756 deceptum

415 2794 748 2849 magnopere
799 2780 1174 2849 suspicentur.
1206 2780 1409 2835 Contra
1464 2795 1551 2843 ea,
1604 2778 1647 2833 si
1701 2779 1871 2833 lilium
1901 2778 1988 2833 vel

415 2873 523 2936 levi
558 2871 988 2941 reprehensione
1012 2871 1425 2941 perstrinxerit,
1457 2886 1650 2925 rursus
1683 2886 1749 2925 ex
1782 2870 1989 2925 diame-

420 2977 509 3021 tro
532 2965 766 3019 nimium
818 2963 988 3019 fuisse
1018 2965 1411 3034 reprehensum
1448 2964 1903 3033 interpretantur,
1933 2972 1991 3018 et

419 3059 644 3129 adaeque
672 3068 953 3130 arguunt._
989 3058 1159 3128 lgitur
1191 3074 1316 3112 eum
1349 3069 1429 3123 tu,
1467 3066 1621 3127 pater
1653 3073 1833 3120 meus,
1881 3067 1987 3111 tam

417 3153 575 3207 valde
609 3151 742 3207 mihi
771 3151 1045 3215 irascaris,
1076 3150 1358 3219 multaque
1389 3160 1446 3206 et
1479 3150 1625 3203 varia
1661 3151 1714 3203 in
1746 3166 1830 3205 me
1852 3165 1985 3204 con-

418 3245 560 3297 vicia
578 3252 633 3298 et
662 3242 949 3297 maledicta
973 3241 1196 3297 assiduo
1220 3242 1417 3312 jactes.
1451 3242 1710 3311 quodque
1739 3241 1984 3294 omnium

419 3335 800 3400 durissimum,
831 3343 885 3389 et
909 3350 937 3388 a
973 3349 1083 3404 quo
1127 3350 1236 3388 non
1285 3335 1462 3389 solum
1499 3335 1736 3390 dicendo
1776 3335 1984 3405 lingua,

419 3430 516 3489 sed
551 3429 715 3489 etiam
748 3427 1024 3487 audiendo
1046 3442 1208 3486 aures
1233 3444 1366 3487 meae
1400 3428 1723 3497 abhorrent,
1753 3445 1876 3485 eum
1902 3445 1990 3484 ca-

419 3525 520 3595 piti
555 3535 649 3580 tuo
674 3524 992 3595 frequenter
1024 3524 1220 3578 malam
1268 3533 1479 3594 pestem
1524 3522 1860 3592 imprecatus
1892 3523 1990 3587 sis,

422 3622 463 3672 si
500 3636 602 3684 ego
637 3635 877 3688 unquam
915 3619 982 3673 ad
1040 3619 1211 3673 ullum
1257 3633 1438 3687 operm
1474 3617 1713 3686 pretium
1774 3615 1983 3670 facien-

419 3712 550 3765 dum
614 3711 816 3765 habilis
867 3719 923 3763 et
956 3710 1242 3780 appositus
1290 3708 1513 3777 viderer
1543 3727 1556 3761 :
1591 3706 1849 3778 quodque
1901 3706 1985 3761 vel

418 3806 537 3874 ipsa
586 3813 764 3859 morte
802 3802 1044 3858 amarius
1074 3809 1178 3864 est,
1211 3818 1335 3861 cum
1386 3801 1598 3855 minuta
1633 3799 1882 3870 quaedam
1933 3808 1991 3854 et

417 3896 644 3950 fortuita
676 3902 872 3949 eventa
914 3894 1167 3948 ccelcstes
1196 3891 1650 3963 signiﬁcationes,
1704 3890 1989 3960 divinique

418 3985 632 4040 consilii
658 3984 1156 4039 demonstrationes
1184 3983 1486 4049 existimes,
1502 3980 1704 4053 quibus
1721 3983 1788 4039 ad
1811 3999 1989 4056 popu-

404 4071 503 4133 los
555 4077 788 4144 imperio
844 4075 1112 4146 regendos
1173 4076 1394 4145 ineptus
1458 4076 1755 4141 ostendar,
1819 4077 2015 4145 quis,

415 4187 624 4240 quaeso,
645 4171 1012 4224 Romanorum
1046 4168 1428 4228 haecaudiens,
1449 4183 1561 4221 non
1592 4178 1644 4221 te
1670 4170 1842 4223 maria
1877 4180 1989 4224 tota

419 4262 800 4325 improborum
856 4259 1165 4313 facinorum
1198 4256 1311 4327 (68)
1342 4272 1557 4311 meeum
1615 4258 1682 4311 de
1721 4274 1806 4312 me
1854 4274 1987 4313 con-

419 4351 560 4406 scire
601 4345 1146 4403 arbitrabitur?ldeo
1179 4355 1364 4401 autem
1390 4346 1603 4403 modica
1636 4350 1886 4418 quaedam
1922 4350 1987 4405 ad

491 4470 512 4500 ⁸
549 4464 741 4521 Matth.
776 4479 830 4530 ν,
867 4464 954 4519 l5.

2096 1960 2256 2030 γεθος
2292 1961 2617 2034 εὐλαϐηθεὶς
2641 1966 2741 2035 τῆς
2765 1965 2962 2036 ἀρχῆς.
2991 1964 3178 2036 Τούτῳ
3213 1966 3278 2035 δὴ
3311 1964 3667 2036 χρησάμενος

2098 2053 2412 2125 πρεσϐευτῇ
2444 2095 2460 2121 ,
2511 2057 2782 2127 ἀναφέρει
2839 2055 2909 2110 δι’
2951 2056 3120 2110 αὑτοῦ
3168 2056 3249 2128 τῷ
3294 2056 3509 2127 βασιλεῖ
3566 2056 3666 2109 καὶ

2094 2144 2306 2217 πάππῳ
2357 2145 2538 2200 τοιάδε
2559 2162 2575 2178 ·
2623 2148 2746 2201 Τῶν
2801 2148 3217 2220 γεγεννηκότων
3250 2146 3472 2201 πάντων
3522 2145 3665 2217 πρὸς

2094 2238 2223 2301 τοὺς
2269 2237 2329 2303 ἐξ
2371 2238 2552 2293 αὐτῶν
2584 2242 2791 2311 φυσικῇ
2821 2258 2933 2294 τινι
2957 2240 3390 2310 κεκρατημένων
3420 2240 3624 2309 στοργῇ
3645 2279 3665 2304 ,

2095 2331 2244 2395 εἰκός
2292 2332 2411 2385 ἑστι
2452 2332 2625 2401 δήπου
2679 2333 2775 2387 καὶ
2817 2331 2887 2385 τὰ
2915 2331 3026 2386 τῶν
3065 2331 3274 2386 παίδων
3305 2329 3667 2401 ίλαττώματα

2098 2423 2418 2488 συσκιάζειν
2450 2424 2682 2479 ἐθέλειν.
2719 2424 2838 2478 Κάν
2868 2441 2953 2487 τις
2986 2424 3131 2495 ὑπὲρ
3161 2422 3257 2476 τοῦ
3300 2422 3494 2484 παιδὸς
3525 2420 3666 2474 πολ-

2095 2512 2221 2576 λούς
2261 2529 2414 2575 τινας
2442 2510 2686 2583 διεξέλθῃ
2721 2514 2816 2567 καὶ
2852 2513 3197 2583 θαυμασίους
3225 2511 3504 2575 έπαίνους,
3537 2510 3667 2564 ὑπο-

2094 2604 2226 2675 ψίαν
2254 2605 2316 2659 οὐ
2361 2604 2565 2676 μικράν
2604 2606 2718 2668 τοῖς
2753 2604 3016 2658 ἀκούουσι
3047 2604 3301 2675 παρέχει,
3352 2604 3431 2667 ὡς
3475 2604 3535 2658 οὐ
3563 2603 3665 2658 τοῦ

2096 2698 2289 2762 παιδὸς
2313 2697 2469 2760 όντος
2500 2697 2772 2763 τοιούτου,
2821 2696 2957 2751 ἀλλὰ
2997 2697 3182 2765 πολλῷ
3221 2696 3300 2766 τῷ
3341 2696 3523 2767 μέτρῳ
3549 2696 3666 2751 λει-

2095 2792 2335 2861 πομένου
2388 2790 2498 2843 τῶν
2540 2790 2806 2852 ἐπαίνων,
2855 2787 3022 2841 αὐτοῦ
3068 2787 3125 2841 δὲ
3176 2788 3543 2859 ἀπατωμένου
3572 2787 3665 2840 διὰ

2095 2883 2193 2954 τὴν
2225 2883 2411 2953 σχέσιν
2462 2882 2561 2952 τὴν
2605 2882 2744 2953 πρὸς
2800 2880 2990 2936 αὐτόν.
3027 2881 3124 2934 Ἂν
3181 2879 3226 2933 δ’
3279 2881 3308 2934 ό
3351 2880 3538 2951 πατὴρ
3583 2879 3665 2949 τῷ

2096 2973 2248 3026 παιδί
2280 2990 2403 3026 τινα
2453 2974 2550 3027 καὶ
2600 2971 2796 3043 μικρὸν
2844 2970 3254 3044 προστρίψηται
3280 2971 3471 3041 ψόγον,
3498 2971 3664 3026 πάλιν

2096 3065 2160 3117 ἐκ
2192 3063 2487 3134 διαμέτρου
2532 3062 2978 3117 πολλαπλασίονα
3023 3061 3118 3117 τὸν
3149 3062 3317 3132 ψόγον
3350 3061 3660 3127 ὑπονοοῦσι,

2099 3158 2197 3229 τὴν
2245 3157 2365 3228 ίσην
2406 3146 2792 3227 προστιθέντες
2825 3155 3030 3212 αἰτίαν.
3062 3154 3164 3208 Σοῦ
3208 3155 3391 3210 τοίνυν
3418 3155 3512 3209 τοῦ
3553 3172 3661 3209 πα-

2092 3251 2219 3321 τρὸς
2264 3248 2388 3304 κατ’
2413 3249 2545 3320 ἐμοῦ
2609 3249 2705 3303 τοῦ
2751 3247 2944 3312 παιδὸς
2997 3246 3173 3312 οὕτως
3226 3247 3660 3317 ὲξωργισμένου,

2096 3344 2190 3397 καὶ
2262 3340 2466 3404 πολλὰς
2529 3339 2624 3393 καὶ
2667 3338 2923 3402 ποικίλας
2979 3337 3253 3409 ὁσημέραι
3295 3338 3662 3409 καταχέοντος

2096 3435 2193 3498 τὰς
2230 3433 2497 3502 λοιδορίας
2545 3433 2639 3485 καὶ
2672 3431 2743 3485 τὰ
2773 3430 2950 3499 ὀνείδη
2974 3469 2990 3495 ,
3038 3430 3133 3483 καὶ
3186 3429 3248 3483 τὸ
3292 3428 3512 3482 πάντων
3537 3429 3662 3497 ἐμοὶ

2102 3527 2435 3599 βαρύτατον,
2468 3524 2564 3578 καὶ
2601 3524 2630 3577 ὃ
2687 3521 2817 3594 μήτ’
2856 3521 3099 3586 ἀκούειν,
3144 3523 3280 3593 μήτε
3323 3521 3504 3590 λέγειν
3529 3520 3659 3572 ἀνε-

2096 3622 2226 3676 κτὸν
2274 3620 2417 3688 ἐμοὶ,
2452 3616 2599 3671 κατὰ
2658 3616 2890 3670 σεαυτοῦ
2949 3614 3212 3678 πολλάκις
3264 3614 3331 3667 τὰ
3377 3611 3657 3665 δεινότατα

2096 3708 2476 3777 ὲπαρωμένου,
2539 3705 2712 3758 εἷποτ’
2746 3703 2859 3773 ἐγὼ
2914 3703 3050 3771 πρός
3109 3720 3166 3756 τι
3224 3701 3335 3756 τῶν
3370 3699 3662 3771 χρησίμων

2096 3796 2312 3865 εὐφυῶς
2347 3794 2485 3865 ἔχων
2518 3794 2772 3863 φανείηνο
2805 3791 2868 3844 τὸ
2917 3790 2962 3844 δ’
2995 3789 3076 3844 ἔτι
3107 3789 3168 3844 ὃν
3197 3789 3434 3845 θανάτου
3468 3787 3663 3858 πικρό-

2098 3907 2279 3960 τερον,
2311 3892 2375 3943 τὸ
2412 3890 2508 3944 καὶ
2538 3888 2713 3961 μικρά
2741 3906 2864 3943 τινα
2901 3888 3240 3959 συμϐάματα
3272 3887 3345 3952 ὡς
3380 3887 3570 3957 ἔτυχεν
3596 3887 3664 3940 ὲκ

2087 3982 2181 4035 τοῦ
2222 3981 2595 4053 συμπεσόντος
2621 3979 2993 4052 γεγενημένα,
3020 3980 3352 4051 θεοσημείας
3399 3979 3496 4034 καὶ
3524 3977 3665 4034 Θεοῦ

2093 4077 2291 4149 βουλῆς
2330 4077 2704 4147 ἀποκαλύψεις
2749 4075 3024 4147 ἡγεῖσθαι,
3071 4076 3174 4145 ἐμὲ
3224 4075 3326 4144 τῆς
3375 4073 3658 4144 βασιλείας

2090 4171 2190 4223 οὐκ
2244 4168 2398 4233 ἄξιον
2430 4166 2872 4234 ἀποδεικνύντος,
2926 4165 3012 4230 τίς
3066 4166 3222 4221 ἔσται
3265 4165 3558 4237 Ῥωμαίων
3605 4164 3665 4230 ὃς

2086 4259 2262 4312 ταῦτα
2291 4258 2529 4323 ἀκούων,
2559 4258 2619 4312 οὐ
2670 4258 2945 4322 θαλάσσας
2993 4259 3121 4322 ὅλας
3171 4258 3361 4312 κακῶν
3392 4259 3512 4326 ἐμοὶ
3544 4270 3665 4309 συνέ

2089 4351 2287 4407 ειδέναι
2338 4354 2605 4421 λογιεῖται
2662 4351 2757 4405 τὸν
2805 4352 3051 4432 πατέρας
3093 4352 3203 4406 Καὶ
3235 4351 3324 4406 διὰ
3368 4352 3527 4404 τοῦτο
3567 4351 3665 4403 καὶ

1684 4540 1900 4601 Jacobi
1936 4542 2201 4604 Pontani
2239 4547 2425 4602 nota).

419 4648 489 4701 ab
519 4644 778 4726 llomero,
810 4641 987 4726 aliove
1013 4652 1171 4726 poeta
1195 4642 1547 4726 sumpserit,“
1562 4651 1620 4726 et
1647 4661 1714 4726 an
1747 4646 1985 4715 priorem
2023 4655 2064 4708 υ
2096 4648 2342 4726 tionibus
2376 4657 2603 4726 servat:
2637 4645 2931 4726 ubidegati
2973 4657 3260 4726 personam
3306 4641 3662 4726 mittentis'in

420 4731 613 4797 vocent
642 4713 961 4797 mutaverit,
990 4712 1035 4768 si
1075 4712 1303 4767 forsitan
1326 4712 1496 4783 μῆνιν
1523 4714 1648 4797 fuit,
1681 4712 1896 4797 ignoro.

492 4784 605 4855 (65)
646 4783 1000 4852 Philosophia
1032 4798 1141 4838 non
1173 4798 1389 4855 semper
1418 4793 1506 4839 est
1548 4785 1637 4837 illa
1677 4783 1987 4841 divinarum

419 4853 898 4920 humanarumque
941 4869 1126 4908 rerum
1182 4853 1462 4921 cognitio:
1496 4869 1641 4922 sa-pe
1669 4855 1816 4908 enim
1852 4858 1990 4912 libe-

424 4925 592 4979 ralem
629 4922 955 4992 doctrinam,
988 4939 1082 4977 seu
1131 4924 1502 4978 eruditionem
1540 4925 1855 4992 ingenuam,
1888 4942 1985 4982 seu

424 4993 732 5062 φιλολογίαν
761 4991 933 5046 Graeci
975 4993 1078 5046 hoc
1117 4992 1285 5047 verbo
1324 4991 1660 5062 exprimunt.
1721 4995 1988 5051 Isocrates

425 5065 480 5117 in
518 5062 710 5133 primis
741 5062 840 5130 (ex
887 5078 997 5130 quo
1037 5063 1191 5132 plura
1231 5063 1548 5117 testimonia
1594 5064 1827 5119 Budaeus
1858 5081 1988 5133 pro-

422 5131 565 5201 fert)
598 5133 689 5202 qui
717 5133 879 5187 etiam
927 5133 1177 5203 oratione
1208 5135 1339 5202 περὶ
1369 5134 1468 5195 τῆς
1503 5135 1731 5203 εἰρήνης
1765 5135 1816 5186 in
1859 5131 1990 5200 line,

424 5203 747 5272 φιλοσόφους
812 5211 971 5272 vocat
1006 5202 1256 5257 homines
1310 5202 1621 5256 litterarum
1677 5202 1991 5272 Studiosos,

421 5267 549 5342 quia
606 5267 663 5327 et
709 5267 1040 5340 φιλοσοφεῖν,
1092 5271 1426 5342 σπουδάζειν
1481 5273 1775 5342 signiﬁcat.
1840 5271 1992 5327 Sacri

420 5344 721 5412 scriptores
765 5342 934 5396 Graeci
979 5341 1220 5395 studium
1244 5343 1369 5397 vita:
1393 5341 1716 5412 innocenter
1731 5351 1787 5394 ct
1805 5353 1995 5398 sancte

421 5409 644 5481 agendae
670 5411 1015 5479 frequentius
1047 5413 1364 5481 φιλοσοφίαν
1410 5409 1715 5473 nominant,
1748 5412 1875 5478 quia
1914 5412 1997 5465 ni-

375 5502 378 5507 λ
421 5480 621 5535 niirum
662 5483 820 5534 timor
850 5481 1061 5534 Domini
1100 5480 1378 5549 disciplina
1407 5481 1680 5547 sapientia:
1698 5488 1737 5547 ,ε
1761 5484 1993 5534 Prover-

419 5550 638 5604 bierunt
668 5552 842 5620 capite
870 5552 1082 5605 decimo
1120 5553 1335 5618 quinto.

496 5623 609 5691 (66)
647 5623 805 5674 Amat
857 5632 1046 5673 noster
1083 5620 1382 5674 historicus
1426 5620 1727 5681 orationes,
1758 5635 1878 5688 qum
1910 5620 1995 5673 di-

420 5702 582 5745 recta:
612 5698 900 5751 vocantur,
936 5691 1039 5743 hoc
1067 5700 1171 5749 est,
1203 5704 1300 5756 per
1325 5693 1555 5756 primam
1589 5705 1876 5757 personam
1937 5701 1995 5745 et

422 5761 781 5815 indicativum
835 5761 1056 5812 modum
1094 5769 1403 5829 (conceptas
1459 5760 1642 5829 (quod
1704 5761 1756 5810 in
1805 5762 1992 5827 pra-fa-

422 5830 573 5885 tione
620 5831 880 5883 lectorem
919 5826 1295 5896 monuimus),
1326 5839 1382 5884 et
1430 5826 1534 5885 hoc
1564 5829 1728 5885 etiam
1759 5826 1813 5886 in
1843 5831 1996 5894 lega-

2095 4718 2330 4771 dicendo
2376 4717 2629 4771 induunt.
2671 4712 2913 4770 Primum
2949 4712 3260 4781 exemplum
3298 4722 3382 4766 est
3433 4712 3539 4765 hoe
3573 4712 3668 4765 Jo-

2092 4787 2271 4856 sephi.
2312 4786 2432 4852 Quo
2476 4803 2563 4841 res
2606 4786 2762 4840 fieret
2802 4785 3045 4856 planior.
3099 4784 3230 4856 illas
3273 4796 3456 4848 voces,
3506 4782 3667 4851 hujus

2091 4852 2318 4912 oratoris
2334 4873 2443 4912 ore.
2485 4857 2553 4910 de
2580 4864 2769 4909 nostro
2797 4852 3074 4908 addendas
3105 4852 3382 4906 duximus.

2164 4929 2275 4996 (67)
2320 4926 2530 4995 Saepius
2559 4939 2719 4996 avum
2754 4933 2961 4990 patrem
3000 4922 3296 4996 _nominat_;
3348 4934 3476 4996 vere
3515 4921 3665 4996 enim

2092 4991 2377 5067 pater'est,
2408 4991 2672 5067 quamvis
2716 5009 2823 5067 non
2839 4992 3162 5067 proximus,
3186 4991 3280 5067 sed
3333 4991 3528 5058 major,
3562 4994 3668 5046 hoc

2093 5059 2219 5127 est.
2270 5059 2571 5132 antiquior.
2621 5062 2774 5118 Unde
2831 5059 3139 5132 Germanis,
3199 5059 3508 5132 Grossvater
3548 5076 3568 5115 :
3610 5069 3668 5132 et

2089 5136 2351 5191 defuncto
2368 5129 2632 5187 Michaele
2655 5139 2808 5200 patre
2837 5130 3096 5193 naturali,
3116 5145 3252 5184 avus
3274 5138 3393 5182 erat
3415 5129 3465 5182 ei
3496 5129 3669 5197 patris

2088 5206 2212 5259 loco
2264 5201 2776 5271 Diligehaturitem
2819 5209 2944 5271 utra
2970 5210 3124 5269 patre
3161 5200 3324 5271 illius,
3355 5209 3410 5254 et
3440 5214 3666 5271 revere-

2089 5275 2249 5328 hatur
2282 5267 2408 5327 cum
2452 5270 2691 5325 vicissim
2726 5278 2787 5323 ut
2829 5267 2985 5324 ﬁlius
3002 5278 3248 5340 patrem;
3285 5268 3392 5324 hoc
3418 5268 3565 5323 enim
3597 5267 3669 5322 de

2090 5359 2149 5399 se
2183 5342 2333 5398 credi
2360 5345 2497 5396 vult.

2162 5413 2277 5477 (6s)
2318 5412 2455 5467 Cum
2506 5410 2802 5479 proverbio
2842 5410 3127 5473 dicamus,
3171 5424 3322 5464 mare
3357 5408 3666 5479 bonorum,

2090 5481 2256 5539 sicut.
2296 5498 2447 5535 mare
2493 5477 2786 5540 titalorum.
2815 5497 2918 5550 pro
2958 5480 3451 5550 innumerabilibus
3508 5477 3670 5531 bonis

2091 5569 2154 5604 ac
2185 5552 2369 5610 malis.
2398 5552 2670 5605 sententia
2704 5548 2962 5619 postulat,
2995 5560 3053 5603 ut
3080 5548 3271 5619 κακῶν
3293 5548 3384 5603 hic
3412 5563 3520 5619 non
3556 5563 3670 5599 ma-

2094 5620 2286 5683 lorum,
2314 5622 2406 5675 sed
2467 5616 2734 5683 vitiarunt,
2765 5631 2859 5674 aut
2888 5622 3146 5674 malorum
3171 5618 3465 5687 facinorum
3497 5616 3669 5669 inter-

2091 5702 2393 5761 pretemur.
2421 5691 2586 5745 Auxit
2614 5707 2726 5746 rem
2758 5692 2935 5752 valde,
2965 5705 3090 5742 cum
3126 5690 3324 5760 adjecit
3345 5690 3493 5753 ὅλας,
3531 5694 3665 5751 tota,

2094 5763 2339 5832 dixitque
2377 5762 2655 5826 θαλάσσας
2679 5762 2785 5813 τῶν
2821 5761 3030 5813 κακῶν.
