4038 6212
337 354 404 416 85
1519 364 1875 424 HISTORIA

1982 367 2062 428 ῙΜ
2109 371 2338 433 LIBER
2373 375 2426 434 I.
3515 389 3583 450 86

336 473 507 542 μικρά
571 489 698 526 τινα
767 475 1093 545 προχεῖσθαι
1165 476 1278 538 τοϊς
1338 474 1482 540 ἔξω,
1551 476 1750 547 δεῖγμα
1818 496 1875 532 το

1982 484 2156 540 .alios
2187 486 2286 541 abs
2339 498 2388 544 te
2446 489 2706 559 profundi
2769 492 2904 560 (69),
2950 503 3020 546 ut.
3063 507 3392 566 argumento
3448 498 3580 563 sint,

331 567 721 635 κεκρυμμένου
779 566 1024 635 πλήθους
1075 567 1184 620 τῶν
1238 568 1530 639 ἀφορήτων
1579 571 1771 624 κακῶν
1811 572 1908 627 καί

330 673 409 708 σοι
461 654 540 725 τῷ
593 657 787 724 πατρί·
824 657 960 710 ὅπου
1011 674 1076 725 γε
1131 659 1227 712 καὶ
1262 658 1635 728 θαυμάζοντός
1679 678 1775 714 σου
1809 666 1906 718 καὶ

329 748 556 812 πολλοὺς
614 749 874 814 ἐπαίνους
932 751 1249 817 διεξιόντος,
1285 753 1383 807 καὶ⁵
1419 754 1582 808 πλέον
1614 756 1908 827 σεμνύνον-

326 857 412 904 τος
465 840 495 908 ἢ
541 841 818 911 προσῆκε,
848 841 1058 904 τούτοις
1108 842 1165 896 δὲ
1221 844 1370 908 είκδς
1424 841 1492 916 ἦν
1538 845 1633 899 τὸν
1681 847 1907 903 ἔπαινον

328 932 684 992 ὑποπτεύειν.
713 934 778 1002 τῇ
806 932 945 1000 πρὸς
967 933 1060 986 τὸν
1092 935 1259 989 παῖδα
1293 935 1533 989 διαθέσει
1559 938 1721 992 τοῦτο
1755 940 1905 1009 λογιι

328 1024 611 1094 ζομένους-
651 1024 820 1077 Ταῦτ’
852 1024 1001 1077 ἔστιν
1032 1025 1068 1079 ἆ
1113 1043 1180 1096 με
1217 1027 1400 1094 λυπεῖ,
1459 1031 1556 1084 καὶ
1598 1031 1697 1102 τὴν
1755 1031 1904 1102 ζωὴν

327 1116 668 1188 ἀηδεστέραν
704 1119 853 1169 ποιεῖ
910 1117 1168 1172 θανάτου.
1230 1119 1597 1192 ’Δμαρτάνειν
1653 1123 1754 1192 μὲν
1807 1120 1904 1179 οὖν

325 1207 559 1274 ὁμολογῶ
605 1207 706 1260 καὶ
745 1207 976 1277 πληγῶν
1020 1208 1147 1273 ἄξια
1201 1212 1297 1264 καὶ
1334 1213 1642 1283 μαστίγων’
1688 1217 1786 1270 καὶ
1834 1211 1905 1288 ἦν

327 1298 388 1350 ἂν
435 1299 554 1367 Ιιμοὶ⁹
617 1301 732 1352 τῶν
773 1301 1112 1369 εὐεργεσιῶν
1152 1304 1184 1372 ἡ
1219 1304 1494 1374 μεγίστη,
1538 1307 1593 1358 εῐ
1619 1324 1684 1375 γε
1717 1309 1775 1362 ὲν
1824 1309 1902 1379 τῷ

328 1390 693 1460 κεκρυμμένῳ
727 1392 883 1462 παρὰ
916 1392 1012 1446 σοῦ
1047 1393 1141 1447 τοῦ
1166 1395 1376 1466 πατρὸς
1409 1397 1519 1450 τῶν
1559 1400 1902 1469 σφαλμάτων

329 1482 479 1551 χάριν
517 1485 987 1555 ἑμαστιγούμηνο
1037 1487 1097 1539 τὸ
1145 1486 1191 1540 δ’
1229 1488 1309 1546 εἰς
1340 1488 1548 1543 τούτων
1599 1491 1897 1561 ἐξάγεσθαι

331 1574 422 1645 τὴν
454 1575 646 1645 ὀργὴν,
685 1577 765 1640 ὡς
799 1579 894 1630 καὶ
924 1579 1138 1632 πολλῶν
1177 1582 1462 1651 παρόντων
1493 1582 1640 1638 οὕτω
1680 1603 1897 1657 προπη-

328 1664 626 1730 λακίζεσθαι
647 1709 663 1735 ,
699 1670 922 1725 πάντων
956 1672 1347 1744 ἀνιαρώτερον.
1387 1675 1487 1728 Ἂν
1516 1676 1704 1732 τοίνυν
1733 1679 1895 1734 ἵλεων

2012 593 2174 647 quam
2227 581 2399 635 multa
2462 582 2644 637 adhuc
2693 591 2746 638 et
2803 584 3194 652 intolerabilia,
3249 589 3414 643 etiam
3479 591 3580 647 tibi

2012 668 2180 736 patri,
2219 669 2453 725 crimina
2485 688 2603 726 mea
2655 675 2997 730 conscientia
3037 684 3129 732 tua
3163 680 3460 734 constricta
3505 691 3586 738 te-

2010 770 2280 825 neantur;
2339 779 2458 816 cum
2517 771 2567 818 te
2617 776 2871 836 nepotem
2929 769 3257 834 admirante,
3309 779 3364 823 et
3401 775 3584 829 nniltis

2011 848 2270 904 laudibus
2325 852 2451 920 plus
2501 870 2658 922 aequo
2691 855 2961 911 cﬂerentc
2995 875 3059 914 ac
3093 860 3422 923 honorantc,
3464 863 3585 916 illos

2011 939 2160 1009 ipsos
2212 943 2660 1010 prazdicationem
2689 962 2808 1000 eam
2856 962 3172 1020 suspectam
3221 952 3446 1010 habere.
3489 970 3578 1020 pa-

2006 1036 2274 1100 ternoque
2313 1033 2534 1088 all‘ectui
2569 1036 2875 1092 attribuere
2913 1040 3083 1110 magis
3117 1041 3415 1096 decuisset.
3459 1043 3582 1096 llaec

2005 1131 2134 1175 sunt
2164 1139 2284 1192 quae
2333 1141 2420 1181 me
2453 1137 2734 1198 torquent,
2763 1131 3041 1201 vitamque
3075 1133 3210 1188 mihi
3257 1143 3432 1189 morte
3463 1136 3578 1204 ip~a

2004 1211 2376 1272 insuaviorem
2437 1221 2696 1276 reddunt.
2730 1224 2995 1280 Peccasse
3032 1242 3141 1291 tne,
3187 1235 3245 1281 et
3287 1227 3461 1296 plagis
3517 1243 3580 1281 ac

2003 1303 2187 1375 ﬂagris
2220 1310 2487 1378 expianda
2516 1314 2858 1369 commisisse
2893 1333 3000 1370 non
3039 1317 3130 1370 ibo
3165 1317 3400 1380 inficias,
3432 1334 3580 1372 sum-

2003 1398 2190 1467 mique
2241 1400 2498 1457 beneﬁcii
2531 1404 2655 1459 loco
2680 1422 3056 1471 numerarem,
3092 1408 3138 1462 si
3186 1409 3239 1462 in
3271 1409 3458 1463 abdito
3488 1421 3579 1465 tua

2002 1505 2190 1554 manu,
2239 1502 2418 1562 pater,
2450 1511 2645 1567 poenas
2673 1512 2704 1551 a
2736 1514 2824 1554 me
2870 1511 3154 1569 repeteres
3189 1501 3300 1572 (70)
3338 1520 3350 1555 :
3387 1519 3581 1557 verum

2000 1597 2174 1651 usque
2206 1600 2273 1639 eo
2301 1585 2485 1642 laxare
2515 1588 2759 1645 habenas
2789 1591 3092 1648 iracundia
3127 1603 3207 1660 ut,
3243 1596 3494 1665 quamvis
3523 1597 3575 1650 in

1998 1675 2292 1740 praesentia
2339 1676 2639 1732 multorum
2679 1679 2753 1735 ita
2799 1682 3067 1738 maledice
3123 1700 3210 1741 me
3243 1685 3474 1749 laceres,
3522 1687 3575 1740 id

331 1755 608 1828 ἒπιῦλέψας
658 1761 686 1813 ὁ
715 1761 852 1825 Θεὸς
899 1766 1020 1826 ταῖς
1071 1765 1233 1834 ἐμαῖς
1276 1767 1603 1836 ἁμαρτίαις,
1630 1769 1864 1842 ὁδηγήσε

1997 1766 2255 1833 estquod
2302 1783 2592 1826 mocrorem
2650 1773 2787 1828 mihi
2847 1775 2991 1844 parit
3056 1777 3463 1832 incredibilem.
3519 1778 3575 1833 Si

336 1847 424 1900 καί
471 1866 527 1902 σε
581 1852 890 1919 πραότερον
930 1872 1020 1923 μοι
1056 1857 1314 1923 γενέσθαι
1347 1860 1442 1912 καὶ
1477 1862 1786 1936 συμπαθεῖν
1816 1863 1892 1927 ῶς

342 1939 449 2008 υἱῷ,
484 1941 619 1996 τοῦτ’
643 1945 708 1998 ἂν
738 1941 824 2014 εἴη
857 1946 1155 2015 βέλτιστον·
1187 1951 1237 2004 εἰ
1257 1951 1302 2004 δ’
1330 1953 1532 2023 ὁμοίως
1562 1955 1754 2024 ὥσπερ
1793 1958 1890 2012 νῦν

346 2027 441 2119 κάν
470 2033 572 2094 τοῖς
607 2032 801 2101 ὶφεξῆς
840 2037 1117 2090 τελεῖσθαι
1167 2039 1373 2109 μέλλει,
1418 2043 1607 2113 ἔτερος
1648 2048 1890 2119 προϐλη-

354 2114 491 2181 bima
542 2135 618 2169 σοι
663 2120 903 2189 βασιλεὺς
930 2164 945 2189 ,
994 2125 1053 2187 ὃς
1088 2128 1153 2180 ἄν
1180 2145 1263 2182 σοι
1316 2130 1442 2202 δόξῃ
1481 2114 1754 2205 χρήσιμος
1792 2114 1886 2190 καὶ

368 2206 538 2269 καλός.
588 2210 761 2264 Ταῦτα
810 2209 1382 2290 διαπρεσϐευσάμενος
1422 2223 1622 2296 Ἰωσὴφ
1656 2229 1713 2294 ἐξ
1764 2231 1884 2285 Ἀν-

365 2297 578 2390 ipsulm:
603 2301 848 2372 βασιλέως
899 2309 1038 2379 πρὸς
1076 2312 1169 2365 τὸν
1221 2315 1446 2370 πάππον
1491 2321 1584 2372 καὶ
1627 2320 1879 2390 βασιλέα.

351 2383 467 2442 Εἶτα
505 2394 590 2446 καὶ
619 2396 750 2465 παρ’
775 2399 974 2454 ἑαυτοῦ
1008 2405 1239 2474 συχνούς
1275 2425 1430 2472 τινας
1470 2383 1764 2482 ἐγκωμίων
1791 2416 1882 2470 λό-

341 2495 453 2545 γους
483 2482 568 2577 tot?
622 2487 742 2541 νέου
778 2489 1044 2559 βασιλέως
1091 2495 1477 2568 διεξελθόντος,
1536 2503 1628 2557 καὶ
1685 2507 1880 2577 πράως

331 2586 436 2632 πως
462 2575 838 2674 καθαψαμένου
885 2585 978 2638 τοῦ
1016 2587 1283 2658 βασιλέως
1309 2633 1324 2659 ,
1360 2595 1436 2658 ὡς
1466 2575 1802 2671 τραχύτερον
1845 2604 1876 2674 ἢ

324 2669 568 2761 πφσήκει
609 2679 1072 2747 προσφερομένου
1111 2681 1189 2752 τῷ
1237 2685 1363 2755 νέῳ,
1397 2669 1739 2761 ἁντεμήνυσε
1785 2669 1878 2749 καί

312 2756 460 2821 αὐτὰς
485 2764 732 2818 τοιαῦτα·
763 2769 887 2822 Τῶν
917 2772 1093 2827 ἄλλων
1127 2776 1348 2832 πάντων
1375 2782 1640 2853 πατέρων.
1661 2787 1775 2854 ἅμα
1807 2792 1874 2861 τῇ

307 2848 407 2948 τῶν
445 2855 655 2913 παίδων
687 2863 949 2932 γεννήσει
978 2867 1038 2920 τὸ
1073 2870 1208 2940 πρὸς
1251 2872 1451 2939 αὐτοὺς
1489 2848 1712 2948 ᾇίλτρον
1735 2848 1878 2938 usus:

303 2938 466 3007 μένων
492 2948 587 2999 καὶ
631 2952 1085 3017 συναυξανόντων
1121 2961 1532 3032 αὐξανομένοις,
1574 2969 1738 3034 αὐτὸς
1780 2973 1876 3027 οὐ·

297 3049 393 3132 τως
424 3039 668 3111 ἐφίλησά
715 3061 773 3096 σε
828 3047 924 3100 καὶ
967 3049 1102 3119 πρὶν
1141 3052 1222 3114 εἰς
1253 3055 1371 3121 φῶς
1417 3060 1760 3132 προσελθεῖν,
1797 3066 1872 3129 ῶς

2001 1859 2182 1927 itaque
2239 1859 2383 1915 Deus
2445 1862 2899 1921 misericordibus
2963 1869 3141 1924 oculis
3191 1870 3392 1926 delicta
3453 1887 3573 1926 mea

2000 1949 2325 2018 respiciens,
2360 1961 2415 2007 te
2455 1968 2674 2024 quoque
2707 1956 2775 2011 ad
2839 1958 3270 2025 humanitatem,
3305 1974 3363 2018 et
3405 1963 3573 2017 misc-

1996 2043 2294 2098 ricordiam
2323 2045 2478 2111 mihi,
2508 2055 2700 2117 utpote
2729 2049 2844 2105 lilio
2875 2060 3000 2118 tuo,
3023 2053 3444 2124 impertiendam
3495 2065 3577 2116 in-

1995 2135 2233 2199 ﬂcxcrit,
2287 2136 2429 2191 nihil
2456 2132 2746 2195 acciderit.
2775 2143 2914 2198 mihi
2967 2147 3286 2214 optabilius.
3339 2154 3407 2205 At
3436 2153 3482 2206 si
3515 2154 3572 2208 in

1994 2219 2284 2296 posteruin-
2319 2227 2687 2286 nihilominus
2743 2242 2854 2287 tam
2883 2250 3076 2291 aversa
3107 2253 3137 2291 a
3173 2254 3258 2292 me
3289 2240 3570 2298 voluntate

1991 2319 2212 2375 futurus
2242 2335 2322 2388 es,
2375 2337 2541 2392 quem
2605 2324 2953 2394 probaveris.
2987 2327 3134 2382 hunc
3183 2330 3573 2400 imperatorem

1990 2428 2090 2482 pro
2119 2427 2205 2467 me
2247 2413 2504 2484 designes
2531 2415 2685 2472 licet.
2720 2416 2846 2472 Haec
2884 2417 3164 2489 Joscphus
3215 2423 3428 2494 legatus
3475 2440 3575 2480 ne-

1991 2507 2136 2577 potis
2184 2507 2330 2577 apud
2381 2525 2557 2563 avum.
2594 2509 2870 2579 exposuit.
2904 2513 3098 2568 Postea
3143 2530 3265 2570 cum
3311 2519 3569 2572 eumdem

1985 2610 2249 2672 nepotem
2295 2617 2394 2656 sua
2440 2610 2638 2671 sponte
2691 2600 2899 2657 aﬂ'atim
2932 2603 3326 2672 collaudasset,
3353 2609 3575 2663 verbis...

1986 2712 2093 2766 que
2129 2695 2448 2751 mitioribus
2484 2710 2672 2750 senem
2727 2696 2966 2752 molliter
2995 2699 3289 2766 arguisset,
3323 2701 3416 2770 qui
3477 2689 3566 2756 t’n-

1985 2787 2351 2853 clementius,
2397 2803 2562 2857 quam
2596 2803 2696 2856 pro
2724 2803 2883 2857 aequo
2926 2797 2981 2843 ct
3010 2789 3156 2846 bono
3191 2805 3250 2845 se
3290 2791 3342 2844 in
3379 2792 3572 2846 adole-

1985 2890 2230 2936 sccntcm
2267 2889 2507 2950 gereret,
2564 2878 2656 2934 ille
2692 2879 2936 2933 vicissim
2988 2880 3125 2934 talia
3145 2881 3435 2937 referenda
3467 2883 3568 2937 dc-

1983 2973 2062 3027 dit
2086 2991 2099 3026 :
2142 2971 2280 3026 Cum
2309 2981 2493 3042 patres
2523 2971 2722 3042 reliqui
2759 2987 2952 3027 omnes
2972 3011 2987 3036 ,
3037 2973 3258 3042 quando
3287 2974 3427 3028 caelo
3455 2974 3573 3029 frui

1983 3073 2277 3135 cmperunt
2334 3065 2549 3128 liberi,
2619 3073 2734 3119 tum
2771 3064 3006 3133 primum
3059 3066 3314 3135 22‘eos
3375 3082 3563 3122 amare

294 3129 376 3248 ἰαὶ
431 3132 673 3198 πολλοὺς
723 3136 836 3190 τῶν
891 3139 1338 3213 διαόεσοημένων
1384 3150 1473 3202 ἐπ’
1523 3151 1716 3226 ἀρετῇ,
1749 3129 1873 3211 ⁷καί

1982 3161 2285 3231 ineipiantj,
2333 3177 2498 3230 quem
2538 3177 2780 3216 amorem
2820 3163 2956 3232 ipsis
2981 3163 3364 3220 crescentibus
3393 3166 3566 3220 adau-

291 3220 400 3322 Θεῶ
443 3228 894 3322 προσεγγίζοντα
936 3231 1056 3301 βίον
1115 3235 1326 3302 ζῶντας
1381 3220 1874 3319 μάρτυραςψέχειν

1982 3220 2112 3322 gent
2165 3259 2222 3306 ct
2253 3220 2638 3321 liampliticant,
2697 3266 2798 3322 ego
2839 3220 2922 3306 .te
2975 3251 3115 3308 adeo
3173 3253 3330 3308 miris
3380 3255 3561 3310 niodis

286 3315 371 3367 τοῦ
403 3319 667 3390 φίλτρου.
714 3323 790 3376 Οὐ
838 3324 949 3395 γάρ
991 3328 1161 3394 ἐστιν,
1206 3333 1305 3405 οὐκ
1335 3334 1485 3389 ἔστιν
1507 3338 1682 3403 οὐδεὶς
1712 3315 1788 3393 δῖ
1809 3343 1870 3396 οὐ

282 3411 439 3502 πολλὰ
489 3414 770 3478 πολλάκις
803 3418 1082 3488 ἱκέτευσα,
1115 3421 1462 3497 θερμοτέρας
1508 3433 1602 3482 καὶ
1665 3435 1870 3502 συχνὰς

439 3508 530 3558 σοῦ
587 3506 715 3576 Θεῷ
755 3511 1062 3582 προσάγειν
1098 3515 1284 3585 εὐχὰς,
1325 3518 1402 3581 ὡς
1436 3520 1513 3589 μὴ
1549 3523 1716 3590 μόνον
1760 3501 1870 3595 μη·

273 3592 356 3646 διν
380 3594 663 3669 δυσχερὲς
719 3601 1042 3672 ἀπαντῆσαι
1075 3609 1137 3676 τῇ
1183 3611 1250 3678 σῇ
1285 3613 1563 3683 γεννήσει,
1605 3592 1869 3673 ἀλλὰκαὶ

275 3689 546 3757 τεχθέντα,
604 3691 788 3746 πάντα
821 3694 1046 3764 ἄριστον
1095 3701 1188 3752 καὶ
1245 3702 1354 3755 τῶν
1386 3706 1660 3762 τοσούτων
1691 3711 1866 3782 εὐχῶν

270 3775 407 3842 ἄξιον
438 3781 890 3853 ἀποδειχθῆναι.
945 3787 1057 3840 Καὶ
1104 3791 1265 3855 αὐτὸς
1296 3793 1352 3846 δὲ
1390 3796 1501 3865 ἐγὼ
1525 3839 1540 3863 ,
1572 3775 1864 3870 προπετῶς

273 3871 361 3938 μὲν
389 3873 475 3928 διὰ
515 3875 603 3928 τὸ
663 3875 740 3947 μὴ
780 3876 840 3929 τὸ
874 3877 1103 3949 θαρρεῖν
1149 3883 1295 3952 ἔχειν
1326 3885 1391 3937 ὲκ
1443 3886 1543 3956 τῆς
1592 3890 1687 3942 τοῦ
1743 3892 1860 3960 βίου

265 3962 638 4039 διαστροφῆς,
665 3967 942 4038 ἔπραττον
968 3970 1014 4024 δ’
1043 3971 1136 4025 οὖν
1166 3975 1341 4044 ὅμως,
1386 3977 1559 4032 πολλὰ
1600 3983 1864 4048 πολλάκις

264 4057 539 4129 ἐδάκρυσα
608 4063 1054 4132 προσευχόμενος
1116 4065 1196 4137 τῷ
1253 4067 1411 4139 Θεῷ,
1465 4070 1606 4126 ὥστε
1652 4091 1712 4127 σε
1767 4077 1862 4129 καὶ

262 4152 636 4224 γεννηθῆναι,
672 4154 766 4207 καὶ
796 4157 1131 4226 γεννηθέντα
1183 4160 1292 4212 τῶν
1317 4162 1468 4231 ἐμῶν
1499 4165 1678 4236 εὐχῶν
1708 4166 1862 4234 ἄξιον

261 4242 556 4314 ἀποϐῆναι.
641 4246 740 4298 Ὃν
797 4242 891 4301 οὖν
930 4247 1011 4301 ἔτι
1071 4254 1183 4314 τοῖς
1241 4258 1532 4325 μητρικοῖς
1591 4257 1861 4330 θαλάμοις

259 4333 688 4407 ἐνδιατρίῦοντα
719 4336 897 4402 οὕτως
945 4339 1179 4412 ἐφίλησα
1228 4343 1323 4395 καὶ
1354 4344 1505 4415 ὑπὲρ
1533 4347 1596 4398 τὸ
1632 4349 1856 4420 μέτρον,

258 4429 371 4494 πῶς
410 4433 500 4495 είς
561 4431 834 4484 τοσοῦτον
871 4433 1085 4503 ἡλικίας
1134 4437 1483 4506 προσήκοντα
1519 4439 1637 4506 νῦν,
1677 4447 1860 4511 μισεῖν

1977 3344 2156 3397 amavi
2187 3342 2325 3412 (7i),
2353 3343 2523 3397 etiam
2555 3353 2849 3412 antequam
2881 3344 2936 3398 in
2979 3359 3144 3400 auras
3181 3344 3411 3400 luminis
3445 3349 3560 3401 cxi-

1975 3450 2084 3499 res,
2122 3444 2182 3488 ut
2228 3449 2336 3488 non
2371 3449 2579 3504 paucos
2626 3449 2849 3504 quoque
2897 3445 3142 3505 spectata
3191 3438 3317 3492 vitae
3351 3442 3558 3493 sancti-

1974 3527 2159 3581 monia
2208 3526 2376 3596 hujns
2427 3526 2506 3580 rei
2540 3534 2711 3581 testes
2750 3525 3008 3583 habeam.
3064 3527 3182 3582 Non
3239 3528 3386 3582 enim
3452 3539 3554 3596 est,

1974 3637 2083 3675 non
2112 3630 2219 3686 est,
2247 3621 2496 3690 inquam,
2555 3620 2776 3674 illorum
2818 3621 2983 3685 ullus,
3030 3637 3196 3691 quem
3247 3638 3357 3677 non
3411 3639 3556 3692 saepe

1973 3712 2287 3782 impensius
2354 3713 2693 3782 rosaverim,
2746 3713 3008 3768 ardentes
3061 3722 3117 3768 et
3175 3714 3398 3769 crebras
3443 3715 3555 3769 Deo

1975 3820 2169 3874 preces
2220 3802 2477 3869 fundere,
2519 3818 2629 3858 non
2667 3813 2906 3868 tantum,
2951 3812 3012 3857 ut
3061 3820 3131 3858 ne
3167 3805 3297 3874 quid
3339 3807 3554 3860 sinistri

1973 3896 2026 3950 in
2089 3905 2273 3949 ortum
2327 3902 2482 3948 tuum
2519 3894 2812 3961 incideret,
2849 3910 3042 3950 verum
3076 3895 3243 3949 etiam
3300 3903 3359 3950 ut
3394 3905 3562 3949 natus

1970 3988 2336 4056 undequaque
2375 3987 2645 4056 optimus,
2675 3987 2936 4056 votisque
2972 3996 3080 4039 tam
3116 3985 3323 4041 multis.
3352 3986 3567 4054 dignus

1969 4080 2298 4136 reddereris.
2338 4079 2482 4146 Quin
2528 4095 2629 4150 ego
2662 4080 2802 4150 ipse,
2839 4089 3049 4136 temere
3074 4079 3320 4149 quidem,
3353 4079 3567 4142 fateor,.

1969 4173 2192 4242 quando
2227 4189 2258 4227 a
2291 4173 2540 4228 moribus
2580 4173 2720 4227 meis
2759 4187 2954 4242 parum
3004 4173 3318 4227 sanctitatis
3360 4187 3551 4226 norma

1968 4266 2233 4332 directis,
2293 4263 2624 4334 impetrandi
2663 4263 2921 4319 ﬁduciam
2979 4271 3169 4334 petere
3226 4263 3550 4333 nequibant.

1971 4365 2060 4410 tua
2077 4372 2241 4411 causa
2268 4356 2551 4425 complura
2586 4355 2715 4422 feci,
2753 4369 2855 4410 nec
2884 4371 3009 4409 raro
3040 4357 3349 4427 lacrymans
3364 4357 3566 4414 Deum;

1965 4449 2145 4508 oravi.
2182 4456 2242 4502 ut
2279 4454 2334 4502 et
2363 4447 2517 4501 nasci
2553 4461 2766 4516 posses,
2818 4454 2875 4501 et
2913 4456 3081 4502 natus
3115 4447 3238 4502 talis
3261 4448 3548 4510 evadcrcs,

255 4518 396 4595 εἶχον
434 4526 540 4580 καὶ
593 4525 993 4594 ἁποσείεσθαι;
1051 4515 1317 4583 adu-East
1373 4534 1472 4588 σὺν
1512 4534 1658 4606 λόγῳ
1695 4538 1861 4607 φθέγ-

1982 4541 2188 4611 ιυιιιεςιῐι
2218 4555 2321 4611 ego
2358 4547 2412 4595 te
2456 4539 2526 4595 ab
2576 4541 2697 4609 ipso
2751 4540 3156 4610 poposcissem.
3206 4539 3379 4612 Quem
3416 4557 3547 4617 ergo
3585 4586 3590 4590 _

1557 4700 1777 4763 Jacobi
1819 4704 2094 4766 Pontani.
2119 4711 2311 4768 notua.

317 4842 434 4911 (69)
482 4839 684 4894 Manet
706 4835 1140 4911 inmetapbora,
1169 4839 1314 4910 quod
1347 4848 1527 4894 tamen
1566 4858 1675 4896 non
1709 4859 1854 4898 sem-

249 4907 344 4981 per
377 4907 470 4966 est
503 4909 914 4965 necessarium.
961 4907 1202 4963 Dixerat
1232 4911 1404 4975 enim,
1459 4911 1703 4966 θάλασσα
1753 4932 1852 4968 κα-

247 4985 378 5036 κῶν.
414 4982 561 5052 Ideo
600 4993 705 5052 nos
740 4993 962 5052 quoque
996 4994 1126 5052 non,
1158 4981 1405 5048 proferri,
1437 4982 1582 5052 quod
1630 4992 1852 5051 potera-

250 5069 391 5111 mus,
428 5051 535 5106 sed
575 5049 830 5119 profundi
873 5050 1293 5124 transtulimug;
1329 5049 1479 5124 mari:
1508 5049 1679 5124 ριιίιίιι
1715 5071 1853 5124 (Ιυοί

249 5126 396 5177 niam
445 5137 608 5191 aqua
642 5119 1191 5191 constatkl‘unditur.
1231 5121 1297 5177 Et
1317 5121 1519 5190 alioqui
1575 5119 1746 5177 etiam
1773 5125 1854 5180 sic

249 5188 572 5259 loquimur,
612 5189 820 5259 aliquid
850 5188 1160 5247 ell'undere.
1195 5207 1314 5258 pro,
1349 5188 1472 5244 cum
1508 5193 1706 5248 all'ectu
1770 5196 1854 5249 vel

248 5254 567 5318 exfall'ectu
603 5254 788 5330 aliq'uo
817 5261 1095 5330 proloqui.
1132 5254 1279 5314 Item
1300 5261 1650 5329 simpliciter,
1681 5275 1741 5316 ut
1766 5265 1859 5320 Ci-

251 5351 380 5403 (ξρτο
439 5334 523 5386 De
561 5329 703 5385 orati
731 5330 780 5391 I.
821 5329 1018 5403 ’Eﬂudi
1070 5330 1210 5383 vobis
1264 5333 1465 5385 omnia.
1499 5333 1566 5386 Et
1610 5335 1878 5403 poetice,~

255 5402 380 5458 Hac
411 5403 854 5472 eﬂ'uditpectorc
881 5402 1040 5453 dicta.

320 5476 442 5542 (70)
467 5474 578 5528 Vel
604 5471 736 5542 quia
762 5471 991 5524 forsitan
1018 5486 1112 5539 pro
1135 5487 1325 5542 inagna
1348 5483 1558 5542 peccato
1579 5474 1854 5541 paululum

253 5541 509 5613 supplicii
541 5541 681 5597 satis,
709 5542 1005 5615 eritpatri,
1042 5541 1416 5615 utTereutins
1463 5543 1561 5597 ait.
1594 5544 1685 5599 Vel
1718 5549 1846 5615 quia

253 5611 519 5668 naturale
582 5611 862 5683 estmalle
897 5627 926 5683 a
962 5613 1287 5683 propinquis
1325 5630 1486 5683 quam
1525 5611 1846 5670 alienis'va-

257 5684 454 5755 pulare
484 5722 500 5747 ,
549 5682 707 5755 quod;
730 5681 1164 5734 misericordiam
1208 5681 1496 5755 speramus
1527 5689 1596 5739 ab
1629 5684 1716 5755 iis,
1751 5686 1847 5755 qui

260 5754 316 5804 in
359 5769 468 5808 nos
518 5753 776 5806 crudeles
816 5758 1042 5820 propter
1081 5753 1362 5820 Sanguinis
1399 5753 1847 5810 communionem

263 5838 385 5879 esse
426 5839 547 5878 non
585 5831 833 5887 possunt.
859 5821 1030 5878 David
1055 5837 1276 5892 quoque
1315 5839 1345 5878 a
1378 5823 1492 5882 Deo
1531 5831 1790 5893 tanquam
1820 5843 1850 5884 a

1960 4857 2147 4923 patre,
2167 4865 2343 4923 (Illan
2363 4852 2432 4923 ab
2460 4851 2779 4908 homini-bus
2808 4853 2989 4923 puniri
3037 4855 3276 4910 malebat
3307 4871 3320 4908 :
3351 4855 3576 4909 ϐοαῖς-τ.

1957 4928 2073 4972 ct0r
2095 4921 2274 4974 nimis.
2307 4920 2409 4975 Sed
2440 4923 2627 4976 melius
2671 4934 2768 4984 est.
2799 4920 2855 4976 ut
2876 4926 3105 4978 incidam
3135 4927 3190 4978 in
3224 4942 3412 4977 manus
3443 4927 3547 4976 Ilo-

1964 4991 2094 5042 ntini
2135 4991 2338 5065 (multa:
2369 4994 2934 5065 enim__m_isericordi¢e
2967 4997 3081 5065 ejus
3110 5003 3254 5063 sunt)
3285 5011 3448 5062 quum
3485 4998 3540 5047 in
3561 5043 3576 5058 ,

1965 5075 2152 5134 manus
2181 5061 2454 5134 lemniscum
2487 5063 2553 5132 (Il
2586 5063 2708 5132 Reg.
2748 5063 2920 5134 xxxv).

2036 5131 2148 5197 (7|)
2189 5129 2455 5200 Gregoras
2497 5129 2772 5200 principio
2815 5129 2912 5187 lib.
2967 5150 3063 5188 vm
3107 5148 3122 5186 :

1961 5207 2109 5275 turno
2136 5217 2317 5253 antore
2340 5214 2650 5270 prosecutus
2672 5214 2746 5256 est
2775 5220 2925 5267 auus,
2958 5205 3034 5258 ita
3059 5205 3176 5272 ejus
3200 5214 3412 5275 aspectu
3439 5223 3541 5275 ga.

1956 5272 2116 5333 visus,
2153 5280 2208 5322 ut
2244 5287 2422 5326 omnes
2463 5281 2513 5324 et
2552 5281 2678 5326 ante
2735 5283 2785 5326 et
2827 5283 2943 5343 post
2975 5284 3130 5327 natos
3176 5273 3334 5341 ﬁlios,
3368 5272 3536 5341 ﬁlias,

1957 5349 2170 5408 nepotes
2199 5344 2366 5395 multo
2391 5343 2611 5396 minoris
2645 5343 2862 5411 faceret,
2894 5359 3176 5412 omnesque
3202 5359 3363 5412 quam
3402 5348 3540 5398 hunc

1958 5425 2120 5483 ullum
2168 5413 2340 5481 perire
2386 5412 2589 5476 mallet,
2631 5415 2678 5467 si
2713 5417 2850 5483 aptio
2905 5415 3156 5476 daretur,
3188 5422 3296 5465 tum
3341 5417 3403 5467 ob
3442 5416 3540 5479 ﬁr-

1959 5482 2172 5535 miorem
2223 5483 2430 5544 imperii
2471 5482 2868 5554 successionem,
2920 5492 3032 5535 tum
3073 5494 3293 5552 propter
3337 5485 3538 5554 ingenii

1955 5554 2343 5624 prwstantiant,
2374 5561 2486 5604 tum
2520 5562 2732 5621 propter
2759 5553 2934 5624 vultus
2979 5558 3313 5620 majestatem
3337 5571 3356 5620 ;
3380 5553 3539 5624 forsi-

1955 5632 2048 5672 tan
2083 5632 2129 5674 et
2167 5621 2461 5676 similitudo
2504 5624 2730 5676 nominis
2763 5622 2967 5690 aliquid
3016 5624 3084 5676 ad
3124 5621 3532 5678 benevolentiam

1955 5691 2197 5763 contulit.
2238 5691 2436 5757 Quibus
2465 5691 2527 5743 de
2555 5693 2730 5745 causis
2759 5708 2878 5744 eum
2921 5696 3066 5763 apud
3108 5711 3164 5748 se
3194 5698 3339 5762 regia
3383 5696 3538 5748 disci-

1956 5761 2546 5837 plina_inst_ituendum,
2587 5763 2802 5837 ejusque
2839 5761 3120 5837 conspectu
3184 5761 3338 5837 noctu
3374 5776 3550 5837 atque.

1957 5832 2188 5890 interdiu
2226 5833 2506 5895 fruendum
2542 5848 2668 5894 esse.
2698 5832 3095 5896 (rotundumque
3129 5836 3375 5891 censuit...

3175 5133 3538 5186 Andronicum
