4038 6212
469 277 538 338 91
1631 288 1959 350 JOANNIS
1999 288 2526 354 CANTACUZENI
3645 297 3728 363 92

469 392 1009 457 Thraciareversus
1055 401 1264 457 auditis
1327 418 1392 458 ex
1429 407 1650 477 juniure
1713 407 2031 478 imperatore

2149 408 2320 463 πολλὰ
2351 409 2640 479 θαυμάσας
2668 409 2776 463 τῶν
2823 410 2923 480 τῆς
2954 411 3300 482 ἀνθρωπίνης
3333 413 3552 484 φύσεως
3582 434 3725 472 κατ’

473 507 596 560 qua:
628 493 991 562 contigerant,
1022 496 1305 566 impendio
1341 500 1575 555 miratus
1605 501 1899 556 humanam
1941 519 2042 557 na-

475 593 653 636 turam
687 595 766 638 tot
823 586 1099 654 tantisque
1143 587 1444 658 subjectam
1480 592 1738 654 miseriis,
1771 603 1825 647 et
1851 594 1918 648 de
1953 596 2042 649 in-

472 676 619 729 vidia
651 687 1010 744 conquestus,
1044 695 1165 748 qua!
1199 681 1368 734 semel
1424 697 1452 735 a
1500 699 1559 736 sc
1606 693 1901 754 occupatos
1934 686 2042 755 ipsi

471 777 680 821 natura:
719 768 928 822 bellum
993 771 1195 825 inferre
1244 775 1408 842 cogit,
1449 774 1668 842 Optime
1721 777 2038 846 imperator,

471 860 673 928 inquit,
699 861 899 914 malum
929 878 1049 917 esse
1081 864 1493 919 atrocissimum
1523 867 1654 921 hinc
1683 870 1814 923 satis
1845 870 2037 939 liquet.

472 951 658 1006 Fidem
717 969 880 1022 porro
919 971 1046 1024 erga
1091 965 1141 1009 te
1181 973 1356 1012 meam
1397 969 1453 1013 et
1501 974 1745 1015 amorem
1777 962 2040 1018 sinceris-

469 1047 696 1109 simum,
734 1064 1082 1115 coaevamque
1120 1050 1262 1103 inter
1313 1066 1410 1104 nos
1451 1053 1771 1116 amicitiam,
1813 1064 1867 1108 et
1913 1071 2037 1110 cum

469 1140 716 1204 utrisque
749 1139 1072 1206 corporibus
1122 1141 1359 1209 quodam
1403 1143 1567 1197 modo
1623 1158 1860 1209 auctam,
1885 1158 2042 1200 ante-

468 1243 653 1296 gressa
722 1237 966 1298 tempora
1004 1231 1223 1285 abunde
1279 1232 1607 1287 docuerunt.
1640 1235 1827 1304 Itaque
1854 1237 2038 1293 verbis

474 1322 618 1374 inter
644 1337 744 1374 nos
786 1338 924 1390 opus
958 1338 1077 1376 esse
1111 1339 1218 1376 non
1251 1325 1519 1390 arbitror,
1549 1327 1754 1396 quibus
1789 1339 2037 1382 nostrum

469 1424 702 1482 uterque
745 1414 977 1486 alterpm
1045 1416 1150 1470 sibi
1202 1417 1460 1472 conciliet
1492 1426 1546 1472 et
1579 1420 1860 1490 adjungat.
1900 1421 2040 1476 Ven-

469 1517 592 1560 tura
647 1515 830 1561 autem
893 1517 1160 1577 tempora,
1222 1509 1669 1566 ﬁdelissimorum
1734 1514 2036 1568 amicorum

466 1615 628 1668 opem
660 1601 1040 1670 imploratura,
1073 1611 1132 1655 ut
1166 1619 1428 1672 auguror,
1463 1620 1571 1658 non
1600 1606 1785 1662 minus
1811 1607 1904 1677 qui
1933 1609 2034 1662 sim

465 1707 596 1761 erga
628 1701 679 1748 te
709 1692 1088 1748 declarabunt.
1121 1695 1175 1749 Si
1212 1695 1433 1764 quidem
1480 1695 1645 1765 igitur
1672 1698 1914 1753 viderem
1959 1709 2033 1767 te,

467 1784 805 1853 malignitate
859 1795 917 1840 et
965 1781 1277 1857 arrogantia
1333 1796 1676 1856 corruptum,
1721 1805 1823 1844 avo
1855 1791 2029 1860 impe-

463 1878 612 1932 rium
641 1878 878 1948 eripere,
913 1885 971 1933 et
1000 1878 1066 1932 ad
1109 1889 1162 1932 te
1195 1879 1370 1932 solum
1409 1879 1710 1936 transferre
1738 1891 2031 1950 attentare,

463 1972 795 2040 persuadeas
826 1972 926 2027 tibi
978 1973 1163 2039 velim,
1210 1989 1525 2044 quanquam
1582 1974 1660 2028 tui
1715 1991 1835 2031 sum
1873 1977 2034 2046 cupi-

463 2065 750 2130 dissimus,
802 2065 1004 2120 nollem
1055 2075 1233 2120 tamen
1276 2067 1330 2120 in
1368 2075 1476 2120 tam
1539 2067 1767 2122 infando
1812 2071 2034 2140 negotio

460 2159 530 2212 ad
581 2170 702 2213 tuas
726 2159 966 2214 rationes
1003 2175 1087 2214 me
1131 2160 1452 2230 adjungere.
1496 2159 1566 2215 At
1595 2162 1725 2230 quia
1758 2171 1809 2216 te
1841 2163 2036 2218 imme-

465 2258 622 2304 rcnte
655 2265 881 2318 prorsus
915 2250 1234 2321 bujusmodi
1269 2251 1566 2307 adversum
1601 2261 1654 2308 te
1678 2254 1818 2308 mala
1852 2268 2030 2310 emer-

459 2357 592 2410 gere
621 2357 810 2408 cerno,
847 2329 934 2410 ut,
960 2344 1068 2399 nisi
1097 2345 1239 2400 Deus
1277 2346 1369 2401 illa
1415 2346 1656 2417 desuper
1686 2348 2031 2416 discusserit,

461 2436 820 2490 metuendum
855 2438 930 2491 sit
985 2453 1053 2492 ne
1083 2439 1136 2491 in
1194 2438 1542 2494 altitudinem
1579 2440 1903 2495 immensam
1942 2458 2035 2498 ex-

458 2537 730 2592 crescant,
762 2544 832 2582 en
864 2545 964 2600 ego
997 2531 1143 2586 ultro
1170 2545 1234 2586 ac
1267 2531 1443 2586 libens
1465 2548 1565 2602 pro
1581 2533 1757 2587 salute
1793 2543 1889 2588 tua
1919 2550 2030 2590 non

460 2619 724 2688 pecunias
773 2629 1009 2685 tantum,
1056 2621 1328 2688 fortunas,
1381 2637 1596 2687 servos,
1647 2625 1877 2693 amicus,
1933 2628 2030 2683 sed

456 2711 728 2779 meipsnm
781 2721 1043 2780 praetcrea
1079 2713 1273 2776 olIero,
1307 2723 1365 2768 ut
1391 2730 1720 2786 quacunque
1772 2718 1828 2772 in
1863 2735 1921 2774 re
1979 2729 2034 2775 et

455 2803 955 2874 quomodocunque
979 2821 1064 2859 me
1116 2807 1190 2861 uti
1221 2809 1420 2875 possis.
1451 2807 1668 2864 Gratias
1693 2811 1899 2866 diserte
1926 2813 2036 2881 agit

458 2897 783 2962 imperator.
809 2908 973 2965 atque
1002 2897 1109 2952 boc
1141 2898 1366 2968 insuper
1393 2900 1550 2954 addit
1579 2914 1592 2954 :
1624 2902 1760 2956 Cum
1794 2902 1908 2971 ipsa
1945 2904 2034 2960 die

461 2995 808 3041 veterascant
849 2989 1221 3058 paulatimque
1282 2991 1600 3053 dilabantur
1635 2994 1842 3060 omnia,
1881 2995 2035 3051 insti-

2151 501 2504 571 ορχουμένων
2540 501 2751 567 κακῶν,
2798 503 2892 555 καὶ
2952 501 3050 572 τὴν
3084 504 3300 558 ἀδικίαν
3343 509 3725 578 καταμεμψά-

2147 607 2305 659 μενος
2339 592 2414 656 ὡς
2465 595 2560 647 καὶ
2609 595 2728 647 κατ’
2761 594 2932 662 αὐτῆς
2989 597 3088 664 τῆς
3130 596 3352 664 φύσεως
3385 598 3724 662 δπλίζουσαν

2143 685 2272 748 τοὺς
2324 686 2552 749 ἁλόντας
2595 686 2732 756 αὐτῇ
2793 685 3072 751 καθάπαξ,
3129 689 3407 758 Κράτιστε
3467 690 3720 761 βασιλεῦ,

2143 772 2270 844 ἔφη,
2302 774 2364 827 τὺ
2391 776 2491 846 μὲν
2530 776 2701 830 κακὸν
2728 777 3033 844 κατάδηλον
3058 779 3287 831 αὐτόθεν
3338 779 3414 843 ὡς
3461 780 3578 835 ἔστι
3607 783 3721 837 τῶν

2143 865 2483 935 ἀνηκέστων.
2526 867 2636 939 Τὴν
2687 868 2744 921 δὲ
2798 869 2936 938 πρὸς
2967 870 3028 922 σέ
3059 887 3162 940 μου
3195 871 3379 924 πίστιν
3424 877 3518 928 καὶ
3565 874 3721 930 δόλου

2146 957 2351 1020 παντὸς
2381 959 2558 1028 ἀμιγῆ
2599 960 2805 1028 φιλίαν,
2855 962 3006 1015 καὶὸ
3055 963 3344 1034 παρελθὼν
3401 966 3499 1035 μὲν
3527 969 3722 1036 χρόνος

2145 1049 2547 1117 βεϐαιώσασθαι
2607 1052 2816 1117 ίκανδς,
2845 1053 3129 1124 ἡλικιῶτιν
3181 1058 3277 1108 καὶ
3321 1057 3435 1119 τοῖς
3471 1057 3720 1127 σώμασιν

2143 1140 2275 1208 ἡμῖν
2301 1140 2776 1210 συναυξανομένην
2805 1142 3096 1208 ἀποδείξας
3119 1144 3324 1213 τρόπον
3347 1145 3489 1200 τινά.
3512 1147 3718 1218 Διόπερ

2140 1229 2259 1281 οὐδὲ
2293 1229 2465 1298 λόγων
2494 1231 2602 1286 δεῖν
2631 1232 2769 1302 πρὸς
2785 1233 3049 1304 ἀλλήλους
3079 1236 3224 1306 ἡμᾶς
3253 1235 3516 1307 ἡγοῦμαι,
3538 1239 3718 1310 ἑαυτῷ

2139 1322 2228 1374 τὸν
2253 1322 2443 1393 ἓτερον
2477 1325 2770 1397 ἑκατέρους
2800 1326 3234 1397 οἰκειουμένους.
3265 1329 3376 1382 Καὶ
3418 1330 3445 1382 ό
3503 1330 3714 1399 μέλλων

2137 1415 2194 1467 δὲ
2225 1415 2325 1467 οὐκ
2350 1415 2570 1469 ἔλαττον
2604 1417 2789 1482 δείξει,
2825 1419 2994 1487 φίλων
3021 1421 3358 1474 πιστοτάτων
3385 1422 3712 1493 δεησόμενος

2139 1505 2214 1570 ὡς
2241 1508 2374 1578 ὁρῶ.
2420 1509 2484 1562 Et
2522 1509 2621 1578 μὲν
2652 1510 2743 1564 οὖν
2774 1511 2963 1581 ἑώρων
3003 1529 3062 1565 σε
3091 1513 3397 1586 κακοηθείᾳ
3429 1514 3712 1585 χρώμενον

2139 1599 2234 1650 καὶ
2269 1589 2532 1671 αὐθαδείᾳ
2559 1601 2696 1670 πρὸς
2731 1601 2963 1672 βασιλέα
3006 1603 3097 1658 τὸν
3131 1605 3375 1669 πάππον,
3413 1607 3511 1675 τῆς
3535 1607 3712 1677 ἀρχῆς

2138 1691 2344 1742 ἐκεῖνον
2387 1691 2487 1760 μὲν
2515 1693 2859 1764 ἀποστερεῖν,
2893 1695 3110 1764 σεαυτῷ
3145 1697 3200 1749 δὲ
3233 1697 3382 1767 μόνῳ
3413 1701 3712 1768 περιποιεῖ-

2141 1781 2264 1834 σθαι
2302 1781 2606 1850 βούλεσθαι,
2637 1784 2697 1838 εὖ
2731 1785 2862 1852 ίσθι,
2902 1787 3084 1842 καίτοι
3118 1787 3238 1840 λίαν
3271 1788 3461 1857 φιλῶν,
3519 1792 3620 1843 οὐκ
3647 1793 3710 1844 ἂν

2135 1873 2309 1937 οὕτως
2348 1875 2550 1928 ἀτόπου
2583 1877 2836 1945 πράξεως
2867 1880 3094 1952 εἱλόμην
3122 1897 3204 1934 σοι
3234 1885 3538 1938 κοινωνεῖν.
3557 1883 3710 1934 Ἐπεὶ

2135 1963 2179 2017 δ’
2230 1965 2289 2030 ἐξ
2334 1966 2596 2035 οὐδεμιᾶς
2657 1969 2839 2032 αίτίας
2869 1971 3083 2026 τοιαῦθ’
3113 1973 3224 2042 ὁρῶ
3260 1975 3506 2044 φυόμενα
3567 1976 3710 2027 κακὲ
3749 1991 3760 2012 ν

2136 2057 2277 2110 κατὰ
2306 2057 2424 2122 σοῦ,
2460 2058 2593 2112 ὥστ’
2629 2061 2678 2113 εἰ
2713 2061 2788 2132 μὴ
2845 2061 2976 2126 Θεὸς
3008 2064 3216 2119 ἄνωθεν
3247 2067 3386 2120 αὐτὰ
3442 2065 3706 2129 διαλύσει,

2134 2149 2256 2203 οὐδὲ
2281 2149 2424 2205 πάνυ
2455 2153 2644 2224 πόρρω
2663 2143 2987 2222 προσδοκίας
3009 2157 3090 2219 είς
3118 2155 3255 2226 ὕψος
3290 2157 3520 2229 ἀρθῆναι
3547 2157 3703 2229 βαθὺ,

2135 2241 2277 2296 ἑκὼν
2311 2243 2472 2308 αὐτὸς
2497 2245 2788 2316 ἐπιδίδωμι
2815 2249 2930 2310 τοῖς
2957 2248 3225 2313 κινδύνοις
3258 2251 3371 2312 τοῖς
3401 2251 3539 2320 ὑπὲρ
3588 2250 3706 2316 σοῦ,

2135 2334 2196 2388 ού
2227 2336 2491 2407 χρήματα
2527 2340 2690 2406 μόνον
2725 2340 2820 2390 καὶ
2854 2343 3048 2410 κτῆσιν
3095 2342 3190 2395 καὶ
3219 2341 3440 2404 οἰκέτας
3469 2343 3562 2396 καὶ
3617 2343 3708 2411 φί-

2135 2427 2282 2494 λους,
2344 2429 2463 2483 ἀλλ’
2506 2429 2607 2501 ήδη
2673 2433 2768 2486 καὶ
2818 2431 2984 2486 αὐτὸν
3027 2433 3150 2503 ὲμὲ,
3197 2435 3338 2488 ὥστε
3393 2434 3561 2505 ἔχειν,
3595 2437 3625 2489 ὅ
3656 2452 3709 2488 τι

2139 2519 2378 2591 βουλήσῃ
2417 2520 2678 2591 χρῆσθαι.
2720 2522 2846 2576 Ἐπὶ
2874 2524 3087 2588 τούτοις
3121 2525 3216 2578 τοῦ
3253 2525 3523 2596 βασιλέως
3553 2527 3711 2596 δομε-

2137 2613 2308 2681 στίκῳ
2338 2611 2417 2681 τῷ
2452 2611 2676 2683 μεγάλῳ
2709 2612 2908 2685 πολλὴν
2934 2615 3096 2685 χάριν
3127 2616 3585 2688 ὁμολογήσαντος,
3612 2619 3710 2672 καὶ

2136 2702 2485 2771 προσθέντος,
2507 2703 2582 2767 ὡς
2615 2705 2672 2760 '0
2700 2707 2856 2760 πάντ’
2887 2709 3180 2776 ἀμδλύνων
3208 2711 3422 2781 χρόνος,
3453 2711 3546 2764 καὶ
3569 2713 3712 2766 κατὰ

2139 2797 2334 2865 μικρὸν
2359 2796 2648 2866 ύπορῤἐειν
2675 2799 2866 2865 ποιῶν,
2897 2801 2996 2871 τῆς
3021 2801 3300 2873 ἡμετέρας
3322 2803 3713 2873 ﬁtentur-ny);

2139 2885 2400 2955 ἀλλήλους
2456 2887 2664 2956 φιλίας,
2731 2890 3214 2962 ἐρρωμενεστέρας
3285 2893 3372 2945 ἀεὶ
3443 2893 3536 2947 καὶ
3606 2895 3713 2946 ακ-

2141 2978 2435 3050 μαιοτέρας
2467 2980 2748 3049 προϊόντος
2777 2984 3131 3054 φαινομένης,
3172 2984 3265 3037 καὶ
3288 2985 3492 3055 δένδρῳ
3537 3003 3713 3055 προσ-

457 3087 577 3132 tuta
605 3079 736 3132 mihi
765 3089 945 3133 tecum
969 3081 1210 3136 amicitia
1237 3092 1565 3139 vetustatem
1590 3087 1762 3142 vincit
1791 3105 1803 3140 :
1829 3089 2031 3157 quippe

2145 3068 2465 3132 εικάσαντος
2491 3070 2576 3122 ἀεὶ
2601 3070 2841 3140 βρίθοντι
2872 3075 2986 3136 τοῖς
3031 3078 3290 3145 καρποῖς,
3322 3076 3419 3128 καὶ
3447 3076 3538 3128 τὸν
3573 3092 3713 3146 παρ·

458 3185 584 3239 qua:
637 3179 882 3240 tempore
938 3172 1272 3240 procedente
1317 3175 1549 3229 validior
1601 3193 1818 3246 semper
1865 3190 2032 3248 atque

460 3263 730 3317 virentior
759 3275 1004 3333 apparet,
1035 3264 1236 3324 arbori.
1255 3275 1520 3335 perpetua
1553 3267 1843 3323 baccarum
1869 3271 2036 3324 uber-

460 3363 574 3408 tate
603 3353 1034 3421 incurvescenti,
1065 3374 1129 3413 ac
1164 3361 1422 3428 praesenti
1454 3363 1858 3418 auctumnitate
1891 3379 2033 3433 prae-

458 3445 680 3499 teritam
715 3449 996 3516 superanti
1021 3449 1236 3504 similis.
1262 3451 1472 3506 Dehinc
1499 3452 1566 3505 ad
1605 3454 2030 3509 consultandum

457 3536 762 3604 conversis,
793 3538 1032 3607 primum
1062 3541 1310 3595 omnium
1338 3542 1722 3611 complacitum
1757 3554 1864 3607 est,
1897 3543 2035 3598 deli-

460 3627 698 3692 gendum
737 3642 896 3692 esse,
949 3630 1044 3697 qui
1071 3629 1139 3684 ad
1186 3646 1245 3686 se
1301 3632 1682 3703 confugientes
1737 3632 2029 3703 reciperet,

460 3718 646 3772 locum
673 3721 972 3784 munitum,
993 3721 1215 3792 situque
1248 3732 1360 3777 tum
1388 3724 1457 3777 ad
1490 3724 1723 3810 tuendos
1757 3734 2032 3795 receptos,

463 3818 578 3862 tum
604 3809 673 3863 ad
703 3811 971 3866 arcendos
1000 3823 1386 3882 oppugnantes
1415 3809 1562 3868 baud
1593 3814 2028 3869 incommodum.

463 3900 859 3957 Nominabatur
890 3903 996 3973 25
1051 3905 1106 3957 in
1133 3905 1360 3971 Odrysis
1397 3905 1466 3960 ab
1497 3905 1740 3962 Adriano
1772 3907 2022 3980 Augusto

461 3993 790 4052 vocabulum
847 3995 1040 4051 sortita
1071 3995 1480 4067 Adrianopolis,
1527 3998 1693 4069 idque
1747 4001 1935 4056 multis
1975 4010 2034 4057 et

461 4089 886 4155 pernecessariis
919 4091 987 4145 de
1021 4092 1224 4146 causis.
1265 4091 1372 4145 Sed
1414 4107 1542 4148 cum
1575 4094 1712 4148 illud
1743 4096 1826 4150 eis
1863 4096 2032 4151 timo-

459 4195 575 4234 rem
609 4160 939 4244 faceret,.ne
979 4180 1181 4236 inl‘esto
1215 4182 1431 4251 agmine
1461 4197 1561 4250 per
1608 4184 1837 4252 vestigia
1887 4185 2034 4240 inse-

457 4279 622 4324 cutus
670 4270 858 4326 senior
903 4272 1043 4341 (qui
1094 4272 1327 4326 militem
1377 4273 1432 4326 in
1486 4283 1741 4342 promptu
1779 4273 2028 4337 haberet,

2136 3158 2435 3229 εληλυθότα
2488 3162 2562 3230 τῷ
2606 3163 2870 3216 ἐνεστῶτι
2923 3164 3146 3219 νικῶντι
3175 3167 3374 3238 χρόνῳ,
3411 3168 3712 3240 ἐτράποντο

2136 3252 2272 3318 πρὸς
2296 3252 2356 3306 τὸ
2391 3253 2745 3321 βουλεύεσθαι
2778 3258 2910 3326 περ)⁸
2940 3258 3046 3311 τῶν
3079 3259 3386 3328 παρόντων.
3413 3261 3523 3313 Καὶ
3551 3261 3716 3331 πρῶ-

2135 3360 2225 3396 τον
2264 3344 2439 3397 ἐδόκει
2470 3348 2710 3412 πάντων,
2765 3348 3000 3419 ἐκλογὴν
3057 3351 3390 3421 ποιήσασθαι
3423 3353 3520 3406 τοῦ
3581 3354 3714 3422 μέλ·

2133 3437 2320 3503 λοντος
2345 3439 2548 3502 αὐτοὺς
2571 3439 2927 3506 ὑποδέξεσθαι
2949 3443 3256 3512 φεύγοντας
3287 3445 3549 3516 φρουρίου
3584 3448 3711 3498 ὲπι-

2135 3530 2344 3607 καίρως
2366 3530 2714 3601 κεισομένου,
2743 3536 2838 3587 καὶ
2859 3534 2998 3604 πρὸς
3021 3535 3079 3588 τὸ
3102 3536 3338 3606 φυλάξαι
3359 3525 3708 3606 διαδράντας,

2137 3623 2231 3674 καὶ
2254 3624 2390 3692 πρὸς
2414 3622 2475 3675 τὸ
2498 3625 2611 3687 τοῖς
2637 3625 2969 3692 μαχομένοις
2989 3627 3392 3698 ἀντεπιχειρεῖν
3419 3627 3710 3698 ῥᾳστώνην

2137 3717 2425 3786 παρέχειν.
2465 3717 2674 3770 Ἐδόκει
2703 3723 2812 3788 ,μὲν
2855 3719 2950 3774 οὖν
2977 3719 3196 3775 ἑλέσθαι
3223 3721 3325 3793 τὴν
3347 3723 3405 3774 ὲν
3430 3721 3713 3792 ὐδρυσοῖς

2140 3805 2432 3877 ἐπώνυμον
2467 3807 2732 3879 Ἀδριανῷ
2757 3809 2931 3876 πόλιν,
2963 3811 3178 3865 πολλῶν
3210 3813 3378 3866 ἕνεκα
3405 3815 3499 3866 καὶ
3540 3814 3714 3882 ἀναγ-

2139 3899 2448 3952 καιοτάτων
2485 3899 2700 3957 αἰτιῶν.
2743 3901 2988 3962 Δεδιότες
3019 3901 3078 3956 δὲ
3132 3904 3206 3974 μὴ
3242 3906 3559 3968 καταπόδις
3609 3907 3715 3976 τῆς

2137 3991 2317 4063 φυγῆς
2348 3992 2885 4063 ἐπιστρατεύσαντος
2913 3994 3100 4057 αὐτοῖς
3127 3995 3222 4049 τοῦ
3273 3995 3564 4066 βασιλέως,
3605 3996 3708 4050 ἆτε

2137 4087 2232 4138 καὶ
2262 4085 2527 4156 στρατιὰν
2554 4085 2770 4156 ἔχοντος
2810 4085 2869 4152 ἐξ
2896 4088 3139 4157 ἑτοίμου,
3167 4090 3259 4142 καὶ
3288 4092 3386 4161 τῆς
3416 4090 3537 4144 όδοῦ
3563 4091 3718 4145 δυοῖν

2135 4181 2168 4250 ἢ
2213 4179 2382 4246 τριῶν
2412 4178 2637 4249 ἡμερῶν
2670 4179 2893 4232 ἔλαττον
2922 4177 3094 4256 οὔσης
3136 4181 3362 4247 ἁλῶσιν,
3397 4181 3716 4253 ἀμύνασθαι

2142 4269 2220 4337 μὴ
2251 4268 2546 4338 δυνάμενοι
2572 4268 2701 4332 τοὺς
2725 4272 3002 4335 ἐπιόντας,
3034 4271 3390 4342 ὲξεκρούοντο
3421 4273 3527 4326 τῶν
3559 4273 3717 4342 λογι-

456 4376 733 4431 quemque
753 4363 854 4416 via:
879 4362 1138 4428 brevitas,
1163 4363 1397 4418 duorum
1425 4364 1710 4428 nimirum,
1740 4375 1836 4419 aut
1861 4365 2026 4419 trium

2137 4362 2312 4431 σμῶν.
2347 4361 2696 4418 Συνετίθεντο
2753 4363 2812 4417 δὲ
2866 4365 3068 4433 μᾶλλον
3120 4367 3256 4436 πρὸς
3287 4365 3384 4436 τὴν
3417 4368 3476 4418 ἐν
3519 4367 3717 4440 Θρᾴκῃ

456 4453 671 4508 dicrmn
725 4454 927 4511 itinere
963 4457 1145 4512 minor
1174 4457 1495 4528 adiuvaret)
1531 4457 1800 4528 fugientes
1841 4459 2028 4529 oppri-

454 4555 631 4599 meret
669 4563 681 4600 :
716 4546 1166 4616 quandoquidem
1200 4548 1304 4616 ipsi
1338 4565 1368 4603 a
1401 4557 1553 4618 tergo
1605 4549 1872 4604 instantes
1901 4565 2028 4620 pro-

455 4638 676 4708 pulsare
733 4641 1048 4707 nequirent,
1105 4641 1159 4695 in
1213 4641 1429 4696 irritum
1470 4643 1701 4701 cadente
1729 4647 2025 4707 sententia.

450 4728 830 4796 Christopolin
863 4730 1114 4786 Thracia:
1141 4731 1332 4787 urbem
1371 4741 1560 4802 petere
1591 4737 2024 4790 constituerunt.

454 4819 529 4876 lis
559 4820 663 4874 hoc
693 4823 854 4876 modo
884 4823 1031 4878 inter
1069 4839 1128 4878 se
1177 4826 1626 4888 consiliantibus.
1659 4844 1689 4881 a
1715 4827 1873 4883 Crale
1904 4829 2028 4884 Ste-

453 4913 656 4982 phano,
688 4913 1055 4968 Triballornm
1085 4917 1330 4987 principe
1358 4919 1490 4987 (78),
1534 4918 1600 4971 ad
1633 4917 2022 4986 imperatorem

452 5022 615 5061 avum
662 5009 859 5078 (cujus
907 5008 1072 5062 tiliam
1131 5009 1504 5065 Simoniadem
1560 5013 1798 5067 habebat
1831 5014 1884 5066 in
1918 5029 2027 5069 ma-

454 5098 764 5168 trimonio),
798 5099 1020 5154 advenit
1052 5100 1276 5170 legatio,
1311 5116 1377 5154 ex
1414 5117 1576 5157 causa
1614 5103 2022 5173 hujuscemodi.

453 5186 756 5256 Imperator
787 5187 855 5242 de
885 5189 1009 5257 ejus
1039 5192 1286 5243 exercitu
1323 5199 1606 5244 mutuatus
1647 5193 1873 5246 circiter
1915 5194 2024 5247 duo

450 5275 817 5330 Comanorum
869 5275 1059 5340 millia,
1115 5290 1210 5332 eos
1262 5293 1372 5332 non
1428 5280 1766 5344 restituerat,
1826 5281 1923 5335 sed
1953 5282 2021 5336 ad

449 5369 850 5422 remanendum
901 5368 1187 5438 pellectos,
1233 5369 1307 5425 ita
1363 5371 1655 5428 retinebat.
1714 5371 1896 5438 Quare
1930 5389 2024 5426 ar-

2136 4453 2534 4524 Χριστούπολιν
2580 4458 2862 4512 ἀπελθεῖν.
2914 4459 3074 4513 Οὕτω
3125 4461 3254 4530 περὶ
3283 4461 3394 4512 τῶν
3429 4460 3552 4512 καθ’
3583 4462 3715 4512 ὲαυ-

2129 4546 2255 4607 τοὺς
2283 4530 2698 4618 βουλευομένων
2725 4548 2924 4612 αὐτῶν,
2954 4549 3268 4616 ἀφικνεῖται
3295 4549 3445 4618 παρὰ
3469 4549 3561 4601 τοῦ
3585 4550 3716 4618 Τρι-

2131 4637 2310 4690 6αλῶν
2373 4638 2638 4710 ἄρχοντος
2699 4640 2889 4711 Κράλη
2947 4641 3227 4710 Στεφάνου
3292 4642 3430 4710 πρὸς
3474 4640 3710 4710 βασιλέα

2132 4729 2424 4796 πρεσϐεία,
2455 4729 2514 4792 ὃς
2539 4725 2608 4800 ἦν
2631 4731 2970 4801 γεγαμηκὼς
2999 4732 3096 4800 τὴν
3127 4731 3391 4800 βασιλέως
3424 4731 3711 4799 θυγατέρα

2131 4819 2232 4888 τὴν
2258 4821 2554 4889 Σιμωνίδα.
2607 4822 2670 4874 Ἢ
2708 4821 2765 4874 δὲ
2808 4822 2907 4891 τῆς
2961 4822 3260 4892 πρεσϐείας
3307 4825 3581 4890 πρόφασις
3611 4818 3706 4891 ἦν,

2129 4912 2210 4964 ὅτι
2249 4915 2312 4965 ἐκ
2345 4912 2440 4981 τῆς
2468 4912 2635 4966 αὑτοῦ
2667 4914 2931 4982 στρατιᾶς
2957 4914 3228 4986 Κομάνων
3257 4914 3454 4982 ὀλίγων
3486 4913 3713 4976 δέοντας

2128 5002 2405 5072 δισχιλίων
2436 5005 2637 5068 λαϐὼν,
2697 5005 2798 5057 οὐκ
2847 5006 3098 5060 ἀπέδωκε
3159 5007 3286 5069 τοὺς
3343 5005 3707 5078 στρατιώτας,

2127 5095 2266 5149 ἀλλὰ
2300 5098 2494 5158 πείσας
2524 5098 2728 5165 μένειν,
2763 5099 3194 5166 παρακατεῖχεν.
3235 5097 3354 5166 Ἐφ’
3386 5093 3468 5161 οἷς
3498 5101 3524 5149 ὁ
3555 5099 3712 5165 Κρά-

2128 5187 2228 5256 λης
2256 5189 2715 5258 παροξυνόμενος,
2747 5189 3160 5258 διεπρεσϐεύετο
3218 5191 3353 5260 πρὶς
3403 5191 3494 5242 τὸν
3543 5189 3713 5257 κηδε-

2131 5279 2289 5348 στήν.
2337 5279 2394 5332 Ὀ
2458 5280 2806 5351 πρεσϐευτὴς
2867 5281 2924 5334 δὲ
2957 5283 3187 5352 μοναχὸς
3239 5277 3330 5351 ἦν,
3380 5279 3714 5342 Καλλίνικος

2128 5371 2467 5442 κεκλημένος
2492 5412 2508 5438 ,
2545 5373 2606 5426 τὸ
2637 5373 2794 5441 γένος
2828 5373 2929 5444 μὲν
2963 5378 3056 5428 καὶ
3102 5375 3265 5437 αὐτὸς
3290 5373 3562 5442 Τρισαλός
3591 5411 3608 5438 ,
3642 5367 3706 5424 εὗ

1716 5492 1936 5552 Jacobi
1973 5477 2234 5552 Pontani
2273 5500 2460 5553 noue.

521 5594 633 5669 (73)
665 5593 872 5669 Νοιηςιῑ
897 5597 1118 5669 Κρᾶλης
1152 5614 1332 5669 regem
1375 5608 1532 5653 sonat
1563 5597 1858 5669 Ilungaris,
1892 5597 2015 5669 Bul-

452 5666 598 5739 ειυς-ιε
645 5666 758 5739 sive
800 5665 1040 5731 Scrviis,
1072 5665 1451 5728 Sclavbnibus.
1501 5665 1733 5728 Boemis,
1771 5667 2012 5739 Polonis.

449 5751 482 5790 ει
515 5735 680 5801 liiral,
714 5740 1161 5805 cl._c0ntractionc
1194 5739 1334 5793 liral.
1362 5739 1490 5793 inde
1525 5739 1794 5801 positione
1826 5736 2012 5790 Gueca

2120 5597 2321 5720 iactum
2371 5599 2596 5672 Κρὰλης
2643 5617 2674 5656 a
2736 5608 2928 5658 nostro
2978 5599 3265 5667 historico,
3324 5605 3385 5653 et
3432 5593 3714 5652 muliebre

2181 5685 2430 5720 οαλαινα.

2179 5685 2430 5738 ραλαινα.
