4038 6212
270 333 333 396 93
1425 334 1480 393 Η
1495 335 1976 398 [STUBIARUM
2018 338 2250 400 LIBER
2295 341 2345 401 Ι.
3434 345 3507 411 94

269 446 317 498 δὲ
355 441 506 506 είδὼς
534 443 746 512 καιροῖς
794 443 889 496 καὶ
919 445 1212 516 πράγμασι
1238 447 1545 512 πολιτικοῖς
1584 450 1820 520 χρῆσθαι

1929 452 2062 508 dens
2089 454 2369 509 iracundia
2401 455 2588 509 Crales
2626 455 2692 509 ad
2728 471 2982 512 socerum
3019 457 3345 514 Callinicum
3387 475 3507 514 mo-

269 537 330 588 6t'
379 534 690 606 ἐμπειρίαν.
728 537 828 599 Ὃς
887 537 952 606 δὴ
990 536 1091 608 τὴν
1151 537 1359 608 μεταξὺ
1413 539 1523 593 τῶν
1556 541 1822 612 βασιλέων

269 627 631 694 ἀναφυομένην
659 626 856 681 στάσιν
888 627 965 699 μὴ
1019 631 1324 699 ἀγνοήσας,
1358 632 1454 685 καὶ
1486 631 1718 686 συνιδὼν
1751 633 1826 698 ὼς

271 722 297 788 ἡ
324 720 537 790 τοιαύτη
566 719 888 789 διχοστασία
950 723 1145 792 καιρὸν
1195 723 1264 777 ἂν
1294 724 1556 796 παράσχῃ
1582 723 1659 794 τῷ
1711 724 1825 795 ἰδίῳ

271 811 483 880 δεσπότῃ
512 811 663 880 παρὰ
687 811 955 881 βασιλέως
983 811 1061 869 ὦν
1093 814 1324 884 ἠδίκητο
1366 816 1495 884 περὶ
1532 817 1629 886 τὴν
1661 833 1828 886 στρα-

271 903 378 953 τιὰν
401 902 550 966 δίκας
581 901 795 971 λαϐεῖν,
843 903 1099 958 ἐϐούλετο
1125 906 1311 976 κρύφα
1355 906 1432 976 τῷ
1463 905 1568 976 νέῳ
1613 905 1830 976 βασιλεῖ

275 997 557 1062 συντυχεῖν.

1932 545 2194 610 nachum,
2237 547 2459 601 natione
2490 546 2817 610 Triballum,
2843 550 3032 606 mittit.
3075 551 3178 617 Qui
3224 567 3347 606 cum
3396 567 3503 606 non

1929 637 2072 690 male
2101 635 2390 691 didicisset
2429 637 2506 691 uti
2545 639 2951 702 occasionibus.
2982 651 3038 696 et
3067 643 3122 696 in
3165 643 3337 697 rebus
3371 642 3503 696 civi-

1928 725 2073 781 libus
2105 727 2266 783 tritus
2293 740 2460 793 esset,
2488 739 2732 784 exortam
2767 742 3033 801 praeterea
3088 735 3228 789 inter
3267 735 3504 804 impera-

1929 825 2078 872 tores
2127 819 2460 874 discordiam
2514 838 2622 876 non
2669 824 2973 894 ignoraret,
3025 841 3128 880 nec
3178 842 3286 880 non
3335 826 3504 881 etiam

1927 910 2291 978 prospiceret.
2321 912 2468 969 hanc
2498 915 2900 970 dissensionem
2928 918 3152 973 domino
3173 934 3273 973 suo
3306 935 3506 988 perop-

1928 1012 2222 1072 portunam
2273 1005 2416 1069 fore,
2482 1009 2549 1062 ad
2601 1010 3148 1067 animadvertendum
3215 1029 3244 1066 a
3311 1028 3507 1066 socero

273 1098 474 1156 propter
506 1089 741 1145 militem
789 1107 904 1146 non
975 1091 1252 1148 redditum
1297 1093 1581 1163 iniuriam,
1651 1110 1779 1150 cum
1821 1093 2045 1168 juniore
2089 1099 2419 1170 imperatore
2485 1103 2892 1160 clandestinum
2943 1108 3116 1162 voluit
3153 1107 3294 1162 inire
3340 1108 3508 1162 collo-

277 1181 466 1248 quium.

1676 1306 1902 1364 CAPUT
1940 1308 2078 1364 VIII.

284 1396 541 1489 Callinicus
568 1398 640 1450 ad
681 1396 897 1489 Cruleru
932 1400 997 1489 de
1025 1401 1272 1489 societate
1303 1404 1522 1468 legatus,
1554 1401 1917 1489 remlfeliciter
1946 1402 2174 1486 conﬁcit.
2217 1404 2504 1487 Andronici
2543 1406 2777 1489 iunioris
2831 1407 3174 1489 propositum.
3211 1406 3504 1489 Theodorus

342 1468 629 1544 Synadeuus
657 1476 1043 1544 Aproloslral‘or
1085 1471 1426 1544 consiliorum
1485 1468 1942 1544 periculorumque
1990 1468 2158 1526 socius
2204 1476 2497 1528 asciscilur.
2543 1468 2621 1529 De
2671 1468 2841 1529 trium'
2897 1468 3250 1529 Genucuaium
3295 1477 3395 1544 ﬁde
3444 1494 3508 1530 ac

341 1541 599 1619 promissis.
633 1541 1014 1619 Adrigmopo‘l‘is
1041 1541 1111 1619 ad
1137 1542 1319 1619 fugam
1352 1541 1781 1619 ἐσθιειν-θηρίων.
1817 1541 1912 1619 Avi
1934 1543 1998 1619 _i_u
2030 1546 2667 1619 nepotemjnhumunitus
2693 1554 2768 1619 _et
2798 1547 3196 1619 importunitas.
3227 1546 3270 1600 Α
3295 1541 3504 1619 magno

343 1609 592 1662 domestico
621 1606 899 1662 solatium.
937 1606 1256 1678 Syrgiamiis
1289 1628 1316 1664 e
1354 1610 1577 1664 Thracia
1606 1606 1886 1665 revocatio.
1924 1610 2000 1665 De
2030 1606 2235 1667 raiioue
2270 1614 2528 1684 Byzantio
2557 1632 2612 1668 se
2638 1606 2890 1671 educendi
2922 1616 3262 1670 consullalio.

345 1700 410 1752 τὺ
429 1700 469 1750 δ’
496 1699 618 1752 αὐτὸ
651 1702 748 1752 καὶ
789 1699 1050 1769 βασιλεὺς
1080 1703 1107 1754 6
1131 1702 1251 1764 νέος
1283 1702 1380 1753 σὺν
1410 1702 1719 1772 δομεστίκῳ
1749 1700 1824 1773 τῷ

2002 1703 2051 1756 ls
2071 1714 2126 1759 et
2159 1711 2391 1776 magnus
2418 1708 2754 1762 domesticus
2780 1723 2809 1761 e
2843 1722 2899 1761 re
2953 1721 3049 1761 sua
3097 1707 3344 1762 futurum
3390 1715 3504 1762 sta-

292 1793 486 1862 μεγάλῳ
533 1792 836 1846 λυσιτελεῖν
884 1795 1070 1858 αὐτοῖς
1123 1796 1488 1865 ἡγησάμενοι,
1535 1795 1674 1866 πρὸς
1732 1793 1826 1847 τδν

291 1885 486 1954 Κράλην
522 1884 1062 1957 διαπρεσϐεύσασθαι
1118 1887 1246 1955 περὶ
1313 1887 1674 1956 συμμαχίας,
1734 1885 1826 1938 τὸν

296 1977 579 2030 Καλλίνικον
636 1979 1172 2049 μετακαλεσάμενοι,
1231 1980 1326 2031 καὶ
1384 1980 1514 2050 περὶ
1570 1978 1672 2048 τῆς
1729 1977 1825 2032 τοῦ

305 2070 479 2138 Κράῖλη
501 2073 793 2140 συμμαχίας
836 2073 933 2126 καὶ
959 2073 1143 2141 φιλίας
1170 2073 1570 2144 διαλεχθέντες,
1599 2077 1694 2130 καὶ
1717 2075 1829 2128 πεί·

323 2177 489 2224 σαντες
531 2165 588 2215 ὶκ
614 2163 701 2216 τοῦ
731 2166 918 2234 ῥᾴστου
978 2165 1067 2218 διὰ
1104 2165 1165 2218 τὸ
1202 2167 1298 2220 καὶ
1349 2166 1513 2220 αὑτὸν
1558 2167 1658 2238 τὴν
1687 2183 1826 2236 πρε-

327 2255 490 2308 σϐείαν
510 2256 698 2327 ταύτην
717 2259 785 2327 τῷ
805 2260 992 2333 Κράλῃ
1023 2260 1270 2330 νομίζειν
1293 2260 1615 2327 λυσιτελεῖν,
1651 2261 1827 2322 ἄλλως

319 2346 362 2397 δ’
382 2349 451 2400 ὅτι
479 2350 560 2401 καί
584 2351 712 2418 πρὸς
734 2351 1070 2422 Συργιάννην
1095 2352 1244 2420 αύτῷ
1276 2352 1457 2420 φιλίας
1485 2353 1717 2423 ἐνέχυρα
1735 2353 1826 2404 καὶ

309 2439 535 2508 πρότερον
577 2436 745 2511 ἦσαν,
804 2442 1314 2507 ἐξαποστέλλουσιν.
1359 2445 1420 2496 '0
1478 2444 1559 2507 δὲ,
1618 2445 1825 2518 σπουδῇ

304 2535 380 2584 καὶ
404 2534 649 2602 προθυμίᾳ
677 2533 846 2603 πολλῇ
883 2532 978 2604 τὴν
1015 2535 1135 2588 ὁδὸν
1168 2535 1400 2607 τάχιστα
1432 2534 1715 2600 διανύσας,
1750 2534 1828 2602 τῷ

289 2625 451 2696 Κράλῃ
477 2644 528 2678 τε
556 2627 981 2696 συγγενόμενος,
1022 2627 1114 2679 καὶ
1143 2627 1244 2698 τὴν
1274 2626 1370 2680 τοῦ
1413 2628 1535 2680 νέου
1561 2627 1827 2698 βασιλέως

281 2717 578 2783 ἀπαγγείλας
607 2715 938 2785 πρεσϐείαν,
972 2709 1098 2788 εὗρε
1155 2719 1252 2772 καὶ
1303 2720 1468 2773 αὐτὸν
1503 2717 1696 2787 ὥσπερ
1735 2717 1830 2788 έρ-

279 2824 418 2874 μαιον
466 2809 825 2877 ἡγησάμενον
882 2808 976 2861 τὸν
1021 2807 1236 2878 καιρὸν,
1274 2810 1369 2862 καὶ
1433 2807 1598 2861 παντὶ
1646 2807 1829 2861 σθένει

278 2900 640 2970 συμμαχήσειν
663 2899 1101 2970 ὑπισχνούμενον
1156 2900 1234 2970 τῷ
1277 2903 1382 2971 νέῳ
1429 2901 1660 2970 βασιλεῖ,
1693 2900 1829 2969 πρὸς

274 2987 332 3058 τῷ
355 2991 434 3043 καὶ
464 2993 634 3061 χάριν
672 2991 900 3052 εἰδέναι,
937 2993 984 3043 εἰ
1026 2991 1189 3060 μόνον
1222 2992 1316 3044 τοῦ
1347 2991 1576 3045 πάππου
1609 2994 1703 3045 καὶ
1733 2991 1829 3060 βα-

1933 1805 2188 1861 tuentes,
2235 1798 2280 1852 si
2336 1800 2664 1868 legationem
2713 1802 2777 1854 de
2825 1798 3074 1855 coeunda
3131 1815 3318 1855 secum
3376 1799 3504 1854 belli

1929 1889 2193 1943 societate
2231 1889 2298 1943 ad
2335 1889 2549 1946 Cralem
2599 1893 2902 1956 mitterent,
2940 1893 3271 1950 Callinicum
3327 1907 3507 1948 arces-

1929 1987 2134 2044 sentes,
2165 1989 2370 2036 etcum
2402 1982 2595 2036 eodem
2649 1983 2716 2036 de
2757 1983 3001 2038 amicitia
3053 1991 3109 2036 et
3163 1982 3334 2036 armis
3375 1997 3501 2037 cum

1927 2070 2085 2127 Crale
2153 2073 2553 2144 conjungendis
2595 2090 2904 2130 sermonem
2954 2076 3286 2131 miscentes:
3319 2074 3506 2128 facile-

1929 2179 2037 2234 que
2067 2163 2276 2218 homini
2327 2166 2771 2232 consuadenles,
2829 2167 2975 2237 quod
3030 2169 3146 2237 ipse
3191 2167 3297 2220 hoc
3337 2167 3504 2219 etiam

1928 2270 2085 2324 anque
2117 2254 2263 2310 Crali
2294 2257 2700 2312 conducturum
2729 2259 2984 2322 sentiret,
3019 2268 3134 2314 tum
3165 2259 3332 2313 etiam
3354 2255 3503 2325 quod

1931 2356 2092 2402 vetus
2117 2347 2166 2402 ei
2197 2364 2322 2403 cum
2353 2347 2655 2420 Syrgianne
2683 2350 3038 2405 necessitudo
3065 2359 3233 2414 esset,
3263 2350 3502 2420 legatum

1929 2456 2056 2496 eum
2110 2442 2354 2497 mittunt.
2421 2442 2620 2497 Missus
2664 2443 2964 2498 Callinicus
3039 2443 3392 2498 festinatione
3449 2451 3507 2497 et

1930 2533 2215 2589 alacritate
2269 2534 2406 2588 mira
2464 2535 2751 2591 celerrime
2800 2535 3052 2592 coniecto
3103 2538 3324 2599 itinere,
3375 2553 3502 2592 cum

1931 2626 2089 2682 Crale
2123 2640 2476 2695 congressus,
2517 2624 2848 2695 legationem
2880 2625 3124 2694 junioris
3153 2626 3504 2696 imperatoris

1930 2718 2180 2789 exponit.
2253 2717 2347 2772 llle
2400 2717 2657 2772 similiter
2711 2716 2780 2771 de
2832 2717 3013 2772 oblata
3069 2717 3502 2784 commoditate,

1931 2818 2188 2879 tanquam
2208 2808 2276 2864 de
2299 2809 2672 2878 inexspectato
2722 2809 2877 2864 lucro
2901 2807 3014 2879 (79)
3042 2808 3264 2864 sibimet
3281 2809 3500 2878 gaudet,

1931 2903 2134 2974 gratias
2165 2901 2392 2971 insuper
2431 2901 2564 2970 agit,
2617 2909 2784 2969 atque
2819 2901 2886 2954 ad
2937 2907 3194 2970 nepotem
3243 2899 3504 2970 adjuvan-

1933 2993 2062 3046 dum
2093 2990 2241 3046 vires
2271 2991 2380 3062 26
2409 3004 2537 3045 suas
2574 3003 2767 3044 omnes
2796 2989 3031 3059 spondet
3059 3007 3072 3044 :
3109 2987 3404 3042 dummodo
3433 2987 3503 3042 ab

272 3055 432 3146 σιλέως
458 3055 738 3145 άποστάς,
773 3082 910 3154 πρὸς
935 3055 1054 3147 τοῖς
1102 3084 1294 3153 μέρεσι
1324 3085 1543 3152 γένοιτο
1577 3055 1824 3139 Μακεδο-

1930 3099 2033 3139 avo
2083 3092 2366 3147 remotus,
2417 3083 2574 3153 juxta
2623 3079 2998 3145 Macedoniam
3052 3080 3368 3144 consideat;
3426 3080 3504 3135 sic

263 3175 392 3238 νὶας¹
422 3173 555 3245 ᾤετο
585 3176 707 3244 γάρ
741 3174 841 3244 τὴν
878 3175 1018 3245 πρὸς
1061 3175 1228 3228 αὑτὸν
1259 3176 1582 3247 συμμαχίαν
1645 3178 1830 3231 κάκω-

261 3280 330 3316 σιν
363 3262 495 3319 εἶναι
546 3267 672 3320 τῶν
704 3267 798 3320 τοῦ
830 3267 1096 3340 κηδεστοῦ
1130 3269 1224 3322 καὶ
1253 3267 1524 3340 βασιλέως
1567 3269 1828 3339 πραγμάα

256 3373 368 3414 των.
395 3363 590 3416 Λαϐὼν
637 3363 832 3416 τοίνυν
883 3364 911 3416 6
963 3363 1285 3427 Καλλίνικος
1327 3363 1424 3425 τὰς
1467 3363 1825 3430 ἐπαγγελίας,

254 3453 476 3508 ἐπάνεισι
508 3460 662 3525 πρὸς
702 3456 765 3508 τὸ
789 3455 1082 3520 Βυζάντιον
1114 3457 1254 3510 κατὰ
1285 3456 1468 3527 τάχος,
1498 3457 1593 3508 καὶ
1618 3454 1827 3524 χαίρων

251 3541 413 3611 ὀφθεὶς
449 3545 524 3615 τῷ
563 3544 801 3615 βασιλεῖ
836 3545 1088 3614 χαίροντι
1150 3545 1465 3615 ἀπήγγελλέ
1521 3561 1583 3598 τε
1622 3545 1691 3598 τὰ
1725 3545 1827 3614 τῆς

249 3637 544 3706 πρεσϐείας,
581 3637 691 3690 καὶ
720 3637 820 3704 τὴν
860 3636 1189 3707 συμμαχίαν
1229 3637 1379 3706 αὐτῷ
1421 3635 1737 3712 τούΚράλη
1769 3638 1827 3689 ἐν

248 3725 433 3798 βεϐαίῳ
487 3729 728 3782 κεῖσθαι
776 3727 1168 3798 διῖσχυρίζετο,
1206 3729 1274 3798 ἧν
1313 3731 1474 3800 μόνον
1523 3729 1662 3798 πρὸς
1711 3731 1827 3793 τοῖς

248 3821 420 3889 μέρεσι
471 3821 726 3891 γένηται
764 3820 1126 3883 Μακεδονίας.
1193 3819 1351 3874 Οὕτω
1401 3820 1502 3891 μὲν
1543 3823 1637 3874 καί⁵
1693 3824 1826 3892 περὶ

248 3917 327 3985 τῆς
349 3915 439 3968 τοῦ
480 3915 697 3987 Κράλη
735 3903 1060 3984 συμμαχίας
1100 3915 1128 3967 6
1166 3913 1286 3977 νέος
1329 3913 1670 3985 ’Λνδρόνικος
1695 3931 1826 3968 κατ-

243 4009 525 4076 επράξατο.
609 4008 727 4060 Τὸν
765 4009 948 4076 μέντοι
1003 4005 1234 4075 βασιλέα
1279 4009 1375 4058 καὶ
1406 4007 1631 4059 πάππον
1682 4006 1825 4077 ὁρῶν

242 4101 335 4162 τοῖς
359 4101 517 4172 ἡθεσι
555 4100 668 4154 καὶ
701 4100 816 4162 τοῖς
852 4099 1032 4165 λόγοις
1065 4098 1163 4169 τῆς
1190 4099 1465 4169 προτέρας
1493 4098 1824 4167 δυσμενείας

239 4191 318 4260 οὐχ
352 4191 692 4260 ὑφιέμενον,
757 4190 826 4242 τά
858 4190 996 4259 πρὸς
1050 4190 1151 4260 τὴν
1181 4189 1322 4242 ίδίαν
1363 4189 1612 4259 φυλακὴν
1665 4188 1827 4260 ἐξηρ-

242 4282 375 4334 nicto
416 4284 517 4336 καὶ
580 4281 755 4344 αὐτός
781 4322 796 4346 ,
841 4281 1002 4336 τοῦτο
1053 4281 1460 4352 διανοούμενος,
1511 4283 1607 4350 ὡς,
1640 4284 1687 4336 εί
1723 4282 1824 4353 μὲν

1919 3176 2076 3230 enim
2103 3173 2509 3243 expeditionem
2540 3187 2692 3226 suam
2719 3173 3063 3226 auxiliarium
3098 3171 3276 3228 soceri
3338 3169 3506 3225 rebus

1925 3265 2246 3321 damnosam
2287 3263 2404 3320 fore
2431 3262 2765 3318 conﬁdebat.
2804 3263 2941 3319 Cum
2981 3263 3073 3317 tali
3105 3261 3503 3333 pollicitatione

1925 3358 2228 3414 Callinicus
2259 3355 2472 3426 magnis
2503 3355 2799 3410 itineribus
2829 3354 3154 3426 Byzantium
3190 3369 3250 3410 se
3277 3344 3502 3424 recipit,

1927 3465 2356 3520 successumque
2382 3448 2674 3521 legationis
2700 3463 2812 3504 suae
2843 3448 2968 3503 laeto
2994 3446 3315 3517 imperatori
3348 3446 3506 3500 laetus

1926 3543 2185 3599 edisserit
2210 3561 2223 3597 :
2255 3550 2461 3598 certam
2491 3550 2548 3596 et
2576 3540 2938 3596 indubitatam
2966 3554 3088 3596 esse
3115 3540 3292 3595 Cralis
3323 3539 3504 3594 socie-

1930 3645 2096 3692 tatem
2148 3643 2450 3700 asseverat,
2496 3643 2705 3689 tantum
2751 3642 2980 3703 propter
3024 3631 3398 3687 Macedoniam
3445 3646 3505 3686 se

1927 3729 2179 3784 collocet.
2231 3729 2305 3782 De
2333 3726 2491 3780 Crale
2537 3725 2760 3795 quidem
2796 3724 2863 3779 ad
2899 3738 3028 3778 suas
3077 3731 3261 3793 partes
3309 3720 3506 3790 adjun-

1927 3821 2106 3891 gendo
2142 3819 2494 3874 Andronicus
2518 3818 2698 3872 minor
2728 3816 2833 3871 hoc
2867 3816 3014 3870 fecit.
3048 3813 3506 3870 Animadvertens

1927 3923 2112 3969 autem
2145 3925 2307 3965 avum
2335 3912 2401 3964 de
2429 3909 2663 3980 pristina
2699 3906 3082 3962 malevolentia
3115 3921 3220 3962 nec
3235 3906 3502 3970 moribus,

1926 4020 2031 4060 nec
2061 4003 2248 4058 verbis
2277 4001 2577 4066 remittere,
2631 3999 2920 4056 securitati
2968 4014 3080 4053 suae
3111 3997 3501 4067 prospiciebat,

1927 4111 2241 4168 proponens
2271 4095 2415 4164 apud
2451 4093 2698 4148 animum
2725 4134 2740 4157 ,
2791 4092 2839 4148 si
2876 4107 2988 4163 quo
3030 4090 3192 4146 modo
3229 4098 3340 4144 tam
3387 4099 3500 4144 tur-

1926 4189 2055 4244 bida
2087 4196 2380 4256 tempestas
2407 4183 2696 4238 sedaretur
2720 4223 2734 4249 ,
2773 4183 2828 4238 in
2864 4183 2951 4237 avi
2979 4180 3211 4237 arbitrio
3255 4195 3502 4245 manere,

1927 4280 2174 4352 quandiu
2226 4279 2302 4333 illi
2357 4277 2468 4332 vita
2514 4276 2936 4346 suppeditaret:
2968 4275 3053 4330 siu
3097 4273 3334 4328 ulterius
3377 4285 3504 4342 pro«

235 4378 403 4447 τρόπῳ
436 4377 505 4446 δή
540 4392 668 4429 τινι
697 4373 976 4444 διαλυθείη
1014 4375 1082 4428 τὰ
1115 4374 1379 4446 δυσχερῆ,
1407 4375 1512 4426 ὑπὸ
1546 4373 1624 4445 τῷ
1671 4374 1823 4444 βασι-

1930 4372 2278 4444 grederetur.
2317 4368 2722 4437 meditatusque
2756 4367 2911 4421 l‘uror
2956 4366 3024 4420 ad
3058 4364 3314 4420 ell‘ectum
3347 4363 3506 4418 incli-

235 4466 306 4519 λεῖ
339 4471 433 4521 καὶ
475 4470 710 4537 πάππῳ
743 4467 977 4519 τελέσων
1017 4468 1176 4537 ἄχρις
1207 4469 1272 4522 ἂν
1303 4470 1516 4538 ἀποστῇ
1553 4467 1644 4520 τοῦ
1679 4467 1776 4538 ζῇν
1803 4484 1818 4499 ⁸

236 4561 274 4611 εἰ
297 4560 338 4612 δ’
364 4561 461 4613 ἐπὶ
481 4560 557 4613 τά
581 4558 785 4628 πρόσω
812 4557 992 4627 προῖοι
1023 4558 1119 4610 καὶ
1143 4558 1242 4628 ἤδη
1271 4558 1406 4627 πρὸς
1433 4557 1587 4621 τέλος
1609 4556 1820 4625 ὲγγίζοι

234 4656 412 4721 κακὸν,
445 4655 572 4708 τότ’
601 4655 712 4724 ἤδη
731 4653 829 4723 τῆς
860 4653 1134 4723 βασιλίδος
1173 4653 1284 4709 τῶν
1311 4653 1519 4707 πόλεων
1547 4653 1820 4716 ἀποστὰς,

231 4747 408 4801 ἑαυτόν
468 4765 535 4801 τε
591 4744 859 4809 διασώζοι
910 4746 1004 4797 καὶ
1058 4745 1182 4808 τοὺς
1246 4746 1530 4808 συνόντας.
1587 4743 1677 4797 Ἐν
1712 4745 1824 4806 τοῖς

229 4841 482 4902 τοιούτοις
507 4840 583 4910 δὴ
618 4837 1076 4908 τριϐομένου,τοῦ
1117 4837 1338 4907 χρόνου,
1386 4838 1482 4889 καὶ
1524 4839 1550 4888 6
1587 4834 1825 4905 Συναδη-

1931 4471 2111 4527 naret,
2146 4460 2550 4532 imperatricem
2583 4458 2802 4513 urbium
2847 4457 3123 4520 deserere,
3154 4466 3212 4511 et
3267 4470 3326 4510 se
3381 4469 3505 4509 cum

1927 4571 2030 4610 suo
2052 4570 2214 4624 grege
2244 4559 2626 4608 conservatum
2661 4550 2762 4604 ire.
2801 4547 2934 4602 Dum
2963 4549 3019 4602 in
3043 4547 3129 4602 his
3160 4558 3378 4618 tempus
3411 4563 3506 4616 po-

1928 4649 2103 4712 nitur,
2130 4645 2454 4700 Theodorus
2477 4641 2800 4714 Synadenus
2830 4649 3197 4711 protostrator
3220 4640 3505 4695 vacatione

1931 4747 2153 4808 accepta
2187 4738 2256 4791 ab
2288 4734 2588 4790 Occidente
2622 4733 2940 4804 Byzantium
2981 4732 3170 4787 venit:
3204 4731 3503 4800 Prillapum

1932 4830 2226 4901 siquidem,
2262 4827 2603 4897 linitimaque
2634 4825 2774 4891 loca,
2805 4832 2862 4879 et
2888 4823 3148 4878 inferiora
3175 4822 3505 4877 Macedonia:

226 4929 303 4992 v6;
340 4933 644 5002 Θεόδωρος
673 4931 701 4982 6
735 4931 828 4983 καὶ
853 4929 1293 5000 πρωτοστράτωρ
1327 4923 1463 4999 ἧκεν
1513 4931 1588 4991 εἰς
1623 4927 1824 4992 Βυζάν-

1934 4921 2195 4995 Oppidula
2225 4927 2639 4990 procuraverat,
2665 4919 2747 4973 vir
2778 4917 2941 4973 domo
2967 4916 3186 4980 nobilis,
3207 4922 3264 4970 et
3281 4914 3504 4982 amplis-

1517 5043 1732 5104 Jacobi
1768 5039 2036 5104 Pontani
2071 5047 2257 5098 notae.

287 5155 398 5220 (79)
426 5151 943 5222 'Eppatovdieitur
973 5166 1072 5219 pro
1096 5151 1249 5205 lucro
1283 5149 1581 5222 insperanti
1605 5147 1823 5222 objecto

226 5219 312 5276 seu
369 5219 700 5292 inopinato,
736 5231 792 5275 et
827 5223 1165 5292 adventitio;
1215 5231 1275 5274 ut
1304 5237 1428 5292 cum
1455 5221 1588 5292 quis
1626 5219 1677 5292 in
1736 5219 1824 5272 iti-

224 5308 345 5349 nere
385 5288 619 5362 aliquid
651 5291 877 5345 fortuito
921 5291 1144 5362 invenit
1172 5291 1339 5360 (quod
1391 5290 1562 5346 etiam
1600 5288 1823 5362 εὕρημα

225 5358 513 5432 propterea
584 5362 933 5432 appellatur,
993 5361 1148 5430 quasi
1185 5358 1408 5432 dicas.
1465 5358 1754 5432 inventum
1777 5358 1818 5428 ).

225 5429 352 5488 una;
396 5429 689 5501 quidquid
757 5431 881 5485 boni
923 5429 1084 5485 nobis
1128 5431 1397 5500 contingit
1447 5430 1773 5501 (praesertim
1803 5469 1818 5491 ,

222 5503 262 5554 si
332 5498 544 5570 ιιι-αξιοι·
573 5498 580 5500 ἡ
613 5502 925 5569 opinionem
987 5510 1152 5569 atque
1223 5498 1395 5569 spcin)
1422 5541 1434 5560 ,
1471 5498 1542 5552 ’id
1595 5498 1820 5569 εὕρημα

224 5569 468 5626 Vocatur.
525 5571 766 5624 Budaeus
808 5586 835 5624 a
891 5573 1113 5625 Platone
1173 5573 1226 5624 in
1283 5570 1543 5624 Pha’doue
1572 5569 1702 5638 poni
1743 5570 1822 5622 ait

224 5653 315 5706 pro
347 5643 502 5697 bono
567 5644 946 5709 inexspectato
973 5679 986 5702 .
1037 5656 1102 5694 ac
1145 5655 1241 5709 pro
1301 5651 1448 5693 sorte
1487 5639 1815 5707 emptanda,

224 5726 335 5774 qua:
363 5713 510 5765 forte
553 5710 777 5763 fortuna
806 5712 962 5764 nobis
991 5711 1171 5764 oblata
1229 5711 1318 5763 sit.
1365 5709 1524 5762 Ratio
1579 5709 1818 5763 nominis

227 5791 300 5832 est
341 5799 369 5835 a
402 5780 714 5844 Mercurio,
743 5781 836 5848 qui
869 5781 1072 5836 Graecis
1109 5779 1315 5845 Ἐρμῆς
1344 5787 1399 5834 οι
1424 5778 1547 5840 viis,
1579 5779 1809 5839 nuntiis.

1927 5145 2086 5200 lucro
2120 5153 2336 5214 praeest,
2385 5150 2441 5198 et
2473 5143 2528 5196 in
2581 5142 2964 5210 Amphitryone
2989 5138 3164 5194 Plauti
3189 5147 3270 5192 est
3300 5136 3374 5191 ita
3427 5137 3502 5190 lo-

1969 5231 2105 5268 nens
2129 5232 2143 5268 Ξ

1928 5231 2106 5339 qia:
2129 5255 2224 5339 ’τοι
2255 5285 2462 5355 quidem
2497 5282 2551 5355 id
2563 5283 2679 5350 jam
2705 5282 2846 5355 scitis
2875 5295 3173 5355 concessum
3202 5287 3249 5329 et
3277 5278 3466 5355 dolum

1967 5356 2100 5410 Milli
2134 5373 2243 5410 esse
2267 5347 2340 5408 ὀὺ
2367 5355 2464 5407 diis
2497 5347 2639 5412 aliis,
2667 5354 2862 5406 nuntiis
2893 5361 2948 5404 ut
2992 5351 3202 5420 prwsim
3233 5358 3280 5400 et
3301 5418 3308 5420 _
3333 5347 3501 5420 lucro.

2001 5425 2056 5482 Si
2101 5428 2287 5494 plures
2320 5427 2422 5478 iter
2471 5423 2816 5494 l'acercnt,et
2865 5418 3008 5494 unus
3059 5418 3502 5494 boniquid-piam

1929 5496 1984 5551 in
2009 5487 2306 5566 via'jacens
2329 5503 2629 5562 repererat,
2649 5491 2951 5566 alii._qui.id
2979 5487 3503 5566 secuturdividiuseu

1928 5557 2218 5621 commune
2273 5557 2475 5620 vellent
2519 5577 2640 5616 esse
2673 5602 2687 5624 ,
2754 5557 3010 5628 dicebant
3055 5559 3230 5628 κοινῖς
3283 5557 3500 5628 ὲρμῆς,

1929 5634 2144 5698 Latine,
2184 5639 2238 5690 iu
2264 5648 2557 5689 commune.
2585 5632 2856 5686 Observat
2902 5627 3148 5684 Turneb.
3197 5629 3294 5684 lib.
3320 5627 3326 5628 ί
3351 5627 3501 5696 XXVI,

1930 5723 2050 5776 cap.
2083 5707 2167 5760 14.
