4038 6212
252 345 333 412 101
1393 330 1955 400 HISTORIARUM
1997 331 2232 394 LIBER
2278 333 2320 394 i.

3406 336 3516 404 102

229 462 415 532 ’μένου,
636 447 991 520 κρατήσομεν
1024 445 1306 503 ἁπάντων.
1361 445 1704 518 Συργιάννης
1752 443 1810 497 δὲ

1919 459 2107 499 rerum
2149 458 2364 501 summa
2416 443 2713 514 potiemur.
2766 444 2907 501 Tum
2978 446 3316 522 Syrgiannes
3372 459 3520 514 exei-

248 547 350 621 μετ’
378 545 578 599 ἐκεῖνον
623 539 814 622 εὐθύς,
865 540 976 593 Καὶ
1018 537 1169 592 τοῦθ’
1205 538 1344 608 ὅπερ
1399 539 1649 609 εῑρηκας,
1681 535 1810 608 εφη,

243 643 448 705 πολλοὺς
500 638 624 711 ἕχον
652 634 967 702 ὲξετάζοντι
1013 635 1273 703 φανεῖται
1320 632 1452 696 τοὺς
1505 631 1809 695 κινδύνους.

245 735 443 806 Πρῶτον
472 732 570 802 μὲν
592 729 705 800 γὰρ
725 727 791 781 οὗ
832 726 1030 797 μικρδν
1050 727 1215 798 ἔργον
1244 727 1306 780 τὸ
1332 728 1649 797 κατασχεῖν,
1683 727 1816 780 πολ-

243 829 337 881 λῶν
365 826 484 896 περὶ
511 823 679 877 αὑτὸν
708 821 976 884 εὐνοϊκῶς
1033 821 1400 892 διακειμένων
1446 822 1545 875 καὶ
1575 821 1684 875 τῶν
1710 820 1815 888 τῆς

248 919 547 987 συγγὶήτου,
605 914 703 967 καὶ
729 912 842 966 τῶν
880 915 940 967 ὲν
983 912 1149 974 τέλει.
1212 913 1310 966 καὶ
1342 912 1692 985 μισθοφόρων
1724 913 1814 965 ἀεὶ

246 1010 430 1066 πολλῶν
456 1006 848 1080 διατριϐόντων
897 1006 957 1059 ὲν
987 1004 1313 1076 βασιλείοιςο
1376 1004 1553 1060 ἔπειθ’
1589 1005 1673 1059 ὅτι
1718 1006 1815 1059 καὶ

247 1102 370 1155 τοῦτ’
412 1099 458 1152 εί
486 1097 629 1167 μετά
661 1093 879 1149 πολλῶν
934 1095 1047 1149 τῶν
1077 1096 1346 1150 κινδύνων
1406 1096 1811 1167 κατορθωθείη,

252 1192 348 1247 τότ’
397 1191 494 1261 ήδη
543 1187 959 1259 χαλεπωτέροις
1016 1187 1470 1259 περιπεσούμεθα
1520 1188 1813 1256 κινδύνοις,

250 1283 422 1346 πολλὰς
477 1278 886 1342 ὑποπτεύοντες
949 1279 1015 1331 εκ
1065 1279 1176 1333 τῶν
1223 1279 1485 1349 φυλάκων
1553 1282 1651 1334 καὶ
1702 1285 1814 1334 τῶν

252 1374 555 1447 πραγμάτων
582 1373 688 1437 τὰς
745 1369 1079 1442 μεταϐολάςζ
1103 1371 1235 1425 Ὅτε
1277 1372 1459 1427 τοίνυν
1482 1371 1577 1426 καὶ
1624 1375 1811 1444 ἀμφο-

253 1469 456 1540 τέρωθεν
475 1465 684 1536 ὑποψία
713 1465 892 1536 δεινή,
925 1464 1134 1536 βέλτιον
1166 1465 1401 1538 βραχείᾳ
1438 1466 1635 1537 καιροῦ
1669 1470 1810 1539 ῥοπῇ

255 1561 337 1624 τῆς
364 1559 496 1629 ζωῆς
530 1558 1044 1629 ἀποστερήσαντας,
1069 1557 1305 1629 βεϐαίως
1338 1559 1533 1630 ἄρχειν
1562 1559 1728 1613 αὐτοῦ
1753 1577 1811 1613 τε

256 1655 342 1708 οὐκ
365 1649 758 1726 ἀμυνουμένου,
817 1652 912 1705 καὶ
945 1650 1053 1705 τῶν
1084 1651 1263 1706 ἀλλων
1291 1652 1505 1716 οὐδενὸς
1535 1652 1814 1706 διακινδυ-

1918 534 2108 606 piens,
2161 536 2231 590 Et
2265 536 2372 592 hoc
2402 536 2548 607 quod
2577 537 2761 593 dixlsti
2786 579 2802 606 ,
2831 539 3036 611 inquit,
3063 544 3108 597 si
3146 544 3272 614 quis
3299 550 3512 618 cogita—

1921 626 2076 681 tione
2105 627 2459 695 perlustrarit
2484 669 2499 692 ,
2553 628 2743 684 multis
2785 629 3390 702 obnoxiumpericulis
3424 639 3512 690 in-

1917 717 2129 773 veniet.
2170 718 2420 774 Primum
2444 720 2594 774 enim
2624 720 2862 776 arduum
2896 737 3037 791 opus
3064 734 3147 779 est
3185 726 3338 782 illum
3363 742 3517 782 com—

1916 811 2284 883 prehendere,
2306 814 2528 883 quando
2547 827 2604 869 et
2622 831 2687 870 ex
2707 818 3052 885 proceribus,
3079 830 3212 874 etex
3230 823 3514 891 magistra-

1919 903 2088 966 tibus,
2106 913 2163 960 et
2177 920 2244 960 ex
2262 906 2563 961 meritoriis
2582 906 2872 971 militibus,
2897 909 2993 979 qui
3018 910 3339 981 frequentes
3353 911 3407 966 in
3428 929 3519 983 pa-

1918 999 2052 1054 latio
2074 1015 2295 1072 semper
2318 1004 2597 1065 visuntur,
2621 1005 2779 1058 multi
2826 1020 2979 1059 suam
3007 1006 3063 1060 in
3091 1021 3217 1061 eum
3261 1008 3513 1063 benevo-

1906 1091 2145 1148 lentiam
2192 1106 2417 1151 navant.
2461 1098 2669 1153 Deinde
2709 1107 2769 1153 ut
2796 1099 2903 1154 hoc
2931 1100 3107 1154 fauste
3140 1100 3514 1170 transigamus

1922 1187 2200 1257 (quamvis
2232 1203 2344 1241 non
2382 1188 2507 1242 sine
2559 1189 2811 1258 pluribus
2858 1191 3145 1260 periculis)
3187 1191 3242 1246 in
3302 1192 3508 1246 discri-

1917 1295 2041 1333 men
2075 1282 2276 1335 saevius
2316 1281 2650 1348 incidemus,
2720 1293 2845 1337 cum
2885 1297 2923 1339 ε
2951 1283 3279 1338 custodibus
3319 1285 3512 1353 plures

1917 1380 2211 1442 suspectos
2243 1373 2450 1429 habere
2481 1385 2536 1429 et
2566 1390 2752 1430 rerum
2796 1375 3235 1431 vicissitudinem
3260 1390 3514 1431 metuere

1916 1480 2202 1536 cogemur.
2228 1465 2501 1533 Quoniam
2529 1467 2697 1538 igitur
2743 1468 3005 1535 utrinque
3058 1469 3200 1522 male
3256 1478 3514 1522 metuen-

1917 1556 2048 1611 dum
2082 1566 2189 1622 est,
2223 1567 2444 1628 praestat
2469 1599 2484 1618 .
2521 1568 2581 1614 ut
2632 1575 2754 1614 mea
2789 1559 2897 1614 fert
2943 1559 3156 1629 opinio,
3192 1559 3312 1615 seni
3359 1561 3512 1630 quod

1917 1660 2092 1706 restat
2124 1653 2251 1706 vitae
2303 1663 2646 1707 momentum
2689 1652 2994 1723 praecidere
3020 1694 3035 1718 ,
3071 1662 3238 1723 atque
3274 1653 3350 1707 ita
3381 1669 3508 1708 cer-

259 1747 417 1802 νεύειν
443 1746 575 1818 ὑπὲρ
604 1745 776 1799 αδτοῦ
819 1743 1078 1816 κειμένου
1136 1743 1560 1816 βουλησομένου.
1619 1747 1732 1816 Τὴν
1759 1746 1810 1799 δὲ

1921 1751 2036 1797 tum
2106 1750 2163 1798 et
2220 1752 2482 1800 constans
2540 1743 2832 1814 imperium
2920 1744 3222 1815 indipisci,
3263 1748 3517 1815 quando-

261 1842 483 1914 τοιαύτην
511 1841 703 1912 βουλὴν
737 1839 1003 1912 εξήνεγκε
1035 1840 1135 1911 μὲν
1162 1841 1305 1895 κατά
1334 1839 1602 1911 βασιλέως
1625 1841 1652 1894 ὁ
1679 1840 1810 1911 Συρ-

1921 1835 2147 1906 quidem
2188 1852 2294 1892 nec
2328 1837 2508 1907 ipsum
2561 1852 2621 1893 se
2662 1837 2984 1904 ulciscetttr,
3015 1848 3072 1895 et
3100 1840 3194 1911 qui
3223 1855 3326 1911 pro
3358 1856 3510 1894 mor—

267 1936 459 2006 γιάννης
503 1935 559 1998 ιε
588 1931 785 1987 ἑαυτοῦ
822 1930 948 2000 μὲν,
996 1932 1161 2002 ἀνῆγε
1190 1930 1238 1984 δ’
1258 1933 1341 1996 είς
1379 1928 1555 2002 αὐτὴν
1576 1929 1814 2000 μάλιστα

271 2029 356 2081 καὶ
385 2028 716 2097 ’Ᾱπὸιαυχος,
738 2024 1055 2088 ἐκσπόνδως
1082 2024 1221 2093 πρὸς
1256 2022 1483 2093 βασιλέα
1520 2023 1582 2090 ἐξ
1619 2022 1813 2076 αἰτιῶν

282 2120 583 2190 διακείμενος
610 2119 921 2191 παραλόγων
948 2134 965 2151 ⁸
1000 2115 1079 2192 μὴ
1124 2117 1193 2171 δι’
1224 2116 1391 2171 αὐτοῦ
1423 2116 1479 2171 δὲ
1510 2116 1811 2188 δυνάμενος

291 2211 500 2280 εἰσάγειν
536 2211 627 2281 τὴν
652 2209 860 2282 γνώμην
924 2209 1104 2281 (οὔπω
1146 2209 1258 2279 γὰρ
1304 2208 1552 2281 ᾠκείωτο
1603 2207 1816 2279 βασιλεῖ

289 2301 509 2354 τοσοῦτον
534 2301 607 2366 ὡς
654 2301 744 2355 καὶ
791 2300 1044 2373 μετέχειν
1101 2299 1347 2372 βουλῆς),
1398 2299 1541 2371 φίλῳ
1587 2298 1701 2354 δντι
1735 2298 1814 2370 τῷ

280 2395 535 2468 Συργιάννῃ
562 2396 654 2461 τὰς
690 2396 888 2467 βουλὰς
920 2392 1167 2453 ὑπετίθει
1213 2397 1290 2461 ὡς
1322 2396 1472 2466 αύτῷ
1524 2399 1815 2472 παρρησίᾳ

268 2483 653 2557 βουλευσομένῳ.
674 2487 820 2558 Πρὸς
846 2487 1048 2542 ταῦθ’ὀ
1073 2487 1247 2559 μέγας
1264 2487 1607 2557 δομέστικος,
1654 2489 1710 2542 Ἐ
1719 2491 1811 2559 μοὶ

263 2575 540 2646 τὸπρῶτον,
572 2577 702 2650 ἔφη,
722 2576 832 2632 τῶν
865 2577 1254 2650 βουλευμάτων
1288 2578 1397 2632 τῶν
1427 2568 1809 2653 ἀπανθρώπων

257 2669 481 2738 κρίνοντι,
498 2671 554 2724 τὸ
582 2670 866 2743 δεύτερον,
918 2671 1028 2725 οὐδ’
1047 2671 1336 2741 ὠμότητος
1381 2673 1478 2728 καὶ
1521 2673 1814 2745 ἀπανθρω-

253 2763 365 2827 πίας
396 2762 696 2835 ὕπερϐολὴν
728 2762 1006 2816 ἐλλείπειν
1055 2764 1319 2833 οὐδεμίαν
1379 2766 1663 2836 φαίνεται.
1722 2766 1815 2823 Διδ

254 2854 512 2925 σνμᾳέρειν
568 2853 820 2926 ἠγοῦμαι
874 2854 1084 2909 τούτων
1137 2856 1484 2921 ἀποστάντας
1532 2858 1811 2926 ἁπάντων,

254 2944 338 2998 τῶν
352 2945 630 3018 προτέρων
661 2945 885 3019 ἔχεσθαι
911 2944 1318 3017 βουλευμάτων,
1350 2947 1446 3002 καὶ
1481 2951 1705 3002 σκοπεῖν
1717 2948 1815 3020 οὐχ

252 3034 366 3099 ὅπως
410 3035 635 3106 βασιλεῖ
688 3036 879 3090 κακῶν
932 3035 1255 3106 ἀνηκέστων
1309 3036 1475 3091 αἴτιοι
1523 3038 1807 3108 φανῶμεν.

1921 1938 2018 1984 tuo
2074 1928 2286 1999 aliquid
2349 1931 2667 2001 periculose
2722 1918 2983 2002 inceptet,
3015 1933 3204 1987 nullus
3256 1937 3513 1991 exsistet.

1918 2016 2049 2073 Tale
2074 2020 2369 2075 consilium
2390 2020 2729 2091 Syrgiannes
2763 2030 2956 2076 contra
2987 2037 3150 2077 avum
3190 2037 3259 2077 ex
3298 2038 3357 2079 se
3382 2026 3518 2093 qui-

1918 2108 2044 2163 dem
2074 2110 2241 2165 dabat
2269 2128 2285 2178 ;
2320 2111 2414 2166 sed
2446 2112 2500 2165 in
2535 2110 2733 2181 primis
2767 2111 3100 2181 Apocaucho
3133 2112 3466 2167 sollicitante
3490 2154 3513 2179 ,

1918 2203 2016 2273 qui
2047 2203 2120 2257 ob
2154 2218 2352 2258 causas
2372 2204 2638 2274 quasdam
2691 2219 2803 2258 non
2832 2204 3136 2273 legitimas,
3171 2205 3241 2259 ab
3265 2207 3509 2276 impera-

1919 2307 2038 2351 tore
2066 2296 2285 2351 seniore
2319 2295 2576 2358 alienior.
2614 2293 2744 2364 quia
2769 2309 2867 2349 ore
2902 2309 3004 2349 suo
3047 2296 3379 2350 sententiam
3423 2295 3512 2350 di—

1918 2403 2045 2444 cere
2075 2404 2184 2443 non
2210 2394 2451 2458 poterat,
2489 2385 2638 2457 quod
2670 2386 2725 2441 in
2776 2385 3021 2458 junioris
3065 2385 3510 2441 familiaritatem
3608 2391 3611 2393 ’

1919 2483 2154 2561 necdum
2203 2482 2341 2537 adeo
2392 2490 2804 2552 penetraverat.
2844 2479 2952 2553 30
2997 2488 3059 2535 ut
3088 2480 3253 2536 etiam
3294 2482 3349 2536 in
3377 2497 3480 2535 con

1917 2575 2103 2631 silium
2133 2574 2517 2638 adhiberetur,
2544 2583 2595 2628 et
2633 2570 2997 2644 Syrgiannem
3017 2573 3300 2643 diligebat,
3328 2572 3510 2627 eidem

1920 2667 2085 2733 istuc,
2123 2674 2184 2721 ut
2207 2665 2497 2721 liberrime
2528 2665 2853 2721 consulturo
2892 2674 3261 2736 suggesserat.
3302 2664 3510 2718 Comra

1916 2758 2034 2813 haec
2092 2759 2173 2814 sic
2230 2759 2513 2828 ingressus
2561 2765 2647 2812 est
2701 2771 2932 2826 magnus
2993 2756 3383 2811 domesticus:
3443 2756 3512 2809 lit

1917 2851 2093 2921 prima
2121 2853 2400 2907 sententia
2432 2849 2569 2904 mihi
2601 2849 2925 2914 inhumana,
2970 2858 3029 2903 et
3067 2846 3240 2903 altera
3286 2848 3511 2903 saevitiae

1916 2952 2084 3013 atque
2116 2941 2481 2996 immanitatis
2520 2940 2749 2995 modum
2790 2955 3012 2995 omnem
3048 2954 3384 3009 exsuperare
3430 2939 3509 2992 vi-

1920 3034 2106 3089 detur.
2172 3033 2544 3100 Quamobrem
2608 3040 2852 3100 spectata
2916 3029 3194 3095 utilitate,
3233 3029 3303 3084 ab
3353 3029 3513 3083 hisee

245 3124 340 3178 ἀλλ’
365 3127 506 3191 ὅπως
530 3127 695 3198 ἡμᾶς
739 3127 940 3191 αὐτοὺς
966 3127 1199 3192 ἀπαθεῖς
1240 3119 1671 3200 διατηρήσωμεν
1710 3146 1810 3183 κα-

1918 3127 2166 3184 consiliis
2188 3127 2585 3191 recedendum,
2618 3142 2682 3180 ac
2705 3124 2992 3196 prioribus
3019 3123 3509 3180 adhaerescendnm

241 3212 336 3267 κῶν
373 3216 470 3288 (είς
511 3215 684 3269 τοῦτο
721 3215 830 3286 γὰρ
869 3217 966 3270 καὶ
1016 3214 1501 3287 συνεληλύθαμεν,
1555 3216 1706 3278 ὅποκς
1734 3214 1812 3286 τῷ

239 3302 325 3373 μὲν
352 3304 454 3358 τῶν
483 3304 768 3377 βασιλέων
792 3304 1161 3376 ἀδικουμένῳ.
1212 3303 1352 3383 Θεού
1381 3306 1813 3376 συναιρομένου,

236 3395 316 3447 καὶ
334 3394 427 3466 τὴν
455 3394 621 3467 ζωὴν
647 3395 1072 3468 δια-τηρήσωμεν
1101 3396 1197 3450 καὶ
1224 3397 1325 3465 τὴν
1350 3397 1542 3470 τιμήν)
1576 3414 1589 3428 ·
1622 3401 1700 3470 τῷ
1734 3399 1812 3467 δὲ,

234 3489 482 3562 μηδεμιᾶς
505 3489 923 3561 ἀκολουθούσης
946 3490 1217 3561 ἀνάγκης,
1258 3490 1383 3562 μηδ’
1413 3490 1619 3565 εί;“τὴν
1647 3493 1813 3564 τιμὴν

231 3585 650 3656 ιισρενοχλῆσαι,
704 3584 872 3653 μήτοι
909 3598 977 3652 γε
1032 3584 1132 3654 τὴν
1161 3581 1329 3654 ζωήν.
1383 3583 1601 3637 Τούτων
1640 3582 1814 3648 οὕτως

232 3674 451 3747 ἀλλήλοις
476 3675 716 3732 ἐναντία
748 3664 1211 3746 βουλευομένων,ὁ
1246 3674 1348 3744 μὲν
1384 3664 1646 3746 βασιλεὺς
1677 3676 1814 3729 καθ-

230 3766 347 3836 ῆστο
402 3771 565 3840 σιγῇ,
624 3766 734 3821 τῶν
762 3765 1075 3836 λεγομένων
1105 3763 1531 3838 ὲπακροὼμενος
1553 3781 1571 3796 '
1617 3769 1646 3821 ὁ
1680 3768 1817 3838 Συρ-

230 3860 425 3931 γιάννης
452 3861 514 3915 δὲ
548 3858 660 3913 τὸν
706 3858 866 3928 λόγον
893 3856 1206 3925 ἀναλαϐὼν,
1262 3860 1329 3913 εκ
1386 3858 1498 3913 τῶν
1552 3859 1816 3914 ἔναντίων

226 3952 502 4021 ἀντιλέγων
562 3951 716 4023 «pb;
776 3951 871 4004 τὸν
918 3951 1093 4022 μέγαν
1138 3951 1465 4023 δομὲστικον
1497 3951 1601 4025 ἔφη
1626 3967 1643 3984 ·
1700 3954 1814 4024 Τῆς

223 4042 565 4113 ἀνὺρωπῐνης
623 4042 839 4114 φύσεως
867 4043 929 4097 τὸ
960 4042 1139 4106 ἐνδεὲς
1180 4043 1436 4116 ἐχούσης,
1469 4045 1566 4099 καὶ
1594 4046 1816 4114 τῆςτε-

222 4132 352 4197 λείας
398 4136 516 4190 τῶν
573 4134 757 4189 ὄντων
804 4134 1065 4204 γνώσεως
1112 4136 1578 4208 ἀπολειπομένης,
1620 4137 1813 4191 οὐδένα

222 4223 319 4277 διῑν
348 4224 507 4297 οἶμαι
538 4227 668 4289 τοῖς
690 4227 784 4281 ἀπ’
818 4226 998 4298 ἀρχῆς
1049 4227 1392 4299 δεδογμένοις
1425 4230 1713 4302 ἐμμένειν,
1746 4234 1812 4287 ἂν

222 4320 344 4383 μετᾶ
368 4318 555 4373 ταῦτα
599 4317 799 4389 βελτίω
856 4320 1115 4373 τάναντία
1149 4321 1433 4393 φαίνηται,
1488 4322 1601 4392 ἢεί
1654 4323 1815 4378 τοῦτο

222 4411 484 4483 κρατήσῃ,
510 4411 627 4464 οὐκ
656 4407 724 4464 ἂν
777 4409 972 4477 φθάνοι
1003 4411 1163 4465 πάντ’
1188 4411 1304 4466 ἀνω
1332 4414 1425 4466 καὶ
1479 4413 1632 4468 κάτω
1657 4414 1814 4484 γενό-

1916 3222 2219 3285 constituo,
2275 3220 2817 3291 providendumque,
2871 3233 2983 3272 non
3028 3232 3270 3288 quonam
3343 3228 3511 3288 pacto

1917 3313 2307 3387 imperatorem
2332 3313 2677 3368 atrocissime
2699 3311 3135 3382 multemnshsed
3161 3326 3267 3381 qua
3292 3310 3509 3364 ratione

1916 3420 1946 3460 a
1975 3406 2457 3476 nostrislipsorum
2510 3405 2826 3460 cervicibus
2851 3404 3080 3458 exitium
3107 3402 3511 3475 prohibeamus

1916 3496 2107 3568 (huius
2135 3498 2284 3551 enim
2313 3511 2444 3566 ergo
2498 3496 2889 3563 convenimus,
2930 3502 2991 3549 ut
3023 3495 3252 3569 alterius
3279 3492 3507 3564 quidem
3573 3476 3582 3486 ’

1917 3587 2116 3658 injuria
2171 3587 2284 3642 laesi
2344 3586 2512 3641 vitam
2564 3586 2972 3655 honoremque,
3032 3585 3146 3640 Deo
3200 3599 3305 3640 nos
3360 3584 3506 3639 bene

1915 3680 2237 3751 adjuvante,
2275 3676 2578 3750 tueamur);
2622 3677 2851 3731 alterius
2882 3676 3273 3738 anteinrnuila
3305 3675 3504 3746 impel-

1916 3772 2063 3828 lente
2095 3772 2534 3834 necessitudine,
2576 3786 2647 3825 ne
2680 3769 2880 3825 honori
2915 3768 3137 3839 quidem
3165 3806 3192 3832 ,,
3238 3769 3370 3840 quid
3418 3768 3505 3824 di-

1916 3881 2036 3921 cam
2075 3865 2237 3919 vine?
2272 3862 2770 3920 incommodemus.
2807 3861 2920 3916 Illis
2944 3864 3050 3917 isto
3084 3861 3247 3917 modo
3277 3861 3505 3933 iudiciis

1917 3958 2307 4027 sententiaque
2362 3955 2829 4026 discrepantibus,
2863 3954 3054 4026 junior
3084 3954 3383 4023 imperator
3413 3970 3501 4009 se-

1916 4054 2075 4116 dens,
2116 4053 2316 4108 tacitus
2355 4067 2477 4122 qua:
2536 4050 2870 4106 dicebantur
2922 4047 3290 4103 auscultabat.
3352 4045 3494 4101 Tum

1917 4142 2253 4216 Syrgiannes
2296 4158 2495 4213 magno
2549 4141 2854 4196 domestico
2897 4141 2976 4197 sic
3027 4140 3275 4195 occurrit
3315 4138 3497 4195 :Cutn

1916 4234 2127 4305 ingenii
2155 4234 2384 4289 humani
2420 4232 2781 4289 imbecillitas
2827 4232 3129 4305 perfectam
3182 4246 3369 4287 rerum
3406 4247 3502 4286 σο·
3546 4222 3553 4231 ’

1917 4328 2221 4400 gnitionem
2246 4328 2416 4382 simul
2450 4326 2562 4398 (87)
2594 4325 2814 4395 assequi
2860 4334 3134 4394 nequeat,
3185 4323 3393 4378 nemini
3442 4324 3498 4377 in

1916 4418 2005 4473 bis
2057 4433 2179 4488 quae
2221 4416 2290 4471 ab
2330 4416 2491 4470 initio
2537 4417 2590 4471 ei
2628 4415 2742 4470 visa
2781 4424 2949 4478 sunt,
2986 4412 3494 4483 conquiescendum

220 4517 363 4568 μενα.
397 4506 502 4558 ’Δν
534 4504 655 4574 γὰρ
691 4503 819 4575 μήτ’
842 4504 1108 4576 ἔμπορος,
1163 4506 1291 4577 μήθ’
1323 4508 1352 4561 δ
1377 4509 1642 4580 γεωργὸς,
1678 4510 1810 4580 μήθ’

1917 4521 2070 4582 puto,
2093 4511 2137 4564 si
2161 4508 2513 4579 postmodum
2541 4506 2817 4562 contraria
2843 4507 3069 4560 meliora
3099 4505 3497 4575 apparuerint;

217 4592 242 4641 ὁ
266 4593 628 4666 κυϐερνήτης
681 4594 819 4665 πρὸς
843 4596 913 4649 τά
938 4598 1199 4651 δοκοῦντα
1231 4599 1488 4670 λυσιτελῆ
1524 4601 1808 4673 μεθαρμόο

216 4683 389 4754 ζηται,
426 4688 555 4741 ἀλλ’
584 4689 903 4757 ἀναγκαίως
960 4691 1179 4765 ἐμμένῃ
1223 4694 1334 4757 τοῖς
1371 4693 1468 4746 ἀπ’
1514 4695 1690 4765 ἀρχῆς
1718 4697 1808 4748 ὄε-

214 4777 522 4846 δογμένοις,
550 4780 767 4850 ταχέως
790 4784 819 4834 ὁ
872 4784 972 4852 μὲν
1000 4784 1343 4856 κυϐερνήτης
1380 4787 1564 4858 ἑαυτῷ
1595 4804 1803 4855 συγκα-

213 4870 411 4945 ταδύσῃ
445 4873 557 4943 τὴν
587 4871 725 4925 ναῦν
742 4873 1005 4927 ἐναντίων
1037 4878 1370 4946 κινηθέντων
1400 4878 1751 4949 πνευμάτων
1776 4878 1804 4933 ὁ

215 4954 255 5007 δ’
282 4960 535 5031 ἔμπορος
560 4961 826 5031 ἐπανήξει
869 4964 1024 5029 κενὸς
1046 4966 1371 5037 χρημάτων
1392 4970 1419 5020 ὁ
1459 4972 1704 5039 γεωργὸς
1746 4969 1805 5024 δὲ

215 5049 347 5117 πρὸς
374 5055 443 5122 τῇ
479 5053 599 5105 τῶν
634 5055 810 5107 πόνων
832 5057 1221 5128 ἀποστερήσει,
1247 5060 1339 5111 καὶ
1376 5059 1547 5129 βαθὺν
1577 5059 1806 5132 ὀφλήσει

212 5137 448 5203 γέλωτα.
483 5142 891 5214 Προσθήσομεν
919 5144 976 5198 δέ
1012 5162 1065 5198 τι
1110 5149 1205 5198 καὶ⁵
1233 5147 1342 5200 τῶν
1380 5150 1598 5203 οἰκείων
1629 5168 1809 5223 παρα-

210 5232 555 5301 δειγμάτωνί
579 5236 694 5289 Οὐκ
722 5236 789 5290 ἂν
814 5237 935 5290 οὐδὲ
998 5244 1300 5312 στρατηγὸς
1355 5245 1466 5306 τοίς
1506 5242 1605 5299 ἀπ’
1629 5244 1805 5315 ἀρχῆς

1916 4600 2125 4671 alioqui
2157 4600 2304 4654 aliud
2345 4599 2452 4653 alio
2484 4598 2657 4663 ferri,
2702 4597 3032 4665 miscerique
3066 4610 3130 4650 ac
3177 4595 3497 4665 perturbari

1914 4695 2098 4751 omnia
2122 4710 2346 4750 necesse
2378 4704 2486 4749 est.
2519 4693 2574 4749 Si
2600 4692 2746 4747 enim
2771 4708 2873 4747 nec
2896 4702 3190 4755 mercator,
3217 4707 3317 4746 nec
3347 4691 3496 4762 agri-

1914 4791 2054 4851 cola.
2096 4805 2199 4845 nec
2256 4790 2596 4860 gubernator
2653 4797 2957 4859 perspecta!
3017 4789 3391 4844 commoditati
3433 4803 3501 4844 se

1911 4881 2438 4943 accommodaverit.
2476 4897 2665 4939 verum
2700 4882 2756 4936 in
2784 4891 3047 4952 suscepto
3084 4883 3252 4938 semel
3285 4897 3490 4952 propo-

1911 4977 2019 5030 sito
2069 4989 2436 5045 perseverare
2490 4974 2773 5030 obstinate
2808 4973 3126 5037 imbiberit,
3186 4974 3275 5027 hic
3311 4973 3496 5026 ventis

1910 5065 2156 5120 adversis
2193 5066 2546 5135 surgentibus
2577 5066 2685 5119 cito
2732 5080 2929 5120 navem
2979 5080 3164 5119 secum
3213 5078 3490 5118 summer-

1911 5164 2020 5224 get,
2048 5156 2359 5226 negotiator
2392 5171 2658 5212 crumena
2682 5173 2850 5211 vacua
2882 5156 3103 5220 redibit;
3137 5164 3319 5209 arator
3348 5168 3497 5221 pne-

1912 5260 1996 5304 ter
2028 5248 2239 5304 laboris
2288 5248 2706 5317 frustrationem
2755 5249 2973 5319 publica
3029 5248 3195 5302 etiam
3233 5245 3495 5301 irrisione

1485 5379 1705 5441 Jacobi
1747 5382 2015 5445 Pontani
2047 5398 2236 5447 no'm.

280 5492 400 5564 (87)
441 5496 949 5575 Yerissimumest,
982 5501 1132 5575 quod
1159 5503 1238 5575 ait
1265 5520 1279 5557 ι
1311 5502 1416 5575 οιγ.
1455 5505 1526 5562 Μ.
1565 5505 1800 5572 Tullius.

210 5577 410 5647 omnes
444 5567 712 5647 homines
743 5570 885 5622 trahi
935 5567 1016 5626 et'
1061 5573 1204 5647 duci
1230 5575 1307 5647 ad
1346 5567 1690 5647 cognitionis
1746 5567 1804 5633 et.

209 5639 468 5715 scientia
498 5639 976 5715 cupiditatct_n,et
1006 5645 1125 5715 veri
1158 5644 1379 5715 videndi
1408 5639 1450 5700 a'
1476 5657 1671 5701 natura
1702 5664 1804 5702 no-

215 5706 748 5788 bisingeneratum
801 5709 1163 5767 desiderium.
1216 5714 1322 5788 Sed
1373 5718 1502 5786 quia
1558 5720 1802 5788 cognitio

218 5785 410 5829 nostra
444 5792 676 5835 necesse
707 5788 792 5835 est
823 5795 923 5849 per
959 5797 1158 5838 sensus
1194 5785 1262 5839 ad
1304 5785 1549 5841 animum
1594 5785 1800 5849 veniat.

1913 5512 2198 5580 quomodo
2228 5527 2329 5567 nec
2360 5498 2526 5567 simul
2567 5512 2751 5566 omnia
2782 5507 3041 5566 sensibus
3069 5509 3378 5580 percipere,
3407 5514 3489 5567 sic

1912 5596 2018 5636 nec
2050 5587 2235 5637 Olttttla
2271 5583 2467 5637 eodem
2508 5594 2755 5652 tempore
2799 5580 2965 5652 simul
3002 5596 3339 5650 cognoscere
3364 5600 3497 5651 pos—

1910 5666 2127 5733 sumus.
2158 5653 2350 5733 itaque
2382 5650 2680 5722 perfectam
2711 5650 3084 5720 cognitionem
3107 5652 3262 5721 quasi
3289 5650 3494 5722 grada-

1913 5732 2010 5776 ttnt
2043 5732 2406 5793 acqmrtxnus.
