4038 6212
371 334 473 398 10'}

1520 340 1844 402 JOANNIS
1887 342 2422 404 CANTACUZENI

3525 343 3628 410 104

368 454 607 510 ludetur.
657 453 798 521 Quin
825 454 992 510 etiam
1034 456 1286 524 exempla
1341 472 1372 511 e
1405 472 1462 510 re
1495 467 1678 512 nostra
1712 459 1938 528 adjicia-

2049 458 2305 526 ἐμμένων
2361 454 2824 525 βεϐουλευμένοις,
2876 454 3142 524 τρόπαιον
3193 456 3298 510 ἀπὸ
3323 457 3432 512 τῶν
3457 461 3623 516 πολε·-

370 561 516 600 tuus.
555 546 750 600 Nullus
785 547 982 600 ductor
1027 548 1356 616 placitorum
1390 551 1634 618 priorum
1665 560 1845 614 tenax,
1878 550 1946 604 de

373 636 626 690 l.ostibus
658 646 924 705 troparum
983 640 1159 708 eriget
1187 657 1201 704 ;
1235 641 1343 693 imo
1374 641 1606 708 turpiter
1638 651 1694 695 et
1732 641 1948 695 eﬂemi—

372 739 499 779 nate
542 727 718 782 victus
750 744 918 796 seque
950 731 1292 799 militemque
1350 731 1624 800 perditum
1658 732 1778 786 ibit.
1811 733 1946 787 Nam

371 819 416 870 si
450 819 634 886 copias
673 834 800 873 suas
837 819 1170 874 adversariis
1201 821 1360 890 longe
1404 822 1662 890 majores,
1698 832 1754 876 et
1802 822 1949 876 bello

372 911 790 964 exercitatiores
817 926 1069 974 censens,
1109 911 1322 966 idcirco
1356 913 1542 982 pradio
1569 914 1946 968 dimicandum

375 1003 707 1063 decreverit,
733 1003 930 1056 deinde
964 1004 1016 1056 in
1041 1013 1399 1072 conspectum
1427 1006 1669 1061 hostium
1697 1009 1947 1070 veniens,
1997 1081 2002 1086 ι

372 1110 471 1148 eos
503 1105 552 1145 et
590 1109 842 1156 numero,
881 1104 934 1146 ct
963 1110 1088 1158 usu,
1119 1105 1175 1148 et
1201 1112 1481 1150 armorum
1509 1111 1770 1168 apparatu
1813 1102 1951 1155 mul-

378 1186 445 1238 tis
486 1183 734 1251 partibus
770 1183 1083 1250 superiores
1115 1186 1413 1249 viderit,et
1448 1189 1574 1256 quia
1599 1191 1948 1258 auticipatam

374 1278 688 1344 Opinionem
720 1279 975 1332 deserere
1001 1293 1106 1330 non
1147 1279 1282 1341 vult,
1321 1280 1726 1336 inconsiderate
1762 1298 1824 1337 ac
1863 1293 1942 1337 le-

375 1385 524 1422 mere
557 1371 728 1439 signis
758 1371 928 1423 illatis
959 1370 1291 1429 conﬂixerit,
1320 1373 1516 1440 ecquid
1549 1374 1708 1426 talem
1752 1376 1947 1428 ducem

377 1459 572 1509 insano
638 1475 829 1526 parum
863 1459 1128 1513 interesse
1168 1461 1524 1530 negabimus?
1556 1462 1718 1518 Certe
1767 1468 1951 1520 nenti-

375 1564 562 1615 quam.
595 1549 782 1617 Itaque
811 1561 869 1604 et
910 1557 962 1602 tu
1002 1551 1135 1604 mibi
1180 1551 1233 1604 in
1265 1568 1505 1621 prwsens
1530 1554 1948 1611 admirationem

375 1653 713 1699 connnoves,
743 1639 909 1692 homo
945 1655 974 1692 a
1004 1641 1238 1708 pueritia
1265 1657 1440 1711 usque
1470 1642 1537 1696 ad
1567 1644 1671 1698 hoc
1693 1646 1868 1700 :Ptatis
1898 1647 1948 1700 in

375 1727 572 1781 militia
605 1738 662 1784 et
697 1729 1030 1786 militaribus
1070 1743 1320 1787 versatus
1359 1733 1663 1799 laboribus,
1711 1736 1842 1790 dum
1871 1739 1951 1792 at.

377 1821 560 1874 ﬁrmas
593 1859 608 1884 ,
664 1837 785 1890 qua:
837 1839 866 1876 a
921 1825 1197 1894 principio
1239 1829 1493 1882 statuerit
1547 1831 1842 1899 quispiam,
1881 1831 1950 1886 iis

374 1913 593 1966 allixum
617 1929 738 1968 esse
773 1925 1032 1982 oportere
1054 1955 1069 1979 ,
1104 1931 1206 1970 nec
1237 1917 1347 1971 scis
1391 1918 1476 1972 vel
1527 1935 1635 1974 uno
1689 1921 1952 1990 temporis

375 2016 580 2071 puncto
607 2006 712 2076 31
741 2023 927 2074 rerum
970 2007 1332 2077 plurimarum
1357 2013 1819 2067 commutationes
1857 2028 1952 2067 so-

374 2096 488 2151 lere
523 2098 660 2152 lieri.
684 2099 886 2154 Adb;ec
908 2115 1140 2170 magnus
1161 2100 1499 2156 domesticus
1523 2103 1605 2157 sic
1640 2105 1948 2174 respondit:

373 2189 488 2258 Ego
507 2206 636 2242 vero
675 2193 986 2245 mortalium
1019 2193 1201 2247 adhuc
1239 2194 1447 2247 nullum
1475 2233 1490 2257 ,
1535 2194 1726 2250 saltem
1759 2198 1952 2267 paulu-

373 2281 485 2334 lum
523 2293 702 2336 mente
745 2283 1040 2344 valentem;
1073 2282 1146 2336 ita
1183 2295 1503 2354 perpetuam
1539 2286 1592 2340 in
1646 2288 1820 2356 prima
1855 2288 1953 2342 ali—

371 2390 480 2442 qua
550 2375 834 2428 voluntate
889 2372 1338 2442 permansionem
1417 2377 1637 2433 sibimet
1688 2379 1952 2436 indixisse

371 2466 564 2528 credo,
595 2477 651 2520 ut
679 2455 800 2520 eam
830 2475 1040 2536 postea,
1071 2467 1286 2522 tametsi
1309 2468 1534 2523 meliora
1574 2485 1632 2524 se
1659 2471 1950 2538 offerrent,

375 2560 666 2613 immutare
703 2559 1112 2630 detrectaverit.
1137 2559 1217 2614 Te
1247 2576 1466 2630 quoque
1500 2561 1676 2631 ipsqu
1710 2565 1952 2619 arbitror

373 2667 482 2704 non
513 2652 758 2720 potuisse
805 2659 916 2706 tam
981 2650 1272 2706 immodice
1312 2653 1447 2705 mibi
1500 2655 1820 2718 conviciari,
1858 2670 1954 2712 aut

374 2743 441 2796 de
476 2743 641 2795 rebus
674 2744 809 2796 adeo
841 2742 1131 2798 commode
1163 2759 1224 2798 ac
1251 2760 1377 2799 vere
1403 2745 1578 2814 loqui,
1609 2747 1712 2800 nisi
1745 2749 1953 2819 pariter

376 2848 591 2884 mecum
625 2832 882 2886 sentires.
914 2831 1147 2886 Tantum
1178 2843 1358 2888 autem
1388 2835 1456 2890 ab
1477 2835 1571 2890 illo
1593 2836 1759 2903 disto,
1787 2855 1949 2908 quem

377 2934 433 2976 tu
473 2941 558 2976 me
584 2923 875 2988 describis,
907 2933 965 2978 ut
995 2935 1102 2978 tam
1147 2926 1200 2978 in
1237 2927 1474 2994 publicis
1527 2943 1692 2996 quam
1725 2929 1953 2998 privatis

374 3015 876 3070 deliberationibus
901 3059 915 3081 ,
956 3033 1078 3070 cum
1114 3019 1444 3072 sententiam
1498 3020 1842 3089 probabilem
1897 3031 1954 3076 et

375 3108 455 3161 rei
494 3111 788 3177 propositae
822 3107 1115 3162 utilitatem
1149 3109 1414 3178 opinione
1459 3125 1579 3169 mea
1604 3111 1837 3165 maxime
1869 3121 1952 3164 at-

379 3203 678 3270 tingentem
741 3215 1118 3268 saepenumero
1171 3201 1564 3268 protulissem,
1615 3203 1813 3257 deinde
1854 3202 1946 3258 ubi

377 3293 444 3346 ad
474 3293 615 3346 lat-ta
668 3303 890 3346 ventum
944 3292 1132 3359 fuerit,
1163 3302 1256 3348 aut
1299 3294 1368 3348 ab
1404 3295 1530 3360 alio,
1563 3311 1725 3366 quem
1765 3298 1948 3354 minus

375 3385 706 3455 prudentem
739 3384 1070 3453 judicarem,
1109 3395 1204 3439 aut
1229 3401 1258 3439 a
1297 3398 1498 3440 memet
1545 3403 1860 3456 persuasus,
1893 3390 1947 3444 in

373 3478 479 3530 alia
506 3479 692 3544 omnia
725 3477 1097 3532 discesserim.
1127 3475 1186 3531 In
1235 3478 1339 3532 hoc
1379 3488 1562 3533 autem
1593 3481 1834 3551 negotio,
1879 3483 1948 3538 de

376 3586 488 3638 quo
537 3587 685 3624 nunc
721 3570 1115 3641 disceptamus,
1168 3586 1275 3625 non
1333 3587 1454 3640 quae
1494 3572 1670 3636 vobis,
1703 3574 1797 3628 sed
1829 3591 1948 3645 qua:

371 3662 507 3716 Inibi
555 3661 846 3726 videntur,
900 3662 1183 3730 probanda
1233 3662 1520 3728 existimo,
1571 3663 1736 3735 idque
1781 3665 1951 3734 pluri-

373 3755 478 3809 bus
512 3754 579 3808 de
627 3755 827 3808 causis.
867 3753 1109 3807 Primum
1141 3755 1289 3808 enim
1325 3771 1520 3809 manus
1571 3755 1624 3808 in
1658 3755 1950 3825 imperato-

373 3864 512 3910 rem,
561 3855 615 3898 ct
649 3858 874 3900 unctum
928 3847 1142 3900 Domini
1189 3847 1301 3916 (88)
1338 3847 1586 3917 injicere,
1623 3848 1784 3918 eique
1832 3852 1948 3903 ani-

379 3954 522 3991 mam
594 3939 985 4006 exstinguere,
1051 3953 1160 3992 non
1232 3937 1376 4007 apud
1452 3939 1707 3993 homines
1771 3941 1946 3994 solum

380 4032 668 4085 universos
713 4031 870 4084 venia
920 4041 1092 4093 Caret,
1121 4031 1238 4093 sed,
1281 4017 1688 4094 uti-credimus,
1723 4036 1888 4088 etiam
1917 4050 1948 4087 a

374 4125 486 4177 Deo
519 4122 836 4192 huiusmodi
871 4123 1121 4176 facinora
1156 4122 1510 4176 acerbissima
1535 4123 1788 4178 mercede
1811 4141 1947 4194 pen-

374 4212 586 4267 santur.
631 4213 834 4266 Deinde
864 4230 970 4266 non
1016 4217 1156 4267 istuc
1192 4213 1350 4268 nobis
1395 4229 1424 4268 a
1451 4215 1724 4284 principio
1749 4233 1949 4286 propo-

374 4310 620 4369 suimus,
670 4317 728 4360 ut
776 4309 1008 4360 alterum
1060 4307 1445 4375 imperatorem
1498 4309 1618 4362 neci
1665 4310 1942 4375 daremus,

375 4401 605 4453 alterunt
667 4400 720 4451 in
769 4399 906 4451 solio
951 4399 1349 4453 collocaremus
1391 4417 1405 4453 :
1459 4400 1552 4453 sed
1590 4401 1828 4454 sollicito
1875 4402 1940 4454 ad

2051 546 2191 613 μίων
2224 547 2552 616 ἀναστήσειο
2600 545 2718 598 ἀλλ’
2767 546 3011 615 αἰσχρῶς
3061 547 3156 599 καὶ
3188 547 3432 615 ἀγεννῶς
3461 552 3631 620 ἡττη-

2051 634 2184 700 θεὶς,
2251 635 2696 703 συγκινδυνεύσει
2756 640 2871 701 τοῖς
2923 637 3311 707 στρατιώταις.
3372 639 3472 692 Ἂν
3521 641 3632 712 γὰρ

2052 727 2232 797 συμϐῇ
2257 727 2417 796 τοχδν
2451 729 2549 798 τὴν
2611 727 2710 798 μὲν
2752 728 2954 783 ἐαυτοῦ·
3001 731 3263 799 στρατιάν
3319 730 3631 785 πολλαπλαο

2053 816 2204 870 σῖονα
2250 818 2359 871 τῶν
2396 818 2672 888 πολεμίων
2705 820 2800 873 καὶ
2834 821 2973 888 πρὸς
3018 819 3089 873 τά
3122 821 3398 891 πολεμικά
3429 823 3630 892 μᾶλλον

2051 905 2373 977 ἠσκημένην
2399 909 2674 977 ἡγεῖσθαι,
2703 909 2798 961 καὶ
2819 909 2908 963 διὰ
2931 910 3092 963 τοῦτο
3132 911 3244 964 δεῖν
3269 911 3629 983 βουλεύσηται

2056 999 2234 1067 μάχην
2257 999 2575 1064 συνάπτειν,
2595 997 2693 1053 εἶτ’
2711 1004 2802 1054 ἐπὶ
2824 1002 2932 1054 τῶν
2958 1003 3302 1072 πραγμάτων
3321 1004 3509 1069 ἐλθὼν,
3531 1007 3631 1074 τὴν

2052 1087 2158 1140 τῶν
2183 1089 2439 1142 ἐναντίων
2473 1090 2555 1160 ἴδῃ
2584 1091 2681 1144 καὶ
2712 1090 2789 1160 τῷ
2825 1092 3023 1161 πλήθει
3048 1095 3138 1146 καὶ
3173 1097 3238 1163 τῇ
3272 1095 3502 1162 ἀσκήσει
3537 1096 3632 1148 καὶ

2051 1183 2163 1240 τοῖς
2194 1182 2378 1242 ὅπλοις
2411 1181 2788 1250 ὑπερέχουσαν
2843 1183 3024 1252 πολλῷ
3074 1177 3150 1252 τῷ
3189 1185 3374 1254 μέτρῳ
3399 1201 3414 1216 ⁸
3465 1184 3549 1237 διὰ
3574 1186 3630 1238 δὲ

2051 1269 2112 1320 τὸ
2148 1269 2223 1339 μὴ
2247 1269 2404 1322 λῦσαι
2446 1272 2512 1323 τά
2544 1271 2866 1341 δεδογμένα,
2897 1273 3196 1341 ἀλογίστως
3246 1275 3630 1348 συμπλέκηται

2053 1362 2148 1413 καὶ
2174 1362 2524 1432 παραϐόλως,
2552 1365 2649 1414 οὐκ
2681 1363 2750 1417 ἂν
2773 1365 2940 1433 ἐγγὺς
2959 1366 3052 1419 τοῦ
3082 1368 3368 1436 μαίνεσθαι
3393 1371 3632 1438 φαίημεν

2053 1452 2146 1504 τὸν
2201 1453 2506 1522 στρατηγὸν
2557 1453 2794 1520 ἐκεῖνον;
2825 1457 2995 1509 Παντί
3037 1475 3139 1509 που
3179 1458 3364 1527 δῆλον.
3407 1461 3498 1512 Δμό
3538 1478 3632 1528 μοι

2054 1544 2148 1598 καὶ
2194 1544 2255 1597 σὲ
2285 1544 2378 1598 νῦν
2427 1547 2610 1598 ἔπεισι
2647 1547 2972 1618 θαυμάζειν,
3009 1549 3184 1613 οὕτως
3210 1551 3633 1623 ἀποςρηνάμενον

2053 1634 2130 1697 ὡς
2174 1634 2282 1705 χρὴ
2339 1638 2450 1698 τοῖς
2511 1637 2568 1700 ἐξ
2615 1638 2786 1707 ἀρχῆς
2830 1638 3174 1709 δεδογμένοις
3237 1643 3516 1713 ἐμμένειν,
3567 1645 3634 1696 ἐκ

2055 1725 2277 1797 πρώτης
2296 1728 2511 1798 ἡλικίας
2535 1730 2592 1791 ἐς
2623 1729 2737 1782 τόδε
2760 1731 2973 1800 χρόνου,
3013 1733 3327 1802 στρατείαις
3378 1737 3474 1788 καὶ
3519 1739 3633 1800 τοῖς

1977 1807 2023 1864 Β
2052 1817 2116 1868 ἐκ
2149 1818 2434 1886 στρατείας
2497 1820 2918 1890 ἐνδιατρίψαντα
2959 1821 3164 1891 πόνοις,
3211 1823 3366 1876 τοῦτο
3387 1825 3442 1878 δὲ
3472 1827 3634 1896 ἠγνο-

2051 1908 2244 1977 ηκότα,
2271 1908 2345 1970 ὡς
2369 1909 2469 1977 μία
2498 1909 2692 1981 καιροῦ
2717 1911 2859 1984 ῥοπὴ
2889 1912 3101 1966 πολλῶν
3129 1917 3344 1986 ποιήσει
3374 1920 3634 1988 πραγμάο

2050 2012 2160 2049 των
2202 1998 2524 2064 μεταϐολάς.
2591 2001 2718 2056 Ἐπὶ
2771 2005 2984 2070 τούτοις
3034 2008 3062 2060 ὁ
3092 2007 3265 2078 μέγας
3311 2009 3632 2080 δομέστικος

2052 2081 2173 2140 εἷπε
2199 2089 2376 2142 τοιάδε
2397 2105 2412 2121 ο
2438 2091 2643 2145 Οὐδένα
2672 2095 2878 2164 νομίζω
2909 2096 3020 2150 τῶν
3070 2099 3162 2150 καὶ
3192 2099 3441 2152 ὁπωσοῦν
3493 2117 3630 2168 μετ-

2053 2179 2348 2250 ειληχότων
2381 2176 2594 2253 φρενῶν
2619 2183 2791 2252 οὕτως
2826 2189 3015 2243 ἐαυτὸν
3041 2184 3122 2254 οἷς
3153 2190 3211 2256 ἐξ
3262 2192 3434 2264 ἀρχῆς
3477 2192 3635 2246 ἐϐου-

2053 2271 2284 2326 λεύσατο
2309 2277 2635 2330 πεπεικέναι
2671 2277 2905 2347 βεϐαίως
2935 2282 3217 2350 ἐμμένειν,
3253 2283 3392 2337 ὥστε
3423 2287 3499 2356 μὴ
3532 2303 3632 2355 με-

2052 2365 2360 2430 ταὸάλλειν,
2383 2367 2586 2438 ἐτέρων
2614 2371 2670 2420 ἐν
2694 2369 2906 2442 ὑστέρῳ
2937 2376 3277 2444 φαινομένων
3311 2376 3626 2447 βελτιόνων.

2055 2457 2164 2510 Καὶ
2195 2458 2253 2510 σὲ
2283 2459 2339 2511 δὲ
2395 2461 2559 2515 αὑτὸν
2597 2463 2697 2515 οὐκ
2738 2465 2804 2518 ἂν
2835 2467 3164 2538 εὐπορήσειν
3209 2469 3298 2524 ἐπ’
3351 2473 3474 2541 ἐμοὶ
3523 2472 3634 2525 λοι-

2053 2548 2240 2619 δορίας
2274 2551 2602 2622 ὑπερϐολῆς,
2643 2554 2675 2624 ἢ
2707 2555 2850 2609 οὕτω
2883 2559 3142 2627 περὶτῶν
3173 2568 3514 2632 πραγμάτων
3539 2566 3633 2621 λέ·

2054 2657 2171 2709 γειν
2199 2641 2364 2712 ἔχειν,
2401 2645 2456 2694 ἐν
2489 2645 2722 2717 διαφορᾷ
2763 2652 3128 2703 καταστάντα.
3183 2653 3323 2722 Ἐγὼ
3350 2655 3405 2707 δέ
3440 2658 3631 2712 τοσού-

2053 2748 2147 2784 του
2177 2735 2280 2786 δέω
2305 2737 2485 2789 ὁποῖον
2518 2733 2659 2790 εἶναι
2687 2756 2847 2806 φατε,
2883 2739 3021 2794 ὥστε
3049 2745 3150 2797 κάν
3183 2749 3292 2810 τοῖς
3323 2748 3626 2817 δημοσίοις,

2053 2828 2158 2878 κᾶν
2186 2827 2297 2890 τοῖς
2335 2828 2506 2893 ἰδίοις,
2539 2830 2718 2901 ψῆφον
2748 2833 2825 2898 ὡς
2877 2836 3055 2901 καλῶς
3101 2839 3347 2908 ἔχουσαν,
3393 2848 3485 2897 καὶ
3533 2845 3628 2898 τοῦ

2054 2919 2460 2986 λυσιτελοῦντος
2483 2923 2543 2976 τὸ
2565 2925 2740 2978 δοκεῖν
2766 2927 2822 2990 ἐς
2855 2929 2921 2981 τά
2967 2932 3201 3000 μάλιστα
3231 2937 3628 3008 ἐφικνουμένην

2057 3012 2188 3082 περί
2232 3031 2375 3076 τινος
2407 3015 2665 3081 πολλάκις
2695 3017 3022 3089 ἐξενεγκὼν,
3058 3025 3156 3096 ἤδη
3185 3027 3239 3080 δὲ
3271 3030 3365 3082 καὶ
3401 3031 3534 3100 πρὸς
3568 3037 3626 3086 τὸ

2055 3104 2317 3172 πράττειν
2343 3107 2556 3176 χωρῶν,
2611 3109 2788 3163 ἔπειτ’
2810 3112 2842 3181 ἢ
2865 3114 3038 3185 ἑτέρῳ
3077 3119 3134 3169 τὸ
3160 3114 3328 3189 ἧσσον
3361 3123 3504 3191 ἔχειν
3531 3126 3627 3179 ἐπὶ

2050 3195 2128 3264 τῷ
2162 3199 2378 3266 φρονεῖν
2411 3198 2676 3264 δοκοῦντι,
2731 3202 2762 3272 ἢ
2799 3204 2955 3266 αὐτὸς
2993 3208 3215 3280 ἐμαυτῷ
3247 3213 3344 3282 τὴν
3377 3217 3627 3270 ἐναντίαν

2053 3286 2296 3350 πεισθεὶς
2321 3288 2570 3373 εἱλόμην.
2609 3291 2728 3357 Ἐφ’
2762 3287 2839 3355 οἷς
2871 3294 2926 3347 δὲ
2953 3298 3069 3350 νυνὶ
3099 3300 3436 3371 σκοποῦμεν,
3465 3307 3648 3373 μάλιο,

2053 3393 2152 3430 στα
2179 3379 2277 3448 μὲν
2306 3372 2381 3433 ὧν
2435 3381 2592 3450 ὑμεῖς
2649 3383 2993 3454 βουλεύεσθε,
3050 3390 3410 3462 ἀποσχέσθαι,
3468 3372 3547 3451 ὧν
3583 3399 3612 3453 δ

2049 3469 2172 3537 ἐμοὶ
2192 3472 2355 3539 δοκεῖ,
2369 3473 2476 3524 δεῖν
2492 3472 2710 3541 ἔχεσθαι
2731 3478 2937 3546 νομίζω
2965 3480 3178 3534 πολλῶν
3201 3484 3388 3541 ἕνεκεν
3411 3493 3624 3549 αίτιῶν.

2052 3563 2274 3631 Πρῶτον
2311 3563 2411 3634 μὲν
2441 3566 2549 3636 γὰρ
2596 3566 2653 3620 τὸ
2693 3571 2848 3638 χεῖρα
2896 3575 3112 3641 κινῆσαι
3169 3578 3310 3630 κατὰ
3355 3579 3622 3648 βασιλέως

2050 3658 2143 3706 καὶ
2177 3655 2251 3720 τῷ
2274 3655 2391 3725 Θεῴ
2423 3661 2810 3728 κεχρισμένου,
2862 3663 2957 3714 καὶ
2992 3667 3267 3736 σωτηρίαν
3310 3671 3626 3747 ἀποστερῆ-

2051 3763 2142 3798 σαι
2167 3747 2364 3820 ψυχῆς,
2398 3750 2459 3802 οὐ
2490 3753 2652 3822 μόνον
2683 3753 2860 3824 πάσης
2889 3758 2945 3810 ὲν
2978 3756 3289 3825 ἀνθρώποις
3312 3764 3627 3839 ἀπεστέρη-

2047 3855 2139 3908 ται
2175 3841 2524 3912 συγγνώμης,
2576 3844 2713 3896 ἀλλὰ
2771 3850 2865 3900 καὶ
2913 3850 3059 3919 παρὰ
3083 3851 3204 3921 Θεῷ
3237 3853 3335 3919 τὰς
3388 3860 3626 3928 ἐσχάτας

2049 3932 2157 3984 τῶν
2184 3933 2440 3986 τοιούτων
2469 3935 2645 4006 ἔργων
2693 3939 3036 4008 πεπείσμεθα
3091 3945 3303 4000 κεῖσθαι
3349 3949 3447 4013 τὰς
3477 3954 3602 4005 ἀντι

2049 4023 2242 4086 δόσεις.
2269 4025 2500 4077 Ἔπειτα
2527 4026 2606 4091 δὲ,
2643 4027 2763 4080 οὑδὲ
2797 4029 2955 4082 τοῦτο
2993 4032 3052 4098 ἐξ
3081 4034 3255 4105 ἀρχῆς
3287 4038 3624 4110 ὑπεθέμεθα,

2047 4115 2187 4167 ὥστε
2223 4118 2312 4168 τὸν
2351 4118 2450 4184 μὲν
2479 4119 2706 4183 ἀνελεῖν,
2742 4121 2832 4172 τὸν
2863 4122 2907 4173 δ’
2940 4125 3333 4194 ἐγκαθιδρῦσαι
3365 4135 3474 4194 τοῖς
3500 4133 3629 4204 θρό-

2048 4225 2158 4268 νοις
2204 4208 2310 4257 τὼν
2343 4207 2644 4272 βασιλέωνο
2685 4211 2821 4264 άλλά
2877 4214 3043 4268 πολύν
3091 4233 3211 4271 τινα
3259 4220 3350 4273 τὸν
3411 4225 3656 4281 δικαίου-

2049 4297 2361 4367 ποιούμενοι
2395 4301 2572 4366 λόγον,
2637 4302 2864 4370 ἀμύνειν
2900 4305 2976 4375 τῷ
3003 4307 3108 4377 νέῳ
3147 4312 3626 4383 προύθυμήθημεν

2051 4387 2300 4458 βασιλεῖ,
2330 4389 2670 4462 ἀδικουμένῳ
2710 4409 2770 4444 τε
2803 4397 2930 4464 περὶ
2972 4397 3068 4466 τὴν
3102 4401 3296 4471 ἀρχὴν,
3330 4405 3424 4456 καὶ
3453 4407 3626 4460 δεδοι-

372 4493 640 4553 justitiam
687 4500 958 4560 respectu,
1011 4490 1311 4544 studiosius
1361 4491 1430 4545 ad
1478 4492 1528 4545 ei
1561 4491 1943 4560 opitulandum

2051 4483 2167 4534 κὸτι
2189 4483 2315 4552 περὶ
2345 4482 2405 4535 τὸ
2435 4483 2798 4553 ζῇν.¹Ἀτοπον
2825 4483 2940 4552 οὖν,
2967 4491 3044 4559 τῷ
3075 4493 3173 4560 μὲν
3207 4495 3302 4546 σὺν
3325 4496 3400 4565 τῷ
3425 4499 3624 4553 δικαίω

378 4586 750 4648 incubuimus,
791 4584 881 4650 qui
915 4592 971 4636 et
1005 4583 1071 4635 de
1109 4583 1357 4651 imperio.
1394 4593 1446 4637 et
1475 4583 1542 4637 de
1584 4584 1690 4636 vita
1723 4599 1948 4638 conser-

379 4677 554 4727 vanda
608 4675 903 4726 laboraret.
954 4672 1268 4726 Absurdqu
1317 4683 1400 4727 est
1428 4673 1614 4742 igitur,
1647 4673 1948 4744 buicjuste

377 4765 669 4834 imperium
707 4765 1010 4827 vindicare,
1047 4765 1125 4817 illi
1162 4766 1360 4834 injuste
1385 4768 1549 4818 etiam
1581 4765 1857 4832 Spiritum,
1890 4774 1948 4820 et

377 4857 697 4927 sanguinem
741 4857 956 4926 eripere
991 4875 1003 4908 :
1051 4869 1106 4911 et
1135 4875 1276 4926 quae,
1319 4860 1362 4913 si
1403 4859 1456 4912 in
1493 4859 1658 4912 alium
1691 4861 1945 4927 designa-

378 4959 570 5002 rentur
604 4948 670 5000 ab
697 4948 838 5012 aliis,
874 4948 1252 5000 crudelissima
1285 4948 1634 5008 duceremus,
1671 4946 1736 4999 iis
1769 4948 1940 4998 multo

372 5040 688 5094 crudeliora
741 5055 840 5091 uos
900 5039 1044 5106 ipsos
1085 5041 1138 5091 in
1168 5039 1552 5106 imperatorem
1600 5037 1941 5089 machinatos

375 5134 551 5186 videri
590 5151 600 5183 :
635 5142 688 5185 et
714 5133 860 5185 Velut
893 5134 944 5184 in
978 5131 1206 5194 trutina,
1245 5133 1408 5184 rebus
1441 5131 1492 5183 in
1523 5145 1627 5182 una
1661 5131 1814 5182 lance.
1843 5129 1941 5182 de-

373 5224 747 5292 vergentibus,
801 5223 866 5276 ad
906 5223 1142 5276 similem
1179 5222 1602 5290 inzequalitatetn
1629 5237 1692 5272 ex
1723 5231 1941 5274 contra-

2049 4575 2147 4641 τὴν
2177 4574 2348 4645 ἀρχὴν
2378 4579 2779 4643 κατακτᾶσθαι,
2819 4580 2909 4632 τὸν
2941 4583 2986 4633 δ’
3030 4583 3231 4647 ἀδίκως
3271 4589 3627 4659 ἀφαιρεῖσθαι

2051 4665 2145 4716 καὶ
2169 4665 2264 4733 τὴν
2305 4665 2452 4736 ζωήν
2479 4685 2492 4698 ο
2528 4669 2622 4720 καὶ
2651 4667 2686 4722 ἀ
2723 4672 2851 4740 περὶ
2882 4671 2970 4723 τὸν
3009 4672 3106 4727 ἕνα
3139 4680 3487 4744 πραττόντων
3507 4683 3626 4735 ἐτέ-

2051 4773 2182 4826 ρων,
2214 4755 2321 4808 τῶν
2355 4757 2716 4810 ἀτοπωτάτων
2770 4761 2962 4824 ἐδόκει,
3016 4763 3222 4815 τούτων
3265 4766 3626 4842 χαλεπώτερα

2049 4854 2178 4918 περὶ
2201 4849 2288 4900 τὸν
2310 4849 2495 4920 ἕτερον
2522 4851 2982 4920 ἐξειργασμένως
3000 4854 3197 4918 αὐτοὺς
3231 4855 3462 4926 ὀφθῆναι
3486 4875 3500 4888 ο
3526 4867 3627 4916 καὶ

2049 4939 2236 5010 ὥσπερ
2291 4944 2349 4992 ἐν
2405 4940 2588 5009 ζυγοῖς
2621 4941 2729 4993 τῶν
2763 4944 3109 5009 πραγμάτων
3142 4947 3224 5012 ἐφ’
3255 4949 3425 5018 ἑτέρῳ
3460 4953 3625 5020 μέρει

2051 5033 2451 5103 βαρυνομένων,
2479 5035 2571 5085 ἐπὶ
2612 5035 2710 5103 τὴν
2741 5033 2862 5103 ἴσην
2897 5036 3167 5105 ἀμετρίαν
3225 5039 3357 5109 πρὸς
3404 5041 3628 5097 τούναν-

2046 5114 2160 5177 τίον
2204 5126 2401 5187 αὑτοϋς
2457 5127 2812 5191 καταπιέσαι,
2864 5126 2981 5180 δέον
3037 5130 3128 5182 ἐπὶ
3168 5129 3228 5181 τὸ
3256 5132 3368 5184 ἴσον
3410 5135 3624 5200 ἀναγα-

2046 5221 2186 5286 γεῖν.
2223 5220 2296 5270 Ού
2323 5218 2429 5288 μὴν
2457 5217 2576 5268 ούδέ
2607 5218 2667 5268 τὸ
2692 5217 2961 5286 δήσαντας
3016 5223 3294 5290 φρουρεῖν,
3345 5222 3440 5276 τοῦ
3472 5225 3624 5290 ἀπαξ

1643 5352 1857 5413 Jacobi
1901 5353 2170 5412 Pontani
2206 5360 2394 5412 notae.

455 5479 565 5550 (88)
611 5477 903 5550 Loquitur,
958 5487 1017 5530 ut
1073 5474 1365 5550 Davidde
1416 5474 1578 5550 Saule
1631 5473 1943 5550 consuevit,

375 5545 558 5607 1ίὶ›ἸΙι
595 5545 719 5614 lit-g7
751 5549 1139 5617 t.|nterpretes
1170 5545 1466 5598 liibliorum
1504 5545 1947 5617 frequentissime

375 5638 568 5674 voeetn
599 5621 838 5672 Graecam
870 5615 1084 5691 χριστὸς
1121 5622 1504 5691 retinuerunt,
1544 5627 1602 5691 ut
1633 5615 1888 5691 l‘llegum
1925 5629 1940 5666 :

379 5692 672 5752 Loquimini
721 5706 757 5738 τι
784 5685 917 5739 runt
947 5688 1050 5740 1)ιό
1084 5698 1130 5738 el
1167 5687 1355 5738 cluisto
1393 5685 1527 5750 ejus.
1579 5685 1632 5735 In
1669 5685 1896 5738 l’salutis
1929 5701 1942 5735 :

379 5762 551 5815 Λύιιιε
619 5771 832 5826 tangere
897 5758 1116 5809 cltrtslas
1186 5772 1347 5808 meos.
1405 5755 1638 5808 Salvavit
1693 5753 1942 5804 I)o.-ninus

2051 5476 2300 5527 rhristum
2331 5491 2508 5528 suum.
2565 5473 2719 5542 Apud
2772 5473 2972 5528 Lucam
3024 5477 3090 5530 de
3143 5478 3450 5535 Simeonc:
3501 5483 3618 5538 Non

2048 5560 2281 5596 visurum
2313 5562 2366 5598 se
2404 5554 2643 5604 mortem,
2678 5547 2776 5597 nisi
2810 5549 2952 5613 prius
2988 5548 3181 5599 videret
3227 5550 3478 5604 cltristum
3515 5553 3621 5604 Do—

2049 5615 2211 5677 mini;
2235 5624 2292 5668 et
2319 5617 2627 5668 sexcenties
2657 5617 2810 5668 alibi.
2845 5617 3058 5669 Dicitur
3094 5631 3300 5681 autem,
3337 5625 3396 5671 τὸ
3433 5633 3622 5678 unctus

2052 5683 2282 5746 bummi,
2321 5695 2452 5743 aut.
2498 5688 2724 5738 Christus
2777 5688 3008 5749 Domini,
3048 5704 3171 5739 cum
3220 5690 3625 5758 signiﬁcatione

2048 5759 2302 5820 ltlXmlllit,
2331 5769 2410 5809 est
2432 5766 2485 5809 ct
2518 5758 2741 5810 verbum
2777 5773 3178 5826 gratissumum.
