4038 6212
313 300 404 360 105

1465 295 2006 357 HISTQRIARUM
2050 296 2276 357 LIBER
2317 300 2360 356 l.

3431 305 3530 368 106

298 418 644 490 ἡμερώτερον
670 416 1004 468 ἀποκτεῖναι.
1040 417 1162 478 Τοῖς
1198 416 1306 484 γὰρ
1335 418 1390 468 ὲν
1424 417 1536 469 ἔθει
1560 420 1652 471 τοῦ
1703 420 1832 485 θερα

1968 417 2044 470 ria
2099 427 2252 485 parte
2300 420 2524 473 alteram
2572 421 2782 475 lancem
2825 421 3154 490 deprimere,
3189 439 3310 477 cum
3345 429 3532 487 ambas

297 509 551 562 πεύεσθαι
574 509 662 559 καὶ
691 507 1127 576 δορυφορεῖσθαι,
1185 509 1561 578 φοϐερώτερον
1607 510 1700 562 τοῦ
1729 513 1860 563 ἀτο-

295 603 490 664 θανεῖν,
523 600 584 651 τὸ
629 601 761 669 παρ’
794 599 952 662 ἀξίαν
981 602 1373 667 κακοπραγείν.
1406 601 1496 652 Διὸ
1544 601 1637 652 καὶ
1674 601 1857 653 πολλοὶ

292 695 392 745 τῶν
439 691 794 760 ὑμνουμένων
874 690 1020 758 παρὰ
1085 689 1382 758 Ῥωμαίοις
1437 692 1855 761 αὐτοκρατόρων

301 782 493 849 μᾶλλον
543 782 753 833 εἴλοντο
786 780 1093 841 ἀποθανεῖν,
1145 780 1178 850 ἢ
1226 780 1424 842 ζῶντες
1455 783 1692 850 αἰσχρῶς
1737 783 1856 834 δου-

291 873 458 924 λεύειν
479 872 853 940 ἀτυχήσαντες
897 874 1024 940 περὶ
1081 871 1177 933 τὰς
1210 871 1422 940 μάχας·
1461 872 1549 923 καὶ
1599 873 1766 940 χωρὶς
1796 871 1853 923 δὲ

291 965 498 1019 τούτοιν,
526 963 584 1014 τὸ
620 963 777 1030 παρὰ
810 961 918 1012 τῶν
949 962 1203 1029 φυλάκων
1237 963 1322 1024 ’ὡς
1351 962 1602 1033 δεσμώτῃ
1659 981 1855 1030 προσε-

288 1056 476 1122 χίντων
508 1052 966 1120 περιῦΰρίζεσθαι
1001 1053 1093 1104 καὶ
1127 1052 1506 1119 λοιδορεῖσθαι,
1554 1045 1753 1116 παντὸς
1785 1055 1852 1108 ἂν

291 1146 364 1211 εἴη
386 1143 707 1211 πικρότερον
733 1141 926 1202 ὓδατος
958 1141 1178 1208 Στυγός.
1210 1141 1328 1194 Ἐτι
1356 1141 1402 1194 δ’
1420 1143 1530 1193 οὐδ’
1553 1142 1853 1210 ἀσφάλειαν

290 1239 407 1302 ἡμῖν
431 1236 661 1304 παρέχει
698 1235 760 1286 τὸ
809 1236 1080 1304 δήσαντας
1121 1239 1402 1304 φρουρεῖν.
1445 1238 1540 1288 “Av
1577 1239 1686 1306 γὰρ
1717 1240 1853 1307 ὁτῳ-

292 1328 447 1395 δήτινι
493 1328 682 1396 τρόπῳ
723 1325 979 1395 δυνηθείη
1037 1325 1104 1377 ea:
1131 1327 1306 1394 δεσμά
1358 1326 1662 1394 διαφυγεῖν,
1713 1330 1848 1400 ὅπερ

294 1418 406 1485 ἡμῖν
430 1419 689 1486 πρόσεστι
730 1416 864 1478 νῦν,
916 1416 976 1469 τὸ
1027 1417 1316 1481 δοκοῦντας
1363 1419 1664 1472 ἀδικεῖσθαι
1713 1437 1852 1490 καρο

294 1505 609 1574 ποῦσθαιτὴν
639 1506 904 1558 ἁπάντων
934 1506 1168 1573 εὔνοιαν,
1191 1503 1396 1580 ’ἐκείνῳ
1429 1512 1845 1580 περιστήσεταιο

294 1597 374 1648 καὶ
427 1597 784 1664 σσοδρότερον
829 1597 1126 1668 πολεμήσει
1185 1602 1497 1672 συμμάχοις
1547 1604 1848 1673 προθύμοις

293 1689 492 1749 καὶτοῖς
519 1688 824 1755 περιοίκοις
880 1687 1180 1760 βαρϐάροις
1237 1693 1330 1745 καὶ
1369 1692 1656 1763 Ῥωμαίοις
1708 1696 1845 1764 χρώ-

297 1795 458 1845 μενος.
489 1779 611 1830 Ὅτε
640 1780 846 1840 τοίνυν,
888 1779 948 1830 τὸ
991 1781 1088 1849 μὲν
1151 1782 1474 1835 ἀποκτεῖναι
1527 1783 1846 1856 ἀλαστόρων

297 1870 381 1918 καί
403 1868 731 1934 ἀνδροφόνων
776 1869 1079 1937 ἐπιτιμίαν,
1111 1871 1172 1923 ού
1210 1873 1372 1938 μόνον
1412 1876 1559 1942 ἡμῖν.
1591 1875 1724 1927 ἀλλὰ
1755 1879 1846 1930 καὶ

303 1962 464 2010 παισὶν
499 1962 786 2029 ἡμετέροις
825 1961 1016 2014 ἔπειτα
1051 1965 1377 2031 προσάπτει,
1398 1966 1457 2017 τὸ
1487 1965 1533 2017 δ’
1560 1967 1846 2034 εἴρξαντας

310 2053 551 2118 φρουρεῖν,
585 2053 717 2116 μετά
738 2051 831 2104 τοῦ
867 2053 1097 2122 αἰσχροῦ
1139 2057 1381 2117 καὶτοὺς
1417 2058 1678 2125 ἐσχάτους
1714 2060 1845 2111 ὑπο-

280 2147 282 2149 "
322 2141 487 2191 πτεύει
515 2142 793 2207 κινδύνους,
819 2146 915 2195 καὶ
944 2145 1222 2207 λυσιτελὲς
1261 2147 1378 2216 ἅμα
1409 2151 1501 2201 καὶ
1525 2150 1734 2204 δίκαιον
1755 2148 1839 2216 εί-

330 2247 405 2280 ναι
433 2232 634 2297 νομίζω,
665 2233 760 2282 τῶν
783 2234 1058 2303 προτέρων
1088 2237 1378 2306 ἐχομένους
1424 2240 1722 2310 λογισμῶν,
1750 2243 1842 2296 τὸν

331 2321 551 2389 ἡμέτερον
587 2323 800 2391 βασιλέα
855 2325 1145 2390 διασώζειν
1208 2331 1592 2400 ἀμυνομένους
1647 2334 1711 2387 ἄν
1754 2352 1839 2398 τις

318 2411 442 2481 ἐπίῃ.
481 2413 784 2484 Ἀλλ⁹ὲρείς,
815 2417 881 2468 Τί
907 2417 1035 2482 οὗν;
1087 2419 1152 2471 ἂν
1185 2421 1551 2492 ὲπιστρατεύῃ
1584 2423 1839 2492 βασιλεὺς

312 2502 434 2568 ﬁgis
461 2505 514 2553 ού
545 2505 866 2574 μαχούμεθα
909 2509 1075 2577 αὐτῷ,
1140 2511 1253 2562 οὐδ’
1307 2513 1737 2583 ἀποκτενοῦμεν,
1772 2516 1838 2568 ἂν
1886 2530 1890 2532 '

297 2591 418 2644 οὕτω
447 2598 708 2665 συμϐαίης
748 2599 998 2652 Μάλιστα
1039 2601 1136 2668 μὲν
1169 2597 1260 2654 οῦν
1287 2603 1646 2671 ἀμυνούμεθα
1683 2609 1832 2678 πάσῃ

291 2683 486 2754 δυνάμει
515 2702 528 2716 ⁸
556 2689 673 2740 ἀλλ’
705 2691 889 2764 οὖντὸν
934 2693 1096 2744 αὐτὸν
1157 2695 1268 2762 ἔχει
1328 2697 1388 2747 τό
1426 2713 1484 2748 τε
1540 2700 1834 2768 κατάρχειν

261 2777 364 2828 ’καὶ
387 2781 438 2830 τὸ
467 2781 786 2847 ἀμύνασθαί
816 2799 954 2843 τινα.
991 2785 1165 2852 λόγον.
1203 2789 1292 2857 Τῴ
1327 2790 1427 2857 μὲν
1456 2792 1563 2859 γὰρ
1598 2795 1730 2860 πρ³ις
1754 2793 1832 2862 τῷ

283 2871 462 2942 ιιίσχρῷ
500 2875 773 2940 πρόσεστι
808 2877 900 2930 καὶ
942 2877 1001 2929 τὸ
1035 2879 1272 2933 ἀδικεῖνο
1305 2881 1362 2933 τὸ
1407 2882 1454 2934 δ’
1490 2884 1827 2952 ἀμύνασθαι,

281 2961 391 3029 ea;
430 2963 500 3032 τῷ
561 2965 762 3035 δικαίῳ
795 2967 890 3019 καὶ
942 2967 1038 3037 τὴν
1087 2970 1193 3022 ἀπὸ
1229 2971 1333 3022 τῶν
1365 2972 1544 3042 ἔργων
1575 2972 1827 3028 εὖκλειαν

279 3051 386 3118 ἔχει.
415 3054 506 3107 ’Δν
537 3058 656 3125 γὰρ
681 3057 860 3126 συμϐῇ
886 3059 975 3110 τὸν
1013 3061 1461 3131 προκατάρχοντα
1496 3065 1686 3117 παθεῖν
1721 3081 1824 3118 κα-

1965 508 2149 576 potius
2201 511 2268 562 ad
2323 522 2750 577 acquamentum,
2791 527 2886 565 seu
2918 513 3285 581 aequilibrium
3312 531 3534 583 compo-

1961 615 2094 652 nere
2119 601 2438 656 debeamus.
2473 602 2581 656 Nec
2619 618 2752 657 vero
2785 605 2973 658 mitius
3014 621 3137 658 eum
3181 605 3530 672 habebimus,

1960 690 2004 742 si
2043 691 2284 744 vinctum
2327 691 2380 744 in
2415 695 2721 747 custodiam
2761 697 3067 758 lrudamus,
3097 713 3259 765 quam
3292 701 3334 752 si
3362 693 3529 753 semel

1952 783 2406 851 jngulaverimus.
2443 785 2543 850 Qui
2581 787 2724 838 enim
2761 797 2866 839 tam
2905 789 3144 843 oiliciose
3172 792 3299 852 coli,
3327 794 3532 846 satelli-

1958 875 2140 943 tioque
2187 893 2405 945 semper
2455 879 2644 947 stipari
2693 893 3122 944 consueverunt,
3161 883 3228 936 iis
3269 884 3382 953 (89)
3417 901 3531 938 am-

1956 967 2227 1032 plitudine
2271 977 2327 1020 et
2379 968 2643 1038 dignitate
2696 985 2789 1022 sua
2834 973 3038 1025 orbatis
3078 977 3338 1029 adversos
3370 973 3530 1030 Easus

1955 1059 2208 1124 volvere,
2260 1060 2407 1113 letho
2467 1062 2585 1130 ipso
2655 1062 3094 1119 horribiliusest.
3159 1068 3294 1121 llinc
3343 1070 3531 1138 plures

1955 1147 2324 1226 Romanognn
2390 1152 2787 1220 imperatores,
2841 1172 3074 1224 quorum
3129 1161 3366 1214 celebris
3442 1173 3527 1215 est

1953 1239 2097 1304 apud
2137 1255 2380 1307 posteros
2412 1243 2673 1295 memoria
2695 1285 2706 1304 ,
2736 1246 2935 1312 prazliis
2960 1248 3041 1300 usi
3074 1249 3338 1312 adversis,
3360 1254 3523 1311 mori,

1953 1345 2114 1398 quam
2142 1331 2417 1400 indignam
2443 1333 2694 1387 hostibus
2716 1337 3034 1391 servitutem
3059 1341 3287 1404 servire,
3313 1343 3522 1396 malue-

1953 1430 2082 1472 runt
2134 1419 2268 1486 (90).
2311 1421 2578 1474 Prieterea
2619 1438 2648 1475 a
2699 1426 3042 1489 custodibus,
3087 1441 3142 1482 ut
3171 1430 3237 1482 ad
3273 1433 3519 1484 vinctum

1951 1512 2196 1576 attentis,
2247 1513 2445 1578 probra
2519 1523 2572 1566 et
2641 1520 3008 1573 contumelias
3076 1523 3306 1591 perpeti,
3387 1525 3523 1576 tales

1950 1602 2165 1652 animos
2200 1603 2391 1668 quavis
2439 1617 2575 1670 aqua
2615 1602 2798 1674 Stygia
2842 1609 3053 1660 cruciat
3104 1612 3344 1664 amarius
3386 1612 3519 1678 (9|).

1947 1688 2054 1756 3.2
2109 1681 2226 1743 Il'uc
2279 1691 2512 1752 accedit.
2554 1695 2701 1761 quod
2751 1696 2925 1748 nihilo
2951 1700 3264 1753 securiores
3293 1703 3521 1767 erimus,

1882 1777 1994 1835 Bsi
2072 1783 2281 1835 catenis
2333 1783 2549 1851 injectis
2603 1800 2728 1838 eum
2782 1789 2988 1840 carceri
3053 1790 3516 1846 mandaverimus.

1950 1873 2162 1940 Quippe
2195 1874 2239 1926 si
2288 1883 2405 1926 arte
2455 1876 2637 1943 aliqua
2695 1876 2818 1930 inde
2875 1879 3094 1947 elapsus
3141 1881 3331 1942 fuerit.
3371 1885 3518 1950 quod

1951 1964 2111 2017 hodie
2165 1966 2380 2019 almnde
2430 1967 2594 2020 datur
2640 1969 2824 2032 nobis,
2855 1981 2934 2035 ut,
2964 1988 3088 2024 eum
3124 1973 3310 2042 inique
3333 1975 3519 2029 nobis-

1946 2071 2069 2109 cum
2125 2059 2380 2112 videatur
2435 2069 2649 2125 actum,
2698 2064 2945 2117 omnium
2971 2065 3164 2119 favore
3188 2082 3250 2121 ac
3282 2068 3518 2122 benevo-

1944 2149 2112 2203 lentia
2141 2151 2509 2218 perfruamur,
2535 2163 2665 2206 tunc
2695 2153 2772 2206 illi
2799 2155 3044 2218 dabitur,
3072 2166 3129 2210 et
3154 2158 3347 2213 vicinis
3379 2161 3512 2214 Bar-

1945 2242 2093 2296 baris
2157 2244 2527 2310 Romanisque
2597 2246 2827 2312 impigre
2884 2249 3319 2317 adjuvantibus,
3376 2253 3514 2306 infe-

1941 2335 2111 2388 stiore
2146 2334 2198 2386 in
2235 2350 2336 2387 nos
2366 2335 2538 2387 Marte
2575 2336 2859 2404 pugnabit.
2887 2337 3022 2401 Quia
3067 2339 3233 2406 igitur
3262 2356 3291 2392 e
3330 2343 3511 2394 medio

1942 2427 2136 2480 tollere
2187 2427 2600 2495 imperatorem,
2647 2427 2806 2481 nobis
2842 2429 3141 2498 liberisque
3183 2433 3386 2486 nostris
3419 2451 3513 2486 ne-

1939 2517 2203 2570 fariorum
2276 2525 2440 2584 atque
2486 2517 2890 2570 homicidarum
2941 2527 3123 2571 notam
3181 2521 3384 2585 inuret,
3458 2523 3509 2573 in

1940 2623 2216 2661 carcerem
2270 2617 2451 2660 autem
2497 2608 2894 2676 compingere,
2955 2619 3152 2677 praeter
3194 2610 3318 2664 facti
3374 2611 3512 2664 infa-

1939 2701 2100 2752 miam
2151 2701 2316 2752 etiam
2376 2714 2717 2752 summorum
2761 2700 3026 2753 malorum
3096 2703 3422 2770 suSpicionis
3446 2718 3509 2756 ac

1933 2791 2247 2846 formidinis
2298 2792 2520 2862 plenum
2571 2799 2655 2844 est
2694 2807 2707 2844 :
2742 2808 2808 2845 ex
2843 2807 3002 2860 aequo
3056 2801 3112 2846 et
3160 2792 3304 2846 bono
3359 2793 3506 2846 futu-

1933 2899 2054 2936 rum
2104 2883 2314 2945 sentio,
2371 2883 2423 2935 in
2481 2883 2714 2952 pristino
2761 2884 2993 2936 consilio
3035 2899 3400 2952 permanere,
3451 2895 3507 2938 et

1932 2976 2319 3044 imperatorem
2366 2988 2611 3030 nostrum
2663 2978 2968 3047 juniorem,
3005 2980 3049 3032 si
3081 2994 3187 3047 qua
3222 2979 3304 3031 vis
3334 2980 3504 3032 exsti-

1931 3067 2088 3130 terit,
2138 3076 2314 3120 tutum
2357 3077 2641 3137 praestare.
2701 3069 2824 3123 Hic’
2855 3081 2909 3123 tu
2937 3070 3165 3138 objicies
3203 3087 3214 3121 :
3242 3069 3381 3133 Quid
3406 3069 3428 3122 ?
3452 3069 3500 3122 si

275 3141 380 3204 κῶς,
401 3145 457 3196 ού
479 3146 558 3215 τῷ
589 3125 916 3218 ἀμυνομένῳ
936 3151 1032 3219 τὴν
1050 3125 1336 3216 ἀπόϐασιν,
1357 3153 1491 3206 ἀλλὰ
1518 3155 1594 3224 τῷ
1617 3156 1822 3209 ἐπιόντι

1934 3157 2119 3211 senior
2162 3174 2310 3210 arma
2362 3158 2522 3212 nobis
2563 3159 2830 3222 intulerit,
2875 3175 2984 3213 non
3016 3169 3203 3214 contra
3233 3144 3504 3229 pugnabi-

269 3232 577 3303 λογίζεσθαι,
613 3241 724 3292 τῶν
779 3241 956 3308 ἔργων
1006 3242 1238 3297 δίκαιον.
1290 3245 1452 3314 Ἡμῖν
1489 3246 1588 3314 μὲν
1616 3245 1706 3298 οὖν
1733 3246 1822 3300 ἐπ’

267 3317 524 3396 ἀμφότερα
594 3331 938 3398 γυμνάζουσι
965 3333 1054 3386 τὸν
1100 3334 1257 3403 λόγον
1287 3335 1571 3405 ἑκατέροις
1606 3337 1820 3408 εἴρηται

268 3419 434 3471 πολλὰ.
477 3422 711 3474 Βασιλεί
748 3424 804 3475 δὲ
837 3425 1052 3479 παντων
1092 3429 1429 3497 ἀκροωμένῳ
1474 3427 1688 3491 ἐξέσται
1731 3430 1824 3483 τὸν

267 3509 356 3563 τῶν
377 3513 572 3566 ἀλιέων
606 3516 812 3584 τρόπον
837 3516 935 3584 τῆς
968 3520 1211 3588 σαγήνης
1253 3519 1422 3572 πολλά
1455 3520 1822 3590 περισχούσης

259 3603 314 3653 τὰ
338 3608 588 3675 χρήσιμα
619 3607 986 3677 ἐκλεξαμένῳ,
1017 3609 1122 3659 τῶν
1140 3609 1428 3677 ἀχρήστων
1459 3610 1818 3679 ἀποσχέσθαι.

269 3691 377 3746 Ἐπὶ
414 3697 635 3758 τούτοις
684 3699 780 3748 καὶ
806 3698 915 3749 τῶν
957 3698 1133 3752 ἀλλων
1184 3700 1546 3779 συγθεμένων,
1599 3705 1692 3757 καὶ
1720 3706 1818 3772 τὴν

255 3782 504 3854 διάκρισιν
566 3789 682 3839 τῶν
713 3788 888 3856 λόγων
939 3791 1289 3860 ἀναθεμένων
1329 3795 1406 3862 τῷ
1439 3794 1664 3864 βασιλεῖ,
1695 3793 1817 3850 εἶπε

257 3883 328 3928 καί
359 3882 514 3946 αὐτὸς
540 3880 778 3934 τοιαῦτα
798 3897 812 3911 ⁸

1932 3249 2089 3302 mus?
2134 3263 2244 3302 non
2293 3263 2440 3312 eum,
2488 3251 2532 3303 si
2577 3266 2696 3305 sors
2751 3253 2821 3304 ita
2866 3250 3024 3312 ferat,
3060 3251 3505 3305 trucidabimus?

1930 3340 2163 3394 Maxime
2209 3341 2315 3392 imo
2354 3340 2740 3409 pugnabimus,
2765 3351 2820 3392 et
2856 3341 3078 3408 quidem
3111 3341 3296 3395 nervis
3319 3342 3500 3395 omni-

1931 3431 2075 3496 bus;
2120 3446 2313 3485 verum
2343 3431 2492 3485 aliud
2524 3441 2607 3486 est
2649 3446 3053 3501 praeoccupare,
3087 3443 3141 3486 et
3175 3433 3325 3487 aliud
3358 3433 3502 3486 resi-
3552 3484 3560 3494 ,

1933 3533 2101 3578 stere.
2129 3523 2263 3576 lllud
2289 3531 2343 3577 et
2372 3533 2529 3593 turpe
2560 3523 2624 3577 ad
2653 3523 2872 3588 famam,
2904 3532 2959 3576 et
2986 3524 3248 3593 injustam
3275 3541 3288 3586 ;
3323 3523 3427 3576 hoc
3447 3536 3500 3576 et

1931 3614 2254 3682 gloriosum,
2279 3622 2334 3666 et
2354 3613 2563 3682 justum
2596 3623 2944 3665 numeratur.
2983 3612 3138 3676 Quod
3166 3612 3209 3666 si
3236 3613 3495 3664 damnum

1927 3705 2202 3773 acceperit
2243 3703 2332 3768 qui
2369 3705 2684 3765 antevertit,
2723 3719 2904 3757 rerum
2929 3704 3135 3757 exitum
3167 3719 3278 3756 non
3309 3704 3498 3756 defen-

1926 3799 2060 3860 sori,
2085 3797 2179 3851 sed
2211 3795 2450 3850 invasori
2482 3795 2807 3849 condecebit
2828 3795 3124 3848 ascribere.
3154 3794 3236 3849 Ab
3262 3805 3496 3862 utroque

1923 3891 2089 3959 igitur
2134 3896 2386 3940 nostrum
2430 3885 2486 3940 in
2526 3894 2817 3953 utramque
2864 3895 3074 3954 partem
3099 3887 3248 3940 velut
3283 3879 3520 3940 exerci?

254 3971 454 4028 tationls
499 3988 677 4029 causa
708 3976 841 4029 satis
873 3973 1078 4029 dictum
1108 3984 1212 4031 est.
1250 3977 1444 4032 Restat
1487 3985 1548 4030 ut
1601 3977 1898 4046 imperator
1961 3977 2163 4032 auditis
2193 3975 2449 4030 omnibus
2501 3989 2530 4026 a
2582 3971 2875 4042 principio,
2925 3989 3076 4029 more
3132 3977 3489 4044 piscatorum.

252 4066 386 4130 quasi
428 4080 458 4118 e
493 4081 706 4135 sagena
778 4067 978 4122 multos
1022 4068 1200 4137 pisces
1265 4069 1649 4132 concludente,
1694 4070 1849 4124 utilia
1887 4070 2109 4138 deligat,
2155 4064 2373 4120 inutilia
2419 4063 2650 4133 rejiciat.
2719 4063 2834 4118 Hoc
2878 4064 3055 4133 ipsum
3083 4065 3174 4120 ubi
3206 4075 3262 4120 et
3292 4068 3488 4138 reliqui

252 4153 350 4208 duo
373 4173 613 4213 assensu
642 4158 950 4224 ﬁrmarunt,
977 4168 1034 4213 et
1059 4160 1508 4231 dijudicatiouem
1543 4162 1932 4216 controversia:
1960 4161 2138 4215 eidem
2169 4157 2510 4221 detulerunt,
2541 4157 2620 4210 sic
2653 4155 2899 4224 profatus
2932 4165 3016 4211 est
3052 4175 3067 4212 :

1521 4315 1735 4377 Jacobi
1770 4315 2030 4378 Pontani
2067 4326 2252 4375 noue.

312 4479 420 4546 (89)
473 4477 536 4531 ld
586 4477 864 4545 praecipue
921 4479 1112 4548 tragici
1163 4487 1338 4548 poetae
1385 4477 1546 4531 nobis
1589 4479 1808 4548 egregie
1843 4475 2182 4548 Dcatonem
2233 4476 2568 4548 Uticensem.
2623 4475 2836 4548 Quibus
2889 4477 3029 4531 adde
3087 4493 3152 4532 ex
3211 4477 3477 4534 Suetonio

249 4559 454 4614 ponunt
488 4556 624 4599 ante
663 4550 878 4607 oculos,
940 4548 1068 4601 dttm
1103 4549 1299 4601 heroas
1329 4557 1384 4601 et
1417 4549 1674 4601 heroinas
1713 4565 1808 4602 sua

250 4615 571 4675 infortunia,
629 4617 1131 4686 tristissimamque,
1164 4627 1240 4686 iet
1289 4618 1809 4686 beatzequondam,

248 4686 474 4739 aclelici
522 4687 687 4754 longe
718 4685 994 4752 disparem
1027 4685 1409 4739 'conditionem
1462 4685 1815 4754 deplorantes

248 4755 538 4808 inducunt.
578 4753 839 4820 Exempla
868 4755 1036 4806 tnulta
1072 4755 1449 4823 suppeditabit
1481 4753 1622 4809 unus
1649 4756 1810 4808 Euri-

251 4825 419 4888 pides.
457 4824 577 4876 Nec
611 4833 718 4874 tam
751 4823 1053 4891 iucundum
1093 4832 1201 4884 est,
1235 4839 1301 4877 cx
1337 4824 1535 4879 afﬂicto
1571 4840 1632 4878 ac
1677 4841 1810 4892 pcr-

246 4894 357 4944 dito
407 4893 660 4952 beatum,
721 4907 882 4959 quam
927 4894 1184 4946 acerbum
1237 4908 1298 4946 ac
1350 4893 1686 4956 luctuosum,
1743 4908 1810 4944 ex

250 4961 402 5013 beato
461 4966 728 5013 miserum
771 4971 827 5014 et
873 4963 1249 5015 calamitosum
1281 4966 1536 5016 evadere.
1576 4962 1806 5020 Seneca.

245 5028 317 5080 De
342 5030 735 5098 tranquillitate
762 5033 946 5091 animi,
974 5048 1096 5097 cap.
1115 5033 1179 5084 8:
1207 5029 1550 5083 Tolerabilius
1569 5045 1665 5093 est,
1688 5031 1812 5099 {aci-

245 5099 445 5168 liusque
494 5117 598 5151 non
635 5103 928 5168 acquirere,
958 5118 1118 5169 quant
1149 5102 1408 5153 amittere.
1452 5102 1675 5170 Ideoque
1714 5101 1804 5151 ίωο

246 5169 399 5220 tiores
432 5171 629 5220 uidebis
659 5186 788 5237 quos
821 5186 1090 5238 nunquam
1123 5171 1336 5239 fortuna
1371 5169 1616 5239 respexit,
1651 5185 1809 5238 quam

242 5253 363 5305 quos
393 5239 644 5290 deseruit.
1589 5273 1628 5286 κ
1649 5265 1652 5268 ·

309 5308 423 5372 (90)
469 5306 768 5361 Enumerat
798 5306 980 5362 Valer.
1018 5308 1158 5362 Max.
1203 5309 1300 5362 lib.
1339 5325 1419 5370 ιιι,
1463 5325 1584 5376 cap.
1629 5307 1684 5370 2,
1732 5306 1807 5359 De

243 5375 572 5496 fortitudine,
612 5376 671 5428 P.
715 5380 996 5436 Crassum.
1036 5380 1132 5444 qui
1178 5394 1302 5431 cum
1339 5375 1647 5432 Aristonico
1693 5377 1805 5429 bel-

266 5459 351 5496 ntn
380 5447 435 5496 in
483 5445 606 5496 Asia
655 5451 844 5496 cessit.
897 5447 1212 5496 Scioionem
1262 5449 1482 5496 l’omnei
1522 5461 1800 5496 socerum.

266 5459 351 5498 ιιιιι
380 5447 435 5497 in
483 5445 606 5498 Asia
655 5451 844 5515 gessit,
897 5447 1212 5515 Scipionem
1262 5449 1482 5517 Pompei
1522 5461 1800 5508 socerum,

488 5779 751 5840 Ρηιιοι..
791 5779 907 5838 Gtt.
947 5785 1149 5845 CLlll.

1913 4545 2207 4600 Othonem.
2240 4547 2453 4598 Primus
2495 4545 2649 4598 hoste
2676 4547 2951 4606 lacessito,
2989 4549 3058 4600 ab
3089 4563 3155 4600 co
3189 4558 3272 4601 est
3305 4551 3476 4604 inter-

1911 4615 2111 4674 fectus.
2140 4615 2334 4678 reliqui
2373 4629 2470 4667 sua
2504 4630 2667 4667 manu
2702 4632 2890 4670 necem
2919 4617 3023 4670 sibi
3057 4619 3380 4674 intulerunt.
3410 4636 3478 4672 ne

1913 4689 2206 4738 servirent.
2240 4683 2343 4737 Sed
2375 4684 2602 4737 Catonis
2639 4684 2851 4739 facinus
2885 4703 3010 4740 cum
3055 4687 3122 4739 ab
3173 4689 3316 4750 aliis,
3361 4703 3476 4741 tum

1914 4754 2080 4806 etiam
2103 4767 2132 4805 a
2158 4753 2424 4806 Cicerone
2453 4753 2672 4807 laudem
2707 4755 2940 4810 invenit.
2969 4757 3127 4809 Putat
3153 4759 3322 4819 enim,
3351 4774 3475 4809 ctlut

1913 4823 1963 4874 ei
1995 4822 2372 4892 incredibilem
2405 4821 2691 4876 tribuisset
2726 4836 2920 4878 natura
2954 4826 3300 4892 gravitatem,
3325 4843 3475 4878 eam-

1912 4901 2018 4959 que
2046 4891 2163 4959 ipse
2195 4901 2460 4960 perpetua
2503 4895 2815 4949 constantia
2858 4891 3195 4954 roborasset,
3227 4910 3475 4960 semper-

1912 4976 2019 5028 que
2047 4961 2102 5012 in
2135 4963 2437 5028 proposito.
2471 4973 2840 5031 susceptoque
2875 4964 3106 5016 consilio
3140 4967 3472 5030 permansis-

1913 5039 2016 5102 set.
2054 5045 2259 5102 necem
2288 5033 2469 5096 potius
2502 5031 2606 5102 sibi
2642 5034 3206 5102 consciscere._quam
3257 5035 3471 5102 tyranni

1910 5098 2381 5171 Caesarisvultum
2413 5101 2657 5171 aSpicere
2683 5101 2960 5171 debuisse.
2999 5099 3101 5171 ΟῙῙ.
3140 5117 3176 5155 ι.

1983 5169 2094 5236 (91)
2141 5169 2256 5238 Ipsa
2284 5167 2443 5238 Styge
2471 5181 2553 5220 est
2582 5169 2689 5221 illis
2715 5169 2982 5230 odiosius,
3017 5167 3138 5222 nam
3168 5181 3225 5224 et
3257 5170 3324 5222 ab
3345 5169 3474 5222 odio

1910 5240 2069 5307 palus
2105 5238 2194 5289 illa
2224 5236 2471 5290 fabulosa
2501 5253 2702 5291 nomen
2729 5239 2913 5292 habet.
2958 5242 3252 5307 Impatiens
3281 5248 3362 5292 est
3390 5242 3472 5293 in-

1903 5306 2062 5374 juria!
2095 5308 2551 5372 contumeliteque
2604 5307 2805 5360 nobilis
2854 5306 3092 5370 animus,
3117 5320 3172 5361 et
3199 5309 3471 5362 nobiliutn

1911 5379 2316 5441 illustriumque
2364 5381 2646 5429 bommum
2695 5378 3021 5446 plerumque
3057 5381 3220 5431 etiam
3255 5377 3472 5432 nobiles

1909 5461 2102 5500 animi.
3329 5465 3346 5484 ’
