4038 6212
346 256 446 324 107
1493 216 2378 323 JOANNtSCANrAcuzuNI
3518 268 3622 332 ms

1796 366 2025 424 CAPUT
2067 368 2134 424 Χ.

344 457 515 545 Nepos
561 457 1570 545 nirnsign‘emnobservqmiam.inhenum
1628 462 1878 527 ostendit,
1937 464 2265 545 etmrrudelia
2319 466 2493 533 potius
2539 467 2602 545 ob
2648 468 2935 545 ipsoApali,
2967 487 3127 540 quam
3167 474 3223 527 in
3267 489 3385 528 eum
3437 476 3611 545 facere

415 525 639 612 paratus
678 525 781 612 est.
836 525 966 612 Qua:
989 531 1213 612 fortuna
1236 525 1479 612 dabitur.
1510 546 1571 583 ea
1610 547 1664 584 se
1700 525 1939 612 usurum.
1972 534 2028 590 Si
2048 550 2133 612 “se
2165 525 2416 612 deserunt
2452 525 2835 612 εορίὶηᾰεενιίε
2867 525 3121 595 (niuium.
3172 525 3609 612 Ελιέεώὸίίιῖιὶξιὶὲ

414 597 747 686 collaudato,
776 608 1154 686 iprotostrntor
1180 610 1279 686 et“
1294 598 1641 686 .Siyrgiu-nues,
1666 604 1830 686 idmst.
1846 605 1986 668 licet,
2032 603 2296 686 Pyznntio
2343 605 2721 660 discedendum
2768 618 3033 662 statuunt.
3088 597 3389 676 Quaeritur,
3426 597 3607 686 ecquid

412 668 728 737 impcratrix
763 666 1101 732 assumenda,
1138 684 1206 721 an
1240 666 1696 742 Constantinopoli
1733 666 2198 742 reliltquenda'sit.
3022 686 3029 691 '

414 782 518 849 Qui
555 783 621 838 de
655 785 818 840 rebus
843 785 1191 857 gravioribus
1221 786 1438 841 consilii
1466 787 1722 858 capiendi
1751 805 1918 845 causa

2095 795 2223 860 Τοῖς
2286 798 2417 863 περὶ
2471 798 2728 866 μεγάλων
2792 800 3134 869 πράγματων
3194 800 3607 871 βουλευομένοις

273 896 293 909 ~
344 874 690 935 deliberant.
747 892 842 931 eos
900 877 1066 931 etiam
1111 892 1402 930 numerum
1435 877 1707 935 coniicere
1754 896 1921 950 opor-

345 976 462 1022 tere
493 977 744 1020 autumo.
780 966 933 1022 Unde
964 966 1095 1020 olim
1128 967 1358 1021 Romani
1397 978 1452 1022 et
1478 969 1674 1035 Graeci,
1716 972 1924 1041 quique

343 1058 447 1111 sub
493 1057 779 1126 populari,
813 1057 1019 1127 quique
1053 1059 1155 1111 Sub
1184 1060 1511 1128 optimatum
1571 1072 1844 1131 potestate
1869 1074 1925 1117 et

346 1151 580 1219 imperio
622 1149 938 1219 degebant,
984 1151 1216 1204 consilia
1253 1166 1283 1205 e
1328 1144 1924 1223 pluribus'chgn-ga-

343 1242 499 1305 bant,
553 1250 704 1294 recte
757 1241 1081 1305 sentientes,
1127 1245 1229 1296 hoc
1282 1242 1449 1296 modo
1485 1243 1554 1296 ab
1602 1241 1836 1297 honesto
1867 1252 1924 1298 et

341 1333 677 1388 conducibili
732 1332 879 1386 haud
930 1332 1090 1387 facile
1146 1332 1420 1388 deﬂexum
1471 1334 1561 1387 iri.
1597 1334 1738 1399 Quin
1767 1344 1824 1389 et
1856 1335 1926 1389 de

344 1428 622 1480 veteribus
675 1426 922 1494 quidam,
978 1433 1034 1479 et
1082 1440 1112 1479 e
1164 1434 1358 1479 nostro
1383 1425 1511 1479 ovili
1538 1427 1758 1495 sapiens
1786 1426 1924 1497 (9Q),

343 1519 575 1572 salutem
616 1533 737 1571 esse
765 1517 922 1584 dicit,
955 1518 1046 1572 ubi
1082 1519 1249 1572 multa
1271 1518 1501 1572 consilia
1538 1518 1800 1573 :sibimet
1820 1516 1925 1587 33

344 1619 529 1663 autem
562 1608 846 1663 inimicum
881 1608 1202 1678 pronuntiat
1227 1608 1503 1661 hominem
1527 1608 1923 1662 inconsultum.

343 1699 480 1754 Cum
533 1701 719 1769 itaque
756 1714 856 1754 vos
881 1708 935 1753 ct
975 1700 1163 1769 plures
1196 1700 1339 1765 sitis,
1366 1710 1421 1754 et
1446 1700 1502 1753 in
1534 1700 1716 1753 dando
1741 1701 1927 1755 consi-

343 1790 422 1847 lio
475 1790 780 1854 excellatis,
842 1790 1021 1855 deque
1067 1790 1326 1860 praesenti
1361 1791 1581 1859 negotio
1612 1790 1785 1844 multa
1821 1786 1929 1845 dis-

314 1884 670 1950 Aserueritis,
715 1882 928 1939 licitum
970 1885 1078 1939 erit
1134 1893 1190 1938 et
1238 1883 1410 1946 mihi,
1464 1883 1926 1952 quemadmodum

344 1976 734 2047 piscatoribus,
760 1985 820 2030 ut
847 1976 1085 2041 dixistis,
1108 1992 1137 2030 e
1160 1975 1320 2045 plena
1344 1990 1541 2044 sagena
1560 1975 1788 2029 delectis
1808 1990 1926 2029 me—

345 2069 600 2133 lioribus,
647 2079 843 2123 canera
880 2068 1028 2122 foras
1055 2068 1299 2123 mittere.
1342 2067 1624 2122 Proferam
1649 2082 1780 2138 ergo
1813 2068 1929 2137 ipse

2026 889 2323 955 ἀναγκαῖον
2364 883 2503 941 εἶναι
2540 890 2769 960 νομίζω,
2810 894 2904 945 καὶ
2937 892 3154 956 πολλοῖς
3183 891 3322 948 εἶναι
3371 895 3463 947 τὸν
3493 898 3611 967 ἀρι-

2028 978 2185 1049 θμόν.
2243 980 2332 1035 Διὸ
2365 984 2457 1035 καὶ
2496 983 2760 1052 Ῥωμαῖοι
2802 985 2895 1036 καὶ
2938 985 3200 1055 Ἕλληνες
3243 987 3304 1038 τὺ
3359 989 3610 1051 παλαιὸν,

2031 1072 2130 1125 καὶ
2152 1072 2682 1144 δημοκρατούμενοι,
2707 1075 2801 1129 καὶ
2824 1075 2934 1130 τῶν
2959 1078 3198 1145 ἀρίστων
3219 1068 3518 1149 ἀρχόντων,
3546 1083 3613 1133 ὲκ

2029 1162 2292 1216 πλειόνων
2358 1165 2457 1227 τὰς
2491 1163 2690 1232 βουλὰς
2734 1168 3096 1237 συνεκρότουν
3154 1167 3249 1220 τοῦ
3295 1167 3458 1222 καλοῦ
3521 1172 3616 1223 καὶ

2029 1256 2422 1324 συμφέροντος,
2450 1255 2621 1317 οὕτως
2645 1255 2746 1309 οὐκ
2768 1255 2835 1308 ἂν
2863 1257 3103 1327 οἰόμενοι
3128 1258 3326 1329 ῥᾳδίως
3344 1260 3613 1329 ἁμαρτεῖν

2026 1342 2202 1413 ὀρθῶς
2226 1345 2572 1416 φρονοῦντες.
2600 1347 2707 1400 Καὶ
2737 1348 2846 1401 τῶν
2876 1349 3125 1401 παλαιῶν
3145 1349 3204 1401 δέ
3231 1367 3310 1412 τις
3333 1351 3494 1420 σοφὸς
3512 1352 3615 1422 τῆς

2030 1437 2307 1507 ἡμετέρας
2332 1439 2501 1508 αὐλῆς
2527 1441 2585 1492 ὲν
2606 1441 2776 1511 πολλῇ
2827 1424 3007 1511 βουλῇ
3028 1442 3126 1512 τὴν
3156 1443 3431 1512 σωτηρίαν
3463 1445 3617 1515 εἴρηο

2028 1547 2125 1583 κεν
2150 1526 2287 1583 εἶναι
2308 1570 2323 1595 ,
2356 1533 2452 1585 καὶ
2480 1531 2738 1602 πολέμιον
2763 1531 2940 1602 ἑαυτῷ
2970 1535 3061 1586 τον
3101 1533 3445 1603 ἀσύμὸουλον
3472 1540 3611 1588 ἀπε-

2031 1624 2257 1693 φήνατο.
2292 1623 2400 1677 Καὶ
2424 1624 2577 1694 ὑμῶν
2592 1624 2774 1677 τοίνυν
2800 1626 2899 1678 καὶ
2929 1624 3139 1678 πολλῶν
3171 1628 3411 1697 καὶπερὶ
3440 1627 3615 1682 ταῦτα

2030 1714 2270 1784 ἀρίστων
2326 1716 2519 1782 ὅντων,
2575 1719 2671 1771 καὶ
2701 1718 2881 1785 λόγοις
2919 1719 3020 1771 οὐκ
3066 1718 3270 1786 ὀλίγοις
3328 1720 3455 1789 περὶ
3514 1721 3613 1774 τοῦ

2031 1805 2357 1875 πράγματος
2390 1811 2779 1879 χρησαμένων,
2806 1808 3017 1871 ἐξέσται
3036 1812 3228 1880 κάμοὶ,
3257 1812 3317 1865 ὃν
3348 1813 3610 1883 είρήκατε

2031 1898 2141 1950 τῶν
2166 1899 2363 1952 ἁλιέων
2392 1902 2615 1968 τρόπον,
2650 1902 2818 1954 πολλὰ
2848 1903 2947 1971 τῆς
2976 1905 3215 1974 σαγήνης
3268 1908 3615 1973 καταγαγού-

2033 2003 2153 2057 σης,
2212 1988 2281 2042 τὰ
2336 1993 2584 2061 χρήσιμα
2638 1992 2985 2063 ἐκλεξαμένῳ
3044 1994 3349 2068 ἀπορρίψαι
3406 1996 3473 2048 τὰ
3534 1998 3613 2066 μὴ

2033 2078 2276 2139 τοιαῦτα.
2314 2082 2456 2152 Ἐρῶ
2491 2083 2673 2136 τοίνυν
2701 2086 2793 2136 καὶ
2827 2085 2993 2146 αὐτὸς
3040 2085 3075 2139 ἃ
3112 2103 3202 2155 μοι
3250 2086 3400 2139 δοκεῖ
3439 2086 3615 2157 βέλτι-
3682 2138 3687 2141 _

345 2178 568 2233 quoque
628 2177 750 2217 meo
794 2161 1008 2233 judicio
1041 2162 1247 2231 optima
1280 2178 1295 2215 :
1349 2171 1593 2215 vestrum
1626 2160 1927 2229 unicuique

2039 2190 2138 2226 στα
2171 2169 2312 2229 εἶναι
2332 2192 2345 2204 ·
2411 2175 2541 2244 ὑμῖν
2571 2176 2616 2230 δ’
2648 2178 2864 2242 ἐξέσται
2912 2179 3129 2249 ἑκάστῳ
3162 2178 3197 2233 ἃ
3231 2180 3380 2233 δοκεῖ
3406 2183 3621 2250 συμφέ-

346 2253 623 2323 integrum
657 2255 798 2318 erit,
832 2268 956 2322 qua:
989 2250 1306 2321 probaverit
1347 2250 1630 2320 amplecti.
1661 2250 1736 2305 De
1766 2251 1931 2303 rebus

344 2347 669 2417 expetendis
741 2361 806 2400 ac
864 2344 1166 2416 fugiendis,
1211 2344 1474 2415 jucundis
1504 2353 1579 2405 ,et
1614 2341 1931 2413 injucuudis

346 2452 693 2509 nequaquam
753 2452 899 2492 unus
948 2447 1005 2491 et
1050 2436 1195 2490 idem
1236 2444 1323 2511 est
1360 2434 1604 2489 omnium
1643 2435 1928 2488 hominum

345 2546 561 2596 sensus,
602 2529 699 2584 sed
733 2539 793 2583 ut
823 2529 1062 2597 quisque
1107 2528 1174 2581 iis
1217 2529 1473 2590 alhcitur,
1517 2528 1590 2578 ita
1618 2525 1686 2579 de
1714 2526 1822 2580 illis
1842 2526 1931 2596 ju-

345 2625 509 2678 dicat.
563 2623 669 2677 Fas
703 2623 771 2677 sit
813 2623 979 2692 igitur
1022 2621 1155 2675 mihi
1199 2634 1418 2689 quoque
1444 2633 1593 2673 nunc
1628 2618 1681 2672 in
1713 2617 1932 2672 consul-

260 2707 262 2709 ’
348 2717 556 2770 talione
602 2716 674 2769 ita
720 2714 1013 2783 proloqui,
1066 2723 1125 2767 ut
1163 2712 1395 2767 aﬂ‘eetus
1441 2725 1581 2765 sum.
1631 2709 1816 2778 Usque
1861 2725 1929 2764 eo

347 2805 488 2859 nihil
543 2804 765 2871 dirum,
825 2812 883 2857 et
941 2804 1177 2858 immane
1215 2804 1300 2857 vel
1348 2803 1501 2868 vitae,
1533 2801 1616 2855 vel
1648 2800 1931 2869 dignitatis

348 2914 482 2952 mea:
537 2898 715 2968 gratia
771 2898 825 2950 in
876 2896 1162 2951 dominum
1212 2911 1395 2949 meum
1427 2904 1484 2948 et
1534 2893 1923 2962 imperatorem

346 2989 661 3061 perpetrari
708 2989 898 3052 velim,
952 2999 1014 3042 ut
1054 2989 1100 3043 si
1135 2989 1278 3041 torte
1311 2987 1566 3040 districto
1591 3000 1724 3040 ense
1752 2985 1807 3037 in
1844 2996 1929 3038 me

346 3081 766 3155 jugulabundus
820 3082 1099 3144 irrueret,
1158 3080 1392 3150 pedibus
1453 3076 1686 3132 salutem
1743 3091 1921 3129 meam

345 3175 610 3244 expedire
661 3174 1078 3228 contenderem.
1127 3172 1224 3226 Sin
1251 3172 1532 3241 quippiam
1568 3168 1796 3238 fugienti
1826 3170 1928 3222 ob-

345 3280 541 3332 staret,
595 3268 737 3342 adeo
790 3282 877 3322 me
925 3282 1034 3320 non
1083 3265 1383 3320 delectaret
1425 3265 1492 3318 ad
1546 3263 1927 3318 defensionem

346 3360 620 3425 converti,
661 3370 722 3414 ut
750 3361 928 3415 velata
963 3357 1124 3420 facie,
1157 3372 1283 3412 cum
1309 3356 1531 3412 silentio
1556 3355 1768 3424 plagam
1796 3356 1932 3410 mal‘

348 3454 456 3511 lem
481 3454 733 3522 accipere
758 3470 775 3518 ;
805 3463 1057 3507 metuens
1091 3466 1159 3505 ne
1188 3459 1414 3521 aspectu
1448 3450 1599 3504 illius
1623 3451 1924 3504 vehemen-

348 3546 462 3594 tius
515 3505 792 3603 turbatus,
837 3552 904 3592 ac
955 3536 1107 3591 velut
1154 3536 1223 3591 de
1252 3505 1410 3590 'statu
1447 3534 1649 3589 mentis
1678 3505 1997 3587 dimotus'C

351 3631 643 3694 insilirent,
692 3631 1014 3699 ferrumque
1042 3629 1094 3684 ei
1128 3638 1406 3683 extortum
1437 3626 1657 3697 longius
1691 3625 1926 3696 projiceo

349 3738 466 3779 rem
516 3739 531 3778 :
577 3737 705 3777 cum
761 3723 867 3777 hoc
911 3722 1088 3792 ipsum
1121 3721 1336 3775 scelesti
1372 3719 1634 3775 facinoris
1665 3718 1787 3772 loco
1824 3721 1925 3772 du—

349 3830 506 3881 cam,
559 3829 782 3885 quoquo
820 3814 985 3868 modo
1036 3821 1228 3868 contra
1261 3822 1547 3882 parentem
1592 3825 1788 3865 manus
1826 3809 1929 3863 tol-

349 3912 486 3964 lere.
547 3906 638 3962 Sic
686 3922 774 3961 nte
820 3906 889 3961 de
914 3907 1001 3960 avi
1034 3906 1245 3959 honore
1278 3904 1511 3970 sentire,
1544 3903 1713 3957 Deum
1746 3888 1927 3956 omnia

350 3999 777 4071 perspicientem
825 4007 1017 4054 testor.
1050 3997 1258 4053 Eodem
1302 3998 1487 4051 animo
1520 4011 1616 4050 vos
1642 4010 1762 4049 esse
1788 3993 1932 4048 desi-

351 4097 511 4157 dero,
561 4100 745 4147 certos
791 4091 989 4163 plane,
1027 4104 1095 4144 ne
1136 4089 1339 4142 mutire
1374 4086 1598 4157 quidem
1635 4102 1800 4154 super
1832 4084 1932 4139 hac

352 4201 412 4240 re
437 4186 696 4254 amplius,
720 4196 900 4251 neque
928 4180 1142 4242 conari,
1166 4194 1253 4233 me
1276 4179 1331 4232 in
1356 4178 1638 4231 diversum
1665 4176 1884 4230 trahere
1912 4193 1927 4230 :

351 4289 457 4330 nec
494 4275 642 4329 enim
675 4273 851 4327 hilum
880 4271 1199 4342 proﬁcietis.
1230 4268 1286 4323 Si
1312 4282 1444 4337 ergo
1472 4268 1656 4335 priora
1682 4264 1933 4319 consulta

349 4375 559 4430 vestra,
601 4380 781 4436 eaque
831 4361 1094 4419 salutaria
1132 4369 1451 4429 sequentes,
1492 4358 1753 4412 instantia
1788 4356 1931 4427 peri-

352 4459 478 4514 cula
532 4455 794 4529 fugiendo
839 4454 1118 4511 declinare
1165 4452 1370 4517 vultis,
1418 4450 1559 4523 bene
1598 4458 1704 4513 est,
1748 4458 1807 4503 et
1831 4463 1934 4519 ego

353 4552 423 4606 ad
468 4563 763 4604 numerum
810 4556 1058 4602 vestrum
1104 4560 1191 4599 me
1239 4558 1497 4614 δεδι-σεο,
1536 4557 1638 4596 nec
1662 4541 1935 4597 discrimi-

352 4657 486 4696 num
540 4638 987 4695 communionem
1020 4651 1238 4692 recuso.
1272 4636 1372 4691 Sin
1401 4646 1587 4690 autem
1612 4636 1727 4698 illa,
1766 4644 1829 4689 ut
1865 4648 1935 4689 ex

354 4731 651 4789 timiditate
694 4737 752 4785 et
781 4728 998 4800 ignavia
1036 4725 1279 4797 proiecta
1309 4727 1710 4797 improbautes,
1756 4728 1810 4779 in
1844 4740 1933 4780 se-

2033 2280 2196 2332 ροντα
2227 2264 2467 2319 ἑλέσθαι.
2501 2266 2574 2318 Οὐ
2614 2269 2777 2320 πᾶσιν
2810 2267 3120 2337 ἀνθρώποις
3153 2269 3221 2322 τὰ
3252 2269 3392 2322 αὐτὰ
3420 2271 3618 2339 αἱρετὰ

2030 2360 2127 2408 καὶ
2161 2358 2390 2423 φευκτὰ,
2429 2359 2523 2409 καὶ
2554 2358 2684 2426 ἡδέα
2716 2360 2812 2411 καὶ
2849 2359 2925 2430 μὴ
2987 2359 3219 2413 τοιαῦτα
3273 2362 3442 2422 δοκεῖ,
3496 2362 3617 2415 ἀλλ’

2030 2448 2178 2509 ὅπως
2208 2447 2340 2499 ποτὲ
2373 2448 2555 2518 ἔχουσι
2587 2448 2717 2517 περὶ
2741 2450 2902 2513 αὐτὰ,
2941 2449 3198 2513 τοιαύτας
3231 2451 3328 2503 καὶ
3359 2451 3490 2523 περὶ
3511 2454 3615 2504 αὑ-

2029 2537 2139 2589 τῶν
2168 2536 2424 2604 ἐξάγουσι
2453 2539 2549 2598 τὰς
2588 2538 2821 2606 κρίσεις.
2871 2538 2957 2601 Ὠς
2982 2538 3094 2607 ἔχω
3120 2539 3300 2592 τοίνυν
3334 2540 3427 2591 καὶ
3448 2540 3614 2599 αὐτὸς

2031 2627 2161 2698 περ).
2186 2629 2293 2679 τῶν
2324 2627 2707 2696 προκειμένων
2735 2627 2867 2698 ὲρῶ.
2900 2627 3171 2680 Τοσούτου
3192 2629 3296 2681 δέω
3311 2629 3404 2682 τοῦ
3430 2646 3482 2681 τι
3505 2630 3617 2682 τῶν

2031 2719 2344 2789 ἀνηκέστων
2376 2720 2465 2771 καὶ
2500 2719 2645 2787 ζωῆς
2676 2719 2839 2772 ἕνεκα
2868 2720 2963 2773 καὶ
2999 2721 3162 2789 τιμῆς
3194 2720 3322 2789 περὶ
3359 2719 3449 2771 τὸν
3477 2720 3613 2789 ἐμὸν

2031 2813 2222 2878 κύριον
2272 2810 2367 2862 καὶ
2427 2809 2651 2878 βασιλέα
2702 2808 2959 2879 γενέσθαι
3013 2809 3342 2879 βούλεσθαι,
3395 2808 3528 2863 ὥστ’
3562 2811 3613 2862 εί

2032 2903 2350 2972 συμὸέὸηκε
2400 2904 2491 2970 τον
2548 2902 2711 2956 αὑτὸν
2770 2901 2922 2971 ξίφος
2975 2899 3050 2964 ὡς
3085 2900 3498 2955 ἀποκτενοῦντὰ
3546 2918 3613 2971 με

2032 2996 2390 3063 σπασάμενον
2434 2996 2672 3059 ἐπιέναι,
2714 2997 2860 3064 φυγῇ
2904 2995 3006 3063 μὲν
3054 2993 3120 3047 ἂν
3153 2993 3619 3064 ὲπραγματευσάο

2035 3104 2142 3157 μην
2170 3089 2272 3157 τὴν
2305 3086 2618 3156 σωτηρίαν
2678 3087 2729 3138 εί
2780 3087 2836 3138 δὲ
2885 3085 3120 3155 κώλυμά
3170 3102 3224 3138 τι
3253 3085 3458 3155 μεταξὺ
3487 3085 3649 3154 φεὼ.

2032 3194 2184 3246 γοντι
2232 3176 2551 3246 συμϐέϐηκε
2600 3176 2699 3245 τῆς
2749 3176 2951 3246 φυγῆς,
2991 3173 3243 3228 τοσοῦτον
3293 3176 3485 3244 ἀπέχω
3517 3174 3615 3226 τοῦ

2033 3262 2370 3341 συστραφέὶς
2417 3266 2728 3334 ἀμύνεσθαι
2786 3266 3100 3338 βούλεσθαι,
3135 3266 3266 3319 ὥστ’
3294 3267 3616 3337 ἐγκαλυψά-

2034 3375 2216 3429 μενος,
2254 3356 2518 3427 ἐδεχόμην
2535 3355 2602 3409 ἂν
2628 3359 2757 3428 σιγῇ
2781 3359 2877 3420 τὰς
2897 3356 3135 3425 πληγὰς,
3165 3354 3345 3418 δείσας
3380 3356 3457 3426 μὴ
3480 3358 3618 3427 πρὸς

2033 3454 2242 3505 ἐκεῖνον
2269 3450 2432 3519 ὁρῶν,
2480 3450 2575 3503 καὶ
2609 3443 2721 3503 οἷον
2778 3448 2854 3518 τῷ
2885 3448 3069 3512 πάθει,
3100 3448 3207 3500 τῶν
3251 3449 3467 3517 φρενῶν
3524 3450 3623 3501 ὲκ-

2034 3542 2347 3612 κρουσθεὶς,
2371 3541 2507 3611 πρὸς
2537 3543 2596 3595 τὸ
2624 3541 2811 3594 λαῦεἶν
2846 3539 3100 3609 έξραύτοῦ
3127 3539 3356 3606 κινηθῶ,
3380 3541 3473 3591 καὶ
3504 3559 3618 3608 μα-

2029 3635 2170 3706 κρὰν
2192 3634 2499 3706 ἀπορρίψω
2531 3633 2591 3686 τὸ
2621 3632 2797 3703 ξίφος,
2828 3631 3016 3702 ἐπειδὴ
3049 3631 3144 3683 καὶ
3170 3631 3327 3684 τοῦτο
3352 3630 3461 3682 τῶν
3492 3632 3619 3684 ἀνό-

2030 3709 2161 3780 σίων
2192 3726 2382 3794 κρίνω,
2412 3715 2543 3777 καθ⁶
2579 3727 2764 3778 ὅντινα
2802 3723 3007 3790 τρόπον
3033 3723 3223 3793 χεῖρας
3255 3723 3511 3793 ἀνασχεῖν
3535 3723 3620 3792 τῷ

2035 3815 2221 3887 πατρί.
2288 3815 2559 3884 Τοιαύτην
2605 3814 2748 3883 ἔχειν
2809 3812 3040 3882 γνώμην
3087 3811 3216 3882 περὶ
3265 3813 3363 3882 τῆς
3415 3817 3494 3874 εἰς
3524 3814 3616 3866 τὸν

2032 3908 2260 3963 πάππον
2313 3907 2483 3977 τιμῆς
2534 3908 2623 3960 τὸν
2676 3908 2856 3958 πάντα
2918 3906 3202 3974 ἐφορῶντα
3267 3905 3619 3977 μαρτύρομαι

2030 4001 2313 4073 ὀφθαλμὸν
2334 3999 2429 4053 τοῦ
2463 3998 2622 4053 Θεοῦ.
2657 4000 2747 4052 Διὸ
2777 3999 2841 4070 δὴ
2869 3998 2966 4051 καὶ
2990 3999 3133 4068 ὑμᾶς
3160 3996 3420 4068 βούλομαι
3443 3995 3619 4061 οὕτως

2032 4095 2179 4165 ἔχειν
2208 4094 2397 4162 σαφῶς
2440 4091 2790 4159 πεισθέντας,
2827 4091 3037 4161 μηδένα
3065 4091 3197 4159 περὶ
3222 4090 3418 4143 τούτου
3454 4090 3618 4158 λόγον

2032 4186 2228 4245 κινεῖν,
2286 4184 2422 4254 μηδὲ
2484 4183 2838 4252 μεταπείθειν
2885 4182 3218 4252 ἐπιχειρεῖνο
3257 4180 3444 4234 ἔσεσθε
3506 4180 3620 4252 γὰρ

2032 4277 2300 4349 ὴνυκότες
2346 4275 2511 4329 πλέον
2569 4275 2745 4329 οὐδέν.
2783 4275 2843 4328 El
2894 4274 2996 4344 μὲν
3040 4270 3135 4326 οὗν
3188 4275 3473 4345 ἐθελήσετε
3507 4275 3622 4328 τῶν

2036 4369 2098 4433 ἐξ
2127 4367 2304 4437 ἀρχῆς
2331 4366 2581 4438 ἐχόμενοι
2613 4364 2917 4434 λογισμῶν,
2959 4363 3060 4433 τὴν
3091 4364 3367 4434 σωτηρίαν
3403 4366 3626 4428 ἑαυτοῖς

2040 4458 2437 4530 ποριζομένους
2459 4457 2606 4527 φυγῇ
2641 4455 2735 4508 τὸν
2766 4454 3123 4523 ὑφορώμενον
3162 4455 3409 4511 κίνδυνον
3453 4454 3628 4508 διαδι-

2036 4552 2316 4623 δράσκειν,
2349 4544 2408 4603 εὖ
2436 4547 2502 4602 ἂν
2527 4548 2637 4618 ἔχοι
2658 4588 2673 4613 ,
2704 4547 2798 4600 καὶ
2816 4546 2914 4616 τὴν
2943 4546 3237 4599 κοινωνίαν
3256 4547 3422 4609 αὐτὸς
3445 4546 3629 4598 ἀσπά-

2038 4641 2203 4713 ζομαι
2225 4643 2322 4711 τὴν
2347 4640 2643 4709 ὑμετέραν,
2677 4636 2774 4691 καὶ
2805 4637 3247 4713 συγκινδυνεύειν
3276 4637 3404 4704 ὑμῖν
3436 4636 3628 4704 αἱροῦ-

2043 4711 2143 4803 μαι
2169 4749 2183 4764 ο
2240 4736 2290 4785 εί
2316 4732 2375 4784 δὲ
2403 4733 2504 4801 τῆς
2552 4729 2831 4799 προτέρας
2883 4727 3154 4796 ἀτολμίαν
3197 4711 3292 4780 καὶ
3326 4726 3627 4796 ἀνανδρίαν

353 4824 550 4881 cundis
591 4823 848 4903 cogitatis
876 4823 1027 4877 nulla
1063 4822 1389 4892 interposita
1425 4820 1769 4875 dubitatione
1802 4834 1930 4873 con-

2039 4825 2401 4893 καταγνόντες
2463 4822 2682 4894 βουλῆς,
2727 4819 2992 4891 ἐμμένειν
3031 4818 3292 4889 ἀσφαλῶς
3324 4819 3627 4887 κεκρίκατε

353 4919 552 4973 sistere
583 4915 934 4980 decrevistis,
958 4932 1022 4971 ac
1050 4931 1136 4971 me
1165 4916 1220 4969 in
1249 4915 1357 4968 alia
1379 4912 1567 4968 omnia
1589 4912 1936 4977 discedente,

356 5022 476 5074 vos,
498 5024 621 5079 qua:
656 5009 790 5064 mihi
825 5009 1041 5080 placent
1086 5007 1233 5061 haud
1260 5006 1548 5075 profutura
1580 5004 1802 5068 ducitis,
1831 5018 1935 5073 ego

357 5118 491 5158 sane
554 5101 871 5173 huiusmodi
931 5100 1202 5153 factorum
1254 5097 1596 5152 consortium
1652 5109 1934 5165 nunquam

354 5198 663 5267 cupiver'rm
716 5212 732 5250 :
789 5210 888 5249 vos
918 5209 1042 5263 quae
1076 5192 1370 5247 securitati
1400 5200 1597 5245 vestrae
1625 5190 1937 5245 conducere

355 5289 605 5356 creditis,
633 5292 893 5360 quoniam
926 5294 1171 5355 potestas
1210 5294 1315 5348 est,
1358 5281 1785 5352 amplectimini.
1824 5281 1936 5334 Deo

2036 4919 2147 4980 τοῖς
2198 4916 2471 4987 δευτέροις
2498 4956 2512 4978 ,
2558 4913 2632 4985 μὴ
2683 4912 3012 4985 πειθομένου
3049 4910 3094 4965 δ’
3125 4910 3283 4981 ἐμοῦ,
3317 4908 3429 4962 οὐδ’
3463 4910 3629 4963 αὐτοὶ

2038 5007 2341 5061 λυσ.τελεῖν
2375 5007 2588 5067 ἑαυτοῖς
2632 5005 2783 5073 ἅπερ
2808 5002 2919 5072 ἐγὼ
2947 5001 3209 5072 βούλομαι
3234 4998 3478 5072 ἡγεῖσθε,
3512 4998 3630 5065 ἐγὼ

2043 5100 2141 5170 μὲν
2163 5100 2271 5152 τῶν
2297 5099 2557 5151 τοιούτων
2586 5096 2765 5167 ἔργων
2797 5098 3078 5149 κοινωνεῖν
3107 5095 3237 5163 ὑμῖν
3265 5094 3364 5144 οὐκ
3391 5091 3457 5145 ἂν
3486 5090 3634 5143 έλοι-

2043 5208 2154 5259 μην
2189 5175 2340 5243 ποτέ.
2375 5188 2551 5263 ’Υμᾶς
2581 5187 2639 5240 δὲ
2666 5187 2726 5239 τὸ
2749 5189 2953 5239 οἰκεῖον
2984 5184 3227 5254 ἀσφαλὲς
3258 5183 3436 5247 ἔξεστι
3469 5197 3638 5250 περι-

2042 5280 2339 5345 σώζοντας,
2374 5279 2411 5333 ἃ.
2439 5281 2741 5349 συμφέρειν
2768 5278 2900 5349 ὑμῖν
2938 5277 3118 5331 οἴεσθε
3166 5277 3408 5330 ἑλέσθαι.
3443 5273 3632 5343 Χάριν

1627 5416 1845 5480 Jacobi
1877 5417 2144 5480 Pontani
2179 5423 2370 5479 notae.

426 5544 543 5618 (92)
581 5545 841 5618 Salomon
895 5557 979 5602 est
1030 5548 1157 5613 iste,
1219 5546 1486 5603 Proverb.
1554 5560 1689 5618 cap.
1745 5561 1805 5608 ιι,
1844 5543 1936 5618 24.

355 5614 530 5687 Vides
563 5616 1028 5685 quemadmodum
1092 5627 1279 5687 tangat
1339 5631 1529 5671 sacras
1577 5614 1937 5687 scripturas?

357 5685 494 5742 Nam
519 5703 545 5761 ε
572 5684 750 5742 nostra
773 5688 898 5743 ovili
922 5699 1029 5757 est,
1054 5691 1119 5743 ἐκ
1145 5684 1245 5760 τῆς
1269 5688 1544 5759 ἡμετέρας
1572 5684 1762 5757 αὐλῇς,
1791 5684 1938 5757 apud

2045 5544 2319 5599 Joannem
2349 5558 2474 5612 cap.
2507 5558 2561 5598 κ.
2596 5542 2857 5597 Salomon
2882 5547 2968 5596 est
2988 5554 3059 5594 ex
3088 5545 3278 5612 nostro
3310 5531 3472 5612 ovili,
3497 5527 3639 5601 quia

2052 5616 2223 5666 Deum
2280 5603 2495 5679 verum,
2542 5629 2703 5682 quem
2749 5627 2850 5666 nos
2896 5608 3250 5679 agnoscimus
3280 5613 3338 5660 et
3371 5603 3640 5670 colimus,

2049 5683 2166 5753 ipse
2198 5697 2423 5755 quoque
2455 5683 2678 5754 agnovit
2712 5691 2770 5737 et
2800 5682 2995 5737 coluit.
3041 5734 3047 5740 ,
