4038 6212
380 304 476 367 ίθθ

1478 292 1484 298 ’
1544 309 2093 374 HISTORIARUM
2127 311 2362 372 LIBER
2400 310 2445 371 ι.

3511 316 3612 383 1Ιο

366 416 420 467 δὲ
449 413 642 483 πολλὴν
666 414 914 485 ὁμολογῶ
954 417 1031 487 τῷ
1060 417 1202 486 Θεῷ,
1234 419 1314 472 ὅτι
1350 419 1446 490 τῆς
1474 423 1553 484 είς
1587 422 1688 491 ἐμὲ
1721 422 1926 485 εὐνοίας

2036 421 2346 491 singulares
2392 435 2492 491 ago
2543 419 2764 492 gratias,
2805 423 2951 493 quod
2991 440 3162 495 usque
3193 426 3259 479 ad
3298 428 3436 484 hanc
3467 429 3613 485 diem

366 508 509 560 οῦδὲν
532 507 740 560 οὐδέπω
766 510 859 560 καὶ
885 508 981 562 νῦν
1011 510 1142 580 ὑμῖν
1179 512 1464 581 ἀπήντηκε
1493 513 1601 567 τῶν
1630 514 1932 584 δυσχερῶν,

365 597 477 675 οὐδὲ
500 583 626 665 περὶ
649 590 727 649 ὧν
757 597 1202 669 ἐϐουλευσάμεθα
1233 601 1535 670 κατάδηλον
1563 583 1939 671 οὗδὲνίνγέγο-

366 707 452 741 νεν
475 688 649 741 οὐδενὶ
679 688 823 759 πλὴν
846 689 1024 760 ὑμῶν.
1055 691 1203 759 Ἐγὼ
1221 693 1277 745 δὲ
1302 692 1379 757 ὡς
1413 693 1479 747 ἂν
1508 692 1615 757 οἷός
1650 712 1708 747 τε
1742 689 1809 757 ὦ,
1842 697 1934 747 καὶ

367 780 435 843 ῶς
458 779 519 831 ἂν
547 782 574 831 ό
624 780 758 843 θεὸς
791 780 936 851 διδῷ,
967 781 1059 835 τὸν
1089 782 1229 854 ὑπὲρ
1263 783 1504 849 ἐμαυτοῦ
1532 784 1780 838 κίνδυνον
1818 786 1935 839 διας

367 870 703 940 κυδερνήσω.
741 868 872 923 Οἶδα
921 872 1023 942 μὲν
1050 867 1145 925 οὖν
1194 873 1270 936 ῶς
1296 873 1365 926 ἂν
1396 874 1575 943 συμϐῇ
1628 876 1936 946 μαχόμενόν

369 977 427 1029 με
455 963 657 1027 πεσεῖν,
698 962 870 1014 πολλὰ
914 964 1013 1033 μὲν
1036 962 1437 1035 ἐπιθρηνήσετε
1468 966 1729 1037 κειμένῳ,
1768 968 1936 1021 πολλὰ

361 1051 413 1103 δὲ
445 1049 707 1112 πολλάκις
750 1050 1161 1105 ἀνακλαύσεσθε
1198 1055 1293 1106 τὸν
1348 1054 1523 1123 φίλον,
1567 1058 1615 1108 εί
1658 1058 1719 1127 δή
1754 1076 1806 1111 τι
1841 1059 1935 1111 καὶ

366 1140 571 1209 μνήμης
627 1141 785 1204 ἄξιον
840 1141 1224 1211 ἐνεδειξάμεθα
1248 1144 1433 1212 φιλίας
1463 1149 1542 1209 είς
1588 1148 1752 1217 ὑμᾶς.
1791 1149 1853 1202 Ei
1889 1149 1934 1203 δ’

365 1231 437 1283 ἔτι
470 1234 715 1298 περιόντι
759 1232 925 1286 πάλιν
956 1235 1244 1305 ἐθελήσετε
1279 1238 1623 1307 προσελθεῖν,
1664 1239 1933 1310 μηδαμῶς

365 1325 483 1393 ὑμῖν
504 1324 771 1394 ἐμπόδιον
801 1326 857 1377 τδ
889 1326 982 1379 νῦν
1009 1328 1158 1397 ἡμᾶς
1191 1329 1524 1398 χωρίζεσθαι
1571 1333 1931 1401 καταστήτωο

365 1416 607 1482 εὗρίςσετε
634 1420 748 1486 γὰρ
789 1418 879 1471 ἀεὶ
896 1417 988 1469 τὸν
1014 1418 1180 1471 αὐτὸν
1208 1419 1336 1472 ὄντα
1370 1422 1464 1472 καὶ
1488 1420 1719 1495 φιλικῶς
1744 1420 1933 1491 ὥσπερ

366 1509 453 1559 aut
489 1507 579 1559 νῦν
634 1507 991 1577 διακείμενον
1050 1511 1181 1581 πρὸς
1240 1512 1405 1581 ὑμᾶς.
1446 1513 1531 1585 Μὴ
1569 1515 1829 1584 νομίσητε
1876 1516 1933 1569 δὲ

371 1596 461 1664 Ep!
490 1598 620 1664 μήτε
679 1598 906 1660 ἀλύπως
942 1599 1036 1651 ἐπὶ
1072 1600 1151 1671 τῷ
1202 1602 1472 1673 χωρισμῷ
1525 1604 1680 1673 ὑμῶν
1732 1606 1934 1659 διακεῖ-

370 1689 501 1752 σθαι,
532 1689 661 1758 μήθ’
687 1688 767 1753 ῶς
805 1689 901 1743 τοῦ
955 1693 1185 1762 μηδενὸς
1221 1694 1409 1759 ἀξίους
1460 1698 1605 1766 ὑμᾶς
1658 1696 1834 1760 οὕτως
1869 1700 1933 1750 ἐκ

2040 511 2176 565 nulli
2208 521 2452 566 vestrum
2485 526 2581 566 sua
2609 512 2662 565 in
2695 528 2782 566 me
2809 513 3099 569 inclinatio
3119 516 3424 571 voluntatis
3445 519 3611 588 quid-

2038 616 2202 671 quam
2252 603 2462 658 creavit
2512 603 2847 658 incommodi
2893 621 2907 658 :
2962 614 3141 674 neque
3183 615 3336 661 extra
3381 622 3481 662 vos
3517 611 3613 664 ulli

2038 694 2355 748 mortalium
2404 704 2718 750 nostrarum
2771 697 3239 752 consultationum
3288 713 3488 753 arcana
3527 717 3620 771 pa-

2038 784 2237 840 tefacta
2286 796 2435 839 sunt.
2485 786 2643 852 Quod
2692 789 2757 841 ad
2811 803 2898 842 me
2945 789 3165 853 attinet,
3214 799 3275 843 ut
3310 801 3525 860 potero,
3562 805 3620 849 et

2038 883 2099 928 ut
2147 877 2290 930 Deus
2335 879 2616 939 annuerit,
2658 878 2711 931 in
2763 878 3009 946 periculo
3054 894 3179 934 meo
3234 898 3320 939 me
3348 885 3615 940 trartabo.

2040 967 2307 1035 Equidem
2345 984 2455 1022 non
2489 971 2701 1039 ignoro,
2734 969 2780 1023 si
2825 969 2879 1021 in
2912 985 3093 1041 pugna
3143 975 3483 1039 occubuero,
3513 977 3622 1048 34

2036 1070 2137 1110 vos
2187 1056 2353 1111 morti
2397 1073 2533 1113 mea;
2575 1058 3010 1127 illacrymaturos
3044 1061 3275 1127 aﬂ'atim,
3309 1063 3619 1135 frequenti-

2036 1160 2145 1215 que
2189 1162 2253 1202 ac
2290 1148 2456 1217 longo
2498 1148 2905 1205 ﬂetu.amicum
2938 1163 3349 1219 prosccuturos,
3382 1157 3427 1211 si
3455 1158 3620 1212 modo

2037 1238 2259 1309 aliquod
2286 1240 2545 1295 amicitia:
2576 1243 2832 1294 meritmn
2872 1245 3137 1297 memoria
3159 1246 3303 1301 haud
3332 1249 3615 1319 indignum

2039 1330 2094 1383 in
2134 1345 2231 1385 vos
2260 1331 2547 1386 collocavi.
2579 1332 2734 1394 Quod
2768 1334 2811 1387 si
2844 1335 2910 1389 ad
2942 1338 3290 1405 superstitem
3310 1339 3494 1396 denuo
3518 1357 3617 1397 vos

2035 1420 2336 1491 adiungere
2397 1424 2707 1490 volueritis,
2764 1442 2871 1481 non
2921 1429 3029 1483 erit
3075 1430 3187 1484 ullo
3219 1431 3617 1501 impedimen'o

2036 1510 2142 1566 ista
2185 1527 2307 1582 qua:
2343 1529 2492 1569 nunc
2534 1515 2593 1569 ﬁt
2635 1517 2780 1570 inter
2829 1534 2928 1573 nos
2961 1520 3282 1576 dissociatio
3313 1542 3325 1576 :
3355 1525 3612 1578 eumdem

2034 1603 2240 1673 quippe
2287 1621 2371 1659 me
2409 1622 2650 1676 semper,
2701 1616 2864 1677 atque
2928 1620 2995 1665 ut
3027 1628 3195 1679 nunc,
3226 1616 3395 1669 vestri
3428 1631 3620 1671 amau-

2034 1705 2144 1749 tem
2182 1697 2495 1753 invenietis.
2527 1699 2606 1753 Ne
2632 1715 2767 1756 vero
2804 1703 3176 1769 arbitremini,
3226 1713 3322 1760 aut
3361 1706 3505 1762 hanc
3536 1725 3620 1763 se-

375 1780 459 1833 τοῦ
478 1785 789 1851 παραυτίκα
820 1784 1184 1842 ἀπωθεῖσθαι.
1220 1785 1316 1853 Ἐξ
1341 1789 1468 1841 ὅτου
1501 1790 1609 1858 γὰρ
1643 1790 1773 1861 περὶ
1816 1790 1926 1843 τῶν

2033 1786 2377 1854 parationem
2402 1790 2537 1844 mihi
2574 1805 2683 1845 non
2716 1791 3005 1847 molestam
3035 1796 3314 1863 accidere,
3365 1808 3460 1853 aut
3494 1814 3618 1867 vos,

379 1873 609 1926 τοιούτων
637 1874 900 1945 ἠρξάμην
958 1876 1181 1945 λέγειν,
1240 1879 1455 1932 πολλῶν
1507 1881 1609 1951 τὴν
1648 1880 1933 1935 διάστασιν

383 1964 517 2033 ὑμῶν
542 1967 740 2019 ἐννοῶν
771 1967 1104 2036 αίσθανομαι
1133 1967 1244 2022 τῶν
1274 1970 1588 2039 ἀλγηδόνων
1609 1986 1623 2001 ο
1656 1967 1777 2025 οῖδα
1807 1972 1853 2026 δ’
1874 1975 1933 2027 ὲν

390 2057 458 2124 τῷ
482 2059 606 2124 μιτᾶ
625 2061 795 2111 ταῦτα
824 2061 918 2112 καὶ
944 2060 1211 2114 πλειόνων
1238 2044 1640 2134 αίσθησόμενος
1682 2065 1780 2118 καὶ
1806 2082 1935 2134 σφο-

406 2147 867 2220 ὂροτέρωνώέρειν
890 2151 949 2204 δὲ
977 2152 1213 2223 ἀνάγκη,
1245 2153 1355 2207 τῶν
1386 2155 1727 2225 πραγμάτων
1756 2158 1933 2227 ἀσυμ-

407 2233 560 2300 ϐάτως
586 2241 811 2309 ὶχὸντων.
848 2242 912 2293 Ei
948 2243 1049 2312 μὲν
1074 2238 1188 2306 οῦν,
1215 2243 1364 2297 om
1374 2262 1404 2315 ρ
1429 2240 1607 2307 εἷπον,
1640 2248 1929 2318 ἐθελήσετε

405 2327 495 2380 τῶν
519 2331 777 2399 προτέρων
806 2334 1107 2403 ἐχομένους
1150 2335 1463 2410 λογισμῶν,
1500 2319 1642 2408 ὖπὶρ
1698 2341 1799 2407 μὲν
1831 2339 1931 2409 τῆς

396 2419 631 2490 ἡμετέρας
660 2424 934 2492 σωτηρίας
971 2425 1283 2495 φροντίσαι,
1321 2427 1488 2497 μηδὲν
1508 2428 1565 2480 δὲ
1602 2430 1746 2482 κατὰ
1780 2430 1935 2499 βασι-

388 2509 501 2573 λέως
515 2511 906 2582 βουλεύσασθαι
934 2516 1042 2568 τῶν
1064 2516 1397 2582 ἀπεικότων,
1425 2520 1519 2572 καὶ
1545 2521 1570 2570 ἔ
1580 2520 1647 2589 μὲ
1673 2521 1931 2574 κοινωνὸν

381 2602 506 2666 ἕξετε
547 2604 660 2657 τῶν
718 2607 1116 2676 πραττομένων
1136 2623 1152 2639 ο
1207 2609 1256 2660 εί
1286 2608 1332 2661 δ’
1357 2608 1566 2679 ἑτέρως
1597 2609 1727 2679 ὑμῖν
1760 2609 1929 2673 δοκεῖ,

371 2696 505 2750 οὐδὲν
528 2699 659 2752 ἄλλο
682 2698 893 2762 λοιπὸν,
926 2699 959 2767 ἢ
993 2700 1166 2754 πολλὰ
1191 2702 1289 2770 τῆς
1314 2702 1395 2764 είς
1425 2702 1450 2752 ὲ
1461 2703 1527 2772 μὲ
1550 2702 1736 2770 φιλίας
1770 2704 1934 2755 ἑπευ-

369 2786 577 2856 ξάμενον
606 2772 813 2856 ἀγαθὰ,
850 2790 970 2842 καθ’
1001 2791 1197 2843 ἑαυτὸν
1224 2792 1259 2845 ἆ
1290 2809 1382 2862 μοι
1414 2780 1555 2846 δοκῶ
1581 2794 1931 2863 συμφέροντα

366 2881 635 2949 πράττειν.
669 2879 915 2934 Τοιαῦτα
946 2882 1041 2937 καὶ
1092 2882 1189 2936 τοῦ
1222 2884 1491 2953 βασιλέως
1537 2885 1804 2947 εἰπόντος,
1838 2888 1932 2939 ἐπὶ

362 2970 482 3023 πολὺ
507 2972 609 3040 μὲν
645 2972 782 3042 πρὸς
811 2972 1074 3041 ἀλλήλους
1105 2973 1315 3045 ἐώρων,
1339 2975 1400 3027 τὸ
1427 2978 1528 3046 τῆς
1543 2975 1770 3046 γνώμης
1795 2976 1930 3031 θαυ-

362 3063 616 3129 μάζοντες
648 3064 747 3117 ἐπὶ
781 3064 852 3116 τὰ
880 3064 1022 3119 καλὰ
1057 3064 1313 3135 βεϐηκὸς,
1349 3066 1425 3129 ὡς
1454 3066 1621 3136 μηδὲν
1653 3067 1755 3137 τῆς
1792 3068 1928 3138 πρὸς

356 3153 440 3206 τὸν
469 3154 699 3222 βασιλέα
722 3156 819 3209 καὶ
853 3158 1081 3213 πάππον
1114 3157 1299 3221 αἰδοῦς
1326 3157 1564 3226 ὑφεῖναι,
1599 3160 1779 3213 καίτοι
1802 3163 1929 3215 πολ-

354 3243 452 3304 λοῖς
484 3244 657 3298 αὑτὸν
708 3248 826 3309 τοῖς
853 3245 1120 3299 λυποῦσιν
1150 3246 1539 3315 ἀμειϐομένου.
1573 3244 1690 3300 Εἴθ’
1716 3249 1746 3301 ὁ
1778 3264 1929 3320 πρω-

349 3337 668 3404 saupde
716 3337 1050 3405 ἀπεκρίνατο
1097 3337 1349 3390 τοιαῦτα·
1395 3339 1579 3409 Ἡμῖν,
1610 3335 1656 3394 ὦ
1683 3339 1924 3409 βασιλεῦ,

349 3424 404 3476 τὸ
423 3427 713 3496 συμφέρον
743 3426 827 3479 σοί
871 3443 932 3480 τε
984 3428 1079 3482 καὶ
1127 3431 1260 3501 ἡμῖν
1299 3430 1488 3493 αὐτοῖς
1524 3428 1841 3494 σκοποῦσιν,
1890 3429 1927 3483 ἃ

349 3514 649 3571 λυσιτελεῖν
668 3519 988 3589 ἐδοκοῦμεν,
1039 3520 1445 3592 ἑφθεγξᾶμεθα.
1486 3523 1553 3575 ’Δ
1578 3522 1637 3575 δὲ
1672 3524 1801 3592 περὶ
1826 3521 1926 3592 βα-

347 3609 527 3667 σιλέως
586 3610 994 3680 ἐφθεγξάμεθα,
1048 3613 1147 3666 οὐκ
1197 3613 1331 3667 αὐτὸ
1378 3614 1538 3667 τοῦτο
1580 3614 1741 3684 μόνον
1774 3614 1927 3677 ὅπως

350 3701 505 3755 κακόν
558 3719 625 3757 τι
690 3703 854 3755 πάθοι
912 3706 1245 3768 σκοποῦντες
1291 3705 1753 3775 ἐϐουλευσάμεθα,
1808 3707 1923 3760 ἀλλ’

345 3792 483 3855 ὅπως
510 3794 598 3865 μὴ
628 3795 774 3862 μετὰ
825 3795 886 3846 τὺ
932 3794 1185 3865 φανερῶς
1216 3796 1297 3860 είς
1334 3796 1426 3849 τὸν
1474 3796 1713 3865 πόλεμον
1755 3813 1926 3850 κατα-

346 3885 551 3952 στῆναι,
595 3888 681 3948 τὶς
710 3886 1056 3940 ὑπολείποιτο
1085 3886 1223 3955 μετὰ
1260 3887 1355 3941 σοῦ
1387 3886 1683 3957 προσδοκία
1705 3887 1887 3941 δεινοῦ
1905 3904 1920 3919 ο

345 3976 496 4030 τοῦτο
530 3978 651 4047 γὰρ
709 3978 847 4046 ἡμῖν
882 3978 1009 4047 περὶ
1058 3978 1320 4030 πλείστου
1355 3979 1679 4031 σκοπετται·
1715 3980 1837 4032 ἐπεὶ
1872 3978 1923 4031 δ’

343 4067 415 4131 ὥς
466 4069 796 4136 ἠκούσαμεν
839 4069 940 4138 τῆς
1000 4071 1083 4132 είς
1136 4069 1229 4122 τὸν
1283 4069 1504 4139 βασιλέα
1555 4072 1651 4125 καὶ
1697 4072 1923 4125 πάππον

340 4157 647 4226 ἀσφαλείας
674 4174 737 4210 τε
764 4159 862 4211 καὶ
896 4163 1063 4229 τιμῆς
1092 4159 1192 4229 τὴν
1239 4162 1450 4214 οίκείαν
1503 4164 1782 4234 σωτηρίαν
1825 4163 1922 4215 καὶ

342 4249 645 4314 ἀσφάλειαν
672 4251 734 4301 ὲν
763 4249 1005 4321 δευτέρῳ
1029 4251 1246 4323 λογίζῃ,
1278 4251 1580 4323 θαυμάζειν
1613 4255 1713 4324 μὲν
1740 4255 1919 4307 ἔπεισι

338 4338 436 4407 τῆς
464 4338 882 4409 μεγαλοψυχίας
927 4341 1138 4410 καὶτῆς
1161 4342 1532 4414 δικαιοσύνης,
1556 4344 1840 4399 «πείθεσθαι
1861 4344 1919 4398 δὲ

2034 1895 2136 1937 ceu
2187 1880 2445 1937 homines
2482 1882 2643 1959 nauci
2688 1899 2716 1938 a
2753 1898 2841 1939 me
2888 1885 3041 1956 rejici
3089 1887 3143 1940 in
3179 1892 3493 1958 praesentia.
3539 1891 3616 1946 Et

2033 1989 2144 2043 quo
2192 1976 2340 2031 enim
2369 1976 2518 2031 hunc
2545 1991 2856 2032 sermonem
2905 1993 3066 2034 orsus
3114 1997 3259 2050 sum,
3294 2000 3362 2040 ex
3405 1986 3615 2056 cogita-

2034 2067 2185 2123 tione
2239 2068 2618 2125 distractionis
2655 2080 2855 2127 nostra:
2892 2072 3176 2132 doloribus
3207 2080 3397 2134 multis
3425 2096 3619 2136 cumu-
3656 2120 3659 2123 -

2033 2153 2181 2210 latus
2208 2164 2294 2211 est
2324 2157 2459 2211 mihi
2490 2159 2708 2214 animus
2737 2175 2751 2214 :
2785 2163 2888 2215 etsi
2943 2178 3030 2219 me
3058 2165 3111 2218 in
3144 2177 3425 2234 posterum
3455 2172 3612 2239 plura

2033 2252 2089 2299 et
2117 2246 2501 2303 vehementius
2530 2248 2830 2305 doliturum
2862 2254 3057 2308 sciam.
3093 2254 3198 2309 Sed
3230 2261 3488 2324 quoniam
3526 2276 3616 2315 res

2035 2334 2092 2389 in
2143 2336 2502 2406 tranquillum
2541 2338 2780 2393 conferri
2836 2356 2944 2395 non
2984 2354 3255 2413 possunt,
3291 2350 3437 2417 quod
3469 2348 3616 2406 ferre

2033 2434 2273 2496 oportet,
2305 2427 2567 2484 feramus.
2594 2430 2741 2501 Ergo
2771 2432 2841 2496 si,
2878 2445 2940 2489 ut
2972 2435 3248 2505 dicebam,
3279 2443 3609 2511 antegressis

2034 2519 2466 2591 cogitationibus
2508 2522 2832 2582 insistentes
2857 2565 2871 2589 ,
2912 2528 3077 2583 saluti
3128 2542 3334 2587 nostrae
3388 2537 3605 2605 prospi-

2033 2624 2159 2682 cere
2185 2652 2200 2675 ,
2246 2617 2302 2665 et
2351 2612 2615 2668 adversus
2645 2629 2808 2669 avum
2838 2616 2979 2671 nihil
3018 2618 3415 2678 inconveniens
3442 2626 3613 2681 medi-

2034 2700 2136 2754 tari
2184 2701 2559 2768 institueritis,
2608 2705 2775 2760 rebus
2807 2708 3045 2775 agundis
3072 2714 3331 2768 comitem
3370 2732 3457 2771 me
3483 2733 3615 2787 pro-

2032 2786 2231 2847 ﬁtebor
2273 2808 2288 2843 :
2333 2793 2418 2847 sin
2462 2794 2568 2849 alia
2636 2797 2794 2852 vobis
2856 2815 3033 2866 mens,
3087 2800 3194 2856 hoc
3248 2819 3421 2873 unum
3449 2786 3617 2867 relin-

2031 2883 2241 2952 quitur,
2299 2894 2358 2938 ut
2389 2886 2560 2940 multa
2592 2888 2733 2942 bona
2758 2891 2832 2945 ob
2862 2892 3194 2948 declaratam
3235 2896 3290 2950 in
3324 2912 3410 2953 me
3442 2900 3616 2956 bene-

2030 2974 2330 3028 volentiam
2375 2976 2536 3031 vobis
2568 2992 2597 3031 a
2629 2978 2738 3033 Deo
2774 2991 3054 3051 precatus,
3083 2985 3204 3055 ipse
3242 2989 3378 3043 mihi
3408 2993 3473 3047 ad
3504 2994 3613 3047 uti-

2032 3065 2241 3121 litatem
2272 3082 2453 3122 meam
2487 3083 2720 3139 promus
2744 3073 2959 3130 coudus
2986 3075 3140 3132 ﬁam.
3184 3078 3280 3135 His
3302 3083 3506 3138 auditis
3532 3086 3611 3141 illi

2033 3156 2127 3211 diu
2165 3156 2312 3213 inter
2349 3174 2408 3215 se
2441 3163 2708 3231 aspicere,
2748 3172 2803 3219 et
2846 3165 3107 3223 admirari
3142 3170 3423 3241 ingenium
3448 3176 3611 3246 juve-

2034 3250 2145 3313 nis,
2172 3250 2312 3306 adeo
2341 3251 2408 3305 ad
2445 3252 2790 3308 honestatem
2826 3260 3148 3326 grassantis,
3192 3274 3253 3318 ut
3304 3264 3372 3319 de
3399 3266 3611 3335 pudore

2033 3351 2089 3393 et
2141 3334 2449 3398 reverentia
2481 3360 2621 3415 ,erga
2651 3360 2816 3400 avum
2852 3348 2989 3403 nihil
3022 3350 3382 3421 diminucret,
3404 3334 3615 3428 quam-

2031 3430 2114 3485 vis
2146 3431 2237 3487 ille
2283 3434 2460 3488 tristia
2497 3436 2669 3491 multa
2716 3441 3091 3498 remetiretur.
3127 3446 3260 3501 Dein
3305 3459 3608 3517 protostra-

2031 3532 2118 3579 tor
2159 3527 2240 3582 sic
2284 3528 2475 3597 incipit
2508 3547 2521 3583 :
2558 3529 2691 3594 Nos,
2732 3531 3060 3602 imperator,
3087 3537 3156 3592 de
3192 3540 3301 3597 tuis
3322 3552 3486 3611 atque
3512 3560 3612 3599 no-

2028 3619 2159 3673 stris
2181 3621 2483 3674 commodis
2511 3621 2754 3689 solliciti,
2780 3642 2903 3695 quae
2928 3642 2996 3682 co
3028 3628 3210 3686 facere
3244 3636 3601 3703 putabamus,

2027 3710 2443 3766 edisseruimus.
2470 3711 2625 3779 Quod
2661 3724 2847 3771 autem
2880 3718 2950 3774 de
2974 3735 3076 3774 avo
3100 3726 3507 3792 consuluimus.
3549 3732 3605 3787 in

2027 3817 2096 3857 eo
2143 3817 2254 3856 non
2304 3802 2410 3857 hoc
2457 3820 2627 3860 unum
2659 3810 3052 3876 spectavimus,
3079 3823 3140 3867 ut
3170 3816 3318 3871 malo
3342 3821 3608 3877 multare-

2026 3899 2137 3956 tur,
2183 3907 2375 3946 verum
2424 3902 2485 3947 ut
2529 3910 2600 3950 ne
2656 3898 2725 3952 ad
2773 3896 2975 3954 bellum
3017 3913 3270 3973 apertum
3296 3910 3606 3981 veniretur,

2026 3996 2231 4056 tuoque
2286 3989 2453 4058 capiti
2502 4007 2664 4046 casus
2708 3994 2908 4064 aliquis
2944 4000 3170 4067 gravior
3205 4000 3554 4072 impenderet
3588 4026 3604 4062 :

2024 4076 2077 4131 id
2118 4079 2269 4132 enim
2316 4088 2428 4145 est,
2485 4082 2630 4151 quod
2671 4085 2920 4139 omnium
2972 4088 3202 4144 minime
3244 4094 3501 4153 velimus.
3539 4097 3607 4151 Et

2020 4182 2147 4221 cum
2199 4171 2551 4227 securitatem
2602 4174 2985 4248 honoremque
3027 4181 3113 4235 avi
3171 4190 3278 4238 tua:
3307 4186 3467 4241 saluti
3522 4189 3606 4245 in-

2021 4258 2438 4333 columitatique
2486 4266 2763 4335 praeferas,
2803 4271 2951 4339 quod
3012 4272 3411 4342 intelleximus.
3455 4282 3608 4338 subit

2020 4366 2122 4406 nos
2168 4352 2334 4425 hujus
2385 4358 2855 4427 magnanimitatis
2900 4373 2955 4417 et
2989 4363 3222 4435 iustitia“:
3280 4370 3600 4437 admiratio,

339 4422 418 4492 οἷς
444 4430 513 4483 ἃν
545 4430 763 4500 ἐθέλῃς,
800 4431 896 4483 καὶ
953 4430 1130 4485 ταῦτα
1181 4433 1425 4503 νομίζειν
1466 4435 1563 4491 καὶ
1607 4436 1793 4493 δίκαια
1822 4435 1917 4489 καὶ

2028 4453 2078 4498 et
2122 4422 2257 4514 quze
2286 4446 2439 4501 voles
2480 4422 2898 4521 praestabimus,
2933 4422 3196 4527 ju'staque
3242 4470 3298 4515 et
3326 4463 3482 4518 utilia
3510 4422 3607 4521 tuo
3632 4517 3647 4527 ,

341 4523 718 4591 συμφέροντα,
755 4520 903 4592 ἅπερ
930 4521 999 4577 ἂν
1025 4524 1124 4579 καὶ
1157 4526 1239 4577 σοὶ
1266 4525 1518 4596 συνδοκῇ.
1553 4527 1617 4580 El
1655 4527 1711 4581 δέ
1741 4544 1794 4580 τι
1822 4528 1915 4580 καὶ

339 4611 609 4682 πρότερον
633 4612 996 4683 διηνέχθημεν
1023 4615 1153 4685 περὶ
1201 4616 1326 4677 τοὺς
1364 4615 1576 4684 λόγους,
1609 4619 1710 4671 οὐκ
1753 4618 1917 4688 ἀλλη-

338 4699 449 4765 λοις
479 4702 706 4756 ἐναντςα
766 4704 1169 4775 βουλευόμενοι,
1224 4706 1343 4760 ἀλλ’
1393 4708 1545 4770 ὅπως
1597 4708 1762 4781 μηδὲν
1809 4710 1915 4762 τῶν

336 4792 568 4847 δεόντων
626 4794 981 4871 ἀνεξέταστον
1018 4797 1281 4869 διαφύγῃ.
1311 4800 1617 4870 Τοιγαροῦν
1662 4801 1787 4856 ἐπεὶ
1818 4804 1916 4875 τῆς

338 4883 673 4955 ἁμφιδολίας
728 4891 1092 4962 παυσαμένης
1140 4897 1223 4958 είς
1278 4893 1339 4947 ἓν
1399 4895 1737 4968 συνήλθομεν
1796 4888 1916 4962 ταῖς

338 4976 613 5047 γνώμαις,
637 4979 792 5032 οὐδὲν
821 4980 949 5033 ἄλλο
985 4980 1232 5035 λείπεται
1257 4982 1290 5054 ἢ
1313 4985 1434 5047 τοὺς
1469 4983 1664 5055 λόγους
1693 4988 1916 5041 καταλι-

340 5065 568 5131 πόντας,
589 5071 789 5138 χωρεῖν
810 5071 904 5123 ἐπὶ
932 5071 994 5124 τὸ
1021 5072 1281 5141 πράττειν
1329 5075 1399 5128 τὰ
1452 5075 1769 5146 δεδογμένα.
1809 5080 1915 5131 Ka‘t

337 5156 645 5231 Συργιὰννη
698 5161 842 5213 κατὰ
891 5162 1118 5231 γνώμην
1148 5167 1301 5236 αὐτῷ
1354 5167 1607 5231 εἰπόντος
1638 5170 1912 5240 εἰρῆσθαι,

335 5248 430 5300 καὶ
460 5248 624 5303 τοῦτο
675 5250 1009 5321 προσθέντος
1031 5267 1047 5283 ·
1085 5252 1160 5315 ῶς
1191 5254 1304 5323 Τῆς
1328 5254 1409 5317 είς
1448 5255 1539 5308 τὸν
1566 5258 1791 5327 βασιλέα
1818 5258 1914 5313 καὶ

336 5341 564 5393 πάππον
588 5343 774 5407 αἰδοῦς
816 5344 910 5395 καὶ
946 5343 1293 5414 κηδεμονίας,
1339 5339 1385 5399 ὦ
1430 5347 1675 5418 βασιλεῦ,
1722 5348 1914 5403 πολλαί

339 5443 420 5482 σοι
448 5431 602 5500 παρὰ
642 5430 721 5504 τῷ
745 5434 969 5505 μεγάλῳ
1004 5438 1098 5489 καὶ
1121 5438 1361 5508 οῢρανίῳ
1408 5438 1618 5508 βασιλεῖ
1639 5441 1914 5497 κείσονται

337 5519 591 5589 χάριτεςυ
622 5526 717 5578 καὶ
756 5525 790 5595 ἢ
827 5526 1123 5596 μεταϐαλεί
1164 5530 1262 5593 τὰς
1294 5529 1518 5598 γνώμας
1548 5531 1657 5584 τῶν
1693 5532 1916 5586 ἐπιόου-

338 5609 620 5679 λευόντων,
672 5616 707 5687 ἢ
741 5618 949 5671 κακοῦν
985 5619 1354 5692 ὡρμημένων,
1384 5622 1548 5701 αὐτδς
1576 5624 1714 5694 ὑπὲρ
1758 5627 1913 5695 ἡμῶν

340 5703 669 5775 πολεμήσει·
706 5708 806 5761 τοῦ
860 5727 917 5763 τε
953 5710 1218 5781 βασιλέως
1249 5713 1347 5782 τῆς
1375 5715 1462 5777 είς
1497 5715 1660 5771 αὐτὸν
1698 5716 1913 5782 εὐνοίας

2014 4535 2227 4606 judicio
2271 4539 2593 4595 metiemur.
2643 4544 2802 4609 Quod
2850 4561 2981 4601 vero
3013 4544 3172 4604 a'ntea
3210 4554 3463 4611 oratione
3493 4559 3604 4613 dis-

2019 4629 2359 4698 crepuimus.
2387 4646 2498 4686 non
2535 4634 2590 4687 id
2624 4635 2811 4691 studio
2849 4637 3211 4696 dissentiendi
3247 4644 3451 4700 factum
3487 4660 3596 4714 eat,

2018 4719 2115 4773 sed
2161 4728 2223 4773 ut
2269 4736 2337 4775 ne
2364 4722 2493 4791 quid
2524 4738 2716 4779 eorum
2759 4742 2882 4796 quae
2907 4737 3125 4799 tempus
3152 4734 3477 4802 postularet,
3506 4754 3604 4792 nrs

2019 4809 2390 4868 indiscussum
2436 4818 2765 4884 praeteriret.
2803 4819 3217 4878 Proinde'cum
3253 4826 3402 4881 omni
3428 4828 3604 4883 ambi-

2017 4905 2225 4974 guitate
2268 4907 2485 4975 sublata
2535 4910 2828 4966 sententiis
2848 4927 3246 4984 congruamus,
3286 4917 3396 4973 hoc
3423 4920 3601 4975 solum

2018 5001 2210 5057 restat,
2256 5002 2317 5048 ut
2368 4996 2591 5051 omissis
2637 5001 3013 5068 sermonibus,
3059 5004 3126 5058 ad
3162 5004 3215 5058 id
3243 5007 3388 5074 quod
3418 5007 3601 5076 datur,

2018 5085 2424 5155 aggrediamur.
2473 5087 2772 5160 Postquam
2810 5091 3147 5165 Syrgiannes
3178 5096 3379 5152 deinde
3406 5113 3473 5155 ex
3504 5116 3605 5155 sua

2018 5176 2148 5231 item
2191 5186 2378 5233 mente
2416 5179 2664 5236 locutum
2693 5194 3152 5252 protostratorem
3192 5190 3597 5256 pronuntiavit,

2017 5274 2077 5341 et
2116 5266 2219 5321 hoc
2243 5267 2310 5320 ad
2335 5270 2872 5327 commendationem
2911 5276 3128 5342 nepotis
3149 5277 3370 5346 adjecit,
3393 5284 3463 5334 ob
3492 5281 3600 5351 35

2019 5356 2161 5410 hanc
2202 5358 2570 5414 reverentiam
2611 5370 2778 5433 atque
2825 5378 3014 5419 curam
3066 5367 3152 5421 avi
3206 5369 3378 5423 multa
3440 5370 3595 5426 illum

2017 5449 2161 5519 apud
2203 5464 2481 5523 maguum,
2513 5454 2907 5527 caelestemque
2944 5460 3333 5529 imperatorem
3374 5481 3600 5524 manere

2018 5540 2264 5608 praemia,
2305 5542 2398 5610 qui
2430 5552 2525 5597 aut
2560 5547 2963 5603 malevolorum
2993 5553 3225 5609 consilia
3259 5568 3595 5625 mutaturus,

2017 5640 2111 5683 aut
2151 5633 2219 5686 ad
2268 5634 2574 5687 nocendum
2636 5643 3128 5709 prorumpentibus
3172 5661 3271 5716 pro
3304 5648 3598 5707 defensore

2017 5722 2241 5779 obviam
2281 5726 2477 5796 iturus
2505 5737 2649 5782 esset
2688 5746 2699 5782 :
2748 5730 2859 5785 ubi
2878 5750 3049 5805 nepos
3079 5755 3303 5813 quoque
3328 5742 3397 5801 de
3419 5744 3610 5822 bene--
