  <div class='ocr_page' id='page_1' title='image "/cluster/home/n/w/nwhite01/storage/ocr_20150623/153/hvd.32044073502643/064.png"; bbox 0 0 4038 6212; ppageno 0'>
   <div class='ocr_carea' id='block_1_1' title="bbox 283 336 367 402">
    <p class='ocr_par' dir='ltr' id='par_1_1' title="bbox 283 336 367 402">
     <span class='ocr_line' id='line_1_1' title="bbox 283 336 367 402; baseline 0 0"><span class='ocrx_word' id='word_1_1' title='bbox 283 336 367 402; x_wconf 83' lang='lat' dir='ltr'><strong>ll&#39;l</strong></span> 
     </span>
    </p>
   </div>
   <div class='ocr_carea' id='block_1_2' title="bbox 1428 342 2342 409">
    <p class='ocr_par' dir='ltr' id='par_1_2' title="bbox 1428 342 2342 409">
     <span class='ocr_line' id='line_1_2' title="bbox 1428 342 2342 409; baseline 0.008 -7"><span class='ocrx_word' id='word_1_2' title='bbox 1428 342 1978 407; x_wconf 79' lang='lat' dir='ltr'><strong>HISTORIARUM</strong></span> <span class='ocrx_word' id='word_1_3' title='bbox 2018 344 2255 409; x_wconf 83' lang='lat' dir='ltr'><strong>LIBER</strong></span> <span class='ocrx_word' id='word_1_4' title='bbox 2293 347 2342 409; x_wconf 86' lang='grc' dir='ltr'><strong>Ῑ.</strong></span> 
     </span>
    </p>
   </div>
   <div class='ocr_carea' id='block_1_3' title="bbox 3416 346 3516 411">
    <p class='ocr_par' dir='ltr' id='par_1_3' title="bbox 3416 346 3516 411">
     <span class='ocr_line' id='line_1_3' title="bbox 3416 346 3516 411; baseline -0.02 0"><span class='ocrx_word' id='word_1_5' title='bbox 3416 346 3516 411; x_wconf 73' lang='lat'><strong>118</strong></span> 
     </span>
    </p>
   </div>
   <div class='ocr_carea' id='block_1_4' title="bbox 279 449 1863 533">
    <p class='ocr_par' dir='ltr' id='par_1_4' title="bbox 279 449 1863 533">
     <span class='ocr_line' id='line_1_4' title="bbox 279 449 1863 533; baseline 0.003 -30"><span class='ocrx_word' id='word_1_6' title='bbox 279 453 423 519; x_wconf 72' lang='grc' dir='ltr'><strong>ἔχων,</strong></span> <span class='ocrx_word' id='word_1_7' title='bbox 450 450 608 523; x_wconf 66' lang='grc' dir='ltr'><strong>ῆρετο</strong></span> <span class='ocrx_word' id='word_1_8' title='bbox 638 450 734 504; x_wconf 79' lang='grc' dir='ltr'><strong>τὸν</strong></span> <span class='ocrx_word' id='word_1_9' title='bbox 760 449 1108 533; x_wconf 78' lang='grc' dir='ltr'><strong>μηνύσαντα,</strong></span> <span class='ocrx_word' id='word_1_10' title='bbox 1148 456 1242 509; x_wconf 72' lang='grc' dir='ltr'><strong>καὶ</strong></span> <span class='ocrx_word' id='word_1_11' title='bbox 1280 454 1511 518; x_wconf 76' lang='grc' dir='ltr'><strong>ἀξίωσιν</strong></span> <span class='ocrx_word' id='word_1_12' title='bbox 1542 456 1828 528; x_wconf 76' lang='grc' dir='ltr'><strong>προσθεὶς,</strong></span> <span class='ocrx_word' id='word_1_13' title='bbox 1859 503 1863 519; x_wconf 74' lang='grc'>,</span> 
     </span>
    </p>
   </div>
   <div class='ocr_carea' id='block_1_5' title="bbox 1963 449 3517 533">
    <p class='ocr_par' dir='ltr' id='par_1_5' title="bbox 1963 452 3517 527">
     <span class='ocr_line' id='line_1_5' title="bbox 1963 452 3517 527; baseline 0.001 -20"><span class='ocrx_word' id='word_1_14' title='bbox 1963 462 2050 523; x_wconf 68' lang='lat' dir='ltr'><strong>iat,</strong></span> <span class='ocrx_word' id='word_1_15' title='bbox 2070 464 2127 515; x_wconf 84' lang='lat' dir='ltr'><strong>et</strong></span> <span class='ocrx_word' id='word_1_16' title='bbox 2151 455 2414 527; x_wconf 83' lang='lat' dir='ltr'><strong>precibus</strong></span> <span class='ocrx_word' id='word_1_17' title='bbox 2439 453 2635 511; x_wconf 87' lang='lat' dir='ltr'><strong>orabat</strong></span> <span class='ocrx_word' id='word_1_18' title='bbox 2657 452 2945 518; x_wconf 88' lang='lat' dir='ltr'><strong>nuntium,</strong></span> <span class='ocrx_word' id='word_1_19' title='bbox 2977 461 3038 509; x_wconf 92' lang='lat' dir='ltr'><strong>ut</strong></span> <span class='ocrx_word' id='word_1_20' title='bbox 3091 453 3137 509; x_wconf 86' lang='lat' dir='ltr'><strong>si</strong></span> <span class='ocrx_word' id='word_1_21' title='bbox 3167 453 3300 524; x_wconf 89' lang='lat' dir='ltr'><strong>quid</strong></span> <span class='ocrx_word' id='word_1_22' title='bbox 3333 463 3517 509; x_wconf 84' lang='lat' dir='ltr'><strong>nosset</strong></span> 
     </span>
    </p>
   </div>
   <div class='ocr_carea' id='block_1_6' title="bbox 280 541 1863 617">
    <p class='ocr_par' dir='ltr' id='par_1_6' title="bbox 280 541 1832 617">
     <span class='ocr_line' id='line_1_6' title="bbox 280 541 1832 617; baseline 0.004 -23"><span class='ocrx_word' id='word_1_23' title='bbox 280 544 327 594; x_wconf 77' lang='grc' dir='ltr'><strong>εἴ</strong></span> <span class='ocrx_word' id='word_1_24' title='bbox 347 557 395 601; x_wconf 76' lang='grc' dir='ltr'><strong>τι</strong></span> <span class='ocrx_word' id='word_1_25' title='bbox 428 541 662 594; x_wconf 80' lang='grc' dir='ltr'>σύνοιδεν</span> <span class='ocrx_word' id='word_1_26' title='bbox 695 543 1065 611; x_wconf 76' lang='grc' dir='ltr'><strong>ἀπαγγέλλειν</strong></span> <span class='ocrx_word' id='word_1_27' title='bbox 1087 561 1102 576; x_wconf 77' lang='grc' dir='ltr'><strong><em>ο</em></strong></span> <span class='ocrx_word' id='word_1_28' title='bbox 1140 548 1169 599; x_wconf 83' lang='grc' dir='ltr'>ὁ</span> <span class='ocrx_word' id='word_1_29' title='bbox 1192 545 1238 599; x_wconf 78' lang='grc' dir='ltr'><strong>δ’</strong></span> <span class='ocrx_word' id='word_1_30' title='bbox 1262 545 1413 615; x_wconf 78' lang='grc' dir='ltr'><strong>ἔλεγε</strong></span> <span class='ocrx_word' id='word_1_31' title='bbox 1457 545 1676 617; x_wconf 75' lang='grc' dir='ltr'><strong>βέϐαιον</strong></span> <span class='ocrx_word' id='word_1_32' title='bbox 1732 547 1832 617; x_wconf 67' lang='grc' dir='ltr'><strong>μὲν</strong></span> 
     </span>
    </p>
   </div>
   <div class='ocr_carea' id='block_1_7' title="bbox 1963 541 3596 617">
    <p class='ocr_par' dir='ltr' id='par_1_7' title="bbox 1963 544 3596 616">
     <span class='ocr_line' id='line_1_7' title="bbox 1963 544 3596 616; baseline -0.005 -13"><span class='ocrx_word' id='word_1_33' title='bbox 1963 563 2007 603; x_wconf 81' lang='lat' dir='ltr'><strong>ie</strong></span> <span class='ocrx_word' id='word_1_34' title='bbox 2043 548 2273 603; x_wconf 86' lang='lat' dir='ltr'><strong>celaret.</strong></span> <span class='ocrx_word' id='word_1_35' title='bbox 2305 546 2445 601; x_wconf 88' lang='lat' dir='ltr'><strong>Tum</strong></span> <span class='ocrx_word' id='word_1_36' title='bbox 2478 547 2592 611; x_wconf 90' lang='lat' dir='ltr'><strong>ille,</strong></span> <span class='ocrx_word' id='word_1_37' title='bbox 2625 545 2766 601; x_wconf 85' lang='lat' dir='ltr'><strong>nihil</strong></span> <span class='ocrx_word' id='word_1_38' title='bbox 2816 560 2877 600; x_wconf 85' lang='lat' dir='ltr'><strong>se</strong></span> <span class='ocrx_word' id='word_1_39' title='bbox 2925 544 3276 616; x_wconf 78' lang='lat' dir='ltr'><strong>exploratum</strong></span> <span class='ocrx_word' id='word_1_40' title='bbox 3309 545 3517 602; x_wconf 88' lang='lat' dir='ltr'><strong>habere</strong></span> <span class='ocrx_word' id='word_1_41' title='bbox 3589 588 3596 595; x_wconf 92' lang='lat'><strong>.</strong></span> 
     </span>
    </p>
   </div>
   <div class='ocr_carea' id='block_1_8' title="bbox 278 631 1836 705">
    <p class='ocr_par' dir='ltr' id='par_1_8' title="bbox 278 631 1836 705">
     <span class='ocr_line' id='line_1_8' title="bbox 278 631 1836 705; baseline 0.004 -21"><span class='ocrx_word' id='word_1_42' title='bbox 278 631 415 684; x_wconf 70' lang='grc' dir='ltr'><strong>οὐδὲν</strong></span> <span class='ocrx_word' id='word_1_43' title='bbox 437 632 610 684; x_wconf 74' lang='grc' dir='ltr'><strong>εἰπεῖν</strong></span> <span class='ocrx_word' id='word_1_44' title='bbox 641 631 813 703; x_wconf 76' lang='grc' dir='ltr'><strong>ἔχειν,</strong></span> <span class='ocrx_word' id='word_1_45' title='bbox 847 634 1213 703; x_wconf 77' lang='grc' dir='ltr'><strong>στοχάζεσθαι</strong></span> <span class='ocrx_word' id='word_1_46' title='bbox 1236 636 1317 700; x_wconf 82' lang='grc' dir='ltr'><strong>δὲ,</strong></span> <span class='ocrx_word' id='word_1_47' title='bbox 1344 637 1437 689; x_wconf 74' lang='grc' dir='ltr'><strong>τὸν</strong></span> <span class='ocrx_word' id='word_1_48' title='bbox 1466 637 1688 692; x_wconf 81' lang='grc' dir='ltr'><strong>πάππον</strong></span> <span class='ocrx_word' id='word_1_49' title='bbox 1708 637 1836 705; x_wconf 78' lang='grc' dir='ltr'><strong>βού-</strong></span> 
     </span>
    </p>
   </div>
   <div class='ocr_carea' id='block_1_9' title="bbox 282 720 1833 799">
    <p class='ocr_par' dir='ltr' id='par_1_9' title="bbox 282 720 1833 799">
     <span class='ocr_line' id='line_1_9' title="bbox 282 720 1833 799; baseline 0.005 -27"><span class='ocrx_word' id='word_1_50' title='bbox 282 720 451 776; x_wconf 76' lang='grc' dir='ltr'><strong>λεσθαι</strong></span> <span class='ocrx_word' id='word_1_51' title='bbox 477 725 566 777; x_wconf 73' lang='grc' dir='ltr'><strong>καὶ</strong></span> <span class='ocrx_word' id='word_1_52' title='bbox 599 721 833 791; x_wconf 79' lang='grc' dir='ltr'><strong>βασιλέα</strong></span> <span class='ocrx_word' id='word_1_53' title='bbox 862 725 957 778; x_wconf 78' lang='grc' dir='ltr'><strong>τοῦ</strong></span> <span class='ocrx_word' id='word_1_54' title='bbox 1014 727 1361 797; x_wconf 77' lang='grc' dir='ltr'><strong>πατριάρχου</strong></span> <span class='ocrx_word' id='word_1_55' title='bbox 1394 727 1490 780; x_wconf 72' lang='grc' dir='ltr'><strong>καλ⁸</strong></span> <span class='ocrx_word' id='word_1_56' title='bbox 1530 729 1833 799; x_wconf 75' lang='grc' dir='ltr'><strong>ἀρχιερέων</strong></span> 
     </span>
    </p>
   </div>
   <div class='ocr_carea' id='block_1_10' title="bbox 287 817 1835 888">
    <p class='ocr_par' dir='ltr' id='par_1_10' title="bbox 287 817 1835 888">
     <span class='ocr_line' id='line_1_10' title="bbox 287 817 1835 888; baseline 0.004 -22"><span class='ocrx_word' id='word_1_57' title='bbox 287 817 548 885; x_wconf 69' lang='grc' dir='ltr'><strong>παρόντων</strong></span> <span class='ocrx_word' id='word_1_58' title='bbox 593 817 787 885; x_wconf 76' lang='grc' dir='ltr'><strong>λόγους</strong></span> <span class='ocrx_word' id='word_1_59' title='bbox 829 818 982 882; x_wconf 78' lang='grc' dir='ltr'><strong>τινὰς</strong></span> <span class='ocrx_word' id='word_1_60' title='bbox 1012 819 1153 888; x_wconf 80' lang='grc' dir='ltr'><strong>πρὸς</strong></span> <span class='ocrx_word' id='word_1_61' title='bbox 1206 819 1266 872; x_wconf 78' lang='grc' dir='ltr'><strong>σὲ</strong></span> <span class='ocrx_word' id='word_1_62' title='bbox 1305 819 1535 873; x_wconf 77' lang='grc' dir='ltr'><strong>διελθεῖν</strong></span> <span class='ocrx_word' id='word_1_63' title='bbox 1558 836 1571 851; x_wconf 85' lang='grc'>⁶</span> <span class='ocrx_word' id='word_1_64' title='bbox 1601 821 1655 873; x_wconf 73' lang='grc' dir='ltr'><strong>οῖ</strong></span> <span class='ocrx_word' id='word_1_65' title='bbox 1685 838 1835 883; x_wconf 82' lang='grc' dir='ltr'><strong>τινες</strong></span> 
     </span>
    </p>
   </div>
   <div class='ocr_carea' id='block_1_11' title="bbox 287 908 1837 982">
    <p class='ocr_par' dir='ltr' id='par_1_11' title="bbox 287 908 1837 982">
     <span class='ocr_line' id='line_1_11' title="bbox 287 908 1837 982; baseline 0.006 -25"><span class='ocrx_word' id='word_1_66' title='bbox 287 908 336 958; x_wconf 79' lang='grc' dir='ltr'><strong>δὲ</strong></span> <span class='ocrx_word' id='word_1_67' title='bbox 355 909 398 957; x_wconf 89' lang='grc' dir='ltr'><strong>οἱ</strong></span> <span class='ocrx_word' id='word_1_68' title='bbox 426 908 568 974; x_wconf 68' lang='grc' dir='ltr'>λόγοι</span> <span class='ocrx_word' id='word_1_69' title='bbox 608 912 707 963; x_wconf 74' lang='grc' dir='ltr'><strong>καλ.</strong></span> <span class='ocrx_word' id='word_1_70' title='bbox 732 910 866 980; x_wconf 77' lang='grc' dir='ltr'><strong>πρὸς</strong></span> <span class='ocrx_word' id='word_1_71' title='bbox 900 910 952 961; x_wconf 88' lang='grc' dir='ltr'><strong>τί</strong></span> <span class='ocrx_word' id='word_1_72' title='bbox 979 911 1232 981; x_wconf 79' lang='grc' dir='ltr'><strong>φέρουσι,</strong></span> <span class='ocrx_word' id='word_1_73' title='bbox 1267 912 1455 981; x_wconf 81' lang='grc' dir='ltr'><strong>σαφῶς</strong></span> <span class='ocrx_word' id='word_1_74' title='bbox 1490 912 1692 965; x_wconf 78' lang='grc' dir='ltr'><strong>εἰδέναι</strong></span> <span class='ocrx_word' id='word_1_75' title='bbox 1734 929 1837 982; x_wconf 91' lang='grc' dir='ltr'><strong>μη-</strong></span> 
     </span>
    </p>
   </div>
   <div class='ocr_carea' id='block_1_12' title="bbox 288 994 1838 1074">
    <p class='ocr_par' dir='ltr' id='par_1_12' title="bbox 288 994 1838 1074">
     <span class='ocr_line' id='line_1_12' title="bbox 288 994 1838 1074; baseline 0.007 -26"><span class='ocrx_word' id='word_1_76' title='bbox 288 998 476 1066; x_wconf 70' lang='grc' dir='ltr'><strong>δαμῶς.</strong></span> <span class='ocrx_word' id='word_1_77' title='bbox 526 994 655 1053; x_wconf 82' lang='grc' dir='ltr'><strong>Εἶτα</strong></span> <span class='ocrx_word' id='word_1_78' title='bbox 692 1002 897 1071; x_wconf 73' lang='grc' dir='ltr'><strong>μικρὸν</strong></span> <span class='ocrx_word' id='word_1_79' title='bbox 944 1000 1228 1072; x_wconf 72' lang='grc' dir='ltr'><strong>ἐπισχών·</strong></span> <span class='ocrx_word' id='word_1_80' title='bbox 1258 1004 1477 1072; x_wconf 82' lang='grc' dir='ltr'><strong>Ὠσπερ</strong></span> <span class='ocrx_word' id='word_1_81' title='bbox 1533 1004 1633 1073; x_wconf 70' lang='grc' dir='ltr'><strong>μὲν</strong></span> <span class='ocrx_word' id='word_1_82' title='bbox 1678 1003 1838 1074; x_wconf 78' lang='grc' dir='ltr'><strong>ἔφην,</strong></span> 
     </span>
    </p>
   </div>
   <div class='ocr_carea' id='block_1_13' title="bbox 298 1088 1838 1165">
    <p class='ocr_par' dir='ltr' id='par_1_13' title="bbox 298 1088 1838 1165">
     <span class='ocr_line' id='line_1_13' title="bbox 298 1088 1838 1165; baseline 0.004 -24"><span class='ocrx_word' id='word_1_83' title='bbox 298 1090 513 1160; x_wconf 73' lang='grc' dir='ltr'><strong>ἀκριϐῶς</strong></span> <span class='ocrx_word' id='word_1_84' title='bbox 538 1093 633 1146; x_wconf 71' lang='grc' dir='ltr'><strong>οὐκ</strong></span> <span class='ocrx_word' id='word_1_85' title='bbox 657 1088 800 1159; x_wconf 78' lang='grc' dir='ltr'><strong>οἶδα,</strong></span> <span class='ocrx_word' id='word_1_86' title='bbox 830 1089 977 1155; x_wconf 80' lang='grc' dir='ltr'><strong>εἷπε,</strong></span> <span class='ocrx_word' id='word_1_87' title='bbox 1011 1096 1143 1165; x_wconf 80' lang='grc' dir='ltr'><strong>περὶ</strong></span> <span class='ocrx_word' id='word_1_88' title='bbox 1183 1088 1259 1150; x_wconf 78' lang='grc' dir='ltr'><strong>ὧν</strong></span> <span class='ocrx_word' id='word_1_89' title='bbox 1291 1096 1340 1149; x_wconf 88' lang='grc' dir='ltr'><strong>οί</strong></span> <span class='ocrx_word' id='word_1_90' title='bbox 1367 1094 1517 1164; x_wconf 79' lang='grc' dir='ltr'><strong>λόγοι</strong></span> <span class='ocrx_word' id='word_1_91' title='bbox 1545 1110 1557 1123; x_wconf 80' lang='grc'><strong>⁸</strong></span> <span class='ocrx_word' id='word_1_92' title='bbox 1591 1095 1838 1159; x_wconf 73' lang='grc' dir='ltr'><strong>εἰκάζειν</strong></span> 
     </span>
    </p>
   </div>
   <div class='ocr_carea' id='block_1_14' title="bbox 312 1181 1840 1256">
    <p class='ocr_par' dir='ltr' id='par_1_14' title="bbox 312 1181 1840 1256">
     <span class='ocr_line' id='line_1_14' title="bbox 312 1181 1840 1256; baseline 0.01 -24"><span class='ocrx_word' id='word_1_93' title='bbox 312 1181 467 1249; x_wconf 73' lang='grc' dir='ltr'><strong>μέντοι</strong></span> <span class='ocrx_word' id='word_1_94' title='bbox 516 1186 585 1253; x_wconf 78' lang='grc' dir='ltr'><strong>μὴ</strong></span> <span class='ocrx_word' id='word_1_95' title='bbox 618 1188 919 1256; x_wconf 80' lang='grc' dir='ltr'><strong>προσηνεῖς</strong></span> <span class='ocrx_word' id='word_1_96' title='bbox 976 1203 1125 1252; x_wconf 85' lang='grc' dir='ltr'><strong>τινας</strong></span> <span class='ocrx_word' id='word_1_97' title='bbox 1177 1186 1402 1240; x_wconf 74' lang='grc' dir='ltr'><strong>ἔσεσθαι</strong></span> <span class='ocrx_word' id='word_1_98' title='bbox 1444 1187 1541 1240; x_wconf 73' lang='grc' dir='ltr'><strong>καὶ</strong></span> <span class='ocrx_word' id='word_1_99' title='bbox 1574 1188 1840 1255; x_wconf 55' lang='grc' dir='ltr'><strong>ἡμέους.</strong></span> 
     </span>
    </p>
   </div>
   <div class='ocr_carea' id='block_1_15' title="bbox 311 1272 1845 1349">
    <p class='ocr_par' dir='ltr' id='par_1_15' title="bbox 311 1272 1845 1349">
     <span class='ocr_line' id='line_1_15' title="bbox 311 1272 1845 1349; baseline 0.006 -27"><span class='ocrx_word' id='word_1_100' title='bbox 311 1272 406 1323; x_wconf 70' lang='grc' dir='ltr'>ἀλλ’</span> <span class='ocrx_word' id='word_1_101' title='bbox 429 1272 495 1335; x_wconf 80' lang='grc' dir='ltr'><strong>ὡς</strong></span> <span class='ocrx_word' id='word_1_102' title='bbox 530 1277 620 1328; x_wconf 68' lang='lat' dir='ltr'><strong>tiri.</strong></span> <span class='ocrx_word' id='word_1_103' title='bbox 647 1275 776 1347; x_wconf 76' lang='grc' dir='ltr'><strong>δὲκῃ</strong></span> <span class='ocrx_word' id='word_1_104' title='bbox 807 1276 1097 1331; x_wconf 84' lang='grc' dir='ltr'><strong>καλεῖσθαι</strong></span> <span class='ocrx_word' id='word_1_105' title='bbox 1121 1292 1135 1306; x_wconf 86' lang='grc'><strong>·</strong></span> <span class='ocrx_word' id='word_1_106' title='bbox 1170 1277 1343 1330; x_wconf 75' lang='grc' dir='ltr'><strong>ἐδεῖτό</strong></span> <span class='ocrx_word' id='word_1_107' title='bbox 1370 1295 1428 1331; x_wconf 85' lang='grc' dir='ltr'><strong>τε</strong></span> <span class='ocrx_word' id='word_1_108' title='bbox 1481 1276 1687 1349; x_wconf 69' lang='grc' dir='ltr'><strong>μικρὸν</strong></span> <span class='ocrx_word' id='word_1_109' title='bbox 1712 1280 1845 1331; x_wconf 82' lang='grc' dir='ltr'><strong>ἁνα-</strong></span> 
     </span>
    </p>
   </div>
   <div class='ocr_carea' id='block_1_16' title="bbox 325 1366 1843 1439">
    <p class='ocr_par' dir='ltr' id='par_1_16' title="bbox 325 1366 1843 1439">
     <span class='ocr_line' id='line_1_16' title="bbox 325 1366 1843 1439; baseline 0.005 -23"><span class='ocrx_word' id='word_1_110' title='bbox 325 1366 553 1434; x_wconf 75' lang='grc' dir='ltr'><strong>μείναντα,</strong></span> <span class='ocrx_word' id='word_1_111' title='bbox 576 1371 668 1422; x_wconf 82' lang='grc' dir='ltr'><strong>καὶ</strong></span> <span class='ocrx_word' id='word_1_112' title='bbox 695 1369 898 1439; x_wconf 79' lang='grc' dir='ltr'><strong>μέλετῃ</strong></span> <span class='ocrx_word' id='word_1_113' title='bbox 953 1370 1127 1439; x_wconf 77' lang='grc' dir='ltr'><strong>μικρᾷ</strong></span> <span class='ocrx_word' id='word_1_114' title='bbox 1174 1369 1722 1439; x_wconf 77' lang='grc' dir='ltr'><strong>προσασχοληθέντα,</strong></span> <span class='ocrx_word' id='word_1_115' title='bbox 1764 1372 1843 1434; x_wconf 84' lang='grc' dir='ltr'><strong>ὡς</strong></span> 
     </span>
    </p>
   </div>
   <div class='ocr_carea' id='block_1_17' title="bbox 332 1462 1844 1536">
    <p class='ocr_par' dir='ltr' id='par_1_17' title="bbox 332 1462 1844 1536">
     <span class='ocr_line' id='line_1_17' title="bbox 332 1462 1844 1536; baseline 0.005 -23"><span class='ocrx_word' id='word_1_116' title='bbox 332 1462 514 1524; x_wconf 55' lang='lat' dir='ltr'><strong>villain;</strong></span> <span class='ocrx_word' id='word_1_117' title='bbox 542 1463 822 1530; x_wconf 65' lang='grc' dir='ltr'><strong>ὑφέξοντα,</strong></span> <span class='ocrx_word' id='word_1_118' title='bbox 878 1465 1017 1534; x_wconf 71' lang='grc' dir='ltr'><strong>πρὸς</strong></span> <span class='ocrx_word' id='word_1_119' title='bbox 1059 1464 1359 1533; x_wconf 78' lang='grc' dir='ltr'><strong>ἀπολογίαν</strong></span> <span class='ocrx_word' id='word_1_120' title='bbox 1410 1465 1632 1535; x_wconf 70' lang='grc' dir='ltr'><strong>ἕτοιμον</strong></span> <span class='ocrx_word' id='word_1_121' title='bbox 1664 1466 1844 1536; x_wconf 78' lang='grc' dir='ltr'><strong>ἣκειν.</strong></span> 
     </span>
    </p>
   </div>
   <div class='ocr_carea' id='block_1_18' title="bbox 348 1551 1844 1626">
    <p class='ocr_par' dir='ltr' id='par_1_18' title="bbox 348 1551 1844 1626">
     <span class='ocr_line' id='line_1_18' title="bbox 348 1551 1844 1626; baseline 0.001 -20"><span class='ocrx_word' id='word_1_122' title='bbox 348 1551 397 1606; x_wconf 85' lang='grc'><strong>’0</strong></span> <span class='ocrx_word' id='word_1_123' title='bbox 425 1553 629 1624; x_wconf 75' lang='grc' dir='ltr'><strong>βασιλεὺς</strong></span> <span class='ocrx_word' id='word_1_124' title='bbox 676 1554 735 1609; x_wconf 75' lang='grc' dir='ltr'><strong>δὲ</strong></span> <span class='ocrx_word' id='word_1_125' title='bbox 764 1555 924 1625; x_wconf 80' lang='grc' dir='ltr'><strong>χάριν</strong></span> <span class='ocrx_word' id='word_1_126' title='bbox 959 1556 1107 1625; x_wconf 77' lang='grc' dir='ltr'><strong>αὐτῷ</strong></span> <span class='ocrx_word' id='word_1_127' title='bbox 1129 1557 1229 1626; x_wconf 86' lang='grc' dir='ltr'><strong>τῆς</strong></span> <span class='ocrx_word' id='word_1_128' title='bbox 1266 1557 1674 1625; x_wconf 78' lang='grc' dir='ltr'><strong>καλοκαγαθίας</strong></span> <span class='ocrx_word' id='word_1_129' title='bbox 1712 1558 1844 1626; x_wconf 79' lang='grc' dir='ltr'><strong>ὁμο-</strong></span> 
     </span>
    </p>
   </div>
   <div class='ocr_carea' id='block_1_19' title="bbox 350 1641 1845 1717">
    <p class='ocr_par' dir='ltr' id='par_1_19' title="bbox 350 1641 1845 1717">
     <span class='ocr_line' id='line_1_19' title="bbox 350 1641 1845 1717; baseline 0.004 -23"><span class='ocrx_word' id='word_1_130' title='bbox 350 1641 550 1711; x_wconf 71' lang='grc' dir='ltr'><strong>λογὴσιις,</strong></span> <span class='ocrx_word' id='word_1_131' title='bbox 602 1644 689 1696; x_wconf 74' lang='grc' dir='ltr'><strong>καὶ</strong></span> <span class='ocrx_word' id='word_1_132' title='bbox 746 1644 972 1711; x_wconf 76' lang='grc' dir='ltr'><strong>ἀγαθῶν</strong></span> <span class='ocrx_word' id='word_1_133' title='bbox 1029 1647 1267 1717; x_wconf 71' lang='grc' dir='ltr'><strong>ἀμοιϐὴν</strong></span> <span class='ocrx_word' id='word_1_134' title='bbox 1323 1646 1845 1716; x_wconf 80' lang='grc' dir='ltr'><strong>προσεπευξάμενος</strong></span> 
     </span>
    </p>
   </div>
   <div class='ocr_carea' id='block_1_20' title="bbox 1940 639 3518 710">
    <p class='ocr_par' dir='ltr' id='par_1_20' title="bbox 1940 639 3518 710">
     <span class='ocr_line' id='line_1_20' title="bbox 1940 639 3518 710; baseline 0.001 -16"><span class='ocrx_word' id='word_1_135' title='bbox 1940 639 2088 710; x_wconf 88' lang='lat' dir='ltr'><strong>quod</strong></span> <span class='ocrx_word' id='word_1_136' title='bbox 2128 639 2467 704; x_wconf 79' lang='lat' dir='ltr'><strong>allirmaret;</strong></span> <span class='ocrx_word' id='word_1_137' title='bbox 2514 639 2570 693; x_wconf 89' lang='lat' dir='ltr'><strong>in</strong></span> <span class='ocrx_word' id='word_1_138' title='bbox 2623 639 2995 709; x_wconf 87' lang='lat' dir='ltr'><strong>suspicionum</strong></span> <span class='ocrx_word' id='word_1_139' title='bbox 3046 648 3234 694; x_wconf 88' lang='lat' dir='ltr'><strong>autem</strong></span> <span class='ocrx_word' id='word_1_140' title='bbox 3295 640 3518 707; x_wconf 77' lang='lat' dir='ltr'><strong>delabi,</strong></span> 
     </span>
    </p>
   </div>
   <div class='ocr_carea' id='block_1_21' title="bbox 1939 732 3512 803">
    <p class='ocr_par' dir='ltr' id='par_1_21' title="bbox 1939 732 3512 803">
     <span class='ocr_line' id='line_1_21' title="bbox 1939 732 3512 803; baseline 0.003 -18"><span class='ocrx_word' id='word_1_141' title='bbox 1939 746 2103 786; x_wconf 85' lang='lat' dir='ltr'><strong>avum</strong></span> <span class='ocrx_word' id='word_1_142' title='bbox 2153 732 2461 801; x_wconf 74' lang='lat' dir='ltr'><strong>patriarcha</strong></span> <span class='ocrx_word' id='word_1_143' title='bbox 2514 739 2571 787; x_wconf 89' lang='lat' dir='ltr'><strong>et</strong></span> <span class='ocrx_word' id='word_1_144' title='bbox 2619 732 2894 802; x_wconf 76' lang='lat' dir='ltr'><strong>episcopis</strong></span> <span class='ocrx_word' id='word_1_145' title='bbox 2943 734 3310 803; x_wconf 65' lang='lat' dir='ltr'><strong>praesentibus</strong></span> <span class='ocrx_word' id='word_1_146' title='bbox 3381 749 3512 789; x_wconf 89' lang='lat' dir='ltr'><strong>eum</strong></span> 
     </span>
    </p>
   </div>
   <div class='ocr_carea' id='block_1_22' title="bbox 1940 823 3521 896">
    <p class='ocr_par' dir='ltr' id='par_1_22' title="bbox 1940 823 3521 896">
     <span class='ocr_line' id='line_1_22' title="bbox 1940 823 3521 896; baseline 0.002 -17"><span class='ocrx_word' id='word_1_147' title='bbox 1940 823 2300 879; x_wconf 70' lang='lat' dir='ltr'><strong>constituisse</strong></span> <span class='ocrx_word' id='word_1_148' title='bbox 2333 825 2564 895; x_wconf 83' lang='lat' dir='ltr'><strong>alloqui.</strong></span> <span class='ocrx_word' id='word_1_149' title='bbox 2592 826 2794 880; x_wconf 73' lang='lat' dir='ltr'><strong>Verum</strong></span> <span class='ocrx_word' id='word_1_150' title='bbox 2845 824 3132 891; x_wconf 88' lang='lat' dir='ltr'><strong>quidnam,</strong></span> <span class='ocrx_word' id='word_1_151' title='bbox 3178 833 3235 881; x_wconf 88' lang='lat' dir='ltr'><strong>et</strong></span> <span class='ocrx_word' id='word_1_152' title='bbox 3272 841 3383 896; x_wconf 91' lang='lat' dir='ltr'><strong>quo</strong></span> <span class='ocrx_word' id='word_1_153' title='bbox 3414 825 3521 883; x_wconf 85' lang='lat' dir='ltr'><strong>line</strong></span> 
     </span>
    </p>
   </div>
   <div class='ocr_carea' id='block_1_23' title="bbox 1941 914 3524 986">
    <p class='ocr_par' dir='ltr' id='par_1_23' title="bbox 1941 914 3524 986">
     <span class='ocr_line' id='line_1_23' title="bbox 1941 914 3524 986; baseline 0.003 -18"><span class='ocrx_word' id='word_1_154' title='bbox 1941 914 2195 969; x_wconf 84' lang='lat' dir='ltr'><strong>dicturus</strong></span> <span class='ocrx_word' id='word_1_155' title='bbox 2229 915 2322 981; x_wconf 82' lang='lat' dir='ltr'><strong>sit,</strong></span> <span class='ocrx_word' id='word_1_156' title='bbox 2355 915 2461 970; x_wconf 89' lang='lat' dir='ltr'><strong>sibi</strong></span> <span class='ocrx_word' id='word_1_157' title='bbox 2505 917 2828 986; x_wconf 84' lang='lat' dir='ltr'><strong>neutiquam</strong></span> <span class='ocrx_word' id='word_1_158' title='bbox 2876 916 3089 986; x_wconf 86' lang='lat' dir='ltr'><strong>liquido</strong></span> <span class='ocrx_word' id='word_1_159' title='bbox 3128 925 3420 982; x_wconf 88' lang='lat' dir='ltr'><strong>constare;</strong></span> <span class='ocrx_word' id='word_1_160' title='bbox 3466 924 3524 972; x_wconf 88' lang='lat' dir='ltr'><strong>et</strong></span> 
     </span>
    </p>
   </div>
   <div class='ocr_carea' id='block_1_24' title="bbox 1942 1003 3525 1076">
    <p class='ocr_par' dir='ltr' id='par_1_24' title="bbox 1942 1003 3525 1076">
     <span class='ocr_line' id='line_1_24' title="bbox 1942 1003 3525 1076; baseline 0.001 -17"><span class='ocrx_word' id='word_1_161' title='bbox 1942 1018 2241 1075; x_wconf 84' lang='lat' dir='ltr'><strong>parumper</strong></span> <span class='ocrx_word' id='word_1_162' title='bbox 2269 1005 2669 1072; x_wconf 81' lang='lat' dir='ltr'><strong>conticescens,</strong></span> <span class='ocrx_word' id='word_1_163' title='bbox 2696 1003 2853 1060; x_wconf 90' lang='lat' dir='ltr'><strong>Sicut</strong></span> <span class='ocrx_word' id='word_1_164' title='bbox 2888 1006 3132 1069; x_wconf 78' lang='lat' dir='ltr'><strong>narravi,</strong></span> <span class='ocrx_word' id='word_1_165' title='bbox 3157 1006 3360 1076; x_wconf 87' lang='lat' dir='ltr'><strong>inquit,</strong></span> <span class='ocrx_word' id='word_1_166' title='bbox 3386 1004 3525 1061; x_wconf 86' lang='lat' dir='ltr'><strong>satis</strong></span> 
     </span>
    </p>
   </div>
   <div class='ocr_carea' id='block_1_25' title="bbox 1949 1096 3524 1166">
    <p class='ocr_par' dir='ltr' id='par_1_25' title="bbox 1949 1096 3524 1166">
     <span class='ocr_line' id='line_1_25' title="bbox 1949 1096 3524 1166; baseline 0.001 -16"><span class='ocrx_word' id='word_1_167' title='bbox 1949 1106 2304 1166; x_wconf 84' lang='lat' dir='ltr'><strong>perspectum</strong></span> <span class='ocrx_word' id='word_1_168' title='bbox 2346 1111 2456 1151; x_wconf 92' lang='lat' dir='ltr'><strong>non</strong></span> <span class='ocrx_word' id='word_1_169' title='bbox 2495 1096 2697 1161; x_wconf 84' lang='lat' dir='ltr'><strong>habeo,</strong></span> <span class='ocrx_word' id='word_1_170' title='bbox 2741 1096 2875 1166; x_wconf 88' lang='lat' dir='ltr'><strong>quid</strong></span> <span class='ocrx_word' id='word_1_171' title='bbox 2913 1096 3208 1152; x_wconf 88' lang='lat' dir='ltr'><strong>verborum</strong></span> <span class='ocrx_word' id='word_1_172' title='bbox 3240 1098 3313 1154; x_wconf 79' lang='lat' dir='ltr'><strong>sit</strong></span> <span class='ocrx_word' id='word_1_173' title='bbox 3340 1096 3524 1152; x_wconf 80' lang='lat' dir='ltr'><strong>factu—</strong></span> 
     </span>
    </p>
   </div>
   <div class='ocr_carea' id='block_1_26' title="bbox 1946 1190 3524 1259">
    <p class='ocr_par' dir='ltr' id='par_1_26' title="bbox 1946 1190 3524 1259">
     <span class='ocr_line' id='line_1_26' title="bbox 1946 1190 3524 1259; baseline 0.002 -17"><span class='ocrx_word' id='word_1_174' title='bbox 1946 1203 2069 1254; x_wconf 90' lang='lat' dir='ltr'><strong>rus;</strong></span> <span class='ocrx_word' id='word_1_175' title='bbox 2122 1204 2364 1259; x_wconf 85' lang='lat' dir='ltr'><strong>auguror</strong></span> <span class='ocrx_word' id='word_1_176' title='bbox 2413 1201 2619 1256; x_wconf 86' lang='lat' dir='ltr'><strong>tamen,</strong></span> <span class='ocrx_word' id='word_1_177' title='bbox 2663 1190 2829 1244; x_wconf 85' lang='lat' dir='ltr'><strong>molle</strong></span> <span class='ocrx_word' id='word_1_178' title='bbox 2883 1204 2949 1244; x_wconf 83' lang='lat' dir='ltr'><strong>ac</strong></span> <span class='ocrx_word' id='word_1_179' title='bbox 2998 1203 3347 1245; x_wconf 84' lang='lat' dir='ltr'><strong>mansuetum</strong></span> <span class='ocrx_word' id='word_1_180' title='bbox 3379 1190 3524 1245; x_wconf 86' lang='lat' dir='ltr'><strong>nihil</strong></span> 
     </span>
    </p>
   </div>
   <div class='ocr_carea' id='block_1_27' title="bbox 1914 1280 3527 1351">
    <p class='ocr_par' dir='ltr' id='par_1_27' title="bbox 1914 1280 3527 1351">
     <span class='ocr_line' id='line_1_27' title="bbox 1914 1280 3527 1351; baseline 0.002 -18"><span class='ocrx_word' id='word_1_181' title='bbox 1914 1332 1918 1346; x_wconf 70' lang='grc'><strong>,</strong></span> <span class='ocrx_word' id='word_1_182' title='bbox 1944 1280 2291 1343; x_wconf 75' lang='lat' dir='ltr'><strong>lcruturum,</strong></span> <span class='ocrx_word' id='word_1_183' title='bbox 2323 1282 2418 1337; x_wconf 91' lang='lat' dir='ltr'><strong>sed</strong></span> <span class='ocrx_word' id='word_1_184' title='bbox 2451 1292 2503 1338; x_wconf 90' lang='lat' dir='ltr'><strong>te</strong></span> <span class='ocrx_word' id='word_1_185' title='bbox 2536 1283 2685 1337; x_wconf 83' lang='lat' dir='ltr'><strong>velut</strong></span> <span class='ocrx_word' id='word_1_186' title='bbox 2714 1282 2767 1336; x_wconf 94' lang='lat' dir='ltr'><strong>in</strong></span> <span class='ocrx_word' id='word_1_187' title='bbox 2793 1282 3066 1351; x_wconf 84' lang='lat' dir='ltr'><strong>judicium</strong></span> <span class='ocrx_word' id='word_1_188' title='bbox 3091 1283 3318 1337; x_wconf 83' lang='lat' dir='ltr'><strong>arcessi.</strong></span> <span class='ocrx_word' id='word_1_189' title='bbox 3345 1280 3527 1348; x_wconf 81' lang='lat' dir='ltr'><strong>Quare</strong></span> 
     </span>
    </p>
   </div>
   <div class='ocr_carea' id='block_1_28' title="bbox 1946 1371 3525 1442">
    <p class='ocr_par' dir='ltr' id='par_1_28' title="bbox 1946 1371 3525 1442">
     <span class='ocr_line' id='line_1_28' title="bbox 1946 1371 3525 1442; baseline 0.001 -17"><span class='ocrx_word' id='word_1_190' title='bbox 1946 1371 2271 1441; x_wconf 82' lang='lat' dir='ltr'><strong>aliquandiu</strong></span> <span class='ocrx_word' id='word_1_191' title='bbox 2329 1373 2726 1442; x_wconf 65' lang='lat' dir='ltr'><strong>prtemediteris</strong></span> <span class='ocrx_word' id='word_1_192' title='bbox 2785 1372 2935 1437; x_wconf 89' lang='lat' dir='ltr'><strong>licet,</strong></span> <span class='ocrx_word' id='word_1_193' title='bbox 2987 1381 3049 1427; x_wconf 90' lang='lat' dir='ltr'><strong>ut</strong></span> <span class='ocrx_word' id='word_1_194' title='bbox 3107 1373 3374 1427; x_wconf 85' lang='lat' dir='ltr'><strong>rationem</strong></span> <span class='ocrx_word' id='word_1_195' title='bbox 3433 1387 3525 1426; x_wconf 59' lang='lat' dir='ltr'><strong>rec</strong></span> 
     </span>
    </p>
   </div>
   <div class='ocr_carea' id='block_1_29' title="bbox 1948 1463 3533 1533">
    <p class='ocr_par' dir='ltr' id='par_1_29' title="bbox 1948 1463 3533 1533">
     <span class='ocr_line' id='line_1_29' title="bbox 1948 1463 3533 1533; baseline 0 -18"><span class='ocrx_word' id='word_1_196' title='bbox 1948 1463 2278 1531; x_wconf 87' lang='lat' dir='ltr'><strong>poscendus,</strong></span> <span class='ocrx_word' id='word_1_197' title='bbox 2323 1472 2547 1532; x_wconf 88' lang='lat' dir='ltr'><strong>paratus</strong></span> <span class='ocrx_word' id='word_1_198' title='bbox 2575 1463 2643 1517; x_wconf 91' lang='lat' dir='ltr'><strong>ad</strong></span> <span class='ocrx_word' id='word_1_199' title='bbox 2678 1463 3130 1533; x_wconf 88' lang='lat' dir='ltr'><strong>respondendum</strong></span> <span class='ocrx_word' id='word_1_200' title='bbox 3167 1463 3380 1518; x_wconf 86' lang='lat' dir='ltr'><strong>venias.</strong></span> <span class='ocrx_word' id='word_1_201' title='bbox 3426 1463 3533 1517; x_wconf 81' lang='lat' dir='ltr'><strong>Ne-</strong></span> 
     </span>
    </p>
   </div>
   <div class='ocr_carea' id='block_1_30' title="bbox 1951 1554 3533 1627">
    <p class='ocr_par' dir='ltr' id='par_1_30' title="bbox 1951 1554 3533 1627">
     <span class='ocr_line' id='line_1_30' title="bbox 1951 1554 3533 1627; baseline 0.001 -19"><span class='ocrx_word' id='word_1_202' title='bbox 1951 1568 2052 1623; x_wconf 92' lang='lat' dir='ltr'><strong>pos</strong></span> <span class='ocrx_word' id='word_1_203' title='bbox 2086 1564 2146 1610; x_wconf 91' lang='lat' dir='ltr'><strong>ut</strong></span> <span class='ocrx_word' id='word_1_204' title='bbox 2178 1554 2328 1610; x_wconf 89' lang='lat' dir='ltr'><strong>bono</strong></span> <span class='ocrx_word' id='word_1_205' title='bbox 2357 1556 2475 1609; x_wconf 87' lang='lat' dir='ltr'><strong>viro</strong></span> <span class='ocrx_word' id='word_1_206' title='bbox 2502 1556 2708 1627; x_wconf 75' lang='lat' dir='ltr'><strong>gratias</strong></span> <span class='ocrx_word' id='word_1_207' title='bbox 2738 1571 2929 1627; x_wconf 87' lang='lat' dir='ltr'><strong>agens,</strong></span> <span class='ocrx_word' id='word_1_208' title='bbox 2961 1566 3018 1611; x_wconf 89' lang='lat' dir='ltr'><strong>et</strong></span> <span class='ocrx_word' id='word_1_209' title='bbox 3050 1556 3332 1626; x_wconf 66' lang='lat' dir='ltr'><strong>praemium</strong></span> <span class='ocrx_word' id='word_1_210' title='bbox 3367 1571 3395 1609; x_wconf 93' lang='lat' dir='ltr'><strong>a</strong></span> <span class='ocrx_word' id='word_1_211' title='bbox 3419 1556 3463 1610; x_wconf 82' lang='grc' dir='ltr'><strong>Ι)</strong></span> <span class='ocrx_word' id='word_1_212' title='bbox 3499 1572 3533 1610; x_wconf 93' lang='lat' dir='ltr'><strong>o</strong></span> 
     </span>
    </p>
   </div>
   <div class='ocr_carea' id='block_1_31' title="bbox 1951 1648 3535 1720">
    <p class='ocr_par' dir='ltr' id='par_1_31' title="bbox 1951 1648 3535 1720">
     <span class='ocr_line' id='line_1_31' title="bbox 1951 1648 3535 1720; baseline -0.001 -18"><span class='ocrx_word' id='word_1_213' title='bbox 1951 1662 2336 1718; x_wconf 81' lang='lat' dir='ltr'><strong>comprecans.</strong></span> <span class='ocrx_word' id='word_1_214' title='bbox 2381 1656 2548 1719; x_wconf 87' lang='lat' dir='ltr'><strong>atque</strong></span> <span class='ocrx_word' id='word_1_215' title='bbox 2580 1650 2683 1704; x_wconf 81' lang='lat' dir='ltr'><strong>hoc</strong></span> <span class='ocrx_word' id='word_1_216' title='bbox 2712 1649 2946 1720; x_wconf 83' lang='lat' dir='ltr'><strong>insuper</strong></span> <span class='ocrx_word' id='word_1_217' title='bbox 2974 1649 3207 1715; x_wconf 83' lang='lat' dir='ltr'><strong>addens,</strong></span> <span class='ocrx_word' id='word_1_218' title='bbox 3246 1648 3352 1706; x_wconf 85' lang='lat' dir='ltr'><strong>sibi</strong></span> <span class='ocrx_word' id='word_1_219' title='bbox 3379 1660 3535 1718; x_wconf 84' lang='lat' dir='ltr'><strong>opta-</strong></span> 
     </span>
    </p>
   </div>
   <div class='ocr_carea' id='block_1_32' title="bbox 363 1729 1863 1809">
    <p class='ocr_par' dir='ltr' id='par_1_32' title="bbox 363 1729 1847 1807">
     <span class='ocr_line' id='line_1_32' title="bbox 363 1729 1847 1807; baseline 0.004 -23"><span class='ocrx_word' id='word_1_220' title='bbox 363 1733 476 1801; x_wconf 70' lang='grc' dir='ltr'><strong>παρᾶι</strong></span> <span class='ocrx_word' id='word_1_221' title='bbox 496 1729 755 1800; x_wconf 72' lang='grc' dir='ltr'><strong>Θεοῦ,εἷτα</strong></span> <span class='ocrx_word' id='word_1_222' title='bbox 790 1735 1065 1789; x_wconf 75' lang='grc' dir='ltr'><strong>καὶτοῦτο</strong></span> <span class='ocrx_word' id='word_1_223' title='bbox 1091 1734 1288 1803; x_wconf 63' lang='grc' dir='ltr'><strong>εἰπὼν,</strong></span> <span class='ocrx_word' id='word_1_224' title='bbox 1323 1737 1401 1799; x_wconf 81' lang='grc' dir='ltr'><strong>ὼς</strong></span> <span class='ocrx_word' id='word_1_225' title='bbox 1444 1737 1585 1790; x_wconf 68' lang='grc' dir='ltr'><strong>κατὰ</strong></span> <span class='ocrx_word' id='word_1_226' title='bbox 1617 1736 1847 1807; x_wconf 78' lang='grc' dir='ltr'><strong>γνώμην</strong></span> 
     </span>
    </p>
   </div>
   <div class='ocr_carea' id='block_1_33' title="bbox 1963 1729 3538 1809">
    <p class='ocr_par' dir='ltr' id='par_1_33' title="bbox 1963 1738 3538 1809">
     <span class='ocr_line' id='line_1_33' title="bbox 1963 1738 3538 1809; baseline -0.001 -18"><span class='ocrx_word' id='word_1_227' title='bbox 1963 1747 2067 1792; x_wconf 74' lang='lat' dir='ltr'><strong>tum</strong></span> <span class='ocrx_word' id='word_1_228' title='bbox 2103 1738 2241 1806; x_wconf 83' lang='lat' dir='ltr'><strong>fore,</strong></span> <span class='ocrx_word' id='word_1_229' title='bbox 2280 1753 2465 1795; x_wconf 87' lang='lat' dir='ltr'><strong>coram</strong></span> <span class='ocrx_word' id='word_1_230' title='bbox 2503 1738 2924 1809; x_wconf 88' lang='lat' dir='ltr'><strong>multisjudicio</strong></span> <span class='ocrx_word' id='word_1_231' title='bbox 2962 1738 3391 1794; x_wconf 87' lang='lat' dir='ltr'><strong>contendentem</strong></span> <span class='ocrx_word' id='word_1_232' title='bbox 3427 1738 3538 1792; x_wconf 84' lang='lat' dir='ltr'><strong>cri-</strong></span> 
     </span>
    </p>
   </div>
   <div class='ocr_carea' id='block_1_34' title="bbox 354 1820 1863 1898">
    <p class='ocr_par' dir='ltr' id='par_1_34' title="bbox 354 1821 1848 1896">
     <span class='ocr_line' id='line_1_34' title="bbox 354 1821 1848 1896; baseline 0.005 -26"><span class='ocrx_word' id='word_1_233' title='bbox 354 1821 481 1891; x_wconf 56' lang='grc' dir='ltr'><strong>ιῠιῴ</strong></span> <span class='ocrx_word' id='word_1_234' title='bbox 504 1824 655 1888; x_wconf 78' lang='grc' dir='ltr'><strong>γένοιτ’</strong></span> <span class='ocrx_word' id='word_1_235' title='bbox 687 1824 752 1877; x_wconf 81' lang='grc' dir='ltr'><strong>ἂν</strong></span> <span class='ocrx_word' id='word_1_236' title='bbox 782 1822 847 1876; x_wconf 83' lang='grc' dir='ltr'><strong>τὸ</strong></span> <span class='ocrx_word' id='word_1_237' title='bbox 893 1824 1111 1876; x_wconf 63' lang='grc' dir='ltr'>πολλῶν</span> <span class='ocrx_word' id='word_1_238' title='bbox 1171 1825 1457 1896; x_wconf 84' lang='grc' dir='ltr'><strong>παρόντων</strong></span> <span class='ocrx_word' id='word_1_239' title='bbox 1489 1822 1848 1893; x_wconf 76' lang='grc' dir='ltr'><strong>δικαζόμενον</strong></span> 
     </span>
    </p>
   </div>
   <div class='ocr_carea' id='block_1_35' title="bbox 1963 1820 3537 1898">
    <p class='ocr_par' dir='ltr' id='par_1_35' title="bbox 1963 1820 3537 1898">
     <span class='ocr_line' id='line_1_35' title="bbox 1963 1820 3537 1898; baseline -0.003 -16"><span class='ocrx_word' id='word_1_240' title='bbox 1963 1826 2103 1882; x_wconf 88' lang='lat' dir='ltr'><strong>mina</strong></span> <span class='ocrx_word' id='word_1_241' title='bbox 2137 1827 2357 1898; x_wconf 82' lang='lat' dir='ltr'><strong>objecta</strong></span> <span class='ocrx_word' id='word_1_242' title='bbox 2395 1825 2670 1892; x_wconf 77' lang='lat' dir='ltr'><strong>refellere,</strong></span> <span class='ocrx_word' id='word_1_243' title='bbox 2705 1820 3030 1883; x_wconf 72' lang='lat' dir='ltr'><strong>renuntiare</strong></span> <span class='ocrx_word' id='word_1_244' title='bbox 3064 1841 3168 1881; x_wconf 85' lang='lat' dir='ltr'><strong>avo</strong></span> <span class='ocrx_word' id='word_1_245' title='bbox 3194 1825 3373 1895; x_wconf 82' lang='lat' dir='ltr'><strong>jubet,</strong></span> <span class='ocrx_word' id='word_1_246' title='bbox 3408 1840 3537 1878; x_wconf 74' lang='lat' dir='ltr'><strong>mox</strong></span> 
     </span>
    </p>
   </div>
   <div class='ocr_carea' id='block_1_36' title="bbox 385 1914 1849 1985">
    <p class='ocr_par' dir='ltr' id='par_1_36' title="bbox 385 1914 1849 1985">
     <span class='ocr_line' id='line_1_36' title="bbox 385 1914 1849 1985; baseline 0.003 -20"><span class='ocrx_word' id='word_1_247' title='bbox 385 1914 656 1967; x_wconf 66' lang='grc' dir='ltr'><strong>ἀπολύσασθαι</strong></span> <span class='ocrx_word' id='word_1_248' title='bbox 675 1915 741 1966; x_wconf 71' lang='grc' dir='ltr'><strong>τὰ</strong></span> <span class='ocrx_word' id='word_1_249' title='bbox 768 1914 938 1984; x_wconf 79' lang='grc' dir='ltr'><strong>ἐγκλή</strong></span> <span class='ocrx_word' id='word_1_250' title='bbox 949 1933 1116 1985; x_wconf 86' lang='grc' dir='ltr'><strong>ματα,</strong></span> <span class='ocrx_word' id='word_1_251' title='bbox 1141 1914 1509 1985; x_wconf 78' lang='grc' dir='ltr'><strong>ἀπαγγέλλειν</strong></span> <span class='ocrx_word' id='word_1_252' title='bbox 1528 1915 1744 1970; x_wconf 68' lang='grc' dir='ltr'><strong>ἐκέλευε</strong></span> <span class='ocrx_word' id='word_1_253' title='bbox 1772 1914 1849 1985; x_wconf 80' lang='grc' dir='ltr'><strong>τῷ</strong></span> 
     </span>
    </p>
   </div>
   <div class='ocr_carea' id='block_1_37' title="bbox 393 2005 1852 2085">
    <p class='ocr_par' dir='ltr' id='par_1_37' title="bbox 393 2005 1852 2085">
     <span class='ocr_line' id='line_1_37' title="bbox 393 2005 1852 2085; baseline 0.001 -30"><span class='ocrx_word' id='word_1_254' title='bbox 393 2006 542 2073; x_wconf 59' lang='lat' dir='ltr'><strong>tiam</strong></span> <span class='ocrx_word' id='word_1_255' title='bbox 571 2006 639 2058; x_wconf 73' lang='grc' dir='ltr'><strong>καὶ</strong></span> <span class='ocrx_word' id='word_1_256' title='bbox 661 2005 885 2085; x_wconf 75' lang='grc' dir='ltr'><strong>βασιλεῖ,</strong></span> <span class='ocrx_word' id='word_1_257' title='bbox 919 2006 995 2068; x_wconf 83' lang='grc' dir='ltr'><strong>ὡς</strong></span> <span class='ocrx_word' id='word_1_258' title='bbox 1028 2007 1282 2076; x_wconf 79' lang='grc' dir='ltr'><strong>ἀφίξεται</strong></span> <span class='ocrx_word' id='word_1_259' title='bbox 1321 2007 1446 2059; x_wconf 84' lang='grc' dir='ltr'><strong>ὅσον</strong></span> <span class='ocrx_word' id='word_1_260' title='bbox 1475 2005 1650 2058; x_wconf 77' lang='grc' dir='ltr'><strong>οὔπω.</strong></span> <span class='ocrx_word' id='word_1_261' title='bbox 1678 2005 1852 2059; x_wconf 84' lang='grc' dir='ltr'><strong>Ἑκεῖ-</strong></span> 
     </span>
    </p>
   </div>
   <div class='ocr_carea' id='block_1_38' title="bbox 402 2096 1852 2169">
    <p class='ocr_par' dir='ltr' id='par_1_38' title="bbox 402 2096 1852 2169">
     <span class='ocr_line' id='line_1_38' title="bbox 402 2096 1852 2169; baseline 0.004 -25"><span class='ocrx_word' id='word_1_262' title='bbox 402 2111 469 2156; x_wconf 63' lang='lat' dir='ltr'><strong>to;</strong></span> <span class='ocrx_word' id='word_1_263' title='bbox 492 2096 641 2164; x_wconf 66' lang='grc' dir='ltr'><strong>μὲνῶν</strong></span> <span class='ocrx_word' id='word_1_264' title='bbox 660 2099 748 2167; x_wconf 78' lang='grc' dir='ltr'><strong>τὴν</strong></span> <span class='ocrx_word' id='word_1_265' title='bbox 795 2099 954 2169; x_wconf 67' lang='grc' dir='ltr'><strong>παρὰ</strong></span> <span class='ocrx_word' id='word_1_266' title='bbox 995 2098 1130 2152; x_wconf 82' lang='grc' dir='ltr'><strong>Θεοῦ</strong></span> <span class='ocrx_word' id='word_1_267' title='bbox 1181 2097 1438 2169; x_wconf 83' lang='grc' dir='ltr'><strong>βοήθειαν</strong></span> <span class='ocrx_word' id='word_1_268' title='bbox 1481 2097 1852 2167; x_wconf 72' lang='grc' dir='ltr'><strong>ἐπευξάμενος</strong></span> 
     </span>
    </p>
   </div>
   <div class='ocr_carea' id='block_1_39' title="bbox 415 2188 1854 2261">
    <p class='ocr_par' dir='ltr' id='par_1_39' title="bbox 415 2188 1854 2261">
     <span class='ocr_line' id='line_1_39' title="bbox 415 2188 1854 2261; baseline 0.004 -26"><span class='ocrx_word' id='word_1_269' title='bbox 415 2188 457 2235; x_wconf 79' lang='grc' dir='ltr'><strong>ὲν</strong></span> <span class='ocrx_word' id='word_1_270' title='bbox 497 2190 577 2250; x_wconf 76' lang='grc' dir='ltr'><strong>τοῖς</strong></span> <span class='ocrx_word' id='word_1_271' title='bbox 617 2190 800 2259; x_wconf 72' lang='grc' dir='ltr'><strong>παροῦσι</strong></span> <span class='ocrx_word' id='word_1_272' title='bbox 856 2190 937 2261; x_wconf 82' lang='grc' dir='ltr'><strong>τῷ</strong></span> <span class='ocrx_word' id='word_1_273' title='bbox 1001 2189 1244 2260; x_wconf 81' lang='grc' dir='ltr'>βασιλεῖ,</span> <span class='ocrx_word' id='word_1_274' title='bbox 1306 2190 1403 2243; x_wconf 82' lang='grc' dir='ltr'><strong>καὶ</strong></span> <span class='ocrx_word' id='word_1_275' title='bbox 1458 2190 1854 2260; x_wconf 83' lang='grc' dir='ltr'><strong>προσκυνήσας</strong></span> 
     </span>
    </p>
   </div>
   <div class='ocr_carea' id='block_1_40' title="bbox 416 2276 1855 2350">
    <p class='ocr_par' dir='ltr' id='par_1_40' title="bbox 416 2276 1855 2350">
     <span class='ocr_line' id='line_1_40' title="bbox 416 2276 1855 2350; baseline 0.007 -24"><span class='ocrx_word' id='word_1_276' title='bbox 416 2276 811 2345; x_wconf 67' lang='grc' dir='ltr'><strong>ἐπῆλθε.Β²σιλεὺς</strong></span> <span class='ocrx_word' id='word_1_277' title='bbox 869 2282 916 2335; x_wconf 86' lang='grc' dir='ltr'><strong>δ’</strong></span> <span class='ocrx_word' id='word_1_278' title='bbox 959 2282 1124 2345; x_wconf 80' lang='grc' dir='ltr'><strong>εὐθὺς</strong></span> <span class='ocrx_word' id='word_1_279' title='bbox 1170 2280 1300 2343; x_wconf 79' lang='grc' dir='ltr'><strong>τοὺς</strong></span> <span class='ocrx_word' id='word_1_280' title='bbox 1343 2280 1593 2350; x_wconf 80' lang='grc' dir='ltr'><strong>ἑταίρους</strong></span> <span class='ocrx_word' id='word_1_281' title='bbox 1622 2298 1855 2350; x_wconf 64' lang='grc' dir='ltr'><strong>μετεκαι</strong></span> 
     </span>
    </p>
   </div>
   <div class='ocr_carea' id='block_1_41' title="bbox 414 2368 1854 2445">
    <p class='ocr_par' dir='ltr' id='par_1_41' title="bbox 414 2368 1854 2445">
     <span class='ocr_line' id='line_1_41' title="bbox 414 2368 1854 2445; baseline 0.006 -29"><span class='ocrx_word' id='word_1_282' title='bbox 414 2368 523 2420; x_wconf 61' lang='lat' dir='ltr'><strong>Mra.</strong></span> <span class='ocrx_word' id='word_1_283' title='bbox 551 2371 686 2425; x_wconf 67' lang='grc' dir='ltr'><strong>Ἀλλίὂ</strong></span> <span class='ocrx_word' id='word_1_284' title='bbox 708 2373 803 2442; x_wconf 81' lang='grc' dir='ltr'><strong>μὲν</strong></span> <span class='ocrx_word' id='word_1_285' title='bbox 831 2374 1005 2443; x_wconf 78' lang='grc' dir='ltr'><strong>μέγας</strong></span> <span class='ocrx_word' id='word_1_286' title='bbox 1036 2373 1380 2443; x_wconf 84' lang='grc' dir='ltr'><strong>δομὲστικος,</strong></span> <span class='ocrx_word' id='word_1_287' title='bbox 1415 2373 1562 2427; x_wconf 89' lang='grc' dir='ltr'><strong>θείου</strong></span> <span class='ocrx_word' id='word_1_288' title='bbox 1594 2374 1740 2445; x_wconf 84' lang='grc' dir='ltr'><strong>αὑτῷ</strong></span> <span class='ocrx_word' id='word_1_289' title='bbox 1760 2372 1854 2426; x_wconf 81' lang='grc' dir='ltr'><strong>τοῦ</strong></span> 
     </span>
    </p>
   </div>
   <div class='ocr_carea' id='block_1_42' title="bbox 407 2457 1859 2537">
    <p class='ocr_par' dir='ltr' id='par_1_42' title="bbox 407 2457 1859 2537">
     <span class='ocr_line' id='line_1_42' title="bbox 407 2457 1859 2537; baseline 0.007 -27"><span class='ocrx_word' id='word_1_290' title='bbox 407 2457 727 2528; x_wconf 71' lang='grc' dir='ltr'><strong>ταριινειιίιτου,</strong></span> <span class='ocrx_word' id='word_1_291' title='bbox 759 2465 1001 2534; x_wconf 77' lang='grc' dir='ltr'><strong>ἀδελφῆς</strong></span> <span class='ocrx_word' id='word_1_292' title='bbox 1030 2464 1126 2519; x_wconf 85' lang='grc' dir='ltr'><strong>τοῦ</strong></span> <span class='ocrx_word' id='word_1_293' title='bbox 1181 2464 1400 2535; x_wconf 84' lang='grc' dir='ltr'><strong>πρώτου</strong></span> <span class='ocrx_word' id='word_1_294' title='bbox 1457 2464 1721 2537; x_wconf 80' lang='grc' dir='ltr'><strong>βασιλέως</strong></span> <span class='ocrx_word' id='word_1_295' title='bbox 1757 2467 1859 2520; x_wconf 78' lang='grc' dir='ltr'><strong>Μι-</strong></span> 
     </span>
    </p>
   </div>
   <div class='ocr_carea' id='block_1_43' title="bbox 390 2550 1861 2629">
    <p class='ocr_par' dir='ltr' id='par_1_43' title="bbox 390 2550 1861 2629">
     <span class='ocr_line' id='line_1_43' title="bbox 390 2550 1861 2629; baseline 0.007 -25"><span class='ocrx_word' id='word_1_296' title='bbox 390 2550 491 2616; x_wconf 73' lang='grc' dir='ltr'><strong>χαὴλ</strong></span> <span class='ocrx_word' id='word_1_297' title='bbox 525 2553 611 2606; x_wconf 69' lang='grc' dir='ltr'><strong>υἱοῦ</strong></span> <span class='ocrx_word' id='word_1_298' title='bbox 651 2558 990 2628; x_wconf 79' lang='grc' dir='ltr'><strong>τεθνηκότος,</strong></span> <span class='ocrx_word' id='word_1_299' title='bbox 1034 2558 1222 2629; x_wconf 78' lang='grc' dir='ltr'><strong>παρῆν</strong></span> <span class='ocrx_word' id='word_1_300' title='bbox 1268 2560 1415 2611; x_wconf 74' lang='grc' dir='ltr'><strong>ἐκεῖ.</strong></span> <span class='ocrx_word' id='word_1_301' title='bbox 1449 2558 1741 2627; x_wconf 87' lang='grc' dir='ltr'><strong>πενθήσων</strong></span> <span class='ocrx_word' id='word_1_302' title='bbox 1768 2560 1861 2614; x_wconf 72' lang='grc' dir='ltr'><strong>ἐπὶ</strong></span> 
     </span>
    </p>
   </div>
   <div class='ocr_carea' id='block_1_44' title="bbox 381 2640 1863 2727">
    <p class='ocr_par' dir='ltr' id='par_1_44' title="bbox 381 2640 1863 2727">
     <span class='ocr_line' id='line_1_44' title="bbox 381 2640 1863 2727; baseline 0.022 -38"><span class='ocrx_word' id='word_1_303' title='bbox 381 2640 559 2711; x_wconf 75' lang='grc' dir='ltr'><strong>κειμένῳ</strong></span> <span class='ocrx_word' id='word_1_304' title='bbox 583 2646 641 2716; x_wconf 82' lang='grc' dir='ltr'><strong>τῷ</strong></span> <span class='ocrx_word' id='word_1_305' title='bbox 684 2648 1057 2727; x_wconf 59' lang='grc' dir='ltr'><strong>συγγενεῖ.βο</strong></span> <span class='ocrx_word' id='word_1_306' title='bbox 1097 2650 1540 2720; x_wconf 78' lang='grc' dir='ltr'><strong>πρωτοστράτωρ</strong></span> <span class='ocrx_word' id='word_1_307' title='bbox 1570 2649 1627 2704; x_wconf 70' lang='grc' dir='ltr'><strong>δὲ</strong></span> <span class='ocrx_word' id='word_1_308' title='bbox 1654 2650 1863 2720; x_wconf 65' lang='grc' dir='ltr'><strong>διατρί·</strong></span> 
     </span>
    </p>
   </div>
   <div class='ocr_carea' id='block_1_45' title="bbox 374 2731 1862 2812">
    <p class='ocr_par' dir='ltr' id='par_1_45' title="bbox 374 2731 1862 2812">
     <span class='ocr_line' id='line_1_45' title="bbox 374 2731 1862 2812; baseline 0.009 -30"><span class='ocrx_word' id='word_1_309' title='bbox 374 2731 455 2783; x_wconf 72' lang='grc' dir='ltr'><strong>ϐων</strong></span> <span class='ocrx_word' id='word_1_310' title='bbox 478 2735 603 2803; x_wconf 77' lang='grc' dir='ltr'><strong>οἴκοι,</strong></span> <span class='ocrx_word' id='word_1_311' title='bbox 633 2740 859 2807; x_wconf 75' lang='grc' dir='ltr'><strong>ἀφίκετό</strong></span> <span class='ocrx_word' id='word_1_312' title='bbox 901 2758 962 2793; x_wconf 84' lang='grc' dir='ltr'><strong>τε</strong></span> <span class='ocrx_word' id='word_1_313' title='bbox 996 2742 1130 2808; x_wconf 60' lang='grc' dir='ltr'><strong>πρὸς</strong></span> <span class='ocrx_word' id='word_1_314' title='bbox 1155 2741 1384 2812; x_wconf 76' lang='grc' dir='ltr'>βασιλέα</span> <span class='ocrx_word' id='word_1_315' title='bbox 1412 2741 1597 2807; x_wconf 80' lang='grc' dir='ltr'><strong>εὐθὺς,</strong></span> <span class='ocrx_word' id='word_1_316' title='bbox 1632 2743 1727 2795; x_wconf 77' lang='grc' dir='ltr'><strong>καὶ</strong></span> <span class='ocrx_word' id='word_1_317' title='bbox 1762 2741 1862 2812; x_wconf 81' lang='grc' dir='ltr'><strong>τὴν</strong></span> 
     </span>
    </p>
   </div>
   <div class='ocr_carea' id='block_1_46' title="bbox 365 2825 1863 2903">
    <p class='ocr_par' dir='ltr' id='par_1_46' title="bbox 365 2825 1863 2903">
     <span class='ocr_line' id='line_1_46' title="bbox 365 2825 1863 2903; baseline 0.008 -27"><span class='ocrx_word' id='word_1_318' title='bbox 365 2825 505 2879; x_wconf 74' lang='grc' dir='ltr'><strong>αἰτίαν</strong></span> <span class='ocrx_word' id='word_1_319' title='bbox 526 2829 611 2898; x_wconf 84' lang='grc' dir='ltr'><strong>τῆς</strong></span> <span class='ocrx_word' id='word_1_320' title='bbox 644 2831 899 2899; x_wconf 77' lang='grc' dir='ltr'><strong>κλήσεως</strong></span> <span class='ocrx_word' id='word_1_321' title='bbox 932 2833 1122 2903; x_wconf 60' lang='grc' dir='ltr'><strong>ἡρώτα</strong></span> <span class='ocrx_word' id='word_1_322' title='bbox 1157 2833 1374 2903; x_wconf 83' lang='grc' dir='ltr'><strong>μαθεῖν.</strong></span> <span class='ocrx_word' id='word_1_323' title='bbox 1410 2833 1676 2898; x_wconf 77' lang='grc' dir='ltr'><strong>Βασιλεὺς</strong></span> <span class='ocrx_word' id='word_1_324' title='bbox 1704 2834 1760 2887; x_wconf 78' lang='grc' dir='ltr'><strong>δὲ</strong></span> <span class='ocrx_word' id='word_1_325' title='bbox 1792 2834 1863 2888; x_wconf 83' lang='grc' dir='ltr'><strong>τά</strong></span> 
     </span>
    </p>
   </div>
   <div class='ocr_carea' id='block_1_47' title="bbox 357 2922 1864 2996">
    <p class='ocr_par' dir='ltr' id='par_1_47' title="bbox 357 2922 1864 2996">
     <span class='ocr_line' id='line_1_47' title="bbox 357 2922 1864 2996; baseline 0.007 -26"><span class='ocrx_word' id='word_1_326' title='bbox 357 2922 544 2989; x_wconf 54' lang='lat' dir='ltr'><strong>senape</strong></span> <span class='ocrx_word' id='word_1_327' title='bbox 589 2922 849 2993; x_wconf 71' lang='grc' dir='ltr'><strong>βασιλέως</strong></span> <span class='ocrx_word' id='word_1_328' title='bbox 897 2925 1228 2996; x_wconf 74' lang='grc' dir='ltr'><strong>μηνυθέντα,</strong></span> <span class='ocrx_word' id='word_1_329' title='bbox 1260 2930 1353 2983; x_wconf 75' lang='grc' dir='ltr'><strong>καὶ</strong></span> <span class='ocrx_word' id='word_1_330' title='bbox 1387 2927 1470 2980; x_wconf 76' lang='grc' dir='ltr'><strong>ὅτι</strong></span> <span class='ocrx_word' id='word_1_331' title='bbox 1496 2927 1653 2995; x_wconf 76' lang='grc' dir='ltr'><strong>δίκης</strong></span> <span class='ocrx_word' id='word_1_332' title='bbox 1699 2928 1864 2981; x_wconf 71' lang='grc' dir='ltr'><strong>ἕνεκα</strong></span> 
     </span>
    </p>
   </div>
   <div class='ocr_carea' id='block_1_48' title="bbox 354 3010 1867 3089">
    <p class='ocr_par' dir='ltr' id='par_1_48' title="bbox 354 3010 1867 3089">
     <span class='ocr_line' id='line_1_48' title="bbox 354 3010 1867 3089; baseline 0.007 -28"><span class='ocrx_word' id='word_1_333' title='bbox 354 3010 526 3065; x_wconf 72' lang='grc' dir='ltr'><strong>καλοῖτο</strong></span> <span class='ocrx_word' id='word_1_334' title='bbox 561 3014 832 3086; x_wconf 65' lang='grc' dir='ltr'><strong>γνωρίζει,</strong></span> <span class='ocrx_word' id='word_1_335' title='bbox 889 3017 983 3069; x_wconf 71' lang='grc' dir='ltr'><strong>καὶ</strong></span> <span class='ocrx_word' id='word_1_336' title='bbox 1013 3016 1088 3080; x_wconf 83' lang='grc' dir='ltr'><strong>ὡς</strong></span> <span class='ocrx_word' id='word_1_337' title='bbox 1119 3016 1272 3087; x_wconf 76' lang='grc' dir='ltr'><strong>ἥξειν</strong></span> <span class='ocrx_word' id='word_1_338' title='bbox 1323 3018 1691 3089; x_wconf 77' lang='grc' dir='ltr'><strong>ἐπηγγείλατο</strong></span> <span class='ocrx_word' id='word_1_339' title='bbox 1721 3019 1867 3073; x_wconf 71' lang='grc' dir='ltr'><strong>κατὰ</strong></span> 
     </span>
    </p>
   </div>
   <div class='ocr_carea' id='block_1_49' title="bbox 1951 1913 3538 1987">
    <p class='ocr_par' dir='ltr' id='par_1_49' title="bbox 1951 1913 3538 1987">
     <span class='ocr_line' id='line_1_49' title="bbox 1951 1913 3538 1987; baseline -0.004 -15"><span class='ocrx_word' id='word_1_340' title='bbox 1951 1932 2010 1972; x_wconf 92' lang='lat' dir='ltr'><strong>se</strong></span> <span class='ocrx_word' id='word_1_341' title='bbox 2038 1916 2363 1973; x_wconf 68' lang='lat' dir='ltr'><strong>allaturum.</strong></span> <span class='ocrx_word' id='word_1_342' title='bbox 2395 1917 2696 1987; x_wconf 84' lang='lat' dir='ltr'><strong>Apparitor</strong></span> <span class='ocrx_word' id='word_1_343' title='bbox 2718 1917 2961 1972; x_wconf 86' lang='lat' dir='ltr'><strong>divinam</strong></span> <span class='ocrx_word' id='word_1_344' title='bbox 2992 1915 3043 1971; x_wconf 91' lang='lat' dir='ltr'><strong>ei</strong></span> <span class='ocrx_word' id='word_1_345' title='bbox 3074 1929 3235 1986; x_wconf 86' lang='lat' dir='ltr'><strong>opem</strong></span> <span class='ocrx_word' id='word_1_346' title='bbox 3270 1913 3363 1968; x_wconf 88' lang='lat' dir='ltr'><strong>tali</strong></span> <span class='ocrx_word' id='word_1_347' title='bbox 3386 1922 3538 1969; x_wconf 87' lang='lat' dir='ltr'><strong>statu</strong></span> 
     </span>
    </p>
   </div>
   <div class='ocr_carea' id='block_1_50' title="bbox 1954 2003 3536 2080">
    <p class='ocr_par' dir='ltr' id='par_1_50' title="bbox 1954 2003 3536 2080">
     <span class='ocr_line' id='line_1_50' title="bbox 1954 2003 3536 2080; baseline -0.003 -16"><span class='ocrx_word' id='word_1_348' title='bbox 1954 2020 2231 2080; x_wconf 80' lang='lat' dir='ltr'><strong>precatus,</strong></span> <span class='ocrx_word' id='word_1_349' title='bbox 2268 2020 2322 2065; x_wconf 90' lang='lat' dir='ltr'><strong>ct</strong></span> <span class='ocrx_word' id='word_1_350' title='bbox 2374 2019 2436 2065; x_wconf 89' lang='lat' dir='ltr'><strong>ut</strong></span> <span class='ocrx_word' id='word_1_351' title='bbox 2493 2011 2887 2080; x_wconf 85' lang='lat' dir='ltr'><strong>imperatorem</strong></span> <span class='ocrx_word' id='word_1_352' title='bbox 2935 2017 3252 2072; x_wconf 80' lang='lat' dir='ltr'><strong>veneratus,</strong></span> <span class='ocrx_word' id='word_1_353' title='bbox 3306 2003 3536 2063; x_wconf 87' lang='lat' dir='ltr'><strong>recedit.</strong></span> 
     </span>
    </p>
   </div>
   <div class='ocr_carea' id='block_1_51' title="bbox 1952 2099 3625 2173">
    <p class='ocr_par' dir='ltr' id='par_1_51' title="bbox 1952 2099 3625 2173">
     <span class='ocr_line' id='line_1_51' title="bbox 1952 2099 3625 2173; baseline -0.002 -15"><span class='ocrx_word' id='word_1_354' title='bbox 1952 2101 2244 2172; x_wconf 77' lang='lat' dir='ltr'><strong>Extemplo</strong></span> <span class='ocrx_word' id='word_1_355' title='bbox 2278 2102 2462 2158; x_wconf 85' lang='lat' dir='ltr'><strong>socios</strong></span> <span class='ocrx_word' id='word_1_356' title='bbox 2487 2108 2779 2155; x_wconf 85' lang='lat' dir='ltr'><strong>convocat.</strong></span> <span class='ocrx_word' id='word_1_357' title='bbox 2799 2100 2974 2156; x_wconf 84' lang='lat' dir='ltr'><strong>Porro</strong></span> <span class='ocrx_word' id='word_1_358' title='bbox 3014 2114 3243 2170; x_wconf 81' lang='lat' dir='ltr'><strong>magnus</strong></span> <span class='ocrx_word' id='word_1_359' title='bbox 3274 2099 3542 2155; x_wconf 82' lang='lat' dir='ltr'><strong>domesti-</strong></span> <span class='ocrx_word' id='word_1_360' title='bbox 3618 2158 3625 2173; x_wconf 31' lang='grc' dir='ltr'><em>κ</em></span> 
     </span>
    </p>
   </div>
   <div class='ocr_carea' id='block_1_52' title="bbox 1952 2191 3540 2262">
    <p class='ocr_par' dir='ltr' id='par_1_52' title="bbox 1952 2191 3540 2262">
     <span class='ocr_line' id='line_1_52' title="bbox 1952 2191 3540 2262; baseline -0.003 -14"><span class='ocrx_word' id='word_1_361' title='bbox 1952 2208 2078 2255; x_wconf 85' lang='lat' dir='ltr'><strong>cus.</strong></span> <span class='ocrx_word' id='word_1_362' title='bbox 2116 2191 2489 2247; x_wconf 82' lang='lat' dir='ltr'><strong>Tarclianiota</strong></span> <span class='ocrx_word' id='word_1_363' title='bbox 2522 2192 2731 2247; x_wconf 83' lang='lat' dir='ltr'><strong>sororis</strong></span> <span class='ocrx_word' id='word_1_364' title='bbox 2771 2192 2937 2262; x_wconf 88' lang='lat' dir='ltr'><strong>primi</strong></span> <span class='ocrx_word' id='word_1_365' title='bbox 2988 2191 3273 2246; x_wconf 80' lang='lat' dir='ltr'><strong>Michaelis</strong></span> <span class='ocrx_word' id='word_1_366' title='bbox 3299 2191 3540 2260; x_wconf 88' lang='lat' dir='ltr'><strong>impera-</strong></span> 
     </span>
    </p>
   </div>
   <div class='ocr_carea' id='block_1_53' title="bbox 1958 2282 3543 2354">
    <p class='ocr_par' dir='ltr' id='par_1_53' title="bbox 1958 2282 3543 2354">
     <span class='ocr_line' id='line_1_53' title="bbox 1958 2282 3543 2354; baseline -0.001 -15"><span class='ocrx_word' id='word_1_367' title='bbox 1958 2285 2129 2349; x_wconf 88' lang='lat' dir='ltr'><strong>toris,</strong></span> <span class='ocrx_word' id='word_1_368' title='bbox 2153 2293 2211 2339; x_wconf 91' lang='lat' dir='ltr'><strong>et</strong></span> <span class='ocrx_word' id='word_1_369' title='bbox 2244 2284 2478 2354; x_wconf 86' lang='lat' dir='ltr'><strong>majoris</strong></span> <span class='ocrx_word' id='word_1_370' title='bbox 2510 2291 2820 2338; x_wconf 60' lang='lat' dir='ltr'><strong>matertera</strong></span> <span class='ocrx_word' id='word_1_371' title='bbox 2846 2297 2958 2338; x_wconf 73' lang='lat' dir='ltr'><strong>sum</strong></span> <span class='ocrx_word' id='word_1_372' title='bbox 2976 2282 3100 2354; x_wconf 68' lang='lat' dir='ltr'><strong>ﬁlio</strong></span> <span class='ocrx_word' id='word_1_373' title='bbox 3134 2282 3300 2337; x_wconf 89' lang='lat' dir='ltr'><strong>rebus</strong></span> <span class='ocrx_word' id='word_1_374' title='bbox 3340 2282 3543 2337; x_wconf 84' lang='lat' dir='ltr'><strong>huma-</strong></span> 
     </span>
    </p>
   </div>
   <div class='ocr_carea' id='block_1_54' title="bbox 1956 2373 3538 2446">
    <p class='ocr_par' dir='ltr' id='par_1_54' title="bbox 1956 2373 3538 2446">
     <span class='ocr_line' id='line_1_54' title="bbox 1956 2373 3538 2446; baseline -0.002 -14"><span class='ocrx_word' id='word_1_375' title='bbox 1956 2376 2046 2432; x_wconf 87' lang='lat' dir='ltr'><strong>nis</strong></span> <span class='ocrx_word' id='word_1_376' title='bbox 2072 2384 2290 2446; x_wconf 88' lang='lat' dir='ltr'><strong>erepto,</strong></span> <span class='ocrx_word' id='word_1_377' title='bbox 2318 2374 2387 2431; x_wconf 84' lang='lat' dir='ltr'><strong>ad</strong></span> <span class='ocrx_word' id='word_1_378' title='bbox 2407 2374 2661 2429; x_wconf 79' lang='lat' dir='ltr'><strong>exanime</strong></span> <span class='ocrx_word' id='word_1_379' title='bbox 2682 2388 2885 2444; x_wconf 91' lang='lat' dir='ltr'><strong>corpus</strong></span> <span class='ocrx_word' id='word_1_380' title='bbox 2905 2373 3089 2428; x_wconf 88' lang='lat' dir='ltr'><strong>luctus</strong></span> <span class='ocrx_word' id='word_1_381' title='bbox 3109 2388 3271 2427; x_wconf 90' lang='lat' dir='ltr'><strong>causa</strong></span> <span class='ocrx_word' id='word_1_382' title='bbox 3288 2373 3499 2429; x_wconf 87' lang='lat' dir='ltr'><strong>abierat</strong></span> <span class='ocrx_word' id='word_1_383' title='bbox 3523 2392 3538 2429; x_wconf 88' lang='lat'><strong>:</strong></span> 
     </span>
    </p>
   </div>
   <div class='ocr_carea' id='block_1_55' title="bbox 1966 2465 3624 2540">
    <p class='ocr_par' dir='ltr' id='par_1_55' title="bbox 1966 2465 3624 2540">
     <span class='ocr_line' id='line_1_55' title="bbox 1966 2465 3624 2540; baseline -0.001 -18"><span class='ocrx_word' id='word_1_384' title='bbox 1966 2477 2339 2540; x_wconf 87' lang='lat' dir='ltr'><strong>protostrator</strong></span> <span class='ocrx_word' id='word_1_385' title='bbox 2370 2467 2523 2523; x_wconf 87' lang='lat' dir='ltr'><strong>domi</strong></span> <span class='ocrx_word' id='word_1_386' title='bbox 2557 2481 2791 2522; x_wconf 90' lang='lat' dir='ltr'><strong>manens</strong></span> <span class='ocrx_word' id='word_1_387' title='bbox 2823 2465 2973 2521; x_wconf 90' lang='lat' dir='ltr'><strong>illico</strong></span> <span class='ocrx_word' id='word_1_388' title='bbox 3003 2465 3181 2528; x_wconf 84' lang='lat' dir='ltr'><strong>adest,</strong></span> <span class='ocrx_word' id='word_1_389' title='bbox 3228 2481 3329 2521; x_wconf 91' lang='lat' dir='ltr'><strong>cur</strong></span> <span class='ocrx_word' id='word_1_390' title='bbox 3378 2481 3543 2522; x_wconf 88' lang='lat' dir='ltr'><strong>voca—</strong></span> <span class='ocrx_word' id='word_1_391' title='bbox 3612 2475 3624 2492; x_wconf 85' lang='lat'><strong><em>‘</em></strong></span> 
     </span>
    </p>
   </div>
   <div class='ocr_carea' id='block_1_56' title="bbox 1962 2554 3539 2631">
    <p class='ocr_par' dir='ltr' id='par_1_56' title="bbox 1962 2554 3539 2631">
     <span class='ocr_line' id='line_1_56' title="bbox 1962 2554 3539 2631; baseline -0.001 -16"><span class='ocrx_word' id='word_1_392' title='bbox 1962 2569 2050 2615; x_wconf 87' lang='lat' dir='ltr'><strong>lus</strong></span> <span class='ocrx_word' id='word_1_393' title='bbox 2074 2559 2149 2615; x_wconf 87' lang='lat' dir='ltr'><strong>sit</strong></span> <span class='ocrx_word' id='word_1_394' title='bbox 2174 2559 2396 2631; x_wconf 68' lang='lat' dir='ltr'><strong>quaerit.</strong></span> <span class='ocrx_word' id='word_1_395' title='bbox 2433 2559 2616 2629; x_wconf 77' lang='lat' dir='ltr'><strong>Nepos</strong></span> <span class='ocrx_word' id='word_1_396' title='bbox 2644 2566 2698 2613; x_wconf 87' lang='lat' dir='ltr'><strong>et</strong></span> <span class='ocrx_word' id='word_1_397' title='bbox 2726 2556 2860 2629; x_wconf 86' lang='lat' dir='ltr'><strong>quid</strong></span> <span class='ocrx_word' id='word_1_398' title='bbox 2893 2556 3000 2613; x_wconf 88' lang='lat' dir='ltr'><strong>sibi</strong></span> <span class='ocrx_word' id='word_1_399' title='bbox 3043 2557 3115 2612; x_wconf 90' lang='lat' dir='ltr'><strong>ab</strong></span> <span class='ocrx_word' id='word_1_400' title='bbox 3167 2572 3272 2612; x_wconf 85' lang='lat' dir='ltr'><strong>avo</strong></span> <span class='ocrx_word' id='word_1_401' title='bbox 3307 2554 3539 2614; x_wconf 59' lang='lat' dir='ltr'><strong>manda:</strong></span> 
     </span>
    </p>
   </div>
   <div class='ocr_carea' id='block_1_57' title="bbox 1961 2648 3539 2715">
    <p class='ocr_par' dir='ltr' id='par_1_57' title="bbox 1961 2648 3539 2715">
     <span class='ocr_line' id='line_1_57' title="bbox 1961 2648 3539 2715; baseline -0.002 -9"><span class='ocrx_word' id='word_1_402' title='bbox 1961 2660 2103 2714; x_wconf 84' lang='lat' dir='ltr'><strong>tum,</strong></span> <span class='ocrx_word' id='word_1_403' title='bbox 2135 2658 2192 2705; x_wconf 88' lang='lat' dir='ltr'><strong>et</strong></span> <span class='ocrx_word' id='word_1_404' title='bbox 2220 2664 2279 2706; x_wconf 86' lang='lat' dir='ltr'><strong>se</strong></span> <span class='ocrx_word' id='word_1_405' title='bbox 2312 2665 2467 2705; x_wconf 87' lang='lat' dir='ltr'><strong>reum</strong></span> <span class='ocrx_word' id='word_1_406' title='bbox 2498 2650 2683 2715; x_wconf 89' lang='lat' dir='ltr'><strong>citari,</strong></span> <span class='ocrx_word' id='word_1_407' title='bbox 2734 2664 2799 2704; x_wconf 90' lang='lat' dir='ltr'><strong>ac</strong></span> <span class='ocrx_word' id='word_1_408' title='bbox 2848 2648 2966 2704; x_wconf 89' lang='lat' dir='ltr'><strong>sine</strong></span> <span class='ocrx_word' id='word_1_409' title='bbox 3002 2663 3155 2702; x_wconf 85' lang='lat' dir='ltr'><strong>mora</strong></span> <span class='ocrx_word' id='word_1_410' title='bbox 3191 2663 3251 2703; x_wconf 89' lang='lat' dir='ltr'><strong>se</strong></span> <span class='ocrx_word' id='word_1_411' title='bbox 3279 2648 3539 2705; x_wconf 88' lang='lat' dir='ltr'><strong>stiturum</strong></span> 
     </span>
    </p>
   </div>
   <div class='ocr_carea' id='block_1_58' title="bbox 1962 2740 3547 2811">
    <p class='ocr_par' dir='ltr' id='par_1_58' title="bbox 1962 2740 3547 2811">
     <span class='ocr_line' id='line_1_58' title="bbox 1962 2740 3547 2811; baseline -0.001 -15"><span class='ocrx_word' id='word_1_412' title='bbox 1962 2742 2154 2798; x_wconf 79' lang='lat' dir='ltr'><strong>refert.</strong></span> <span class='ocrx_word' id='word_1_413' title='bbox 2185 2742 2356 2798; x_wconf 85' lang='lat' dir='ltr'><strong>Addit</strong></span> <span class='ocrx_word' id='word_1_414' title='bbox 2376 2745 2569 2804; x_wconf 88' lang='lat' dir='ltr'><strong>etiam,</strong></span> <span class='ocrx_word' id='word_1_415' title='bbox 2611 2756 2671 2796; x_wconf 93' lang='lat' dir='ltr'><strong>se</strong></span> <span class='ocrx_word' id='word_1_416' title='bbox 2710 2740 2980 2811; x_wconf 89' lang='lat' dir='ltr'><strong>judicium</strong></span> <span class='ocrx_word' id='word_1_417' title='bbox 3012 2757 3079 2796; x_wconf 79' lang='lat' dir='ltr'><strong>ex</strong></span> <span class='ocrx_word' id='word_1_418' title='bbox 3114 2742 3299 2796; x_wconf 87' lang='lat' dir='ltr'><strong>animo</strong></span> <span class='ocrx_word' id='word_1_419' title='bbox 3329 2741 3547 2796; x_wconf 86' lang='lat' dir='ltr'><strong>subitu-</strong></span> 
     </span>
    </p>
   </div>
   <div class='ocr_carea' id='block_1_59' title="bbox 1965 2832 3547 2901">
    <p class='ocr_par' dir='ltr' id='par_1_59' title="bbox 1965 2832 3547 2901">
     <span class='ocr_line' id='line_1_59' title="bbox 1965 2832 3547 2901; baseline 0.001 -15"><span class='ocrx_word' id='word_1_420' title='bbox 1965 2849 2110 2898; x_wconf 91' lang='lat' dir='ltr'><strong>rum,</strong></span> <span class='ocrx_word' id='word_1_421' title='bbox 2144 2850 2273 2889; x_wconf 91' lang='lat' dir='ltr'><strong>cum</strong></span> <span class='ocrx_word' id='word_1_422' title='bbox 2306 2833 2447 2888; x_wconf 91' lang='lat' dir='ltr'><strong>nihil</strong></span> <span class='ocrx_word' id='word_1_423' title='bbox 2492 2832 2700 2901; x_wconf 80' lang='lat' dir='ltr'><strong>negotii</strong></span> <span class='ocrx_word' id='word_1_424' title='bbox 2745 2833 2817 2887; x_wconf 91' lang='lat' dir='ltr'><strong>sit</strong></span> <span class='ocrx_word' id='word_1_425' title='bbox 2857 2833 3176 2897; x_wconf 85' lang='lat' dir='ltr'><strong>ostendere,</strong></span> <span class='ocrx_word' id='word_1_426' title='bbox 3216 2843 3331 2889; x_wconf 91' lang='lat' dir='ltr'><strong>tum</strong></span> <span class='ocrx_word' id='word_1_427' title='bbox 3362 2848 3422 2888; x_wconf 90' lang='lat' dir='ltr'><strong>se</strong></span> <span class='ocrx_word' id='word_1_428' title='bbox 3455 2850 3547 2888; x_wconf 84' lang='lat' dir='ltr'><strong>va-</strong></span> 
     </span>
    </p>
   </div>
   <div class='ocr_carea' id='block_1_60' title="bbox 1964 2924 3549 2996">
    <p class='ocr_par' dir='ltr' id='par_1_60' title="bbox 1964 2924 3549 2996">
     <span class='ocr_line' id='line_1_60' title="bbox 1964 2924 3549 2996; baseline -0.001 -16"><span class='ocrx_word' id='word_1_429' title='bbox 1964 2940 2093 2981; x_wconf 84' lang='lat' dir='ltr'><strong>care</strong></span> <span class='ocrx_word' id='word_1_430' title='bbox 2144 2926 2296 2981; x_wconf 88' lang='lat' dir='ltr'><strong>omui</strong></span> <span class='ocrx_word' id='word_1_431' title='bbox 2346 2924 2615 2991; x_wconf 84' lang='lat' dir='ltr'><strong>crimine,</strong></span> <span class='ocrx_word' id='word_1_432' title='bbox 2665 2934 2781 2979; x_wconf 91' lang='lat' dir='ltr'><strong>tum</strong></span> <span class='ocrx_word' id='word_1_433' title='bbox 2830 2924 3115 2980; x_wconf 87' lang='lat' dir='ltr'><strong>dominum</strong></span> <span class='ocrx_word' id='word_1_434' title='bbox 3148 2934 3203 2981; x_wconf 90' lang='lat' dir='ltr'><strong>et</strong></span> <span class='ocrx_word' id='word_1_435' title='bbox 3251 2926 3549 2996; x_wconf 86' lang='lat' dir='ltr'><strong>imperato-</strong></span> 
     </span>
    </p>
   </div>
   <div class='ocr_carea' id='block_1_61' title="bbox 1960 3015 3545 3088">
    <p class='ocr_par' dir='ltr' id='par_1_61' title="bbox 1960 3015 3545 3088">
     <span class='ocr_line' id='line_1_61' title="bbox 1960 3015 3545 3088; baseline 0 -17"><span class='ocrx_word' id='word_1_436' title='bbox 1960 3032 2084 3071; x_wconf 86' lang='lat' dir='ltr'><strong>rem</strong></span> <span class='ocrx_word' id='word_1_437' title='bbox 2123 3025 2301 3080; x_wconf 87' lang='lat' dir='ltr'><strong>semet</strong></span> <span class='ocrx_word' id='word_1_438' title='bbox 2337 3016 2408 3071; x_wconf 92' lang='lat' dir='ltr'><strong>de</strong></span> <span class='ocrx_word' id='word_1_439' title='bbox 2441 3015 2679 3086; x_wconf 83' lang='lat' dir='ltr'><strong>maligna</strong></span> <span class='ocrx_word' id='word_1_440' title='bbox 2719 3017 3007 3072; x_wconf 88' lang='lat' dir='ltr'><strong>voluntate</strong></span> <span class='ocrx_word' id='word_1_441' title='bbox 3040 3032 3135 3071; x_wconf 89' lang='lat' dir='ltr'><strong>sua</strong></span> <span class='ocrx_word' id='word_1_442' title='bbox 3172 3016 3364 3072; x_wconf 89' lang='lat' dir='ltr'><strong>ulcisci</strong></span> <span class='ocrx_word' id='word_1_443' title='bbox 3407 3016 3545 3088; x_wconf 66' lang='lat'><strong>(99).</strong></span> 
     </span>
    </p>
   </div>
   <div class='ocr_carea' id='block_1_62' title="bbox 348 3093 1863 3182">
    <p class='ocr_par' dir='ltr' id='par_1_62' title="bbox 348 3105 1863 3182">
     <span class='ocr_line' id='line_1_62' title="bbox 348 3105 1863 3182; baseline -0.004 -13"><span class='ocrx_word' id='word_1_444' title='bbox 348 3105 496 3173; x_wconf 72' lang='grc' dir='ltr'><strong>τάχος,</strong></span> <span class='ocrx_word' id='word_1_445' title='bbox 539 3108 794 3178; x_wconf 78' lang='grc' dir='ltr'><strong>προσθεὶς</strong></span> <span class='ocrx_word' id='word_1_446' title='bbox 842 3112 940 3164; x_wconf 75' lang='grc' dir='ltr'><strong>καὶ</strong></span> <span class='ocrx_word' id='word_1_447' title='bbox 983 3110 1161 3173; x_wconf 81' lang='grc' dir='ltr'><strong>τοῦτο,</strong></span> <span class='ocrx_word' id='word_1_448' title='bbox 1195 3111 1269 3174; x_wconf 84' lang='grc' dir='ltr'><strong>ὡς</strong></span> <span class='ocrx_word' id='word_1_449' title='bbox 1315 3111 1460 3165; x_wconf 78' lang='grc' dir='ltr'>κατὰ</span> <span class='ocrx_word' id='word_1_450' title='bbox 1519 3110 1748 3182; x_wconf 85' lang='grc' dir='ltr'><strong>γνώμην</strong></span> <span class='ocrx_word' id='word_1_451' title='bbox 1800 3112 1863 3166; x_wconf 75' lang='grc' dir='ltr'><strong>ἂν</strong></span> 
     </span>
    </p>
   </div>
   <div class='ocr_carea' id='block_1_63' title="bbox 1963 3093 3597 3182">
    <p class='ocr_par' dir='ltr' id='par_1_63' title="bbox 1974 3093 3597 3180">
     <span class='ocr_line' id='line_1_63' title="bbox 1974 3093 3597 3180; baseline -0.001 -16"><span class='ocrx_word' id='word_1_452' title='bbox 1974 3108 2224 3180; x_wconf 88' lang='lat' dir='ltr'><strong>Subjecit</strong></span> <span class='ocrx_word' id='word_1_453' title='bbox 2271 3116 2687 3178; x_wconf 87' lang='lat' dir='ltr'><strong>protostrator:</strong></span> <span class='ocrx_word' id='word_1_454' title='bbox 2727 3107 2915 3178; x_wconf 82' lang='lat' dir='ltr'><strong>Longe</strong></span> <span class='ocrx_word' id='word_1_455' title='bbox 2954 3108 3091 3162; x_wconf 90' lang='lat' dir='ltr'><strong>mihi</strong></span> <span class='ocrx_word' id='word_1_456' title='bbox 3139 3123 3169 3162; x_wconf 90' lang='lat' dir='ltr'><strong>a</strong></span> <span class='ocrx_word' id='word_1_457' title='bbox 3201 3124 3331 3163; x_wconf 84' lang='lat' dir='ltr'><strong>vero</strong></span> <span class='ocrx_word' id='word_1_458' title='bbox 3363 3093 3550 3179; x_wconf 78' lang='lat' dir='ltr'><strong>lapsus</strong></span> <span class='ocrx_word' id='word_1_459' title='bbox 3592 3096 3597 3103; x_wconf 67' lang='grc'><em>’</em></span> 
     </span>
    </p>
   </div>
   <div class='ocr_carea' id='block_1_64' title="bbox 339 3196 1864 3274">
    <p class='ocr_par' dir='ltr' id='par_1_64' title="bbox 339 3196 1864 3274">
     <span class='ocr_line' id='line_1_64' title="bbox 339 3196 1864 3274; baseline 0.005 -26"><span class='ocrx_word' id='word_1_460' title='bbox 339 3196 463 3266; x_wconf 71' lang='grc' dir='ltr'><strong>αὐτῷ</strong></span> <span class='ocrx_word' id='word_1_461' title='bbox 484 3200 679 3266; x_wconf 78' lang='grc' dir='ltr'><strong>γένοιτο</strong></span> <span class='ocrx_word' id='word_1_462' title='bbox 701 3200 1058 3270; x_wconf 81' lang='grc' dir='ltr'><strong>δικασθῆναι,</strong></span> <span class='ocrx_word' id='word_1_463' title='bbox 1094 3201 1446 3273; x_wconf 83' lang='grc' dir='ltr'><strong>δυνησομένῳ</strong></span> <span class='ocrx_word' id='word_1_464' title='bbox 1476 3202 1676 3274; x_wconf 70' lang='grc' dir='ltr'><strong>ῥᾳδίως</strong></span> <span class='ocrx_word' id='word_1_465' title='bbox 1701 3202 1864 3256; x_wconf 78' lang='grc' dir='ltr'>αὐτὸν</span> 
     </span>
    </p>
   </div>
   <div class='ocr_carea' id='block_1_65' title="bbox 340 3287 1881 3363">
    <p class='ocr_par' dir='ltr' id='par_1_65' title="bbox 340 3287 1881 3363">
     <span class='ocr_line' id='line_1_65' title="bbox 340 3287 1881 3363; baseline 0.005 -24"><span class='ocrx_word' id='word_1_466' title='bbox 340 3287 421 3351; x_wconf 77' lang='grc' dir='ltr'><strong>μὲν</strong></span> <span class='ocrx_word' id='word_1_467' title='bbox 449 3289 608 3344; x_wconf 68' lang='grc' dir='ltr'><strong>οὖδενὶ</strong></span> <span class='ocrx_word' id='word_1_468' title='bbox 657 3293 767 3344; x_wconf 86' lang='grc' dir='ltr'><strong>τῶν</strong></span> <span class='ocrx_word' id='word_1_469' title='bbox 811 3290 1233 3362; x_wconf 71' lang='grc' dir='ltr'><strong>ἐγκαλουμένων</strong></span> <span class='ocrx_word' id='word_1_470' title='bbox 1285 3292 1612 3363; x_wconf 76' lang='grc' dir='ltr'><strong>ἐνεχόμενον</strong></span> <span class='ocrx_word' id='word_1_471' title='bbox 1646 3294 1881 3348; x_wconf 44' lang='lat' dir='ltr'><strong>{modste</strong></span> 
     </span>
    </p>
   </div>
   <div class='ocr_carea' id='block_1_66' title="bbox 336 3380 1865 3461">
    <p class='ocr_par' dir='ltr' id='par_1_66' title="bbox 336 3380 1865 3461">
     <span class='ocr_line' id='line_1_66' title="bbox 336 3380 1865 3461; baseline 0.006 -32"><span class='ocrx_word' id='word_1_472' title='bbox 336 3380 426 3445; x_wconf 83' lang='grc' dir='ltr'>ξαι,</span> <span class='ocrx_word' id='word_1_473' title='bbox 457 3380 538 3433; x_wconf 80' lang='grc' dir='ltr'><strong>τὸν</strong></span> <span class='ocrx_word' id='word_1_474' title='bbox 557 3382 612 3436; x_wconf 87' lang='grc' dir='ltr'><strong>δὲ</strong></span> <span class='ocrx_word' id='word_1_475' title='bbox 641 3383 831 3454; x_wconf 80' lang='grc' dir='ltr'><strong>κύριον</strong></span> <span class='ocrx_word' id='word_1_476' title='bbox 859 3385 952 3437; x_wconf 77' lang='grc' dir='ltr'><strong>καὶ</strong></span> <span class='ocrx_word' id='word_1_477' title='bbox 986 3382 1232 3453; x_wconf 84' lang='grc' dir='ltr'>βασιλέα,</span> <span class='ocrx_word' id='word_1_478' title='bbox 1269 3384 1451 3461; x_wconf 76' lang='grc' dir='ltr'><strong>ψυχῆς</strong></span> <span class='ocrx_word' id='word_1_479' title='bbox 1485 3386 1619 3449; x_wconf 85' lang='grc' dir='ltr'><strong>ἰδίας</strong></span> <span class='ocrx_word' id='word_1_480' title='bbox 1643 3384 1865 3456; x_wconf 81' lang='grc' dir='ltr'><strong>θέλησιν</strong></span> 
     </span>
    </p>
   </div>
   <div class='ocr_carea' id='block_1_67' title="bbox 332 3475 1870 3549">
    <p class='ocr_par' dir='ltr' id='par_1_67' title="bbox 332 3475 1870 3549">
     <span class='ocr_line' id='line_1_67' title="bbox 332 3475 1870 3549; baseline 0.007 -26"><span class='ocrx_word' id='word_1_481' title='bbox 332 3475 634 3531; x_wconf 74' lang='grc' dir='ltr'><strong>ἐκδικοῦντα.</strong></span> <span class='ocrx_word' id='word_1_482' title='bbox 683 3477 742 3530; x_wconf 85' lang='lat'><strong>&#39;0</strong></span> <span class='ocrx_word' id='word_1_483' title='bbox 773 3479 1216 3549; x_wconf 72' lang='grc' dir='ltr'><strong>πρωτοπράτωρ</strong></span> <span class='ocrx_word' id='word_1_484' title='bbox 1250 3478 1330 3542; x_wconf 85' lang='grc' dir='ltr'><strong>δὲ,</strong></span> <span class='ocrx_word' id='word_1_485' title='bbox 1366 3479 1515 3533; x_wconf 84' lang='grc' dir='ltr'><strong>Πάνυ</strong></span> <span class='ocrx_word' id='word_1_486' title='bbox 1561 3495 1653 3548; x_wconf 91' lang='grc' dir='ltr'><strong>μοι</strong></span> <span class='ocrx_word' id='word_1_487' title='bbox 1691 3480 1870 3543; x_wconf 77' lang='grc' dir='ltr'><strong>δοκεῖς</strong></span> 
     </span>
    </p>
   </div>
   <div class='ocr_carea' id='block_1_68' title="bbox 330 3562 1869 3639">
    <p class='ocr_par' dir='ltr' id='par_1_68' title="bbox 330 3562 1869 3639">
     <span class='ocr_line' id='line_1_68' title="bbox 330 3562 1869 3639; baseline 0.005 -23"><span class='ocrx_word' id='word_1_488' title='bbox 330 3567 658 3637; x_wconf 68' lang='grc' dir='ltr'><strong>ἁμαρτάνειν,</strong></span> <span class='ocrx_word' id='word_1_489' title='bbox 699 3568 830 3639; x_wconf 72' lang='grc' dir='ltr'><strong>ἔφη,</strong></span> <span class='ocrx_word' id='word_1_490' title='bbox 885 3568 981 3622; x_wconf 81' lang='grc' dir='ltr'><strong>τοῦ</strong></span> <span class='ocrx_word' id='word_1_491' title='bbox 1040 3568 1215 3633; x_wconf 71' lang='grc' dir='ltr'><strong>ὄντος,</strong></span> <span class='ocrx_word' id='word_1_492' title='bbox 1254 3562 1300 3622; x_wconf 82' lang='grc' dir='ltr'><strong>ὧ</strong></span> <span class='ocrx_word' id='word_1_493' title='bbox 1350 3568 1575 3638; x_wconf 79' lang='grc' dir='ltr'><strong>βασιλεῦ</strong></span> <span class='ocrx_word' id='word_1_494' title='bbox 1602 3586 1615 3599; x_wconf 89' lang='grc'><strong>·</strong></span> <span class='ocrx_word' id='word_1_495' title='bbox 1664 3570 1758 3623; x_wconf 68' lang='grc' dir='ltr'><strong>καὶ</strong></span> <span class='ocrx_word' id='word_1_496' title='bbox 1792 3570 1869 3633; x_wconf 83' lang='grc' dir='ltr'><strong>ὡς</strong></span> 
     </span>
    </p>
   </div>
   <div class='ocr_carea' id='block_1_69' title="bbox 331 3652 1871 3733">
    <p class='ocr_par' dir='ltr' id='par_1_69' title="bbox 331 3652 1871 3733">
     <span class='ocr_line' id='line_1_69' title="bbox 331 3652 1871 3733; baseline 0.005 -25"><span class='ocrx_word' id='word_1_497' title='bbox 331 3657 501 3725; x_wconf 82' lang='grc' dir='ltr'><strong>ἑοικεν,</strong></span> <span class='ocrx_word' id='word_1_498' title='bbox 532 3652 604 3714; x_wconf 77' lang='grc' dir='ltr'><strong>ὧν</strong></span> <span class='ocrx_word' id='word_1_499' title='bbox 629 3660 767 3732; x_wconf 77' lang='grc' dir='ltr'><strong>πρὸς</strong></span> <span class='ocrx_word' id='word_1_500' title='bbox 792 3661 852 3714; x_wconf 76' lang='grc' dir='ltr'><strong>σὲ</strong></span> <span class='ocrx_word' id='word_1_501' title='bbox 885 3662 1015 3731; x_wconf 81' lang='grc' dir='ltr'><strong>περὶ</strong></span> <span class='ocrx_word' id='word_1_502' title='bbox 1042 3661 1143 3730; x_wconf 79' lang='grc' dir='ltr'><strong>τῆς</strong></span> <span class='ocrx_word' id='word_1_503' title='bbox 1164 3659 1423 3729; x_wconf 80' lang='grc' dir='ltr'><strong>τοιαύτης</strong></span> <span class='ocrx_word' id='word_1_504' title='bbox 1445 3662 1684 3730; x_wconf 89' lang='grc' dir='ltr'><strong>κρίσεως</strong></span> <span class='ocrx_word' id='word_1_505' title='bbox 1715 3665 1743 3717; x_wconf 80' lang='grc' dir='ltr'>ο</span> <span class='ocrx_word' id='word_1_506' title='bbox 1777 3664 1871 3733; x_wconf 72' lang='grc' dir='ltr'><strong>μέ-</strong></span> 
     </span>
    </p>
   </div>
   <div class='ocr_carea' id='block_1_70' title="bbox 333 3752 1871 3825">
    <p class='ocr_par' dir='ltr' id='par_1_70' title="bbox 333 3752 1871 3825">
     <span class='ocr_line' id='line_1_70' title="bbox 333 3752 1871 3825; baseline -0.001 -14"><span class='ocrx_word' id='word_1_507' title='bbox 333 3765 414 3816; x_wconf 76' lang='grc' dir='ltr'><strong>γας</strong></span> <span class='ocrx_word' id='word_1_508' title='bbox 434 3752 741 3821; x_wconf 80' lang='grc' dir='ltr'><strong>δομέστικος</strong></span> <span class='ocrx_word' id='word_1_509' title='bbox 772 3754 994 3825; x_wconf 74' lang='grc' dir='ltr'><strong>εἴρηκεν</strong></span> <span class='ocrx_word' id='word_1_510' title='bbox 1031 3755 1329 3821; x_wconf 75' lang='grc' dir='ltr'><strong>ἐπελάθου,</strong></span> <span class='ocrx_word' id='word_1_511' title='bbox 1360 3754 1396 3810; x_wconf 76' lang='grc' dir='ltr'>ἃ</span> <span class='ocrx_word' id='word_1_512' title='bbox 1426 3755 1491 3824; x_wconf 83' lang='grc' dir='ltr'><strong>δή</strong></span> <span class='ocrx_word' id='word_1_513' title='bbox 1523 3771 1631 3809; x_wconf 88' lang='grc' dir='ltr'><strong>που</strong></span> <span class='ocrx_word' id='word_1_514' title='bbox 1661 3756 1753 3810; x_wconf 74' lang='grc' dir='ltr'><strong>καὶ</strong></span> <span class='ocrx_word' id='word_1_515' title='bbox 1788 3755 1871 3809; x_wconf 80' lang='grc' dir='ltr'><strong>σοὶ</strong></span> 
     </span>
    </p>
   </div>
   <div class='ocr_carea' id='block_1_71' title="bbox 329 3843 1874 3918">
    <p class='ocr_par' dir='ltr' id='par_1_71' title="bbox 329 3843 1874 3918">
     <span class='ocr_line' id='line_1_71' title="bbox 329 3843 1874 3918; baseline 0.01 -28"><span class='ocrx_word' id='word_1_516' title='bbox 329 3843 551 3911; x_wconf 73' lang='grc' dir='ltr'><strong>εἰρῆσθαι</strong></span> <span class='ocrx_word' id='word_1_517' title='bbox 572 3845 693 3898; x_wconf 82' lang='grc' dir='ltr'><strong>τότε</strong></span> <span class='ocrx_word' id='word_1_518' title='bbox 724 3847 820 3899; x_wconf 74' lang='grc' dir='ltr'><strong>καὶ</strong></span> <span class='ocrx_word' id='word_1_519' title='bbox 850 3846 983 3916; x_wconf 72' lang='grc' dir='ltr'><strong>ημῖν</strong></span> <span class='ocrx_word' id='word_1_520' title='bbox 1010 3845 1187 3916; x_wconf 82' lang='grc' dir='ltr'><strong>ὀρθῶς</strong></span> <span class='ocrx_word' id='word_1_521' title='bbox 1213 3845 1414 3900; x_wconf 81' lang='grc' dir='ltr'><strong>ἐδόκει.</strong></span> <span class='ocrx_word' id='word_1_522' title='bbox 1448 3847 1551 3901; x_wconf 81' lang='grc' dir='ltr'><strong>Σοῦ</strong></span> <span class='ocrx_word' id='word_1_523' title='bbox 1584 3846 1694 3917; x_wconf 83' lang='grc' dir='ltr'><strong>γὰρ</strong></span> <span class='ocrx_word' id='word_1_524' title='bbox 1723 3850 1874 3918; x_wconf 83' lang='grc' dir='ltr'><strong>είρη-</strong></span> 
     </span>
    </p>
   </div>
   <div class='ocr_carea' id='block_1_72' title="bbox 333 3933 1873 4010">
    <p class='ocr_par' dir='ltr' id='par_1_72' title="bbox 333 3933 1873 4010">
     <span class='ocr_line' id='line_1_72' title="bbox 333 3933 1873 4010; baseline 0.004 -25"><span class='ocrx_word' id='word_1_525' title='bbox 333 3933 484 3998; x_wconf 63' lang='grc' dir='ltr'><strong>κότος,</strong></span> <span class='ocrx_word' id='word_1_526' title='bbox 521 3936 607 3999; x_wconf 78' lang='grc' dir='ltr'><strong>Ὠς</strong></span> <span class='ocrx_word' id='word_1_527' title='bbox 635 3936 931 4007; x_wconf 73' lang='grc' dir='ltr'><strong>βουλοίμην</strong></span> <span class='ocrx_word' id='word_1_528' title='bbox 957 3937 1025 3992; x_wconf 82' lang='grc' dir='ltr'><strong>ἂν</strong></span> <span class='ocrx_word' id='word_1_529' title='bbox 1055 3938 1149 3991; x_wconf 72' lang='grc' dir='ltr'><strong>ἐπὶ</strong></span> <span class='ocrx_word' id='word_1_530' title='bbox 1170 3938 1265 3993; x_wconf 82' lang='grc' dir='ltr'><strong>τοῦ</strong></span> <span class='ocrx_word' id='word_1_531' title='bbox 1307 3938 1571 4010; x_wconf 74' lang='grc' dir='ltr'><strong>βασιλέως</strong></span> <span class='ocrx_word' id='word_1_532' title='bbox 1598 3940 1692 3994; x_wconf 79' lang='grc' dir='ltr'><strong>καὶ</strong></span> <span class='ocrx_word' id='word_1_533' title='bbox 1723 3939 1873 3994; x_wconf 83' lang='grc' dir='ltr'><strong>πάπ-</strong></span> 
     </span>
    </p>
   </div>
   <div class='ocr_carea' id='block_1_73' title="bbox 331 4027 1872 4100">
    <p class='ocr_par' dir='ltr' id='par_1_73' title="bbox 331 4027 1872 4100">
     <span class='ocr_line' id='line_1_73' title="bbox 331 4027 1872 4100; baseline 0.005 -24"><span class='ocrx_word' id='word_1_534' title='bbox 331 4041 417 4078; x_wconf 76' lang='grc' dir='ltr'><strong>που</strong></span> <span class='ocrx_word' id='word_1_535' title='bbox 442 4028 590 4098; x_wconf 82' lang='grc' dir='ltr'>δίκης</span> <span class='ocrx_word' id='word_1_536' title='bbox 623 4027 832 4098; x_wconf 82' lang='grc' dir='ltr'><strong>τυχὼν,</strong></span> <span class='ocrx_word' id='word_1_537' title='bbox 862 4028 896 4099; x_wconf 72' lang='grc' dir='ltr'>ἢ</span> <span class='ocrx_word' id='word_1_538' title='bbox 935 4028 1005 4083; x_wconf 81' lang='grc' dir='ltr'><strong>τὰ</strong></span> <span class='ocrx_word' id='word_1_539' title='bbox 1052 4031 1376 4100; x_wconf 66' lang='grc' dir='ltr'><strong>ἐγκλήματα</strong></span> <span class='ocrx_word' id='word_1_540' title='bbox 1408 4029 1804 4093; x_wconf 79' lang='grc' dir='ltr'><strong>ἀπολύσασθαι,</strong></span> <span class='ocrx_word' id='word_1_541' title='bbox 1838 4029 1872 4097; x_wconf 76' lang='grc' dir='ltr'>ἢ</span> 
     </span>
    </p>
   </div>
   <div class='ocr_carea' id='block_1_74' title="bbox 328 4114 1874 4190">
    <p class='ocr_par' dir='ltr' id='par_1_74' title="bbox 328 4114 1874 4190">
     <span class='ocr_line' id='line_1_74' title="bbox 328 4114 1874 4190; baseline 0.005 -24"><span class='ocrx_word' id='word_1_542' title='bbox 328 4114 465 4168; x_wconf 77' lang='grc' dir='ltr'><strong>τοῦτο</strong></span> <span class='ocrx_word' id='word_1_543' title='bbox 495 4118 567 4187; x_wconf 77' lang='grc' dir='ltr'><strong>μη</strong></span> <span class='ocrx_word' id='word_1_544' title='bbox 595 4117 868 4187; x_wconf 80' lang='grc' dir='ltr'><strong>δυνηθεὶς,</strong></span> <span class='ocrx_word' id='word_1_545' title='bbox 929 4118 1007 4190; x_wconf 84' lang='grc' dir='ltr'><strong>μὴ</strong></span> <span class='ocrx_word' id='word_1_546' title='bbox 1036 4119 1136 4188; x_wconf 72' lang='grc' dir='ltr'><strong>τὴν</strong></span> <span class='ocrx_word' id='word_1_547' title='bbox 1190 4119 1472 4190; x_wconf 79' lang='grc' dir='ltr'><strong>βασιλείαν</strong></span> <span class='ocrx_word' id='word_1_548' title='bbox 1506 4120 1687 4189; x_wconf 81' lang='grc' dir='ltr'><strong>μόνον,</strong></span> <span class='ocrx_word' id='word_1_549' title='bbox 1737 4118 1874 4174; x_wconf 80' lang='grc' dir='ltr'>ἀλλὰ</span> 
     </span>
    </p>
   </div>
   <div class='ocr_carea' id='block_1_75' title="bbox 330 4205 1874 4280">
    <p class='ocr_par' dir='ltr' id='par_1_75' title="bbox 330 4205 1874 4280">
     <span class='ocr_line' id='line_1_75' title="bbox 330 4205 1874 4280; baseline 0.006 -26"><span class='ocrx_word' id='word_1_550' title='bbox 330 4205 408 4257; x_wconf 75' lang='grc' dir='ltr'><strong>καὶ</strong></span> <span class='ocrx_word' id='word_1_551' title='bbox 429 4206 594 4278; x_wconf 73' lang='grc' dir='ltr'><strong>αὐτὴν</strong></span> <span class='ocrx_word' id='word_1_552' title='bbox 625 4206 998 4278; x_wconf 74' lang='grc' dir='ltr'><strong>ἀφαιρεθῆναι</strong></span> <span class='ocrx_word' id='word_1_553' title='bbox 1045 4206 1214 4278; x_wconf 68' lang='grc' dir='ltr'><strong>ζωὴν,</strong></span> <span class='ocrx_word' id='word_1_554' title='bbox 1244 4207 1274 4262; x_wconf 78' lang='grc' dir='ltr'><strong>ὃ</strong></span> <span class='ocrx_word' id='word_1_555' title='bbox 1325 4209 1369 4262; x_wconf 85' lang='grc' dir='ltr'><strong>δ’</strong></span> <span class='ocrx_word' id='word_1_556' title='bbox 1403 4208 1609 4278; x_wconf 75' lang='grc' dir='ltr'><strong>ηὔξατο</strong></span> <span class='ocrx_word' id='word_1_557' title='bbox 1661 4208 1737 4280; x_wconf 79' lang='grc' dir='ltr'><strong>μὴ</strong></span> <span class='ocrx_word' id='word_1_558' title='bbox 1761 4207 1874 4273; x_wconf 77' lang='grc' dir='ltr'><strong>ζῶν</strong></span> 
     </span>
    </p>
   </div>
   <div class='ocr_carea' id='block_1_76' title="bbox 330 4294 1876 4373">
    <p class='ocr_par' dir='ltr' id='par_1_76' title="bbox 330 4294 1876 4373">
     <span class='ocr_line' id='line_1_76' title="bbox 330 4294 1876 4373; baseline 0.005 -25"><span class='ocrx_word' id='word_1_559' title='bbox 330 4297 440 4350; x_wconf 63' lang='lat' dir='ltr'><strong>ltitia</strong></span> <span class='ocrx_word' id='word_1_560' title='bbox 467 4299 723 4371; x_wconf 81' lang='grc' dir='ltr'><strong>τοιαύτην</strong></span> <span class='ocrx_word' id='word_1_561' title='bbox 750 4300 968 4370; x_wconf 65' lang='grc' dir='ltr'><strong>ἡμέραν</strong></span> <span class='ocrx_word' id='word_1_562' title='bbox 996 4301 1055 4352; x_wconf 78' lang='grc' dir='ltr'><strong>ὲν</strong></span> <span class='ocrx_word' id='word_1_563' title='bbox 1149 4301 1441 4370; x_wconf 80' lang='grc' dir='ltr'><strong>γενήσεταί</strong></span> <span class='ocrx_word' id='word_1_564' title='bbox 1483 4318 1570 4355; x_wconf 89' lang='grc' dir='ltr'><strong>σοι</strong></span> <span class='ocrx_word' id='word_1_565' title='bbox 1614 4303 1693 4372; x_wconf 83' lang='grc' dir='ltr'><strong>τῷ</strong></span> <span class='ocrx_word' id='word_1_566' title='bbox 1716 4301 1876 4373; x_wconf 69' lang='grc' dir='ltr'>βασις</span> 
     </span>
    </p>
   </div>
   <div class='ocr_carea' id='block_1_77' title="bbox 328 4388 1871 4466">
    <p class='ocr_par' dir='ltr' id='par_1_77' title="bbox 328 4388 1871 4466">
     <span class='ocr_line' id='line_1_77' title="bbox 328 4388 1871 4466; baseline 0.005 -26"><span class='ocrx_word' id='word_1_567' title='bbox 328 4388 397 4443; x_wconf 75' lang='grc' dir='ltr'><strong>λεί</strong></span> <span class='ocrx_word' id='word_1_568' title='bbox 418 4393 504 4444; x_wconf 79' lang='grc' dir='ltr'><strong>καὶ</strong></span> <span class='ocrx_word' id='word_1_569' title='bbox 521 4392 599 4462; x_wconf 79' lang='grc' dir='ltr'>τῷ</span> <span class='ocrx_word' id='word_1_570' title='bbox 632 4395 849 4462; x_wconf 80' lang='grc' dir='ltr'><strong>πάππῳ</strong></span> <span class='ocrx_word' id='word_1_571' title='bbox 880 4391 1237 4463; x_wconf 75' lang='grc' dir='ltr'><strong>δικαζόμενον</strong></span> <span class='ocrx_word' id='word_1_572' title='bbox 1279 4392 1428 4457; x_wconf 80' lang='grc' dir='ltr'><strong>ἰδεῖν,</strong></span> <span class='ocrx_word' id='word_1_573' title='bbox 1470 4394 1529 4446; x_wconf 82' lang='grc' dir='ltr'><strong>οὐ</strong></span> <span class='ocrx_word' id='word_1_574' title='bbox 1554 4393 1661 4466; x_wconf 80' lang='grc' dir='ltr'><strong>γὰρ</strong></span> <span class='ocrx_word' id='word_1_575' title='bbox 1690 4395 1871 4465; x_wconf 78' lang='grc' dir='ltr'><strong>δίκης,</strong></span> 
     </span>
    </p>
   </div>
   <div class='ocr_carea' id='block_1_78' title="bbox 1968 3200 3549 3272">
    <p class='ocr_par' dir='ltr' id='par_1_78' title="bbox 1968 3200 3549 3272">
     <span class='ocr_line' id='line_1_78' title="bbox 1968 3200 3549 3272; baseline 0.002 -18"><span class='ocrx_word' id='word_1_576' title='bbox 1968 3201 2200 3267; x_wconf 86' lang='lat' dir='ltr'><strong>videris,</strong></span> <span class='ocrx_word' id='word_1_577' title='bbox 2234 3202 2558 3271; x_wconf 85' lang='lat' dir='ltr'><strong>imperator,</strong></span> <span class='ocrx_word' id='word_1_578' title='bbox 2587 3210 2756 3271; x_wconf 89' lang='lat' dir='ltr'><strong>atque</strong></span> <span class='ocrx_word' id='word_1_579' title='bbox 2790 3209 2850 3255; x_wconf 93' lang='lat' dir='ltr'><strong>ut</strong></span> <span class='ocrx_word' id='word_1_580' title='bbox 2877 3200 3181 3256; x_wconf 87' lang='lat' dir='ltr'><strong>verisimile</strong></span> <span class='ocrx_word' id='word_1_581' title='bbox 3215 3200 3294 3265; x_wconf 83' lang='lat' dir='ltr'><strong>fit,</strong></span> <span class='ocrx_word' id='word_1_582' title='bbox 3326 3216 3449 3272; x_wconf 75' lang='lat' dir='ltr'><strong>qua:</strong></span> <span class='ocrx_word' id='word_1_583' title='bbox 3477 3201 3549 3257; x_wconf 87' lang='lat' dir='ltr'><strong>de</strong></span> 
     </span>
    </p>
   </div>
   <div class='ocr_carea' id='block_1_79' title="bbox 1971 3292 3552 3365">
    <p class='ocr_par' dir='ltr' id='par_1_79' title="bbox 1971 3292 3552 3365">
     <span class='ocr_line' id='line_1_79' title="bbox 1971 3292 3552 3365; baseline 0 -18"><span class='ocrx_word' id='word_1_584' title='bbox 1971 3293 2065 3349; x_wconf 89' lang='lat' dir='ltr'><strong>tali</strong></span> <span class='ocrx_word' id='word_1_585' title='bbox 2094 3294 2310 3365; x_wconf 85' lang='lat' dir='ltr'><strong>judicio</strong></span> <span class='ocrx_word' id='word_1_586' title='bbox 2340 3308 2371 3348; x_wconf 91' lang='lat' dir='ltr'><strong>a</strong></span> <span class='ocrx_word' id='word_1_587' title='bbox 2403 3307 2603 3363; x_wconf 87' lang='lat' dir='ltr'><strong>magno</strong></span> <span class='ocrx_word' id='word_1_588' title='bbox 2634 3293 2941 3348; x_wconf 89' lang='lat' dir='ltr'><strong>domestico</strong></span> <span class='ocrx_word' id='word_1_589' title='bbox 2961 3292 3248 3359; x_wconf 85' lang='lat' dir='ltr'><strong>audivisti,</strong></span> <span class='ocrx_word' id='word_1_590' title='bbox 3269 3293 3380 3364; x_wconf 80' lang='lat'><strong><em>39</em></strong></span> <span class='ocrx_word' id='word_1_591' title='bbox 3401 3308 3552 3363; x_wconf 84' lang='lat' dir='ltr'><strong>quae-</strong></span> 
     </span>
    </p>
   </div>
   <div class='ocr_carea' id='block_1_80' title="bbox 1968 3384 3581 3456">
    <p class='ocr_par' dir='ltr' id='par_1_80' title="bbox 1968 3384 3581 3456">
     <span class='ocr_line' id='line_1_80' title="bbox 1968 3384 3581 3456; baseline 0 -15"><span class='ocrx_word' id='word_1_592' title='bbox 1968 3401 2078 3454; x_wconf 86' lang='lat' dir='ltr'><strong>que</strong></span> <span class='ocrx_word' id='word_1_593' title='bbox 2108 3397 2221 3442; x_wconf 84' lang='lat' dir='ltr'><strong>tum</strong></span> <span class='ocrx_word' id='word_1_594' title='bbox 2251 3394 2308 3439; x_wconf 83' lang='lat' dir='ltr'><strong>et</strong></span> <span class='ocrx_word' id='word_1_595' title='bbox 2348 3400 2379 3439; x_wconf 89' lang='lat' dir='ltr'><strong>a</strong></span> <span class='ocrx_word' id='word_1_596' title='bbox 2413 3394 2488 3447; x_wconf 84' lang='lat' dir='ltr'><strong>te.</strong></span> <span class='ocrx_word' id='word_1_597' title='bbox 2514 3394 2573 3440; x_wconf 90' lang='lat' dir='ltr'><strong>et</strong></span> <span class='ocrx_word' id='word_1_598' title='bbox 2597 3400 2629 3439; x_wconf 87' lang='lat' dir='ltr'><strong>a</strong></span> <span class='ocrx_word' id='word_1_599' title='bbox 2655 3385 2835 3449; x_wconf 88' lang='lat' dir='ltr'><strong>nobis,</strong></span> <span class='ocrx_word' id='word_1_600' title='bbox 2868 3392 2929 3437; x_wconf 93' lang='lat' dir='ltr'><strong>ut</strong></span> <span class='ocrx_word' id='word_1_601' title='bbox 2960 3393 3111 3439; x_wconf 90' lang='lat' dir='ltr'><strong>recte</strong></span> <span class='ocrx_word' id='word_1_602' title='bbox 3138 3384 3284 3441; x_wconf 89' lang='lat' dir='ltr'><strong>dicta</strong></span> <span class='ocrx_word' id='word_1_603' title='bbox 3314 3385 3581 3456; x_wconf 64' lang='lat' dir='ltr'><strong>accipie-~</strong></span> 
     </span>
    </p>
   </div>
   <div class='ocr_carea' id='block_1_81' title="bbox 1970 3475 3549 3547">
    <p class='ocr_par' dir='ltr' id='par_1_81' title="bbox 1970 3475 3549 3547">
     <span class='ocr_line' id='line_1_81' title="bbox 1970 3475 3549 3547; baseline -0.003 -12"><span class='ocrx_word' id='word_1_604' title='bbox 1970 3478 2195 3547; x_wconf 88' lang='lat' dir='ltr'><strong>bantur,</strong></span> <span class='ocrx_word' id='word_1_605' title='bbox 2235 3493 2428 3533; x_wconf 88' lang='lat' dir='ltr'><strong>eorum</strong></span> <span class='ocrx_word' id='word_1_606' title='bbox 2475 3483 2528 3533; x_wconf 89' lang='lat' dir='ltr'><strong>te</strong></span> <span class='ocrx_word' id='word_1_607' title='bbox 2562 3477 2854 3547; x_wconf 84' lang='lat' dir='ltr'><strong>occupavit</strong></span> <span class='ocrx_word' id='word_1_608' title='bbox 2880 3475 3107 3532; x_wconf 85' lang='lat' dir='ltr'><strong>oblivio.</strong></span> <span class='ocrx_word' id='word_1_609' title='bbox 3145 3476 3280 3532; x_wconf 79' lang='lat' dir='ltr'><strong>Nam</strong></span> <span class='ocrx_word' id='word_1_610' title='bbox 3329 3491 3454 3532; x_wconf 86' lang='lat' dir='ltr'><strong>cuin</strong></span> <span class='ocrx_word' id='word_1_611' title='bbox 3492 3489 3549 3531; x_wconf 90' lang='grc' dir='ltr'><strong>ιιι</strong></span> 
     </span>
    </p>
   </div>
   <div class='ocr_carea' id='block_1_82' title="bbox 1973 3568 3555 3639">
    <p class='ocr_par' dir='ltr' id='par_1_82' title="bbox 1973 3568 3555 3639">
     <span class='ocr_line' id='line_1_82' title="bbox 1973 3568 3555 3639; baseline -0.002 -13"><span class='ocrx_word' id='word_1_612' title='bbox 1973 3571 2049 3626; x_wconf 89' lang='lat' dir='ltr'><strong>ita</strong></span> <span class='ocrx_word' id='word_1_613' title='bbox 2081 3569 2462 3639; x_wconf 72' lang='lat' dir='ltr'><strong>praedicasses,</strong></span> <span class='ocrx_word' id='word_1_614' title='bbox 2498 3568 2640 3624; x_wconf 88' lang='lat' dir='ltr'><strong>velle</strong></span> <span class='ocrx_word' id='word_1_615' title='bbox 2671 3575 2745 3633; x_wconf 92' lang='lat' dir='ltr'><strong>te,</strong></span> <span class='ocrx_word' id='word_1_616' title='bbox 2779 3569 2823 3623; x_wconf 91' lang='lat' dir='ltr'><strong>si</strong></span> <span class='ocrx_word' id='word_1_617' title='bbox 2849 3569 2996 3639; x_wconf 88' lang='lat' dir='ltr'><strong>apud</strong></span> <span class='ocrx_word' id='word_1_618' title='bbox 3023 3583 3184 3622; x_wconf 81' lang='lat' dir='ltr'><strong>avnm</strong></span> <span class='ocrx_word' id='word_1_619' title='bbox 3216 3583 3438 3625; x_wconf 88' lang='lat' dir='ltr'><strong>causam</strong></span> <span class='ocrx_word' id='word_1_620' title='bbox 3471 3570 3555 3624; x_wconf 80' lang='lat' dir='ltr'><strong>di-</strong></span> 
     </span>
    </p>
   </div>
   <div class='ocr_carea' id='block_1_83' title="bbox 1971 3658 3552 3729">
    <p class='ocr_par' dir='ltr' id='par_1_83' title="bbox 1971 3658 3552 3729">
     <span class='ocr_line' id='line_1_83' title="bbox 1971 3658 3552 3729; baseline -0.003 -11"><span class='ocrx_word' id='word_1_621' title='bbox 1971 3677 2161 3727; x_wconf 85' lang='lat' dir='ltr'><strong>ceres,</strong></span> <span class='ocrx_word' id='word_1_622' title='bbox 2189 3671 2285 3716; x_wconf 89' lang='lat' dir='ltr'><strong>aut</strong></span> <span class='ocrx_word' id='word_1_623' title='bbox 2309 3660 2525 3729; x_wconf 88' lang='lat' dir='ltr'><strong>objecta</strong></span> <span class='ocrx_word' id='word_1_624' title='bbox 2549 3658 2783 3723; x_wconf 87' lang='lat' dir='ltr'><strong>diluere,</strong></span> <span class='ocrx_word' id='word_1_625' title='bbox 2816 3668 2933 3724; x_wconf 89' lang='lat' dir='ltr'><strong>aut,</strong></span> <span class='ocrx_word' id='word_1_626' title='bbox 2959 3659 3005 3713; x_wconf 90' lang='lat' dir='ltr'><strong>si</strong></span> <span class='ocrx_word' id='word_1_627' title='bbox 3034 3659 3088 3713; x_wconf 88' lang='lat' dir='ltr'><strong>id</strong></span> <span class='ocrx_word' id='word_1_628' title='bbox 3125 3659 3309 3713; x_wconf 85' lang='lat' dir='ltr'><strong>minus</strong></span> <span class='ocrx_word' id='word_1_629' title='bbox 3339 3674 3552 3728; x_wconf 86' lang='lat' dir='ltr'><strong>posses,</strong></span> 
     </span>
    </p>
   </div>
   <div class='ocr_carea' id='block_1_84' title="bbox 1975 3748 3556 3821">
    <p class='ocr_par' dir='ltr' id='par_1_84' title="bbox 1975 3748 3556 3821">
     <span class='ocr_line' id='line_1_84' title="bbox 1975 3748 3556 3821; baseline -0.002 -13"><span class='ocrx_word' id='word_1_630' title='bbox 1975 3766 2086 3809; x_wconf 92' lang='lat' dir='ltr'><strong>non</strong></span> <span class='ocrx_word' id='word_1_631' title='bbox 2116 3749 2354 3821; x_wconf 87' lang='lat' dir='ltr'><strong>imperio</strong></span> <span class='ocrx_word' id='word_1_632' title='bbox 2386 3757 2625 3811; x_wconf 85' lang='lat' dir='ltr'><strong>tantum,</strong></span> <span class='ocrx_word' id='word_1_633' title='bbox 2657 3763 2851 3804; x_wconf 87' lang='lat' dir='ltr'><strong>verum</strong></span> <span class='ocrx_word' id='word_1_634' title='bbox 2887 3749 3054 3804; x_wconf 86' lang='lat' dir='ltr'><strong>etiam</strong></span> <span class='ocrx_word' id='word_1_635' title='bbox 3083 3748 3197 3804; x_wconf 83' lang='lat' dir='ltr'><strong>vita</strong></span> <span class='ocrx_word' id='word_1_636' title='bbox 3221 3763 3435 3811; x_wconf 79' lang='lat' dir='ltr'><strong>carere,</strong></span> <span class='ocrx_word' id='word_1_637' title='bbox 3462 3749 3556 3805; x_wconf 81' lang='lat' dir='ltr'><strong>ille</strong></span> 
     </span>
    </p>
   </div>
   <div class='ocr_carea' id='block_1_85' title="bbox 1976 3838 3553 3911">
    <p class='ocr_par' dir='ltr' id='par_1_85' title="bbox 1976 3838 3553 3911">
     <span class='ocr_line' id='line_1_85' title="bbox 1976 3838 3553 3911; baseline -0.001 -15"><span class='ocrx_word' id='word_1_638' title='bbox 1976 3841 2175 3896; x_wconf 76' lang='lat' dir='ltr'><strong>emori</strong></span> <span class='ocrx_word' id='word_1_639' title='bbox 2216 3840 2447 3908; x_wconf 86' lang='lat' dir='ltr'><strong>optabat</strong></span> <span class='ocrx_word' id='word_1_640' title='bbox 2499 3840 2684 3911; x_wconf 86' lang='lat' dir='ltr'><strong>potius</strong></span> <span class='ocrx_word' id='word_1_641' title='bbox 2730 3855 2895 3909; x_wconf 88' lang='lat' dir='ltr'><strong>quam</strong></span> <span class='ocrx_word' id='word_1_642' title='bbox 2942 3838 3133 3909; x_wconf 84' lang='lat' dir='ltr'><strong>videre</strong></span> <span class='ocrx_word' id='word_1_643' title='bbox 3172 3839 3318 3895; x_wconf 89' lang='lat' dir='ltr'><strong>diem</strong></span> <span class='ocrx_word' id='word_1_644' title='bbox 3372 3840 3553 3905; x_wconf 89' lang='lat' dir='ltr'><strong>illum,</strong></span> 
     </span>
    </p>
   </div>
   <div class='ocr_carea' id='block_1_86' title="bbox 1976 3928 3553 4001">
    <p class='ocr_par' dir='ltr' id='par_1_86' title="bbox 1976 3928 3553 4001">
     <span class='ocr_line' id='line_1_86' title="bbox 1976 3928 3553 4001; baseline -0.002 -14"><span class='ocrx_word' id='word_1_645' title='bbox 1976 3947 2088 4001; x_wconf 89' lang='lat' dir='ltr'><strong>quo</strong></span> <span class='ocrx_word' id='word_1_646' title='bbox 2120 3937 2178 3986; x_wconf 89' lang='lat' dir='ltr'><strong>tu</strong></span> <span class='ocrx_word' id='word_1_647' title='bbox 2208 3930 2419 4000; x_wconf 89' lang='lat' dir='ltr'><strong>judicio</strong></span> <span class='ocrx_word' id='word_1_648' title='bbox 2456 3945 2583 3985; x_wconf 92' lang='lat' dir='ltr'><strong>cum</strong></span> <span class='ocrx_word' id='word_1_649' title='bbox 2616 3945 2721 3985; x_wconf 75' lang='lat' dir='ltr'><strong>aro</strong></span> <span class='ocrx_word' id='word_1_650' title='bbox 2775 3928 3148 3985; x_wconf 82' lang='lat' dir='ltr'><strong>contenderes</strong></span> <span class='ocrx_word' id='word_1_651' title='bbox 3200 3948 3216 3985; x_wconf 88' lang='lat'><strong>:</strong></span> <span class='ocrx_word' id='word_1_652' title='bbox 3262 3945 3372 3985; x_wconf 90' lang='lat' dir='ltr'><strong>non</strong></span> <span class='ocrx_word' id='word_1_653' title='bbox 3404 3931 3553 3986; x_wconf 91' lang='lat' dir='ltr'><strong>enim</strong></span> 
     </span>
    </p>
   </div>
   <div class='ocr_carea' id='block_1_87' title="bbox 1972 4020 3557 4095">
    <p class='ocr_par' dir='ltr' id='par_1_87' title="bbox 1972 4020 3557 4095">
     <span class='ocr_line' id='line_1_87' title="bbox 1972 4020 3557 4095; baseline -0.001 -18"><span class='ocrx_word' id='word_1_654' title='bbox 1972 4023 2195 4095; x_wconf 85' lang='lat' dir='ltr'><strong>judicii,</strong></span> <span class='ocrx_word' id='word_1_655' title='bbox 2226 4023 2323 4093; x_wconf 80' lang='lat' dir='ltr'><strong>sed</strong></span> <span class='ocrx_word' id='word_1_656' title='bbox 2357 4021 2839 4078; x_wconf 86' lang='lat' dir='ltr'><strong>condemnationis</strong></span> <span class='ocrx_word' id='word_1_657' title='bbox 2873 4020 3022 4077; x_wconf 87' lang='lat' dir='ltr'><strong>diem</strong></span> <span class='ocrx_word' id='word_1_658' title='bbox 3056 4036 3249 4076; x_wconf 85' lang='lat' dir='ltr'><strong>revera</strong></span> <span class='ocrx_word' id='word_1_659' title='bbox 3276 4022 3557 4091; x_wconf 86' lang='lat' dir='ltr'><strong>appellare</strong></span> 
     </span>
    </p>
   </div>
   <div class='ocr_carea' id='block_1_88' title="bbox 1979 4113 3559 4186">
    <p class='ocr_par' dir='ltr' id='par_1_88' title="bbox 1979 4113 3559 4186">
     <span class='ocr_line' id='line_1_88' title="bbox 1979 4113 3559 4186; baseline -0.001 -15"><span class='ocrx_word' id='word_1_660' title='bbox 1979 4116 2262 4183; x_wconf 83' lang='lat' dir='ltr'><strong>convenit.</strong></span> <span class='ocrx_word' id='word_1_661' title='bbox 2293 4114 2432 4172; x_wconf 86' lang='lat' dir='ltr'><strong>Cum</strong></span> <span class='ocrx_word' id='word_1_662' title='bbox 2463 4115 2615 4171; x_wconf 89' lang='lat' dir='ltr'><strong>enim</strong></span> <span class='ocrx_word' id='word_1_663' title='bbox 2662 4115 2808 4170; x_wconf 92' lang='lat' dir='ltr'><strong>idem</strong></span> <span class='ocrx_word' id='word_1_664' title='bbox 2854 4114 2930 4171; x_wconf 81' lang='lat' dir='ltr'><strong>sit</strong></span> <span class='ocrx_word' id='word_1_665' title='bbox 2985 4113 3205 4170; x_wconf 86' lang='lat' dir='ltr'><strong>futurus</strong></span> <span class='ocrx_word' id='word_1_666' title='bbox 3234 4114 3424 4186; x_wconf 78' lang='lat' dir='ltr'><strong>judex,</strong></span> <span class='ocrx_word' id='word_1_667' title='bbox 3461 4114 3559 4184; x_wconf 87' lang='lat' dir='ltr'><strong>qui</strong></span> 
     </span>
    </p>
   </div>
   <div class='ocr_carea' id='block_1_89' title="bbox 1986 4204 3557 4278">
    <p class='ocr_par' dir='ltr' id='par_1_89' title="bbox 1986 4204 3557 4278">
     <span class='ocr_line' id='line_1_89' title="bbox 1986 4204 3557 4278; baseline -0.003 -15"><span class='ocrx_word' id='word_1_668' title='bbox 1986 4216 2301 4274; x_wconf 80' lang='lat' dir='ltr'><strong>accusator,</strong></span> <span class='ocrx_word' id='word_1_669' title='bbox 2335 4206 2485 4263; x_wconf 90' lang='lat' dir='ltr'><strong>aliud</strong></span> <span class='ocrx_word' id='word_1_670' title='bbox 2537 4205 2924 4262; x_wconf 88' lang='lat' dir='ltr'><strong>ratiocinando</strong></span> <span class='ocrx_word' id='word_1_671' title='bbox 2954 4204 3138 4278; x_wconf 82' lang='lat' dir='ltr'><strong>colligi</strong></span> <span class='ocrx_word' id='word_1_672' title='bbox 3171 4204 3309 4259; x_wconf 86' lang='lat' dir='ltr'><strong>nihil</strong></span> <span class='ocrx_word' id='word_1_673' title='bbox 3354 4213 3557 4274; x_wconf 90' lang='lat' dir='ltr'><strong>potest.</strong></span> 
     </span>
    </p>
   </div>
   <div class='ocr_carea' id='block_1_90' title="bbox 1978 4296 3566 4369">
    <p class='ocr_par' dir='ltr' id='par_1_90' title="bbox 1978 4296 3566 4369">
     <span class='ocr_line' id='line_1_90' title="bbox 1978 4296 3566 4369; baseline -0.006 -8"><span class='ocrx_word' id='word_1_674' title='bbox 1978 4301 2257 4361; x_wconf 64' lang='lat' dir='ltr'><strong>Praiterea</strong></span> <span class='ocrx_word' id='word_1_675' title='bbox 2288 4313 2400 4355; x_wconf 92' lang='lat' dir='ltr'><strong>non</strong></span> <span class='ocrx_word' id='word_1_676' title='bbox 2423 4300 2500 4355; x_wconf 88' lang='lat' dir='ltr'><strong>ita</strong></span> <span class='ocrx_word' id='word_1_677' title='bbox 2528 4309 2615 4354; x_wconf 87' lang='lat' dir='ltr'><strong>est</strong></span> <span class='ocrx_word' id='word_1_678' title='bbox 2644 4298 2933 4369; x_wconf 84' lang='lat' dir='ltr'><strong>insipiens,</strong></span> <span class='ocrx_word' id='word_1_679' title='bbox 2954 4307 3017 4353; x_wconf 88' lang='lat' dir='ltr'><strong>ut</strong></span> <span class='ocrx_word' id='word_1_680' title='bbox 3048 4307 3158 4352; x_wconf 90' lang='lat' dir='ltr'><strong>tam</strong></span> <span class='ocrx_word' id='word_1_681' title='bbox 3189 4296 3566 4352; x_wconf 59' lang='lat' dir='ltr'><strong>inconsidera.</strong></span> 
     </span>
    </p>
   </div>
   <div class='ocr_carea' id='block_1_91' title="bbox 1984 4388 3560 4467">
    <p class='ocr_par' dir='ltr' id='par_1_91' title="bbox 1984 4388 3560 4467">
     <span class='ocr_line' id='line_1_91' title="bbox 1984 4388 3560 4467; baseline -0.003 -19"><span class='ocrx_word' id='word_1_682' title='bbox 1984 4401 2039 4450; x_wconf 91' lang='lat' dir='ltr'><strong>te</strong></span> <span class='ocrx_word' id='word_1_683' title='bbox 2070 4392 2140 4450; x_wconf 88' lang='lat' dir='ltr'><strong>ad</strong></span> <span class='ocrx_word' id='word_1_684' title='bbox 2182 4393 2456 4467; x_wconf 86' lang='lat' dir='ltr'><strong>judicium</strong></span> <span class='ocrx_word' id='word_1_685' title='bbox 2486 4391 2720 4456; x_wconf 87' lang='lat' dir='ltr'><strong>feratur,</strong></span> <span class='ocrx_word' id='word_1_686' title='bbox 2753 4391 2966 4460; x_wconf 89' lang='lat' dir='ltr'><strong>tibique</strong></span> <span class='ocrx_word' id='word_1_687' title='bbox 3010 4400 3227 4459; x_wconf 88' lang='lat' dir='ltr'><strong>tempus</strong></span> <span class='ocrx_word' id='word_1_688' title='bbox 3273 4388 3443 4467; x_wconf 81' lang='lat' dir='ltr'><strong>etiam</strong></span> <span class='ocrx_word' id='word_1_689' title='bbox 3491 4390 3560 4443; x_wconf 89' lang='lat' dir='ltr'><strong>ad</strong></span> 
     </span>
    </p>
   </div>
   <div class='ocr_carea' id='block_1_92' title="bbox 328 4478 1863 4557">
    <p class='ocr_par' dir='ltr' id='par_1_92' title="bbox 328 4483 1855 4557">
     <span class='ocr_line' id='line_1_92' title="bbox 328 4483 1855 4557; baseline 0.005 -23"><span class='ocrx_word' id='word_1_690' title='bbox 328 4484 600 4552; x_wconf 74' lang='grc' dir='ltr'>καταδίκης</span> <span class='ocrx_word' id='word_1_691' title='bbox 630 4484 690 4539; x_wconf 78' lang='grc' dir='ltr'><strong>δὲ</strong></span> <span class='ocrx_word' id='word_1_692' title='bbox 723 4485 928 4555; x_wconf 83' lang='grc' dir='ltr'>μᾶλλόν</span> <span class='ocrx_word' id='word_1_693' title='bbox 957 4486 1103 4539; x_wconf 73' lang='grc' dir='ltr'><strong>ἐστιν</strong></span> <span class='ocrx_word' id='word_1_694' title='bbox 1129 4483 1327 4553; x_wconf 80' lang='grc' dir='ltr'><strong>ἀληθὲς</strong></span> <span class='ocrx_word' id='word_1_695' title='bbox 1349 4486 1448 4557; x_wconf 83' lang='grc' dir='ltr'><strong>τὴν</strong></span> <span class='ocrx_word' id='word_1_696' title='bbox 1478 4488 1694 4557; x_wconf 76' lang='grc' dir='ltr'><strong>ἡμέραν</strong></span> <span class='ocrx_word' id='word_1_697' title='bbox 1711 4498 1855 4557; x_wconf 81' lang='grc' dir='ltr'><strong>προσ</strong></span> 
     </span>
    </p>
   </div>
   <div class='ocr_carea' id='block_1_93' title="bbox 1963 4478 3566 4557">
    <p class='ocr_par' dir='ltr' id='par_1_93' title="bbox 1988 4482 3566 4555">
     <span class='ocr_line' id='line_1_93' title="bbox 1988 4482 3566 4555; baseline -0.004 -15"><span class='ocrx_word' id='word_1_698' title='bbox 1988 4485 2408 4555; x_wconf 78' lang='lat' dir='ltr'><strong>reSponsionem</strong></span> <span class='ocrx_word' id='word_1_699' title='bbox 2438 4483 2730 4548; x_wconf 87' lang='lat' dir='ltr'><strong>concedat,</strong></span> <span class='ocrx_word' id='word_1_700' title='bbox 2756 4496 2869 4549; x_wconf 93' lang='lat' dir='ltr'><strong>quo</strong></span> <span class='ocrx_word' id='word_1_701' title='bbox 2894 4488 2992 4535; x_wconf 86' lang='lat' dir='ltr'><strong>aut</strong></span> <span class='ocrx_word' id='word_1_702' title='bbox 3017 4482 3368 4536; x_wconf 90' lang='lat' dir='ltr'><strong>innocenlem</strong></span> <span class='ocrx_word' id='word_1_703' title='bbox 3397 4491 3451 4534; x_wconf 88' lang='lat' dir='ltr'><strong>te</strong></span> <span class='ocrx_word' id='word_1_704' title='bbox 3475 4495 3566 4534; x_wconf 90' lang='lat' dir='ltr'><strong>os-</strong></span> 
     </span>
    </p>
   </div>
   <div class='ocr_carea' id='block_1_94' title="bbox 329 4573 1863 4646">
    <p class='ocr_par' dir='ltr' id='par_1_94' title="bbox 329 4573 1863 4646">
     <span class='ocr_line' id='line_1_94' title="bbox 329 4573 1863 4646; baseline 0.003 -22"><span class='ocrx_word' id='word_1_705' title='bbox 329 4577 481 4628; x_wconf 77' lang='grc' dir='ltr'><strong>ειπεῐν</strong></span> <span class='ocrx_word' id='word_1_706' title='bbox 538 4576 779 4646; x_wconf 72' lang='grc' dir='ltr'><strong>ἐκείνην.</strong></span> <span class='ocrx_word' id='word_1_707' title='bbox 825 4575 973 4637; x_wconf 83' lang='grc' dir='ltr'><strong>Ἐνὸς</strong></span> <span class='ocrx_word' id='word_1_708' title='bbox 1028 4574 1140 4645; x_wconf 68' lang='grc' dir='ltr'><strong>γὰρ</strong></span> <span class='ocrx_word' id='word_1_709' title='bbox 1191 4573 1341 4637; x_wconf 75' lang='grc' dir='ltr'><strong>ὄντος</strong></span> <span class='ocrx_word' id='word_1_710' title='bbox 1411 4574 1508 4629; x_wconf 82' lang='grc' dir='ltr'><strong>τοῦ</strong></span> <span class='ocrx_word' id='word_1_711' title='bbox 1563 4575 1863 4640; x_wconf 67' lang='grc' dir='ltr'><strong>δικάζοντος</strong></span> 
     </span>
    </p>
   </div>
   <div class='ocr_carea' id='block_1_95' title="bbox 1963 4573 3573 4646">
    <p class='ocr_par' dir='ltr' id='par_1_95' title="bbox 1985 4573 3573 4643">
     <span class='ocr_line' id='line_1_95' title="bbox 1985 4573 3573 4643; baseline -0.004 -9"><span class='ocrx_word' id='word_1_712' title='bbox 1985 4579 2200 4643; x_wconf 86' lang='lat' dir='ltr'><strong>tendas,</strong></span> <span class='ocrx_word' id='word_1_713' title='bbox 2228 4578 2275 4633; x_wconf 91' lang='lat' dir='ltr'><strong>si</strong></span> <span class='ocrx_word' id='word_1_714' title='bbox 2314 4578 2475 4641; x_wconf 87' lang='lat' dir='ltr'><strong>bene,</strong></span> <span class='ocrx_word' id='word_1_715' title='bbox 2536 4583 2633 4630; x_wconf 86' lang='lat' dir='ltr'><strong>aut</strong></span> <span class='ocrx_word' id='word_1_716' title='bbox 2663 4582 2976 4638; x_wconf 91' lang='lat' dir='ltr'><strong>nocentem,</strong></span> <span class='ocrx_word' id='word_1_717' title='bbox 3011 4574 3057 4628; x_wconf 91' lang='lat' dir='ltr'><strong>si</strong></span> <span class='ocrx_word' id='word_1_718' title='bbox 3096 4575 3236 4629; x_wconf 87' lang='lat' dir='ltr'><strong>male</strong></span> <span class='ocrx_word' id='word_1_719' title='bbox 3267 4573 3573 4643; x_wconf 81' lang='lat' dir='ltr'><strong>responde-</strong></span> 
     </span>
    </p>
   </div>
   <div class='ocr_carea' id='block_1_96' title="bbox 328 4662 1863 4739">
    <p class='ocr_par' dir='ltr' id='par_1_96' title="bbox 328 4662 1863 4737">
     <span class='ocr_line' id='line_1_96' title="bbox 328 4662 1863 4737; baseline 0.004 -23"><span class='ocrx_word' id='word_1_720' title='bbox 328 4668 408 4716; x_wconf 82' lang='grc' dir='ltr'><strong>καὶ</strong></span> <span class='ocrx_word' id='word_1_721' title='bbox 443 4665 531 4719; x_wconf 80' lang='grc' dir='ltr'><strong>τοῦ</strong></span> <span class='ocrx_word' id='word_1_722' title='bbox 565 4664 1025 4737; x_wconf 71' lang='grc' dir='ltr'><strong>κατηγοροῦντος,</strong></span> <span class='ocrx_word' id='word_1_723' title='bbox 1057 4664 1211 4717; x_wconf 78' lang='grc' dir='ltr'><strong>οὐδὲν</strong></span> <span class='ocrx_word' id='word_1_724' title='bbox 1265 4662 1395 4717; x_wconf 78' lang='grc' dir='ltr'>ἄλλο</span> <span class='ocrx_word' id='word_1_725' title='bbox 1448 4664 1695 4718; x_wconf 85' lang='grc' dir='ltr'><strong>λείπεται</strong></span> <span class='ocrx_word' id='word_1_726' title='bbox 1757 4682 1863 4720; x_wconf 84' lang='grc' dir='ltr'><strong>συν·</strong></span> 
     </span>
    </p>
   </div>
   <div class='ocr_carea' id='block_1_97' title="bbox 1963 4662 3562 4739">
    <p class='ocr_par' dir='ltr' id='par_1_97' title="bbox 1984 4665 3562 4739">
     <span class='ocr_line' id='line_1_97' title="bbox 1984 4665 3562 4739; baseline -0.004 -14"><span class='ocrx_word' id='word_1_727' title='bbox 1984 4671 2097 4736; x_wconf 79' lang='lat' dir='ltr'><strong>ris;</strong></span> <span class='ocrx_word' id='word_1_728' title='bbox 2127 4670 2223 4725; x_wconf 89' lang='lat' dir='ltr'><strong>sed</strong></span> <span class='ocrx_word' id='word_1_729' title='bbox 2253 4684 2379 4724; x_wconf 90' lang='lat' dir='ltr'><strong>cum</strong></span> <span class='ocrx_word' id='word_1_730' title='bbox 2417 4670 2511 4734; x_wconf 89' lang='lat' dir='ltr'><strong>sit,</strong></span> <span class='ocrx_word' id='word_1_731' title='bbox 2544 4666 2688 4739; x_wconf 84' lang='lat' dir='ltr'><strong>quod</strong></span> <span class='ocrx_word' id='word_1_732' title='bbox 2721 4667 2953 4727; x_wconf 88' lang='lat' dir='ltr'><strong>scimus.</strong></span> <span class='ocrx_word' id='word_1_733' title='bbox 2990 4665 3271 4736; x_wconf 70' lang='lat' dir='ltr'><strong>prazstanti</strong></span> <span class='ocrx_word' id='word_1_734' title='bbox 3314 4666 3562 4737; x_wconf 86' lang='lat' dir='ltr'><strong>pruden-</strong></span> 
     </span>
    </p>
   </div>
   <div class='ocr_carea' id='block_1_98' title="bbox 329 4755 1881 4828">
    <p class='ocr_par' dir='ltr' id='par_1_98' title="bbox 329 4755 1881 4828">
     <span class='ocr_line' id='line_1_98' title="bbox 329 4755 1881 4828; baseline 0.001 -19"><span class='ocrx_word' id='word_1_735' title='bbox 329 4755 701 4823; x_wconf 72' lang='grc' dir='ltr'><strong>άγειν.”Δλλως</strong></span> <span class='ocrx_word' id='word_1_736' title='bbox 729 4759 777 4811; x_wconf 88' lang='grc' dir='ltr'><strong>τ’</strong></span> <span class='ocrx_word' id='word_1_737' title='bbox 816 4757 937 4810; x_wconf 73' lang='grc' dir='ltr'><strong>οὐδὲ</strong></span> <span class='ocrx_word' id='word_1_738' title='bbox 968 4758 1079 4810; x_wconf 83' lang='grc' dir='ltr'><strong>τῶν</strong></span> <span class='ocrx_word' id='word_1_739' title='bbox 1114 4757 1356 4828; x_wconf 80' lang='grc' dir='ltr'><strong>ἀνοήτων</strong></span> <span class='ocrx_word' id='word_1_740' title='bbox 1385 4759 1412 4811; x_wconf 85' lang='grc' dir='ltr'><strong>ὁ</strong></span> <span class='ocrx_word' id='word_1_741' title='bbox 1439 4758 1717 4827; x_wconf 81' lang='grc' dir='ltr'><strong>βασιλεὺς.</strong></span> <span class='ocrx_word' id='word_1_742' title='bbox 1747 4757 1881 4811; x_wconf 79' lang='grc' dir='ltr'><strong>ὥσθ’</strong></span> 
     </span>
    </p>
   </div>
   <div class='ocr_carea' id='block_1_99' title="bbox 328 4846 1883 4923">
    <p class='ocr_par' dir='ltr' id='par_1_99' title="bbox 328 4846 1883 4923">
     <span class='ocr_line' id='line_1_99' title="bbox 328 4846 1883 4923; baseline 0.001 -21"><span class='ocrx_word' id='word_1_743' title='bbox 328 4848 478 4915; x_wconf 69' lang='grc' dir='ltr'><strong>οὕτως</strong></span> <span class='ocrx_word' id='word_1_744' title='bbox 507 4850 935 4923; x_wconf 71' lang='grc' dir='ltr'><strong>ἀπερισκέπτως</strong></span> <span class='ocrx_word' id='word_1_745' title='bbox 965 4846 1279 4918; x_wconf 77' lang='grc' dir='ltr'><strong>ὁρμηθῆναι</strong></span> <span class='ocrx_word' id='word_1_746' title='bbox 1304 4848 1439 4918; x_wconf 72' lang='grc' dir='ltr'><strong>πρδς</strong></span> <span class='ocrx_word' id='word_1_747' title='bbox 1478 4849 1579 4918; x_wconf 76' lang='grc' dir='ltr'><strong>τὴν</strong></span> <span class='ocrx_word' id='word_1_748' title='bbox 1605 4849 1781 4919; x_wconf 86' lang='grc' dir='ltr'><strong>δίκην,</strong></span> <span class='ocrx_word' id='word_1_749' title='bbox 1806 4850 1883 4914; x_wconf 82' lang='grc' dir='ltr'><strong>ὡς</strong></span> 
     </span>
    </p>
   </div>
   <div class='ocr_carea' id='block_1_100' title="bbox 329 4937 1877 5013">
    <p class='ocr_par' dir='ltr' id='par_1_100' title="bbox 329 4937 1877 5013">
     <span class='ocr_line' id='line_1_100' title="bbox 329 4937 1877 5013; baseline 0 -22"><span class='ocrx_word' id='word_1_750' title='bbox 329 4941 411 4993; x_wconf 75' lang='grc' dir='ltr'><strong>καὶ</strong></span> <span class='ocrx_word' id='word_1_751' title='bbox 442 4942 628 5013; x_wconf 74' lang='grc' dir='ltr'><strong>καιρὸν</strong></span> <span class='ocrx_word' id='word_1_752' title='bbox 658 4937 966 5008; x_wconf 83' lang='grc' dir='ltr'><strong>ἀπολογίας</strong></span> <span class='ocrx_word' id='word_1_753' title='bbox 1008 4954 1090 4990; x_wconf 89' lang='grc' dir='ltr'><strong>σοι</strong></span> <span class='ocrx_word' id='word_1_754' title='bbox 1142 4937 1463 5007; x_wconf 81' lang='grc' dir='ltr'><strong>παρασχεῖν,</strong></span> <span class='ocrx_word' id='word_1_755' title='bbox 1496 4939 1591 4990; x_wconf 66' lang='grc' dir='ltr'><strong>καλ⁵</strong></span> <span class='ocrx_word' id='word_1_756' title='bbox 1616 4938 1650 5008; x_wconf 76' lang='grc' dir='ltr'>ἢ</span> <span class='ocrx_word' id='word_1_757' title='bbox 1687 4940 1756 4991; x_wconf 83' lang='grc' dir='ltr'><strong>τά</strong></span> <span class='ocrx_word' id='word_1_758' title='bbox 1786 4941 1877 5001; x_wconf 85' lang='grc' dir='ltr'><strong>ὲγ-</strong></span> 
     </span>
    </p>
   </div>
   <div class='ocr_carea' id='block_1_101' title="bbox 330 5026 1875 5100">
    <p class='ocr_par' dir='ltr' id='par_1_101' title="bbox 330 5026 1875 5100">
     <span class='ocr_line' id='line_1_101' title="bbox 330 5026 1875 5100; baseline -0.001 -19"><span class='ocrx_word' id='word_1_759' title='bbox 330 5030 560 5100; x_wconf 77' lang='grc' dir='ltr'>κλήματα</span> <span class='ocrx_word' id='word_1_760' title='bbox 608 5029 1013 5093; x_wconf 78' lang='grc' dir='ltr'><strong>ἀπολύσασθαι,</strong></span> <span class='ocrx_word' id='word_1_761' title='bbox 1060 5026 1094 5100; x_wconf 73' lang='grc' dir='ltr'>ἢ</span> <span class='ocrx_word' id='word_1_762' title='bbox 1133 5030 1228 5082; x_wconf 70' lang='grc' dir='ltr'><strong>καὶ</strong></span> <span class='ocrx_word' id='word_1_763' title='bbox 1281 5027 1636 5096; x_wconf 68' lang='grc' dir='ltr'><strong>ἀδικούμενον</strong></span> <span class='ocrx_word' id='word_1_764' title='bbox 1682 5028 1875 5080; x_wconf 75' lang='grc' dir='ltr'><strong>ἑαυτὸν</strong></span> 
     </span>
    </p>
   </div>
   <div class='ocr_carea' id='block_1_102' title="bbox 329 5113 1879 5185">
    <p class='ocr_par' dir='ltr' id='par_1_102' title="bbox 329 5113 1879 5185">
     <span class='ocr_line' id='line_1_102' title="bbox 329 5113 1879 5185; baseline 0 -20"><span class='ocrx_word' id='word_1_765' title='bbox 329 5113 581 5182; x_wconf 76' lang='grc' dir='ltr'><strong>ἀποδεῖξαι</strong></span> <span class='ocrx_word' id='word_1_766' title='bbox 606 5133 623 5149; x_wconf 79' lang='grc'><strong><em>⁸</em></strong></span> <span class='ocrx_word' id='word_1_767' title='bbox 660 5116 799 5170; x_wconf 76' lang='grc' dir='ltr'>ἀλλὰ</span> <span class='ocrx_word' id='word_1_768' title='bbox 828 5114 1055 5185; x_wconf 70' lang='grc' dir='ltr'><strong>βαθείας</strong></span> <span class='ocrx_word' id='word_1_769' title='bbox 1076 5114 1152 5169; x_wconf 85' lang='grc' dir='ltr'><strong>ὣν</strong></span> <span class='ocrx_word' id='word_1_770' title='bbox 1181 5116 1273 5168; x_wconf 84' lang='grc' dir='ltr'><strong>καὶ</strong></span> <span class='ocrx_word' id='word_1_771' title='bbox 1305 5115 1550 5184; x_wconf 85' lang='grc' dir='ltr'><strong>συνετῆς,</strong></span> <span class='ocrx_word' id='word_1_772' title='bbox 1589 5114 1665 5178; x_wconf 84' lang='grc' dir='ltr'><strong>ὡς</strong></span> <span class='ocrx_word' id='word_1_773' title='bbox 1697 5115 1879 5184; x_wconf 72' lang='grc' dir='ltr'><strong>ἴσμεν,</strong></span> 
     </span>
    </p>
   </div>
   <div class='ocr_carea' id='block_1_103' title="bbox 1991 4748 3565 4828">
    <p class='ocr_par' dir='ltr' id='par_1_103' title="bbox 1991 4748 3565 4828">
     <span class='ocr_line' id='line_1_103' title="bbox 1991 4748 3565 4828; baseline -0.003 -13"><span class='ocrx_word' id='word_1_774' title='bbox 1991 4761 2085 4826; x_wconf 87' lang='lat' dir='ltr'><strong>tia,</strong></span> <span class='ocrx_word' id='word_1_775' title='bbox 2111 4769 2169 4814; x_wconf 88' lang='lat' dir='ltr'><strong>et</strong></span> <span class='ocrx_word' id='word_1_776' title='bbox 2200 4775 2383 4815; x_wconf 89' lang='lat' dir='ltr'><strong>rerum</strong></span> <span class='ocrx_word' id='word_1_777' title='bbox 2408 4748 2776 4828; x_wconf 85' lang='lat' dir='ltr'><strong>gerendarum</strong></span> <span class='ocrx_word' id='word_1_778' title='bbox 2822 4756 3076 4819; x_wconf 80' lang='lat' dir='ltr'><strong>callidus.</strong></span> <span class='ocrx_word' id='word_1_779' title='bbox 3105 4766 3219 4811; x_wconf 88' lang='lat' dir='ltr'><strong>tum</strong></span> <span class='ocrx_word' id='word_1_780' title='bbox 3255 4756 3477 4813; x_wconf 90' lang='lat' dir='ltr'><strong>demum</strong></span> <span class='ocrx_word' id='word_1_781' title='bbox 3506 4757 3565 4811; x_wconf 88' lang='lat' dir='ltr'><strong>in</strong></span> 
     </span>
    </p>
   </div>
   <div class='ocr_carea' id='block_1_104' title="bbox 1982 4848 3563 4923">
    <p class='ocr_par' dir='ltr' id='par_1_104' title="bbox 1982 4848 3563 4923">
     <span class='ocr_line' id='line_1_104' title="bbox 1982 4848 3563 4923; baseline -0.002 -16"><span class='ocrx_word' id='word_1_782' title='bbox 1982 4852 2253 4923; x_wconf 78' lang='lat' dir='ltr'><strong>judicium</strong></span> <span class='ocrx_word' id='word_1_783' title='bbox 2302 4861 2356 4907; x_wconf 90' lang='lat' dir='ltr'><strong>te</strong></span> <span class='ocrx_word' id='word_1_784' title='bbox 2400 4850 2662 4914; x_wconf 80' lang='lat' dir='ltr'><strong>adducet,</strong></span> <span class='ocrx_word' id='word_1_785' title='bbox 2699 4849 2924 4919; x_wconf 88' lang='lat' dir='ltr'><strong>quando</strong></span> <span class='ocrx_word' id='word_1_786' title='bbox 2952 4850 3073 4919; x_wconf 88' lang='lat' dir='ltr'><strong>ejus</strong></span> <span class='ocrx_word' id='word_1_787' title='bbox 3101 4848 3375 4904; x_wconf 86' lang='lat' dir='ltr'><strong>arbitratu</strong></span> <span class='ocrx_word' id='word_1_788' title='bbox 3420 4865 3563 4919; x_wconf 68' lang='grc' dir='ltr'><strong>ιιι-ιιι·-</strong></span> 
     </span>
    </p>
   </div>
   <div class='ocr_carea' id='block_1_105' title="bbox 1988 4938 3559 5007">
    <p class='ocr_par' dir='ltr' id='par_1_105' title="bbox 1988 4938 3559 5007">
     <span class='ocr_line' id='line_1_105' title="bbox 1988 4938 3559 5007; baseline -0.001 -13"><span class='ocrx_word' id='word_1_789' title='bbox 1988 4941 2218 4994; x_wconf 86' lang='lat' dir='ltr'><strong>structis</strong></span> <span class='ocrx_word' id='word_1_790' title='bbox 2247 4938 2530 5003; x_wconf 88' lang='lat' dir='ltr'><strong>omnibus,</strong></span> <span class='ocrx_word' id='word_1_791' title='bbox 2562 4954 2733 5007; x_wconf 78' lang='lat' dir='ltr'><strong>unum</strong></span> <span class='ocrx_word' id='word_1_792' title='bbox 2777 4938 2886 4992; x_wconf 88' lang='lat' dir='ltr'><strong>hoc</strong></span> <span class='ocrx_word' id='word_1_793' title='bbox 2916 4938 3172 5002; x_wconf 85' lang='lat' dir='ltr'><strong>restabit,</strong></span> <span class='ocrx_word' id='word_1_794' title='bbox 3204 4948 3265 4993; x_wconf 90' lang='lat' dir='ltr'><strong>ut</strong></span> <span class='ocrx_word' id='word_1_795' title='bbox 3287 4942 3559 4993; x_wconf 88' lang='lat' dir='ltr'><strong>sententia</strong></span> 
     </span>
    </p>
   </div>
   <div class='ocr_carea' id='block_1_106' title="bbox 1984 5029 3561 5101">
    <p class='ocr_par' dir='ltr' id='par_1_106' title="bbox 1984 5029 3561 5101">
     <span class='ocr_line' id='line_1_106' title="bbox 1984 5029 3561 5101; baseline 0.001 -17"><span class='ocrx_word' id='word_1_796' title='bbox 1984 5029 2052 5086; x_wconf 90' lang='lat' dir='ltr'><strong>de</strong></span> <span class='ocrx_word' id='word_1_797' title='bbox 2084 5041 2157 5097; x_wconf 90' lang='lat' dir='ltr'><strong>te,</strong></span> <span class='ocrx_word' id='word_1_798' title='bbox 2226 5039 2487 5101; x_wconf 82' lang='lat' dir='ltr'><strong>tanquam</strong></span> <span class='ocrx_word' id='word_1_799' title='bbox 2526 5029 2594 5085; x_wconf 89' lang='lat' dir='ltr'><strong>de</strong></span> <span class='ocrx_word' id='word_1_800' title='bbox 2639 5029 3197 5085; x_wconf 88' lang='lat' dir='ltr'><strong>sceleratissimorum</strong></span> <span class='ocrx_word' id='word_1_801' title='bbox 3254 5029 3561 5085; x_wconf 85' lang='lat' dir='ltr'><strong>facinorum</strong></span> 
     </span>
    </p>
   </div>
   <div class='ocr_carea' id='block_1_107' title="bbox 1990 5119 3559 5190">
    <p class='ocr_par' dir='ltr' id='par_1_107' title="bbox 1990 5119 3559 5190">
     <span class='ocr_line' id='line_1_107' title="bbox 1990 5119 3559 5190; baseline -0.003 -14"><span class='ocrx_word' id='word_1_802' title='bbox 1990 5121 2305 5187; x_wconf 86' lang='lat' dir='ltr'><strong>manifesto,</strong></span> <span class='ocrx_word' id='word_1_803' title='bbox 2332 5132 2387 5177; x_wconf 90' lang='lat' dir='ltr'><strong>et</strong></span> <span class='ocrx_word' id='word_1_804' title='bbox 2415 5122 2486 5176; x_wconf 91' lang='lat' dir='ltr'><strong>ob</strong></span> <span class='ocrx_word' id='word_1_805' title='bbox 2522 5121 2575 5175; x_wconf 89' lang='lat' dir='ltr'><strong>id</strong></span> <span class='ocrx_word' id='word_1_806' title='bbox 2605 5120 2894 5190; x_wconf 80' lang='lat' dir='ltr'><strong>quibusvis</strong></span> <span class='ocrx_word' id='word_1_807' title='bbox 2929 5119 3219 5189; x_wconf 86' lang='lat' dir='ltr'><strong>suppliciis</strong></span> <span class='ocrx_word' id='word_1_808' title='bbox 3263 5120 3559 5174; x_wconf 77' lang='lat' dir='ltr'><strong>excarniﬁ-</strong></span> 
     </span>
    </p>
   </div>
   <div class='ocr_carea' id='block_1_108' title="bbox 334 5206 1863 5283">
    <p class='ocr_par' dir='ltr' id='par_1_108' title="bbox 334 5206 1863 5278">
     <span class='ocr_line' id='line_1_108' title="bbox 334 5206 1863 5278; baseline 0 -18"><span class='ocrx_word' id='word_1_809' title='bbox 334 5210 527 5276; x_wconf 77' lang='grc' dir='ltr'><strong>φρενδς,</strong></span> <span class='ocrx_word' id='word_1_810' title='bbox 552 5210 651 5263; x_wconf 76' lang='grc' dir='ltr'><strong>καὶ</strong></span> <span class='ocrx_word' id='word_1_811' title='bbox 677 5208 855 5271; x_wconf 79' lang='grc' dir='ltr'><strong>δεινὸς</strong></span> <span class='ocrx_word' id='word_1_812' title='bbox 886 5208 1180 5278; x_wconf 85' lang='grc' dir='ltr'><strong>πράγμασι</strong></span> <span class='ocrx_word' id='word_1_813' title='bbox 1217 5207 1478 5276; x_wconf 75' lang='grc' dir='ltr'><strong>χρῆσθαι,</strong></span> <span class='ocrx_word' id='word_1_814' title='bbox 1506 5206 1620 5259; x_wconf 87' lang='grc' dir='ltr'><strong>τότ’</strong></span> <span class='ocrx_word' id='word_1_815' title='bbox 1664 5208 1756 5259; x_wconf 74' lang='grc' dir='ltr'><strong>ἐπὶ</strong></span> <span class='ocrx_word' id='word_1_816' title='bbox 1782 5208 1863 5276; x_wconf 65' lang='lat' dir='ltr'><strong>cfp</strong></span> 
     </span>
    </p>
   </div>
   <div class='ocr_carea' id='block_1_109' title="bbox 1963 5206 3559 5283">
    <p class='ocr_par' dir='ltr' id='par_1_109' title="bbox 1986 5209 3559 5283">
     <span class='ocr_line' id='line_1_109' title="bbox 1986 5209 3559 5283; baseline -0.003 -15"><span class='ocrx_word' id='word_1_817' title='bbox 1986 5214 2164 5268; x_wconf 89' lang='lat' dir='ltr'><strong>cando</strong></span> <span class='ocrx_word' id='word_1_818' title='bbox 2209 5216 2293 5278; x_wconf 87' lang='lat' dir='ltr'><strong>(ut</strong></span> <span class='ocrx_word' id='word_1_819' title='bbox 2337 5214 2416 5268; x_wconf 81' lang='lat' dir='ltr'><strong>sic</strong></span> <span class='ocrx_word' id='word_1_820' title='bbox 2451 5212 2597 5283; x_wconf 90' lang='lat' dir='ltr'><strong>apud</strong></span> <span class='ocrx_word' id='word_1_821' title='bbox 2631 5221 2853 5267; x_wconf 80' lang='lat' dir='ltr'><strong>exteros</strong></span> <span class='ocrx_word' id='word_1_822' title='bbox 2888 5211 3054 5266; x_wconf 88' lang='lat' dir='ltr'><strong>etiam</strong></span> <span class='ocrx_word' id='word_1_823' title='bbox 3084 5209 3313 5281; x_wconf 76' lang='lat' dir='ltr'><strong>justitite</strong></span> <span class='ocrx_word' id='word_1_824' title='bbox 3341 5210 3559 5278; x_wconf 81' lang='lat' dir='ltr'><strong>Opinio-</strong></span> 
     </span>
    </p>
   </div>
   <div class='ocr_carea' id='block_1_110' title="bbox 330 5296 1863 5374">
    <p class='ocr_par' dir='ltr' id='par_1_110' title="bbox 330 5296 1863 5371">
     <span class='ocr_line' id='line_1_110' title="bbox 330 5296 1863 5371; baseline 0.002 -21"><span class='ocrx_word' id='word_1_825' title='bbox 330 5296 468 5369; x_wconf 77' lang='grc' dir='ltr'><strong>δίκης</strong></span> <span class='ocrx_word' id='word_1_826' title='bbox 525 5317 584 5353; x_wconf 87' lang='grc' dir='ltr'><strong>σε</strong></span> <span class='ocrx_word' id='word_1_827' title='bbox 647 5302 1011 5371; x_wconf 81' lang='grc' dir='ltr'><strong>καταστήσει,</strong></span> <span class='ocrx_word' id='word_1_828' title='bbox 1062 5300 1151 5352; x_wconf 84' lang='grc' dir='ltr'><strong>ὅτε</strong></span> <span class='ocrx_word' id='word_1_829' title='bbox 1203 5299 1339 5368; x_wconf 83' lang='grc' dir='ltr'><strong>πρὸς</strong></span> <span class='ocrx_word' id='word_1_830' title='bbox 1386 5298 1447 5352; x_wconf 84' lang='grc' dir='ltr'><strong>τὸ</strong></span> <span class='ocrx_word' id='word_1_831' title='bbox 1494 5298 1646 5369; x_wconf 82' lang='grc' dir='ltr'><strong>αὐτῷ</strong></span> <span class='ocrx_word' id='word_1_832' title='bbox 1694 5298 1863 5353; x_wconf 68' lang='grc' dir='ltr'><strong>δοκοῦε</strong></span> 
     </span>
    </p>
   </div>
   <div class='ocr_carea' id='block_1_111' title="bbox 1963 5296 3563 5374">
    <p class='ocr_par' dir='ltr' id='par_1_111' title="bbox 1986 5300 3563 5374">
     <span class='ocr_line' id='line_1_111' title="bbox 1986 5300 3563 5374; baseline -0.001 -15"><span class='ocrx_word' id='word_1_833' title='bbox 1986 5321 2112 5360; x_wconf 91' lang='lat' dir='ltr'><strong>nem</strong></span> <span class='ocrx_word' id='word_1_834' title='bbox 2149 5306 2384 5373; x_wconf 78' lang='lat' dir='ltr'><strong>auferat)</strong></span> <span class='ocrx_word' id='word_1_835' title='bbox 2411 5303 2822 5374; x_wconf 88' lang='lat' dir='ltr'><strong>pronuntietur.</strong></span> <span class='ocrx_word' id='word_1_836' title='bbox 2854 5303 2981 5358; x_wconf 69' lang='lat' dir='ltr'><strong>Haec</strong></span> <span class='ocrx_word' id='word_1_837' title='bbox 3033 5301 3143 5357; x_wconf 88' lang='lat' dir='ltr'><strong>illis</strong></span> <span class='ocrx_word' id='word_1_838' title='bbox 3180 5301 3236 5356; x_wconf 90' lang='lat' dir='ltr'><strong>in</strong></span> <span class='ocrx_word' id='word_1_839' title='bbox 3282 5300 3563 5370; x_wconf 91' lang='lat' dir='ltr'><strong>colloquio</strong></span> 
     </span>
    </p>
   </div>
   <div class='ocr_carea' id='block_1_112' title="bbox 331 5390 1863 5465">
    <p class='ocr_par' dir='ltr' id='par_1_112' title="bbox 331 5390 1863 5465">
     <span class='ocr_line' id='line_1_112' title="bbox 331 5390 1863 5465; baseline 0 -19"><span class='ocrx_word' id='word_1_840' title='bbox 331 5394 488 5448; x_wconf 75' lang='grc' dir='ltr'><strong>πάντα</strong></span> <span class='ocrx_word' id='word_1_841' title='bbox 545 5391 1237 5465; x_wconf 82' lang='grc' dir='ltr'><strong>προκατασκευασάμενος,</strong></span> <span class='ocrx_word' id='word_1_842' title='bbox 1289 5390 1504 5455; x_wconf 73' lang='grc' dir='ltr'><strong>οὐδενὸς</strong></span> <span class='ocrx_word' id='word_1_843' title='bbox 1552 5391 1717 5445; x_wconf 75' lang='grc' dir='ltr'>ἄλλου</span> <span class='ocrx_word' id='word_1_844' title='bbox 1778 5393 1863 5446; x_wconf 70' lang='grc' dir='ltr'><strong>λείη</strong></span> 
     </span>
    </p>
   </div>
   <div class='ocr_carea' id='block_1_113' title="bbox 1963 5390 3564 5465">
    <p class='ocr_par' dir='ltr' id='par_1_113' title="bbox 1992 5391 3564 5465">
     <span class='ocr_line' id='line_1_113' title="bbox 1992 5391 3564 5465; baseline -0.002 -16"><span class='ocrx_word' id='word_1_845' title='bbox 1992 5396 2349 5465; x_wconf 83' lang='lat' dir='ltr'><strong>agitantibus,</strong></span> <span class='ocrx_word' id='word_1_846' title='bbox 2381 5410 2513 5452; x_wconf 90' lang='lat' dir='ltr'><strong>ecce</strong></span> <span class='ocrx_word' id='word_1_847' title='bbox 2558 5395 2701 5450; x_wconf 89' lang='lat' dir='ltr'><strong>alius</strong></span> <span class='ocrx_word' id='word_1_848' title='bbox 2747 5394 2818 5449; x_wconf 87' lang='lat' dir='ltr'><strong>ab</strong></span> <span class='ocrx_word' id='word_1_849' title='bbox 2867 5394 3204 5463; x_wconf 85' lang='lat' dir='ltr'><strong>imperatore</strong></span> <span class='ocrx_word' id='word_1_850' title='bbox 3254 5391 3564 5463; x_wconf 89' lang='lat' dir='ltr'><strong>apparitor.</strong></span> 
     </span>
    </p>
   </div>
   <div class='ocr_carea' id='block_1_114' title="bbox 1576 5508 2314 5574">
    <p class='ocr_par' dir='ltr' id='par_1_114' title="bbox 1576 5508 2314 5574">
     <span class='ocr_line' id='line_1_114' title="bbox 1576 5508 2314 5574; baseline 0.008 -6"><span class='ocrx_word' id='word_1_851' title='bbox 1576 5508 1795 5571; x_wconf 84' lang='lat' dir='ltr'><strong>Jacobi</strong></span> <span class='ocrx_word' id='word_1_852' title='bbox 1826 5511 2096 5573; x_wconf 84' lang='lat' dir='ltr'><strong>Pontani</strong></span> <span class='ocrx_word' id='word_1_853' title='bbox 2129 5518 2314 5574; x_wconf 69' lang='lat' dir='ltr'><strong>notaa.</strong></span> 
     </span>
    </p>
   </div>
   <div class='ocr_carea' id='block_1_115' title="bbox 280 5619 1891 5706">
    <p class='ocr_par' dir='ltr' id='par_1_115' title="bbox 280 5619 1891 5706">
     <span class='ocr_line' id='line_1_115' title="bbox 280 5619 1891 5706; baseline 0.002 -18"><span class='ocrx_word' id='word_1_854' title='bbox 280 5619 292 5671; x_wconf 56' lang='grc' dir='ltr'><strong>ί</strong></span> <span class='ocrx_word' id='word_1_855' title='bbox 397 5634 501 5701; x_wconf 71' lang='lat'><strong>(99)</strong></span> <span class='ocrx_word' id='word_1_856' title='bbox 538 5638 611 5694; x_wconf 83' lang='lat' dir='ltr'><strong>Ut</strong></span> <span class='ocrx_word' id='word_1_857' title='bbox 656 5636 793 5691; x_wconf 87' lang='lat' dir='ltr'><strong>facit</strong></span> <span class='ocrx_word' id='word_1_858' title='bbox 838 5649 1007 5690; x_wconf 79' lang='lat' dir='ltr'><strong>senex</strong></span> <span class='ocrx_word' id='word_1_859' title='bbox 1047 5636 1194 5706; x_wconf 88' lang='lat' dir='ltr'><strong>apud</strong></span> <span class='ocrx_word' id='word_1_860' title='bbox 1226 5634 1573 5700; x_wconf 84' lang='lat' dir='ltr'><strong>Terentium,</strong></span> <span class='ocrx_word' id='word_1_861' title='bbox 1622 5637 1676 5691; x_wconf 93' lang='lat' dir='ltr'><strong>in</strong></span> <span class='ocrx_word' id='word_1_862' title='bbox 1713 5637 1891 5693; x_wconf 73' lang='grc' dir='ltr'><strong>Ηεαιιο</strong></span> 
     </span>
    </p>
   </div>
   <div class='ocr_carea' id='block_1_116' title="bbox 343 5706 803 5760">
    <p class='ocr_par' dir='ltr' id='par_1_116' title="bbox 343 5706 803 5760">
     <span class='ocr_line' id='line_1_116' title="bbox 343 5706 803 5760; baseline 0.02 -10"><span class='ocrx_word' id='word_1_863' title='bbox 343 5706 753 5760; x_wconf 78' lang='lat' dir='ltr'><strong>lonlimorttmeno</strong></span> <span class='ocrx_word' id='word_1_864' title='bbox 785 5721 803 5759; x_wconf 86' lang='lat'><strong>.&#39;</strong></span> 
     </span>
    </p>
   </div>
   <div class='ocr_carea' id='block_1_117' title="bbox 432 5773 1657 5844">
    <p class='ocr_par' dir='ltr' id='par_1_117' title="bbox 432 5773 1657 5844">
     <span class='ocr_line' id='line_1_117' title="bbox 432 5773 1657 5844; baseline 0.007 -19"><span class='ocrx_word' id='word_1_865' title='bbox 432 5773 625 5829; x_wconf 78' lang='lat' dir='ltr'><strong>Interea</strong></span> <span class='ocrx_word' id='word_1_866' title='bbox 660 5791 823 5843; x_wconf 79' lang='lat' dir='ltr'><strong>usque</strong></span> <span class='ocrx_word' id='word_1_867' title='bbox 848 5774 931 5829; x_wconf 78' lang='lat' dir='ltr'><strong>illi</strong></span> <span class='ocrx_word' id='word_1_868' title='bbox 966 5778 1028 5829; x_wconf 82' lang='lat' dir='ltr'><strong>de</strong></span> <span class='ocrx_word' id='word_1_869' title='bbox 1056 5793 1136 5829; x_wconf 87' lang='lat' dir='ltr'><strong>me</strong></span> <span class='ocrx_word' id='word_1_870' title='bbox 1162 5774 1478 5844; x_wconf 79' lang='lat' dir='ltr'><strong>supplicium</strong></span> <span class='ocrx_word' id='word_1_871' title='bbox 1502 5778 1657 5834; x_wconf 80' lang='lat' dir='ltr'><strong>dabo.</strong></span> 
     </span>
    </p>
   </div>
   <div class='ocr_carea' id='block_1_118' title="bbox 1999 5635 3568 5701">
    <p class='ocr_par' dir='ltr' id='par_1_118' title="bbox 1999 5635 3568 5701">
     <span class='ocr_line' id='line_1_118' title="bbox 1999 5635 3568 5701; baseline 0 -6"><span class='ocrx_word' id='word_1_872' title='bbox 1999 5638 2106 5695; x_wconf 87' lang='lat' dir='ltr'><strong>Sed</strong></span> <span class='ocrx_word' id='word_1_873' title='bbox 2136 5639 2296 5694; x_wconf 89' lang='lat' dir='ltr'><strong>aliam</strong></span> <span class='ocrx_word' id='word_1_874' title='bbox 2332 5638 2402 5692; x_wconf 90' lang='lat' dir='ltr'><strong>oh</strong></span> <span class='ocrx_word' id='word_1_875' title='bbox 2446 5651 2667 5691; x_wconf 86' lang='lat' dir='ltr'><strong>causam</strong></span> <span class='ocrx_word' id='word_1_876' title='bbox 2702 5635 2817 5701; x_wconf 76' lang='lat' dir='ltr'><strong>ille,</strong></span> <span class='ocrx_word' id='word_1_877' title='bbox 2854 5643 2911 5691; x_wconf 92' lang='lat' dir='ltr'><strong>et</strong></span> <span class='ocrx_word' id='word_1_878' title='bbox 2943 5635 3015 5691; x_wconf 88' lang='lat' dir='ltr'><strong>oh</strong></span> <span class='ocrx_word' id='word_1_879' title='bbox 3057 5636 3220 5692; x_wconf 87' lang='lat' dir='ltr'><strong>aliam</strong></span> <span class='ocrx_word' id='word_1_880' title='bbox 3259 5638 3380 5695; x_wconf 89' lang='lat' dir='ltr'><strong>iste.</strong></span> <span class='ocrx_word' id='word_1_881' title='bbox 3420 5638 3568 5695; x_wconf 65' lang='lat' dir='ltr'><strong>Prae-</strong></span> 
     </span>
    </p>
   </div>
   <div class='ocr_carea' id='block_1_119' title="bbox 2000 5705 3263 5780">
    <p class='ocr_par' dir='ltr' id='par_1_119' title="bbox 2000 5705 3263 5780">
     <span class='ocr_line' id='line_1_119' title="bbox 2000 5705 3263 5780; baseline 0 -16"><span class='ocrx_word' id='word_1_882' title='bbox 2000 5720 2169 5777; x_wconf 84' lang='lat' dir='ltr'><strong>terea,</strong></span> <span class='ocrx_word' id='word_1_883' title='bbox 2202 5710 2288 5765; x_wconf 91' lang='lat' dir='ltr'><strong>ille</strong></span> <span class='ocrx_word' id='word_1_884' title='bbox 2314 5710 2500 5765; x_wconf 90' lang='lat' dir='ltr'><strong>volcns</strong></span> <span class='ocrx_word' id='word_1_885' title='bbox 2531 5723 2593 5762; x_wconf 89' lang='lat' dir='ltr'><strong>ac</strong></span> <span class='ocrx_word' id='word_1_886' title='bbox 2617 5705 2884 5780; x_wconf 86' lang='lat' dir='ltr'><strong>prudens,</strong></span> <span class='ocrx_word' id='word_1_887' title='bbox 2915 5706 3006 5763; x_wconf 90' lang='lat' dir='ltr'><strong>hic</strong></span> <span class='ocrx_word' id='word_1_888' title='bbox 3035 5707 3263 5766; x_wconf 73' lang='lat' dir='ltr'><strong>invitus.</strong></span> 
     </span>
    </p>
   </div>
  </div>
