4038 6212
289 318 360 380 191
1403 341 1785 412 HISTORIA

1885 353 1952 414 ’Μ
1986 357 2222 423 LIBER
2269 365 2319 428 Ι.

281 441 385 500 τοὺς
414 436 664 506 βασιλέως
713 443 1054 515 συναθροίσιιι
1088 449 1180 502 καὶ
1219 452 1344 516 τοῗς
1379 455 1548 526 ἐμούς
1575 476 1590 490 ·
1627 464 1704 522 ei;
1745 463 1803 515 ἐν
1830 470 1876 528 Α
1909 475 2018 528 reci

3393 392 3494 460 122

2027 477 2239 544 piemus
2272 499 2285 536 :
2318 483 2389 538 ibi
2426 487 2664 562 denique
2697 507 2756 551 ut
2786 495 2838 551 in
2874 500 3026 567 asylo
3057 501 3132 569 (Ξ)
3165 505 3380 561 tuendae
3430 525 3494 564 ac

281 533 328 585 δὲ
359 531 687 598 συνελθόντες,
730 539 827 589 καὶ
858 540 952 590 τδν
1014 541 1132 595 νέον
1195 543 1422 610 βασιλέα
1457 554 1806 619 παραλαϐόν-

280 640 373 685 τες,
404 625 542 693 (ὅπερ
571 621 724 694 οἶμαι
766 628 1127 703 δυνήσεσθαι)
1188 639 1325 708 πρὸς
1359 642 1450 695 τὸν
1476 645 1576 712 τῆς
1605 647 1806 716 Σοφίας

279 715 640 784 ἀπελευσόμεθα
681 718 773 774 τοῦ
803 720 938 774 Θεοῦ
970 726 1149 792 Λόγου
1181 728 1328 784 θεῖον
1357 733 1514 800 νεὼν,
1548 738 1649 808 τὴν
1692 715 1805 793 σω·

282 808 444 876 τηρίαν
469 808 548 896 διὰ
579 810 674 878 τῆς
707 812 940 878 ἀσυλίας
969 817 1070 886 τῆς
1118 821 1330 876 ἐκείνου
1380 833 1804 896 πραγματευσά-

282 914 423 963 μενοι,
445 892 549 950 εἶτα
570 899 1140 977 διαπρεσϐευσάμενοι
1175 913 1312 982 πρὸς
1345 892 1596 984 βασιλέα,
1630 921 1804 993 ἀμνη-

279 989 402 1042 στίαν
418 990 699 1060 αἰτήσομεν
723 995 834 1047 τῶν
856 997 1241 1076 τολμηθέντων
1267 1018 1280 1032 ⁸
1322 1008 1414 1059 τὸν
1437 1007 1516 1074 δὲ,
1547 989 1802 1067 δείσαντα

276 1080 354 1151 τὴν
398 1083 576 1144 στάσιν,
613 1082 811 1158 ὥσπερ
871 1090 1042 1152 είκὺς,
1077 1094 1229 1165 ὅρκῳ
1295 1099 1389 1150 καὶ
1442 1099 1659 1168 βασιλεῖ
1707 1107 1802 1159 καὶ

278 1175 401 1242 ἡμῖν,
418 1177 498 1228 καὶ
520 1177 608 1247 τὴν
633 1179 942 1247 ἀσφάλειαν
969 1186 1351 1244 πιστώσασθαι
1384 1195 1478 1246 καὶ
1501 1195 1600 1264 τὴν
1621 1197 1802 1268 ἀμνη-

280 1262 405 1314 στίαν
453 1264 546 1316 τῶν
593 1267 1000 1336 εἰργασμένων.
1058 1274 1166 1328 Τοῦ
1236 1279 1357 1332 νέου
1414 1281 1470 1334 δὲ
1529 1262 1799 1354 βασιλέως

281 1354 621 1420 ἀπαλλαγέντος
647 1359 748 1410 τοῦ
776 1364 1132 1434 περισχόντος
1164 1368 1258 1421 νῦν
1294 1371 1573 1446 ἐξαπίνης
1617 1380 1798 1434 κινδύ-

284 1460 372 1504 νυ,
399 1447 494 1498 τότ’
519 1448 608 1517 ήδη
642 1449 1107 1525 βουλευσαμένοις
1137 1461 1275 1532 ὅπερ
1304 1465 1371 1516 ἂν
1393 1465 1526 1538 δοκῇ
1553 1468 1788 1538 βέλτιον,

281 1536 462 1598 ἐξέσται
505 1542 748 1611 πράττειν
799 1550 922 1601 κατ’
974 1551 1248 1616 ἐξουσίαν.
1287 1557 1357 1609 Ἦ
1413 1536 1525 1629 γὰρ
1557 1536 1652 1613 Ἴὲκ
1696 1564 1795 1633 τῆς

282 1630 475 1699 ἠπείρου
523 1635 632 1702 μίαν
665 1636 777 1690 τῶν
807 1640 909 1708 τῆς
965 1643 1174 1709 πόλεως
1205 1647 1390 1700 πυλῶν
1435 1630 1796 1722 διατεμόντες

282 1719 594 1792 ἐπιπεσούμεθα
617 1728 835 1794 νυκτὸς,
875 1731 909 1802 ἢ
957 1732 1066 1786 τῶν
1094 1738 1160 1789 ὲκ
1197 1737 1466 1805 Γεννοὺας
1500 1742 1597 1796 τοῦ
1632 1744 1793 1815 βασι-

284 1813 392 1872 λέως
415 1817 560 1883 φίλων
598 1822 795 1892 τριήρη
837 1824 993 1893 μίαν,
1039 1827 1072 1898 ἢ
1120 1831 1216 1882 καὶ
1247 1830 1341 1884 δύο
1377 1813 1784 1907 πληρωσαίντων
1824 1821 1863 1874 Β

284 1905 617 1977 ὶπιϐησὸμεθα,
644 1915 738 1968 καὶ
768 1916 909 1986 πρὸς
947 1919 1046 1981 τὰς
1083 1923 1388 1990 παραλίους
1438 1905 1539 1996 τῆς
1567 1929 1791 2002 Θρᾴκης

289 2000 454 2065 πόλεις
495 2000 630 2072 (αὗται
677 2009 723 2061 δ’
777 2011 918 2064 είσὶν
978 2013 1246 2086 ἡμέτεραι
1313 2018 1402 2072 διὰ
1433 2019 1493 2072 τὸ
1530 2021 1622 2074 τὸν
1652 2000 1794 2094 Συρ-

298 2095 503 2162 γιίινντιν
536 2098 671 2154 αὐτῶν
699 2096 1608 2182 ἐπιτροπεύεινγδιασωοησόμεοα
1638 2130 1652 2144 ’
1695 2117 1791 2168 καὶ

308 2186 422 2241 οὓτω
474 2191 634 2259 μακρὰν
649 2196 924 2267 γενόμενοι
946 2199 1055 2252 τῶν
1086 2201 1372 2267 κινδύνων,
1399 2204 1434 2258 ἃ
1463 2205 1614 2258 δοκεῖ
1645 2224 1784 2277 συμ-

313 2279 726 2356 φέρεινένύστέρῳ
755 2289 1063 2361 πράξομεν.
1097 2294 1169 2346 Τὸ
1203 2295 1261 2348 δὲ
1306 2297 1404 2350 νῦν
1449 2298 1594 2369 ἔχον,
1639 2302 1789 2372 πάσῃ

312 2372 377 2424 δεῖ
396 2376 639 2443 χρήσασθαι
669 2381 761 2434 καὶ
793 2383 992 2454 ἀνδρίᾳ
1018 2387 1114 2438 καὶ
1140 2375 1444 2462 προθυμίᾳ,
1472 2395 1566 2445 καὶ
1593 2394 1786 2460 αὐτὴν,

301 2466 341 2516 εί
364 2466 466 2531 δέοι,
499 2467 579 2538 τὴν
601 2472 735 2540 ζωὴν
764 2475 1065 2545 προθύμως
1100 2483 1256 2549 προῖε
1268 2481 1483 2550 μένους,
1508 2484 1651 2538 ὥστε
1680 2488 1788 2539 τῶν

292 2561 594 2628 περισχόντων
623 2564 930 2636 ἐξαρπάσαι
981 2568 1252 2624 κινδύνων
1283 2571 1376 2624 τὸν
1413 2572 1662 2642 βασιλέα,
1694 2581 1790 2632 καὶ

283 2649 346 2719 μὴ
391 2653 612 2720 περιϊδεῖν
647 2657 814 2710 αὐτὸν
869 2661 984 2729 ἅμα
1010 2661 1088 2732 τῷ
1144 2663 1341 2734 δικαίῳ
1366 2665 1741 2739 διαφθαρέντα
1769 2687 1784 2701 ·

280 2742 357 2794 καὶ
397 2745 571 2815 ίατρῶν
599 2749 704 2819 γὰρ
757 2753 884 2814 τοὺς
941 2757 1377 2828 ἐμπειροτέρους
1425 2762 1648 2832 ὁρῶμεν
1689 2764 1785 2818 καὶ

277 2836 559 2903 στρατηγῶν,
587 2841 720 2911 πρὸς
752 2842 819 2893 τὰ
851 2846 1250 2913 κατεπείγοντα
1304 2850 1504 2917 μᾶλλον
1559 2853 1786 2924 ισταμέ-

277 2944 368 2990 νους
390 2932 482 2986 τῶν
509 2939 831 3004 νοσημάτων
862 2941 956 2992 καὶ
983 2940 1094 2994 τῶν
1124 2943 1406 3013 πολέμων.
1439 2947 1658 3017 Ταύτης
1684 2952 1784 3017 τῆς

274 3019 424 3091 βουλῆς
452 3027 538 3077 καὶ
571 3032 1026 3103 πρωτοστράτορι
1063 3033 1356 3106 βελτίστης
1390 3036 1532 3094 εἶναι
1575 3042 1786 3108 κριθεί-

270 3128 363 3180 σης,
381 3117 607 3172 ἐδέδοκτο
637 3123 777 3190 πρὸς
810 3124 960 3187 τέλος
995 3125 1210 3194 ἐξάγειν
1235 3145 1248 3160 ·
1285 3131 1380 3182 καὶ
1427 3135 1783 3204 πρωτοστρὰ-
1807 3151 1849 3210 c

265 3220 350 3275 τωρ
376 3209 464 3276 μὲν
488 3211 644 3276 εὐθὺς
677 3214 925 3284 πέμψας,
970 3219 1381 3287 μετεκαλέσατο
1406 3223 1518 3276 τῶν
1547 3226 1779 3279 οἰκετῶν

263 3299 333 3348 καὶ
372 3301 480 3354 τῶν
504 3304 673 3371 φίλων
707 3307 867 3369 ὅσους
934 3309 1098 3378 ἐνῆνο
1160 3312 1212 3364 oi
1247 3313 1306 3366 δὲ
1360 3317 1622 3384 παρῆσαν
1680 3319 1780 3373 σὺν

257 3392 381 3459 τάχει
400 3409 413 3424 ·
439 3395 464 3445 ὀ
493 3395 662 3464 μέγας
698 3397 756 3448 δὲ
783 3397 1108 3466 δομέστικος
1138 3401 1412 3468 ἀπελθὼν,
1443 3405 1604 3468 ὅσους
1641 3409 1772 3476 ὲνῆν

255 3483 339 3537 τῶν
369 3483 645 3552 βασιλικῶν
673 3489 769 3539 καὶ
796 3489 907 3541 τῶν
967 3491 1116 3543 ἰδίων
1153 3495 1508 3563 συναγαγὼν,
1557 3498 1685 3562 τοὺς
1721 3499 1777 3552 δὲ

251 3575 698 3648 διεσκεδασμένους
719 3583 850 3634 ὅταν
877 3584 1194 3654 ὲπανήξωσι
1221 3590 1607 3658 παραγγείλας
1638 3593 1776 3645 ίέναι

254 3669 359 3736 πρὸς
384 3673 442 3724 τὰ
473 3666 742 3741 βασίλεια,
793 3675 1069 3743 ἐπανῆλθε
1117 3677 1216 3729 σὺν
1253 3679 1432 3750 τάχει.
1481 3681 1702 3736 Τούτων
1734 3684 1776 3736 δ’

251 3760 364 3814 οὕτω
389 3765 474 3816 σὺν
521 3765 730 3835 σπουδῇ
762 3768 1177 3837 πραττομένων,
1214 3770 1339 3822 ἐπεὶ
1395 3772 1654 3843 Κυριαζιὴ
1687 3769 1776 3842 ἦν,

250 3848 341 3912 ἔθος
364 3853 402 3904 δ’
427 3855 808 3924 ἐπεκράτησεν
854 3857 918 3908 ὲκ
949 3857 1148 3910 πολλοῦ
1181 3861 1241 3912 ὲν
1271 3863 1338 3930 τῇ
1373 3863 1567 3931 πρώτῃ
1601 3863 1776 3942 ταύτῃ

246 3941 321 4010 τῆς
346 3945 624 4017 ἑϐδομάδος
670 3948 859 4019 ἡμέρᾳ
919 3948 1246 4014 Γεννουίτας
1304 3968 1363 4005 τε
1419 3941 1672 4014 καὶτοὺς
1710 3957 1776 4007 ἐκ

246 4037 457 4103 Βενετίας
510 4042 780 4103 Λατίνους
816 4043 1261 4112 ἀφικνουμένους
1303 4047 1384 4108 είς
1416 4045 1486 4098 τὰ
1528 4044 1779 4115 βασίλεια

243 4130 376 4196 τιμῆς
401 4148 454 4183 τε
486 4132 649 4184 ἕνεκα
681 4135 780 4185 καὶ
813 4132 1110 4200 ὁμολογίας
1139 4135 1234 4186 τοῦ
1273 4137 1377 4188 ὑπὸ
1416 4135 1638 4205 βασιλεῖ
1665 4137 1776 4190 τῶν

251 4215 500 4288 Ῥωμαίων
530 4223 820 4292 τετάχθαι,
848 4224 978 4277 ἄλλο
1012 4227 1113 4293 μὲν
1149 4227 1326 4288 οὐδὲν,
1361 4228 1531 4297 μόνην
1554 4228 1610 4280 δὲ
1647 4244 1779 4298 προ-

245 4308 461 4380 σκύνησιν
491 4316 894 4381 ἀπονέμοντας,
930 4317 1094 4369 πάλιν
1123 4317 1308 4370 οἴκαδε
1343 4313 1774 4373 ἁπιέναιΪΗκον

243 4403 313 4454 καὶ
340 4405 445 4456 τότε
472 4409 518 4458 oi
566 4409 631 4460 ὲκ
665 4407 929 4470 Γεννούας
985 4410 1295 4482 πράξοντες
1326 4411 1393 4462 τὰ
1423 4410 1679 4474 εἰωθότα,
1713 4412 1773 4463 ἐν

240 4484 300 4552 οἷς
325 4493 348 4543 ὁ
374 4495 538 4564 μέγας
556 4498 882 4568 δομέστικος
912 4502 1040 4564 τοὺς
1075 4501 1168 4553 δύο
1197 4501 1306 4554 τῶν
1339 4503 1649 4572 εἰρημένων
1681 4503 1775 4554 τοῦ
1809 4495 1854 4552 D

1913 569 2160 636 tegendae
2205 573 2368 630 saluti
2429 591 2632 637 nostrze
2680 585 3084 648 incumbemus.
3135 595 3489 653 Postmodum

1909 658 2095 712 missis
2135 662 2202 716 ad
2239 680 2401 722 avum
2437 675 2776 740 oratoribus,
2818 688 2875 733 ut
2900 697 3068 738 ausus
3094 685 3146 739 in
3182 703 3240 741 se
3271 697 3491 745 nostros

1907 749 2186 849 oblivione
2212 761 2550 829 sempiterna
2582 766 2761 824 deleat
2789 770 2863 840 (⁸5)
2895 776 3232 842 rogabimus.
3269 781 3336 834 Et
3360 783 3490 849 quia

1905 839 2258 911 seditionem,
2292 850 2439 917 quod
2471 854 2742 911 credibile
2772 839 2878 924 est,
2919 839 3128 926 timeat,
3173 878 3228 921 ut
3276 839 3490 938 jureju-

1905 932 2078 988 rando
2107 939 2292 1006 nepoti
2345 942 2612 1014 nobisque
2648 956 2761 1028 tum
2787 954 3163 1020 securitatem,
3200 932 3313 1012 tum
3340 977 3490 1014 com-
3566 1026 3569 1028 _

1903 1024 2196 1081 missorum
2250 1030 2396 1085 illam
2447 1027 2782 1093 oblivionem
2828 1044 3132 1110 promittat.
3189 1048 3484 1119 Postquam

1901 1128 1968 1169 ex
1999 1115 2104 1171 hoc
2141 1126 2246 1172 tam
2283 1119 2468 1178 subito
2521 1129 2768 1196 periculo
2816 1137 3077 1198 evaserit,
3124 1148 3238 1192 tum
3285 1141 3485 1198 deinde

1904 1206 1998 1260 ubi
2040 1211 2508 1284 consuluerimus,
2539 1221 2685 1288 quod
2726 1233 2988 1292 praestare
3026 1228 3329 1297 videbitur,
3363 1235 3484 1303 ejus

1903 1301 2104 1369 agundi
2142 1303 2315 1359 libera
2353 1317 2597 1376 potestas
2629 1313 2756 1366 erit.
2782 1319 2892 1370 Aut
2924 1319 3071 1372 enim
3101 1337 3129 1373 a
3163 1301 3483 1379 continente

1903 1405 2008 1444 una
2025 1395 2175 1450 urbis
2193 1408 2350 1465 porta
2370 1401 2444 1466 (4)
2459 1403 2680 1458 effracta
2700 1409 3074 1465 noctuabundi
3096 1428 3447 1484 erumpemus
3461 1457 3482 1486 ,

1901 1491 1997 1535 aut
2039 1482 2316 1541 Geuuates
2361 1493 2548 1560 nepoti
2596 1497 2824 1564 amicos,
2861 1502 3141 1558 triremem
3181 1523 3367 1574 unam,
3401 1511 3482 1565 bi-

1899 1588 2065 1628 nasve
2099 1576 2398 1636 instructas
2431 1585 2640 1641 auxilio
2697 1604 3013 1661 poscemus,
3053 1607 3109 1652 et
3135 1587 3221 1652 'ad
3269 1602 3482 1656 mariti-

1895 1665 2014 1720 nias
2049 1666 2296 1727 Thracia:
2327 1676 2579 1732 civitates
2610 1681 2777 1750 (quae,
2811 1690 3074 1753 quoniam
3109 1707 3138 1744 a
3173 1691 3480 1763 Syrgianne

1900 1772 2188 1828 reguntur,
2249 1781 2278 1820 a
2312 1769 2471 1823 nobis
2523 1771 2674 1837 sunt)
2725 1774 3029 1834 incolumes
3077 1785 3477 1864 profugiemus.

1895 1852 2074 1920 Atque
2128 1854 2200 1910 ita
2252 1862 2444 1926 procul
2497 1866 2778 1932 periculis,
2812 1886 2935 1939 quae
2972 1872 3025 1926 in
3076 1891 3189 1928 rem
3233 1852 3475 1934 nostram

1895 1941 2432 2013 existimaverimus,
2503 1951 2572 2006 de
2624 1966 2823 2010 caetero
2875 1973 3266 2030 exsequemur.
3321 1966 3479 2023 Nunc

1894 2032 2098 2086 animis
2148 2049 2288 2104 Opus
2318 2049 2371 2092 et
2405 2051 2633 2109 pectore
2667 2044 2863 2101 firmo:
2902 2065 3073 2117 nunc,
3106 2052 3151 2106 si
3195 2071 3288 2110 res
3329 2056 3478 2127 ﬂagi-

1897 2121 2050 2186 tabit,
2113 2124 2228 2194 ipsa
2275 2143 2494 2198 quoque
2525 2134 2707 2189 anima
2750 2136 3025 2208 intrepide
3070 2121 3465 2212 impendenda,

1892 2226 2004 2280 quo
2070 2213 2456 2284 imperatorem
2502 2222 2780 2291 iuniorem
2831 2243 2861 2281 e
2911 2230 3095 2285 medio
3156 2234 3476 2292 discrimine
3542 2298 3561 2312 ν

1891 2307 2249 2363 extrahamus
2277 2328 2290 2373 ;
2324 2327 2426 2367 nec
2454 2330 2581 2368 eum
2619 2317 2671 2371 in
2711 2336 2876 2375 causa
2910 2324 3055 2393 josta
3095 2327 3210 2394 rapi
3242 2328 3308 2380 ad
3335 2329 3475 2384 inte-

1892 2398 2058 2482 ritum
2084 2402 2378 2471 patiamur,
2427 2409 2700 2477 siquidem
2728 2423 2782 2466 et
2812 2415 3076 2479 medicos,
3111 2430 3166 2471 et
3202 2418 3333 2474 belli
3367 2422 3470 2475 du-

1892 2507 1984 2545 ces
2016 2497 2480 2564 experientiores,
2516 2503 2723 2556 morbis
2753 2520 2816 2559 ac
2851 2507 3048 2575 pugnis
3084 2504 3474 2578 ingravescen-

1893 2584 2041 2638 tibus
2082 2587 2268 2641 acrius
2324 2591 2530 2647 instare
2581 2594 2855 2652 videmus.
2890 2597 3002 2653 Hoc
3051 2602 3344 2656 consilium
3380 2604 3471 2659 ubi

1889 2686 1944 2730 et
1974 2687 2343 2746 protoslralor
2374 2699 2474 2752 pro
2512 2687 2720 2755 optimo
2755 2691 3038 2759 amplexus
3065 2702 3170 2755 est,
3204 2695 3376 2748 visum
3401 2697 3472 2751 ad

1888 2766 2146 2822 effectum
2178 2770 2621 2839 perducendum.
2654 2776 2721 2830 Et
2749 2777 2839 2830 ille
2863 2779 3085 2847 quidem
3115 2781 3372 2849 protinus
3395 2781 3475 2838 fa-

1888 2860 2086 2922 mulos,
2118 2870 2173 2915 et
2211 2863 2422 2917 amicos
2461 2876 2733 2936 quotquot
2768 2871 2944 2937 potuit
2969 2873 3166 2941 coegit,
3193 2887 3331 2940 quos
3361 2871 3473 2928 cito

1889 2953 2056 3020 pedes
2083 2954 2410 3010 attulerunt.
2441 2957 2588 3012 Idem
2618 2975 2847 3030 magnus
2881 2963 3217 3020 domesticus
3272 2965 3324 3020 in
3353 2966 3472 3022 suis

1888 3052 1944 3096 et
1974 3046 2213 3112 nepotis,
2251 3050 2717 3116 quantumlicuit,
2756 3055 3148 3110 contrahendis
3176 3067 3468 3126 prmstans,

1885 3135 2272 3207 absentesque,
2309 3157 2433 3195 cum
2476 3143 2713 3212 prhnum
2773 3145 2998 3201 domum
3053 3149 3156 3220 41
3204 3152 3468 3206 revertis-

1880 3239 2022 3292 sent,
2055 3232 2120 3285 ad
2161 3233 2426 3301 palatium
2466 3251 2765 3291 occurrere
2796 3239 3025 3308 jubens,
3060 3241 3216 3296 brevi
3271 3243 3466 3298 eodem

1880 3319 2064 3375 rediit.
2099 3321 2194 3374 His
2226 3323 2474 3378 studiose
2523 3326 2826 3381 aC'sedulo
2883 3329 3139 3396 peractis,
3181 3332 3311 3400 quia
3360 3333 3468 3395 Do.

1881 3408 2082 3464 minioa
2114 3413 2398 3482 agebatur,
2434 3422 2490 3468 et
2539 3431 2658 3470 mos
2680 3416 3086 3487 longinquitate
3117 3421 3460 3490 invaluerat,

1883 3502 2134 3572 principe
2186 3503 2557 3560 hebdomadis
2606 3507 2718 3571 die,
2749 3508 3092 3575 Genuenses,
3125 3526 3189 3564 ac
3222 3513 3464 3569 Venetos

1878 3593 2125 3654 Latinos.
2174 3595 2403 3651 honoris
2445 3605 2502 3651 et
2539 3597 2902 3669 subjectionis
2931 3599 3250 3668 profitendae
3282 3603 3461 3670 gratia

1879 3683 1935 3738 in
1967 3684 2169 3753 regiam
2203 3689 2498 3750 ventitare,
2521 3687 2858 3758 adoratoque
2880 3689 3210 3758 imperatore
3233 3690 3460 3747 domum

1879 3776 2116 3845 regredi,
2148 3786 2421 3830 venerunt
2449 3785 2505 3830 et
2541 3787 2654 3831 tum
2683 3777 3032 3841 Genuenses,
3069 3780 3317 3835 solemne
3343 3782 3462 3836 ofﬁ-

1878 3866 2024 3921 cium
2073 3865 2428 3935 persoluturi.
2461 3867 2611 3921 Inter
2660 3867 2762 3922 hos
2812 3884 3042 3938 magnus
3085 3869 3458 3940 domesticus,

1877 3955 2098 4010 duobus
2127 3970 2196 4009 ex
2245 3956 2355 4012 illis
2393 3956 2594 4022 tribus,
2628 3971 2866 4026 quorum
2913 3974 3084 4028 supra
3120 3961 3457 4018 mentionem

1877 4044 2237 4110 faciebamus,
2273 4046 2491 4115 nepotis
2539 4045 2851 4102 fautoribus
2900 4048 3156 4117 repertis,
3186 4051 3458 4120 promissa

1875 4137 1957 4190 eis
1992 4136 2204 4205 redegit
2231 4136 2287 4190 in
2311 4137 2654 4202 memoriam,
2687 4145 2852 4208 atque
2888 4140 3114 4208 insuper
3143 4141 3211 4195 de
3238 4157 3454 4198 summa

1877 4227 2066 4281 auxilii
2103 4227 2432 4282 necessitate
2465 4227 2692 4295 edoctos
2719 4229 2785 4282 ad
2821 4230 3073 4285 triremes
3103 4231 3455 4288 instruendas

1877 4317 2103 4372 dimisit.
2137 4317 2220 4371 llli
2251 4316 2544 4380 abeuntes,
2587 4326 2645 4372 et
2697 4331 2798 4387 pro
2834 4328 3082 4388 tempore
3112 4319 3456 4389 diligentiam

1877 4408 2220 4472 adhibentes,
2244 4408 2387 4461 intra
2414 4409 2574 4462 horas
2597 4409 2810 4473 viginti,
2845 4419 3034 4464 ternas
3061 4411 3320 4466 omnibus
3361 4427 3455 4467 re-

1882 4502 1985 4555 bus
2034 4509 2258 4554 ornant.
2313 4498 2445 4565 Qua:
2494 4498 2717 4554 intuens
2749 4509 3110 4570 protostator,
3141 4503 3458 4575 multOSque

1395 4615 1400 4619 l
1449 4647 1668 4710 Jacobi
1699 4646 1965 4708 Pontaui
2002 4653 2190 4706 notaa.

293 4784 354 4861 (ᾖ.)
395 4789 643 4851 Ἀτυλο;,
700 4790 788 4842 cui
847 4806 1068 4846 necesse
1123 4808 1231 4846 non
1286 4803 1370 4848 est
1415 4795 1632 4861 timere,
1690 4810 1761 4850 ne

236 4855 483 4932 spolietur,
515 4874 604 4932 ne,
637 4874 760 4925 qua:
787 4861 968 4921 habet.
1004 4862 1186 4930 praeda
1221 4863 1372 4918 fiant.
1402 4865 1561 4928 Item,
1595 4855 1759 4932 quem

237 4926 433 4993 spoliare
457 4927 608 4981 nefas
643 4939 748 4989 est,
801 4937 950 4984 tutus
983 4926 1020 4984 ιι
1045 4932 1322 4993 violentia,
1356 4926 1760 4990 sacrosanctus.

236 4991 436 5070 'fempla
453 5013 616 5064 porro
652 4999 800 5068 asyla
847 5000 1128 5070 dicuntur,
1163 5019 1228 5055 ex
1269 4991 1470 5070 quibus
1500 5005 1652 5058 nefas
1680 5013 1764 5058 est

237 5061 633 5140 abstralii'eum,
688 5061 783 5135 q'ui
820 5069 884 5121 ad
939 5071 1028 5124 illa
1076 5061 1342 5140 confugit.
1393 5073 1616 5129 Servius
1642 5075 1694 5128 in
1727 5089 1763 5127 ιι

451 5130 820 5215 vo_cari_pu_tat
855 5142 1087 5215 asylum,
1118 5130 1275 5210 quasi
1304 5159 1549 5214 asyrum,
1583 5159 1615 5215 ιι
1659 5161 1766 5197 non

237 5203 804 5283 abstrahendo_.__1llulta
855 5203 1026 5283 asyla
1052 5203 1305 5268 recenset
1331 5203 1663 5283 (Alexander
1694 5215 1764 5268 ab

237 5268 528 5347 Algandro,
559 5277 662 5330 lib.
694 5295 774 5339 ιιι,
812 5268 939 5347 θερί
967 5281 1058 5334 ΞΟ.

292 5343 356 5406 (3)
397 5345 722 5417 _'Ap.v'qa':iat,
758 5348 811 5401 id
839 5343 944 5413 est,
999 5350 1327 5417 iniuriarum
1373 5353 1767 5408 offensionum-

239 5420 320 5478 qua
363 5413 580 5467 oblivio.
636 5417 748 5471 Hoc
793 5421 961 5473 verbo
1004 5413 1370 5476 Athenienses
1406 5424 1457 5476 in
1504 5424 1764 5478 sedandis

238 5477 506 5572 φέροι-«ιρις.
534 5501 660 5540 usos
706 5488 1213 5572 afﬁrmat-picem;
1269 5491 1639 5572 I_Phi‘lippica.
1681 5477 1768 5572 __Et

239 5542 602 5630 "Thrasybulus,
658 5542 1763 5630 auctore:Einilioiprobofio'gemﬁtulﬁ,

241 5622 554 5676 reconciliata
587 5641 744 5693 pace,
786 5644 855 5680 ne
903 5631 1028 5697 quis
1057 5622 1435 5686 anteactarum
1469 5622 1650 5686 rerum
1680 5622 1770 5687 ac;

241 5695 509 5772 cttsaretiir.
553 5709 691 5772 neve
747 5695 1134 5772 multaretur}
1183 5717 1416 5771 eamque
1473 5703 1548 5757 illi
1605 5702 1770 5772 legem

241 5752 468 5813 oblivionis
517 5766 885 5834 appellarunt.
939 5768 1042 5824 Sed
1090 5752 1548 5842 ιέειξῐιιῆιιῖιιεὲἱίι
1587 5752 1768 5842 άέὶτίτῖξ

1873 4795 2028 4854 στίας
2079 4791 2406 4860 appellatam
2441 4793 2697 4848 concedit
2738 4795 2986 4850 Muretus
3018 4813 3034 4850 :
3069 4796 3239 4850 verbo
3266 4809 3450 4854 autem

1873 4879 2004 4918 usos
2062 4864 2135 4930 μὴ
2188 4865 2578 4931 μνησικακεῖν,
2625 4862 2732 4919 hoc
2782 4874 2884 4929 est,
2937 4883 3042 4920 non
3078 4883 3187 4920 esse
3218 4871 3452 4923 retinen-

1869 4935 1991 4988 dam
2039 4933 2252 5001 injuria:
2301 4935 2629 4995 memoriam,
2675 4950 2795 4999 seu,
2853 4937 3088 4991 animum
3139 4938 3451 4994 malevolum

1870 5004 1930 5056 ob
1957 5003 2214 5075 injuriant
2251 5001 2465 5075 illatam
2511 5021 2615 5056 non
2643 5006 3049 5075 suscipiendum,
3083 5016 3138 5060 et
3170 5007 3274 5060 hoc
3307 5009 3450 5062 idem

1873 5075 2041 5128 fuisse
2073 5073 2126 5144 in
2167 5073 2287 5142 lege
2319 5073 2558 5141 positum
2593 5073 2811 5144 probat,
2837 5074 3054 5130 Variar.
3088 5077 3218 5132 lect.
3255 5078 3351 5132 lib.
3388 5093 3450 5144 ιι,

1871 5158 1989 5197 can.
2034 5143 2156 5197 l5.~

1939 5161 2156 5280 inii);
2184 5211 2603 5283 vigintigtribus
2636 5215 2809 5283 portis
2856 5213 3011 5269 urbis
3058 5213 3450 5270 Constantino-

1861 5282 2163 5353 politante,
2210 5281 2335 5338 vide
2385 5281 2982 5340 JoannisiLeunclavii
3020 5286 3332 5339 Pandecten
3363 5285 3448 5338 hi-

1867 5352 2054 5407 Storite
2115 5352 2384 5417 Turcicae,
2452 5369 2561 5434 quo
2602 5354 3042 5434 libro_Annale_s
3092 5355 3441 5434 sultanorum

1867 5423 2354 5506 Otltmanidarum,
2399 5440 2495 5477 seu
2523 5423 2944 5506 Osmanidarum
2983 5424 3299 5506 illustravit,
3349 5441 3449 5506 no-

1865 5493 2063 5563 bisque
2116 5494 2182 5577 atl
2242 5493 2407 5547 hasce
2453 5495 2964 5577 notasmplurimum
3025 5494 3446 5577 commodavit:

1868 5564 2088 5632 quando
2130 5563 2330 5643 bonam
2366 5563 2826 5646 partetnjttrcici
2864 5563 3078 5646 imperii
3116 5566 3446 5646 peragravit,

1869 5631 1925 5688 et
1954 5635 2198 5694 curiose,
2237 5633 2346 5685 imo
2379 5647 2511 5685 vero
2544 5631 3228 5701 diligentcriaccurathue
3254 5631 3446 5690 omnia

1855 5703 2179 5775 inquisivit.
2208 5701 2344 5757 \‘idc
2397 5701 2526 5759 item
2567 5700 2788 5758 Petrum
2821 5700 3060 5775 Gyllium
3117 5700 3175 5762 in
3210 5702 3449 5764 Thracio

1872 5773 2175 5843 Bosphoro.
