4038 6212
492 347 602 413 123

1666 347 1909 413 JOANN
1918 347 1992 407 IS
2030 342 2563 407 CANTACUZENI

3667 335 3769 397 124

492 477 602 521 tam
630 466 699 520 dc
734 465 971 536 nepotis,
1003 480 1170 537 quam
1210 467 1275 525 de
1318 467 1434 523 suis
1458 467 1779 524 domesticis
1809 466 2082 522 circuma-

2204 458 2458 521 Βασιλέως
2521 458 2695 528 φίλων
2754 454 2955 525 εὑρὼν,
3001 450 3234 507 καὶτῶν
3292 468 3352 504 τε
3404 449 3770 520 ὑποσχέσεων

490 566 703 613 stantes
735 557 1106 625 conspiciens,
1144 573 1242 630 spe
1273 560 1415 615 bona
1444 559 1805 614 conﬁrmatus
1836 555 2069 612 mirillce

493 648 806 710 laetabatur,
840 658 897 702 et
931 665 1121 705 amore
1171 666 1368 720 magno
1420 651 1702 722 pugnandi
1736 648 2066 705 exardesce-

493 738 602 792 dat.
633 739 1024 795 Verumtamen
1057 752 1257 811 praeter
1288 742 1683 809 Apocauchum
1736 755 1898 795 nemo
1940 752 2071 792 cau—

496 846 611 881 sam
644 832 985 886 evocationis
1019 842 1250 885 noverat
1281 847 1295 885 :
1331 834 1406 886 illi
1437 832 1586 886 enim
1615 832 1717 887 soli
1755 832 1902 901 quod
1938 845 2069 900 age-

426 960 432 965 .
496 919 660 971 batur
691 920 1065 987 patefeceram
1097 939 1110 975 :
1145 923 1239 976 alii
1276 922 1347 976 ob
1381 923 1591 991 aliquid
1626 923 1908 990 singulare
1938 937 2071 975 oon-

496 1013 715 1065 vcnisse
765 1012 1214 1082 suspicabantur,
1248 1020 1334 1069 'eo
1391 1026 1739 1084 argumento,
1771 1014 1920 1084 quod
1976 1015 2072 1082 qui

496 1118 671 1171 equos
705 1102 994 1167 haberent,
1027 1120 1124 1159 eos
1167 1105 1232 1159 ad
1264 1107 1526 1175 palatium
1564 1108 1781 1161 mittere
1808 1106 1946 1176 jnssi
1982 1121 2074 1161 es-

497 1201 641 1250 sent.
696 1193 800 1245 nisi
846 1196 993 1262 quod
1058 1211 1182 1265 qua:
1226 1197 1293 1251 de
1340 1196 1605 1251 Michaele
1655 1196 1893 1252 Catharo
1933 1198 2074 1251 fama

492 1282 736 1351 jactabal
773 1288 916 1354 (qtue
940 1286 1052 1356 jam
1083 1288 1331 1341 omnium
1363 1305 1527 1342 aures
1558 1273 1975 1359 compleverat),
2011 1304 2077 1343 ea

499 1392 560 1429 se
618 1387 904 1432 utnovum
964 1381 1225 1449 quiddam
1278 1389 1333 1435 et
1382 1381 1694 1444 audituros,
1747 1390 1804 1435 ct
1860 1382 2079 1435 visuros

497 1466 664 1519 etiam
697 1469 1014 1537 spvrabant.
1047 1470 1114 1524 Et
1150 1471 1224 1524 tlli
1261 1470 1486 1540 quidem
1526 1470 1579 1523 in
1612 1470 1698 1523 bis
1726 1478 1907 1523 erant.

2182 550 2532 618 ἀναμνήσας,
2563 547 2644 600 ἔτι
2677 546 2733 600 δὲ
2762 545 2862 615 τὴν
2889 543 3336 611 ἀναγκαιοτάτην
3376 540 3476 609 τῆς
3507 539 3767 609 βοηθείας

2177 641 2373 713 χρείαν
2434 641 2787 705 ἀναδιδάξας,
2823 636 3183 705 ἐξαπέστειλε
3238 636 3332 698 τὰς
3365 635 3613 704 τριήρεις
3670 636 3772 702 ἐφ-

2172 735 2442 798 οπλίζειν.
2474 734 2539 786 Ol.
2587 731 2634 786 δ’
2663 731 2995 794 ἀπελθόντες
3045 730 3142 783 καὶ
3179 726 3387 797 σπουδῇ
3422 727 3769 796 χρησάμενοι

2181 827 2260 897 τῷ
2332 826 2511 896 καιρῷ
2559 820 2941 895 προσηκούσῃ.
2995 820 3146 882 ἐντὸς
3198 819 3579 890 ὡρῶν,εῐκοσι
3612 818 3767 884 τρεῖς

2175 919 2453 991 πληροῦσι
2483 919 2754 988 τριήρεις.
2784 914 2977 969 Ταῦτα
3001 914 3098 966 καὶ
3120 909 3570 981 πρωτοστράτωρ
3591 907 3767 977 ὁρῶν,

2176 1016 2274 1066 καὶ
2311 1013 2370 1062 ὲν
2409 1010 2625 1062 ἐλπίσιν
2655 1007 2759 1077 ήδη
2792 1009 3064 1077 χρησταῖς
3095 1003 3419 1073 γενόμενος,
3452 999 3768 1069 ὑπερήδετο

2178 1121 2260 1166 τε,
2286 1106 2382 1158 καὶ
2405 1102 2583 1172 ὁρμῆς
2619 1098 2948 1170 ἐπληροῦτο,
2996 1096 3231 1154 πολλοὺς
3256 1095 3388 1164 περὶ
3423 1093 3622 1155 αὐτοὺς
3654 1091 3772 1144 τῶν

2176 1212 2241 1248 τε
2272 1194 2571 1265 βασιλικῶν
2618 1193 2715 1245 καὶ
2752 1191 2865 1244 τῶν
2928 1189 3076 1242 ίδίων
3128 1186 3559 1257 ἀθροιζομένους
3592 1183 3766 1255 ὁρῶν.

2183 1285 2373 1347 Οὐδεὶς
2406 1284 2592 1351 μέντοι
2628 1282 2741 1335 τῶν
2773 1278 3289 1348 συναθροιζομένων
3322 1276 3424 1345 τὴν
3456 1275 3634 1328 αἰτίαν
3667 1273 3772 1341 τῆς

2186 1377 2410 1429 συνόδου
2435 1375 2652 1445 συνῄδει
2678 1373 2820 1442 πλὴν
2846 1368 3193 1438 Ἀποκαύχου
3212 1384 3228 1400 ⁶
3255 1368 3452 1434 ἐκείνῳ
3476 1366 3546 1435 γά
3555 1386 3585 1435 ρ
3623 1366 3774 1434 μόνῳ

2184 1471 2287 1530 τὴν
2337 1470 2520 1523 αἰτίαν
2551 1467 2917 1521 ἐκοινώσαντο
2961 1464 3070 1517 τῶν
3130 1464 3565 1533 πραττομένων
3608 1462 3657 1511 οἱ
3720 1456 3772 1508 δ’

500 1561 678 1626 ἄλλοι,
729 1563 875 1625 τινὸς
940 1564 1040 1631 μὲν
1102 1564 1267 1618 ἕνεκα
1342 1564 1591 1632 μεγάλην
1638 1572 1738 1630 την
1809 1562 2154 1631 μετάκλησιν
2192 1562 2458 1616 ὑπενόουν
2508 1558 2673 1624 εἶναι,
2716 1560 2812 1613 καὶ
2856 1558 3163 1627 τεκμήριον
3224 1552 3512 1608 ἐποιοῦντο
3552 1553 3613 1604 τὸ
3643 1553 3775 1614 τοὺς

503 1654 704 1715 ῐππους
736 1654 964 1722 ἔχοντας
1022 1657 1158 1709 ἰέναι
1220 1656 1356 1723 προς
1426 1654 1495 1707 τά
1560 1654 1812 1723 βασίλεια
1880 1653 2268 1723 κελευσθῆναι,
2303 1635 2453 1723 εἵῇίον
2499 1653 2555 1705 δὲ
2596 1652 2801 1704 εἰδέναι
2852 1650 3027 1716 σαφὲς
3081 1646 3257 1709 οῦδὲν,
3314 1646 3455 1718 πλὴν
3508 1652 3577 1697 τά
3629 1661 3776 1713 περὶ

503 1744 596 1797 τοῦ
630 1746 892 1817 Καθαροῦ
921 1748 1018 1815 τῆς
1058 1750 1248 1817 φήμης
1294 1746 1727 1816 διαθρυλλούσης
1786 1745 2073 1816 (διεδέδοτο
2113 1746 2223 1817 γὰρ
2263 1745 2366 1815 ήδη
2432 1745 2572 1815 πρὸς
2617 1743 2871 1807 πάντας),
2912 1741 3043 1793 ἰδεῖν
3074 1757 3129 1792 τι
3164 1738 3260 1791 καὶ
3321 1739 3559 1791 ἀκούσαι
3590 1738 3777 1791 καινό-

504 1859 662 1912 τερον
694 1843 942 1914 ἤλπιζον.
981 1845 1043 1896 Ui
1079 1844 1176 1913 μὲν
1210 1845 1267 1896 ὲν
1301 1842 1514 1905 τούτοις
1541 1837 1705 1911 ἦσαν.

1924 1956 2153 2014 CAPUT
2191 1955 2333 2010 XIII.

503 2052 1289 2125 Juniorimperatoregressus.
1327 2072 1578 2123 maguum
1626 2056 1966 2108 domesticum
2006 2053 2255 2125 requirit.
2301 2050 2442 2117 Quid
2483 2052 2738 2125 utrinque
2784 2061 3180 2125 actummutuo
3237 2054 3499 2108 indicant.
3541 2053 3777 2111 Historia

577 2121 832 2179 inseritur
863 2127 927 2178 de
958 2121 1127 2179 dilato
1154 2128 1380 2179 senioris
1419 2121 1663 2179 consilia.
1706 2127 1885 2177 Denuo
1925 2140 2019 2193 per
2047 2124 2448 2193 eunuchum,“
2489 2121 2557 2173 ad
2568 2122 2834 2193 judicium
2862 2124 3093 2191 quidem,
3135 2141 3252 2176 cum
3300 2142 3496 2192 magna
3540 2128 3776 2179 vocantis

582 2196 922 2264 miseratione
975 2206 1022 2247 et
1051 2193 1299 2264 lacrymis
1332 2197 1623 2248 arcessitur
1688 2211 1866 2262 nepos.
1914 2192 1995 2247 Ad
2028 2193 2251 2262 oﬂicium
2296 2192 2395 2247 tali
2438 2200 2671 2260 tempore
2711 2192 2813 2246 sibi
2848 2194 3209 2262 pta'staudum
3252 2195 3419 2248 socios
3449 2196 3776 2250 cohortatur.

580 2263 903 2317 Promittant
934 2266 1132 2328 ontnia,
1168 2263 1444 2335 ipsumque
1475 2265 1544 2317 ad
1574 2264 1838 2333 palatium
1867 2265 2215 2317 comitantur.

579 2379 883 2448 Imperator
909 2378 1089 2432 minor
1119 2390 1183 2432 att
1215 2379 1491 2432 exteriora
1519 2378 1707 2448 palatii
1739 2378 1848 2432 alvi
1879 2377 2074 2433 dolore

2250 2376 2514 2440 Βασιλεὺς
2537 2376 2588 2429 δ’
2628 2380 2657 2429 ὁ
2703 2380 2825 2439 νέος
2876 2378 3029 2443 νύξιν
3067 2379 3389 2448 ὑποκριθεῖς
3416 2380 3514 2446 τῆς
3541 2384 3781 2451 γαστρὸς

510 2471 770 2526 simulato
815 2486 1091 2540 egressus,
1139 2485 1396 2541 magnum
1438 2470 1804 2526 domesticum
1859 2471 2092 2540 vestiga-

513 2564 627 2617 bat.
682 2564 802 2628 Quo
856 2564 1081 2617 invento
1134 2563 1329 2618 dolens
1379 2577 1446 2617 ac
1499 2572 1751 2628 tumstus,
1808 2561 1892 2616 Tu
1943 2577 2096 2628 vero,

514 2656 658 2708 bone
702 2655 805 2719 vir,
846 2654 1045 2723 inquit,
1095 2654 1187 2708 ubi
1227 2655 1497 2709 hactenus
1539 2654 1733 2708 luisti?
1765 2654 1862 2708 Ille
1907 2663 2098 2709 contra

525 2760 723 2815 magno
758 2760 883 2798 cum
916 2746 1140 2810 allectu,
1165 2744 1286 2810 Quo
1318 2762 1404 2800 me
1439 2746 1716 2800 nolentem
1747 2746 1827 2800 rei
1859 2746 2097 2800 necessi-

519 2838 653 2889 tudo
698 2838 985 2907 compulit.
1037 2837 1247 2892 Deinde
1294 2846 1483 2892 narrat
1531 2852 1764 2907 quaeque
1806 2837 2103 2891 statuerint

520 2927 824 2992 hactenus,
868 2943 1100 2998 qureque
1141 2928 1375 2997 egerint.
1413 2928 1594 2997 Nepos
1624 2928 1829 2998 gratias
1859 2928 2004 2996 agit,
2045 2935 2101 2982 et

520 3019 889 3089 interrogatus
915 3020 1045 3089 quid
1084 3020 1217 3088 ipsis
1246 3034 1410 3091 porro
1453 3020 1764 3074 faciendum
1791 3020 1883 3086 ait,
1918 3020 1986 3074 de
2010 3020 2103 3089 ju-

521 3113 668 3168 dicio
701 3113 888 3167 futuro
919 3113 995 3165 ait
1026 3114 1236 3166 nullum
1286 3114 1525 3182 relinqui
1575 3113 1809 3167 dubimn
1842 3130 1856 3166 :
1892 3112 2101 3167 hucus-

520 3221 630 3277 que
676 3215 859 3259 autcm
908 3221 1069 3258 avum
1100 3202 1238 3258 nihil
1266 3204 1526 3273 cuiquam
1557 3203 1667 3276 42
1692 3220 1757 3259 ex
1792 3204 1858 3258 iis
1894 3202 1989 3272 qui
2026 3200 2104 3256 af—

522 3297 758 3352 luissent
809 3297 1105 3351 verborum
1152 3296 1374 3362 iecisse,
1422 3311 1694 3366 posseque
1744 3296 2104 3351 nihilominus

522 3388 704 3442 adhuc
734 3387 875 3451 ﬁeri,
906 3397 964 3440 ut
997 3387 1274 3451 meditata,
1310 3402 1410 3442 suo
1438 3389 1677 3442 adventu
1704 3387 1963 3442 videlicet
1995 3387 2107 3442 dis-

524 3480 722 3550 sipata,
780 3480 944 3534 etiam
994 3493 1141 3532 nunc
1198 3478 1419 3532 dill‘erat
1454 3494 1473 3533 :
1517 3477 1800 3548 quomodo
1842 3476 2104 3532 nimirum

516 3551 719 3641 ‘paucis
742 3579 870 3624 ante
892 3570 1088 3625 diebus
1116 3570 1457 3634 usuvenerit,
1477 3586 1604 3625 cum
1638 3581 1825 3627 vetere
1850 3571 2105 3626 instituto

524 3664 707 3734 magni
743 3664 974 3723 canonis
1003 3661 1243 3718 cilicium
1268 3663 1574 3719 cauebatur
1599 3662 1679 3733 (εἰ)
1708 3678 1909 3734 :quem
1937 3678 2105 3719 even-

2202 2470 2298 2521 καὶ
2346 2468 2483 2537 πρὸς
2543 2470 2672 2532 τοὺς
2726 2469 2979 2539 ἐξωτέρω
3031 2471 3141 2523 τῶν
3196 2470 3489 2539 βασιλείων
3544 2469 3782 2534 ἐξελθὼν

2199 2561 2405 2623 οἴκους,
2442 2561 2549 2637 ¹τὸν
2589 2560 2770 2630 μέγαν
2816 2562 3140 2629 δομέστικον
3166 2562 3424 2631 ἀνεζήτει
3448 2578 3461 2594 ο
3491 2562 3668 2631 εὑρὼν
3700 2561 3781 2626 δὲ,

2204 2653 2302 2706 σὺν
2361 2651 2520 2718 ἄλγει
2556 2654 2651 2706 καὶ
2714 2653 2931 2724 ἀθυμίᾳ
2976 2653 3179 2723 ψυχῆς,
3244 2654 3318 2706 Σὺ
3375 2652 3445 2719 δ’,
3499 2647 3545 2705 ὦ
3586 2652 3783 2721 ἀγαθὲ,

2201 2747 2386 2816 ἤρετο,
2423 2746 2559 2797 ὅπου
2611 2736 2776 2813 μέχρι
2809 2744 2927 2804 νῦν.
2956 2741 3063 2814 ἦςς
3106 2747 3168 2798 Ὀ
3215 2745 3274 2798 δὲ
3310 2744 3783 2815 περιπαθέστερον

2203 2836 2565 2906 ἁπεκρίνατο*
2601 2818 2777 2889 ’ὃπου
2816 2838 2916 2903 μὲν
2941 2838 3042 2889 οὐκ
3065 2836 3401 2906 ἠϐουλόμην,
3432 2838 3465 2907 η
3493 2837 3539 2889 δ’
3564 2836 3784 2904 ἀνάγκη

2203 2931 2311 2981 τῶν
2370 2929 2714 2999 πραγμάτων
2756 2927 3009 2983 συνώθει.
3066 2923 3180 2982 Εἶτ’
3235 2926 3557 2996 ἐξαγγείλας
3593 2929 3695 2980 ὅσα
3723 2944 3785 2981 τε

2203 3020 2598 3074 ἐϐουλεύσαντο
2641 3022 2739 3074 καὶ
2767 3020 2868 3074 ὃσα
2911 3020 3161 3092 ἑπραξαν
3211 3020 3341 3089 ἄχρι
3369 3020 3516 3083 τότε,
3549 3019 3651 3088 τῆς
3682 3021 3784 3089 μὲν

2207 3112 2401 3183 βουλῆς
2441 3111 2625 3173 αὐτοῖς
2675 3111 2703 3163 ὁ
2758 3110 3014 3179 βασιλεὺς
3077 3113 3171 3165 καὶ
3226 3112 3337 3164 τῶν
3389 3111 3785 3181 πραττομένων

2204 3204 2430 3273 χάριτας
2454 3205 2759 3272 ὡμολόγειθ
2792 3203 3095 3274 ἐρωτηθεὶς
3143 3203 3189 3257 δ’
3233 3204 3263 3255 ὃ
3298 3220 3352 3254 τι
3377 3202 3489 3255 δέοι
3518 3202 3788 3272 πράττειν

2207 3297 2433 3359 αὐτοὺς,
2489 3295 2590 3364 τὴν
2636 3296 2736 3365 μὲν
2777 3295 2936 3357 δίκην
2992 3295 3163 3364 ἔφησε
3199 3294 3531 3364 γενήσεσθαι
3566 3293 3789 3362 μέλλειν

2207 3387 2619 3457 ἀναμφιὸόλως,
2662 3387 2824 3455 μέχρι
2879 3386 2938 3440 δὲ
2991 3386 3088 3440 νῦν
3142 3387 3312 3455 μηδὲν
3359 3386 3613 3455 εἰρῆσθαι
3649 3387 3787 3455 πρδς

2210 3480 2417 3550 μηδένα
2456 3478 2565 3533 τῶν
2603 3478 3029 3548 ἀφικνουμένων
3063 3478 3143 3545 τῷ
3178 3480 3390 3547 πάππῳ
3419 3480 3515 3530 καὶ
3544 3475 3784 3546 βασῼεί.

2220 3568 2563 3640 Ἐνδέχεσθαί
2590 3586 2655 3637 γε
2690 3570 2800 3640 μὴν
2832 3570 2930 3623 καὶ
2964 3568 3060 3623 νῦν
3085 3569 3417 3640 ὑπερθέσθαι
3444 3569 3536 3622 τὸν
3560 3568 3791 3637 βασιλέα

2210 3662 2281 3716 τὰ
2321 3662 2700 3732 μελετώμενα,
2753 3665 2820 3732 τῇ
2878 3662 3155 3733 παρουσίᾳ
3209 3665 3275 3732 τῇ
3332 3665 3439 3732 ἐμῇ
3490 3661 3789 3715 διασκεδαο

1802 3792 2018 3855 Jacobi
2050 3794 2316 3854 Pontani
2350 3801 2537 3856 notas.
2604 3853 2608 3856 .

600 3898 692 3966 (5)'
714 3898 794 3951 Ex
820 3896 1049 3952 Triodio
1099 3896 1337 3969 quodam
1381 3897 1526 3952 libro
1573 3896 1754 3952 rituaIi
1789 3896 2102 3952 Graecorum
2132 3905 2185 3969 α
2208 3899 2431 3957 sionem.
2467 3909 2516 3951 et
2549 3914 2644 3964 per
2672 3895 2783 3969 alia
2809 3896 3113 3969 hujusmodi
3144 3897 3305 3950 Deum
3338 3897 3593 3963 placandi
3638 3904 3789 3968 eique

527 3968 598 4023 de
627 3984 825 4037 magno
858 3983 1069 4022 canone
1101 3968 1501 4029 describemus,
1540 3984 1661 4036 quae
1698 3969 2099 4036 interpretatus

524 4048 617 4094 est
645 4036 836 4094 noster
879 4038 1120 4094 Iacobus
1162 4036 1475 4100 Gretserus,
1532 4038 1687 4093 Notis
1724 4039 1777 4090 in
1822 4038 2102 4092 orationes

530 4110 753 4164 Patrum
783 4109 849 4161 de
884 4119 1071 4161 sancta
1107 4123 1269 4160 cruce
1301 4124 1316 4159 :
1359 4107 1557 4177 Eadem
1587 4111 1669 4162 die
1697 4108 1910 4177 (quinta
1952 4107 2101 4160 scili-

529 4187 608 4232 cet
649 4180 848 4246 quinta?
886 4177 1222 4230 hebdomadis
1270 4177 1325 4246 in
1375 4175 2097 4246 Quadrngesima)_canimus

530 4242 755 4316 officium
788 4247 969 4312 magni
1001 4246 1241 4316 canonis.
1277 4242 1433 4297 Hunc
1456 4261 1574 4298 vere
1599 4242 1663 4298 ea:
1686 4244 1924 4297 omnibus
1952 4262 2107 4316 cauo-

534 4314 685 4369 nibus
738 4316 1030 4368 maximum
1079 4314 1273 4383 optime
1331 4320 1381 4366 et
1422 4315 1687 4383 ingeniose
1728 4314 2019 4381 composuit
2056 4322 2105 4367 et

533 4387 840 4454 conscripsit
866 4392 1086 4437 sanctus
1120 4382 1287 4436 Pater
1326 4382 1504 4454 noster
1541 4385 1801 4454 A_ndreas,
1845 4384 2104 4454 archiepi-

531 4471 718 4525 scopus
742 4451 937 4525 Uretur,
973 4463 1315 4525 cognomento
1346 4452 1877 4522 Hierosolymitanus,
1900 4469 1964 4507 ex
1993 4451 2105 4507 Da-

531 4521 710 4578 masco
739 4523 1011 4583 oriundus,
1053 4524 1142 4582 qui
1172 4521 1368 4576 decimo
1411 4521 1603 4593 quarto
1629 4524 1799 4577 (etatis
1829 4539 1940 4577 sua:
1964 4540 2106 4593 anno

534 4595 900 4661 grammatica:
941 4593 1115 4645 studia
1151 4608 1448 4661 aggressus.
1474 4606 1519 4644 et
1546 4595 1600 4646 in
1623 4595 1765 4647 omni
1802 4592 2108 4661 disciplina-

535 4680 654 4715 rum
680 4678 869 4732 genere
904 4664 1059 4734 probe
1100 4662 1358 4725 excultus,
1390 4661 1809 4734 Hierosolymam
1838 4666 2106 4733 pervenit,

534 4734 797 4802 vitamque
829 4733 1172 4785 monasticam
1221 4734 1358 4803 iniit,
1400 4736 1489 4800 qui
1538 4733 1715 4786 sancte
1749 4742 1795 4786 et
1835 4736 1916 4803 pie
1951 4735 2109 4787 vitam

536 4817 816 4871 peragens,
862 4804 916 4854 in
944 4803 1116 4867 quieto
1173 4802 1265 4855 illo
1306 4810 1357 4855 et
1399 4819 1431 4855 a
1473 4804 1636 4855 turbis
1666 4814 1864 4856 remoto
1906 4804 2111 4857 vivendi

530 4873 798 4931 instituto,
839 4871 1009 4926 multa
1050 4872 1402 4938 quidemcum
1438 4872 1549 4926 alia
1583 4873 1830 4927 Ecclesia:
1862 4873 1955 4926 Dei
1997 4873 2109 4940 fru-

536 4954 713 4995 ctuosa
742 4943 938 5011 ingenii
984 4943 1067 4995 sui
1118 4951 1453 4997 monumenta
1504 4944 1734 5011 reliquit,
1772 4954 1882 4998 tum
1932 4945 2111 4997 varias

537 5014 803 5065 orationes
859 5022 906 5064 et
956 5027 1205 5073 canones,
1255 5014 1485 5065 crebrior
1532 5022 1709 5067 tamen
1771 5025 1819 5067 et
1856 5014 2113 5082 copiosior

528 5084 591 5153 in
628 5083 953 5153 panegyricis
985 5083 1310 5136 orationibus
1344 5084 1562 5135 exstitit.
1606 5083 1690 5136 Ea:
1730 5084 1908 5138 multis
1938 5094 2111 5135 autem

538 5152 658 5205 aliis
709 5156 847 5206 hunc
879 5167 1083 5220 quoque
1122 5170 1374 5223 magnum
1417 5169 1691 5216 canonem,
1738 5155 1949 5220 inﬁnita
1995 5169 2115 5204 con-

2209 3969 2452 4037 placendi
2507 3969 2700 4021 media.
2745 3965 2882 4037 Quin
2907 3968 3036 4019 adeo
3058 3983 3227 4020 canon
3251 3969 3334 4019 hic
3362 3983 3590 4020 canorus
3615 3965 3714 4031 est,
3741 3978 3790 4021 et

2204 4039 2261 4092 in
2298 4041 2507 4093 animas
2530 4047 2641 4091 tam
2668 4037 2821 4105 facile
2851 4036 3047 4106 inﬂuit,
3075 4045 3133 4090 ut
3162 4047 3213 4090 et
3241 4047 3490 4097 mentem.
3521 4039 3619 4091 etsi
3651 4053 3791 4105 prae-

2205 4109 2418 4172 duram,
2447 4108 2581 4177 satis
2627 4107 2889 4170 emolliat,
2951 4118 2999 4160 et
3051 4108 3122 4161 ad
3152 4108 3511 4175 recipiendum
3552 4108 3607 4159 id
3644 4109 3787 4177 quod

2206 4178 2397 4230 bonum
2451 4186 2500 4229 et
2541 4176 2814 4229 honestum
2865 4184 2961 4241 est,
3015 4179 3252 4230 excitet:
3292 4177 3571 4230 dummodo
3631 4182 3789 4231 corde

2206 4247 2434 4299 contrito
2491 4254 2541 4298 et
2589 4246 2763 4297 debita
2798 4261 2914 4298 cum
2959 4248 3247 4299 attentione
3292 4245 3578 4313 psallatur.
3640 4245 3792 4300 Fecit

2207 4324 2383 4369 autem
2404 4317 2540 4367 hunc
2563 4331 2898 4386 canonemeo
2920 4326 3173 4384 tempore,
3189 4333 3291 4386 quo
3313 4332 3534 4386 magnus
3550 4314 3698 4385 .Soplt
3708 4334 3793 4370 ro—

2207 4387 2328 4441 nius
2395 4385 2710 4455 patriarcha
2754 4385 3302 4455 .Hierosolymitanus
3366 4385 3536 4439 Vitam
3596 4387 3793 4441 Mariis

2206 4454 2536 4526 ﬁggptiacce
2562 4454 2749 4509 litteris
2792 4454 3061 4509 mandavit
3095 4470 3113 4507 :
3146 4472 3260 4525 qua:
3301 4466 3349 4509 et
3378 4456 3493 4525 ipsa
3526 4472 3790 4524 compun-

2208 4527 2394 4580 ctionis
2453 4526 2758 4594 plenissima
2822 4533 2919 4587 est,
3002 4526 3267 4594 lapsisque
3319 4536 3367 4578 et
3429 4527 3794 4593 peccatoribus

2213 4593 2847 4665 multumconsolationis
2872 4594 3049 4665 aﬂ‘ert,
3073 4596 3119 4648 si
3158 4593 3312 4648 modo
3340 4614 3371 4649 a
3405 4599 3583 4664 pravis
3618 4598 3798 4665 operi-

2212 4666 2304 4719 bus
2344 4667 2598 4719 desistere
2644 4664 2822 4718 velint.
2861 4663 2996 4734 Lege
3040 4673 3221 4718 autent
3272 4663 3536 4734 receptum
3581 4663 3681 4727 est,
3735 4675 3796 4717 ut

2211 4737 2309 4806 hac
2355 4737 2441 4789 die
2490 4734 2843 4806 legatur/iac
2892 4732 2955 4786 de
3012 4751 3197 4806 causa.
3254 4732 3397 4788 Cum
3421 4736 3558 4788 enint
3596 4743 3794 4789 sancta

2213 4803 2633 4876 Quadragesi'ma
2661 4804 2731 4876 ad
2759 4803 2917 4870 ﬁnem
2950 4805 3151 4876 tendat,
3186 4819 3251 4857 ne
3278 4807 3508 4876 homines
3529 4808 3799 4870 segniores

2214 4875 2383 4945 οπεριί
2439 4873 2761 4945 ἐρὶνὶιιιαιὶα
2818 4875 3111 4926 certamina
3166 4873 3515 4945 negligentius
3583 4877 3800 4936 ineant,

2212 4943 2480 5016 vitamque
2527 4943 2756 5017 sobriam
2817 4952 2863 4994 et
2918 4943 3519 5017 temperantem'valere
3546 4945 3800 5017 jubeant,

2213 5014 2479 5067 maximus
2511 5014 2656 5066 adest
2708 5014 2972 5072 Andreas.
3019 5014 3126 5082 qui,
3174 5014 3314 5067 velut
3345 5014 3557 5084 aliptes,
3590 5030 3684 5081 per
3715 5015 3805 5068 lti-

2213 5087 2408 5139 storias
2443 5085 2622 5153 magni
2666 5083 2907 5155 canonis.
2950 5087 3309 5155 enumerando
3344 5083 3626 5155 insignium
3653 5086 3797 5137 viro-

2214 5171 2331 5207 rum
2409 5156 2677 5215 virtutem,
2711 5163 2778 5222 Aet
2828 5153 3189 5222 improborum
3232 5170 3412 5207 casum
3453 5153 3511 5205 et
3573 5156 3807 5208 eversio-

540 5224 753 5295 tritione
792 5222 1058 5295 animique
1083 5220 1473 5295 compunctione
1498 5223 1769 5295 refertum,
1802 5223 2109 5295 elaboravit.
2146 5231 2193 5289 ι)
2220 5240 2337 5277 nem
2361 5263 2374 5285 ,
2436 5239 2520 5295 eos
2560 5222 2647 5290 qui
2702 5220 2964 5295 laboribus
3011 5222 3264 5295 insistunt
3288 5264 3301 5283 ,
3352 5223 3643 5278 alacriores
3673 5264 3688 5284 .
3749 5235 3803 5278 et

532 5292 773 5345 tiollecta
825 5289 1061 5345 enimtn
1104 5289 1264 5345 unum
1311 5289 1570 5346 universa'
1610 5289 1807 5345 Veteris
1875 5302 1926 5345 et
1974 5290 2107 5345 Novi

538 5360 855 5415 Testamenti
911 5364 1150 5421 historia,
1210 5365 1471 5415 canticum
1523 5364 1617 5413 hoc
1670 5363 1979 5430 composuit,
2043 5363 2106 5413 ab

540 5432 745 5484 Adamo
775 5433 1034 5487 videlicet.
1066 5448 1227 5500 usque
1257 5434 1325 5484 ad
1349 5432 1544 5484 Christi
1574 5434 1927 5484 ascensionem
1986 5446 2111 5498 upo-

538 5500 899 5570 stolornmque
951 5501 1377 5568 prwdicationem
1435 5515 1452 5551 :
1510 5518 1611 5568 quo
1654 5503 1861 5570 quidem
1907 5516 2109 5553 onmem

540 5573 778 5625 animant
811 5573 1138 5634 cohortatur,
1169 5583 1221 5623 ut
1257 5587 1319 5623 ea
1358 5586 1474 5640 qua:
1504 5572 1556 5622 in
1588 5573 1804 5625 historia
1838 5571 1970 5623 videt
2002 5584 2113 5622 esse

543 5639 679 5693 bona
724 5649 775 5693 et
815 5640 1137 5704 laudabilia,
1194 5658 1288 5710 pro
1331 5639 1525 5693 viribus
1559 5648 1821 5704 sectetur;
1846 5656 1962 5710 qua'
1994 5654 2114 5693 vero

548 5710 717 5770 mala.
772 5711 937 5779 l'ugiat
968 5719 1015 5762 et
1049 5721 1340 5771 auersetur,
1371 5727 1676 5778 semperque
1724 5711 1791 5763 ad

1891 5727 2009 5762 eum
2037 5725 2125 5762 τες

546 5791 749 5846 uarat,
793 5795 887 5847 per
916 5781 1301 5849 pwniteutiam,
1340 5797 1433 5850 per
1465 5780 1750 5851 lacrgmas,
1795 5796 1886 5851 per
1918 5779 2119 5849 confes-
2152 5831 2163 5840 ,

2218 5305 2272 5345 ut
2330 5295 2404 5345 ita
2455 5293 2650 5353 dicam,
2704 5293 3061 5362 generosioris
3107 5293 3274 5362 facit,
3325 5303 3381 5344 ut
3432 5295 3655 5349 viriliter
3713 5311 3807 5359 ea,

2218 5379 2335 5431 qua:
2385 5371 2700 5432 sup'rsunt,
2756 5372 3059 5432 capessant.
3111 5364 3340 5416 Sanctus
3384 5381 3506 5418 vero
3563 5365 3812 5429 Sophro-

2217 5434 2333 5484 nius
2360 5434 2599 5485 oratione
2626 5449 2722 5485 sna
2751 5432 2950 5485 sobrios
2996 5442 3043 5485 et
3078 5434 3188 5497 ipse
3220 5433 3410 5495 reddit,
3448 5447 3496 5487 et
3534 5435 3603 5488 ad
3632 5433 3812 5487 Deum
3872 5476 3875 5481 ι

2220 5503 2447 5573 excitat,
2501 5517 2565 5555 ne
2630 5510 2926 5563 corruant,
2979 5519 3105 5573 neve
3156 5501 3472 5573 desperent,
3526 5505 3644 5558 licet
3704 5505 3817 5558 ali-

2216 5571 2403 5694 qjuibus
2482 5574 2707 5642 peccatis
2762 5573 2954 5625 irretiti
2998 5572 3211 5641 fuerint.
3249 5571 3489 5636 'Quanta
3551 5576 3689 5627 enim
3740 5575 3817 5627 sit

2273 5642 2318 5693 ei
2363 5642 2670 5694 humanitas
2724 5649 2774 5694 et
2831 5641 3111 5694 clementia
3175 5642 3232 5694 in
3269 5642 3415 5694 illos.
3454 5648 3542 5694 ani
3591 5659 3655 5694 ex
3698 5650 3817 5694 tota

2273 5642 2670 5714 ei_humanitas
2724 5649 2774 5694 et
2831 5641 3111 5695 clementia
3175 5642 3232 5694 in
3269 5642 3415 5709 illos,
3454 5648 3542 5714 qui
3591 5659 3655 5698 ex
3698 5650 3820 5699 toto

2224 5710 2378 5765 corde
2402 5713 2681 5783 pra'terittc
2707 5714 2826 5783 trita:
2864 5729 3029 5767 noxas
3058 5714 3359 5779 relinquere
3390 5710 3643 5783 cogitant,
3676 5731 3820 5766 nar-

2228 5783 2362 5835 ratic-
2389 5786 2449 5836 de
2478 5782 2656 5836 Maria
2698 5782 3021 5853 (Egyptiaca
3052 5785 3256 5838 abunde
3290 5782 3461 5838 docet.
3490 5783 3820 5855 Appellatur
