4038 6212
566 352 670 419 127

1738 359 2077 421 JOANNlS.
2107 357 2638 422 CANTACUZENI

3721 352 3823 417 198

564 475 632 527 ad
680 488 848 529 unum
876 474 1029 529 viros
1066 472 1259 541 fortes,
1291 482 1349 530 et
1380 464 1448 528 ad
1478 473 1836 543 praeliaudum
1880 475 2147 529 exercita-

2251 470 2411 540 δίκης
2440 472 2468 523 ὁ
2491 467 2752 539 βασιλεὺς
2797 467 3192 538 ὑπερθήσεται,
3225 465 3299 520 Τδ
3328 465 3376 520 δ’
3416 466 3516 520 οὐκ
3542 464 3692 539 εἶχεν
3732 470 3825 524 οὖ-

566 574 673 630 tos,
703 565 749 621 si
780 564 1096 620 abeundum
1127 564 1222 626 sit,
1263 565 1430 620 etiam
1463 565 1672 634 plures,
1708 575 1774 621 et-
1798 566 2017 636 ignotos
2050 562 2146 621 tic-

564 670 831 711 cursuros
864 674 878 709 :
912 655 981 709 de
1010 656 1117 721 his,
1154 657 1403 726 inquam,
1433 657 1546 712 illis
1569 673 1882 714 sermonem
1912 657 2149 713 misceno

565 743 735 807 libus,
767 745 1051 814 Deumque
1081 748 1460 816 precantibus,
1488 748 1596 820 5.3
1617 748 1889 818 judicium
1919 749 2149 818 amplia-

564 846 670 902 ret,
715 836 895 905 quoad
942 837 1248 906 coiissent,
1301 840 1396 909 qui
1458 856 1558 910 pro
1612 842 1749 910 ipsis
1804 842 2143 898 decertaturi

563 928 953 995 sperabantur,
1003 930 1175 986 missu
1227 933 1317 988 avi
1363 932 1520 988 adest
1571 934 1865 990 eunuchus
1913 935 2147 991 Michael

561 1017 946 1076 Callicrenites
967 1039 984 1089 ;
1009 1031 1065 1076 et
1097 1024 1417 1094 priusquam
1478 1041 1670 1081 vocem
1702 1028 1851 1092 edat,
1890 1030 2149 1102 lacrymis

565 1111 976 1181 gemitibusque
1014 1114 1314 1169 infaustum
1359 1130 1418 1170 se
1446 1127 1740 1186 apportare
1770 1121 2026 1175 nuntium
2058 1137 2151 1177 os-

566 1201 765 1256 tendit.
812 1200 1018 1259 Deinde
1061 1204 1343 1274 praefatus,
1395 1208 1656 1264 maluisse
1694 1225 1756 1265 se
1808 1213 2006 1267 tellure
2038 1213 2149 1268 ima

564 1290 669 1346 sibi
711 1291 1033 1349 dehiscente
1072 1295 1138 1349 ad
1176 1297 1362 1351 Manes
1403 1298 1743 1355 descendere
1786 1303 1886 1373 (6).
1938 1313 1996 1358 et
2046 1302 2151 1359 bac

559 1383 969 1453 iucundissima
1006 1386 1128 1441 luce
1176 1389 1403 1457 privari,
1437 1405 1604 1460 quam
1645 1393 1784 1447 adeo
1817 1395 1958 1450 mala
2000 1411 2149 1449 nun-

569 1476 707 1530 tiare
736 1493 749 1528 :
792 1475 1076 1541 Dominus,
1108 1479 1308 1549 inquit.
1337 1492 1396 1536 et
1423 1482 1724 1551 imperator
1756 1500 1893 1541 avus
1933 1495 2060 1543 tuus
2097 1496 2150 1542 te

565 1566 632 1621 ad
664 1581 887 1622 causam
919 1567 1209 1624 dicendam
1241 1582 1417 1626 vocat.
1454 1573 1591 1629 Tum
1622 1575 1713 1630 ille
1739 1592 1752 1630 :
1780 1577 1934 1632 Haud
1956 1595 2150 1648 asper-

569 1660 810 1714 nandum
839 1669 945 1715 tua:
972 1661 1026 1715 in
1061 1679 1148 1717 me
1171 1666 1557 1733 propensionis
1576 1670 1992 1738 _testimonium,
2014 1689 2152 1743 quas

564 1750 750 1806 fundis
794 1754 1108 1824 lacrymas:
1149 1767 1352 1820 tamen,
1404 1760 1535 1828 quid
1574 1762 1648 1815 ita
1679 1761 1799 1827 fles,
1844 1779 1971 1819 cum
2016 1782 2149 1822 nec-

565 1841 697 1895 dum
741 1855 974 1899 eventus
1025 1848 1251 1913 pateat?
1303 1849 1445 1905 Fieri
1493 1852 1768 1921 siquidem
1817 1865 2037 1926 potest,
2089 1870 2148 1914 ut

565 1948 692 1988 cum
734 1934 862 1989 albo
895 1937 1111 1992 calculo
1158 1940 1236 2008 (7)
1270 1939 1573 1999 discedam.
1622 1945 1741 2015 Ipsa
1773 1963 1884 2011 res,
1913 1951 2148 2021 suscipit

564 2026 970 2094 Callicrenites,
1021 2046 1107 2084 me
1166 2030 1221 2086 in
1276 2032 1466 2088 ﬂetum
1509 2035 1699 2091 solvit.
1756 2038 1972 2093 Etenim
2019 2056 2147 2096 cum

566 2130 703 2170 avus
749 2132 848 2185 pro
883 2134 1037 2183 more
1085 2119 1139 2174 in
1196 2127 1422 2186 throno,
1467 2126 1783 2194 patriarcha
1814 2130 1880 2183 ad
1913 2132 2057 2186 latus
2091 2132 2147 2187 in

564 2206 722 2263 sella.
748 2207 938 2263 arbitri
973 2210 1162 2265 dextra
1192 2213 1420 2269 sinistra
1448 2217 1730 2291 sederent,
1763 2221 1860 2275 tibi
1888 2223 1994 2299 soli
2023 2239 2149 2279 sca-

566 2295 779 2350 millum
802 2313 833 2351 e
866 2299 1083 2368 regione
1106 2304 1457 2381 eLremotius
1506 2307 1768 2363 mandatu
1800 2295 2148 2381 imperatoris

563 2388 804 2457 positum
839 2400 945 2445 εει.
979 2391 1098 2457 Quo
1134 2393 1272 2461 viso,
1310 2380 1791 2456 condemnationis
1825 2380 1929 2458 tua:
1959 2405 2141 2459 locum

565 2479 712 2533 illam
744 2481 1058 2536 sedeculaui
1090 2484 1480 2554 interpretans,
1523 2492 1732 2567 Optavi,
1778 2503 1837 2548 ut
1868 2495 2142 2564 dicebam,

563 2570 729 2629 hodie
775 2575 905 2629 mihi
958 2585 1161 2631 terram
1211 2578 1522 2635 dehiscere.
1579 2581 1779 2638 Verum
1835 2586 2002 2653 Deus.
2046 2589 2142 2657 qui

564 2663 886 2731 prophetam
927 2681 1088 2720 suum
1119 2668 1396 2724 Danielem
1427 2674 1495 2727 de
1535 2672 1655 2728 lacu
1689 2675 1914 2730 leonum
1944 2678 2145 2733 libera-

563 2750 665 2815 vit,
704 2763 759 2807 et
816 2762 930 2810 tres
970 2772 1171 2826 pueros
1215 2774 1245 2814 a
1288 2761 1592 2833 Babylonia
1636 2764 1863 2824 fornace
1910 2771 2179 2828 intactos‘

565 2842 843 2911 praestitit,
866 2846 1127 2918 collutasq
1138 2864 1205 2904 ue
1230 2850 1282 2905 iu
1298 2850 1604 2910 Susannaiu
1624 2858 1983 2916 scelestarum
1996 2863 2146 2934 judi-

561 2946 689 2987 cum
716 2933 1021 2992 calumnias
1047 2938 1276 3005 detexit,
1313 2943 1454 2997 idem
1489 2955 1540 3000 te
1570 2962 1721 3004 nunc
1743 2965 1847 3019 qua
1875 2933 2143 3021 premeris

562 3022 892 3084 necessitate
927 3033 1267 3101 superiorem
1295 3035 1511 3100 reddat.
1558 3040 1812 3110 angelum
1832 3058 1990 3099 suum
2011 3045 2144 3101 mit-

563 3126 707 3184 tens,
764 3120 860 3190 qui
903 3130 956 3177 te
1001 3126 1312 3194 antecedat,
1362 3136 1420 3182 et
1463 3130 1792 3199 sapientiam
1845 3136 1943 3190 tibi
1981 3145 2146 3208 atque
2173 3145 2218 3202 α

561 3209 984 3282 intelligentiam
1017 3215 1305 3287 largiatur,
1333 3235 1442 3288 qua
1472 3221 1687 3292 objecta
1714 3225 1893 3294 facile,
1925 3243 2027 3283 ceu
2057 3242 2140 3284 te-

559 3302 642 3359 las
665 3319 991 3361 aranearum
1032 3308 1321 3366 dissolvas.
1356 3312 1483 3369 Haec
1508 3316 1599 3369 ubi
1637 3328 1893 3384 precatus
1934 3330 2018 3376 est
2043 3338 2144 3377 eu-

562 3391 805 3453 nuchus.
856 3394 955 3449 Dei
983 3398 1237 3454 voluntas
1265 3399 1379 3463 fiat,
1402 3402 1479 3455 ait
1509 3402 1810 3473 imperator
1836 3424 1852 3471 ;
1874 3408 2142 3480 jubetque

563 3497 666 3537 avo
692 3486 1020 3552 renuntiari,
1052 3504 1110 3544 se
1156 3489 1425 3561 imperata
1456 3491 1766 3563 facturum;
1815 3509 1871 3552 et
1905 3514 2142 3556 conver-

563 3588 659 3628 sus
683 3573 750 3629 ad
775 3576 1004 3639 amicos.
1030 3578 1112 3634 sic
1135 3595 1232 3635 eos
1255 3583 1548 3653 compellat
1572 3602 1587 3640 :
1612 3585 1669 3641 Si
1710 3603 1952 3658 unquam
1982 3591 2138 3661 alias,

564 3678 714 3718 nunc
770 3676 987 3737 tempus
1029 3672 1204 3738 venit,
1256 3688 1366 3743 quo
1423 3674 1724 3745 virtutem,
1776 3679 2139 3751 diligentiam,

560 3754 937 3825 prudentiam,
970 3759 1434 3834 tolerantiamque
1481 3775 1741 3835 vestram,
1788 3778 1897 3824 tam
1948 3770 2140 3827 fortui-

559 3844 753 3900 dolnso
802 3858 1050 3919 tempore
1091 3852 1406 3910 declaretis.
1466 3857 1761 3914 Enimvero
1806 3875 1931 3914 cum
1980 3864 2139 3918 multi

561 3945 711 4001 sape
739 3941 794 3988 et
822 3950 1082 4006 numero,
1107 3950 1165 3995 et
1191 3941 1317 3996 aliis
1345 3942 1511 4000 rebus
1539 3946 1700 4002 vobis
1723 3948 1983 4019 impares,
2018 3952 2133 4007 ani-

561 4036 776 4080 morum
807 4025 950 4083 facta
980 4031 1419 4102 conspiratione,
1455 4035 1802 4094 admirabilia
1853 4049 1911 4096 et
1942 4040 2136 4097 obstu-

561 4116 835 4182 pescenda
891 4134 1153 4190 prospere
1197 4125 1488 4192 gesserint,
1531 4129 1724 4183 vosita
1764 4130 2044 4201 freqentes
2075 4148 2141 4190 ac

563 4206 700 4260 tales
738 4207 897 4278 longe
929 4211 1121 4280 utique
1144 4214 1354 4283 justius
1387 4225 1492 4283 est,
1535 4220 1819 4288 praeclaris
1862 4235 1917 4278 et
1949 4223 2141 4280 lauda-

561 4293 768 4350 bilibus
794 4296 1133 4357 facinoribus
1151 4303 1457 4362 efﬁciendis
1477 4309 1750 4366 vobismet
1777 4312 1914 4381 ipsis
1942 4314 2139 4386 dignos

559 4400 849 4456 apparere,
891 4400 951 4447 et
982 4402 1082 4447 aut
1117 4396 1283 4451 vitam
1309 4399 1594 4455 honestam
1635 4402 1844 4471 vivere,
1882 4414 1980 4461 aut
2021 4410 2139 4480 glo-

2251 575 2379 623 τως’
2436 560 2552 614 ἀλλ⁹
2591 559 2983 628 ἀναμφιϐόλως
3022 558 3329 628 ἡτοίμαστο
3380 558 3449 611 τὰ
3509 557 3610 627 τῆς
3644 559 3823 629 δίκης.

2250 654 2372 706 Ἔτι
2404 652 2511 721 γὰρ
2549 652 2858 721 δομεστίκῳ
2882 651 2960 722 τῷ
2989 650 3212 719 μεγάλῳ
3240 650 3632 720 διαλεγομένου
3666 650 3828 721 βασι-

2248 745 2405 809 λέως,
2460 745 2556 798 καὶ
2588 743 2681 797 τδν
2728 743 2966 814 ἀριθμὸν
3017 742 3307 812 ζητοῦντος
3341 742 3534 813 μαθεῖν
3563 742 3673 795 τῶν
3704 760 3830 796 συν-

2258 836 2520 908 ηγμένων
2571 835 2804 907 ἀνδρῶν,
2861 836 2961 889 καὶ
2989 834 3181 888 τούτου
3221 834 3359 904 πρὸς
3398 835 3562 889 αὑτὸν
3594 836 3828 903 ἀποκρι-

2248 929 2525 999 ναμένου.
2576 928 2665 991 Ὣς
2720 927 2818 981 νῦν
2876 928 2978 997 μέν
3043 928 3183 979 εἰσιν
3238 926 3456 989 ἐκατδν,
3509 928 3712 996 μικρᾶς
3768 926 3829 978 δὲ

2256 1016 2641 1091 παρελθούσης
2672 1019 2823 1090 ὥρας
2851 1017 3264 1071 συνελεύσονται
3290 1018 3387 1070 καὶ
3417 1017 3580 1087 μέχρι
3604 1033 3835 1086 τριακο-

2258 1112 2414 1177 σίων,
2453 1111 2657 1174 πάντες
2706 1109 2942 1178 ἀνδρεῖοι
2989 1109 3083 1162 καὶ
3115 1108 3385 1178 μάχεσθαι
3424 1109 3754 1179 ἠσκημένον
3782 1109 3837 1160 εί

2247 1201 2434 1271 δεήσει
2490 1201 2548 1275 δέ
2606 1198 2973 1268 ἀπέρχεσθαι,
3004 1200 3095 1249 καὶ
3125 1197 3276 1253 ἄλλοι
3313 1197 3557 1261 πλείονες
3586 1197 3754 1266 συνδρ
3768 1215 3837 1253 a—

2254 1290 2484 1360 μοῢνται
2515 1290 2610 1344 καὶ
2647 1290 2742 1352 οὓς
2774 1291 2875 1343 οὐκ
2926 1292 3121 1360 ίσμεν·
3170 1292 3302 1359 περὶ
3330 1289 3535 1342 τούτων
3556 1289 3619 1357 δὴ
3650 1288 3841 1342 διαλε-

2252 1382 2525 1452 γομένων.
2587 1383 2682 1434 καὶ
2733 1380 2869 1434 Θεοῦ
2925 1382 3196 1451 δεομένων
3236 1382 3335 1451 τὴν
3366 1381 3463 1450 τῆς
3496 1382 3652 1450 δίκης
3679 1380 3841 1452 ὥραν

2253 1473 2662 1545 παραταθῆναι,
2690 1458 2832 1527 ὥστε
2866 1473 3323 1544 συναθροισθῑψαι
3365 1473 3491 1535 τοὺς
3541 1473 3843 1543 ἐλπιζομέ-

2252 1584 2379 1629 νους
2414 1567 2555 1639 ὑπὲρ
2596 1566 2779 1619 αὐτῶν
2815 1564 3130 1635 μαχεῖσθαι,
3177 1559 3313 1638 ⁴ἧκεν
3342 1566 3409 1617 ἐκ
3440 1563 3708 1634 βασιλέως
3732 1562 3842 1646 τοῦ

2257 1655 2639 1729 πρεσϐυτέρου
2674 1659 2811 1727 πρδς
2863 1657 2955 1711 τδν
3003 1656 3122 1711 νὲον
3162 1657 3574 1726 ἀπεσταλμένος
3615 1657 3643 1709 ὁ
3683 1655 3841 1710 Καλ-

2256 1748 2580 1820 λικρηνίτης
2610 1748 2834 1819 Μιχαὴλ
2866 1748 3151 1815 ἐκτομίας·
3179 1748 3274 1800 καὶ
3304 1749 3437 1818 πρὶν
3465 1746 3835 1817 φθέγξασθαι,

2176 1812 2365 1903 Βποῖέ
2407 1812 2639 1910 δάκρυσι
2690 1812 2800 1893 καὶ.⁷
2836 1841 2948 1902 τοῖς
3001 1812 3327 1909 στεναγμοῖς
3350 1812 3557 1892 *κακών
3583 1812 3836 1909 *ἄγγελος

2249 1935 2409 2005 ἥκειν
2437 1932 2747 2004 σημαίνων·
2773 1932 3047 2003 πρότερον
3082 1930 3128 1983 δ’
3159 1930 3339 1999 ἐαυτῷ
3376 1931 3476 2002 τὴν
3507 1932 3611 2001 γῆν
3642 1934 3839 2002 χανεῖν

2254 2019 2490 2089 μᾶλλον,
2545 2021 2638 2072 καὶ
2687 2021 2784 2089 τῆς
2812 2019 3039 2089 ἡδίστης
3075 2019 3491 2091 ἀπεστερῆσθαι
3554 2018 3701 2090 ζωῆς
3729 2021 3833 2073 άν-

2256 2110 2553 2181 εκτότερονν
2581 2106 2749 2177 εἶναι,
2781 2111 2815 2180 ἦ
2871 2110 3133 2164 τοιούτων
3186 2111 3374 2164 κακῶν
3399 2112 3631 2180 ἄγγελος
3668 2113 3835 2183 ﬁat»

2248 2201 2422 2256 εἰπὼν
2448 2242 2463 2264 ,
2512 2202 2571 2255 '0
2602 2201 2826 2271 κύριος,
2863 2200 2990 2269 ἔφη.
3025 2201 3121 2254 καὶ
3172 2200 3438 2270 βασιλεὺς
3473 2203 3502 2254 ὁ
3550 2203 3641 2264 σὸς
3678 2204 3832 2258 πάπ-

2249 2312 2372 2359 πος,
2423 2288 2471 2347 ὦ
2515 2294 2760 2365 βασιλεῦ.
2810 2294 2902 2347 ἐπὶ
2952 2293 3110 2364 δίκην
3144 2294 3323 2347 καλεῖ.
3347 2294 3455 2348 Tuti
3491 2295 3756 2365 βασιλέως
3780 2295 3829 2349 δ’

2249 2388 2341 2439 ἐπὶ
2392 2386 2606 2447 τούτοις
2647 2386 2918 2449 εἰπόντος,
2950 2385 3039 2447 Ὠς
3089 2386 3189 2452 τῆς
3236 2385 3333 2455 μὲν
3365 2388 3446 2449 είς
3473 2387 3574 2456 ὲμὲ
3608 2404 3705 2438 σου
3736 2388 3829 2440 εὐ-

2249 2481 2397 2540 νοίας
2456 2476 2760 2546 ἀξιόχρεως
2823 2479 2893 2530 τά
2942 2477 3153 2547 δάκρυα
3207 2479 3442 2548 μάρτυς
3479 2478 3598 2532 ἀνθ’
3629 2481 3754 2532 ὅτου
3780 2480 3833 2533 δ’

2247 2567 2393 2622 οὕτω
2428 2568 2666 2639 θρηνεῖς,
2702 2571 2761 2621 ἐν
2806 2568 2989 2640 ἀδήλῳ
3017 2570 3276 2640 κειμένης
3316 2571 3416 2640 τῆς
3454 2572 3641 2642 δίκης;
3678 2572 3828 2627 ἐνδι-

2247 2675 2403 2727 χεται
2436 2659 2547 2727 γάρ
2578 2676 2648 2727 με
2693 2659 2788 2713 καὶ
2824 2660 2922 2731 τὴν
2951 2660 3200 2713 νικῶσαν
3244 2662 3617 2728 ἐνεγκάμενον
3659 2665 3829 2718 ἀπελ-

2248 2753 2381 2806 Θεῖν.
2427 2753 2486 2806 Ὀ
2517 2753 2967 2823 Καλλικρηνίτης
2990 2793 3006 2817 ,
3041 2754 3192 2807 Δύτά
3241 2754 3308 2806 τὰ
3348 2756 3654 2824 πράγματα
3687 2756 3825 2826 θρη-

2248 2844 2359 2898 νεῖν
2382 2844 2687 2910 πείθουσιν,
2724 2841 2901 2910 εἶπεν,
2932 2839 2978 2898 ὦ
3006 2844 3374 2914 βασιλεῦέτοῦ
3408 2845 3519 2915 γὰρ
3556 2846 3825 2916 βασιλέως

2247 2934 2340 2988 καὶ
2388 2935 2618 2989 πάππου
2676 2935 2771 2988 τοῦ
2814 2935 2910 2990 σοῦ
2963 2936 3057 2991 ἐπὶ
3107 2936 3297 3007 θρόνου
3336 2938 3718 3003 καθεσθέντος.
3746 2938 3824 3003 ὡς

2246 3012 2390 3089 ἔθος,
2445 3027 2544 3080 καὶ
2579 3028 2676 3080 τοῦ
2727 3029 3074 3099 πατριάρχου
3108 3029 3243 3100 παρ’
3291 3031 3442 3101 αὐτῷ
3478 3034 3565 3084 ἐπὶ
3600 3033 3822 3103 δίφρου,

2248 3117 2357 3171 τῶν
2409 3118 2455 3171 δ’
2508 3120 2941 3190 ἀκροασομένων
2977 3121 3076 3185 τὴν
3113 3123 3270 3193 δίκην
3315 3124 3374 3188 ἐξ
3412 3125 3692 3194 ἑκατέρων
3720 3143 3823 3193 με·

2255 3210 2384 3277 ρῶν,
2420 3211 2503 3264 σοὶ
2537 3212 2703 3280 μόνῳ.
2732 3211 2831 3265 τοῦ
2857 3208 3124 3282 βασιλέως
3168 3218 3618 3286 προστεταχότος,
3659 3218 3825 3288 σκίμ-

2252 3317 2385 3363 πους
2427 3301 2585 3372 ἐτέθη
2628 3303 2769 3356 κατά
2835 3304 3128 3372 πρόσωπον
3185 3306 3471 3375 βασιλέως·
3518 3310 3614 3361 καὶ
3667 3302 3826 3373 οὗτος

2219 3392 2542 3462 ἀπωτέρω.
2589 3395 2767 3465 Ὅπερ
2798 3394 2946 3462 ἰδὼν,
2989 3397 3244 3469 ηὐξάμην
3268 3437 3285 3460 ,
3320 3399 3458 3472 ὅπερ
3511 3395 3689 3462 εἷπον.
3722 3402 3827 3471 σή-

2254 3501 2421 3555 μερον
2470 3484 2570 3557 τὴν
2628 3486 2733 3555 γῆν
2776 3490 2961 3556 χανεῖν
3004 3505 3119 3558 μοι,
3178 3489 3478 3559 καταδίκης
3527 3493 3693 3543 τόπον
3724 3492 3829 3563 τὴν

2251 3574 2526 3644 καθέδραν
2586 3575 2951 3646 λογισαμένῳ.
3003 3576 3143 3630 Ἀλλ’
3192 3580 3220 3631 ὀ
3280 3578 3479 3648 Δανιὴλ
3525 3579 3619 3631 τὸν
3653 3580 3835 3634 αὐτοῦ

2255 3669 2550 3739 προφήτην
2593 3668 2658 3723 ἐκ
2683 3669 2781 3722 τοῦ
2814 3667 3021 3723 λάκκου
3048 3669 3157 3723 τῶν
3187 3668 3422 3723 λεόντων
3457 3668 3668 3740 ἀϐλαϐῆ
3700 3670 3833 3725 δια-

2251 3760 2457 3828 σώσας,
2513 3764 2610 3815 xei.
2658 3759 2758 3831 τῆς
2812 3760 3168 3826 Βαϐυλωνίας
3220 3761 3456 3832 καμίνου
3508 3763 3637 3825 τοὺς
3672 3765 3831 3830 τρεῖς

2249 3855 2448 3910 παῖδας
2498 3852 2822 3924 κρείττονας
2856 3852 3151 3918 ἀποδείξας
3198 3854 3355 3918 Θεὸς,
3388 3855 3483 3906 καὶ
3513 3853 3826 3918 Σωσάνναν,

2253 3945 2365 4000 τῶν
2399 3945 2604 3999 ἀδίκων
2641 3944 2847 4014 κριτῶν
2883 3945 2982 4015 τὴν
3016 3947 3391 4014 συκοφαντίαν
3430 3942 3677 4011 ἐλέγξας,
3720 3943 3831 3998 αὖ·

2246 4040 2341 4103 τὸς
2387 4038 2491 4106 τῆς
2532 4035 2849 4107 ἐφεστώσης
2899 4039 3149 4109 ἀνάγκης
3194 4030 3479 4108 κρείττονα
3508 4038 3603 4091 καὶ
3634 4037 3694 4090 σὲ
3728 4038 3829 4092 νῦν

2248 4130 2555 4195 ἀποδείξαι,
2584 4130 2679 4183 καὶ
2710 4130 3031 4183 ἀποστείλαι
3061 4129 3157 4183 τὸν
3198 4130 3432 4197 ἄγγελον
3481 4127 3647 4182 αὑτοῦ
3680 4145 3826 4200 προ-

2251 4220 2587 4293 πορεύεσθαι
2622 4237 2738 4280 σου.
2773 4221 2872 4274 καὶ
2902 4220 3096 4290 σοφίαν
3136 4222 3415 4292 παράσχοι
3447 4221 3543 4274 καὶ
3574 4220 3823 4283 σύνεσιν,

2247 4317 2391 4372 ὥστε
2431 4317 2501 4372 τά
2546 4316 2967 4386 προϐαλλόμενα
3006 4316 3156 4370 λύειν
3201 4317 3441 4381 εὐκόλως
3471 4317 3548 4380 ὡς
3575 4317 3828 4387 ἀράχνης

2249 4409 2453 4473 ίστούς.
2482 4408 2673 4471 Οὕτως
2708 4402 3011 4478 εὐξαμένου
3041 4407 3137 4461 τοῦ
3169 4408 3448 4478 ἐκτομίου,
3481 4410 3509 4461 ὁ
3541 4406 3825 4477 βασιλεὺς,

561 4478 764 4533 riosam
809 4492 1043 4538 mortem
1085 4496 1373 4557 appetere,
1402 4491 1544 4547 hanc
1575 4493 1747 4550 solam
1779 4478 2146 4559 mentem—vos

2250 4503 2324 4556 Τὸ
2353 4499 2447 4554 τοῦ
2483 4499 2722 4571 Χριστοῦ
2783 4499 2999 4569 θέλημα
3046 4498 3316 4569 γενέσθω,
3366 4499 3561 4565 είπὼν,
3599 4501 3695 4551 καὶ
3746 4499 3831 4572 τῷ

560 4569 759 4626 decere
788 4573 1143 4632 arbitrantes.
1182 4578 1296 4650 Ego
1319 4581 1389 4636 ad
1423 4583 1665 4640 tribunal
1696 4589 1879 4655 vado;
1912 4593 2062 4662 quod
2093 4596 2141 4650 si

2253 4593 2463 4662 πάππῳ
2514 4569 2764 4662 μηνύσας
2797 4588 2873 4655 ὡς
2914 4588 3135 4657 ἕτοιμός
3165 4591 3283 4641 ἐστι
3311 4588 3374 4642 τὸ
3412 4569 3832 4660 προσταττόμεζ

559 4661 750 4718 divino
776 4680 1008 4724 munere
1049 4686 1266 4729 rursum
1301 4676 1728 4746 conjungemur,
1762 4661 2016 4754 interque
2032 4686 2143 4742 'nos

2252 4701 2339 4737 vov
2372 4661 2711 4752 ἐκπληροῦν,
2747 4680 2886 4750 πρὸς
2915 4681 3042 4744 τοὺς
3070 4679 3262 4748 φίλους
3291 4680 3671 4750 ἐπιστραφεὶς,
3707 4681 3831 4734 Νῦν

561 4754 874 4811 amabiliter
906 4758 1105 4816 iterum
1135 4764 1502 4833 intuebimur,
1530 4769 1637 4824 erit
1662 4787 1762 4827 cur
1791 4767 1999 4844 gratias
2026 4778 2141 4833 Nu-

2251 4777 2465 4844 καιρδς,
2499 4774 2626 4844 ἔφη,
2665 4773 2892 4843 ἀνδρίαν
2931 4770 3047 4843 ἅμα
3080 4773 3175 4825 καὶ
3206 4772 3445 4842 σπουδὴν
3474 4773 3569 4825 καὶ
3603 4772 3831 4825 σύνεσιν

559 4845 694 4899 mini
730 4849 1130 4916 persolvamus.
1185 4854 1280 4911 Sin
1334 4860 1469 4928 quid
1517 4861 1669 4917 aliud
1730 4864 1809 4919 illi
1861 4865 1929 4921 de
1979 4868 2142 4922 nobis

2249 4868 2346 4921 καὶ
2377 4866 2676 4936 καρτερίαν
2725 4866 2785 4917 ἐν
2835 4866 2950 4926 τοῖς
3001 4865 3200 4928 δεινοῖς
3244 4864 3619 4931 ἐπιδείξασθαι
3649 4865 3828 4933 ἡμᾶς.

559 4938 948 5006 complacitum
990 4952 1099 5007 est,
1144 4961 1247 5017 ego
1292 4950 1381 5004 bis
1422 4953 1608 5011 verbis
1660 4967 2002 5025 postremum
2042 4978 2140 5018 vos

2248 4960 2441 5012 Καίτοι
2480 4975 2545 5025 γε
2596 4954 2784 5008 πολλοὶ
2814 4954 3077 5017 πολλάκις
3109 4955 3202 5009 καὶ
3249 4955 3342 5009 τὸν
3390 4955 3625 5024 ἀριθμὸν
3662 4955 3832 5007 ἐλάσ-

559 5036 825 5094 salutatos
874 5044 998 5098 volo
1026 5060 1040 5097 :
1068 5060 1165 5100 vos
1194 5045 1305 5119 M
1325 5060 1507 5107 autem
1533 5054 1809 5112 nobilitati
1835 5058 2137 5129 virtutique

2248 5069 2396 5118 σους,
2424 5050 2519 5103 καὶ
2553 5047 2723 5101 τᾶλλα
2755 5046 2913 5116 ἡμῶν
2947 5045 3278 5117 ἡττώμενοι,
3310 5046 3567 5116 ὁμόνοιαν
3611 5047 3830 5149 κτησά-

559 5139 758 5184 vestrae
795 5143 1066 5203 paretote.
1098 5137 1178 5191 Ad
1224 5137 1326 5194 ista
1357 5155 1482 5195 cum
1533 5155 1764 5215 uterque
1816 5147 2003 5204 dicere
2037 5149 2138 5203 ali-

2248 5159 2421 5211 μενοι,
2455 5137 2740 5209 θαυμάσιά
2775 5153 2837 5188 τε
2866 5136 2960 5191 καὶ
2989 5137 3163 5206 ἀκοὴν
3194 5136 3572 5205 ἐκπλήττοντα
3602 5136 3831 5237 κατώρ-

557 5220 692 5289 quid
718 5236 1067 5295 percuperet,
1101 5239 1502 5299 protostratore
1541 5244 1859 5303 cunctante,
1904 5255 2135 5310 magnus

2248 5234 2424 5289 θωσάν
2463 5248 2605 5285 τινα·
2638 5231 2786 5300 ἡμᾶς
2819 5228 2878 5281 δὲ
2911 5228 3197 5291 τοσούτους
3232 5227 3390 5290 ὄντας
3423 5226 3517 5279 καὶ
3543 5224 3833 5285 τοιούτους

1834 5348 2052 5410 Jacobi
2088 5346 2353 5409 Pontaui
2399 5351 2584 5405 notua.

643 5439 1199 5527 (ϐξίειειῆρηιςι-ο,
1257 5446 1405 5516 quod
1460 5449 1735 5517 expressit
1775 5451 2042 5520 Virgilius
2091 5468 2144 5508 IV
2251 5450 2528 5527 calculum
2568 5426 3440 5527 addere,.es.l‘al‘l"'°}m9-om“
3464 5441 3837 5527 e“i"‘.?’.'.°“‘

560 5508 775 5566 Eneid.
809 5510 901 5564 ubi
933 5512 1012 5566 sic
1044 5508 1221 5569 Dido:
1275 5508 1292 5579 ξ
1532 5508 1549 5517 ’
1876 5508 1905 5520 ⁷
2248 5521 2317 5574 lis
2374 5520 2428 5573 in
2488 5534 2682 5573 urnam
2743 5508 2925 5570 missis
2976 5508 3052 5569 ita
3108 5515 3427 5569 ferebantur
3478 5528 3507 5566 a
3541 5512 3836 5581 iudicibus

1831 5610 1843 5622 ο

1831 5619 1956 5635 .-Αλι

2251 5589 2560 5635 sententiae-
2599 5596 2658 5635 ut
2698 5587 2838 5635 albis
2881 5585 3247 5635 absolverent,
3284 5582 3535 5635 nluribus
3580 5582 3701 5635 scili

639 5602 740 5655 Sed
766 5601 893 5656 mihi
916 5604 995 5657 vel
1030 5603 1185 5659 tellus
1210 5617 1379 5678 optem
1408 5610 1553 5678 prius
1587 5612 1696 5665 ima
1724 5609 1977 5663 dehiscat.

568 5691 893 5770 Quanquam
923 5692 1191 5770 Homerus
1220 5700 1338 5752 τότε
1373 5716 1463 5768 μοι
1488 5701 1640 5770 χάνοι
1674 5702 1863 5769 εὐρεῖα
1888 5699 2052 5770 χθών.

2251 5589 2561 5650 sententiae,
2599 5596 2658 5641 ut
2698 5587 2838 5641 albis
2881 5585 3252 5655 absolverent,
3284 5583 3535 5652 pluribus
3580 5583 3837 5651 scilicet,

2248 5661 2381 5714 atris
2400 5659 2755 5712 damnarent.
2781 5654 2934 5720 Quod
2967 5654 3012 5707 si
3035 5654 3277 5721 aequales
3305 5666 3534 5705 numero
3567 5651 3841 5720 fuissem.

2248 5744 2378 5770 mne
2427 5727 2793 5770 nihilominus
2832 5723 3192 5770 liherabatur.
3222 5721 3384 5770 Plura
3409 5720 3728 5770 Clnliastcs.

645 5720 893 5761 ¹²¹¹¹ιι¹¹⁵¹¹¹⁵
923 5720 1191 5752 "umerus
1220 5720 1338 5752 τοτε
1373 5720 1463 5768 μοι
1488 5720 1640 5770 Χ³ν⁰⁸
1674 5720 1863 5769 ευρεία
1888 5720 2052 5770 xw“
2248 5744 2378 5785 reus
2427 5727 2793 5784 nihilominus
2831 5720 3192 5781 liberabantur.
3222 5721 3386 5777 Plura
3409 5720 3728 5776 Chiliastcs.

645 5763 721 5835 (7)
767 5763 877 5835 Τὴν
912 5763 1149 5823 νικῶσαν
1177 5777 1335 5824 vocat
1361 5780 1574 5835 auctor,
1602 5772 1917 5827 vincentem.
1946 5771 2143 5828 Album

1558 5809 1574 5839 ’
1605 5809 1917 5827 νισιυνσιῠνυθι
