4038 6212
509 278 613 340 135

1689 279 1872 342 JOAN
1888 279 2016 339 NIS
2055 274 2589 338 CAN'I‘ACUZENI

3671 268 3772 334 126

507 389 875 462 praesentibus
914 387 1018 443 ista
1057 397 1112 442 et
1155 387 1318 452 dicis,
1352 398 1405 443 et
1453 389 1608 444 facis.
1645 390 1781 444 Nam
1827 390 1871 444 si
1922 404 2084 457 quip-

2192 385 2450 440 τοιούτων
2483 385 2690 448 λόγων;
2722 383 2784 436 El
2819 382 2918 452 μὲν
2950 382 3220 449 δικάζεις,
3257 379 3449 446 δίκαζε
3495 384 3639 438 κατὰ
3676 385 3767 438 νό-

401 491 420 502 ’
505 484 650 550 piam
691 481 855 536 etiam
902 479 1262 550 improvisum
1307 496 1370 535 ex
1414 481 1518 536 hoc
1561 481 1651 536 die
1698 496 1786 536 me
1834 481 2086 534 incursa-

506 576 669 638 verit,
705 588 812 629 non
852 575 1209 628 vehementer
1232 575 1602 639 contristabit,
1640 576 1862 646 quando
1895 575 2084 645 plures

505 666 794 738 injustitia:
833 678 940 722 tua:
973 675 1144 723 testes
1174 668 1374 722 habeo.

507 759 585 827 τῷ
639 761 732 813 καὶ
792 760 973 828 λέγειν
1030 762 1124 814 καὶ⁸
1176 764 1444 830 πράττειν
1495 763 1588 814 ἐπὶ
1639 760 1752 813 τῶν
1795 761 2082 831 παρόντων
2118 765 2350 814 τουτωνὶ
2404 759 2441 813 ἃ.
2476 759 2542 828 δὴ
2582 759 2678 811 καὶ
2713 757 2897 826 λέγεις
2945 761 3042 810 καὶ
3113 759 3396 828 πράττεις.

2193 495 2348 549 μους’
2376 479 2425 531 εί
2445 478 2502 531 δὲ
2525 479 2656 548 πρὶν
2679 476 2896 530 δικάσαι
2921 477 3302 548 καταψηφίζῃ,
3335 477 3488 530 οὐδὲν
3514 477 3546 546 ἢ
3577 477 3767 547 δίχκας

2191 574 2379 627 λοιπὸν
2414 571 2742 640 λαμϐάνειν.
2798 571 3010 639 Πράττε
3067 571 3358 641 τοιγαροῦν
3410 573 3446 624 ἃ
3476 570 3560 624 σοὶ
3593 587 3760 641 κεχι·

2192 665 2448 736 ρισμένα.
2507 663 2754 733 Χάριτας
2807 662 2864 714 δέ
2928 679 3012 714 σοι
3061 663 3159 725 τὰς
3204 663 3470 732 μεγίστας
3525 661 3769 730 ὁμολογῶ

3477 757 3632 827 Ἑμοὶ
3658 757 3769 828 γὰρ

507 855 573 908 ἀν
610 874 661 909 τι
687 859 781 912 καὶ
812 858 920 910 τῶν
961 858 1250 929 ἀδοκήτων
1289 858 1398 911 ἀπό
1444 875 1507 926 γε
1554 857 1650 912 τοῦ
1683 858 1778 913 νῦν
1811 860 1968 932 ἐπίῃ,
2006 860 2067 912 οὐ
2107 859 2315 930 σφόδρα
2378 856 2637 926 λυπήσει,
2671 855 2904 917 πολλοὺς
2951 855 3132 925 ἔχοντι
3201 858 3488 926 μάρτυρας
3523 857 3620 926 τῆς
3653 855 3770 909 ἀδι-

511 951 659 1013 κίας.

1937 1070 2162 1127 CAPUT
2204 1066 2324 1123 XV.

503 1155 724 1226 Magnus
778 1161 1089 1212 domesticus
1136 1171 1214 1244 ἐι.
1242 1169 1597 1244 ρτοιρειναιοι·
1647 1164 2040 1256 nepotieolunt
2070 1179 2221 1234 opem
2265 1154 3772 1256 ξένης,Διςίέιξΐξδτξξ*ξίςξςξιί-ξιξὴορξηξηξξξξςίρςξξςξίξ

577 1225 704 1281 (iam;
745 1239 1010 1294 monetur,
1057 1231 1148 1300 qui
1185 1225 1372 1301 juveni
1411 1243 1643 1302 quatuor
1688 1225 2009 1289 conditiones
2054 1225 2320 1304 proponit,
2361 1232 2406 1284 si
2447 1225 2657 1283 veniam
2701 1229 2992 1318 impetr‘nre
3032 1226 3188 1292 velit;
3221 1225 3312 1280 ille
3346 1243 3527 1281 omnes
3576 1241 3775 1299 praiter

575 1303 710 1352 duas
751 1308 977 1353 recusat.

577 1411 730 1466 Intus
764 1413 880 1468 haec
911 1414 979 1467 ab
1015 1415 1442 1485 imperatoribus
1473 1419 1820 1477 dicebantur.
1859 1422 2088 1493 Magnus

504 1517 672 1572 porro
703 1503 1040 1560 domesticus
1071 1517 1126 1562 et
1159 1519 1525 1578 protostrator
1585 1513 1720 1568 foris
1763 1525 2088 1584 exspectan-

507 1605 609 1655 tes.
644 1605 703 1649 ut
737 1595 1046 1665 docuimus,
1087 1608 1145 1653 et
1188 1616 1374 1656 senem
1411 1605 1804 1660 tumultuosius
1845 1608 2089 1661 claman-

2263 1418 2455 1470 Ἐνδον
2481 1417 2579 1486 μὲν
2603 1413 2694 1467 οὖν
2721 1413 2948 1467 τοιαῦτα
2971 1413 3104 1482 παρ’
3129 1415 3332 1483 ἀμφοῖν
3361 1416 3474 1467 τοῖν
3502 1414 3775 1484 βασιλέοιν

2189 1509 2406 1578 ἐλέχθη.
2449 1507 2508 1559 ⁸0
2535 1507 2706 1576 μέγας
2730 1505 2785 1557 δὲ
2812 1503 3132 1572 δομέστικος
3155 1506 3252 1559 καὶ
3274 1507 3301 1558 ὁ
3328 1509 3775 1578 πρωτοστράτωρ

2190 1601 2249 1652 έν
2270 1600 2349 1670 τῷ
2380 1597 2656 1668 ἐξωτέρω,
2696 1597 2948 1664 καθάπερ
2978 1595 3225 1665 ἓφθημεν
3251 1599 3520 1660 εἰπόντες,
3567 1600 3779 1668 διατρί-

509 1698 616 1740 tem
639 1669 956 1757 audientes,
993 1707 1224 1764 eamque
1267 1712 1382 1750 rem
1417 1698 1558 1752 malo
1590 1713 1708 1754 esse
1740 1703 1922 1768 nepoti
1966 1702 2084 1770 opi-

2192 1669 2378 1750 6οντες
2411 1691 2566 1760 οτκῳ,
2597 1688 2810 1742 καὶτοῦ
2845 1689 3224 1759 πρεσϐυτέρου
3263 1689 3532 1758 βασιλέως
3560 1691 3772 1760 τραχύ-

506 1787 720 1842 nantes,
761 1779 882 1834 loco
917 1797 976 1836 se
1024 1792 1252 1853 repente
1301 1798 1545 1854 movent,
1596 1801 1652 1844 et
1689 1789 1759 1844 ad
1798 1792 2086 1850 ferendum

507 1871 767 1923 auxilium
795 1873 1078 1939 concitati,
1104 1875 1444 1946 aliquantum
1469 1882 1795 1950 procedunt.
1819 1883 1925 1940 Sed
1949 1895 2087 1942 stre-

505 1961 622 2030 pitu
659 1963 751 2016 illo
787 1965 1232 2034 conquiescente,
1266 1971 1428 2024 etiam
1469 1972 1573 2041 ipsi
1607 1973 1920 2042 quiescunt.
1946 1978 2086 2033 Ade-

508 2065 632 2109 rant
652 2056 758 2112 illis
782 2066 909 2122 tres,
932 2075 1034 2114 avo
1061 2060 1378 2130 imperatori
1400 2063 1831 2129 familiarissimi,
1850 2069 2088 2126 Joannes

510 2143 908 2211 Melitenensis,
956 2149 1306 2205 Andronicus
1357 2153 1722 2220 Exotrochus,
1758 2165 1813 2210 et
1862 2158 2086 2225 Bardas,

508 2237 602 2304 qui
656 2238 1034 2307 hujuscemodi
1085 2242 1348 2311 impetum
1393 2260 1495 2313 pro
1526 2247 1843 2302 Andronico
1869 2251 2088 2320 juniore

504 2337 822 2396 susceptum
865 2329 1259 2398 coniectantes,
1307 2334 1387 2388 sic
1416 2350 1512 2390 eos
1557 2339 1796 2406 aggressi
1841 2350 1989 2402 sunt.
2027 2352 2087 2396 ut

509 2415 777 2484 dicerent,
827 2419 1251 2488 imperatoribus
1301 2438 1611 2480 sermonem
1651 2443 1912 2483 arcanum
1957 2445 2087 2485 con-

507 2507 836 2572 ferentibus,
855 2508 1051 2565 decere
1073 2527 1168 2566 eos
1191 2513 1318 2567 inde
1339 2529 1396 2569 se
1418 2527 1783 2585 removentes,
1804 2521 1858 2574 in
1885 2522 2083 2576 atrium

507 2599 694 2666 palatii
727 2601 1008 2655 secedere.
1036 2602 1249 2668 Quibus
1283 2615 1438 2660 torvo
1470 2609 1677 2663 lumine
1719 2610 2083 2680 intuentibus,

507 2700 940 2760 conceptamque
972 2692 1028 2745 in
1058 2696 1375 2762 praecordiis
1402 2697 1539 2751 iram
1570 2715 1678 2753 non
1711 2702 1865 2755 vultu
1899 2707 2083 2770 modo,

506 2779 603 2832 sed
634 2795 766 2834 voce
798 2797 1017 2851 quoque
1051 2785 1434 2853 prodentibus,
1465 2805 1670 2860 eosque
1705 2791 1972 2848 facessere
2001 2798 2088 2866 jn-

509 2868 788 2937 bentibus,
817 2872 927 2927 duo
950 2875 1172 2942 quidem
1205 2879 1613 2948 conticuerunt,
1641 2899 1702 2939 ac
1741 2887 2082 2953 resederunt,

507 2959 885 3017 Melitenensis
913 2974 1095 3020 autem
1128 2967 1194 3020 ad
1229 2968 1612 3038 imperatorem
1646 2976 1857 3040 adiens,
1893 2978 1945 3031 in
1989 2995 2087 3032 au-

2193 1800 2354 1853 τερον
2406 1782 2746 1843 ἀκούσαντες
2784 1781 3188 1850 φθεγξαμένου,
3255 1781 3348 1833 ἐπὶ
3380 1780 3535 1850 κακῷ
3564 1798 3622 1834 τε
3676 1783 3773 1835 τοῦ

2193 1873 2318 1927 νέου
2357 1873 2624 1943 βασιλέως
2659 1871 2757 1942 τὴν
2775 1869 3090 1941 τραχύτητα
3131 1871 3228 1940 τῆς
3277 1871 3462 1940 φωνῆς
3490 1871 3773 1940 οἰηθέντες

2191 1963 2356 2032 εἶναι,
2384 1965 2720 2034 ἐκινήθησαν
2757 1964 2865 2034 μὴν
2894 1965 3017 2018 ὅθεν
3057 1964 3348 2034 ἐκάθηντο,
3378 1965 3476 2017 καὶ
3501 1965 3773 2035 προῆλθον
3811 2021 3816 2026 κ

2193 2056 2285 2107 ἐπὶ
2329 2057 2530 2125 μικρὸν
2584 2053 2817 2124 ἀμύνειν
2872 2054 3197 2124 ὡρμημένοι
3249 2055 3325 2125 τῷ
3374 2055 3482 2125 νέῳ
3533 2056 3769 2124 βασιλεῖ.

2193 2146 2304 2215 Τῆς
2331 2147 2580 2217 ταραχῆς
2607 2147 2663 2198 δὲ
2693 2148 3082 2217 πεπαυμένης,
3143 2143 3302 2210 αὖθις
3345 2148 3625 2219 ἡσύχασαν
3676 2152 3772 2204 καὶ

2193 2238 2372 2290 αὐτοί·
2405 2239 2554 2308 τρεῖς
2580 2237 2626 2292 δ’
2658 2239 2842 2300 αὐτοῖς
2867 2239 2985 2291 ἐκεῖ
3013 2241 3404 2309 συμπαρόντες
3434 2241 3544 2296 τῶν
3567 2245 3770 2296 οἰκειοο

2191 2329 2368 2382 τάτων
2402 2329 2478 2398 τῷ
2503 2329 2865 2401 πρεσϐυτέρῳ
2886 2330 2994 2382 τῶν
3029 2330 3319 2399 βασιλέων,
3348 2333 3376 2384 ὃ
3427 2349 3485 2384 τε
3532 2335 3769 2400 Μελιτηο

2191 2422 2388 2489 νιώτης
2434 2421 2708 2488 Ἰωάννης,
2766 2421 3104 2491 Ἀνδρόνικος
3148 2439 3207 2474 τε
3238 2426 3266 2474 6
3309 2421 3636 2494 Ἐξώτροχος
3675 2427 3771 2479 καὶ

2189 2511 2375 2581 τρίτος
2407 2514 2434 2563 ὀ
2467 2512 2700 2581 Βάρδας,
2731 2513 2828 2565 καὶ
2853 2513 2952 2580 τὴν
2977 2513 3158 2581 ὁρμὴν
3187 2514 3369 2566 αὐτῶν
3391 2515 3772 2570 ὑποπτεύσαν-

2189 2619 2279 2663 τες
2315 2600 2389 2664 ώς
2452 2602 2593 2671 ὑπὲρ
2635 2603 2978 2674 Ἀνδρονίκου
3019 2603 3113 2656 τοῦ
3166 2607 3285 2658 νέου
3333 2608 3766 2677 γεγεννημένην,

2189 2694 2443 2763 λέγουσιν
2481 2696 2665 2758 αὐτοῖς
2732 2694 3146 2764 προσελθόντες,
3191 2697 3280 2760 Ὠς
3335 2698 3444 2751 τῶν
3502 2698 3770 2768 βασιλέων

2189 2789 2326 2858 πρὸς
2362 2787 2620 2858 ἀλλήλοις
2675 2791 2802 2854 περί
2837 2805 3002 2841 τινων
3061 2789 3279 2859 ἀδήλων
3335 2791 3766 2861 διαλεγομένων,

2190 2878 2309 2932 δέον
2343 2878 2487 2948 ὑμᾶς
2526 2882 2872 2941 ἀποστάντας
2904 2879 3014 2932 τῶν
3047 2873 3176 2946 ὧδε,
3213 2881 3353 2952 πρὸς
3383 2883 3484 2950 τὴν
3522 2882 3582 2934 ἐν
3607 2882 3768 2949 βασι·-

2191 2969 2357 3031 λείοις
2387 2970 2560 3040 αὺλὴν
2595 2974 2820 3041 χωρεῖν.
2853 2971 2976 3025 Τῶν
3003 2971 3048 3024 δ’
3079 2973 3265 3036 αὐτοῖς
3305 2972 3629 3044 δριμύτερον
3658 2975 3770 3026 ἑνι-

509 3065 626 3104 rem
657 3051 734 3105 illi
765 3051 1128 3110 insusurravit
1154 3075 1167 3112 :
1193 3058 1414 3116 Videret
1437 3063 1568 3132 quid
1596 3079 1816 3135 ageret;
1845 3071 1908 3123 ad
1935 3069 2082 3127 fores

2192 3062 2410 3127 δόντων,
2441 3066 2536 3116 καὶ
2564 3063 2624 3115 τὸ
2656 3062 2971 3132 θυμοῦσθαι⁵
2999 3066 3095 3117 καὶ
3129 3065 3426 3134 ὀφθαλμοῖς
3468 3081 3560 3119 και
3587 3065 3769 3134 λόγοις

506 3141 783 3198 conclavis
813 3146 1077 3211 quosdam
1106 3156 1283 3204 astare
1315 3152 1382 3205 de
1413 3154 1546 3209 viris
1577 3159 1944 3228 principibus,
1982 3180 2083 3232 pro

501 3231 726 3301 juniore
746 3233 1072 3304 imperatore
1095 3250 1314 3308 paratos
1352 3243 1529 3300 facere
1547 3259 1599 3300 et
1618 3251 1726 3317 pati
1747 3254 1926 3306 omnia
1945 3231 2079 3322 (l5).

513 3321 627 3375 lloc
654 3325 847 3377 nuntio
876 3339 1204 3392 commotus,
1235 3346 1265 3385 e
1297 3335 1434 3388 solio
1467 3337 1540 3389 nil
1569 3349 1856 3397 cunctatus
1885 3321 2081 3414 surgit,

509 3422 567 3466 et
613 3413 669 3467 itt
714 3415 1100 3472 domunculam
1153 3421 1468 3479 interioretn
1510 3443 1568 3481 se
1620 3434 1912 3502 recipiens,
1951 3413 2084 3492 foris

511 3515 766 3570 nepotem
803 3521 928 3558 cum
963 3511 1338 3568 assessoribus
1375 3517 1631 3587 relinquit
1664 3538 1676 3574 :
1711 3524 2086 3596 advocatoque

513 3607 706 3662 magno
736 3597 1010 3664 logotheta
1040 3599 1351 3668 Metochite,
1380 3617 1437 3661 et
1467 3624 1590 3662 cum
1621 3626 1688 3666 eo
1723 3629 1842 3683 quae
1867 3617 2086 3673 volebat

507 3684 832 3750 collocutus,
859 3690 1190 3747 adolescenti
1217 3711 1314 3765 per
1335 3713 1460 3752 eum
1488 3701 1603 3756 haec
1621 3704 1888 3775 signiﬁcat
1914 3727 1926 3762 :
1953 3710 2085 3765 Esse

507 3773 728 3839 quidem
762 3777 916 3831 illum
961 3779 1028 3833 iis
1059 3796 1181 3850 quae
1210 3785 1473 3853 audisset,
1501 3800 1557 3845 ct
1582 3773 1837 3862 pluribus
1863 3799 2086 3853 sceleri-

507 3863 612 3918 bus
640 3865 1002 3933 obstrictum;
1033 3886 1091 3925 se
1117 3882 1298 3928 tamen
1325 3880 1507 3934 omnia
1539 3881 1592 3934 in
1626 3884 1868 3942 minimis
1895 3903 2086 3943 nurne-

510 3965 781 4024 raturum,
817 3969 873 4012 et
902 3961 1116 4015 veniam
1147 3979 1241 4019 reo
1294 3965 1721 4040 impertiturum,
1751 3975 1796 4030 si
1831 3993 1952 4046 qua:
1989 3995 2086 4048 po-

427 4069 449 4087 ο
504 4047 757 4112 stularet,
785 4048 1001 4105 edicere
1031 4050 1086 4106 in
1123 4055 1365 4109 animum
1413 4060 1654 4128 inducat,
1690 4079 1887 4136 nempe
1914 4047 2032 4124 hinc
2065 4089 2078 4124 :

507 4137 771 4205 primum,
823 4149 882 4193 ut
926 4155 1270 4200 sacramento
1321 4148 1520 4214 firmet,
1551 4167 1610 4206 se
1655 4152 1874 4210 Christo
1922 4160 2081 4214 fidem

506 4243 724 4296 puram,
756 4237 812 4284 et
858 4242 1102 4286 sanctam
1147 4250 1390 4292 servare.
1425 4240 1538 4310 48
1571 4243 1731 4306 Tum,
1779 4247 1918 4300 nihil
1953 4251 2083 4303 mali

507 4321 562 4372 in
587 4333 750 4372 avum
783 4321 1122 4380 moliturum.
1156 4327 1377 4393 Adhmc,
1407 4348 1599 4385 eorum
1630 4337 1874 4405 nomina,
1899 4340 1992 4409 qui
2023 4356 2082 4397 se

2195 3154 2651 3224 ἐνδεικνυμένων,
2687 3155 3004 3218 ἐξίστασθαί
3037 3173 3096 3208 τε
3135 3159 3228 3209 καὶ
3284 3157 3360 3226 μὴ
3414 3158 3768 3227 παρενοχλεῖν

2193 3245 2591 3307 κελευσάντων,
2625 3245 2674 3298 οἱ
2702 3245 2794 3298 δύο
2827 3247 2925 3315 μὲν
2955 3247 3117 3298 πάλιν
3161 3247 3442 3317 ἡσύχασαν
3476 3248 3771 3302 καθεσθέν-

2193 3358 2306 3406 τες,
2340 3343 2366 3392 ὀ
2397 3341 2811 3412 Μελιτηνιώτης
2843 3340 2898 3393 δὲ
2921 3339 3072 3394 ἔνδον
3105 3341 3240 3412 πρὸς
3272 3343 3365 3394 τὸν
3395 3341 3768 3421 πρεσϐύτερον

2193 3431 2301 3483 τῶν
2325 3431 2592 3500 βασιλέων
2621 3430 2817 3493 ἐλθὼν,
2848 3430 3123 3483 Σκεπτέον
3152 3448 3258 3496 σοι,
3292 3433 3428 3500 πρὸς
3457 3429 3548 3494 οὖς
3587 3428 3766 3496 εἶπεν,

2191 3521 2220 3572 ὅ
2250 3537 2301 3572 τι
2328 3519 2547 3588 μέλλεις
2570 3519 2722 3589 δρᾷν,
2776 3514 2821 3572 ὦ
2849 3520 3099 3590 βασιλεῦ.
3128 3522 3268 3590 Πρὸς
3293 3523 3400 3592 γὰρ
3433 3522 3622 3592 θύραις
3647 3525 3771 3586 ταῖς

2195 3613 2318 3673 σαῖς
2343 3611 2679 3681 ἐφεστήκασι
2727 3611 2838 3664 τῶν
2870 3615 2971 3680 τῆς
3026 3613 3335 3683 συγκλήτου
3366 3614 3528 3677 τινὲς,
3586 3615 3768 3666 πάντα

2193 3699 2327 3769 δρᾷν
2378 3701 2519 3770 ὑπὲρ
2554 3699 2650 3752 τοῦ
2704 3702 2825 3754 νέου
2863 3702 3132 3772 βασιλέως
3165 3703 3378 3772 ἕτοιμοι
3413 3707 3505 3756 καὶ
3536 3705 3768 3773 πάσχειν

2193 3792 2368 3856 ὄντες.
2405 3794 2626 3847 Τούτων
2676 3794 2920 3857 ἀκούσας
2949 3797 2978 3848 ὁ
3028 3796 3303 3864 βασιλεὺς,
3340 3798 3542 3867 ἀνέστη
3570 3814 3628 3849 τε
3665 3799 3768 3849 αὑ-

2194 3886 2320 3938 τίκα
2349 3883 2446 3937 τοῦ
2484 3885 2694 3955 Θρόνου,
2751 3889 2845 3938 καὶ
2894 3886 3028 3956 πρὸς
3067 3867 3159 3941 τδν
3207 3875 3484 3961 ἐνδότερον
3527 3893 3768 3945 οἰκίσκον

2195 3976 2411 4048 ἐχώρει,
2431 3979 2524 4030 τὸν
2549 3980 2667 4030 νέον
2693 3977 2918 4054 βασιλέα
2944 3981 3057 4042 τοῖς
3083 3971 3460 4051 ἀκροωμένοις
3477 3981 3594 4052 ἁμα
3619 3985 3768 4054 παρὰ

2194 4071 2286 4123 τὸν
2317 4070 2424 4137 ἔξω
2455 4071 2794 4126 καταλιπών.
2831 4053 2935 4124 Τὸν
2975 4073 3149 4142 μέγαν
3201 4074 3257 4126 δὲ
3321 4053 3771 4146 μετακαλεσάμε-

2194 4178 2283 4224 νος
2336 4161 2630 4232 λογοθέτην
2682 4163 2776 4216 τὸν
2837 4165 3167 4235 Μετοχίτην,
3235 4168 3329 4221 καὶ
3377 4170 3477 4222 ὅσα
3518 4165 3586 4240 ἧν
3621 4171 3771 4240 αἰοτῷ

2195 4253 2511 4324 βουλομένῳ
2571 4254 2898 4325 διαλεχθεὶς.
2937 4254 3056 4310 εἷτα
3091 4258 3158 4310 δι’
3210 4260 3376 4312 αὑτοῦ
3435 4262 3631 4332 μηνύει
3691 4265 3773 4332 τῷ

2194 4344 2406 4415 ὲγγόνῳ
2435 4348 2530 4399 καὶ
2589 4345 2840 4416 βασιλεῖ·
2896 4349 2968 4402 Σὺ
3028 4351 3148 4420 μὲν,
3188 4346 3270 4415 οἷς
3335 4370 3442 4422 περ
3473 4349 3627 4407 εἷπον
3674 4356 3775 4408 καὶ

507 4410 521 4462 i
529 4424 611 4478 pst
632 4410 896 4466 satellites
913 4427 977 4467 ac
1002 4414 1282 4472 ministros
1299 4419 1600 4476 facinorum
1621 4426 1870 4484 volentes
1913 4429 2084 4486 liben-

2198 4410 2446 4490 πλείοσιν
2473 4410 2636 4512 ἐνέχει
2692 4443 2904 4504 κακοῖς.
2957 4410 3098 4510 Ἐγὼ
3135 4410 3197 4498 ⁷δ’
3227 4410 3444 4499 ἀπαντά
3499 4448 3772 4518 παριδὼν,

509 4511 700 4568 tesque
729 4504 1087 4572 przebuerint,
1115 4507 1181 4560 ad
1211 4508 1387 4577 ipsum
1415 4511 1748 4571 delaturum.
1775 4517 2083 4586 Postremo,

420 4604 438 4620 ο
511 4603 623 4642 non
658 4605 716 4644 se
751 4591 863 4645 ullo
907 4596 1071 4649 modo
1118 4598 1440 4667 fugiturum.
1484 4605 1565 4658 Ad
1613 4607 1715 4660 ista
1745 4609 1934 4678 junior
1979 4613 2086 4670 hoc

511 4697 838 4750 responsum
876 4683 1031 4742 dedit
1062 4706 1075 4742 ι
1106 4689 1260 4756 Quod
1296 4693 1362 4747 de
1401 4695 1506 4750 fide
1549 4699 1603 4752 in
1635 4701 1914 4758 Christum
1952 4721 2087 4760 con-

510 4772 776 4828 firmanda
818 4783 1148 4835 sacramenti
1194 4798 1222 4836 a
1260 4799 1345 4839 me
1396 4789 1713 4858 religionem
1753 4797 1947 4867 exigis,
1983 4800 2088 4854 im-

511 4875 732 4933 peratur
766 4870 993 4938 optime,
1028 4885 1387 4946 praeterquam
1423 4883 1567 4950 quod
1617 4885 1818 4942 durum
1853 4892 2087 4959 videtur,

512 4967 861 5030 mentemque
911 4979 1086 5018 meam
1135 4969 1398 5038 majorem
1438 4972 1494 5027 in
1543 4978 1763 5032 modum
1815 4986 2086 5054 percellit,

509 5047 674 5100 etiam
704 5063 812 5102 non
843 5051 1101 5116 cohaeret,
1133 5067 1188 5109 et
1221 5059 1276 5110 in
1309 5060 1546 5130 seipsum
1579 5047 1899 5126 corruitJSi
1937 5047 2084 5130 enim

512 5150 597 5188 me
633 5153 728 5206 per
787 5155 938 5195 sacra
974 5143 1264 5216 Evangelia
1297 5162 1351 5204 et
1387 5158 1726 5213 venerandas
1772 5173 2086 5221 sanctorum

510 5226 776 5298 imagines
807 5231 1039 5288 fideliter
1061 5237 1250 5307 jurare
1267 5241 1451 5310 jnbes,
1481 5246 1584 5302 hoc
1612 5249 1732 5318 ipso
1759 5254 1947 5322 utique
1975 5257 2087 5312 Deo

511 5317 726 5374 lldelem
752 5337 862 5390 me,
883 5338 938 5380 et
957 5325 1234 5384 Christum
1257 5331 1504 5391 induisse
1527 5317 1786 5394 ostendis.
1817 5317 1911 5397 Sin
1937 5347 2086 5403 aliud

2195 4530 2415 4593 ἀξιώσω
2467 4535 2822 4606 συγγνώμης,
2887 4539 2952 4590 ἂν
3003 4538 3040 4590 ἃ
3090 4539 3234 4607 λέγω
3288 4541 3522 4614 ποιήσῃς
3580 4543 3771 4606 αὐτός.

2193 4622 2380 4677 Ταῦτα
2400 4622 2448 4677 δ’
2475 4623 2593 4676 ἔστι
2616 4642 2631 4658 ο
2672 4627 2889 4696 πρῶτον
2924 4630 3022 4698 μὲν
3080 4631 3230 4702 ὅρκῳ
3261 4633 3640 4686 πιστώσασθαι
3669 4636 3777 4703 τὴν

2196 4715 2381 4768 πίστιν
2413 4717 2666 4787 καθαρὰν
2696 4719 2773 4789 τῷ
2828 4721 3050 4791 Χριστῷ
3101 4727 3308 4794 τηρεῖν
3381 4727 3577 4780 ἔπειτα
3627 4732 3778 4781 κατὰ

2194 4807 2376 4873 τοῦτο,
2405 4809 2541 4879 μηδὲ
2578 4815 2706 4876 περὶ
2729 4811 2828 4880 ἐμὲ
2891 4815 3058 4868 κακὸν
3084 4816 3420 4885 ὀφθήσεσθαι
3464 4821 3776 4890 γεγενημέ-

2196 4915 2306 4952 νον.
2335 4897 2532 4970 Τρίτον
2590 4903 2728 4972 μετά
2758 4903 2936 4969 τοῦτο,
3001 4906 3336 4976 καταδήλους
3375 4911 3499 4978 ἐμοὶ
3536 4911 3775 4979 ποιῆσαι

2195 4988 2320 5052 τούς
2358 5005 2440 5042 σοι
2497 4995 2870 5061 συμπράττειν
2918 4998 3013 5049 καὶ
3060 4997 3415 5065 προσκεῖσθαι
3446 5003 3778 5070 προῃρημέ-

2194 5096 2336 5143 νους.
2378 5083 2650 5154 Τέταρτον
2677 5085 2753 5150 δὲ,
2787 5088 2934 5158 ὅρκῳ
2968 5089 3346 5143 πιστώσασθαι
3381 5091 3608 5160 δρασμῷ
3639 5092 3781 5161 χρή-

2199 5169 2388 5222 σεσθαι
2427 5173 2717 5242 μηδαμῶς.
2755 5177 2897 5247 Πρὸς
2935 5178 3107 5232 ταῦτα
3141 5179 3394 5247 βασιλεὺς
3423 5181 3452 5232 ὁ
3482 5181 3596 5242 νέος
3626 5184 3775 5233 απε-

2196 5262 2419 5332 κρίνατο
2441 5265 2667 5320 τοιαῦτα
2692 5282 2706 5298 ·
2743 5271 3018 5340 Κράτιστε
3056 5264 3301 5340 μσιλεῦ,
3354 5273 3414 5325 τὸ
3444 5274 3542 5342 τὴν
3582 5275 3778 5327 πίστιν

2198 5355 2379 5424 ὅρκοις
2437 5358 2688 5412 ἀπαιτεῖν
2743 5360 3020 5430 βεϐαιοῦν,
3053 5365 3189 5432 πρὶς
3249 5363 3326 5432 τῷ
3361 5363 3594 5434 σκληρὸν
3643 5367 3780 5434 ἐμοὶ

1764 5452 1978 5514 Jacobi
2017 5459 2283 5521 Ponteni
2319 5474 2504 5526 nota).

580 5535 692 5604 (15)
743 5537 967 5616 Duobus
1013 5543 1194 5596 verbis
1237 5547 1408 5616 multa
1444 5551 1848 5616 exprimuntur,
1898 5558 2082 5611 omnia

511 5619 708 5672 nempe
743 5608 941 5690 ntllcia,
979 5626 1098 5677 quae
1139 5615 1352 5690 anticus
1414 5608 1656 5686 polliceri
1704 5639 1766 5674 ac
1813 5608 2080 5690 praestare

512 5684 702 5742 queat,
737 5685 791 5729 et
820 5679 1024 5744 quibus
1051 5686 1288 5752 amplius
1321 5679 1632 5745 desiderare
1670 5679 1959 5762 quisquam
1993 5679 2078 5750 ni-

2192 5563 2499 5648 hil-possit.
2535 5570 2750 5641 Saepius
2796 5573 2900 5629 hac
2945 5573 3122 5629 forma
3165 5574 3427 5646 loquendi
3475 5591 3636 5630 usum
3678 5591 3781 5633 re-

2188 5650 2362 5704 perto.
2657 5679 2666 5689 ς
