  <div class='ocr_page' id='page_1' title='image "/cluster/home/n/w/nwhite01/storage/ocr_20150623/153/hvd.32044073502643/074.png"; bbox 0 0 4038 6212; ppageno 0'>
   <div class='ocr_carea' id='block_1_1' title="bbox 284 330 372 400">
    <p class='ocr_par' dir='ltr' id='par_1_1' title="bbox 284 330 372 400">
     <span class='ocr_line' id='line_1_1' title="bbox 284 330 372 400; baseline -0.045 0"><span class='ocrx_word' id='word_1_1' title='bbox 284 330 372 400; x_wconf 76' lang='lat'><strong>137</strong></span> 
     </span>
    </p>
   </div>
   <div class='ocr_carea' id='block_1_2' title="bbox 1405 322 2298 386">
    <p class='ocr_par' dir='ltr' id='par_1_2' title="bbox 1405 322 2298 386">
     <span class='ocr_line' id='line_1_2' title="bbox 1405 322 2298 386; baseline 0.002 -3"><span class='ocrx_word' id='word_1_2' title='bbox 1405 322 1944 384; x_wconf 71' lang='lat' dir='ltr'><strong>H-ISTORKARUM</strong></span> <span class='ocrx_word' id='word_1_3' title='bbox 1982 323 2213 384; x_wconf 78' lang='lat' dir='ltr'><strong>LIBER</strong></span> <span class='ocrx_word' id='word_1_4' title='bbox 2257 325 2298 386; x_wconf 89' lang='grc' dir='ltr'>ῐ.</span> 
     </span>
    </p>
   </div>
   <div class='ocr_carea' id='block_1_3' title="bbox 3372 320 3469 384">
    <p class='ocr_par' dir='ltr' id='par_1_3' title="bbox 3372 320 3469 384">
     <span class='ocr_line' id='line_1_3' title="bbox 3372 320 3469 384; baseline -0.031 0"><span class='ocrx_word' id='word_1_5' title='bbox 3372 320 3469 384; x_wconf 75' lang='lat'><strong>133</strong></span> 
     </span>
    </p>
   </div>
   <div class='ocr_carea' id='block_1_4' title="bbox 279 434 1837 516">
    <p class='ocr_par' dir='ltr' id='par_1_4' title="bbox 279 435 1806 516">
     <span class='ocr_line' id='line_1_4' title="bbox 279 435 1806 516; baseline -0.007 -18"><span class='ocrx_word' id='word_1_6' title='bbox 279 442 541 516; x_wconf 74' lang='grc' dir='ltr'>φαινεσθαι</span> <span class='ocrx_word' id='word_1_7' title='bbox 569 443 664 494; x_wconf 75' lang='grc' dir='ltr'><strong>καὶ</strong></span> <span class='ocrx_word' id='word_1_8' title='bbox 710 438 812 510; x_wconf 71' lang='grc' dir='ltr'>τὴν</span> <span class='ocrx_word' id='word_1_9' title='bbox 845 438 1023 509; x_wconf 69' lang='grc' dir='ltr'>ψυχὴν</span> <span class='ocrx_word' id='word_1_10' title='bbox 1062 436 1248 499; x_wconf 77' lang='grc' dir='ltr'><strong>δεινῶς</strong></span> <span class='ocrx_word' id='word_1_11' title='bbox 1299 435 1675 504; x_wconf 82' lang='grc' dir='ltr'><strong>ἐκταράττειν,</strong></span> <span class='ocrx_word' id='word_1_12' title='bbox 1726 435 1806 487; x_wconf 67' lang='grc' dir='ltr'>ἔτι</span> 
     </span>
    </p>
   </div>
   <div class='ocr_carea' id='block_1_5' title="bbox 1935 434 3474 516">
    <p class='ocr_par' dir='ltr' id='par_1_5' title="bbox 1935 434 3474 504">
     <span class='ocr_line' id='line_1_5' title="bbox 1935 434 3474 504; baseline 0.001 -19"><span class='ocrx_word' id='word_1_13' title='bbox 1935 449 2011 489; x_wconf 71' lang='grc' dir='ltr'><strong>πο</strong></span> <span class='ocrx_word' id='word_1_14' title='bbox 2042 437 2266 489; x_wconf 89' lang='lat' dir='ltr'><strong>numine</strong></span> <span class='ocrx_word' id='word_1_15' title='bbox 2304 434 2534 490; x_wconf 85' lang='lat' dir='ltr'><strong>adorare</strong></span> <span class='ocrx_word' id='word_1_16' title='bbox 2584 450 2669 489; x_wconf 89' lang='lat' dir='ltr'><strong>me</strong></span> <span class='ocrx_word' id='word_1_17' title='bbox 2700 435 2878 489; x_wconf 87' lang='lat' dir='ltr'><strong>credis</strong></span> <span class='ocrx_word' id='word_1_18' title='bbox 2943 435 3136 489; x_wconf 97' lang='lat' dir='ltr'><strong>inutile</strong></span> <span class='ocrx_word' id='word_1_19' title='bbox 3185 443 3239 487; x_wconf 91' lang='lat' dir='ltr'><strong>et</strong></span> <span class='ocrx_word' id='word_1_20' title='bbox 3285 451 3474 504; x_wconf 54' lang='lat' dir='ltr'><strong>super-</strong></span> 
     </span>
    </p>
   </div>
   <div class='ocr_carea' id='block_1_6' title="bbox 279 525 1812 600">
    <p class='ocr_par' dir='ltr' id='par_1_6' title="bbox 279 525 1812 600">
     <span class='ocr_line' id='line_1_6' title="bbox 279 525 1812 600; baseline -0.007 -14"><span class='ocrx_word' id='word_1_21' title='bbox 279 535 360 586; x_wconf 54' lang='grc' dir='ltr'><strong>καί⁵</strong></span> <span class='ocrx_word' id='word_1_22' title='bbox 392 529 558 597; x_wconf 80' lang='grc' dir='ltr'>ἐαυτῷ</span> <span class='ocrx_word' id='word_1_23' title='bbox 609 529 952 600; x_wconf 77' lang='grc' dir='ltr'>περιπίπτει.</span> <span class='ocrx_word' id='word_1_24' title='bbox 994 526 1056 579; x_wconf 85' lang='grc' dir='ltr'><strong>Εί</strong></span> <span class='ocrx_word' id='word_1_25' title='bbox 1115 526 1211 595; x_wconf 81' lang='grc' dir='ltr'>μὲν</span> <span class='ocrx_word' id='word_1_26' title='bbox 1241 525 1351 592; x_wconf 78' lang='grc' dir='ltr'><strong>γὰρ</strong></span> <span class='ocrx_word' id='word_1_27' title='bbox 1386 526 1442 575; x_wconf 81' lang='grc' dir='ltr'><strong>ἐν</strong></span> <span class='ocrx_word' id='word_1_28' title='bbox 1498 525 1610 584; x_wconf 84' lang='grc' dir='ltr'>τοῖς</span> <span class='ocrx_word' id='word_1_29' title='bbox 1646 526 1812 592; x_wconf 79' lang='grc' dir='ltr'><strong>ἱεροῖς</strong></span> 
     </span>
    </p>
   </div>
   <div class='ocr_carea' id='block_1_7' title="bbox 1914 524 3477 594">
    <p class='ocr_par' dir='ltr' id='par_1_7' title="bbox 1914 524 3477 594">
     <span class='ocr_line' id='line_1_7' title="bbox 1914 524 3477 594; baseline 0.004 -20"><span class='ocrx_word' id='word_1_30' title='bbox 1914 538 2210 578; x_wconf 87' lang='lat' dir='ltr'><strong>vacaneum</strong></span> <span class='ocrx_word' id='word_1_31' title='bbox 2243 534 2344 589; x_wconf 86' lang='lat' dir='ltr'><strong>est,</strong></span> <span class='ocrx_word' id='word_1_32' title='bbox 2375 539 2609 594; x_wconf 90' lang='lat' dir='ltr'><strong>quorum</strong></span> <span class='ocrx_word' id='word_1_33' title='bbox 2658 524 2816 579; x_wconf 84' lang='lat' dir='ltr'><strong>[idem</strong></span> <span class='ocrx_word' id='word_1_34' title='bbox 2867 525 3077 579; x_wconf 90' lang='lat' dir='ltr'><strong>irritam</strong></span> <span class='ocrx_word' id='word_1_35' title='bbox 3112 525 3238 590; x_wconf 82' lang='lat' dir='ltr'><strong>feci,</strong></span> <span class='ocrx_word' id='word_1_36' title='bbox 3287 541 3385 594; x_wconf 86' lang='lat' dir='ltr'><strong>per</strong></span> <span class='ocrx_word' id='word_1_37' title='bbox 3413 542 3477 582; x_wconf 83' lang='lat' dir='ltr'><strong>ea</strong></span> 
     </span>
    </p>
   </div>
   <div class='ocr_carea' id='block_1_8' title="bbox 279 613 1837 690">
    <p class='ocr_par' dir='ltr' id='par_1_8' title="bbox 279 613 1812 690">
     <span class='ocr_line' id='line_1_8' title="bbox 279 613 1812 690; baseline -0.008 -13"><span class='ocrx_word' id='word_1_38' title='bbox 279 626 355 678; x_wconf 73' lang='grc' dir='ltr'><strong>τὸν</strong></span> <span class='ocrx_word' id='word_1_39' title='bbox 378 623 524 690; x_wconf 80' lang='grc' dir='ltr'>ὅρκον</span> <span class='ocrx_word' id='word_1_40' title='bbox 557 619 903 684; x_wconf 73' lang='grc' dir='ltr'><strong>εὐαγγελίοις</strong></span> <span class='ocrx_word' id='word_1_41' title='bbox 940 627 1035 672; x_wconf 72' lang='grc' dir='ltr'>καὶ</span> <span class='ocrx_word' id='word_1_42' title='bbox 1071 619 1194 678; x_wconf 86' lang='grc' dir='ltr'>ταῖς</span> <span class='ocrx_word' id='word_1_43' title='bbox 1258 613 1583 681; x_wconf 76' lang='grc' dir='ltr'>σεὸασμίαις</span> <span class='ocrx_word' id='word_1_44' title='bbox 1639 614 1812 665; x_wconf 82' lang='grc' dir='ltr'>είκόσι</span> 
     </span>
    </p>
   </div>
   <div class='ocr_carea' id='block_1_9' title="bbox 1935 613 3475 690">
    <p class='ocr_par' dir='ltr' id='par_1_9' title="bbox 1937 613 3475 686">
     <span class='ocr_line' id='line_1_9' title="bbox 1937 613 3475 686; baseline 0.005 -22"><span class='ocrx_word' id='word_1_45' title='bbox 1937 613 2291 681; x_wconf 81' lang='lat' dir='ltr'><strong>usjurandum</strong></span> <span class='ocrx_word' id='word_1_46' title='bbox 2344 631 2372 667; x_wconf 92' lang='lat' dir='ltr'><strong>a</strong></span> <span class='ocrx_word' id='word_1_47' title='bbox 2424 630 2510 670; x_wconf 89' lang='lat' dir='ltr'><strong>me</strong></span> <span class='ocrx_word' id='word_1_48' title='bbox 2557 615 2741 684; x_wconf 80' lang='lat' dir='ltr'><strong>exigi:</strong></span> <span class='ocrx_word' id='word_1_49' title='bbox 2775 614 2932 670; x_wconf 82' lang='lat' dir='ltr'><strong>facile</strong></span> <span class='ocrx_word' id='word_1_50' title='bbox 2967 615 3236 686; x_wconf 80' lang='lat' dir='ltr'><strong>siquidem</strong></span> <span class='ocrx_word' id='word_1_51' title='bbox 3285 627 3475 672; x_wconf 83' lang='lat' dir='ltr'><strong>contra</strong></span> 
     </span>
    </p>
   </div>
   <div class='ocr_carea' id='block_1_10' title="bbox 278 705 1814 777">
    <p class='ocr_par' dir='ltr' id='par_1_10' title="bbox 278 705 1814 777">
     <span class='ocr_line' id='line_1_10' title="bbox 278 705 1814 777; baseline -0.008 -9"><span class='ocrx_word' id='word_1_52' title='bbox 278 715 491 773; x_wconf 74' lang='grc' dir='ltr'><strong>κελεύεις</strong></span> <span class='ocrx_word' id='word_1_53' title='bbox 518 712 705 762; x_wconf 64' lang='grc' dir='ltr'>πιστὶν</span> <span class='ocrx_word' id='word_1_54' title='bbox 735 712 926 772; x_wconf 77' lang='grc' dir='ltr'>ποιεῖν,</span> <span class='ocrx_word' id='word_1_55' title='bbox 958 708 1107 777; x_wconf 85' lang='grc' dir='ltr'><strong>αὐτῴ</strong></span> <span class='ocrx_word' id='word_1_56' title='bbox 1136 706 1314 777; x_wconf 77' lang='grc' dir='ltr'>τούτῳ</span> <span class='ocrx_word' id='word_1_57' title='bbox 1377 709 1505 776; x_wconf 84' lang='grc' dir='ltr'>περὶ</span> <span class='ocrx_word' id='word_1_58' title='bbox 1554 706 1645 757; x_wconf 85' lang='grc' dir='ltr'>τὸν</span> <span class='ocrx_word' id='word_1_59' title='bbox 1681 705 1814 758; x_wconf 80' lang='grc' dir='ltr'>Θεὸν</span> 
     </span>
    </p>
   </div>
   <div class='ocr_carea' id='block_1_11' title="bbox 282 799 1815 870">
    <p class='ocr_par' dir='ltr' id='par_1_11' title="bbox 282 799 1815 870">
     <span class='ocr_line' id='line_1_11' title="bbox 282 799 1815 870; baseline -0.006 -10"><span class='ocrx_word' id='word_1_60' title='bbox 282 806 467 864; x_wconf 75' lang='grc' dir='ltr'>πιστὸν,</span> <span class='ocrx_word' id='word_1_61' title='bbox 496 803 704 856; x_wconf 78' lang='grc' dir='ltr'>καὶτὸν</span> <span class='ocrx_word' id='word_1_62' title='bbox 739 801 980 870; x_wconf 70' lang='grc' dir='ltr'>Χριστὸν</span> <span class='ocrx_word' id='word_1_63' title='bbox 1033 799 1414 863; x_wconf 80' lang='grc' dir='ltr'><strong>ἀποδεικνύεις</strong></span> <span class='ocrx_word' id='word_1_64' title='bbox 1463 799 1815 868; x_wconf 70' lang='grc' dir='ltr'>ἐνδεδυμένον</span> 
     </span>
    </p>
   </div>
   <div class='ocr_carea' id='block_1_12' title="bbox 281 889 1818 964">
    <p class='ocr_par' dir='ltr' id='par_1_12' title="bbox 281 889 1818 964">
     <span class='ocr_line' id='line_1_12' title="bbox 281 889 1818 964; baseline -0.005 -17"><span class='ocrx_word' id='word_1_65' title='bbox 281 897 384 964; x_wconf 70' lang='grc' dir='ltr'>ἐμὲ.</span> <span class='ocrx_word' id='word_1_66' title='bbox 419 894 475 946; x_wconf 87' lang='grc' dir='ltr'><strong>Εἰ</strong></span> <span class='ocrx_word' id='word_1_67' title='bbox 503 891 544 943; x_wconf 86' lang='grc' dir='ltr'>δ’</span> <span class='ocrx_word' id='word_1_68' title='bbox 573 891 721 960; x_wconf 77' lang='grc' dir='ltr'>ἄλλῳ</span> <span class='ocrx_word' id='word_1_69' title='bbox 744 892 848 942; x_wconf 72' lang='grc' dir='ltr'>τινὶ</span> <span class='ocrx_word' id='word_1_70' title='bbox 887 889 1190 959; x_wconf 78' lang='grc' dir='ltr'>σεϐάσματι</span> <span class='ocrx_word' id='word_1_71' title='bbox 1219 890 1508 959; x_wconf 81' lang='grc' dir='ltr'>προσέχειν</span> <span class='ocrx_word' id='word_1_72' title='bbox 1538 891 1638 959; x_wconf 80' lang='grc' dir='ltr'><strong>ἐμὲ</strong></span> <span class='ocrx_word' id='word_1_73' title='bbox 1665 890 1818 959; x_wconf 87' lang='grc' dir='ltr'>νομί-</span> 
     </span>
    </p>
   </div>
   <div class='ocr_carea' id='block_1_13' title="bbox 279 975 1818 1051">
    <p class='ocr_par' dir='ltr' id='par_1_13' title="bbox 279 975 1818 1051">
     <span class='ocr_line' id='line_1_13' title="bbox 279 975 1818 1051; baseline -0.003 -14"><span class='ocrx_word' id='word_1_74' title='bbox 279 986 394 1049; x_wconf 82' lang='grc' dir='ltr'>ζεις,</span> <span class='ocrx_word' id='word_1_75' title='bbox 422 984 518 1036; x_wconf 80' lang='grc' dir='ltr'><strong>τῶν</strong></span> <span class='ocrx_word' id='word_1_76' title='bbox 548 981 830 1051; x_wconf 74' lang='grc' dir='ltr'><strong>ἀνονήτων</strong></span> <span class='ocrx_word' id='word_1_77' title='bbox 867 981 964 1032; x_wconf 78' lang='grc' dir='ltr'>καὶ</span> <span class='ocrx_word' id='word_1_78' title='bbox 996 981 1286 1050; x_wconf 81' lang='grc' dir='ltr'><strong>περιττῶν,</strong></span> <span class='ocrx_word' id='word_1_79' title='bbox 1320 975 1395 1032; x_wconf 86' lang='grc' dir='ltr'><strong>ῶν</strong></span> <span class='ocrx_word' id='word_1_80' title='bbox 1429 981 1668 1051; x_wconf 78' lang='grc' dir='ltr'>ὴθέτησα</span> <span class='ocrx_word' id='word_1_81' title='bbox 1719 981 1818 1050; x_wconf 83' lang='grc' dir='ltr'><strong>τὴν</strong></span> 
     </span>
    </p>
   </div>
   <div class='ocr_carea' id='block_1_14' title="bbox 280 1070 1820 1141">
    <p class='ocr_par' dir='ltr' id='par_1_14' title="bbox 280 1070 1820 1141">
     <span class='ocr_line' id='line_1_14' title="bbox 280 1070 1820 1141; baseline -0.005 -11"><span class='ocrx_word' id='word_1_82' title='bbox 280 1077 455 1139; x_wconf 74' lang='grc' dir='ltr'>πῖστιν,</span> <span class='ocrx_word' id='word_1_83' title='bbox 507 1072 666 1124; x_wconf 83' lang='grc' dir='ltr'>ταῦτ’</span> <span class='ocrx_word' id='word_1_84' title='bbox 709 1073 788 1134; x_wconf 82' lang='grc' dir='ltr'><strong>εἰς</strong></span> <span class='ocrx_word' id='word_1_85' title='bbox 848 1073 1012 1141; x_wconf 78' lang='grc' dir='ltr'>ὅρκον</span> <span class='ocrx_word' id='word_1_86' title='bbox 1064 1071 1186 1138; x_wconf 72' lang='grc' dir='ltr'>ἐμοὶ</span> <span class='ocrx_word' id='word_1_87' title='bbox 1226 1070 1589 1139; x_wconf 72' lang='grc' dir='ltr'>προὸἀλλειν·</span> <span class='ocrx_word' id='word_1_88' title='bbox 1623 1070 1820 1141; x_wconf 71' lang='grc' dir='ltr'>ῥαδίως</span> 
     </span>
    </p>
   </div>
   <div class='ocr_carea' id='block_1_15' title="bbox 281 1159 1815 1236">
    <p class='ocr_par' dir='ltr' id='par_1_15' title="bbox 281 1159 1815 1236">
     <span class='ocr_line' id='line_1_15' title="bbox 281 1159 1815 1236; baseline -0.007 -16"><span class='ocrx_word' id='word_1_89' title='bbox 281 1170 372 1236; x_wconf 74' lang='grc' dir='ltr'>γὰρ</span> <span class='ocrx_word' id='word_1_90' title='bbox 400 1166 457 1220; x_wconf 78' lang='grc' dir='ltr'>ἂν</span> <span class='ocrx_word' id='word_1_91' title='bbox 507 1163 932 1234; x_wconf 72' lang='grc' dir='ltr'>καταψεύσομᾳι</span> <span class='ocrx_word' id='word_1_92' title='bbox 966 1161 1076 1212; x_wconf 85' lang='grc' dir='ltr'><strong>τῶν</strong></span> <span class='ocrx_word' id='word_1_93' title='bbox 1133 1162 1208 1230; x_wconf 83' lang='grc' dir='ltr'>μὴ</span> <span class='ocrx_word' id='word_1_94' title='bbox 1246 1161 1595 1228; x_wconf 75' lang='grc' dir='ltr'>τιμωμένων.</span> <span class='ocrx_word' id='word_1_95' title='bbox 1637 1161 1728 1212; x_wconf 71' lang='grc' dir='ltr'><strong>Διὸ</strong></span> <span class='ocrx_word' id='word_1_96' title='bbox 1753 1159 1815 1228; x_wconf 87' lang='grc' dir='ltr'>δή</span> 
     </span>
    </p>
   </div>
   <div class='ocr_carea' id='block_1_16' title="bbox 283 1251 1820 1325">
    <p class='ocr_par' dir='ltr' id='par_1_16' title="bbox 283 1251 1820 1325">
     <span class='ocr_line' id='line_1_16' title="bbox 283 1251 1820 1325; baseline -0.005 -14"><span class='ocrx_word' id='word_1_97' title='bbox 283 1277 359 1312; x_wconf 77' lang='grc' dir='ltr'><strong>σου</strong></span> <span class='ocrx_word' id='word_1_98' title='bbox 389 1259 592 1325; x_wconf 80' lang='grc' dir='ltr'>δέομαι,</span> <span class='ocrx_word' id='word_1_99' title='bbox 633 1253 879 1324; x_wconf 81' lang='grc' dir='ltr'>βασιλεῦ,</span> <span class='ocrx_word' id='word_1_100' title='bbox 917 1252 992 1322; x_wconf 82' lang='grc' dir='ltr'>μὴ</span> <span class='ocrx_word' id='word_1_101' title='bbox 1028 1253 1158 1322; x_wconf 72' lang='grc' dir='ltr'>περὶ</span> <span class='ocrx_word' id='word_1_102' title='bbox 1188 1252 1297 1304; x_wconf 88' lang='grc' dir='ltr'><strong>τῶν</strong></span> <span class='ocrx_word' id='word_1_103' title='bbox 1329 1252 1588 1304; x_wconf 82' lang='grc' dir='ltr'>τοιούτων</span> <span class='ocrx_word' id='word_1_104' title='bbox 1631 1251 1820 1318; x_wconf 80' lang='grc' dir='ltr'>λόγους</span> 
     </span>
    </p>
   </div>
   <div class='ocr_carea' id='block_1_17' title="bbox 285 1342 1822 1418">
    <p class='ocr_par' dir='ltr' id='par_1_17' title="bbox 285 1342 1822 1418">
     <span class='ocr_line' id='line_1_17' title="bbox 285 1342 1822 1418; baseline -0.006 -15"><span class='ocrx_word' id='word_1_105' title='bbox 285 1353 458 1404; x_wconf 75' lang='grc' dir='ltr'>κινεῖν·</span> <span class='ocrx_word' id='word_1_106' title='bbox 488 1349 676 1418; x_wconf 76' lang='grc' dir='ltr'>χάριτι</span> <span class='ocrx_word' id='word_1_107' title='bbox 713 1345 823 1415; x_wconf 74' lang='grc' dir='ltr'><strong>γὰρ</strong></span> <span class='ocrx_word' id='word_1_108' title='bbox 884 1342 1121 1414; x_wconf 76' lang='grc' dir='ltr'><strong>Χριστοῦ</strong></span> <span class='ocrx_word' id='word_1_109' title='bbox 1169 1343 1264 1398; x_wconf 73' lang='grc' dir='ltr'>καὶ</span> <span class='ocrx_word' id='word_1_110' title='bbox 1322 1343 1649 1412; x_wconf 86' lang='grc' dir='ltr'>Χριστιανός</span> <span class='ocrx_word' id='word_1_111' title='bbox 1706 1342 1822 1412; x_wconf 83' lang='grc' dir='ltr'>εἰμι</span> 
     </span>
    </p>
   </div>
   <div class='ocr_carea' id='block_1_18' title="bbox 285 1433 1822 1508">
    <p class='ocr_par' dir='ltr' id='par_1_18' title="bbox 285 1433 1822 1508">
     <span class='ocr_line' id='line_1_18' title="bbox 285 1433 1822 1508; baseline -0.007 -11"><span class='ocrx_word' id='word_1_112' title='bbox 285 1443 501 1498; x_wconf 78' lang='grc' dir='ltr'>καὶτῶν</span> <span class='ocrx_word' id='word_1_113' title='bbox 559 1438 871 1508; x_wconf 80' lang='grc' dir='ltr'>ὀρθοδόξων</span> <span class='ocrx_word' id='word_1_114' title='bbox 902 1451 916 1466; x_wconf 74' lang='grc' dir='ltr'><strong>ο</strong></span> <span class='ocrx_word' id='word_1_115' title='bbox 953 1436 1096 1488; x_wconf 65' lang='grc' dir='ltr'>κατὰ</span> <span class='ocrx_word' id='word_1_116' title='bbox 1157 1434 1250 1487; x_wconf 81' lang='grc' dir='ltr'><strong>σοῦ</strong></span> <span class='ocrx_word' id='word_1_117' title='bbox 1312 1435 1368 1487; x_wconf 81' lang='grc' dir='ltr'>δὲ</span> <span class='ocrx_word' id='word_1_118' title='bbox 1426 1436 1564 1503; x_wconf 73' lang='grc' dir='ltr'>μήτε</span> <span class='ocrx_word' id='word_1_119' title='bbox 1623 1433 1822 1503; x_wconf 83' lang='grc' dir='ltr'>δρᾶσαι</span> 
     </span>
    </p>
   </div>
   <div class='ocr_carea' id='block_1_19' title="bbox 291 1524 1822 1604">
    <p class='ocr_par' dir='ltr' id='par_1_19' title="bbox 291 1524 1822 1604">
     <span class='ocr_line' id='line_1_19' title="bbox 291 1524 1822 1604; baseline -0.007 -19"><span class='ocrx_word' id='word_1_120' title='bbox 291 1535 404 1604; x_wconf 77' lang='grc' dir='ltr'>μήτε</span> <span class='ocrx_word' id='word_1_121' title='bbox 427 1529 819 1601; x_wconf 79' lang='grc' dir='ltr'>βουλεύσασθαί</span> <span class='ocrx_word' id='word_1_122' title='bbox 871 1543 923 1578; x_wconf 88' lang='grc' dir='ltr'><strong>τι</strong></span> <span class='ocrx_word' id='word_1_123' title='bbox 962 1527 1154 1588; x_wconf 73' lang='grc' dir='ltr'>κακὸν,</span> <span class='ocrx_word' id='word_1_124' title='bbox 1191 1525 1286 1579; x_wconf 77' lang='grc' dir='ltr'>καὶ</span> <span class='ocrx_word' id='word_1_125' title='bbox 1337 1524 1433 1577; x_wconf 84' lang='grc' dir='ltr'><strong>νῦν</strong></span> <span class='ocrx_word' id='word_1_126' title='bbox 1489 1525 1588 1595; x_wconf 77' lang='grc' dir='ltr'>μὲν</span> <span class='ocrx_word' id='word_1_127' title='bbox 1617 1525 1822 1593; x_wconf 70' lang='grc' dir='ltr'>ὄμνυμι</span> 
     </span>
    </p>
   </div>
   <div class='ocr_carea' id='block_1_20' title="bbox 289 1615 1825 1689">
    <p class='ocr_par' dir='ltr' id='par_1_20' title="bbox 289 1615 1825 1689">
     <span class='ocr_line' id='line_1_20' title="bbox 289 1615 1825 1689; baseline -0.008 -10"><span class='ocrx_word' id='word_1_128' title='bbox 289 1628 364 1679; x_wconf 65' lang='grc' dir='ltr'>τὸν</span> <span class='ocrx_word' id='word_1_129' title='bbox 391 1621 603 1689; x_wconf 80' lang='grc' dir='ltr'>οὐρανοῦ</span> <span class='ocrx_word' id='word_1_130' title='bbox 662 1620 759 1672; x_wconf 73' lang='grc' dir='ltr'>καὶ</span> <span class='ocrx_word' id='word_1_131' title='bbox 792 1619 897 1686; x_wconf 81' lang='grc' dir='ltr'>γῆς</span> <span class='ocrx_word' id='word_1_132' title='bbox 949 1618 1204 1686; x_wconf 81' lang='grc' dir='ltr'>ποιητὴν,</span> <span class='ocrx_word' id='word_1_133' title='bbox 1262 1615 1339 1677; x_wconf 82' lang='grc' dir='ltr'>ὡς</span> <span class='ocrx_word' id='word_1_134' title='bbox 1392 1615 1516 1668; x_wconf 76' lang='grc' dir='ltr'>οὔτε</span> <span class='ocrx_word' id='word_1_135' title='bbox 1555 1618 1825 1684; x_wconf 78' lang='grc' dir='ltr'>πρότερον</span> 
     </span>
    </p>
   </div>
   <div class='ocr_carea' id='block_1_21' title="bbox 292 1705 1826 1782">
    <p class='ocr_par' dir='ltr' id='par_1_21' title="bbox 292 1705 1826 1782">
     <span class='ocr_line' id='line_1_21' title="bbox 292 1705 1826 1782; baseline -0.008 -13"><span class='ocrx_word' id='word_1_136' title='bbox 292 1719 358 1780; x_wconf 78' lang='grc' dir='ltr'><strong>τίς</strong></span> <span class='ocrx_word' id='word_1_137' title='bbox 394 1714 671 1782; x_wconf 79' lang='grc' dir='ltr'>λογισμοὺς</span> <span class='ocrx_word' id='word_1_138' title='bbox 703 1710 956 1781; x_wconf 79' lang='grc' dir='ltr'><strong>ὑπήχθην</strong></span> <span class='ocrx_word' id='word_1_139' title='bbox 988 1709 1283 1774; x_wconf 78' lang='grc' dir='ltr'>τοιούτους,</span> <span class='ocrx_word' id='word_1_140' title='bbox 1313 1705 1425 1760; x_wconf 78' lang='grc' dir='ltr'>οὐτ’</span> <span class='ocrx_word' id='word_1_141' title='bbox 1474 1709 1531 1758; x_wconf 70' lang='grc' dir='ltr'><strong>ἐν</strong></span> <span class='ocrx_word' id='word_1_142' title='bbox 1555 1705 1639 1776; x_wconf 86' lang='grc' dir='ltr'>τῷ</span> <span class='ocrx_word' id='word_1_143' title='bbox 1699 1705 1826 1776; x_wconf 85' lang='grc' dir='ltr'>μέλ-</span> 
     </span>
    </p>
   </div>
   <div class='ocr_carea' id='block_1_22' title="bbox 1917 703 3474 780">
    <p class='ocr_par' dir='ltr' id='par_1_22' title="bbox 1917 703 3474 780">
     <span class='ocr_line' id='line_1_22' title="bbox 1917 703 3474 780; baseline 0.005 -26"><span class='ocrx_word' id='word_1_144' title='bbox 1917 703 2006 756; x_wconf 86' lang='lat' dir='ltr'><strong>illa</strong></span> <span class='ocrx_word' id='word_1_145' title='bbox 2031 705 2286 769; x_wconf 88' lang='lat' dir='ltr'><strong>mentiar,</strong></span> <span class='ocrx_word' id='word_1_146' title='bbox 2315 721 2434 774; x_wconf 76' lang='lat' dir='ltr'><strong>quze</strong></span> <span class='ocrx_word' id='word_1_147' title='bbox 2462 706 2641 760; x_wconf 88' lang='lat' dir='ltr'><strong>colore</strong></span> <span class='ocrx_word' id='word_1_148' title='bbox 2671 707 2826 762; x_wconf 91' lang='lat' dir='ltr'><strong>desii.</strong></span> <span class='ocrx_word' id='word_1_149' title='bbox 2853 708 3116 773; x_wconf 84' lang='lat' dir='ltr'><strong>Quocirca</strong></span> <span class='ocrx_word' id='word_1_150' title='bbox 3144 717 3197 763; x_wconf 87' lang='lat' dir='ltr'><strong>te</strong></span> <span class='ocrx_word' id='word_1_151' title='bbox 3229 719 3474 780; x_wconf 77' lang='lat' dir='ltr'><strong>rogatum</strong></span> 
     </span>
    </p>
   </div>
   <div class='ocr_carea' id='block_1_23' title="bbox 1915 798 3483 871">
    <p class='ocr_par' dir='ltr' id='par_1_23' title="bbox 1915 798 3483 871">
     <span class='ocr_line' id='line_1_23' title="bbox 1915 798 3483 871; baseline 0.006 -23"><span class='ocrx_word' id='word_1_152' title='bbox 1915 800 2060 861; x_wconf 89' lang='lat' dir='ltr'><strong>volo,</strong></span> <span class='ocrx_word' id='word_1_153' title='bbox 2095 798 2412 868; x_wconf 89' lang='lat' dir='ltr'><strong>imperator,</strong></span> <span class='ocrx_word' id='word_1_154' title='bbox 2449 816 2517 854; x_wconf 91' lang='lat' dir='ltr'><strong>ne</strong></span> <span class='ocrx_word' id='word_1_155' title='bbox 2546 800 2676 869; x_wconf 87' lang='lat' dir='ltr'><strong>quid</strong></span> <span class='ocrx_word' id='word_1_156' title='bbox 2712 816 2876 869; x_wconf 85' lang='lat' dir='ltr'><strong>super</strong></span> <span class='ocrx_word' id='word_1_157' title='bbox 2906 802 3010 855; x_wconf 90' lang='lat' dir='ltr'><strong>hoc</strong></span> <span class='ocrx_word' id='word_1_158' title='bbox 3038 801 3255 871; x_wconf 76' lang='lat' dir='ltr'><strong>negotio</strong></span> <span class='ocrx_word' id='word_1_159' title='bbox 3287 805 3483 857; x_wconf 85' lang='lat' dir='ltr'><strong>verbe-</strong></span> 
     </span>
    </p>
   </div>
   <div class='ocr_carea' id='block_1_24' title="bbox 1918 889 3536 960">
    <p class='ocr_par' dir='ltr' id='par_1_24' title="bbox 1918 889 3536 960">
     <span class='ocr_line' id='line_1_24' title="bbox 1918 889 3536 960; baseline 0.004 -21"><span class='ocrx_word' id='word_1_160' title='bbox 1918 905 2037 941; x_wconf 86' lang='lat' dir='ltr'><strong>rum</strong></span> <span class='ocrx_word' id='word_1_161' title='bbox 2070 889 2270 956; x_wconf 84' lang='lat' dir='ltr'><strong>facias;</strong></span> <span class='ocrx_word' id='word_1_162' title='bbox 2315 891 2487 960; x_wconf 81' lang='lat' dir='ltr'><strong>gratia</strong></span> <span class='ocrx_word' id='word_1_163' title='bbox 2528 892 2675 946; x_wconf 87' lang='lat' dir='ltr'><strong>enim</strong></span> <span class='ocrx_word' id='word_1_164' title='bbox 2716 892 2917 946; x_wconf 77' lang='lat' dir='ltr'><strong>Christi</strong></span> <span class='ocrx_word' id='word_1_165' title='bbox 2949 903 3004 946; x_wconf 88' lang='lat' dir='ltr'><strong>et</strong></span> <span class='ocrx_word' id='word_1_166' title='bbox 3033 891 3397 956; x_wconf 87' lang='lat' dir='ltr'><strong>Christianus,</strong></span> <span class='ocrx_word' id='word_1_167' title='bbox 3427 904 3482 948; x_wconf 94' lang='lat' dir='ltr'><strong>ct</strong></span> <span class='ocrx_word' id='word_1_168' title='bbox 3515 903 3536 918; x_wconf 83' lang='lat'>&quot;</span> 
     </span>
    </p>
   </div>
   <div class='ocr_carea' id='block_1_25' title="bbox 1919 980 3480 1038">
    <p class='ocr_par' dir='ltr' id='par_1_25' title="bbox 1919 980 3480 1038">
     <span class='ocr_line' id='line_1_25' title="bbox 1919 980 3480 1038; baseline 0.003 -7"><span class='ocrx_word' id='word_1_169' title='bbox 1919 980 2256 1034; x_wconf 80' lang='lat' dir='ltr'><strong>orthodoxus</strong></span> <span class='ocrx_word' id='word_1_170' title='bbox 2282 997 2422 1035; x_wconf 88' lang='lat' dir='ltr'><strong>sum.</strong></span> <span class='ocrx_word' id='word_1_171' title='bbox 2456 981 2734 1036; x_wconf 82' lang='lat' dir='ltr'><strong>Adversus</strong></span> <span class='ocrx_word' id='word_1_172' title='bbox 2767 993 2817 1036; x_wconf 91' lang='lat' dir='ltr'><strong>te</strong></span> <span class='ocrx_word' id='word_1_173' title='bbox 2845 994 3024 1036; x_wconf 87' lang='lat' dir='ltr'><strong>autem</strong></span> <span class='ocrx_word' id='word_1_174' title='bbox 3066 983 3204 1037; x_wconf 80' lang='lat' dir='ltr'><strong>nihil</strong></span> <span class='ocrx_word' id='word_1_175' title='bbox 3247 984 3371 1038; x_wconf 88' lang='lat' dir='ltr'><strong>mali</strong></span> <span class='ocrx_word' id='word_1_176' title='bbox 3402 984 3480 1036; x_wconf 94' lang='lat' dir='ltr'><strong>vel</strong></span> 
     </span>
    </p>
   </div>
   <div class='ocr_carea' id='block_1_26' title="bbox 1921 1070 3486 1144">
    <p class='ocr_par' dir='ltr' id='par_1_26' title="bbox 1921 1070 3486 1144">
     <span class='ocr_line' id='line_1_26' title="bbox 1921 1070 3486 1144; baseline 0.004 -20"><span class='ocrx_word' id='word_1_177' title='bbox 1921 1070 2200 1140; x_wconf 71' lang='lat' dir='ltr'><strong>designavi</strong></span> <span class='ocrx_word' id='word_1_178' title='bbox 2231 1072 2314 1125; x_wconf 89' lang='lat' dir='ltr'><strong>vel</strong></span> <span class='ocrx_word' id='word_1_179' title='bbox 2349 1072 2616 1142; x_wconf 77' lang='lat' dir='ltr'><strong>cegitavi;</strong></span> <span class='ocrx_word' id='word_1_180' title='bbox 2647 1082 2702 1128; x_wconf 91' lang='lat' dir='ltr'><strong>et</strong></span> <span class='ocrx_word' id='word_1_181' title='bbox 2728 1090 2874 1126; x_wconf 92' lang='lat' dir='ltr'><strong>nunc</strong></span> <span class='ocrx_word' id='word_1_182' title='bbox 2907 1075 3030 1128; x_wconf 70' lang='lat' dir='ltr'><strong>caeli</strong></span> <span class='ocrx_word' id='word_1_183' title='bbox 3061 1085 3327 1144; x_wconf 65' lang='lat' dir='ltr'><strong>terraeque</strong></span> <span class='ocrx_word' id='word_1_184' title='bbox 3355 1091 3486 1130; x_wconf 84' lang='lat' dir='ltr'><strong>con-</strong></span> 
     </span>
    </p>
   </div>
   <div class='ocr_carea' id='block_1_27' title="bbox 1921 1159 3485 1232">
    <p class='ocr_par' dir='ltr' id='par_1_27' title="bbox 1921 1159 3485 1232">
     <span class='ocr_line' id='line_1_27' title="bbox 1921 1159 3485 1232; baseline 0.004 -20"><span class='ocrx_word' id='word_1_185' title='bbox 1921 1159 2155 1213; x_wconf 83' lang='lat' dir='ltr'><strong>ditorem</strong></span> <span class='ocrx_word' id='word_1_186' title='bbox 2192 1161 2337 1214; x_wconf 91' lang='lat' dir='ltr'><strong>ullro</strong></span> <span class='ocrx_word' id='word_1_187' title='bbox 2364 1170 2553 1227; x_wconf 83' lang='lat' dir='ltr'><strong>testor,</strong></span> <span class='ocrx_word' id='word_1_188' title='bbox 2589 1177 2672 1216; x_wconf 90' lang='lat' dir='ltr'><strong>me</strong></span> <span class='ocrx_word' id='word_1_189' title='bbox 2703 1178 2880 1232; x_wconf 90' lang='lat' dir='ltr'><strong>neque</strong></span> <span class='ocrx_word' id='word_1_190' title='bbox 2907 1163 3140 1216; x_wconf 87' lang='lat' dir='ltr'><strong>antehac</strong></span> <span class='ocrx_word' id='word_1_191' title='bbox 3175 1163 3485 1218; x_wconf 85' lang='lat' dir='ltr'><strong>istiusmodi</strong></span> 
     </span>
    </p>
   </div>
   <div class='ocr_carea' id='block_1_28' title="bbox 1923 1252 3486 1323">
    <p class='ocr_par' dir='ltr' id='par_1_28' title="bbox 1923 1252 3486 1323">
     <span class='ocr_line' id='line_1_28' title="bbox 1923 1252 3486 1323; baseline 0.003 -18"><span class='ocrx_word' id='word_1_192' title='bbox 1923 1252 2150 1306; x_wconf 85' lang='lat' dir='ltr'><strong>consilia</strong></span> <span class='ocrx_word' id='word_1_193' title='bbox 2186 1253 2420 1312; x_wconf 76' lang='lat' dir='ltr'><strong>coxisse.</strong></span> <span class='ocrx_word' id='word_1_194' title='bbox 2466 1269 2641 1322; x_wconf 90' lang='lat' dir='ltr'><strong>neque</strong></span> <span class='ocrx_word' id='word_1_195' title='bbox 2688 1253 2756 1308; x_wconf 90' lang='lat' dir='ltr'><strong>de</strong></span> <span class='ocrx_word' id='word_1_196' title='bbox 2803 1263 2998 1308; x_wconf 64' lang='lat' dir='ltr'><strong>caetero</strong></span> <span class='ocrx_word' id='word_1_197' title='bbox 3042 1254 3352 1323; x_wconf 86' lang='lat' dir='ltr'><strong>improbum</strong></span> <span class='ocrx_word' id='word_1_198' title='bbox 3381 1256 3486 1310; x_wconf 85' lang='lat' dir='ltr'><strong>ali-</strong></span> 
     </span>
    </p>
   </div>
   <div class='ocr_carea' id='block_1_29' title="bbox 1923 1342 3490 1416">
    <p class='ocr_par' dir='ltr' id='par_1_29' title="bbox 1923 1342 3490 1416">
     <span class='ocr_line' id='line_1_29' title="bbox 1923 1342 3490 1416; baseline 0.004 -20"><span class='ocrx_word' id='word_1_199' title='bbox 1923 1342 2052 1412; x_wconf 91' lang='lat' dir='ltr'><strong>quid</strong></span> <span class='ocrx_word' id='word_1_200' title='bbox 2088 1343 2141 1397; x_wconf 93' lang='lat' dir='ltr'><strong>in</strong></span> <span class='ocrx_word' id='word_1_201' title='bbox 2180 1353 2230 1398; x_wconf 91' lang='lat' dir='ltr'><strong>te</strong></span> <span class='ocrx_word' id='word_1_202' title='bbox 2279 1345 2751 1408; x_wconf 85' lang='lat' dir='ltr'><strong>maehinaturum;</strong></span> <span class='ocrx_word' id='word_1_203' title='bbox 2800 1345 2906 1400; x_wconf 90' lang='lat' dir='ltr'><strong>tuis</strong></span> <span class='ocrx_word' id='word_1_204' title='bbox 2944 1347 3262 1415; x_wconf 87' lang='lat' dir='ltr'><strong>verojussis</strong></span> <span class='ocrx_word' id='word_1_205' title='bbox 3291 1363 3490 1416; x_wconf 86' lang='lat' dir='ltr'><strong>parens</strong></span> 
     </span>
    </p>
   </div>
   <div class='ocr_carea' id='block_1_30' title="bbox 1925 1433 3491 1506">
    <p class='ocr_par' dir='ltr' id='par_1_30' title="bbox 1925 1433 3491 1506">
     <span class='ocr_line' id='line_1_30' title="bbox 1925 1433 3491 1506; baseline 0.004 -19"><span class='ocrx_word' id='word_1_206' title='bbox 1925 1433 2105 1488; x_wconf 88' lang='lat' dir='ltr'><strong>denuo</strong></span> <span class='ocrx_word' id='word_1_207' title='bbox 2123 1433 2338 1502; x_wconf 75' lang='lat' dir='ltr'><strong>iurabo.</strong></span> <span class='ocrx_word' id='word_1_208' title='bbox 2375 1435 2516 1502; x_wconf 83' lang='lat' dir='ltr'><strong>Jam,</strong></span> <span class='ocrx_word' id='word_1_209' title='bbox 2541 1437 2688 1506; x_wconf 90' lang='lat' dir='ltr'><strong>quod</strong></span> <span class='ocrx_word' id='word_1_210' title='bbox 2715 1436 2797 1490; x_wconf 88' lang='lat' dir='ltr'><strong>vis</strong></span> <span class='ocrx_word' id='word_1_211' title='bbox 2827 1446 2885 1490; x_wconf 93' lang='lat' dir='ltr'><strong>ut</strong></span> <span class='ocrx_word' id='word_1_212' title='bbox 2913 1435 3195 1505; x_wconf 86' lang='lat' dir='ltr'><strong>adjutores</strong></span> <span class='ocrx_word' id='word_1_213' title='bbox 3223 1447 3279 1492; x_wconf 92' lang='lat' dir='ltr'><strong>et</strong></span> <span class='ocrx_word' id='word_1_214' title='bbox 3312 1439 3491 1493; x_wconf 84' lang='lat' dir='ltr'><strong>socios</strong></span> 
     </span>
    </p>
   </div>
   <div class='ocr_carea' id='block_1_31' title="bbox 1927 1524 3492 1599">
    <p class='ocr_par' dir='ltr' id='par_1_31' title="bbox 1927 1524 3492 1599">
     <span class='ocr_line' id='line_1_31' title="bbox 1927 1524 3492 1599; baseline 0.004 -21"><span class='ocrx_word' id='word_1_215' title='bbox 1927 1524 2025 1578; x_wconf 85' lang='lat' dir='ltr'><strong>tibi</strong></span> <span class='ocrx_word' id='word_1_216' title='bbox 2058 1541 2209 1580; x_wconf 89' lang='lat' dir='ltr'><strong>meos</strong></span> <span class='ocrx_word' id='word_1_217' title='bbox 2241 1526 2496 1593; x_wconf 87' lang='lat' dir='ltr'><strong>indicem,</strong></span> <span class='ocrx_word' id='word_1_218' title='bbox 2526 1527 2659 1582; x_wconf 88' lang='lat' dir='ltr'><strong>illud</strong></span> <span class='ocrx_word' id='word_1_219' title='bbox 2700 1529 2844 1591; x_wconf 91' lang='lat' dir='ltr'><strong>dico,</strong></span> <span class='ocrx_word' id='word_1_220' title='bbox 2876 1538 2926 1584; x_wconf 91' lang='lat' dir='ltr'><strong>te</strong></span> <span class='ocrx_word' id='word_1_221' title='bbox 2967 1528 3170 1598; x_wconf 86' lang='lat' dir='ltr'><strong>potius,</strong></span> <span class='ocrx_word' id='word_1_222' title='bbox 3207 1545 3370 1599; x_wconf 84' lang='lat' dir='ltr'><strong>quam</strong></span> <span class='ocrx_word' id='word_1_223' title='bbox 3405 1546 3492 1585; x_wconf 90' lang='lat' dir='ltr'><strong>me</strong></span> 
     </span>
    </p>
   </div>
   <div class='ocr_carea' id='block_1_32' title="bbox 1924 1616 3494 1690">
    <p class='ocr_par' dir='ltr' id='par_1_32' title="bbox 1924 1616 3494 1690">
     <span class='ocr_line' id='line_1_32' title="bbox 1924 1616 3494 1690; baseline 0.003 -20"><span class='ocrx_word' id='word_1_224' title='bbox 1924 1616 2068 1670; x_wconf 83' lang='lat' dir='ltr'><strong>scire</strong></span> <span class='ocrx_word' id='word_1_225' title='bbox 2111 1630 2270 1685; x_wconf 84' lang='lat' dir='ltr'><strong>posse</strong></span> <span class='ocrx_word' id='word_1_226' title='bbox 2314 1619 2504 1686; x_wconf 81' lang='lat' dir='ltr'><strong>quales</strong></span> <span class='ocrx_word' id='word_1_227' title='bbox 2551 1628 2980 1674; x_wconf 88' lang='lat' dir='ltr'><strong>consentaneum</strong></span> <span class='ocrx_word' id='word_1_228' title='bbox 3010 1619 3082 1674; x_wconf 90' lang='lat' dir='ltr'><strong>sit</strong></span> <span class='ocrx_word' id='word_1_229' title='bbox 3111 1634 3252 1681; x_wconf 87' lang='lat' dir='ltr'><strong>esse.</strong></span> <span class='ocrx_word' id='word_1_230' title='bbox 3282 1621 3376 1690; x_wconf 91' lang='lat' dir='ltr'><strong>qui</strong></span> <span class='ocrx_word' id='word_1_231' title='bbox 3407 1637 3494 1674; x_wconf 90' lang='lat' dir='ltr'><strong>me</strong></span> 
     </span>
    </p>
   </div>
   <div class='ocr_carea' id='block_1_33' title="bbox 1928 1708 3493 1779">
    <p class='ocr_par' dir='ltr' id='par_1_33' title="bbox 1928 1708 3493 1779">
     <span class='ocr_line' id='line_1_33' title="bbox 1928 1708 3493 1779; baseline 0.003 -18"><span class='ocrx_word' id='word_1_232' title='bbox 1928 1717 2252 1776; x_wconf 87' lang='lat' dir='ltr'><strong>sequuntur.</strong></span> <span class='ocrx_word' id='word_1_233' title='bbox 2281 1708 2420 1764; x_wconf 84' lang='lat' dir='ltr'><strong>Cum</strong></span> <span class='ocrx_word' id='word_1_234' title='bbox 2447 1709 2594 1764; x_wconf 87' lang='lat' dir='ltr'><strong>enim</strong></span> <span class='ocrx_word' id='word_1_235' title='bbox 2629 1710 2874 1779; x_wconf 72' lang='lat' dir='ltr'><strong>pecunia:</strong></span> <span class='ocrx_word' id='word_1_236' title='bbox 2897 1711 3162 1766; x_wconf 78' lang='lat' dir='ltr'><strong>facienda:</strong></span> <span class='ocrx_word' id='word_1_237' title='bbox 3188 1713 3324 1765; x_wconf 89' lang='lat' dir='ltr'><strong>ratio</strong></span> <span class='ocrx_word' id='word_1_238' title='bbox 3345 1712 3493 1765; x_wconf 82' lang='lat' dir='ltr'><strong>nulla</strong></span> 
     </span>
    </p>
   </div>
   <div class='ocr_carea' id='block_1_34' title="bbox 293 1784 1837 1881">
    <p class='ocr_par' dir='ltr' id='par_1_34' title="bbox 293 1796 1817 1872">
     <span class='ocr_line' id='line_1_34' title="bbox 293 1796 1817 1872; baseline -0.009 -12"><span class='ocrx_word' id='word_1_239' title='bbox 293 1809 414 1860; x_wconf 83' lang='grc' dir='ltr'>λοντι</span> <span class='ocrx_word' id='word_1_240' title='bbox 442 1806 594 1868; x_wconf 53' lang='lat' dir='ltr'><strong>x125;</strong></span> <span class='ocrx_word' id='word_1_241' title='bbox 621 1803 861 1872; x_wconf 69' lang='grc' dir='ltr'>ὀφθῆναι</span> <span class='ocrx_word' id='word_1_242' title='bbox 891 1801 1154 1871; x_wconf 81' lang='grc' dir='ltr'>βούλομαι</span> <span class='ocrx_word' id='word_1_243' title='bbox 1185 1799 1312 1870; x_wconf 76' lang='grc' dir='ltr'>περὶ</span> <span class='ocrx_word' id='word_1_244' title='bbox 1344 1799 1402 1850; x_wconf 79' lang='grc' dir='ltr'><strong>σέ</strong></span> <span class='ocrx_word' id='word_1_245' title='bbox 1428 1813 1444 1831; x_wconf 76' lang='grc' dir='ltr'><strong>ο</strong></span> <span class='ocrx_word' id='word_1_246' title='bbox 1485 1796 1578 1849; x_wconf 77' lang='grc' dir='ltr'><strong>σὺν</strong></span> <span class='ocrx_word' id='word_1_247' title='bbox 1610 1797 1656 1850; x_wconf 84' lang='grc' dir='ltr'>δ’</span> <span class='ocrx_word' id='word_1_248' title='bbox 1692 1797 1817 1848; x_wconf 73' lang='grc' dir='ltr'>ἐπί-</span> 
     </span>
    </p>
   </div>
   <div class='ocr_carea' id='block_1_35' title="bbox 1935 1784 3494 1881">
    <p class='ocr_par' dir='ltr' id='par_1_35' title="bbox 1935 1799 3494 1881">
     <span class='ocr_line' id='line_1_35' title="bbox 1935 1799 3494 1881; baseline 0.003 -31"><span class='ocrx_word' id='word_1_249' title='bbox 1935 1799 2262 1867; x_wconf 85' lang='lat' dir='ltr'><strong>suppeditet,</strong></span> <span class='ocrx_word' id='word_1_250' title='bbox 2293 1815 2398 1870; x_wconf 85' lang='lat' dir='ltr'><strong>qua</strong></span> <span class='ocrx_word' id='word_1_251' title='bbox 2424 1800 2653 1854; x_wconf 85' lang='lat' dir='ltr'><strong>forsitan</strong></span> <span class='ocrx_word' id='word_1_252' title='bbox 2690 1801 2955 1881; x_wconf 65' lang='lat' dir='ltr'><strong>quosdam</strong></span> <span class='ocrx_word' id='word_1_253' title='bbox 2991 1817 3100 1855; x_wconf 92' lang='lat' dir='ltr'><strong>non</strong></span> <span class='ocrx_word' id='word_1_254' title='bbox 3134 1801 3331 1856; x_wconf 76' lang='lat' dir='ltr'><strong>inﬁrme</strong></span> <span class='ocrx_word' id='word_1_255' title='bbox 3362 1819 3494 1857; x_wconf 86' lang='lat' dir='ltr'><strong>eon-</strong></span> 
     </span>
    </p>
   </div>
   <div class='ocr_carea' id='block_1_36' title="bbox 297 1884 1825 1966">
    <p class='ocr_par' dir='ltr' id='par_1_36' title="bbox 297 1884 1825 1966">
     <span class='ocr_line' id='line_1_36' title="bbox 297 1884 1825 1966; baseline -0.009 -16"><span class='ocrx_word' id='word_1_256' title='bbox 297 1914 454 1966; x_wconf 72' lang='grc' dir='ltr'>ταγμι</span> <span class='ocrx_word' id='word_1_257' title='bbox 481 1894 792 1964; x_wconf 67' lang='grc' dir='ltr'>ἐκπληρῶν,</span> <span class='ocrx_word' id='word_1_258' title='bbox 853 1891 949 1946; x_wconf 72' lang='grc' dir='ltr'>καὶ</span> <span class='ocrx_word' id='word_1_259' title='bbox 981 1887 1140 1951; x_wconf 74' lang='grc' dir='ltr'>αὖθις</span> <span class='ocrx_word' id='word_1_260' title='bbox 1175 1889 1443 1957; x_wconf 86' lang='grc' dir='ltr'>ὀμοῦμαι.</span> <span class='ocrx_word' id='word_1_261' title='bbox 1478 1888 1614 1957; x_wconf 70' lang='grc' dir='ltr'>Περὶ</span> <span class='ocrx_word' id='word_1_262' title='bbox 1642 1886 1698 1939; x_wconf 75' lang='grc' dir='ltr'>δὲ</span> <span class='ocrx_word' id='word_1_263' title='bbox 1731 1884 1825 1942; x_wconf 74' lang='grc' dir='ltr'>τοῦ</span> 
     </span>
    </p>
   </div>
   <div class='ocr_carea' id='block_1_37' title="bbox 304 1976 1830 2056">
    <p class='ocr_par' dir='ltr' id='par_1_37' title="bbox 304 1976 1830 2056">
     <span class='ocr_line' id='line_1_37' title="bbox 304 1976 1830 2056; baseline -0.007 -15"><span class='ocrx_word' id='word_1_264' title='bbox 304 1988 593 2056; x_wconf 75' lang='grc' dir='ltr'>καταδήλους</span> <span class='ocrx_word' id='word_1_265' title='bbox 623 1987 749 2046; x_wconf 83' lang='grc' dir='ltr'>τοὺς</span> <span class='ocrx_word' id='word_1_266' title='bbox 783 1984 912 2051; x_wconf 64' lang='grc' dir='ltr'>ἐμοὶ</span> <span class='ocrx_word' id='word_1_267' title='bbox 948 1980 1206 2042; x_wconf 77' lang='grc' dir='ltr'>συνόντας</span> <span class='ocrx_word' id='word_1_268' title='bbox 1247 1981 1342 2032; x_wconf 78' lang='grc' dir='ltr'>καὶ</span> <span class='ocrx_word' id='word_1_269' title='bbox 1370 1979 1544 2032; x_wconf 88' lang='grc' dir='ltr'>ταύτὰ</span> <span class='ocrx_word' id='word_1_270' title='bbox 1567 1976 1830 2047; x_wconf 84' lang='grc' dir='ltr'>βουλομέ-</span> 
     </span>
    </p>
   </div>
   <div class='ocr_carea' id='block_1_38' title="bbox 310 2069 1830 2142">
    <p class='ocr_par' dir='ltr' id='par_1_38' title="bbox 310 2069 1830 2142">
     <span class='ocr_line' id='line_1_38' title="bbox 310 2069 1830 2142; baseline -0.008 -10"><span class='ocrx_word' id='word_1_271' title='bbox 310 2097 417 2141; x_wconf 76' lang='grc' dir='ltr'>νους</span> <span class='ocrx_word' id='word_1_272' title='bbox 431 2097 503 2132; x_wconf 81' lang='grc' dir='ltr'><strong>σοι</strong></span> <span class='ocrx_word' id='word_1_273' title='bbox 520 2078 718 2142; x_wconf 74' lang='grc' dir='ltr'>θέσθαι,</span> <span class='ocrx_word' id='word_1_274' title='bbox 746 2076 924 2128; x_wconf 73' lang='grc' dir='ltr'>ἐκεῖνο</span> <span class='ocrx_word' id='word_1_275' title='bbox 944 2074 1110 2140; x_wconf 74' lang='grc' dir='ltr'>λέγω,</span> <span class='ocrx_word' id='word_1_276' title='bbox 1127 2072 1202 2135; x_wconf 85' lang='grc' dir='ltr'>ὠς</span> <span class='ocrx_word' id='word_1_277' title='bbox 1226 2070 1386 2134; x_wconf 83' lang='grc' dir='ltr'>αὐτὸς</span> <span class='ocrx_word' id='word_1_278' title='bbox 1398 2071 1463 2124; x_wconf 81' lang='grc' dir='ltr'>ἂν</span> <span class='ocrx_word' id='word_1_279' title='bbox 1479 2070 1678 2138; x_wconf 78' lang='grc' dir='ltr'>είδείης</span> <span class='ocrx_word' id='word_1_280' title='bbox 1691 2069 1830 2138; x_wconf 79' lang='grc' dir='ltr'>μᾶλ-</span> 
     </span>
    </p>
   </div>
   <div class='ocr_carea' id='block_1_39' title="bbox 320 2156 1832 2235">
    <p class='ocr_par' dir='ltr' id='par_1_39' title="bbox 320 2156 1832 2235">
     <span class='ocr_line' id='line_1_39' title="bbox 320 2156 1832 2235; baseline -0.006 -17"><span class='ocrx_word' id='word_1_281' title='bbox 320 2169 398 2219; x_wconf 78' lang='grc' dir='ltr'><strong>λον</strong></span> <span class='ocrx_word' id='word_1_282' title='bbox 440 2166 576 2235; x_wconf 67' lang='grc' dir='ltr'>ἐμοῦ,</span> <span class='ocrx_word' id='word_1_283' title='bbox 604 2164 802 2225; x_wconf 74' lang='grc' dir='ltr'>ὁποίους</span> <span class='ocrx_word' id='word_1_284' title='bbox 820 2163 972 2224; x_wconf 80' lang='grc' dir='ltr'>τινὰς</span> <span class='ocrx_word' id='word_1_285' title='bbox 996 2163 1142 2224; x_wconf 84' lang='grc' dir='ltr'>είκὸς</span> <span class='ocrx_word' id='word_1_286' title='bbox 1176 2156 1464 2222; x_wconf 77' lang='grc' dir='ltr'>εἶναιτοὺς</span> <span class='ocrx_word' id='word_1_287' title='bbox 1497 2157 1832 2227; x_wconf 80' lang='grc' dir='ltr'>προσκειμέ-</span> 
     </span>
    </p>
   </div>
   <div class='ocr_carea' id='block_1_40' title="bbox 329 2253 1830 2326">
    <p class='ocr_par' dir='ltr' id='par_1_40' title="bbox 329 2253 1830 2326">
     <span class='ocr_line' id='line_1_40' title="bbox 329 2253 1830 2326; baseline -0.005 -14"><span class='ocrx_word' id='word_1_288' title='bbox 329 2275 431 2319; x_wconf 84' lang='grc' dir='ltr'>νους</span> <span class='ocrx_word' id='word_1_289' title='bbox 446 2259 565 2326; x_wconf 65' lang='grc' dir='ltr'>ἐμοί.</span> <span class='ocrx_word' id='word_1_290' title='bbox 587 2258 745 2310; x_wconf 78' lang='grc' dir='ltr'>Ὅπου</span> <span class='ocrx_word' id='word_1_291' title='bbox 765 2257 873 2326; x_wconf 78' lang='grc' dir='ltr'><strong>γὰρ</strong></span> <span class='ocrx_word' id='word_1_292' title='bbox 904 2254 1204 2326; x_wconf 83' lang='grc' dir='ltr'>χρημάτων</span> <span class='ocrx_word' id='word_1_293' title='bbox 1228 2254 1327 2323; x_wconf 89' lang='grc' dir='ltr'><strong>μέν</strong></span> <span class='ocrx_word' id='word_1_294' title='bbox 1350 2270 1439 2323; x_wconf 89' lang='grc' dir='ltr'><strong>μοι</strong></span> <span class='ocrx_word' id='word_1_295' title='bbox 1464 2253 1629 2323; x_wconf 85' lang='grc' dir='ltr'>πόρος</span> <span class='ocrx_word' id='word_1_296' title='bbox 1651 2253 1830 2315; x_wconf 76' lang='grc' dir='ltr'>οὐδεὶς</span> 
     </span>
    </p>
   </div>
   <div class='ocr_carea' id='block_1_41' title="bbox 326 2340 1830 2416">
    <p class='ocr_par' dir='ltr' id='par_1_41' title="bbox 326 2340 1830 2416">
     <span class='ocr_line' id='line_1_41' title="bbox 326 2340 1830 2416; baseline -0.006 -15"><span class='ocrx_word' id='word_1_297' title='bbox 326 2343 395 2412; x_wconf 81' lang='grc' dir='ltr'>οἷς</span> <span class='ocrx_word' id='word_1_298' title='bbox 424 2349 621 2410; x_wconf 74' lang='grc' dir='ltr'>ἀνίσως</span> <span class='ocrx_word' id='word_1_299' title='bbox 655 2347 906 2416; x_wconf 64' lang='grc' dir='ltr'>πείσαιμι</span> <span class='ocrx_word' id='word_1_300' title='bbox 955 2346 1066 2397; x_wconf 90' lang='grc' dir='ltr'><strong>τῶν</strong></span> <span class='ocrx_word' id='word_1_301' title='bbox 1120 2344 1288 2407; x_wconf 80' lang='grc' dir='ltr'>ἀξίων</span> <span class='ocrx_word' id='word_1_302' title='bbox 1321 2360 1412 2412; x_wconf 87' lang='grc' dir='ltr'><strong>μοι</strong></span> <span class='ocrx_word' id='word_1_303' title='bbox 1468 2343 1630 2410; x_wconf 84' lang='grc' dir='ltr'>λόγου</span> <span class='ocrx_word' id='word_1_304' title='bbox 1676 2340 1830 2402; x_wconf 80' lang='grc' dir='ltr'>τινὰς</span> 
     </span>
    </p>
   </div>
   <div class='ocr_carea' id='block_1_42' title="bbox 314 2433 1830 2510">
    <p class='ocr_par' dir='ltr' id='par_1_42' title="bbox 314 2433 1830 2510">
     <span class='ocr_line' id='line_1_42' title="bbox 314 2433 1830 2510; baseline -0.005 -18"><span class='ocrx_word' id='word_1_305' title='bbox 314 2441 572 2509; x_wconf 77' lang='grc' dir='ltr'>προσέχειν,</span> <span class='ocrx_word' id='word_1_306' title='bbox 604 2437 919 2510; x_wconf 75' lang='grc' dir='ltr'>παρρησίας</span> <span class='ocrx_word' id='word_1_307' title='bbox 945 2453 1005 2488; x_wconf 89' lang='grc' dir='ltr'><strong>τε</strong></span> <span class='ocrx_word' id='word_1_308' title='bbox 1031 2435 1166 2504; x_wconf 75' lang='grc' dir='ltr'>πρὸς</span> <span class='ocrx_word' id='word_1_309' title='bbox 1198 2435 1256 2487; x_wconf 78' lang='grc' dir='ltr'>σὲ</span> <span class='ocrx_word' id='word_1_310' title='bbox 1292 2435 1542 2500; x_wconf 79' lang='grc' dir='ltr'>μέτεστιν</span> <span class='ocrx_word' id='word_1_311' title='bbox 1568 2433 1830 2502; x_wconf 83' lang='grc' dir='ltr'>οὐδεμιᾶς</span> 
     </span>
    </p>
   </div>
   <div class='ocr_carea' id='block_1_43' title="bbox 304 2524 1832 2601">
    <p class='ocr_par' dir='ltr' id='par_1_43' title="bbox 304 2524 1832 2601">
     <span class='ocr_line' id='line_1_43' title="bbox 304 2524 1832 2601; baseline -0.003 -21"><span class='ocrx_word' id='word_1_312' title='bbox 304 2526 434 2601; x_wconf 75' lang='grc' dir='ltr'>δι’ἧς</span> <span class='ocrx_word' id='word_1_313' title='bbox 453 2530 744 2600; x_wconf 76' lang='grc' dir='ltr'>εὐεργετῶν</span> <span class='ocrx_word' id='word_1_314' title='bbox 781 2529 1002 2598; x_wconf 77' lang='grc' dir='ltr'>ἐμαυτῷ</span> <span class='ocrx_word' id='word_1_315' title='bbox 1027 2529 1302 2596; x_wconf 77' lang='grc' dir='ltr'>κτήσομαι</span> <span class='ocrx_word' id='word_1_316' title='bbox 1330 2526 1519 2594; x_wconf 85' lang='grc' dir='ltr'>φίλους</span> <span class='ocrx_word' id='word_1_317' title='bbox 1542 2524 1695 2587; x_wconf 80' lang='grc' dir='ltr'>τινὰς</span> <span class='ocrx_word' id='word_1_318' title='bbox 1722 2524 1832 2576; x_wconf 83' lang='grc' dir='ltr'><strong>τῶν</strong></span> 
     </span>
    </p>
   </div>
   <div class='ocr_carea' id='block_1_44' title="bbox 295 2615 1832 2690">
    <p class='ocr_par' dir='ltr' id='par_1_44' title="bbox 295 2615 1832 2690">
     <span class='ocr_line' id='line_1_44' title="bbox 295 2615 1832 2690; baseline -0.003 -16"><span class='ocrx_word' id='word_1_319' title='bbox 295 2623 523 2690; x_wconf 76' lang='grc' dir='ltr'>δεομένων</span> <span class='ocrx_word' id='word_1_320' title='bbox 557 2621 861 2690; x_wconf 69' lang='grc' dir='ltr'>ὡφελείας,</span> <span class='ocrx_word' id='word_1_321' title='bbox 891 2620 1130 2688; x_wconf 66' lang='grc' dir='ltr'>συνορᾷ-ι</span> <span class='ocrx_word' id='word_1_322' title='bbox 1162 2619 1308 2670; x_wconf 79' lang='grc' dir='ltr'>ἐστιν</span> <span class='ocrx_word' id='word_1_323' title='bbox 1338 2619 1402 2669; x_wconf 81' lang='grc' dir='ltr'>ὲκ</span> <span class='ocrx_word' id='word_1_324' title='bbox 1431 2615 1540 2668; x_wconf 86' lang='grc' dir='ltr'><strong>τῶν</strong></span> <span class='ocrx_word' id='word_1_325' title='bbox 1569 2617 1832 2686; x_wconf 84' lang='grc' dir='ltr'>πραγμά-</span> 
     </span>
    </p>
   </div>
   <div class='ocr_carea' id='block_1_45' title="bbox 291 2709 1834 2783">
    <p class='ocr_par' dir='ltr' id='par_1_45' title="bbox 291 2709 1834 2783">
     <span class='ocr_line' id='line_1_45' title="bbox 291 2709 1834 2783; baseline -0.004 -17"><span class='ocrx_word' id='word_1_326' title='bbox 291 2732 384 2766; x_wconf 89' lang='grc' dir='ltr'><strong>των</strong></span> <span class='ocrx_word' id='word_1_327' title='bbox 407 2715 473 2783; x_wconf 75' lang='grc' dir='ltr'>τῷ</span> <span class='ocrx_word' id='word_1_328' title='bbox 507 2714 826 2782; x_wconf 76' lang='grc' dir='ltr'>βουλομένῳ</span> <span class='ocrx_word' id='word_1_329' title='bbox 880 2711 1046 2763; x_wconf 73' lang='grc' dir='ltr'>παντὶ</span> <span class='ocrx_word' id='word_1_330' title='bbox 1073 2709 1200 2772; x_wconf 79' lang='grc' dir='ltr'>τοὺς</span> <span class='ocrx_word' id='word_1_331' title='bbox 1255 2709 1652 2778; x_wconf 72' lang='grc' dir='ltr'>ἡθροισμένους</span> <span class='ocrx_word' id='word_1_332' title='bbox 1707 2712 1834 2777; x_wconf 83' lang='grc' dir='ltr'>περὶ</span> 
     </span>
    </p>
   </div>
   <div class='ocr_carea' id='block_1_46' title="bbox 286 2795 1834 2874">
    <p class='ocr_par' dir='ltr' id='par_1_46' title="bbox 286 2795 1834 2874">
     <span class='ocr_line' id='line_1_46' title="bbox 286 2795 1834 2874; baseline -0.006 -15"><span class='ocrx_word' id='word_1_333' title='bbox 286 2805 390 2874; x_wconf 78' lang='grc' dir='ltr'>ἐμέ.</span> <span class='ocrx_word' id='word_1_334' title='bbox 424 2806 479 2857; x_wconf 75' lang='grc' dir='ltr'><strong>ΕΞ</strong></span> <span class='ocrx_word' id='word_1_335' title='bbox 506 2807 551 2856; x_wconf 87' lang='grc' dir='ltr'>δ’</span> <span class='ocrx_word' id='word_1_336' title='bbox 578 2805 694 2874; x_wconf 82' lang='grc' dir='ltr'>ἄρα</span> <span class='ocrx_word' id='word_1_337' title='bbox 723 2803 820 2856; x_wconf 87' lang='grc' dir='ltr'><strong>καί</strong></span> <span class='ocrx_word' id='word_1_338' title='bbox 865 2818 1008 2863; x_wconf 89' lang='grc' dir='ltr'>τινες</span> <span class='ocrx_word' id='word_1_339' title='bbox 1037 2795 1147 2852; x_wconf 78' lang='grc' dir='ltr'>εἷεν</span> <span class='ocrx_word' id='word_1_340' title='bbox 1175 2799 1434 2861; x_wconf 82' lang='grc' dir='ltr'>εὐνοϊκῶς</span> <span class='ocrx_word' id='word_1_341' title='bbox 1479 2801 1602 2869; x_wconf 72' lang='grc' dir='ltr'>ἐμοὶ</span> <span class='ocrx_word' id='word_1_342' title='bbox 1628 2799 1834 2851; x_wconf 81' lang='grc' dir='ltr'>διακεί-</span> 
     </span>
    </p>
   </div>
   <div class='ocr_carea' id='block_1_47' title="bbox 289 2890 1837 2966">
    <p class='ocr_par' dir='ltr' id='par_1_47' title="bbox 289 2890 1837 2966">
     <span class='ocr_line' id='line_1_47' title="bbox 289 2890 1837 2966; baseline -0.004 -18"><span class='ocrx_word' id='word_1_343' title='bbox 289 2913 434 2964; x_wconf 69' lang='grc' dir='ltr'>μενοι,</span> <span class='ocrx_word' id='word_1_344' title='bbox 463 2898 560 2949; x_wconf 81' lang='grc' dir='ltr'><strong>οὐκ</strong></span> <span class='ocrx_word' id='word_1_345' title='bbox 585 2896 900 2966; x_wconf 75' lang='grc' dir='ltr'>ὀφείλοντες</span> <span class='ocrx_word' id='word_1_346' title='bbox 928 2894 1028 2964; x_wconf 84' lang='grc' dir='ltr'>τὴν</span> <span class='ocrx_word' id='word_1_347' title='bbox 1057 2891 1293 2956; x_wconf 70' lang='grc' dir='ltr'>εὔνοιαν,</span> <span class='ocrx_word' id='word_1_348' title='bbox 1324 2891 1460 2944; x_wconf 84' lang='grc' dir='ltr'>ἀλλὰ</span> <span class='ocrx_word' id='word_1_349' title='bbox 1497 2890 1701 2960; x_wconf 78' lang='grc' dir='ltr'>μᾶλλον</span> <span class='ocrx_word' id='word_1_350' title='bbox 1741 2890 1837 2960; x_wconf 83' lang='grc' dir='ltr'><strong>χά-</strong></span> 
     </span>
    </p>
   </div>
   <div class='ocr_carea' id='block_1_48' title="bbox 288 2977 1834 3058">
    <p class='ocr_par' dir='ltr' id='par_1_48' title="bbox 288 2977 1834 3058">
     <span class='ocr_line' id='line_1_48' title="bbox 288 2977 1834 3058; baseline -0.003 -21"><span class='ocrx_word' id='word_1_351' title='bbox 288 3004 409 3053; x_wconf 73' lang='grc' dir='ltr'>ριτος</span> <span class='ocrx_word' id='word_1_352' title='bbox 452 2986 831 3058; x_wconf 71' lang='grc' dir='ltr'>κατάρχοντες</span> <span class='ocrx_word' id='word_1_353' title='bbox 866 2986 1042 3038; x_wconf 76' lang='grc' dir='ltr'>εἰσιν·</span> <span class='ocrx_word' id='word_1_354' title='bbox 1092 2977 1168 3036; x_wconf 81' lang='grc' dir='ltr'><strong>ὧν</strong></span> <span class='ocrx_word' id='word_1_355' title='bbox 1191 2982 1332 3034; x_wconf 77' lang='grc' dir='ltr'>οὕτω</span> <span class='ocrx_word' id='word_1_356' title='bbox 1363 2981 1657 3051; x_wconf 75' lang='grc' dir='ltr'>βελτίστων</span> <span class='ocrx_word' id='word_1_357' title='bbox 1707 2982 1834 3051; x_wconf 70' lang='grc' dir='ltr'>περὶ</span> 
     </span>
    </p>
   </div>
   <div class='ocr_carea' id='block_1_49' title="bbox 284 3071 1904 3169">
    <p class='ocr_par' dir='ltr' id='par_1_49' title="bbox 284 3071 1904 3169">
     <span class='ocr_line' id='line_1_49' title="bbox 284 3071 1904 3169; baseline -0.004 -41"><span class='ocrx_word' id='word_1_358' title='bbox 284 3077 365 3144; x_wconf 72' lang='grc' dir='ltr'><strong>ἐμὲ</strong></span> <span class='ocrx_word' id='word_1_359' title='bbox 392 3081 590 3146; x_wconf 78' lang='grc' dir='ltr'>προῖκα</span> <span class='ocrx_word' id='word_1_360' title='bbox 625 3075 1034 3145; x_wconf 80' lang='grc' dir='ltr'>γεγενημένων,</span> <span class='ocrx_word' id='word_1_361' title='bbox 1062 3073 1162 3126; x_wconf 87' lang='grc' dir='ltr'><strong>οὐκ</strong></span> <span class='ocrx_word' id='word_1_362' title='bbox 1187 3074 1254 3125; x_wconf 84' lang='grc' dir='ltr'><strong>ἂν</strong></span> <span class='ocrx_word' id='word_1_363' title='bbox 1286 3071 1485 3141; x_wconf 75' lang='grc' dir='ltr'>ἐλλίπῃ</span> <span class='ocrx_word' id='word_1_364' title='bbox 1526 3071 1834 3141; x_wconf 83' lang='grc' dir='ltr'>μοχθηρίας</span> <span class='ocrx_word' id='word_1_365' title='bbox 1861 3113 1904 3169; x_wconf 75' lang='lat' dir='ltr'><strong>c</strong></span> 
     </span>
    </p>
   </div>
   <div class='ocr_carea' id='block_1_50' title="bbox 284 3163 1835 3242">
    <p class='ocr_par' dir='ltr' id='par_1_50' title="bbox 284 3163 1835 3242">
     <span class='ocr_line' id='line_1_50' title="bbox 284 3163 1835 3242; baseline -0.003 -22"><span class='ocrx_word' id='word_1_366' title='bbox 284 3170 566 3242; x_wconf 67' lang='grc' dir='ltr'>ὑπερϐολὴν</span> <span class='ocrx_word' id='word_1_367' title='bbox 599 3170 667 3220; x_wconf 78' lang='grc' dir='ltr'>τὸ</span> <span class='ocrx_word' id='word_1_368' title='bbox 698 3169 958 3222; x_wconf 81' lang='grc' dir='ltr'>κάκιστον</span> <span class='ocrx_word' id='word_1_369' title='bbox 983 3166 1146 3220; x_wconf 75' lang='grc' dir='ltr'>αὑτὸν</span> <span class='ocrx_word' id='word_1_370' title='bbox 1193 3165 1288 3217; x_wconf 73' lang='grc' dir='ltr'><strong>καὶ</strong></span> <span class='ocrx_word' id='word_1_371' title='bbox 1310 3163 1576 3234; x_wconf 85' lang='grc' dir='ltr'>προδότην</span> <span class='ocrx_word' id='word_1_372' title='bbox 1603 3163 1835 3233; x_wconf 79' lang='grc' dir='ltr'>ὀφθῆναι</span> 
     </span>
    </p>
   </div>
   <div class='ocr_carea' id='block_1_51' title="bbox 280 3254 1840 3329">
    <p class='ocr_par' dir='ltr' id='par_1_51' title="bbox 280 3254 1840 3329">
     <span class='ocr_line' id='line_1_51' title="bbox 280 3254 1840 3329; baseline -0.002 -19"><span class='ocrx_word' id='word_1_373' title='bbox 280 3262 390 3329; x_wconf 79' lang='grc' dir='ltr'>περὶ</span> <span class='ocrx_word' id='word_1_374' title='bbox 419 3259 649 3320; x_wconf 80' lang='grc' dir='ltr'>αὐτούς.</span> <span class='ocrx_word' id='word_1_375' title='bbox 671 3259 867 3324; x_wconf 63' lang='grc' dir='ltr'>Καίτοι</span> <span class='ocrx_word' id='word_1_376' title='bbox 889 3259 1059 3324; x_wconf 75' lang='grc' dir='ltr'>γεκαὶ</span> <span class='ocrx_word' id='word_1_377' title='bbox 1086 3257 1238 3309; x_wconf 73' lang='grc' dir='ltr'>αὐτοὶ</span> <span class='ocrx_word' id='word_1_378' title='bbox 1261 3255 1414 3308; x_wconf 85' lang='grc' dir='ltr'>οὐδὲν</span> <span class='ocrx_word' id='word_1_379' title='bbox 1443 3254 1572 3310; x_wconf 78' lang='grc' dir='ltr'>ἄλλο</span> <span class='ocrx_word' id='word_1_380' title='bbox 1596 3271 1684 3324; x_wconf 88' lang='grc' dir='ltr'><strong>μοι</strong></span> <span class='ocrx_word' id='word_1_381' title='bbox 1704 3269 1840 3324; x_wconf 81' lang='grc' dir='ltr'>προ·</span> 
     </span>
    </p>
   </div>
   <div class='ocr_carea' id='block_1_52' title="bbox 277 3345 1840 3418">
    <p class='ocr_par' dir='ltr' id='par_1_52' title="bbox 277 3345 1840 3418">
     <span class='ocr_line' id='line_1_52' title="bbox 277 3345 1840 3418; baseline -0.003 -16"><span class='ocrx_word' id='word_1_382' title='bbox 277 3352 459 3414; x_wconf 75' lang='grc' dir='ltr'>σιόντες</span> <span class='ocrx_word' id='word_1_383' title='bbox 492 3351 720 3403; x_wconf 77' lang='grc' dir='ltr'>πείθειν</span> <span class='ocrx_word' id='word_1_384' title='bbox 764 3347 1156 3418; x_wconf 73' lang='grc' dir='ltr'>ἐπιχειροῦσιν,</span> <span class='ocrx_word' id='word_1_385' title='bbox 1207 3347 1240 3418; x_wconf 80' lang='grc' dir='ltr'>ἢ</span> <span class='ocrx_word' id='word_1_386' title='bbox 1272 3348 1356 3400; x_wconf 72' lang='grc' dir='ltr'>σοὶ</span> <span class='ocrx_word' id='word_1_387' title='bbox 1389 3346 1464 3417; x_wconf 83' lang='grc' dir='ltr'>τῷ</span> <span class='ocrx_word' id='word_1_388' title='bbox 1506 3345 1715 3416; x_wconf 85' lang='grc' dir='ltr'>βασιλεῖ</span> <span class='ocrx_word' id='word_1_389' title='bbox 1744 3347 1840 3398; x_wconf 73' lang='grc' dir='ltr'>καὶ</span> 
     </span>
    </p>
   </div>
   <div class='ocr_carea' id='block_1_53' title="bbox 277 3437 1844 3512">
    <p class='ocr_par' dir='ltr' id='par_1_53' title="bbox 277 3437 1844 3512">
     <span class='ocr_line' id='line_1_53' title="bbox 277 3437 1844 3512; baseline -0.002 -20"><span class='ocrx_word' id='word_1_390' title='bbox 277 3453 426 3512; x_wconf 65' lang='grc' dir='ltr'>πατρί</span> <span class='ocrx_word' id='word_1_391' title='bbox 440 3442 680 3510; x_wconf 80' lang='grc' dir='ltr'>ὑπέχειν</span> <span class='ocrx_word' id='word_1_392' title='bbox 702 3440 940 3508; x_wconf 78' lang='grc' dir='ltr'>ἐμαυτὸν</span> <span class='ocrx_word' id='word_1_393' title='bbox 962 3438 1060 3490; x_wconf 76' lang='grc' dir='ltr'>καὶ</span> <span class='ocrx_word' id='word_1_394' title='bbox 1076 3437 1438 3491; x_wconf 82' lang='grc' dir='ltr'>καταδουλοῦν</span> <span class='ocrx_word' id='word_1_395' title='bbox 1456 3437 1550 3490; x_wconf 81' lang='grc' dir='ltr'><strong>καὶ</strong></span> <span class='ocrx_word' id='word_1_396' title='bbox 1574 3439 1648 3506; x_wconf 81' lang='grc' dir='ltr'>μὴ</span> <span class='ocrx_word' id='word_1_397' title='bbox 1671 3437 1844 3506; x_wconf 87' lang='grc' dir='ltr'>παρέ-</span> 
     </span>
    </p>
   </div>
   <div class='ocr_carea' id='block_1_54' title="bbox 273 3529 1840 3604">
    <p class='ocr_par' dir='ltr' id='par_1_54' title="bbox 273 3529 1840 3604">
     <span class='ocr_line' id='line_1_54' title="bbox 273 3529 1840 3604; baseline -0.002 -19"><span class='ocrx_word' id='word_1_398' title='bbox 273 3551 375 3604; x_wconf 82' lang='grc' dir='ltr'>χειν</span> <span class='ocrx_word' id='word_1_399' title='bbox 399 3537 588 3594; x_wconf 77' lang='grc' dir='ltr'>αίτίας</span> <span class='ocrx_word' id='word_1_400' title='bbox 617 3532 747 3584; x_wconf 82' lang='grc' dir='ltr'>ὥστ’</span> <span class='ocrx_word' id='word_1_401' title='bbox 767 3530 992 3602; x_wconf 78' lang='grc' dir='ltr'>ἐμαυτῷ</span> <span class='ocrx_word' id='word_1_402' title='bbox 1012 3529 1110 3600; x_wconf 80' lang='grc' dir='ltr'>τὴν</span> <span class='ocrx_word' id='word_1_403' title='bbox 1135 3531 1232 3598; x_wconf 80' lang='grc' dir='ltr'>σὴν</span> <span class='ocrx_word' id='word_1_404' title='bbox 1254 3529 1598 3600; x_wconf 79' lang='grc' dir='ltr'>γαληνότητα</span> <span class='ocrx_word' id='word_1_405' title='bbox 1624 3531 1840 3599; x_wconf 75' lang='grc' dir='ltr'>ἐξοργί-</span> 
     </span>
    </p>
   </div>
   <div class='ocr_carea' id='block_1_55' title="bbox 274 3620 1842 3697">
    <p class='ocr_par' dir='ltr' id='par_1_55' title="bbox 274 3620 1842 3697">
     <span class='ocr_line' id='line_1_55' title="bbox 274 3620 1842 3697; baseline -0.003 -20"><span class='ocrx_word' id='word_1_406' title='bbox 274 3627 394 3688; x_wconf 75' lang='grc' dir='ltr'>ζειν.</span> <span class='ocrx_word' id='word_1_407' title='bbox 427 3626 605 3697; x_wconf 75' lang='grc' dir='ltr'>Ἐμοῦ</span> <span class='ocrx_word' id='word_1_408' title='bbox 623 3624 670 3678; x_wconf 83' lang='grc' dir='ltr'>δ’</span> <span class='ocrx_word' id='word_1_409' title='bbox 697 3623 1110 3692; x_wconf 76' lang='grc' dir='ltr'>ἰσχυριζομένου</span> <span class='ocrx_word' id='word_1_410' title='bbox 1129 3620 1382 3673; x_wconf 76' lang='grc' dir='ltr'>τοιοῦτον</span> <span class='ocrx_word' id='word_1_411' title='bbox 1420 3620 1644 3690; x_wconf 83' lang='grc' dir='ltr'>ἐμαυτῷ</span> <span class='ocrx_word' id='word_1_412' title='bbox 1667 3637 1842 3672; x_wconf 76' lang='grc' dir='ltr'>συνει-</span> 
     </span>
    </p>
   </div>
   <div class='ocr_carea' id='block_1_56' title="bbox 270 3713 1842 3789">
    <p class='ocr_par' dir='ltr' id='par_1_56' title="bbox 270 3713 1842 3789">
     <span class='ocr_line' id='line_1_56' title="bbox 270 3713 1842 3789; baseline -0.006 -18"><span class='ocrx_word' id='word_1_413' title='bbox 270 3719 409 3772; x_wconf 74' lang='grc' dir='ltr'>δέναι</span> <span class='ocrx_word' id='word_1_414' title='bbox 435 3719 639 3789; x_wconf 75' lang='grc' dir='ltr'>μηδὲν,</span> <span class='ocrx_word' id='word_1_415' title='bbox 669 3720 763 3769; x_wconf 65' lang='grc' dir='ltr'>καὶ</span> <span class='ocrx_word' id='word_1_416' title='bbox 791 3715 1020 3776; x_wconf 84' lang='grc' dir='ltr'>πολλοὺς</span> <span class='ocrx_word' id='word_1_417' title='bbox 1046 3715 1125 3776; x_wconf 90' lang='grc' dir='ltr'><strong>είς</strong></span> <span class='ocrx_word' id='word_1_418' title='bbox 1155 3714 1451 3780; x_wconf 82' lang='grc' dir='ltr'>ἀπολογίαν</span> <span class='ocrx_word' id='word_1_419' title='bbox 1501 3713 1842 3780; x_wconf 82' lang='grc' dir='ltr'>συνείροντος</span> 
     </span>
    </p>
   </div>
   <div class='ocr_carea' id='block_1_57' title="bbox 274 3802 1839 3877">
    <p class='ocr_par' dir='ltr' id='par_1_57' title="bbox 274 3802 1839 3877">
     <span class='ocr_line' id='line_1_57' title="bbox 274 3802 1839 3877; baseline -0.003 -18"><span class='ocrx_word' id='word_1_420' title='bbox 274 3809 472 3877; x_wconf 79' lang='grc' dir='ltr'>λόγους,</span> <span class='ocrx_word' id='word_1_421' title='bbox 501 3807 674 3861; x_wconf 73' lang='grc' dir='ltr'>οὐδὲν</span> <span class='ocrx_word' id='word_1_422' title='bbox 704 3807 886 3868; x_wconf 80' lang='grc' dir='ltr'>αὐτοῖς</span> <span class='ocrx_word' id='word_1_423' title='bbox 918 3807 995 3866; x_wconf 84' lang='grc' dir='ltr'><strong>είς</strong></span> <span class='ocrx_word' id='word_1_424' title='bbox 1025 3803 1197 3856; x_wconf 87' lang='grc' dir='ltr'>πειθὼ</span> <span class='ocrx_word' id='word_1_425' title='bbox 1220 3803 1498 3873; x_wconf 75' lang='grc' dir='ltr'>νομίζεται</span> <span class='ocrx_word' id='word_1_426' title='bbox 1521 3802 1839 3870; x_wconf 76' lang='grc' dir='ltr'>ἀξιόχρεων,</span> 
     </span>
    </p>
   </div>
   <div class='ocr_carea' id='block_1_58' title="bbox 275 3894 1846 3969">
    <p class='ocr_par' dir='ltr' id='par_1_58' title="bbox 275 3894 1846 3969">
     <span class='ocr_line' id='line_1_58' title="bbox 275 3894 1846 3969; baseline -0.004 -16"><span class='ocrx_word' id='word_1_427' title='bbox 275 3903 401 3969; x_wconf 77' lang='grc' dir='ltr'>ὅπερ</span> <span class='ocrx_word' id='word_1_428' title='bbox 428 3904 592 3954; x_wconf 76' lang='grc' dir='ltr'>ἐστὶν</span> <span class='ocrx_word' id='word_1_429' title='bbox 616 3899 760 3961; x_wconf 77' lang='grc' dir='ltr'>εἰκὸς</span> <span class='ocrx_word' id='word_1_430' title='bbox 794 3897 1188 3967; x_wconf 78' lang='grc' dir='ltr'>λογιζομένοις,</span> <span class='ocrx_word' id='word_1_431' title='bbox 1249 3896 1324 3959; x_wconf 85' lang='grc' dir='ltr'>ὡς</span> <span class='ocrx_word' id='word_1_432' title='bbox 1353 3896 1454 3948; x_wconf 87' lang='grc' dir='ltr'><strong>οὐκ</strong></span> <span class='ocrx_word' id='word_1_433' title='bbox 1499 3894 1564 3947; x_wconf 85' lang='grc' dir='ltr'><strong>ἂν</strong></span> <span class='ocrx_word' id='word_1_434' title='bbox 1598 3894 1769 3956; x_wconf 76' lang='grc' dir='ltr'>οὕτως</span> <span class='ocrx_word' id='word_1_435' title='bbox 1808 3895 1846 3965; x_wconf 64' lang='grc' dir='ltr'><strong>ἡ</strong></span> 
     </span>
    </p>
   </div>
   <div class='ocr_carea' id='block_1_59' title="bbox 277 3985 1844 4062">
    <p class='ocr_par' dir='ltr' id='par_1_59' title="bbox 277 3985 1844 4062">
     <span class='ocr_line' id='line_1_59' title="bbox 277 3985 1844 4062; baseline -0.004 -18"><span class='ocrx_word' id='word_1_436' title='bbox 277 3995 423 4058; x_wconf 70' lang='grc' dir='ltr'>φύσις</span> <span class='ocrx_word' id='word_1_437' title='bbox 450 3993 606 4062; x_wconf 70' lang='grc' dir='ltr'>πρὸς</span> <span class='ocrx_word' id='word_1_438' title='bbox 659 3990 860 4059; x_wconf 73' lang='grc' dir='ltr'>ἑαυτὴν</span> <span class='ocrx_word' id='word_1_439' title='bbox 906 3986 1321 4058; x_wconf 82' lang='grc' dir='ltr'>ὲκπολεμωθείη</span> <span class='ocrx_word' id='word_1_440' title='bbox 1385 3986 1461 4056; x_wconf 83' lang='grc' dir='ltr'>μὴ</span> <span class='ocrx_word' id='word_1_441' title='bbox 1494 3986 1602 4038; x_wconf 88' lang='grc' dir='ltr'><strong>τῶν</strong></span> <span class='ocrx_word' id='word_1_442' title='bbox 1652 3985 1844 4037; x_wconf 88' lang='grc' dir='ltr'>αἰτίων</span> 
     </span>
    </p>
   </div>
   <div class='ocr_carea' id='block_1_60' title="bbox 272 4076 1845 4150">
    <p class='ocr_par' dir='ltr' id='par_1_60' title="bbox 272 4076 1845 4150">
     <span class='ocr_line' id='line_1_60' title="bbox 272 4076 1845 4150; baseline -0.004 -15"><span class='ocrx_word' id='word_1_443' title='bbox 272 4082 423 4135; x_wconf 70' lang='grc' dir='ltr'>ὄντων</span> <span class='ocrx_word' id='word_1_444' title='bbox 476 4078 792 4150; x_wconf 80' lang='grc' dir='ltr'>ὑπερφυῶν</span> <span class='ocrx_word' id='word_1_445' title='bbox 819 4097 832 4108; x_wconf 90' lang='grc'><strong>·</strong></span> <span class='ocrx_word' id='word_1_446' title='bbox 861 4079 980 4131; x_wconf 79' lang='grc' dir='ltr'>οὐδὲ</span> <span class='ocrx_word' id='word_1_447' title='bbox 1045 4079 1155 4147; x_wconf 76' lang='grc' dir='ltr'>γὰρ</span> <span class='ocrx_word' id='word_1_448' title='bbox 1194 4078 1314 4130; x_wconf 77' lang='grc' dir='ltr'>οὐδὲ</span> <span class='ocrx_word' id='word_1_449' title='bbox 1378 4077 1487 4130; x_wconf 88' lang='grc' dir='ltr'><strong>τῶν</strong></span> <span class='ocrx_word' id='word_1_450' title='bbox 1517 4076 1722 4146; x_wconf 86' lang='grc' dir='ltr'>θηρίων</span> <span class='ocrx_word' id='word_1_451' title='bbox 1776 4076 1845 4128; x_wconf 81' lang='grc' dir='ltr'>τὰ</span> 
     </span>
    </p>
   </div>
   <div class='ocr_carea' id='block_1_61' title="bbox 271 4167 1843 4240">
    <p class='ocr_par' dir='ltr' id='par_1_61' title="bbox 271 4167 1843 4240">
     <span class='ocr_line' id='line_1_61' title="bbox 271 4167 1843 4240; baseline -0.003 -18"><span class='ocrx_word' id='word_1_452' title='bbox 271 4170 638 4240; x_wconf 77' lang='grc' dir='ltr'>χαλεπώτατα</span> <span class='ocrx_word' id='word_1_453' title='bbox 671 4172 783 4230; x_wconf 82' lang='grc' dir='ltr'>τοῖς</span> <span class='ocrx_word' id='word_1_454' title='bbox 825 4170 1038 4232; x_wconf 83' lang='grc' dir='ltr'>τέκνοις</span> <span class='ocrx_word' id='word_1_455' title='bbox 1081 4167 1489 4220; x_wconf 71' lang='grc' dir='ltr'>ἐπεϐούλευσαν</span> <span class='ocrx_word' id='word_1_456' title='bbox 1547 4185 1680 4221; x_wconf 87' lang='grc' dir='ltr'>ποτε</span> <span class='ocrx_word' id='word_1_457' title='bbox 1730 4168 1843 4230; x_wconf 87' lang='grc' dir='ltr'><strong>τοίς</strong></span> 
     </span>
    </p>
   </div>
   <div class='ocr_carea' id='block_1_62' title="bbox 278 4255 1843 4329">
    <p class='ocr_par' dir='ltr' id='par_1_62' title="bbox 278 4255 1843 4329">
     <span class='ocr_line' id='line_1_62' title="bbox 278 4255 1843 4329; baseline -0.001 -16"><span class='ocrx_word' id='word_1_458' title='bbox 278 4263 441 4326; x_wconf 79' lang='grc' dir='ltr'>ίδίοις.</span> <span class='ocrx_word' id='word_1_459' title='bbox 473 4263 542 4315; x_wconf 79' lang='lat' dir='ltr'><strong>Ei.</strong></span> <span class='ocrx_word' id='word_1_460' title='bbox 575 4261 636 4313; x_wconf 78' lang='grc' dir='ltr'><strong>δέ</strong></span> <span class='ocrx_word' id='word_1_461' title='bbox 660 4276 803 4322; x_wconf 84' lang='grc' dir='ltr'>τινες</span> <span class='ocrx_word' id='word_1_462' title='bbox 840 4261 897 4311; x_wconf 81' lang='grc' dir='ltr'>ὲν</span> <span class='ocrx_word' id='word_1_463' title='bbox 939 4260 1123 4322; x_wconf 75' lang='grc' dir='ltr'>αὐτοῖς</span> <span class='ocrx_word' id='word_1_464' title='bbox 1157 4255 1267 4311; x_wconf 82' lang='grc' dir='ltr'>εἶεν</span> <span class='ocrx_word' id='word_1_465' title='bbox 1310 4259 1406 4311; x_wconf 75' lang='grc' dir='ltr'>καὶ</span> <span class='ocrx_word' id='word_1_466' title='bbox 1453 4260 1528 4329; x_wconf 78' lang='grc' dir='ltr'>μὴ</span> <span class='ocrx_word' id='word_1_467' title='bbox 1589 4257 1843 4327; x_wconf 80' lang='grc' dir='ltr'>τοιοῦτοι,</span> 
     </span>
    </p>
   </div>
   <div class='ocr_carea' id='block_1_63' title="bbox 280 4345 1845 4422">
    <p class='ocr_par' dir='ltr' id='par_1_63' title="bbox 280 4345 1845 4422">
     <span class='ocr_line' id='line_1_63' title="bbox 280 4345 1845 4422; baseline -0.002 -15"><span class='ocrx_word' id='word_1_468' title='bbox 280 4355 416 4408; x_wconf 76' lang='grc' dir='ltr'>οὕτω</span> <span class='ocrx_word' id='word_1_469' title='bbox 444 4355 643 4414; x_wconf 72' lang='grc' dir='ltr'>δοκεῖς</span> <span class='ocrx_word' id='word_1_470' title='bbox 689 4350 793 4420; x_wconf 78' lang='grc' dir='ltr'><strong>ἐμὲ</strong></span> <span class='ocrx_word' id='word_1_471' title='bbox 823 4351 991 4402; x_wconf 80' lang='grc' dir='ltr'>κακὸν</span> <span class='ocrx_word' id='word_1_472' title='bbox 1041 4350 1136 4402; x_wconf 74' lang='grc' dir='ltr'>καὶ</span> <span class='ocrx_word' id='word_1_473' title='bbox 1183 4351 1476 4420; x_wconf 83' lang='grc' dir='ltr'>ἀγνώμονα</span> <span class='ocrx_word' id='word_1_474' title='bbox 1528 4345 1668 4403; x_wconf 78' lang='grc' dir='ltr'>εἶναι</span> <span class='ocrx_word' id='word_1_475' title='bbox 1714 4354 1845 4422; x_wconf 74' lang='grc' dir='ltr'>περὶ</span> 
     </span>
    </p>
   </div>
   <div class='ocr_carea' id='block_1_64' title="bbox 1927 1889 3499 1962">
    <p class='ocr_par' dir='ltr' id='par_1_64' title="bbox 1927 1889 3499 1962">
     <span class='ocr_line' id='line_1_64' title="bbox 1927 1889 3499 1962; baseline 0.003 -18"><span class='ocrx_word' id='word_1_476' title='bbox 1927 1889 2154 1945; x_wconf 88' lang='lat' dir='ltr'><strong>ditionis</strong></span> <span class='ocrx_word' id='word_1_477' title='bbox 2204 1891 2270 1946; x_wconf 89' lang='lat' dir='ltr'><strong>ad</strong></span> <span class='ocrx_word' id='word_1_478' title='bbox 2320 1907 2470 1946; x_wconf 88' lang='lat' dir='ltr'><strong>meas</strong></span> <span class='ocrx_word' id='word_1_479' title='bbox 2524 1901 2704 1962; x_wconf 89' lang='lat' dir='ltr'><strong>partes</strong></span> <span class='ocrx_word' id='word_1_480' title='bbox 2751 1892 3061 1957; x_wconf 88' lang='lat' dir='ltr'><strong>allicerem,</strong></span> <span class='ocrx_word' id='word_1_481' title='bbox 3114 1893 3366 1948; x_wconf 84' lang='lat' dir='ltr'><strong>libertate</strong></span> <span class='ocrx_word' id='word_1_482' title='bbox 3399 1909 3499 1948; x_wconf 84' lang='lat' dir='ltr'><strong>au-</strong></span> 
     </span>
    </p>
   </div>
   <div class='ocr_carea' id='block_1_65' title="bbox 1931 1981 3498 2054">
    <p class='ocr_par' dir='ltr' id='par_1_65' title="bbox 1931 1981 3498 2054">
     <span class='ocr_line' id='line_1_65' title="bbox 1931 1981 3498 2054; baseline 0.003 -20"><span class='ocrx_word' id='word_1_483' title='bbox 1931 1989 2037 2036; x_wconf 89' lang='lat' dir='ltr'><strong>tem</strong></span> <span class='ocrx_word' id='word_1_484' title='bbox 2071 1981 2214 2051; x_wconf 89' lang='lat' dir='ltr'><strong>apud</strong></span> <span class='ocrx_word' id='word_1_485' title='bbox 2253 1990 2304 2036; x_wconf 87' lang='lat' dir='ltr'><strong>te</strong></span> <span class='ocrx_word' id='word_1_486' title='bbox 2338 1983 2488 2036; x_wconf 87' lang='lat' dir='ltr'><strong>nulla</strong></span> <span class='ocrx_word' id='word_1_487' title='bbox 2532 1985 2610 2038; x_wconf 89' lang='lat' dir='ltr'><strong>uti</strong></span> <span class='ocrx_word' id='word_1_488' title='bbox 2643 1983 2824 2049; x_wconf 87' lang='lat' dir='ltr'><strong>liceat,</strong></span> <span class='ocrx_word' id='word_1_489' title='bbox 2861 1999 2972 2054; x_wconf 89' lang='lat' dir='ltr'><strong>quo</strong></span> <span class='ocrx_word' id='word_1_490' title='bbox 3001 2000 3105 2054; x_wconf 90' lang='lat' dir='ltr'><strong>ope</strong></span> <span class='ocrx_word' id='word_1_491' title='bbox 3133 1985 3312 2040; x_wconf 86' lang='lat' dir='ltr'><strong>aliena</strong></span> <span class='ocrx_word' id='word_1_492' title='bbox 3357 1984 3498 2040; x_wconf 85' lang='lat' dir='ltr'><strong>indi-</strong></span> 
     </span>
    </p>
   </div>
   <div class='ocr_carea' id='block_1_66' title="bbox 1929 2073 3498 2144">
    <p class='ocr_par' dir='ltr' id='par_1_66' title="bbox 1929 2073 3498 2144">
     <span class='ocr_line' id='line_1_66' title="bbox 1929 2073 3498 2144; baseline 0.003 -21"><span class='ocrx_word' id='word_1_493' title='bbox 1929 2073 2186 2142; x_wconf 72' lang='lat' dir='ltr'><strong>gentibus</strong></span> <span class='ocrx_word' id='word_1_494' title='bbox 2216 2073 2605 2138; x_wconf 77' lang='lat' dir='ltr'><strong>‘henefaciens,</strong></span> <span class='ocrx_word' id='word_1_495' title='bbox 2657 2075 2864 2129; x_wconf 88' lang='lat' dir='ltr'><strong>amicos</strong></span> <span class='ocrx_word' id='word_1_496' title='bbox 2898 2091 3235 2144; x_wconf 88' lang='lat' dir='ltr'><strong>comparem,</strong></span> <span class='ocrx_word' id='word_1_497' title='bbox 3285 2077 3498 2130; x_wconf 87' lang='lat' dir='ltr'><strong>discere</strong></span> 
     </span>
    </p>
   </div>
   <div class='ocr_carea' id='block_1_67' title="bbox 1933 2163 3496 2234">
    <p class='ocr_par' dir='ltr' id='par_1_67' title="bbox 1933 2163 3496 2234">
     <span class='ocr_line' id='line_1_67' title="bbox 1933 2163 3496 2234; baseline 0.003 -18"><span class='ocrx_word' id='word_1_498' title='bbox 1933 2163 2078 2229; x_wconf 91' lang='lat' dir='ltr'><strong>hinc,</strong></span> <span class='ocrx_word' id='word_1_499' title='bbox 2107 2165 2287 2233; x_wconf 82' lang='lat' dir='ltr'><strong>quivis</strong></span> <span class='ocrx_word' id='word_1_500' title='bbox 2314 2174 2509 2232; x_wconf 75' lang='lat' dir='ltr'><strong>potest,</strong></span> <span class='ocrx_word' id='word_1_501' title='bbox 2540 2166 2582 2218; x_wconf 93' lang='lat' dir='ltr'><strong>si</strong></span> <span class='ocrx_word' id='word_1_502' title='bbox 2611 2167 2746 2228; x_wconf 88' lang='lat' dir='ltr'><strong>vult,</strong></span> <span class='ocrx_word' id='word_1_503' title='bbox 2779 2166 2968 2234; x_wconf 88' lang='lat' dir='ltr'><strong>quales</strong></span> <span class='ocrx_word' id='word_1_504' title='bbox 2993 2182 3051 2221; x_wconf 84' lang='lat' dir='ltr'><strong>se</strong></span> <span class='ocrx_word' id='word_1_505' title='bbox 3081 2167 3146 2219; x_wconf 89' lang='lat' dir='ltr'><strong>ad</strong></span> <span class='ocrx_word' id='word_1_506' title='bbox 3179 2168 3496 2222; x_wconf 86' lang='lat' dir='ltr'><strong>societatem</strong></span> 
     </span>
    </p>
   </div>
   <div class='ocr_carea' id='block_1_68' title="bbox 1932 2257 3496 2328">
    <p class='ocr_par' dir='ltr' id='par_1_68' title="bbox 1932 2257 3496 2328">
     <span class='ocr_line' id='line_1_68' title="bbox 1932 2257 3496 2328; baseline 0.001 -16"><span class='ocrx_word' id='word_1_507' title='bbox 1932 2273 2106 2312; x_wconf 86' lang='lat' dir='ltr'><strong>meam</strong></span> <span class='ocrx_word' id='word_1_508' title='bbox 2126 2259 2554 2328; x_wconf 74' lang='lat' dir='ltr'><strong>aggregaverint.</strong></span> <span class='ocrx_word' id='word_1_509' title='bbox 2582 2257 2738 2324; x_wconf 84' lang='lat' dir='ltr'><strong>Quod</strong></span> <span class='ocrx_word' id='word_1_510' title='bbox 2762 2258 2806 2313; x_wconf 88' lang='lat' dir='ltr'><strong>si</strong></span> <span class='ocrx_word' id='word_1_511' title='bbox 2833 2259 2974 2314; x_wconf 81' lang='lat' dir='ltr'><strong>forte</strong></span> <span class='ocrx_word' id='word_1_512' title='bbox 2999 2260 3250 2314; x_wconf 90' lang='lat' dir='ltr'><strong>nonnulli</strong></span> <span class='ocrx_word' id='word_1_513' title='bbox 3277 2276 3362 2314; x_wconf 91' lang='lat' dir='ltr'><strong>me</strong></span> <span class='ocrx_word' id='word_1_514' title='bbox 3387 2276 3496 2314; x_wconf 92' lang='lat' dir='ltr'><strong>non</strong></span> 
     </span>
    </p>
   </div>
   <div class='ocr_carea' id='block_1_69' title="bbox 1925 2347 3498 2420">
    <p class='ocr_par' dir='ltr' id='par_1_69' title="bbox 1925 2347 3498 2420">
     <span class='ocr_line' id='line_1_69' title="bbox 1925 2347 3498 2420; baseline 0.001 -18"><span class='ocrx_word' id='word_1_515' title='bbox 1925 2348 2187 2412; x_wconf 87' lang='lat' dir='ltr'><strong>oderunt,</strong></span> <span class='ocrx_word' id='word_1_516' title='bbox 2218 2356 2273 2401; x_wconf 88' lang='lat' dir='ltr'><strong>at</strong></span> <span class='ocrx_word' id='word_1_517' title='bbox 2315 2349 2370 2401; x_wconf 88' lang='lat' dir='ltr'><strong>in</strong></span> <span class='ocrx_word' id='word_1_518' title='bbox 2395 2362 2461 2402; x_wconf 92' lang='lat' dir='ltr'><strong>eo</strong></span> <span class='ocrx_word' id='word_1_519' title='bbox 2495 2363 2606 2402; x_wconf 87' lang='lat' dir='ltr'><strong>non</strong></span> <span class='ocrx_word' id='word_1_520' title='bbox 2644 2347 2724 2402; x_wconf 88' lang='lat' dir='ltr'><strong>illi</strong></span> <span class='ocrx_word' id='word_1_521' title='bbox 2759 2347 3005 2402; x_wconf 90' lang='lat' dir='ltr'><strong>debitum</strong></span> <span class='ocrx_word' id='word_1_522' title='bbox 3036 2364 3135 2416; x_wconf 89' lang='lat' dir='ltr'><strong>pro</strong></span> <span class='ocrx_word' id='word_1_523' title='bbox 3161 2349 3332 2419; x_wconf 78' lang='lat' dir='ltr'><strong>gratia</strong></span> <span class='ocrx_word' id='word_1_524' title='bbox 3359 2366 3498 2420; x_wconf 81' lang='lat' dir='ltr'><strong>prac-</strong></span> 
     </span>
    </p>
   </div>
   <div class='ocr_carea' id='block_1_70' title="bbox 1933 2437 3497 2509">
    <p class='ocr_par' dir='ltr' id='par_1_70' title="bbox 1933 2437 3497 2509">
     <span class='ocr_line' id='line_1_70' title="bbox 1933 2437 3497 2509; baseline 0.004 -18"><span class='ocrx_word' id='word_1_525' title='bbox 1933 2447 2101 2502; x_wconf 87' lang='lat' dir='ltr'><strong>stant,</strong></span> <span class='ocrx_word' id='word_1_526' title='bbox 2138 2437 2235 2493; x_wconf 89' lang='lat' dir='ltr'><strong>sed</strong></span> <span class='ocrx_word' id='word_1_527' title='bbox 2275 2439 2448 2509; x_wconf 80' lang='lat' dir='ltr'><strong>gratia</strong></span> <span class='ocrx_word' id='word_1_528' title='bbox 2493 2453 2579 2494; x_wconf 90' lang='lat' dir='ltr'><strong>me</strong></span> <span class='ocrx_word' id='word_1_529' title='bbox 2623 2449 2974 2494; x_wconf 86' lang='lat' dir='ltr'><strong>antevertunt</strong></span> <span class='ocrx_word' id='word_1_530' title='bbox 3005 2456 3020 2496; x_wconf 86' lang='lat'>;</span> <span class='ocrx_word' id='word_1_531' title='bbox 3050 2441 3144 2507; x_wconf 87' lang='lat' dir='ltr'><strong>qui</strong></span> <span class='ocrx_word' id='word_1_532' title='bbox 3175 2456 3300 2496; x_wconf 89' lang='lat' dir='ltr'><strong>cum</strong></span> <span class='ocrx_word' id='word_1_533' title='bbox 3348 2442 3497 2497; x_wconf 92' lang='lat' dir='ltr'><strong>nulla</strong></span> 
     </span>
    </p>
   </div>
   <div class='ocr_carea' id='block_1_71' title="bbox 1933 2529 3496 2600">
    <p class='ocr_par' dir='ltr' id='par_1_71' title="bbox 1933 2529 3496 2600">
     <span class='ocr_line' id='line_1_71' title="bbox 1933 2529 3496 2600; baseline 0.003 -17"><span class='ocrx_word' id='word_1_534' title='bbox 1933 2539 2240 2597; x_wconf 83' lang='lat' dir='ltr'><strong>exspectata</strong></span> <span class='ocrx_word' id='word_1_535' title='bbox 2294 2529 2544 2583; x_wconf 83' lang='lat' dir='ltr'><strong>mercede</strong></span> <span class='ocrx_word' id='word_1_536' title='bbox 2582 2529 2688 2584; x_wconf 89' lang='lat' dir='ltr'><strong>mei</strong></span> <span class='ocrx_word' id='word_1_537' title='bbox 2719 2530 2830 2586; x_wconf 87' lang='lat' dir='ltr'><strong>sint</strong></span> <span class='ocrx_word' id='word_1_538' title='bbox 2869 2545 3033 2600; x_wconf 89' lang='lat' dir='ltr'><strong>quam</strong></span> <span class='ocrx_word' id='word_1_539' title='bbox 3076 2531 3496 2596; x_wconf 83' lang='lat' dir='ltr'><strong>studiosissimi,</strong></span> 
     </span>
    </p>
   </div>
   <div class='ocr_carea' id='block_1_72' title="bbox 1934 2617 3500 2692">
    <p class='ocr_par' dir='ltr' id='par_1_72' title="bbox 1934 2617 3500 2692">
     <span class='ocr_line' id='line_1_72' title="bbox 1934 2617 3500 2692; baseline 0.004 -20"><span class='ocrx_word' id='word_1_540' title='bbox 1934 2619 2069 2672; x_wconf 89' lang='lat' dir='ltr'><strong>nihil</strong></span> <span class='ocrx_word' id='word_1_541' title='bbox 2102 2628 2287 2688; x_wconf 89' lang='lat' dir='ltr'><strong>posset</strong></span> <span class='ocrx_word' id='word_1_542' title='bbox 2319 2617 2436 2672; x_wconf 84' lang='lat' dir='ltr'><strong>ﬁeri</strong></span> <span class='ocrx_word' id='word_1_543' title='bbox 2472 2620 2778 2686; x_wconf 87' lang='lat' dir='ltr'><strong>scelestius,</strong></span> <span class='ocrx_word' id='word_1_544' title='bbox 2813 2623 2859 2676; x_wconf 89' lang='lat' dir='ltr'><strong>si</strong></span> <span class='ocrx_word' id='word_1_545' title='bbox 2904 2637 3004 2692; x_wconf 79' lang='lat' dir='ltr'><strong>ego</strong></span> <span class='ocrx_word' id='word_1_546' title='bbox 3051 2623 3107 2677; x_wconf 93' lang='lat' dir='ltr'><strong>in</strong></span> <span class='ocrx_word' id='word_1_547' title='bbox 3155 2623 3278 2678; x_wconf 90' lang='lat' dir='ltr'><strong>illos</strong></span> <span class='ocrx_word' id='word_1_548' title='bbox 3310 2637 3500 2680; x_wconf 82' lang='lat' dir='ltr'><strong>contra</strong></span> 
     </span>
    </p>
   </div>
   <div class='ocr_carea' id='block_1_73' title="bbox 1935 2706 3503 2784">
    <p class='ocr_par' dir='ltr' id='par_1_73' title="bbox 1935 2706 3503 2784">
     <span class='ocr_line' id='line_1_73' title="bbox 1935 2706 3503 2784; baseline 0.006 -26"><span class='ocrx_word' id='word_1_549' title='bbox 1935 2706 2337 2775; x_wconf 78' lang='lat' dir='ltr'><strong>ingratissimus</strong></span> <span class='ocrx_word' id='word_1_550' title='bbox 2389 2725 2452 2762; x_wconf 89' lang='lat' dir='ltr'><strong>ac</strong></span> <span class='ocrx_word' id='word_1_551' title='bbox 2493 2710 2742 2777; x_wconf 87' lang='lat' dir='ltr'><strong>proditor</strong></span> <span class='ocrx_word' id='word_1_552' title='bbox 2789 2712 3130 2767; x_wconf 74' lang='lat' dir='ltr'><strong>exsisterent.</strong></span> <span class='ocrx_word' id='word_1_553' title='bbox 3181 2713 3503 2784; x_wconf 86' lang='lat' dir='ltr'><strong>Quanquam</strong></span> 
     </span>
    </p>
   </div>
   <div class='ocr_carea' id='block_1_74' title="bbox 1934 2798 3503 2872">
    <p class='ocr_par' dir='ltr' id='par_1_74' title="bbox 1934 2798 3503 2872">
     <span class='ocr_line' id='line_1_74' title="bbox 1934 2798 3503 2872; baseline 0.004 -20"><span class='ocrx_word' id='word_1_554' title='bbox 1934 2808 1988 2852; x_wconf 89' lang='lat' dir='ltr'><strong>et</strong></span> <span class='ocrx_word' id='word_1_555' title='bbox 2023 2798 2124 2866; x_wconf 89' lang='lat' dir='ltr'><strong>ipsi</strong></span> <span class='ocrx_word' id='word_1_556' title='bbox 2176 2814 2262 2852; x_wconf 88' lang='lat' dir='ltr'><strong>me</strong></span> <span class='ocrx_word' id='word_1_557' title='bbox 2309 2799 2594 2866; x_wconf 87' lang='lat' dir='ltr'><strong>adeuntes,</strong></span> <span class='ocrx_word' id='word_1_558' title='bbox 2645 2816 2753 2855; x_wconf 90' lang='lat' dir='ltr'><strong>non</strong></span> <span class='ocrx_word' id='word_1_559' title='bbox 2799 2801 2947 2856; x_wconf 89' lang='lat' dir='ltr'><strong>aliud</strong></span> <span class='ocrx_word' id='word_1_560' title='bbox 2997 2803 3131 2857; x_wconf 90' lang='lat' dir='ltr'><strong>mihi</strong></span> <span class='ocrx_word' id='word_1_561' title='bbox 3173 2806 3503 2872; x_wconf 87' lang='lat' dir='ltr'><strong>persuadere</strong></span> 
     </span>
    </p>
   </div>
   <div class='ocr_carea' id='block_1_75' title="bbox 1935 2890 3504 2965">
    <p class='ocr_par' dir='ltr' id='par_1_75' title="bbox 1935 2890 3504 2965">
     <span class='ocr_line' id='line_1_75' title="bbox 1935 2890 3504 2965; baseline 0.006 -23"><span class='ocrx_word' id='word_1_562' title='bbox 1935 2890 2212 2955; x_wconf 89' lang='lat' dir='ltr'><strong>nituntur,</strong></span> <span class='ocrx_word' id='word_1_563' title='bbox 2246 2905 2408 2960; x_wconf 86' lang='lat' dir='ltr'><strong>quam</strong></span> <span class='ocrx_word' id='word_1_564' title='bbox 2441 2900 2499 2946; x_wconf 91' lang='lat' dir='ltr'><strong>ut</strong></span> <span class='ocrx_word' id='word_1_565' title='bbox 2529 2892 2626 2946; x_wconf 91' lang='lat' dir='ltr'><strong>tibi</strong></span> <span class='ocrx_word' id='word_1_566' title='bbox 2673 2893 3011 2963; x_wconf 89' lang='lat' dir='ltr'><strong>imperatori,</strong></span> <span class='ocrx_word' id='word_1_567' title='bbox 3045 2910 3109 2949; x_wconf 91' lang='lat' dir='ltr'><strong>ac</strong></span> <span class='ocrx_word' id='word_1_568' title='bbox 3139 2896 3352 2965; x_wconf 88' lang='lat' dir='ltr'><strong>parenti</strong></span> <span class='ocrx_word' id='word_1_569' title='bbox 3382 2911 3504 2951; x_wconf 83' lang='lat' dir='ltr'><strong>meo</strong></span> 
     </span>
    </p>
   </div>
   <div class='ocr_carea' id='block_1_76' title="bbox 1935 2980 3502 3054">
    <p class='ocr_par' dir='ltr' id='par_1_76' title="bbox 1935 2980 3502 3054">
     <span class='ocr_line' id='line_1_76' title="bbox 1935 2980 3502 3054; baseline 0.005 -21"><span class='ocrx_word' id='word_1_570' title='bbox 1935 2980 2083 3036; x_wconf 89' lang='lat' dir='ltr'><strong>dicto</strong></span> <span class='ocrx_word' id='word_1_571' title='bbox 2114 2981 2216 3036; x_wconf 88' lang='lat' dir='ltr'><strong>sim</strong></span> <span class='ocrx_word' id='word_1_572' title='bbox 2249 2984 2496 3048; x_wconf 88' lang='lat' dir='ltr'><strong>audiens,</strong></span> <span class='ocrx_word' id='word_1_573' title='bbox 2531 2984 2739 3054; x_wconf 85' lang='lat' dir='ltr'><strong>tibique</strong></span> <span class='ocrx_word' id='word_1_574' title='bbox 2779 2985 3038 3048; x_wconf 87' lang='lat' dir='ltr'><strong>serviam,</strong></span> <span class='ocrx_word' id='word_1_575' title='bbox 3070 2988 3387 3042; x_wconf 88' lang='lat' dir='ltr'><strong>occasiones</strong></span> <span class='ocrx_word' id='word_1_576' title='bbox 3417 2987 3502 3041; x_wconf 83' lang='lat' dir='ltr'><strong>fu-</strong></span> 
     </span>
    </p>
   </div>
   <div class='ocr_carea' id='block_1_77' title="bbox 1936 3070 3504 3142">
    <p class='ocr_par' dir='ltr' id='par_1_77' title="bbox 1936 3070 3504 3142">
     <span class='ocr_line' id='line_1_77' title="bbox 1936 3070 3504 3142; baseline 0.004 -18"><span class='ocrx_word' id='word_1_577' title='bbox 1936 3070 2102 3140; x_wconf 75' lang='lat' dir='ltr'><strong>giam,</strong></span> <span class='ocrx_word' id='word_1_578' title='bbox 2135 3073 2336 3142; x_wconf 86' lang='lat' dir='ltr'><strong>quibus</strong></span> <span class='ocrx_word' id='word_1_579' title='bbox 2365 3074 2632 3129; x_wconf 87' lang='lat' dir='ltr'><strong>serenitas</strong></span> <span class='ocrx_word' id='word_1_580' title='bbox 2679 3083 2768 3128; x_wconf 91' lang='lat' dir='ltr'><strong>tua</strong></span> <span class='ocrx_word' id='word_1_581' title='bbox 2826 3074 3117 3130; x_wconf 88' lang='lat' dir='ltr'><strong>adversum</strong></span> <span class='ocrx_word' id='word_1_582' title='bbox 3166 3092 3252 3132; x_wconf 90' lang='lat' dir='ltr'><strong>me</strong></span> <span class='ocrx_word' id='word_1_583' title='bbox 3299 3076 3504 3131; x_wconf 80' lang='lat' dir='ltr'><strong>turbari</strong></span> 
     </span>
    </p>
   </div>
   <div class='ocr_carea' id='block_1_78' title="bbox 1938 3162 3504 3233">
    <p class='ocr_par' dir='ltr' id='par_1_78' title="bbox 1938 3162 3504 3233">
     <span class='ocr_line' id='line_1_78' title="bbox 1938 3162 3504 3233; baseline 0.005 -19"><span class='ocrx_word' id='word_1_584' title='bbox 1938 3170 1996 3215; x_wconf 90' lang='lat' dir='ltr'><strong>et</strong></span> <span class='ocrx_word' id='word_1_585' title='bbox 2043 3162 2245 3216; x_wconf 87' lang='lat' dir='ltr'><strong>irritari</strong></span> <span class='ocrx_word' id='word_1_586' title='bbox 2278 3173 2458 3233; x_wconf 91' lang='lat' dir='ltr'><strong>queat.</strong></span> <span class='ocrx_word' id='word_1_587' title='bbox 2494 3165 2629 3218; x_wconf 88' lang='lat' dir='ltr'><strong>Dum</strong></span> <span class='ocrx_word' id='word_1_588' title='bbox 2680 3175 2862 3220; x_wconf 89' lang='lat' dir='ltr'><strong>autem</strong></span> <span class='ocrx_word' id='word_1_589' title='bbox 2911 3176 3227 3221; x_wconf 86' lang='lat' dir='ltr'><strong>constanter</strong></span> <span class='ocrx_word' id='word_1_590' title='bbox 3274 3168 3504 3228; x_wconf 83' lang='lat' dir='ltr'><strong>aiiirmo.</strong></span> 
     </span>
    </p>
   </div>
   <div class='ocr_carea' id='block_1_79' title="bbox 1939 3255 3510 3328">
    <p class='ocr_par' dir='ltr' id='par_1_79' title="bbox 1939 3255 3510 3328">
     <span class='ocr_line' id='line_1_79' title="bbox 1939 3255 3510 3328; baseline 0.004 -19"><span class='ocrx_word' id='word_1_591' title='bbox 1939 3255 2078 3309; x_wconf 88' lang='lat' dir='ltr'><strong>nihil</strong></span> <span class='ocrx_word' id='word_1_592' title='bbox 2113 3256 2425 3327; x_wconf 89' lang='lat' dir='ltr'><strong>hujusmodi</strong></span> <span class='ocrx_word' id='word_1_593' title='bbox 2473 3255 2720 3310; x_wconf 86' lang='lat' dir='ltr'><strong>conscire</strong></span> <span class='ocrx_word' id='word_1_594' title='bbox 2771 3257 2934 3321; x_wconf 91' lang='lat' dir='ltr'><strong>mihi,</strong></span> <span class='ocrx_word' id='word_1_595' title='bbox 2973 3258 3248 3328; x_wconf 89' lang='lat' dir='ltr'><strong>verbaque</strong></span> <span class='ocrx_word' id='word_1_596' title='bbox 3298 3259 3361 3314; x_wconf 89' lang='lat' dir='ltr'><strong>ad</strong></span> <span class='ocrx_word' id='word_1_597' title='bbox 3411 3260 3510 3316; x_wconf 80' lang='lat' dir='ltr'><strong>de-</strong></span> 
     </span>
    </p>
   </div>
   <div class='ocr_carea' id='block_1_80' title="bbox 1939 3348 3506 3420">
    <p class='ocr_par' dir='ltr' id='par_1_80' title="bbox 1939 3348 3506 3420">
     <span class='ocr_line' id='line_1_80' title="bbox 1939 3348 3506 3420; baseline 0.001 -17"><span class='ocrx_word' id='word_1_598' title='bbox 1939 3348 2243 3405; x_wconf 78' lang='lat' dir='ltr'><strong>fensionem</strong></span> <span class='ocrx_word' id='word_1_599' title='bbox 2280 3365 2495 3414; x_wconf 84' lang='lat' dir='ltr'><strong>aeervo,</strong></span> <span class='ocrx_word' id='word_1_600' title='bbox 2532 3349 2677 3403; x_wconf 89' lang='lat' dir='ltr'><strong>haud</strong></span> <span class='ocrx_word' id='word_1_601' title='bbox 2732 3349 2837 3404; x_wconf 90' lang='lat' dir='ltr'><strong>illis</strong></span> <span class='ocrx_word' id='word_1_602' title='bbox 2882 3350 3180 3420; x_wconf 87' lang='lat' dir='ltr'><strong>quidquam</strong></span> <span class='ocrx_word' id='word_1_603' title='bbox 3228 3353 3294 3404; x_wconf 79' lang='lat' dir='ltr'><strong>ad</strong></span> <span class='ocrx_word' id='word_1_604' title='bbox 3347 3352 3506 3406; x_wconf 76' lang='lat' dir='ltr'><strong>ﬁdem</strong></span> 
     </span>
    </p>
   </div>
   <div class='ocr_carea' id='block_1_81' title="bbox 1942 3440 3514 3512">
    <p class='ocr_par' dir='ltr' id='par_1_81' title="bbox 1942 3440 3514 3512">
     <span class='ocr_line' id='line_1_81' title="bbox 1942 3440 3514 3512; baseline 0.001 -17"><span class='ocrx_word' id='word_1_605' title='bbox 1942 3442 2074 3496; x_wconf 90' lang='lat' dir='ltr'><strong>satis</strong></span> <span class='ocrx_word' id='word_1_606' title='bbox 2098 3440 2320 3495; x_wconf 88' lang='lat' dir='ltr'><strong>videtur</strong></span> <span class='ocrx_word' id='word_1_607' title='bbox 2347 3458 2361 3494; x_wconf 89' lang='lat'><strong>:</strong></span> <span class='ocrx_word' id='word_1_608' title='bbox 2390 3441 2750 3510; x_wconf 86' lang='lat' dir='ltr'><strong>probabiliter</strong></span> <span class='ocrx_word' id='word_1_609' title='bbox 2778 3441 3254 3506; x_wconf 87' lang='lat' dir='ltr'><strong>ratiocinantibus,</strong></span> <span class='ocrx_word' id='word_1_610' title='bbox 3282 3457 3390 3495; x_wconf 91' lang='lat' dir='ltr'><strong>non</strong></span> <span class='ocrx_word' id='word_1_611' title='bbox 3419 3458 3514 3512; x_wconf 82' lang='lat' dir='ltr'><strong>po-</strong></span> 
     </span>
    </p>
   </div>
   <div class='ocr_carea' id='block_1_82' title="bbox 1947 3533 3511 3600">
    <p class='ocr_par' dir='ltr' id='par_1_82' title="bbox 1947 3533 3511 3600">
     <span class='ocr_line' id='line_1_82' title="bbox 1947 3533 3511 3600; baseline 0 -14"><span class='ocrx_word' id='word_1_612' title='bbox 1947 3533 2115 3588; x_wconf 89' lang='lat' dir='ltr'><strong>tuisse</strong></span> <span class='ocrx_word' id='word_1_613' title='bbox 2147 3541 2392 3586; x_wconf 86' lang='lat' dir='ltr'><strong>naturam</strong></span> <span class='ocrx_word' id='word_1_614' title='bbox 2431 3541 2638 3586; x_wconf 84' lang='lat' dir='ltr'><strong>tantam</strong></span> <span class='ocrx_word' id='word_1_615' title='bbox 2674 3533 2728 3586; x_wconf 91' lang='lat' dir='ltr'><strong>in</strong></span> <span class='ocrx_word' id='word_1_616' title='bbox 2771 3533 3119 3600; x_wconf 88' lang='lat' dir='ltr'><strong>semetipsam</strong></span> <span class='ocrx_word' id='word_1_617' title='bbox 3152 3533 3511 3587; x_wconf 86' lang='lat' dir='ltr'><strong>hostilitatem</strong></span> 
     </span>
    </p>
   </div>
   <div class='ocr_carea' id='block_1_83' title="bbox 1944 3623 3515 3696">
    <p class='ocr_par' dir='ltr' id='par_1_83' title="bbox 1944 3623 3515 3696">
     <span class='ocr_line' id='line_1_83' title="bbox 1944 3623 3515 3696; baseline 0.001 -19"><span class='ocrx_word' id='word_1_618' title='bbox 1944 3624 2192 3691; x_wconf 89' lang='lat' dir='ltr'><strong>induere,</strong></span> <span class='ocrx_word' id='word_1_619' title='bbox 2221 3623 2328 3677; x_wconf 88' lang='lat' dir='ltr'><strong>nisi</strong></span> <span class='ocrx_word' id='word_1_620' title='bbox 2375 3639 2552 3677; x_wconf 58' lang='lat' dir='ltr'><strong>causa)</strong></span> <span class='ocrx_word' id='word_1_621' title='bbox 2586 3624 2836 3684; x_wconf 85' lang='lat' dir='ltr'><strong>fuissent.</strong></span> <span class='ocrx_word' id='word_1_622' title='bbox 2882 3633 2936 3677; x_wconf 89' lang='lat' dir='ltr'><strong>et</strong></span> <span class='ocrx_word' id='word_1_623' title='bbox 2965 3626 3183 3691; x_wconf 88' lang='lat' dir='ltr'><strong>quidem</strong></span> <span class='ocrx_word' id='word_1_624' title='bbox 3219 3626 3374 3689; x_wconf 85' lang='lat' dir='ltr'><strong>tales,</strong></span> <span class='ocrx_word' id='word_1_625' title='bbox 3402 3625 3515 3696; x_wconf 71' lang='grc'><strong>49</strong></span> 
     </span>
    </p>
   </div>
   <div class='ocr_carea' id='block_1_84' title="bbox 1943 3715 3514 3786">
    <p class='ocr_par' dir='ltr' id='par_1_84' title="bbox 1943 3715 3514 3786">
     <span class='ocr_line' id='line_1_84' title="bbox 1943 3715 3514 3786; baseline 0.001 -18"><span class='ocrx_word' id='word_1_626' title='bbox 1943 3732 2063 3783; x_wconf 74' lang='lat' dir='ltr'><strong>qua:</strong></span> <span class='ocrx_word' id='word_1_627' title='bbox 2089 3715 2236 3782; x_wconf 88' lang='lat' dir='ltr'><strong>ipsas</strong></span> <span class='ocrx_word' id='word_1_628' title='bbox 2263 3723 2468 3767; x_wconf 49' lang='lat' dir='ltr'><strong>naturas</strong></span> <span class='ocrx_word' id='word_1_629' title='bbox 2500 3722 2669 3767; x_wconf 87' lang='lat' dir='ltr'><strong>metas</strong></span> <span class='ocrx_word' id='word_1_630' title='bbox 2695 3715 3022 3768; x_wconf 77' lang='lat' dir='ltr'><strong>excederent</strong></span> <span class='ocrx_word' id='word_1_631' title='bbox 3051 3731 3063 3766; x_wconf 92' lang='lat'><strong>:</strong></span> <span class='ocrx_word' id='word_1_632' title='bbox 3087 3715 3306 3783; x_wconf 84' lang='lat' dir='ltr'><strong>quando</strong></span> <span class='ocrx_word' id='word_1_633' title='bbox 3335 3732 3514 3786; x_wconf 85' lang='lat' dir='ltr'><strong>neque</strong></span> 
     </span>
    </p>
   </div>
   <div class='ocr_carea' id='block_1_85' title="bbox 1948 3804 3514 3877">
    <p class='ocr_par' dir='ltr' id='par_1_85' title="bbox 1948 3804 3514 3877">
     <span class='ocr_line' id='line_1_85' title="bbox 1948 3804 3514 3877; baseline 0.001 -17"><span class='ocrx_word' id='word_1_634' title='bbox 1948 3805 2426 3860; x_wconf 61' lang='lat' dir='ltr'><strong>truculentissime</strong></span> <span class='ocrx_word' id='word_1_635' title='bbox 2470 3804 2706 3859; x_wconf 79' lang='lat' dir='ltr'><strong>ferarum</strong></span> <span class='ocrx_word' id='word_1_636' title='bbox 2755 3805 2808 3857; x_wconf 93' lang='lat' dir='ltr'><strong>in</strong></span> <span class='ocrx_word' id='word_1_637' title='bbox 2859 3805 3071 3861; x_wconf 88' lang='lat' dir='ltr'><strong>catulos</strong></span> <span class='ocrx_word' id='word_1_638' title='bbox 3101 3821 3234 3860; x_wconf 90' lang='lat' dir='ltr'><strong>suos</strong></span> <span class='ocrx_word' id='word_1_639' title='bbox 3266 3808 3374 3877; x_wconf 75' lang='lat'><strong>(16)</strong></span> <span class='ocrx_word' id='word_1_640' title='bbox 3411 3825 3514 3862; x_wconf 83' lang='lat' dir='ltr'><strong>un-</strong></span> 
     </span>
    </p>
   </div>
   <div class='ocr_carea' id='block_1_86' title="bbox 1944 3894 3517 3966">
    <p class='ocr_par' dir='ltr' id='par_1_86' title="bbox 1944 3894 3517 3966">
     <span class='ocr_line' id='line_1_86' title="bbox 1944 3894 3517 3966; baseline 0.001 -16"><span class='ocrx_word' id='word_1_641' title='bbox 1944 3912 2107 3966; x_wconf 86' lang='lat' dir='ltr'><strong>quam</strong></span> <span class='ocrx_word' id='word_1_642' title='bbox 2143 3910 2262 3950; x_wconf 89' lang='lat' dir='ltr'><strong>sese</strong></span> <span class='ocrx_word' id='word_1_643' title='bbox 2322 3894 2615 3948; x_wconf 89' lang='lat' dir='ltr'><strong>insidiosas</strong></span> <span class='ocrx_word' id='word_1_644' title='bbox 2652 3909 2716 3948; x_wconf 89' lang='lat' dir='ltr'><strong>ac</strong></span> <span class='ocrx_word' id='word_1_645' title='bbox 2748 3895 3013 3964; x_wconf 75' lang='lat' dir='ltr'><strong>malignas</strong></span> <span class='ocrx_word' id='word_1_646' title='bbox 3048 3895 3416 3965; x_wconf 65' lang='lat' dir='ltr'><strong>praebuerunt.</strong></span> <span class='ocrx_word' id='word_1_647' title='bbox 3449 3898 3517 3952; x_wconf 89' lang='lat' dir='ltr'><strong>Et</strong></span> 
     </span>
    </p>
   </div>
   <div class='ocr_carea' id='block_1_87' title="bbox 1943 3986 3516 4056">
    <p class='ocr_par' dir='ltr' id='par_1_87' title="bbox 1943 3986 3516 4056">
     <span class='ocr_line' id='line_1_87' title="bbox 1943 3986 3516 4056; baseline -0.001 -12"><span class='ocrx_word' id='word_1_648' title='bbox 1943 4000 2005 4044; x_wconf 91' lang='lat' dir='ltr'><strong>ut</strong></span> <span class='ocrx_word' id='word_1_649' title='bbox 2052 3989 2222 4056; x_wconf 89' lang='lat' dir='ltr'><strong>aliqui</strong></span> <span class='ocrx_word' id='word_1_650' title='bbox 2259 3987 2404 4041; x_wconf 89' lang='lat' dir='ltr'><strong>inter</strong></span> <span class='ocrx_word' id='word_1_651' title='bbox 2431 4001 2526 4042; x_wconf 90' lang='lat' dir='ltr'><strong>eos</strong></span> <span class='ocrx_word' id='word_1_652' title='bbox 2575 3994 2682 4040; x_wconf 91' lang='lat' dir='ltr'><strong>tam</strong></span> <span class='ocrx_word' id='word_1_653' title='bbox 2719 3986 2938 4041; x_wconf 86' lang='lat' dir='ltr'><strong>solliciti</strong></span> <span class='ocrx_word' id='word_1_654' title='bbox 2966 3996 3098 4040; x_wconf 79' lang='lat' dir='ltr'><strong>‘non</strong></span> <span class='ocrx_word' id='word_1_655' title='bbox 3146 3989 3275 4053; x_wconf 90' lang='lat' dir='ltr'><strong>sint,</strong></span> <span class='ocrx_word' id='word_1_656' title='bbox 3311 4004 3380 4043; x_wconf 91' lang='lat' dir='ltr'><strong>an</strong></span> <span class='ocrx_word' id='word_1_657' title='bbox 3428 4005 3516 4044; x_wconf 84' lang='lat' dir='ltr'><strong>me</strong></span> 
     </span>
    </p>
   </div>
   <div class='ocr_carea' id='block_1_88' title="bbox 1944 4078 3515 4150">
    <p class='ocr_par' dir='ltr' id='par_1_88' title="bbox 1944 4078 3515 4150">
     <span class='ocr_line' id='line_1_88' title="bbox 1944 4078 3515 4150; baseline 0.001 -16"><span class='ocrx_word' id='word_1_658' title='bbox 1944 4082 2080 4136; x_wconf 90' lang='lat' dir='ltr'><strong>adeo</strong></span> <span class='ocrx_word' id='word_1_659' title='bbox 2113 4095 2349 4150; x_wconf 81' lang='lat' dir='ltr'><strong>nequam</strong></span> <span class='ocrx_word' id='word_1_660' title='bbox 2380 4079 2438 4133; x_wconf 91' lang='lat' dir='ltr'><strong>in</strong></span> <span class='ocrx_word' id='word_1_661' title='bbox 2469 4078 2694 4144; x_wconf 86' lang='lat' dir='ltr'><strong>amicos,</strong></span> <span class='ocrx_word' id='word_1_662' title='bbox 2723 4089 2779 4132; x_wconf 89' lang='lat' dir='ltr'><strong>et</strong></span> <span class='ocrx_word' id='word_1_663' title='bbox 2807 4078 2971 4132; x_wconf 79' lang='lat' dir='ltr'><strong>cilicii</strong></span> <span class='ocrx_word' id='word_1_664' title='bbox 3006 4078 3381 4134; x_wconf 89' lang='lat' dir='ltr'><strong>immemorem</strong></span> <span class='ocrx_word' id='word_1_665' title='bbox 3415 4097 3515 4149; x_wconf 86' lang='lat' dir='ltr'><strong>pu-</strong></span> 
     </span>
    </p>
   </div>
   <div class='ocr_carea' id='block_1_89' title="bbox 1945 4169 3517 4238">
    <p class='ocr_par' dir='ltr' id='par_1_89' title="bbox 1945 4169 3517 4238">
     <span class='ocr_line' id='line_1_89' title="bbox 1945 4169 3517 4238; baseline -0.003 -10"><span class='ocrx_word' id='word_1_666' title='bbox 1945 4183 2048 4238; x_wconf 85' lang='lat' dir='ltr'><strong>tas,</strong></span> <span class='ocrx_word' id='word_1_667' title='bbox 2094 4181 2159 4225; x_wconf 88' lang='lat' dir='ltr'><strong>nt</strong></span> <span class='ocrx_word' id='word_1_668' title='bbox 2201 4187 2393 4226; x_wconf 85' lang='lat' dir='ltr'><strong>eorum</strong></span> <span class='ocrx_word' id='word_1_669' title='bbox 2437 4171 2761 4225; x_wconf 88' lang='lat' dir='ltr'><strong>charitatem</strong></span> <span class='ocrx_word' id='word_1_670' title='bbox 2798 4169 3107 4238; x_wconf 90' lang='lat' dir='ltr'><strong>proditione</strong></span> <span class='ocrx_word' id='word_1_671' title='bbox 3162 4185 3517 4225; x_wconf 88' lang='lat' dir='ltr'><strong>remunerare</strong></span> 
     </span>
    </p>
   </div>
   <div class='ocr_carea' id='block_1_90' title="bbox 1943 4262 3518 4332">
    <p class='ocr_par' dir='ltr' id='par_1_90' title="bbox 1943 4262 3518 4332">
     <span class='ocr_line' id='line_1_90' title="bbox 1943 4262 3518 4332; baseline -0.002 -12"><span class='ocrx_word' id='word_1_672' title='bbox 1943 4265 2146 4320; x_wconf 79' lang='lat' dir='ltr'><strong>velim?</strong></span> <span class='ocrx_word' id='word_1_673' title='bbox 2175 4263 2293 4319; x_wconf 86' lang='lat' dir='ltr'><strong>Ohl</strong></span> <span class='ocrx_word' id='word_1_674' title='bbox 2343 4262 2692 4332; x_wconf 85' lang='lat' dir='ltr'><strong>neutiquam;</strong></span> <span class='ocrx_word' id='word_1_675' title='bbox 2741 4262 2903 4316; x_wconf 91' lang='lat' dir='ltr'><strong>citius</strong></span> <span class='ocrx_word' id='word_1_676' title='bbox 2953 4277 3064 4316; x_wconf 91' lang='lat' dir='ltr'><strong>non</strong></span> <span class='ocrx_word' id='word_1_677' title='bbox 3113 4275 3212 4331; x_wconf 89' lang='lat' dir='ltr'><strong>pro</strong></span> <span class='ocrx_word' id='word_1_678' title='bbox 3260 4262 3518 4317; x_wconf 88' lang='lat' dir='ltr'><strong>onmibus</strong></span> 
     </span>
    </p>
   </div>
   <div class='ocr_carea' id='block_1_91' title="bbox 1946 4351 3517 4422">
    <p class='ocr_par' dir='ltr' id='par_1_91' title="bbox 1946 4351 3517 4422">
     <span class='ocr_line' id='line_1_91' title="bbox 1946 4351 3517 4422; baseline -0.001 -13"><span class='ocrx_word' id='word_1_679' title='bbox 1946 4354 2111 4409; x_wconf 90' lang='lat' dir='ltr'><strong>modo</strong></span> <span class='ocrx_word' id='word_1_680' title='bbox 2145 4353 2327 4419; x_wconf 78' lang='lat' dir='ltr'><strong>simul,</strong></span> <span class='ocrx_word' id='word_1_681' title='bbox 2373 4353 2470 4406; x_wconf 90' lang='lat' dir='ltr'><strong>sed</strong></span> <span class='ocrx_word' id='word_1_682' title='bbox 2516 4367 2616 4420; x_wconf 91' lang='lat' dir='ltr'><strong>pro</strong></span> <span class='ocrx_word' id='word_1_683' title='bbox 2649 4351 2878 4422; x_wconf 79' lang='lat' dir='ltr'><strong>singulis</strong></span> <span class='ocrx_word' id='word_1_684' title='bbox 2923 4352 3089 4406; x_wconf 89' lang='lat' dir='ltr'><strong>etiam</strong></span> <span class='ocrx_word' id='word_1_685' title='bbox 3139 4363 3304 4422; x_wconf 89' lang='lat' dir='ltr'><strong>caput</strong></span> <span class='ocrx_word' id='word_1_686' title='bbox 3337 4370 3517 4409; x_wconf 80' lang='lat' dir='ltr'><strong>nicum</strong></span> 
     </span>
    </p>
   </div>
   <div class='ocr_carea' id='block_1_92' title="bbox 270 4440 1837 4515">
    <p class='ocr_par' dir='ltr' id='par_1_92' title="bbox 270 4440 1837 4514">
     <span class='ocr_line' id='line_1_92' title="bbox 270 4440 1837 4514; baseline 0 -18"><span class='ocrx_word' id='word_1_687' title='bbox 270 4447 386 4508; x_wconf 74' lang='grc' dir='ltr'>τοὺς</span> <span class='ocrx_word' id='word_1_688' title='bbox 419 4445 651 4514; x_wconf 73' lang='grc' dir='ltr'>φίλους,</span> <span class='ocrx_word' id='word_1_689' title='bbox 688 4440 829 4493; x_wconf 80' lang='grc' dir='ltr'>ὥστε</span> <span class='ocrx_word' id='word_1_690' title='bbox 845 4441 942 4511; x_wconf 83' lang='grc' dir='ltr'>τῆς</span> <span class='ocrx_word' id='word_1_691' title='bbox 971 4443 1050 4504; x_wconf 84' lang='grc' dir='ltr'><strong>είς</strong></span> <span class='ocrx_word' id='word_1_692' title='bbox 1087 4441 1184 4510; x_wconf 75' lang='grc' dir='ltr'><strong>ἐμὲ</strong></span> <span class='ocrx_word' id='word_1_693' title='bbox 1211 4441 1390 4509; x_wconf 77' lang='grc' dir='ltr'>φιλίας</span> <span class='ocrx_word' id='word_1_694' title='bbox 1419 4442 1713 4512; x_wconf 77' lang='grc' dir='ltr'>προδοσίαν</span> <span class='ocrx_word' id='word_1_695' title='bbox 1745 4459 1837 4496; x_wconf 86' lang='grc' dir='ltr'>πα-</span> 
     </span>
    </p>
   </div>
   <div class='ocr_carea' id='block_1_93' title="bbox 1935 4440 3517 4515">
    <p class='ocr_par' dir='ltr' id='par_1_93' title="bbox 1953 4443 3517 4515">
     <span class='ocr_line' id='line_1_93' title="bbox 1953 4443 3517 4515; baseline 0.001 -15"><span class='ocrx_word' id='word_1_696' title='bbox 1953 4445 2224 4500; x_wconf 90' lang='lat' dir='ltr'><strong>devovere</strong></span> <span class='ocrx_word' id='word_1_697' title='bbox 2250 4460 2360 4499; x_wconf 91' lang='lat' dir='ltr'><strong>non</strong></span> <span class='ocrx_word' id='word_1_698' title='bbox 2397 4443 2678 4508; x_wconf 90' lang='lat' dir='ltr'><strong>dubitabo,</strong></span> <span class='ocrx_word' id='word_1_699' title='bbox 2709 4458 2873 4513; x_wconf 89' lang='lat' dir='ltr'><strong>quam</strong></span> <span class='ocrx_word' id='word_1_700' title='bbox 2906 4451 2964 4497; x_wconf 88' lang='lat' dir='ltr'><strong>ut</strong></span> <span class='ocrx_word' id='word_1_701' title='bbox 3003 4445 3123 4515; x_wconf 90' lang='lat' dir='ltr'><strong>ejus</strong></span> <span class='ocrx_word' id='word_1_702' title='bbox 3149 4447 3404 4500; x_wconf 86' lang='lat' dir='ltr'><strong>servandi</strong></span> <span class='ocrx_word' id='word_1_703' title='bbox 3437 4449 3517 4502; x_wconf 91' lang='lat' dir='ltr'><strong>vel</strong></span> 
     </span>
    </p>
   </div>
   <div class='ocr_carea' id='block_1_94' title="bbox 270 4531 1848 4606">
    <p class='ocr_par' dir='ltr' id='par_1_94' title="bbox 270 4531 1848 4606">
     <span class='ocr_line' id='line_1_94' title="bbox 270 4531 1848 4606; baseline -0.002 -17"><span class='ocrx_word' id='word_1_704' title='bbox 270 4539 492 4606; x_wconf 81' lang='grc' dir='ltr'>ρασχείν</span> <span class='ocrx_word' id='word_1_705' title='bbox 516 4531 879 4603; x_wconf 78' lang='grc' dir='ltr'>ἀντιμισθίαν</span> <span class='ocrx_word' id='word_1_706' title='bbox 903 4548 918 4597; x_wconf 87' lang='lat'><strong>;</strong></span> <span class='ocrx_word' id='word_1_707' title='bbox 942 4532 1057 4586; x_wconf 86' lang='grc' dir='ltr'><strong>Οὐκ</strong></span> <span class='ocrx_word' id='word_1_708' title='bbox 1082 4531 1230 4586; x_wconf 80' lang='grc' dir='ltr'>ἐστιν</span> <span class='ocrx_word' id='word_1_709' title='bbox 1251 4532 1503 4603; x_wconf 81' lang='grc' dir='ltr'>οὐδαμῶς</span> <span class='ocrx_word' id='word_1_710' title='bbox 1530 4550 1543 4564; x_wconf 90' lang='grc'><strong>·</strong></span> <span class='ocrx_word' id='word_1_711' title='bbox 1576 4536 1707 4604; x_wconf 78' lang='grc' dir='ltr'>ῥᾷον</span> <span class='ocrx_word' id='word_1_712' title='bbox 1738 4534 1848 4604; x_wconf 82' lang='grc' dir='ltr'>γὰρ</span> 
     </span>
    </p>
   </div>
   <div class='ocr_carea' id='block_1_95' title="bbox 269 4624 1854 4706">
    <p class='ocr_par' dir='ltr' id='par_1_95' title="bbox 269 4624 1854 4706">
     <span class='ocr_line' id='line_1_95' title="bbox 269 4624 1854 4706; baseline -0.001 -24"><span class='ocrx_word' id='word_1_713' title='bbox 269 4626 329 4684; x_wconf 73' lang='grc' dir='ltr'>ἰν</span> <span class='ocrx_word' id='word_1_714' title='bbox 377 4628 574 4692; x_wconf 83' lang='grc' dir='ltr'>αὐτὸς,</span> <span class='ocrx_word' id='word_1_715' title='bbox 637 4626 736 4695; x_wconf 87' lang='grc' dir='ltr'>οὐχ</span> <span class='ocrx_word' id='word_1_716' title='bbox 765 4625 911 4694; x_wconf 82' lang='grc' dir='ltr'>ὑπὲρ</span> <span class='ocrx_word' id='word_1_717' title='bbox 963 4624 1185 4679; x_wconf 81' lang='grc' dir='ltr'>πάντων</span> <span class='ocrx_word' id='word_1_718' title='bbox 1243 4625 1406 4696; x_wconf 81' lang='grc' dir='ltr'>ὁμοῦ,</span> <span class='ocrx_word' id='word_1_719' title='bbox 1437 4625 1572 4681; x_wconf 81' lang='grc' dir='ltr'>ἀλλὰ</span> <span class='ocrx_word' id='word_1_720' title='bbox 1604 4629 1697 4681; x_wconf 78' lang='grc' dir='ltr'>καὶ</span> <span class='ocrx_word' id='word_1_721' title='bbox 1729 4629 1854 4706; x_wconf 17' lang='grc' dir='ltr'>ἑνὸς.</span> 
     </span>
    </p>
   </div>
   <div class='ocr_carea' id='block_1_96' title="bbox 1954 4535 3519 4607">
    <p class='ocr_par' dir='ltr' id='par_1_96' title="bbox 1954 4535 3519 4607">
     <span class='ocr_line' id='line_1_96' title="bbox 1954 4535 3519 4607; baseline 0.001 -14"><span class='ocrx_word' id='word_1_722' title='bbox 1954 4538 2075 4593; x_wconf 90' lang='lat' dir='ltr'><strong>leve</strong></span> <span class='ocrx_word' id='word_1_723' title='bbox 2107 4552 2202 4592; x_wconf 92' lang='lat' dir='ltr'><strong>eos</strong></span> <span class='ocrx_word' id='word_1_724' title='bbox 2236 4537 2412 4607; x_wconf 87' lang='lat' dir='ltr'><strong>patiar</strong></span> <span class='ocrx_word' id='word_1_725' title='bbox 2443 4535 2630 4590; x_wconf 90' lang='lat' dir='ltr'><strong>subire</strong></span> <span class='ocrx_word' id='word_1_726' title='bbox 2663 4535 3093 4591; x_wconf 89' lang='lat' dir='ltr'><strong>incommodum.</strong></span> <span class='ocrx_word' id='word_1_727' title='bbox 3142 4537 3408 4594; x_wconf 60' lang='lat' dir='ltr'><strong>Praeterea</strong></span> <span class='ocrx_word' id='word_1_728' title='bbox 3452 4539 3519 4594; x_wconf 91' lang='lat' dir='ltr'><strong>de</strong></span> 
     </span>
    </p>
   </div>
   <div class='ocr_carea' id='block_1_97' title="bbox 1959 4622 3520 4701">
    <p class='ocr_par' dir='ltr' id='par_1_97' title="bbox 1959 4622 3520 4701">
     <span class='ocr_line' id='line_1_97' title="bbox 1959 4622 3520 4701; baseline 0.001 -16"><span class='ocrx_word' id='word_1_729' title='bbox 1959 4631 2084 4701; x_wconf 80' lang='lat' dir='ltr'><strong>fuga</strong></span> <span class='ocrx_word' id='word_1_730' title='bbox 2130 4646 2240 4684; x_wconf 91' lang='lat' dir='ltr'><strong>non</strong></span> <span class='ocrx_word' id='word_1_731' title='bbox 2287 4628 2632 4699; x_wconf 89' lang='lat' dir='ltr'><strong>suscipienda</strong></span> <span class='ocrx_word' id='word_1_732' title='bbox 2676 4627 3031 4700; x_wconf 87' lang='lat' dir='ltr'><strong>jurisjurandi</strong></span> <span class='ocrx_word' id='word_1_733' title='bbox 3081 4622 3520 4687; x_wconf 82' lang='lat' dir='ltr'><strong>testiﬁcationem</strong></span> 
     </span>
    </p>
   </div>
   <div class='ocr_carea' id='block_1_98' title="bbox 268 4717 1837 4818">
    <p class='ocr_par' dir='ltr' id='par_1_98' title="bbox 268 4717 1837 4790">
     <span class='ocr_line' id='line_1_98' title="bbox 268 4717 1837 4790; baseline -0.001 -18"><span class='ocrx_word' id='word_1_734' title='bbox 268 4720 446 4778; x_wconf 68' lang='grc' dir='ltr'>αὐτῶν</span> <span class='ocrx_word' id='word_1_735' title='bbox 500 4722 609 4789; x_wconf 81' lang='grc' dir='ltr'>τὴν</span> <span class='ocrx_word' id='word_1_736' title='bbox 640 4720 785 4788; x_wconf 77' lang='grc' dir='ltr'>ἐμὴν</span> <span class='ocrx_word' id='word_1_737' title='bbox 839 4717 1156 4787; x_wconf 85' lang='grc' dir='ltr'>προήσομαι</span> <span class='ocrx_word' id='word_1_738' title='bbox 1219 4718 1522 4788; x_wconf 85' lang='grc' dir='ltr'>σωτηρίαν,</span> <span class='ocrx_word' id='word_1_739' title='bbox 1576 4719 1610 4788; x_wconf 77' lang='grc' dir='ltr'><strong>ἢ</strong></span> <span class='ocrx_word' id='word_1_740' title='bbox 1645 4720 1837 4790; x_wconf 58' lang='grc' dir='ltr'>ταύτηη</span> 
     </span>
    </p>
   </div>
   <div class='ocr_carea' id='block_1_99' title="bbox 1935 4717 3520 4818">
    <p class='ocr_par' dir='ltr' id='par_1_99' title="bbox 1935 4719 3520 4818">
     <span class='ocr_line' id='line_1_99' title="bbox 1935 4719 3520 4818; baseline -0.001 -40"><span class='ocrx_word' id='word_1_741' title='bbox 1935 4725 2092 4818; x_wconf 58' lang='lat' dir='ltr'><strong>&#39;mihi</strong></span> <span class='ocrx_word' id='word_1_742' title='bbox 2129 4725 2404 4793; x_wconf 90' lang='lat' dir='ltr'><strong>imperasti</strong></span> <span class='ocrx_word' id='word_1_743' title='bbox 2434 4739 2446 4774; x_wconf 92' lang='lat'><strong>:</strong></span> <span class='ocrx_word' id='word_1_744' title='bbox 2471 4723 2575 4776; x_wconf 89' lang='lat' dir='ltr'><strong>Per</strong></span> <span class='ocrx_word' id='word_1_745' title='bbox 2602 4721 2985 4776; x_wconf 90' lang='lat' dir='ltr'><strong>universorum</strong></span> <span class='ocrx_word' id='word_1_746' title='bbox 3014 4719 3182 4792; x_wconf 76' lang='lat' dir='ltr'><strong>igitur</strong></span> <span class='ocrx_word' id='word_1_747' title='bbox 3206 4721 3520 4787; x_wconf 86' lang='lat' dir='ltr'><strong>Dominum,</strong></span> 
     </span>
    </p>
   </div>
   <div class='ocr_carea' id='block_1_100' title="bbox 270 4809 1852 4882">
    <p class='ocr_par' dir='ltr' id='par_1_100' title="bbox 270 4809 1852 4882">
     <span class='ocr_line' id='line_1_100' title="bbox 270 4809 1852 4882; baseline 0.002 -18"><span class='ocrx_word' id='word_1_748' title='bbox 270 4814 741 4882; x_wconf 79' lang='grc' dir='ltr'>περιποιούμενος</span> <span class='ocrx_word' id='word_1_749' title='bbox 770 4810 1014 4873; x_wconf 80' lang='grc' dir='ltr'>ἐκείνους</span> <span class='ocrx_word' id='word_1_750' title='bbox 1047 4809 1290 4881; x_wconf 78' lang='grc' dir='ltr'>ἐθελήσω</span> <span class='ocrx_word' id='word_1_751' title='bbox 1335 4813 1432 4864; x_wconf 69' lang='grc' dir='ltr'>καὶ</span> <span class='ocrx_word' id='word_1_752' title='bbox 1468 4815 1682 4882; x_wconf 86' lang='grc' dir='ltr'>μικροῖς</span> <span class='ocrx_word' id='word_1_753' title='bbox 1739 4831 1852 4867; x_wconf 84' lang='grc' dir='ltr'>τισι</span> 
     </span>
    </p>
   </div>
   <div class='ocr_carea' id='block_1_101' title="bbox 271 4901 1854 4974">
    <p class='ocr_par' dir='ltr' id='par_1_101' title="bbox 271 4901 1854 4974">
     <span class='ocr_line' id='line_1_101' title="bbox 271 4901 1854 4974; baseline 0.002 -20"><span class='ocrx_word' id='word_1_754' title='bbox 271 4903 692 4972; x_wconf 64' lang='grc' dir='ltr'>προσομιλῆσαι</span> <span class='ocrx_word' id='word_1_755' title='bbox 745 4903 960 4964; x_wconf 82' lang='grc' dir='ltr'>κακοῖς.</span> <span class='ocrx_word' id='word_1_756' title='bbox 1019 4901 1138 4953; x_wconf 83' lang='grc' dir='ltr'>Ἐτι</span> <span class='ocrx_word' id='word_1_757' title='bbox 1172 4902 1308 4969; x_wconf 89' lang='grc' dir='ltr'>πρὸς</span> <span class='ocrx_word' id='word_1_758' title='bbox 1357 4902 1589 4966; x_wconf 83' lang='grc' dir='ltr'>τούτοις,</span> <span class='ocrx_word' id='word_1_759' title='bbox 1621 4905 1714 4956; x_wconf 69' lang='grc' dir='ltr'>καὶ</span> <span class='ocrx_word' id='word_1_760' title='bbox 1763 4905 1854 4974; x_wconf 84' lang='grc' dir='ltr'><strong>ὅρ-</strong></span> 
     </span>
    </p>
   </div>
   <div class='ocr_carea' id='block_1_102' title="bbox 272 4993 1860 5066">
    <p class='ocr_par' dir='ltr' id='par_1_102' title="bbox 272 4993 1860 5066">
     <span class='ocr_line' id='line_1_102' title="bbox 272 4993 1860 5066; baseline 0.004 -20"><span class='ocrx_word' id='word_1_761' title='bbox 272 5011 386 5058; x_wconf 82' lang='grc' dir='ltr'>κοις</span> <span class='ocrx_word' id='word_1_762' title='bbox 407 4996 705 5060; x_wconf 67' lang='grc' dir='ltr'>ἐπέταξας</span> <span class='ocrx_word' id='word_1_763' title='bbox 730 4995 793 5048; x_wconf 79' lang='grc' dir='ltr'>τὸ</span> <span class='ocrx_word' id='word_1_764' title='bbox 821 4994 898 5066; x_wconf 82' lang='grc' dir='ltr'><strong>μὴ</strong></span> <span class='ocrx_word' id='word_1_765' title='bbox 949 4993 1179 5064; x_wconf 79' lang='grc' dir='ltr'>δρασμῷ</span> <span class='ocrx_word' id='word_1_766' title='bbox 1209 4995 1518 5065; x_wconf 81' lang='grc' dir='ltr'>χρήσασθαι</span> <span class='ocrx_word' id='word_1_767' title='bbox 1554 4999 1860 5066; x_wconf 75' lang='grc' dir='ltr'>ἀσφαλίσα-</span> 
     </span>
    </p>
   </div>
   <div class='ocr_carea' id='block_1_103' title="bbox 1957 4813 3524 4886">
    <p class='ocr_par' dir='ltr' id='par_1_103' title="bbox 1957 4813 3524 4886">
     <span class='ocr_line' id='line_1_103' title="bbox 1957 4813 3524 4886; baseline -0.001 -15"><span class='ocrx_word' id='word_1_768' title='bbox 1957 4826 2014 4871; x_wconf 93' lang='lat' dir='ltr'><strong>ct</strong></span> <span class='ocrx_word' id='word_1_769' title='bbox 2041 4817 2342 4886; x_wconf 88' lang='lat' dir='ltr'><strong>principem</strong></span> <span class='ocrx_word' id='word_1_770' title='bbox 2372 4816 2542 4868; x_wconf 89' lang='lat' dir='ltr'><strong>Deum</strong></span> <span class='ocrx_word' id='word_1_771' title='bbox 2570 4815 2695 4885; x_wconf 81' lang='lat' dir='ltr'><strong>juro</strong></span> <span class='ocrx_word' id='word_1_772' title='bbox 2731 4813 2851 4879; x_wconf 86' lang='lat' dir='ltr'><strong>tibi,</strong></span> <span class='ocrx_word' id='word_1_773' title='bbox 2890 4817 2933 4868; x_wconf 89' lang='lat' dir='ltr'><strong>si</strong></span> <span class='ocrx_word' id='word_1_774' title='bbox 2979 4823 3030 4869; x_wconf 90' lang='lat' dir='ltr'><strong>te</strong></span> <span class='ocrx_word' id='word_1_775' title='bbox 3081 4814 3383 4886; x_wconf 91' lang='lat' dir='ltr'><strong>quidquam</strong></span> <span class='ocrx_word' id='word_1_776' title='bbox 3417 4817 3524 4872; x_wconf 86' lang='lat' dir='ltr'><strong>ini-‘</strong></span> 
     </span>
    </p>
   </div>
   <div class='ocr_carea' id='block_1_104' title="bbox 1962 4908 3520 4980">
    <p class='ocr_par' dir='ltr' id='par_1_104' title="bbox 1962 4908 3520 4980">
     <span class='ocr_line' id='line_1_104' title="bbox 1962 4908 3520 4980; baseline 0.001 -15"><span class='ocrx_word' id='word_1_777' title='bbox 1962 4910 2156 4965; x_wconf 90' lang='lat' dir='ltr'><strong>micius</strong></span> <span class='ocrx_word' id='word_1_778' title='bbox 2211 4921 2402 4964; x_wconf 91' lang='lat' dir='ltr'><strong>contra</strong></span> <span class='ocrx_word' id='word_1_779' title='bbox 2453 4923 2538 4962; x_wconf 88' lang='lat' dir='ltr'><strong>me</strong></span> <span class='ocrx_word' id='word_1_780' title='bbox 2591 4908 2902 4962; x_wconf 89' lang='lat' dir='ltr'><strong>molientem</strong></span> <span class='ocrx_word' id='word_1_781' title='bbox 2952 4923 3291 4980; x_wconf 80' lang='lat' dir='ltr'><strong>cognovero,</strong></span> <span class='ocrx_word' id='word_1_782' title='bbox 3340 4910 3520 4966; x_wconf 62' lang='lat' dir='ltr'><strong>nervis</strong></span> 
     </span>
    </p>
   </div>
   <div class='ocr_carea' id='block_1_105' title="bbox 1961 4999 3460 5074">
    <p class='ocr_par' dir='ltr' id='par_1_105' title="bbox 1961 4999 3460 5074">
     <span class='ocr_line' id='line_1_105' title="bbox 1961 4999 3460 5074; baseline -0.003 -16"><span class='ocrx_word' id='word_1_783' title='bbox 1961 5002 2239 5065; x_wconf 85' lang='lat' dir='ltr'><strong>omnibus,</strong></span> <span class='ocrx_word' id='word_1_784' title='bbox 2265 5011 2319 5055; x_wconf 93' lang='lat' dir='ltr'><strong>et</strong></span> <span class='ocrx_word' id='word_1_785' title='bbox 2353 5009 2490 5062; x_wconf 86' lang='lat' dir='ltr'><strong>toto.</strong></span> <span class='ocrx_word' id='word_1_786' title='bbox 2525 4999 2671 5069; x_wconf 91' lang='lat' dir='ltr'><strong>quod</strong></span> <span class='ocrx_word' id='word_1_787' title='bbox 2705 5001 2879 5066; x_wconf 87' lang='lat' dir='ltr'><strong>aiunt,</strong></span> <span class='ocrx_word' id='word_1_788' title='bbox 2912 5001 3050 5070; x_wconf 90' lang='lat' dir='ltr'><strong>pede</strong></span> <span class='ocrx_word' id='word_1_789' title='bbox 3090 5001 3290 5074; x_wconf 74' lang='lat' dir='ltr'><strong>fugiam</strong></span> <span class='ocrx_word' id='word_1_790' title='bbox 3328 5002 3460 5070; x_wconf 80' lang='grc' dir='ltr'><strong>(Π).</strong></span> 
     </span>
    </p>
   </div>
   <div class='ocr_carea' id='block_1_106' title="bbox 1554 5167 2292 5231">
    <p class='ocr_par' dir='ltr' id='par_1_106' title="bbox 1554 5167 2292 5231">
     <span class='ocr_line' id='line_1_106' title="bbox 1554 5167 2292 5231; baseline 0.004 -5"><span class='ocrx_word' id='word_1_791' title='bbox 1554 5167 1772 5230; x_wconf 83' lang='lat' dir='ltr'><strong>Jacobi</strong></span> <span class='ocrx_word' id='word_1_792' title='bbox 1797 5168 2062 5231; x_wconf 86' lang='lat' dir='ltr'><strong>Pontani</strong></span> <span class='ocrx_word' id='word_1_793' title='bbox 2106 5179 2292 5229; x_wconf 76' lang='lat' dir='ltr'><strong>noue.</strong></span> 
     </span>
    </p>
   </div>
   <div class='ocr_carea' id='block_1_107' title="bbox 344 5279 1850 5384">
    <p class='ocr_par' dir='ltr' id='par_1_107' title="bbox 344 5279 1850 5384">
     <span class='ocr_line' id='line_1_107' title="bbox 344 5279 1850 5384; baseline -0.003 -16"><span class='ocrx_word' id='word_1_794' title='bbox 344 5316 473 5384; x_wconf 71' lang='grc' dir='ltr'>(ιο)</span> <span class='ocrx_word' id='word_1_795' title='bbox 517 5311 692 5368; x_wconf 87' lang='lat' dir='ltr'><strong>Omne</strong></span> <span class='ocrx_word' id='word_1_796' title='bbox 735 5279 1155 5384; x_wconf 46' lang='lat' dir='ltr'><strong>animaladiligit</strong></span> <span class='ocrx_word' id='word_1_797' title='bbox 1194 5308 1300 5364; x_wconf 88' lang='lat' dir='ltr'><strong>sibi</strong></span> <span class='ocrx_word' id='word_1_798' title='bbox 1340 5308 1562 5384; x_wconf 33' lang='lat' dir='ltr'><strong>simile,</strong></span> <span class='ocrx_word' id='word_1_799' title='bbox 1592 5319 1649 5363; x_wconf 88' lang='lat' dir='ltr'><strong>et</strong></span> <span class='ocrx_word' id='word_1_800' title='bbox 1697 5310 1850 5364; x_wconf 89' lang='lat' dir='ltr'><strong>canis</strong></span> 
     </span>
    </p>
   </div>
   <div class='ocr_carea' id='block_1_108' title="bbox 267 5378 1842 5448">
    <p class='ocr_par' dir='ltr' id='par_1_108' title="bbox 267 5378 1842 5448">
     <span class='ocr_line' id='line_1_108' title="bbox 267 5378 1842 5448; baseline -0.004 -9"><span class='ocrx_word' id='word_1_801' title='bbox 267 5378 416 5448; x_wconf 79' lang='lat' dir='ltr'><strong>cani,</strong></span> <span class='ocrx_word' id='word_1_802' title='bbox 455 5378 584 5436; x_wconf 4' lang='lat' dir='ltr'><strong>lbos</strong></span> <span class='ocrx_word' id='word_1_803' title='bbox 630 5383 782 5445; x_wconf 91' lang='lat' dir='ltr'><strong>bovi,</strong></span> <span class='ocrx_word' id='word_1_804' title='bbox 838 5381 1033 5435; x_wconf 88' lang='lat' dir='ltr'><strong>asinus</strong></span> <span class='ocrx_word' id='word_1_805' title='bbox 1077 5378 1235 5434; x_wconf 73' lang='lat' dir='ltr'><strong>asino</strong></span> <span class='ocrx_word' id='word_1_806' title='bbox 1285 5378 1694 5448; x_wconf 89' lang='lat' dir='ltr'><strong>pulcherrimus</strong></span> <span class='ocrx_word' id='word_1_807' title='bbox 1738 5391 1842 5434; x_wconf 89' lang='lat' dir='ltr'><strong>est.</strong></span> 
     </span>
    </p>
   </div>
   <div class='ocr_carea' id='block_1_109' title="bbox 267 5449 1848 5520">
    <p class='ocr_par' dir='ltr' id='par_1_109' title="bbox 267 5449 1848 5520">
     <span class='ocr_line' id='line_1_109' title="bbox 267 5449 1848 5520; baseline -0.004 -10"><span class='ocrx_word' id='word_1_808' title='bbox 267 5458 373 5510; x_wconf 71' lang='lat' dir='ltr'><strong>Sed</strong></span> <span class='ocrx_word' id='word_1_809' title='bbox 426 5455 673 5508; x_wconf 80' lang='lat' dir='ltr'><strong>maxime</strong></span> <span class='ocrx_word' id='word_1_810' title='bbox 723 5450 1159 5520; x_wconf 88' lang='lat' dir='ltr'><strong>unumquodque</strong></span> <span class='ocrx_word' id='word_1_811' title='bbox 1202 5449 1429 5507; x_wconf 87' lang='lat' dir='ltr'><strong>animal.</strong></span> <span class='ocrx_word' id='word_1_812' title='bbox 1476 5452 1848 5520; x_wconf 83' lang='lat' dir='ltr'><strong>quamtumvis</strong></span> 
     </span>
    </p>
   </div>
   <div class='ocr_carea' id='block_1_110' title="bbox 270 5519 1850 5598">
    <p class='ocr_par' dir='ltr' id='par_1_110' title="bbox 270 5519 1850 5598">
     <span class='ocr_line' id='line_1_110' title="bbox 270 5519 1850 5598; baseline -0.003 -20"><span class='ocrx_word' id='word_1_813' title='bbox 270 5541 549 5586; x_wconf 78' lang='lat' dir='ltr'><strong>immane,</strong></span> <span class='ocrx_word' id='word_1_814' title='bbox 582 5538 643 5578; x_wconf 81' lang='lat' dir='ltr'><strong>ac</strong></span> <span class='ocrx_word' id='word_1_815' title='bbox 669 5525 871 5586; x_wconf 78' lang='lat' dir='ltr'><strong>ferum,</strong></span> <span class='ocrx_word' id='word_1_816' title='bbox 903 5519 1083 5590; x_wconf 82' lang='lat' dir='ltr'><strong>diligit</strong></span> <span class='ocrx_word' id='word_1_817' title='bbox 1113 5520 1327 5598; x_wconf 71' lang='lat' dir='ltr'><strong>catulos</strong></span> <span class='ocrx_word' id='word_1_818' title='bbox 1353 5530 1603 5598; x_wconf 79' lang='lat' dir='ltr'><strong>suos._ut</strong></span> <span class='ocrx_word' id='word_1_819' title='bbox 1647 5535 1746 5587; x_wconf 90' lang='lat' dir='ltr'><strong>pro</strong></span> <span class='ocrx_word' id='word_1_820' title='bbox 1781 5519 1850 5573; x_wconf 89' lang='lat' dir='ltr'><strong>iis</strong></span> 
     </span>
    </p>
   </div>
   <div class='ocr_carea' id='block_1_111' title="bbox 270 5589 1850 5662">
    <p class='ocr_par' dir='ltr' id='par_1_111' title="bbox 270 5589 1850 5662">
     <span class='ocr_line' id='line_1_111' title="bbox 270 5589 1850 5662; baseline -0.003 -14"><span class='ocrx_word' id='word_1_821' title='bbox 270 5599 442 5648; x_wconf 82' lang='lat' dir='ltr'><strong>etiam</strong></span> <span class='ocrx_word' id='word_1_822' title='bbox 493 5601 835 5662; x_wconf 78' lang='lat' dir='ltr'><strong>propugnet,</strong></span> <span class='ocrx_word' id='word_1_823' title='bbox 893 5589 1103 5662; x_wconf 80' lang='lat' dir='ltr'><strong>tantum</strong></span> <span class='ocrx_word' id='word_1_824' title='bbox 1146 5590 1454 5662; x_wconf 85' lang='lat' dir='ltr'><strong>abest,_ut</strong></span> <span class='ocrx_word' id='word_1_825' title='bbox 1516 5589 1585 5642; x_wconf 87' lang='lat' dir='ltr'><strong>iis</strong></span> <span class='ocrx_word' id='word_1_826' title='bbox 1632 5601 1850 5662; x_wconf 59' lang='lat' dir='ltr'><strong>noceat,</strong></span> 
     </span>
    </p>
   </div>
   <div class='ocr_carea' id='block_1_112' title="bbox 269 5657 1853 5733">
    <p class='ocr_par' dir='ltr' id='par_1_112' title="bbox 269 5657 1853 5733">
     <span class='ocr_line' id='line_1_112' title="bbox 269 5657 1853 5733; baseline -0.003 -16"><span class='ocrx_word' id='word_1_827' title='bbox 269 5657 612 5733; x_wconf 70' lang='grc' dir='ltr'>Αμροειίυιιὶ</span> <span class='ocrx_word' id='word_1_828' title='bbox 661 5657 747 5716; x_wconf 64' lang='grc' dir='ltr'>(ἔτι</span> <span class='ocrx_word' id='word_1_829' title='bbox 801 5661 933 5733; x_wconf 84' lang='lat' dir='ltr'><strong>illud</strong></span> <span class='ocrx_word' id='word_1_830' title='bbox 986 5660 1304 5723; x_wconf 84' lang='lat' dir='ltr'><strong>Ciceronis,</strong></span> <span class='ocrx_word' id='word_1_831' title='bbox 1356 5657 1459 5733; x_wconf 6' lang='lat' dir='ltr'><strong>De,</strong></span> <span class='ocrx_word' id='word_1_832' title='bbox 1490 5667 1632 5733; x_wconf 70' lang='lat' dir='ltr'><strong>orat.</strong></span> <span class='ocrx_word' id='word_1_833' title='bbox 1684 5658 1853 5713; x_wconf 82' lang='lat' dir='ltr'><strong>n:Si</strong></span> 
     </span>
    </p>
   </div>
   <div class='ocr_carea' id='block_1_113' title="bbox 272 5729 1848 5803">
    <p class='ocr_par' dir='ltr' id='par_1_113' title="bbox 272 5729 1848 5803">
     <span class='ocr_line' id='line_1_113' title="bbox 272 5729 1848 5803; baseline -0.004 -16"><span class='ocrx_word' id='word_1_834' title='bbox 272 5729 402 5801; x_wconf 69' lang='grc' dir='ltr'>ιε’τά</span> <span class='ocrx_word' id='word_1_835' title='bbox 447 5743 636 5803; x_wconf 76' lang='lat' dir='ltr'><strong>partus</strong></span> <span class='ocrx_word' id='word_1_836' title='bbox 667 5747 789 5786; x_wconf 76' lang='lat' dir='ltr'><strong>suos</strong></span> <span class='ocrx_word' id='word_1_837' title='bbox 819 5732 1070 5800; x_wconf 80' lang='lat' dir='ltr'><strong>diligunt,</strong></span> <span class='ocrx_word' id='word_1_838' title='bbox 1121 5747 1226 5800; x_wconf 83' lang='lat' dir='ltr'><strong>qua</strong></span> <span class='ocrx_word' id='word_1_839' title='bbox 1270 5745 1364 5783; x_wconf 77' lang='lat' dir='ltr'><strong>nos</strong></span> <span class='ocrx_word' id='word_1_840' title='bbox 1411 5729 1685 5784; x_wconf 77' lang='lat' dir='ltr'><strong>charitate</strong></span> <span class='ocrx_word' id='word_1_841' title='bbox 1725 5746 1848 5799; x_wconf 82' lang='lat' dir='ltr'><strong>erga</strong></span> 
     </span>
    </p>
   </div>
   <div class='ocr_carea' id='block_1_114' title="bbox 571 5823 1246 5889">
    <p class='ocr_par' dir='ltr' id='par_1_114' title="bbox 571 5823 1246 5889">
     <span class='ocr_line' id='line_1_114' title="bbox 571 5823 1246 5889; baseline 0.001 -4"><span class='ocrx_word' id='word_1_842' title='bbox 571 5827 836 5887; x_wconf 68' lang='lat' dir='ltr'><strong>PATROL.</strong></span> <span class='ocrx_word' id='word_1_843' title='bbox 880 5826 999 5889; x_wconf 81' lang='lat' dir='ltr'><strong>Gn.</strong></span> <span class='ocrx_word' id='word_1_844' title='bbox 1046 5823 1246 5886; x_wconf 86' lang='lat' dir='ltr'><strong>CLlll.</strong></span> 
     </span>
    </p>
   </div>
   <div class='ocr_carea' id='block_1_115' title="bbox 1953 5305 3524 5380">
    <p class='ocr_par' dir='ltr' id='par_1_115' title="bbox 1953 5305 3524 5380">
     <span class='ocr_line' id='line_1_115' title="bbox 1953 5305 3524 5380; baseline 0 -18"><span class='ocrx_word' id='word_1_845' title='bbox 1953 5311 2141 5364; x_wconf 81' lang='lat' dir='ltr'><strong>liberos</strong></span> <span class='ocrx_word' id='word_1_846' title='bbox 2172 5320 2375 5364; x_wconf 74' lang='lat' dir='ltr'><strong>nostros</strong></span> <span class='ocrx_word' id='word_1_847' title='bbox 2403 5326 2509 5366; x_wconf 79' lang='lat' dir='ltr'><strong>esse</strong></span> <span class='ocrx_word' id='word_1_848' title='bbox 2539 5309 2824 5365; x_wconf 77' lang='lat' dir='ltr'><strong>debemus?</strong></span> <span class='ocrx_word' id='word_1_849' title='bbox 2859 5305 3366 5380; x_wconf 60' lang='lat' dir='ltr'><strong>Truculentissing</strong></span> <span class='ocrx_word' id='word_1_850' title='bbox 3393 5305 3524 5380; x_wconf 77' lang='lat' dir='ltr'><strong>fera:</strong></span> 
     </span>
    </p>
   </div>
   <div class='ocr_carea' id='block_1_116' title="bbox 1951 5375 3524 5450">
    <p class='ocr_par' dir='ltr' id='par_1_116' title="bbox 1951 5375 3524 5450">
     <span class='ocr_line' id='line_1_116' title="bbox 1951 5375 3524 5450; baseline -0.001 -16"><span class='ocrx_word' id='word_1_851' title='bbox 1951 5389 2079 5434; x_wconf 91' lang='lat' dir='ltr'><strong>sunt</strong></span> <span class='ocrx_word' id='word_1_852' title='bbox 2115 5397 2255 5434; x_wconf 64' lang='lat' dir='ltr'><strong>ursae</strong></span> <span class='ocrx_word' id='word_1_853' title='bbox 2285 5385 2430 5450; x_wconf 68' lang='lat' dir='ltr'><strong>(quae</strong></span> <span class='ocrx_word' id='word_1_854' title='bbox 2461 5380 2661 5434; x_wconf 88' lang='lat' dir='ltr'><strong>mirum</strong></span> <span class='ocrx_word' id='word_1_855' title='bbox 2695 5387 2962 5449; x_wconf 88' lang='lat' dir='ltr'><strong>quantum</strong></span> <span class='ocrx_word' id='word_1_856' title='bbox 2992 5376 3166 5444; x_wconf 88' lang='lat' dir='ltr'><strong>raptis</strong></span> <span class='ocrx_word' id='word_1_857' title='bbox 3196 5375 3397 5432; x_wconf 88' lang='lat' dir='ltr'><strong>catulis</strong></span> <span class='ocrx_word' id='word_1_858' title='bbox 3421 5378 3524 5433; x_wconf 63' lang='lat'><strong>38-</strong></span> 
     </span>
    </p>
   </div>
   <div class='ocr_carea' id='block_1_117' title="bbox 1954 5451 2772 5518">
    <p class='ocr_par' dir='ltr' id='par_1_117' title="bbox 1954 5451 2772 5518">
     <span class='ocr_line' id='line_1_117' title="bbox 1954 5451 2772 5518; baseline 0.001 -17"><span class='ocrx_word' id='word_1_859' title='bbox 1954 5451 2129 5514; x_wconf 84' lang='lat' dir='ltr'><strong>viunt)</strong></span> <span class='ocrx_word' id='word_1_860' title='bbox 2158 5451 2361 5511; x_wconf 62' lang='lat' dir='ltr'><strong>leaenas,</strong></span> <span class='ocrx_word' id='word_1_861' title='bbox 2391 5452 2576 5518; x_wconf 78' lang='lat' dir='ltr'><strong>tigres.</strong></span> <span class='ocrx_word' id='word_1_862' title='bbox 2614 5451 2772 5518; x_wconf 69' lang='lat' dir='ltr'><strong>lupze.</strong></span> 
     </span>
    </p>
   </div>
   <div class='ocr_carea' id='block_1_118' title="bbox 2024 5516 3523 5589">
    <p class='ocr_par' dir='ltr' id='par_1_118' title="bbox 2024 5516 3523 5589">
     <span class='ocr_line' id='line_1_118' title="bbox 2024 5516 3523 5589; baseline 0.001 -18"><span class='ocrx_word' id='word_1_863' title='bbox 2024 5521 2136 5589; x_wconf 85' lang='lat' dir='ltr'><strong>(l7)</strong></span> <span class='ocrx_word' id='word_1_864' title='bbox 2178 5516 2533 5573; x_wconf 77' lang='lat' dir='ltr'><strong>Proverhium</strong></span> <span class='ocrx_word' id='word_1_865' title='bbox 2561 5516 2688 5581; x_wconf 49' lang='grc' dir='ltr'>εει(</span> <span class='ocrx_word' id='word_1_866' title='bbox 2713 5517 2888 5578; x_wconf 88' lang='lat' dir='ltr'><strong>omni.</strong></span> <span class='ocrx_word' id='word_1_867' title='bbox 2918 5519 3033 5573; x_wconf 89' lang='lat' dir='ltr'><strong>sive</strong></span> <span class='ocrx_word' id='word_1_868' title='bbox 3067 5528 3182 5572; x_wconf 90' lang='lat' dir='ltr'><strong>toto</strong></span> <span class='ocrx_word' id='word_1_869' title='bbox 3227 5516 3523 5589; x_wconf 31' lang='lat' dir='ltr'><strong>pedetpro</strong></span> 
     </span>
    </p>
   </div>
   <div class='ocr_carea' id='block_1_119' title="bbox 1951 5586 3522 5712">
    <p class='ocr_par' dir='ltr' id='par_1_119' title="bbox 1951 5586 3522 5712">
     <span class='ocr_line' id='line_1_119' title="bbox 1951 5586 3522 5712; baseline 0.002 -71"><span class='ocrx_word' id='word_1_870' title='bbox 1951 5586 2202 5712; x_wconf 53' lang='lat' dir='ltr'><strong>leodqu&#39;od</strong></span> <span class='ocrx_word' id='word_1_871' title='bbox 2240 5597 2346 5655; x_wconf 87' lang='lat' dir='ltr'><strong>est,</strong></span> <span class='ocrx_word' id='word_1_872' title='bbox 2379 5604 2589 5645; x_wconf 88' lang='lat' dir='ltr'><strong>summa</strong></span> <span class='ocrx_word' id='word_1_873' title='bbox 2619 5590 2668 5642; x_wconf 89' lang='lat' dir='ltr'><strong>vi</strong></span> <span class='ocrx_word' id='word_1_874' title='bbox 2703 5601 3029 5658; x_wconf 86' lang='lat' dir='ltr'><strong>summoque</strong></span> <span class='ocrx_word' id='word_1_875' title='bbox 3071 5586 3358 5644; x_wconf 51' lang='lat' dir='ltr'><strong>nisuCAd&#39;t</strong></span> <span class='ocrx_word' id='word_1_876' title='bbox 3387 5586 3522 5644; x_wconf 83' lang='lat' dir='ltr'><strong>Chi-</strong></span> 
     </span>
     <span class='ocr_line' id='line_1_120' title="bbox 1975 5675 2125 5712; baseline 0.007 -1"><span class='ocrx_word' id='word_1_877' title='bbox 1975 5675 2024 5712; x_wconf 76' lang='lat' dir='ltr'><strong>ta</strong></span> <span class='ocrx_word' id='word_1_878' title='bbox 2065 5676 2125 5712; x_wconf 90' lang='lat' dir='ltr'><strong>as</strong></span> 
     </span>
    </p>
   </div>
   <div class='ocr_carea' id='block_1_120' title="bbox 1975 5659 2125 5714">
    <p class='ocr_par' dir='ltr' id='par_1_120' title="bbox 1975 5659 2125 5714">
     <span class='ocr_line' id='line_1_121' title="bbox 1975 5659 2125 5714; baseline 0.02 -3"><span class='ocrx_word' id='word_1_879' title='bbox 1975 5659 2125 5714; x_wconf 77' lang='lat' dir='ltr'><strong>iadas</strong></span> 
     </span>
    </p>
   </div>
   <div class='ocr_carea' id='block_1_121' title="bbox 3125 5819 3165 5880">
    <p class='ocr_par' dir='ltr' id='par_1_121' title="bbox 3125 5819 3165 5880">
     <span class='ocr_line' id='line_1_122' title="bbox 3125 5819 3165 5880; baseline 0 0"><span class='ocrx_word' id='word_1_880' title='bbox 3125 5819 3165 5880; x_wconf 83' lang='grc'>5</span> 
     </span>
    </p>
   </div>
  </div>
