4038 6212
545 317 647 382 139
1711 322 2034 382 ΙΟΛΝΝΙΞ
2072 325 2091 381 (

2195 323 2605 383 ιῖΤΑΕυΖΕΝΙ
2785 317 2798 331 ’
3695 325 3793 389 HO

539 435 698 487 σθαι·
734 433 939 504 ὄμνυμι
974 436 1037 504 δή
1080 451 1161 487 σοι
1183 434 1273 487 τὸν
1305 435 1559 488 ἁπάντων
1596 431 1788 501 κύριον
1815 434 1909 486 καὶ
1945 433 2170 502 βασιλέα
2210 435 2366 500 Θεὸν,
2389 435 2463 498 ὼς
2489 438 2554 489 ἄν
2583 454 2634 488 τι
2670 439 2906 507 φωράσω
2937 440 3064 510 περὶ
3098 440 3196 510 ἐμὲ
3224 441 3612 512 βουλευόμενον
3673 444 3787 496 κίν-

315 549 341 576 ο
537 525 694 578 δυνον
725 524 1009 594 ἁπειλοῦν,
1040 525 1190 597 πάσῃ
1213 526 1440 596 δυνάμει
1496 525 1588 578 καὶ
1616 523 1723 593 ὅλῳ
1757 523 1879 576 ποδὶ
1913 525 2194 594 χρήσομαι
2227 527 2361 596 πρὸς
2385 529 2585 595 φυγήν.

1952 635 2178 692 CAPUT
2217 636 2360 692 X‘VI.

527 739 801 796 Invenitur
828 741 884 793 in
916 747 1155 809 nepotem
1197 753 1355 792 senex
1385 753 1502 790 cum
1543 737 1717 791 minis.
1759 735 1935 809 Nepos
1965 735 2338 809 veniam‘petit
2387 721 2597 809 delictis
2627 737 2775 809 suis;
2822 735 3002 803 pedem
3033 736 3136 809 illi,
3187 754 3490 809 quanquam
3518 739 3787 809 renitenti.
3819 749 3830 756 '

597 810 955 871 exosculatur,
981 804 1050 860 ἐι
1080 809 1312 862 osculum
1349 809 1411 859 ab
1442 823 1500 860 eo
1541 809 1750 876 recipit.
1799 805 1954 858 Ficta
1998 804 2379 863 reconciliatio.
2407 814 2454 856 et
2488 805 2547 857 ob
2581 805 2635 876 id
2678 806 2838 876 inane
2886 807 3158 875 gaudium.
3200 804 3424 876 Magnus
3473 806 3787 863 domesticus

450 886 502 932 ο
597 883 655 936 in
684 881 1103 950 Peloponnesum
1149 880 1226 931 ire
1255 878 1462 943 jussus,
1500 875 1736 947 nepotem
1766 886 1814 929 et
1846 882 2287 945 protostratorem
2316 876 2564 928 certiores
2605 875 2755 944 facit.
2790 875 2864 929 De
2901 893 2964 929 ea
2997 892 3051 929 re
3081 875 3406 931 consultant.

598 998 725 1050 Haec
767 995 989 1065 juniore
1022 993 1351 1058 disserente,
1397 991 1501 1046 sub
1545 992 1712 1062 janua
1763 988 2091 1044 domuncula

2289 985 2478 1040 Ταῦτα
2509 987 2605 1040 τοῦ
2657 989 2780 1042 νέου
2809 988 3077 1058 βασιλέως
3127 989 3442 1054 διεξιόντος,
3475 993 3502 1043 ό
3540 995 3777 1065 πρεσϐύ·

526 1090 837 1144 consistens
867 1086 1052 1142 senior
1079 1086 1422 1141 auscultabat
1455 1088 1659 1139 omnia.
1695 1084 1763 1138 Et
1805 1087 1869 1137 ad
1900 1094 2095 1137 caetera

438 1237 440 1242 ,
525 1178 750 1248 quidem
802 1186 1008 1242 mutus,
1056 1177 1150 1231 ubi
1204 1177 1342 1247 fuga:
1393 1177 1540 1230 illata
1585 1185 1669 1232 est
1717 1173 2100 1238 mentiozTu,

526 1269 723 1339 inquit,
749 1279 878 1324 tune
899 1277 960 1322 ut
978 1269 1189 1338 fugias?
1211 1268 1372 1337 Atqui
1409 1268 1626 1339 jamjam
1649 1267 2102 1336 comprehensus,

523 1371 578 1414 et
611 1361 847 1414 vinculis
878 1360 1213 1414 constrictus
1250 1358 1545 1424 abducere,
1579 1367 1635 1414 et
1662 1358 1726 1412 ad
1759 1359 1956 1428 captivi
1988 1358 2104 1412 for-

528 1465 713 1505 tunam
741 1451 1008 1518 redigere.
1034 1449 1148 1519 Ego
1173 1465 1304 1503 vero
1335 1465 1438 1504 nec
1468 1449 1642 1503 tribus
1671 1449 1868 1513 obolis,
1903 1449 1947 1502 si
1979 1463 2104 1518 pos-

522 1545 649 1606 sim,
701 1550 754 1596 te
786 1557 818 1595 e
867 1542 1134 1596 servitute
1181 1540 1502 1594 exemerim.
1561 1539 1771 1595 Dehinc
1818 1541 2102 1609 paululum

524 1647 847 1703 progressus
895 1631 1194 1695 :Cernitis,
1231 1631 1406 1700 inquit
1435 1630 1502 1684 ad
1546 1640 1862 1700 praesentes,
1904 1647 2102 1701 quem-

523 1723 819 1779 admodum
863 1724 966 1779 iste
1019 1723 1203 1778 verbis
1247 1723 1382 1776 meis
1429 1722 1588 1776 tidem
1644 1722 1920 1788 conciliet,
1957 1737 2098 1777 con-

501 1828 708 1872 .tumax
759 1815 1034 1879 videlicet,
1082 1829 1142 1869 se
1189 1813 1474 1884 magniﬁce
1523 1813 1991 1882 circumspiciens.
2046 1823 2103 1868 et

525 1907 818 1961 immodice
869 1905 1171 1974 arrogans?
1215 1903 1361 1973 quod
1415 1919 1483 1960 ex
1533 1903 1710 1974 rcipsa
1771 1904 1930 1958 vobis
1967 1903 2101 1960 licet

525 2001 755 2056 discere.
788 1999 1023 2070 Subjicit
1044 1998 1270 2069 junior:
1299 1995 1567 2067 Equidem
1596 2011 1793 2089 neque.
1807 2006 2100 2052 contumax

521 2108 666 2158 sum,
693 2108 871 2162 neque
899 2091 1150 2146 mihimet
1183 2097 1466 2160 tantopere
1499 2089 1700 2160 plaudo
1732 2109 1744 2144 :
1774 2089 1870 2144 sed
1913 2090 2099 2143 multi-

525 2187 698 2240 tudini
733 2197 1084 2253 peccatorum
1121 2199 1366 2237 meorum
1399 2192 1682 2252 acceptum
1722 2182 1920 2246 refero,
1950 2182 2096 2252 quod

525 2277 646 2332 talis
681 2276 779 2330 tibi
824 2275 1035 2330 videar.
1069 2275 1263 2329 'I‘estor
1307 2273 1499 2337 Deum,
1541 2289 1704 2344 quem
1749 2273 1886 2327 nihil
1937 2273 2093 2336 latet,

525 2369 666 2424 haud
702 2384 788 2423 me
821 2369 987 2423 ullam
1037 2369 1252 2437 culpam
1285 2367 1363 2422 ira
1406 2375 1496 2421 tua
1534 2377 1640 2422 tam
1675 2368 1844 2421 atroci
1877 2367 2094 2437 dignam

521 2461 921 2517 commeruisse
973 2459 1319 2530 Quapropter
1349 2460 1646 2529 potentiam
1674 2468 1818 2513 tuam
1843 2459 2094 2524 obsecro,

523 2570 617 2609 seu
668 2554 886 2619 noxius,
936 2568 1030 2608 seu
1081 2551 1338 2606 innoxius
1371 2566 1514 2622 sum,
1543 2551 1676 2604 mihi
1709 2550 1959 2620 ignoscas
1991 2550 2095 2604 :ad

525 2655 648 2697 tuos
673 2643 819 2695 enim
845 2641 1015 2710 pedes
1037 2640 1175 2694 mori
1201 2641 1363 2709 cupio
1390 2639 1700 2704 (insinuans
1725 2639 1828 2694 hac
1847 2639 2095 2710 ambage,

524 2731 744 2785 nonnisi
799 2741 1050 2785 coactura
1079 2732 1146 2786 ab
1173 2746 1239 2785 eo
1269 2733 1657 2794 recessurum).
1691 2730 1755 2785 Et
1783 2731 1942 2785 simul
1971 2745 2095 2786 cum

524 2823 627 2878 hoc
651 2822 801 2876 dicto
829 2821 898 2875 ad
927 2831 1129 2876 terram
1157 2822 1576 2892 procumbebat,
1602 2821 1685 2875 avi
1714 2822 1905 2890 pedem
1936 2837 2096 2876 oscu-

522 2915 770 2980 laturus;
806 2928 970 2983 quem
1008 2913 1099 2968 ille
1133 2913 1377 2967 humeris
1417 2914 1533 2984 ejus
1561 2912 1822 2968 obnitens
1856 2913 2097 2967 abstine—

523 3010 633 3071 bat,
662 3022 724 3062 ac
753 3011 892 3062 ‘vocc
939 3005 1070 3060 item
1106 3005 1458 3076 prohibebat,
1489 3007 1818 3076 tandemque
1859 3005 2096 3074 amplius

440 3140 445 3145 .
520 3101 818 3154 luctantem
868 3098 1080 3168 capillis
1116 3097 1408 3152 retinebat.
1436 3095 1572 3152 Cum
1604 3095 1770 3151 etiam
1822 3097 1923 3160 sic,
1953 3095 2093 3149 sibi-

521 3206 631 3249 met
656 3210 766 3248 non
795 3209 1047 3264 parcens,
1078 3191 1185 3262 50
1214 3191 1266 3245 vi
1307 3206 1520 3245 summa
1545 3201 1817 3262 pergeret,
1847 3199 2096 3246 metuens

519 3302 684 3351 avus,
711 3301 780 3340 ne
805 3285 895 3340 illa
925 3285 1188 3339 violentia
1213 3283 1392 3338 crines
1422 3298 1451 3336 a
1480 3283 1687 3336 vertice
1717 3282 2097 3336 abstraheren-

522 3388 631 3442 tur,
663 3387 863 3431 terram
892 3386 1101 3445 petere,
1126 3383 1182 3429 et
1205 3374 1330 3444 pedi
1353 3375 1600 3428 osculum
1635 3373 1800 3442 ﬁgere
1825 3375 2091 3444 permisit,

519 3476 946 3538 surgentemque
998 3465 1178 3536 capite
1231 3465 1682 3536 apprehendens,
1734 3465 1922 3518 oculos
1977 3465 2096 3534 ejus

518 3560 872 3614 deosculatus
923 3567 1007 3612 est
1059 3557 1195 3627 (18).
1231 3559 1349 3624 Quo
1398 3567 1711 3626 conspecto,
1764 3557 2092 3625 patriarcha,

2210 1095 2368 1147 τερος
2393 1079 2498 1130 ὐπὸ
2548 1081 2642 1141 τὰς
2668 1080 2843 1150 θύρας
2877 1082 3167 1149 ἱστάμενος
3205 1081 3301 1135 τοῦ
3336 1084 3608 1151 οίκίσκου,
3644 1089 3781 1140 πάνυ

2210 1188 2321 1223 των
2361 1173 2696 1241 ἐπηκροᾶτο,
2747 1175 2842 1226 καὶ
2899 1174 3071 1228 τᾶλλα
3103 1175 3216 1244 ,μὲν
3282 1176 3486 1245 ἡνεγκε
3537 1180 3779 1242 σιωπῶν,

2209 1261 2308 1331 τὴν
2338 1262 2516 1334 φυγὴν
2575 1265 2632 1317 δὲ
2690 1267 2951 1330 ἀκούσας,
2988 1265 3060 1317 Σὺ
3089 1265 3154 1330 δ’,
3179 1265 3304 1338 ἔφη,
3361 1269 3536 1342 φεύξῃ
3569 1287 3632 1339 γε
3668 1272 3732 1324 σύ
3764 1291 3778 1337 ;

2222 1353 2367 1407 Ἀλλ’
2401 1356 2528 1408 ὅσον
2555 1355 2712 1409 οὔπω
2747 1357 2810 1410 σὺ
2847 1358 2945 1424 μὲν
2990 1358 3318 1427 συλληφθεὶς
3365 1360 3658 1434 ἀπαχθήσῃ
3691 1363 3782 1417 6s-

2207 1444 2457 1513 σμώτης,
2513 1447 2788 1514 καὶπρὸς
2855 1447 3189 1516 δοριαλώτου
3243 1452 3524 1516 καταστὰς
3580 1455 3779 1524 τύχην.

2218 1535 2362 1604 Ἐγὼ
2393 1537 2438 1589 δ’
2477 1537 2598 1588 οὐδέ
2627 1537 2798 1607 τριῶν
2826 1538 3030 1591 ὀϐολῶν
3077 1539 3326 1609 ἐθελήσω
3371 1541 3642 1596 λύσασθαι
3679 1544 3781 1614 τῆς

2163 1628 2440 1691 -δουλίας.
2494 1625 2626 1681 Εἶτα
2691 1629 2887 1699 μικρὸν
2942 1631 3172 1696 προϐὰς,
3218 1631 3439 1700 Ὁρᾶτε,
3477 1634 3579 1704 ἐφη
3641 1636 3784 1704 πρὸς

2207 1721 2331 1783 τοὺς
2359 1721 2656 1789 παρόντας,
2687 1724 2834 1784 ὅπως
2865 1725 2978 1784 τοῖς
3010 1724 3164 1792 ἐμοῖς
3197 1723 3376 1790 λόγοις
3426 1718 3583 1787 οὗτος
3639 1743 3779 1794 συμ-

2212 1814 2506 1882 μαρτυρεῖ,
2553 1813 2791 1882 σκληρὸς
2821 1813 2897 1865 ὣν
2931 1815 3028 1866 καὶ
3063 1813 3332 1885 αὐθάδης,
3366 1816 3460 1868 καὶ
3495 1818 3636 1888 πέρα
3681 1817 3778 1870 τοῦ

2205 1905 2420 1966 δέοντος
2451 1904 2667 1969 ἀλαζών
2695 1924 2708 1971 ;
2750 1907 2850 1975 ἤδη
2884 1908 2978 1958 καὶ
3011 1907 3144 1977 ὑμῖν
3199 1909 3315 1960 ἐστι
3346 1909 3537 1978 σαφῶς
3571 1912 3634 1963 ἐκ
3666 1911 3777 1963 τῶν

2203 1995 2550 2065 πραγμάτων
2581 1996 2945 2066 καταμαθεῖν.
2961 1996 3026 2052 Ὀ
3049 1997 3171 2061 νέος
3192 1998 3237 2051 δ’
3269 1999 3636 2068 ’Δνδρόνικος,
3654 2000 3778 2056 Ἐπ’

2203 2087 2486 2156 ἀληθείας,
2516 2083 2692 2156 εἶπεν,
2742 2082 2786 2141 ὦ
2818 2087 3066 2158 βασιλεῦ,
3099 2089 3225 2143 οὔτε
3263 2091 3496 2162 σκληρός
3526 2095 3644 2162 εἰμί
3670 2111 3778 2159 τις,

2200 2177 2326 2232 οὔτε
2356 2179 2596 2250 αὐθάδης
2622 2197 2636 2210 ·
2679 2180 2814 2233 ἀλλὰ
2847 2181 2956 2234 τῶν
2975 2175 3158 2253 ⁴ἐμῶν
3215 2183 3506 2254 ἁμαρτιῶν
3541 2187 3570 2238 6
3598 2185 3773 2256 σωρὸς

2200 2272 2444 2326 τοιοῦτον
2471 2269 2611 2326 εῖναι
2641 2272 2932 2342 φαίνεσθαί
2965 2290 3048 2326 σοι
3080 2276 3263 2326 ποιεῖ·
3300 2275 3412 2343 ἐγὼ
3440 2276 3485 2328 δ’
3515 2277 3606 2329 ἐπὶ
3634 2279 3774 2346 μάρι

2201 2385 2324 2436 τυρι
2356 2367 2501 2435 λέγω
2533 2366 2611 2436 τῷ
2645 2367 2808 2418 εἰδότι
2836 2367 3014 2420 πάντα
3040 2367 3180 2437 Θεῷ,
3218 2369 3294 2431 ὡς
3347 2370 3496 2422 οὐδὲν
3529 2371 3773 2425 τοιοῦτον

2199 2459 2423 2531 ἐμαυτῷ
2479 2459 2697 2513 σύνοιδα
2723 2459 3069 2530 εἰργασμένῳ
3100 2461 3176 2524 ὡς
3209 2461 3358 2526 ἄξιον
3403 2459 3542 2517 εἶναι
3566 2465 3662 2535 τῆς
3685 2482 3774 2518 το·

2201 2552 2404 2620 σαύτης
2440 2551 2632 2620 ὀργῆς.
2656 2551 2747 2603 Διὸ
2772 2551 2836 2622 δὴ
2875 2553 2970 2604 καὶ
3009 2552 3200 2622 δέομαι
3237 2554 3331 2606 τοῦ
3381 2555 3475 2608 σοῦ
3531 2558 3770 2627 κράτους

2201 2643 2538 2713 συγγνώμης
2595 2643 2698 2696 κάν
2732 2659 2794 2694 τε
2851 2643 3101 2715 ἥμαρτον
3149 2648 3357 2714 τυχεῖν,
3417 2647 3517 2700 κάν
3551 2665 3611 2700 τε
3669 2649 3767 2719 μή.

2199 2735 2342 2805 Πρὸς
2376 2732 2499 2796 τοὺς
2537 2734 2702 2796 πόδας
2735 2733 2842 2805 γάρ
2871 2725 3094 2804 ἐφίεμαι
3123 2737 3249 2799 τοὺς
3287 2738 3412 2800 σούς
3477 2739 3769 2793 ἀποθανεῖν

2198 2825 2615 2897 (αἰνιττόμενος,
2666 2809 2752 2888 ὡς
2785 2827 2977 2880 οὐκᾶν
3029 2828 3195 2881 αὐτοῦ
3261 2829 3576 2900 βουλήσοιτο
3636 2833 3768 2884 ἀπο-

2199 2916 2394 2986 στῆναι
2429 2917 2598 2986 χωρίς
2651 2917 2897 2987 ἀνάγκης
2926 2918 2968 2986 ).
3015 2918 3169 2988 Ἀμα
3207 2919 3261 2972 δέ
3291 2919 3504 2983 τούτοις
3539 2923 3652 2983 τοῖς
3680 2920 3768 2974 λό-

2197 3024 2316 3074 γοις
2383 3007 2477 3059 καὶ
2515 3006 2652 3076 πρὸς
2705 3007 2809 3075 γῆν
2851 3008 3204 3061 κατεκλίνετο
3237 3011 3620 3080 ἀσπασόμενος
3675 3010 3768 3062 τὸν

2200 3098 2338 3152 πόδα
2386 3097 2478 3150 τοῦ
2531 3097 2816 3167 βασιλέως.
2864 3098 2923 3152 '0
2976 3098 3022 3150 δ’
3075 3100 3258 3168 ἀνεῖχε
3321 3100 3621 3170 λαϐόμενος
3671 3100 3768 3152 τοῦ

2197 3191 2369 3260 ὤμου.
2402 3191 2517 3261 ἅμα
2551 3191 2646 3244 καὶ
2680 3190 2862 3258 λόγοις
2893 3193 2952 3244 τὸ
2985 3193 3146 3262 ἔργον
3178 3192 3559 3261 ἀπαγορεύων.
3606 3193 3695 3255 Ὠς
3721 3193 3767 3245 δ’

2198 3282 2347 3352 ἐώρα
2376 3284 2720 3352 βιαζόμενον,
2758 3285 2919 3350 ἀφεὶς
2948 3285 3039 3335 τὸν
3056 3277 3228 3352 ὦμον,
3256 3284 3476 3336 ἐλάϐετο
3507 3283 3614 3335 τῶν
3647 3300 3768 3353 τρι-

2196 3367 2334 3444 χῶνζ
2381 3372 2471 3435 Ὠς
2497 3373 2552 3424 δὲ
2585 3373 2678 3424 καὶ
2730 3371 2907 3434 οὔτως
2946 3371 3223 3438 ἐϐιάζετο,
3259 3371 3496 3440 ἀφειδῶν
3541 3373 3766 3435 ἐαυτοῦ,

2195 3445 2376 3525 δείσας
2405 3465 2432 3515 6
2463 3463 2685 3525 πάππος
2718 3462 2792 3532 μὴ
2823 3465 2889 3533 τῇ
2935 3462 3026 3533 βίᾳ
3063 3466 3162 3532 τῆς
3193 3463 3439 3532 κεφαλῆς
3472 3463 3768 3516 διαστῶσιν

2197 3557 2253 3608 ai
2281 3556 2488 3625 τρίχες,
2522 3554 2752 3606 ἐνέδωκε
2804 3554 2902 3623 τὴν
2943 3554 3266 3607 κατάκλισιν
3289 3571 3304 3586 ⁸
3338 3557 3365 3607 6
3415 3556 3470 3609 δέ
3502 3557 3770 3608 κατακλι-

517 3652 720 3721 quique
751 3651 980 3705 aderant
1026 3664 1303 3720 proceres,
1347 3649 1453 3703 hoc
1487 3650 1712 3704 minime
1746 3650 1970 3702 dubium
2003 3665 2091 3703 re-

2199 3648 2312 3711 θεὶς
2340 3649 2626 3716 ἠσπάσατο
2645 3647 2744 3699 ’τὸν
2774 3647 2907 3700 πόδα
2925 3647 3014 3700 τοῦ
3039 3647 3326 3718 βασιλέως.
3360 3645 3471 3701 Εἶτ’
3496 3649 3771 3701 ἀναστάνο

517 3744 838 3812 dintegrata:
867 3741 1015 3794 inter
1045 3741 1404 3810 imperatores
1427 3741 1680 3794 amicitiae
1710 3741 2089 3810 argumentum

518 3833 640 3894 rati.
679 3831 1028 3901 ingeminatis
1069 3832 1317 3897 vocibus,
1355 3831 1466 3886 Deo
1498 3833 1648 3902 pacis
1683 3831 1924 3902 largitori
1966 3847 2092 3902 gra-

518 3924 620 3976 tias
653 3936 834 3992 agere.
880 3920 1022 3987 Quin
1066 3931 1122 3975 et
1160 3922 1351 3992 junior
1386 3923 1682 3990 imperator
1724 3937 1845 3974 cum
1896 3936 2091 3991 magno

516 4014 841 4075 domestico.
876 4024 930 4068 et
963 4022 1362 4083 protostratore
1393 4015 1666 4067 seniorem
1697 4013 1970 4082 placatum
2005 4028 2091 4067 ar-

515 4099 725 4165 bitrati,
760 4101 947 4154 laetitia
989 4101 1294 4165 exsultare,
1330 4101 1584 4168 diemque
1620 4102 1774 4154 illum
1816 4102 2092 4157 candidis-

514 4193 713 4243 simum
763 4191 1032 4258 judicare.
1083 4191 1148 4242 Et
1197 4191 1416 4244 rediens
1466 4191 1710 4253 domum,
1763 4207 1956 4260 nepos,
2003 4194 2089 4247 in-

515 4297 701 4350 quam,
733 4294 1016 4333 sermones
1047 4280 1101 4332 in
1129 4281 1336 4348 judicio
1363 4281 1578 4336 habitos
1611 4284 1934 4336 necessariis
1972 4284 2087 4337 suis

515 4370 892 4432 memorabat;
922 4370 1017 4438 qui
1062 4384 1253 4424 omnes
1286 4385 1394 4423 una
1426 4370 1569 4424 diem
1605 4371 1802 4426 festum
1832 4387 2086 4426 commu-

515 4463 685 4517 nibus
728 4461 944 4531 gaudiis
987 4461 1315 4530 exigebant;
1364 4461 1654 4533 Syrgianni
1699 4465 1923 4534 insuper
1968 4463 2102 4523 acta

514 4552 944 4624 perscribentes,
979 4562 1038 4606 ut
1065 4561 1118 4605 et
1153 4554 1270 4622 ipse
1297 4553 1558 4622 gauderet
1584 4571 1706 4608 cum
1732 4559 1922 4612 amicis
1956 4575 2086 4627 gau-

513 4646 792 4709 dentibus,
821 4660 1000 4714 neque
1043 4660 1102 4699 se
1132 4646 1239 4700 ulla
1272 4646 1324 4699 in
1370 4655 1650 4715 posterum
1677 4662 1808 4702 cura
1839 4665 2087 4705 macera-

514 4745 627 4800 ret;
680 4745 872 4806 utpote
925 4738 1152 4806 abjectis
1194 4738 1304 4808 jam
1356 4737 1636 4806 prioribus
1701 4742 1979 4806 consiliis,
2030 4753 2086 4798 et

513 4829 696 4883 stabili
746 4828 893 4884 inter
927 4831 1288 4898 imperatores
1320 4830 1614 4884 concordia
1663 4843 1916 4888 revocata
1952 4850 2085 4889 con-

512 4920 672 4976 fectis
703 4922 959 4976 omnibus
991 4937 1058 4976 ex
1106 4922 1396 4976 sententia.
1432 4921 1548 4977 Hoc
1591 4925 1738 4978 enim
1771 4938 1891 4981 erat
1935 4930 2080 4996 quod

2194 3758 2284 3803 τος
2323 3740 2420 3808 τῆς
2473 3739 2715 3809 κεφαλῆς
2764 3739 3064 3808 λαϐόμενος
3092 3742 3119 3792 6
3169 3739 3443 3809 βασιλεὺς,
3483 3741 3764 3808 κατεφίλει

2191 3829 2290 3890 τὰς
2319 3826 2494 3896 ὄψεις.
2521 3827 2692 3878 Τοῦτο
2715 3826 2779 3895 δὴ
2809 3829 2836 3879 6
2879 3829 3226 3898 πατριάρχης
3267 3829 3364 3881 καὶ
3394 3829 3444 3880 οἱ
3479 3829 3579 3898 τῆς
3633 3845 3765 3895 συγ·

2193 3919 2392 3988 κλήτου
2452 3919 2716 3990 παρόντες
2780 3920 3000 3983 ἰδόντες,
3036 3925 3130 3972 καὶ
3159 3921 3455 3989 διαλλαγῆς
3489 3921 3765 3986 ἀπόδειξιν

2192 4010 2513 4080 νομίσαντες
2546 4011 2648 4081 ἢδη
2681 4010 2905 4088 βεϐαίας
2931 4011 3037 4064 τῶν
3060 4012 3344 4082 βασιλέων,
3378 4013 3578 4076 πολλάς
3623 4014 3766 4082 ἀφῆ.

2191 4114 2294 4150 καν
2323 4098 2501 4165 φωνάς
2528 4099 2980 4168 εὐχαριστοῦντες
2999 4101 3118 4171 Θεῷ
3144 4101 3220 4170 τῷ
3248 4101 3469 4172 χορηγῷ
3487 4106 3584 4171 τῆς
3612 4104 3767 4172 εἰρή-

2191 4207 2309 4257 νης.
2347 4191 2455 4241 Καὶ
2486 4189 2649 4252 αὐτὸς
2687 4191 2741 4242 δὲ
2778 4191 3028 4259 βασιλεὺς
3059 4194 3086 4244 6
3130 4193 3246 4255 νέος
3277 4195 3372 4244 καὶ
3403 4192 3454 4244 oi
3499 4194 3627 4262 περὶ
3662 4196 3767 4245 αὐ-

2189 4281 2302 4345 τὸν,
2339 4279 2658 4350 διηλλάχθαι
2693 4283 3016 4351 νομίσαντες
3045 4284 3122 4353 τῷ
3156 4285 3364 4354 ἐγγόνῳ
3391 4284 3484 4337 τὸν
3514 4283 3765 4355 βασιλέα,

2190 4372 2412 4443 ἔχαιρόν
2448 4389 2504 4425 τε
2534 4373 2714 4438 αὐτοὶ,
2751 4374 2844 4426 καὶ
2869 4374 3123 4444 εὐτυχίας
3160 4374 3337 4445 ἄκρας
3393 4374 3624 4444 ἡγοῦντο
3662 4379 3767 4447 τὴν

2189 4467 2404 4535 ἡμέραν
2446 4465 2689 4534 ἐκείνην.
2731 4467 2826 4518 Ἐκ
2854 4467 2963 4519 τῶν
3003 4467 3290 4536 βασιλείων
3341 4469 3524 4520 οἴκαδε
3580 4469 3609 4520 6
3639 4474 3769 4533 νέος

2189 4556 2446 4627 βασιλεὺς
2473 4556 2748 4624 ἀπελθὼν,
2772 4558 3008 4626 διηγεῖτό
3036 4575 3094 4610 τε
3125 4562 3235 4623 τοῖς
3259 4559 3432 4626 φίλοις
3462 4559 3589 4623 τοὺς
3617 4563 3772 4615 κατὰ

2186 4648 2286 4720 τὴν
2341 4649 2496 4718 δίκην
2545 4650 2758 4718 λόγους,
2793 4650 3149 4721 συνεόρταζόν
3187 4668 3247 4703 τε
3304 4655 3396 4704 καὶ
3435 4653 3771 4723 συνέχαιρον

2187 4738 2440 4808 ἀλλήλοις
2463 4757 2478 4771 ·
2509 4741 2780 4810 μηνύουσι
2803 4741 2866 4811 δὴ
2900 4741 2992 4792 καὶ
3021 4741 3332 4813 Συργιάννῃ
3366 4743 3435 4794 τά
3467 4743 3766 4810 γεγονότα,

2184 4829 2260 4892 ὼς
2299 4830 2367 4883 ἂν
2395 4831 2491 4883 καὶ
2547 4830 2711 4893 αὐτὸς
2749 4831 3027 4903 συγχαίρῃ
3083 4835 3196 4894 τοῖς
3254 4833 3434 4900 φίλοις
3472 4833 3767 4902 χαίρουσι,
3811 4833 3818 4842 ’

2186 4922 2280 4974 καὶ
2315 4921 2588 4992 μηδεμίαν
2624 4921 2724 4993 ἔχῃ
2780 4923 3046 4991 φροντίδα
3104 4927 3381 4994 τήκουσαν
3413 4925 3507 4993 τὴν
3547 4922 3767 4994 ψυχὴν,

511 5011 655 5064 votis
681 5026 1058 5080 saepenumero
1084 5012 1415 5081 petiverant,
1447 5023 1504 5065 ut
1525 5027 1660 5067 avus
1681 5014 1864 5067 odium
1891 5028 2082 5070 contra

2195 5014 2260 5076 ὡς
2299 5013 2407 5065 τῶν
2442 5015 2725 5082 προτέρων
2777 5013 2879 5084 ἠδη
2929 5014 3316 5084 βουλευμάτων
3369 5015 3766 5082 διαλυθέντων,

511 5111 769 5169 nepotem
827 5101 1166 5170 deponeret,
1242 5102 1457 5171 ipsique
1518 5102 1888 5168 periculorum
1938 5117 2083 5160 metu

509 5191 672 5246 soluti
718 5207 780 5246 ac
827 5192 1005 5252 liberi,
1046 5191 1210 5245 vitam
1245 5191 1509 5260 placidam
1544 5202 1597 5245 et
1631 5194 1872 5261 quietam
1918 5193 2085 5263 dege-

2184 5103 2279 5153 καὶ
2333 5101 2556 5171 βεῆαίας
2613 5103 2838 5172 εἰρήνης
2870 5107 3247 5174 γεγενημένης
3302 5107 3418 5167 τοῖς
3447 5103 3765 5172 βασιλεῦσι,

2187 5194 2283 5246 καὶ
2317 5195 2437 5246 κατ’
2465 5194 2630 5264 εὐχὴν
2657 5196 2843 5257 αὐτοῖς
2893 5196 3000 5249 τῶν
3031 5195 3378 5266 πραγμάτων
3433 5201 3734 5267 κεχωρηκό
3754 5230 3766 5240 -

1778 5307 1995 5368 Jacobi
2031 5310 2302 5370 Pontani-
2329 5317 2515 5372 notae.

580 5411 692 5479 (18)
733 5410 916 5465 Monet
967 5425 1054 5465 me
1113 5421 1378 5463 numerus
1427 5407 1837 5479 multitudinis,
1901 5419 1960 5465 ut
2003 5411 2072 5466 de

509 5478 686 5537 oculis
727 5479 995 5548 accipiam
1030 5496 1043 5532 :
1075 5479 1293 5538 tametsi
1337 5478 1498 5545 paulo
1534 5479 1674 5534 infra
1719 5480 1854 5533 dicit
1899 5480 2070 5546 πρόσ-

507 5567 678 5613 ωπον,
705 5549 898 5602 faciem
933 5549 1238 5603 oseulatum
1266 5563 1408 5612 esse,
1440 5565 1563 5602 nam
1591 5561 1644 5604 et
1673 5549 1816 5603 oculi
1849 5559 1974 5602 sunt
2012 5551 2068 5603 in

507 5619 670 5688 faciei.
735 5617 932 5688 Labia,
983 5633 1173 5688 genas.
1231 5619 1441 5681 oculos,
1509 5619 1766 5677 frontem.
1807 5620 2066 5688 collum,

507 5687 746 5740 osculari
775 5702 891 5739 mos
917 5687 1040 5749 fuit,
1065 5688 1218 5740 vario
1263 5688 1389 5746 line,
1412 5703 1506 5740 seu
1541 5690 1754 5741 diversa
1789 5687 1856 5740 de.
1878 5704 2066 5743 causa.

457 5758 461 5762 ’
514 5755 618 5810 Sed
669 5755 881 5820 oculos,
933 5757 1077 5826 quod
1128 5771 1254 5812 cum
1307 5758 1419 5812 sint
1451 5755 1658 5812 indices
1705 5759 1894 5825 animi,
1937 5759 2071 5829 ipsis

2176 5413 2496 5493 osculandis
2526 5415 2768 5493 animum
2798 5416 3468 5493 ipsamcontingeresibi
3490 5419 3761 5493 videren-

2179 5494 2288 5536 tur.
2333 5484 2430 5564 De_
2456 5485 2779 5564 osculorutn
2813 5484 3272 5564 generibusvide
3324 5491 3570 5564 Lipsium
3612 5491 3767 5564 Eie-

2173 5555 2471 5678 ft3£;;el;b.
2507 5570 2542 5618 ι,
2593 5571 2716 5630 cap.
2749 5558 2803 5622 6,
2819 5555 2894 5612 *ει
2929 5560 3205 5631 symbolas
3244 5555 3464 5617 nostr'as
3509 5559 3564 5613 in
3611 5559 3764 5621 illud

2277 5641 2287 5656 ο
2367 5641 2480 5678 ι.;

2277 5641 2438 5678 ιιιεια.
2461 5641 2480 5679 ἔ

2245 5715 2377 5770 Cum
2412 5717 2559 5771 dabit
2584 5721 2882 5791 amplexus,
2912 5732 3071 5793 latque
3089 5726 3271 5782 oscula
3298 5724 3475 5780 dulcia
3498 5726 3650 5798 ﬁget.
