4038 6212
458 307 565 375 343

1648 307 1974 370 JOANNIS
2010 306 2504 371 CANTACUZEN
2513 306 2541 366 Ι

3597 304 3707 369 Ιέί

449 419 764 475 aumndabit
842 418 1201 489 celeriterque
1243 416 1514 489 proﬁcisci
1559 417 1870 490 compellet.
1919 417 2017 475 Ubi

2128 420 2262 473 πᾶσι
2284 418 2372 472 διὰ
2403 418 2504 488 τὴν
2564 415 2800 486 μόνωσιν
2851 409 3006 469 οῦσιν
3051 414 3484 482 ἀσθενεστάτοις,
3516 415 3591 487 ἢν
3636 418 3705 472 ειν

445 528 547 569 vos
583 512 934 576 illustriores,
964 520 1017 567 et
1048 513 1166 584 ipsa
1201 515 1379 584 capita
1412 528 1443 567 e
1486 512 1666 567 medio
1699 512 2019 575 removet-it,

442 617 562 662 tum
594 607 704 678 jam
733 615 786 661 et
818 606 1082 676 reliquos,
1107 607 1153 662 si
1178 607 1272 676 qui
1303 615 1450 670 sunt,
1480 604 1850 675 investigabit,
1884 611 2024 657 tota-

445 713 555 769 que
584 713 639 752 re
669 706 829 753 antea
860 712 925 751 ex
953 712 1048 751 sua
1082 696 1355 752 sententia
1386 694 1525 749 bene
1554 694 1875 756 conStituta,
1903 701 2023 746 tan-

449 789 570 843 dem
608 803 705 857 pro
748 786 1095 855 catastrophe
1146 785 1213 839 ad
1248 802 1333 840 me
1367 799 1605 855 quoque,
1654 794 1716 838 ut
1759 792 2021 853 superatu

449 877 684 940 facilem,
718 893 778 934 se
811 886 1089 932 convertet
1131 877 1264 947 (l9).
1311 876 1464 931 Dicet
1506 875 1805 946 quispiam,
1835 874 1915 937 Si,
1962 885 2023 929 ut

446 973 549 1034 ais,
602 980 652 1025 te
698 970 895 1024 horum
946 968 1190 1023 virorum
1242 966 1499 1036 praesidio
1551 966 1763 1020 nudare
1810 965 2017 1029 volens,

446 1063 759 1134 provincias
782 1063 837 1116 in
862 1061 1244 1117 remotissimis
1276 1061 1507 1115 Romani
1537 1059 1755 1130 imperii
1779 1058 1892 1113 oris
1914 1058 2022 1113 illis

447 1156 731 1220 describit,
758 1154 1068 1224 expeditius
1090 1161 1210 1208 erat
1238 1153 1356 1208 sine
1380 1153 1571 1218 dubio,
1601 1152 1880 1221 multoque
1911 1149 2020 1204 uti-

381 1293 393 1305 .
445 1248 573 1314 lius,
600 1248 644 1302 si
681 1246 749 1302 iis
780 1242 1161 1317 apprehensis,
1182 1254 1239 1301 et
1260 1245 1512 1300 custodia
1538 1245 1762 1308 clausis,
1784 1245 1933 1299 curis
1962 1259 2020 1299 se

447 1339 600 1394 hisee
634 1339 876 1394 exuisset
904 1357 917 1393 :
945 1338 1076 1410 quid
1122 1338 1270 1393 enim
1305 1347 1409 1402 est,
1457 1337 1605 1407 quod
1649 1337 1794 1391 istuc
1840 1336 2021 1393 facere

451 1432 740 1500 prohibeat
774 1430 1202 1501 imperatorem?
1230 1429 1417 1495 Recte,
1463 1429 1606 1499 quod
1648 1429 1802 1482 illum
1838 1428 2022 1497 prohi-

449 1524 593 1587 beat,
628 1524 766 1577 nihil
797 1533 883 1578 est
911 1539 927 1587 ;
956 1523 1060 1593 52
1105 1521 1213 1577 Sed
1259 1520 1539 1587 callidum,
1575 1534 1791 1589 usuque
1833 1535 2018 1575 rerum

446 1619 666 1671 doctum
700 1617 1083 1685 imperatorem
1115 1628 1457 1683 nequaquam
1492 1612 1650 1677 fallit,
1694 1611 1842 1666 haud
1883 1628 2022 1667 cou-

447 1708 669 1771 ducere,
702 1707 1020 1778 priusquam
1068 1706 1338 1776 exquisite
1368 1705 1536 1770 norit,
1572 1713 1706 1775 quot
1734 1714 1790 1759 et
1829 1705 2021 1775 quales

446 1800 579 1864 sint,
613 1798 703 1869 qui
747 1812 962 1852 mecum
1004 1798 1319 1853 societatem
1351 1795 1640 1862 coiverint,
1667 1796 1735 1850 ad
1765 1811 2015 1867 pugnau-

447 1891 577 1945 dum
600 1889 850 1944 cominus
871 1887 1115 1958 aggredi.
1139 1886 1464 1941 Titnendum
1496 1887 1663 1950 enim,
1685 1902 1754 1941 ne
1782 1887 1831 1941 si
1857 1884 2015 1942 tnulti

448 1984 581 2050 sint,
612 1996 677 2036 ac
710 1979 1102 2049 potentissimi,
1133 1996 1302 2035 unum
1334 1979 1581 2050 quidem,
1614 1979 1918 2033 alterumve
1959 1980 2016 2034 in

447 2072 667 2128 vincula
700 2071 918 2126 tradere
941 2078 1140 2140 queat;
1173 2071 1389 2126 caeteris
1412 2081 1595 2125 autem
1621 2069 1732 2141 jam
1764 2085 2017 2126 necessa-

448 2163 534 2216 rio
580 2159 1015 2233 conjurautibus,
1065 2160 1300 2230 cogitata
1353 2158 1616 2229 perlicere
1663 2174 1769 2213 non
1818 2159 2012 2229 possit.

444 2252 735 2308 Probabile
788 2266 953 2322 porro
998 2260 1104 2314 est,
1149 2266 1274 2306 eum
1305 2251 1660 2320 'existimare,
1719 2253 1922 2307 multos
1962 2261 2018 2307 et

444 2346 737 2417 opulentos
777 2353 1091 2397 nostrarum
1133 2358 1257 2398 esse
1291 2345 1549 2414 partium.
1596 2343 1732 2401 Nam
1773 2332 1920 2416 quod
1960 2345 2016 2399 in

442 2436 652 2511 judicio
680 2436 1082 2491 nudiustertius
1107 2450 1207 2506 ego
1236 2436 1384 2491 solus
1417 2437 1772 2506 interceptus,
1799 2446 1854 2491 et
1881 2452 2017 2491 con—

448 2528 635 2583 clusus
677 2541 786 2581 non
823 2525 1064 2590 concidi,
1113 2539 1292 2595 neque
1340 2525 1627 2581 timiditate
1672 2526 1852 2596 aliqua
1885 2542 2017 2581 cou-

446 2635 662 2683 cnssus.
691 2618 861 2674 multa
893 2633 1017 2673 cum
1055 2615 1276 2681 fiducia,
1307 2617 1693 2686 constantique
1725 2619 1927 2682 animo,
1961 2626 2018 2672 et

449 2711 669 2782 ingenio
715 2707 1055 2773 contradixi;
1107 2706 1363 2777 quodque
1406 2707 1670 2774 accessit,
1714 2718 1775 2763 ut
1812 2707 2018 2763 Melite-

452 2803 638 2859 nensis
682 2800 911 2855 vcniens
944 2799 1240 2865 nuntiaret,
1273 2798 1408 2854 l‘oris
1442 2808 1589 2856 stare
1621 2800 1887 2870 quosdam
1919 2816 2019 2872 po-

453 2904 652 2957 tentes,
688 2906 808 2946 mca
856 2905 1017 2945 causa
1050 2899 1269 2959 paratos
1314 2891 1381 2945 ad
1432 2892 1637 2956 omnia,
1670 2908 1780 2946 non
1827 2907 2018 2962 parum

451 2987 574 3058 ejus
618 2984 848 3042 consilia
899 2985 1137 3039 turbavit
1174 3001 1190 3039 ι
1221 2984 1365 3039 unde
1404 2986 1589 3040 statim
1642 2986 1839 3041 throno
1870 2991 2019 3043 exsi-

2132 509 2379 580 βούλοιτο
2407 509 2566 579 δίκην
2595 508 2867 577 ἐπιθήσει.
2904 507 3019 561 Νῦν
3056 508 3157 578 μέν
3186 504 3280 562 οὖν
3312 508 3398 561 σοὶ
3428 509 3530 578 τὴν
3563 510 3702 580 πρὸς

2126 600 2533 668 Πελοπόννησον
2569 600 2833 664 ἐπέταξεν
2875 599 3120 655 ἀπιέναι.
3153 599 3250 664 Είς
3278 602 3378 671 τὴν
3406 600 3699 670 ὑστεραίαν

2122 694 2180 745 δὲ
2233 690 2682 763 πρωτοστράτορι
2734 690 2927 761 ἑτέραν
2972 690 3133 761 δῆθεν
3168 692 3347 762 ἀρχήν
3398 708 3520 745 τινα
3560 692 3698 761 πρὸς

2121 786 2242 846 ταῖς
2302 783 2576 853 ἐσχατιαῖς
2623 782 2723 850 τῆς
2769 782 3057 851 Ῥωμαίων
3105 782 3210 853 γῆς
3238 782 3559 854 ὲγχειρίσει,
3606 783 3701 836 καὶ

2123 873 2535 941 καταναγκάσει
2560 875 2696 945 πρὸς
2724 873 2888 943 τάχος
2923 890 2987 941 γε
3033 875 3254 928 ἀπιέναι
3278 888 3294 905 ⁸
3330 875 3476 945 ὑμᾶς
3521 875 3570 929 δ’
3605 877 3696 928 ἐκ·

2123 965 2303 1019 ποδῶν
2341 967 2577 1035 ποιήσας
2622 966 2751 1029 τοὺς
2779 967 3299 1038 περιφανεστέρους,
3323 966 3435 1021 τότ’
3462 967 3564 1039 ήδη
3599 967 3694 1020 καὶ

2122 1057 2251 1127 περὶ
2279 1056 2483 1127 ἐτέρων
2504 1056 2559 1109 εῖ
2603 1056 2710 1126 πέρ
2758 1057 2899 1110 εἰσιν
2935 1058 3310 1127 ἀνερευνήσει.
3345 1058 3530 1113 Πάντα
3553 1058 3601 1111 δ’
3624 1058 3700 1119 ὡς

2123 1146 2190 1200 ἀν
2211 1145 2358 1216 αὐτῷ
2411 1145 2591 1208 καλῶς
2621 1145 2735 1216 ἔχοι
2780 1147 3047 1217 πρότερον
3082 1147 3437 1218 διαθέμενος,
3490 1150 3571 1212 ὡς
3596 1150 3698 1221 ήδη

2122 1239 2262 1309 πρὸς
2289 1238 2673 1309 καταστροφήν
2726 1237 3144 1309 εὐεπιχείρητον
3196 1238 3425 1310 ὕστερον
3453 1241 3698 1311 χωρήσει

2122 1329 2217 1382 καὶ
2251 1330 2392 1401 πρὸς
2435 1329 2557 1399 ἐμέ.
2603 1329 2744 1383 Ἀλλ’
2793 1329 2921 1393 ἴσως
2974 1331 3094 1400 ἐρεῖ
3128 1347 3237 1395 τις,
3259 1330 3335 1394 ῶς
3371 1329 3437 1383 Et
3459 1347 3526 1400 γε
3555 1333 3697 1386 κατὰ

2121 1418 2279 1486 λόγον
2309 1420 2399 1473 τὸν
2431 1419 2522 1473 σὺν
2572 1421 2632 1473 σέ
2660 1421 2764 1491 τῆς
2795 1420 2904 1475 ἀπὸ
2940 1421 3149 1475 τούτων
3175 1423 3501 1494 ἐπιχωρίας
3552 1425 3695 1477 ἀπο-

2123 1511 2385 1581 στερῆσαι
2438 1512 2761 1583 βουλόμενος
2812 1512 2989 1584 ἀρχὰς
3022 1515 3207 1579 αὐτοῖς
3255 1516 3555 1587 ὲγχειρίσει
3593 1518 3697 1577 τὰς

2123 1605 2181 1657 ἐν
2213 1606 2501 1675 ἐσχατιαῖς
2530 1605 2633 1675 τῆς
2668 1605 2958 1675 Ῥωμαίων
3011 1606 3209 1678 ἀρχῆς,
3259 1608 3390 1678 ῥᾷον
3423 1603 3493 1678 ἦν
3519 1607 3695 1679 δήπου

2122 1695 2221 1749 καὶ⁵
2241 1694 2682 1766 λυσιτελέστερον
2734 1696 2869 1750 πολὺ
2920 1697 3252 1750 συλλασόντα
3284 1700 3380 1752 καὶ
3406 1698 3701 1752 κατακλεί-

2123 1803 2294 1842 σαντα
2326 1789 2541 1860 φρουρᾷ
2576 1789 2676 1859 τῆς
2725 1789 2835 1844 ἀπὸ
2864 1788 3069 1844 τούτων
3096 1789 3446 1861 ἀπηλλάχθαι
3479 1791 3702 1861 φροντί-

2121 1880 2244 1942 δος·
2273 1879 2329 1933 τί
2360 1880 2470 1949 γὰρ
2495 1879 2647 1933 ἔσται
2673 1881 2735 1933 τὸ
2784 1880 3031 1935 κωλῦσον
3071 1881 3168 1935 τοῦ
3202 1881 3375 1937 ταῦτα
3405 1884 3700 1953 καταπρά-

2122 1970 2318 2041 ξασθαι
2349 1972 2442 2026 τὸν
2475 1972 2738 2042 βασιλέας
2779 1974 2889 2028 Καὶ
2916 1973 3042 2027 νοῦν
3066 1973 3257 2045 ἔχοντα
3291 1975 3451 2043 λόγον
3471 1978 3608 2045 ἐρεῖ,
3635 1977 3701 2028 τὸ

2124 2063 2366 2118 κωλῦσον
2398 2065 2499 2135 μὲν
2533 2064 2628 2119 οῦν
2660 2065 2838 2119 οὐδέν.
2878 2066 3105 2121 Συνετδν
3130 2066 3185 2120 δὲ
3213 2066 3342 2120 ὄντα
3368 2069 3459 2122 καὶ
3485 2068 3700 2122 πολλῶν
3810 2066 3827 2077 ⁸

2121 2158 2465 2228 πραγμάτων
2495 2157 2757 2229 ἔμπειρον
2784 2159 2874 2212 τὸν
2904 2158 3126 2228 βασιλέα
3157 2160 3317 2214 τοῦτο
3345 2159 3569 2230 λέληθεν
3595 2161 3690 2214 οὑ-

2121 2248 2330 2320 δαμῶς,
2358 2249 2435 2313 ὡς
2472 2249 2808 2318 ἀλυσιτελὲς,
2840 2251 2971 2322 πρὶν
2996 2251 3240 2321 ἀκριϐῶς
3272 2252 3537 2322 ἐκμαθεῖν
3562 2253 3695 2306 ὀπό-

2124 2358 2207 2395 σοι
2225 2342 2369 2405 τινές
2390 2342 2486 2395 καὶ
2514 2335 2615 2395 οἷοι
2629 2342 2727 2412 τὴν
2757 2342 2895 2412 πρὸς
2915 2344 3017 2414 ἐμὲ
3044 2343 3352 2415 προείλοντο
3382 2346 3690 2414 κοινωνίαν,

2120 2434 2286 2503 όμόσε
2313 2433 2450 2504 πρὸς
2480 2432 2541 2487 τὸ
2570 2434 2847 2503 πολεμεῖν.
2876 2434 3007 2499 Δέος
3042 2436 3151 2507 γὰρ
3178 2436 3253 2507 μή
3283 2436 3492 2492 πολλῶν
3527 2453 3692 2490 τινων

2122 2525 2217 2579 καὶ
2240 2523 2627 2578 δυνατωτάτων
2653 2524 2824 2579 ὄντων
2848 2526 2947 2581 ἕνα
2984 2526 3086 2597 μὲν
3111 2527 3144 2598 ἢ
3165 2530 3261 2582 καὶ
3285 2526 3379 2582 δύο
3406 2527 3690 2600 καθείρξῃ.

2121 2613 2230 2665 τῶν
2259 2612 2316 2666 δέ
2346 2612 2550 2667 λοιπῶν
2578 2614 2681 2686 ήδη
2714 2615 2853 2686 πρὸς
2877 2616 3121 2686 ἀνάγκην
3153 2619 3581 2689 συνισταμένων,
3629 2621 3694 2672 οὐ

2123 2706 2262 2760 κατὰ
2306 2704 2431 2759 νοῦν
2468 2708 2695 2779 χωρήσῃ
2743 2708 2811 2762 τά
2857 2709 3160 2779 πράγματα
3217 2709 3385 2781 αὐτῷ.
3441 2711 3601 2774 Εἰκὸς
3634 2711 3694 2764 δὲ

2123 2797 2284 2851 αὐτὸν
2309 2799 2404 2851 καλ⁵
2433 2798 2660 2863 πολλούς
2707 2816 2858 2863 τινας
2885 2801 2981 2855 καὶ
3007 2802 3268 2867 δυνατοὺς
3292 2803 3422 2864 τοὺς
3448 2803 3518 2856 τά
3552 2804 3691 2874 ήμέ-

2120 2904 2256 2958 τερα
2277 2885 2417 2944 εἶναι
2441 2890 2651 2945 οἴεσθαι
2671 2894 3089 2963 προῃρημένους
3112 2911 3128 2926 ο
3153 2895 3212 2949 τὸ
3242 2896 3353 2968 γὰρ
3391 2897 3449 2949 έν
3477 2898 3542 2967 τῇ
3562 2896 3691 2967 δίκῃ

2122 2983 2231 3053 πρὸ
2258 2982 2359 3053 τῆς
2388 2984 2515 3054 χῡές
2546 2984 2644 3054 ἐμὲ
2704 2987 2863 3057 μόνον
2886 2987 3380 3061 ἐναπειλημμένον,
3415 2989 3490 3060 μή
3524 3005 3694 3043 καταν-

452 3078 626 3142 liens,
675 3074 961 3131 securitati
1010 3090 1123 3129 suae
1175 3075 1474 3131 consuluit.
1524 3075 1680 3131 Nunc
1731 3077 1836 3131 sibi
1884 3094 2017 3132 cou-

2124 3076 2311 3128 πεσεῖν
2373 3075 2509 3147 μηδὲ
2558 3076 2730 3145 δειλίᾳ
2759 3078 3089 3149 συσχεθῆναί
3129 3097 3260 3145 τινι,
3290 3080 3406 3134 ἀλλ’
3434 3082 3695 3153 ἀτρέπτῳ

450 3170 648 3227 ducere
692 3168 926 3232 censuit,
986 3181 1085 3221 vos
1130 3166 1370 3233 delatos,
1423 3182 1519 3237 per
1563 3169 1801 3238 speciem
1849 3169 2020 3226 bene-

452 3260 681 3316 ﬁcentiae
730 3274 762 3313 a
814 3272 901 3312 me
957 3256 1282 3312 distrahere.
1347 3258 1538 3313 Postea
1592 3260 1788 3314 iterum
1854 3261 2020 3316 rebus

449 3352 586 3422 ipsis
618 3349 967 3413 docentibus,
1002 3348 1204 3418 quibus
1237 3363 1296 3403 se
1338 3364 1520 3419 opera:
1568 3351 1798 3421 pretium
1842 3350 2020 3407 factu-

330 3446 353 3455 ’
451 3457 572 3498 rum
600 3439 831 3511 putabit,
864 3453 964 3494 nos
990 3439 1365 3513 aggredietur.
1396 3438 1493 3495 llis
1521 3442 1776 3497 omnibus
1797 3442 1864 3498 de
1884 3458 2018 3499 cau-

450 3533 527 3588 sis
573 3547 679 3586 non
731 3529 965 3600 amplius
1016 3529 1506 3599 tergiversandum,
1550 3545 1673 3596 nec,
1707 3532 1862 3601 quasi
1908 3547 2019 3603 prae

450 3623 718 3677 malorum
751 3619 1127 3691 magnitudine
1168 3620 1236 3675 de
1268 3614 1538 3689 potestate
1566 3621 1892 3689 exisscmus,
1928 3638 2019 3680 sa-

448 3716 618 3770 lutem
647 3721 885 3768 nostram
918 3727 1090 3781 usque
1122 3710 1188 3768 ad
1218 3711 1394 3782 ipsum
1429 3714 1655 3782 periculi
1691 3714 1852 3771 nobis
1881 3731 2020 3785 prte-

448 3806 588 3875 ccpti
638 3819 702 3859 ac
734 3803 953 3874 prmvisi
1009 3800 1271 3872 punctum
1310 3802 1712 3874 negligentiam,
1759 3806 1855 3861 sed
1896 3822 2016 3861 eam

450 3914 548 3969 pro
590 3897 798 3952 v‘ribus
839 3894 1269 3950 conservandam
1315 3896 1529 3965 Opinor.
1555 3895 1692 3951 Volo
1736 3905 1936 3962 tamen,
1971 3897 2017 3952 si

450 3991 604 4046 vobis
654 3991 853 4057 placet,
887 4003 1053 4058 super
1101 4002 1167 4042 eo
1217 3988 1283 4042 de
1315 4002 1425 4057 quo
1475 3987 1707 4057 agimus,
1754 3997 1811 4045 et
1854 3989 2015 4044 aliam

448 4081 773 4137 sententiam
817 4092 1144 4148 preponere.
1193 4074 1368 4142 Quam
1409 4076 1596 4131 illam?
1644 4082 1793 4133 Avus
1839 4080 2017 4135 socios

449 4188 600 4228 meos
621 4172 714 4240 qui
738 4179 919 4224 essent
945 4168 1086 4221 scire
1114 4167 1354 4232 studuit;
1385 4182 1488 4235 ego
1512 4182 1607 4236 pro
1634 4178 1875 4237 tempore
1900 4180 2015 4225 tum

449 4261 731 4332 respOndi,
765 4273 945 4328 neque
994 4257 1175 4312 socios
1211 4256 1346 4310 mihi
1391 4271 1511 4312 esse
1554 4257 1714 4321 ullos,
1765 4275 1937 4328 neque
1968 4262 2016 4315 si

449 4362 657 4414 essent,
695 4366 781 4405 me
813 4351 961 4420 ipsos
987 4348 1411 4403 nominaturum.
1439 4348 1601 4418 Atqui
1635 4351 1796 4406 modo
1826 4353 2017 4422 profu-

2120 3168 2213 3220 καὶ
2247 3169 2554 3238 φρονήματι
2586 3168 2682 3222 καὶ
2703 3168 2823 3240 ήθει
2870 3170 3010 3238 μετά
3058 3171 3359 3241 ἀσφαλείας
3388 3173 3693 3243 ἀντιλέγειν

2121 3258 2345 3328 πολλῆς,
2375 3259 2436 3312 τδ
2456 3259 2554 3314 καὶ
2574 3260 2665 3314 τὸν
2698 3261 3112 3334 Μελιτηνιώτην
3138 3263 3337 3331 ἔξωθεν
3365 3266 3589 3321 ἑστάναι
3614 3286 3695 3321 τι-

2118 3348 2216 3412 νὰς
2250 3348 2360 3401 τῶν
2417 3349 2662 3405 δυνατῶν
2720 3353 3054 3423 ἀπαγγεῖλαι
3118 3354 3261 3428 ὑπὲρ
3318 3357 3454 3428 ἐμοῦ
3512 3357 3693 3411 πὰντι

2118 3439 2380 3508 πράττειν
2426 3441 2861 3513 προσγενόμενον
2916 3444 3421 3517 προθυμουμένους,
3452 3448 3555 3502 οὐκ
3597 3450 3691 3502 ἐπὶ

2122 3530 2318 3601 μικρδν
2348 3531 2633 3586 κατέσεισε
2684 3533 2813 3597 τοὺς
2841 3534 3141 3604 λογισμοὺς
3170 3540 3301 3601 τοὺς
3354 3535 3717 3609 βασιλικούς.’

2120 3624 2210 3675 Διὸ
2234 3622 2355 3676 τότε
2383 3622 2483 3694 μὲν
2522 3625 2686 3688 εὐθὺς
2713 3625 2847 3697 ὅπερ
2886 3627 3187 3696 ἀσφάλειαν
3220 3629 3393 3685 ἐδόκει
3427 3632 3692 3702 παρέχειν

2115 3714 2393 3785 ἔπραττε,
2444 3715 2555 3769 τῶν
2613 3715 2817 3784 θρόνων
2872 3718 3193 3786 ἐξαναστάς.
3245 3722 3385 3777 Νυνὶ
3420 3722 3478 3776 δέ
3506 3723 3690 3787 καλῶς

2118 3804 2264 3875 ἔχειν
2313 3804 2491 3871 ἔδοξεν
2544 3807 2691 3878 αὐτῷ
2759 3810 2888 3874 τοὺς
2950 3811 3292 3884 καταδήλους
3359 3817 3688 3885 γενομένους

2118 3897 2281 3966 ὑμᾶς,
2326 3899 2384 3950 ἐν
2420 3898 2739 3969 εὐεργεσίας
2790 3903 3143 3972 προσχήματι
3196 3905 3547 3976 ἀποστῆσαι·
3597 3908 3694 3961 καὶ

2120 3986 2262 4056 μετά
2288 3986 2450 4041 τοῦτο
2498 3988 2660 4042 πάλιν
2690 3990 2872 4044 αὐτῶν
2900 3992 3269 4049 διδασκόντων
3292 3996 3403 4050 τῶν
3431 3999 3693 4068 πραγμά-

2116 4094 2225 4132 των
2254 4072 2336 4141 οῖς
2365 4080 2609 4150 οἰήσεται
2661 4080 3033 4152 λυσιτελήσειν
3062 4086 3428 4158 ἐπιχειρήσει.
3471 4088 3693 4143 Τούτων

2116 4170 2284 4222 ἕνεκα
2316 4171 2556 4234 πάντων,
2589 4170 2779 4224 οὐκέτι
2814 4172 3122 4241 διαμέλλειν
3170 4174 3352 4242 οἴομαι
3384 4175 3516 4244 δεῖν,
3564 4179 3695 4232 οὐδὲ

2118 4259 2257 4327 πρὸς
2285 4257 2563 4327 προῦπτον
2595 4259 2838 4313 κίνδυνον
2870 4263 3068 4325 αὐτοὺς
3096 4264 3336 4332 ἀμελεῖν,
3366 4264 3557 4338 ὥσπερ
3583 4269 3696 4321 ὑπὸ

2122 4348 2387 4417 μεγέθους
2412 4348 2519 4403 τῶν
2556 4351 2745 4403 δεινῶν
2773 4352 3073 4414 ἐκστάντας
3102 4354 3213 4407 τῶν
3246 4354 3546 4427 λογισμῶν,
3575 4359 3696 4428 ἀλλ’

451 4455 631 4498 turum
658 4440 854 4506 sentio,
887 4438 1158 4509 legatione
1184 4438 1347 4493 missa
1387 4440 1655 4507 confiteri,
1693 4442 1895 4498 habere
1925 4460 2011 4501 me

2120 4437 2311 4499 αὐτοὺς
2347 4436 2636 4501 διασώζειν
2665 4437 2741 4501 ὡς
2772 4438 2837 4491 ἂν
2867 4433 2970 4492 οἷοί
3017 4458 3074 4492 τε
3107 4436 3279 4511 ὦμεν.
3312 4445 3435 4497 Ἔτι
3466 4463 3529 4514 γε
3582 4452 3698 4517 μὴν

448 4532 648 4597 socios,
677 4539 732 4584 et
767 4542 989 4598 poscere
1021 4531 1090 4582 ab
1133 4542 1202 4583 eo
1243 4529 1635 4597 juramentum,
1688 4547 1805 4586 mea
1850 4549 2015 4590 causa

448 4636 558 4674 non
606 4619 725 4673 fore
778 4618 991 4688 injuria:
1042 4626 1361 4683 memorem,
1412 4633 1591 4688 neque
1641 4621 1841 4675 malutn
1883 4624 2017 4692 ipsis

447 4713 727 4767 daturum.
771 4709 826 4764 Si
872 4718 1059 4777 pacate
1095 4719 1151 4765 et
1192 4719 1472 4765 mansuete
1507 4712 1819 4779 petitionem
1862 4716 2014 4771 exci-

449 4804 636 4873 piens,
695 4802 1079 4871 impunitatem
1134 4799 1241 4856 illis
1287 4814 1631 4857 sacramento
1680 4806 2012 4874 promiserit,

446 4895 674 4950 evidens
721 4900 829 4947 erit
874 4891 1159 4959 iudicium,
1203 4901 1259 4946 et
1302 4906 1512 4947 mecum
1556 4895 1690 4949 citra
1739 4896 1920 4951 fucum
1956 4899 2013 4954 in

448 4985 679 5055 gratiam
708 4983 959 5048 rediisse,
985 4992 1039 5037 et
1067 4998 1165 5038 vos
1195 4984 1312 5038 sine
1344 4994 1487 5047 astu,
1515 4995 1570 5038 et
1612 4986 1846 5052 insidiis,
1883 5003 2012 5044 can-

446 5078 680 5146 dideqne
726 5078 779 5129 in
817 5075 1130 5145 provincias
1170 5074 1384 5130 mittere
1426 5076 1712 5144 cogitasse.
1761 5077 1819 5133 Si
1868 5080 2010 5134 indi-

445 5179 659 5250 gnatus.
691 5167 1015 5236 legationem
1044 5165 1275 5233 rejieiet,
1313 5166 1457 5220 nulla
1487 5168 1593 5220 erit
1630 5168 1732 5223 hac
1771 5169 1885 5238 ipsa
1917 5170 2011 5225 llr-

448 5248 587 5316 mior
612 5251 879 5330 probatio,
908 5255 1089 5313 omnia
1118 5256 1234 5309 haec
1258 5257 1486 5312 subdole
1510 5248 1699 5313 contra
1727 5274 1828 5315 nos
1857 5261 2014 5315 insti-

2118 4525 2212 4579 καὶ
2238 4525 2463 4596 γνώμην
2479 4526 2674 4597 ἐτέραν
2706 4527 2834 4598 περὶ
2851 4529 2960 4582 τῶν
2986 4533 3390 4602 προκειμένων,
3425 4538 3479 4589 εῖ
3502 4553 3566 4604 γε
3588 4540 3697 4591 καὶ

2120 4619 2249 4686 ὑμῖν
2280 4618 2546 4684 συνδοκεῖ,
2586 4617 2852 4689 βούλομαι
2882 4619 3206 4689 ἐξενεγκεῖν.
3263 4625 3428 4679 Ποίαν
3459 4627 3522 4696 δὴ
3552 4628 3695 4681 ταύ-

2117 4726 2251 4779 την;
2277 4711 2335 4763 '0
2356 4710 2608 4780 βασιλεὺς
2632 4712 2727 4766 καὶ
2750 4713 2967 4775 πάππος
2994 4714 3192 4783 όέμδς,
3220 4718 3598 4788 καθάπερῐστε
3625 4722 3698 4793 δὴ

2119 4804 2214 4856 καὶ
2238 4805 2412 4868 αὐτοὶ,
2444 4803 2780 4875 καταδήλους
2805 4808 2933 4869 τοὺς
2960 4807 3086 4877 ἐμοὶ
3116 4810 3373 4874 συνόντας
3419 4814 3697 4884 ἐζήτησεν

2116 4895 2266 4966 αὐτῷ
2299 4898 2544 4964 ποιῆσαι,
2581 4897 2706 4949 τότε
2745 4897 2845 4966 μὲν
2875 4897 2967 4951 οῦν
3011 4901 3364 4971 ἁρμόζοντας
3394 4906 3597 4976 ἀπεκρι
3633 4910 3702 4960 ἁ-

2121 5002 2228 5056 μην
2267 4987 2346 5056 τῷ
2371 4986 2546 5057 καιρῷ
2580 4987 2791 5056 λόγους,
2831 4989 2957 5060 μήτ’
2988 4987 3130 5045 εἶναι
3157 4993 3331 5047 είπὼν
3348 5000 3474 5060 τοὺς
3488 5002 3701 5054 συνόν-

2116 5095 2214 5142 τας
2251 5081 2374 5149 spot
2393 5080 2566 5145 τινάς,
2599 5080 2723 5151 μήτ’
2749 5079 2802 5132 εἴ
2830 5097 2939 5152 περ
2964 5084 3094 5150 elei,
3118 5085 3452 5156 καταδήλους
3485 5088 3699 5155 αὐτοὺς

2119 5172 2390 5240 ποιήσειν.
2418 5170 2534 5224 Νῦν
2552 5171 2610 5223 δέ
2635 5187 2726 5241 μοι
2748 5171 2895 5227 δοκεῖ
2923 5172 3241 5241 λυσιτελεῖν,
3268 5178 3534 5250 πρεσδείᾳ
3551 5198 3702 5253 χρη-

2098 5265 2357 5333 ίσάμενον
2407 5264 2543 5334 πρὸς
2574 5264 2770 5332 αὑτὸν,
2817 5266 2977 5321 ὅτιτε
3020 5268 3160 5323 είσὶν
3189 5270 3546 5343 ὁμολογῆσαι,
3593 5280 3699 5331 καὶ

1710 5388 1930 5451 Jacobi
1969 5391 2234 5452 Pontani
2263 5403 2455 5456 noue.

517 5516 629 5583 (ιυ)
669 5512 979 5582 anuslibet
1030 5513 1109 5568 rei
1157 5513 1338 5567 exitus
1379 5510 1585 5567 dicitur
1634 5510 2016 5583 catastrophe,

446 5580 778 5653 proverbiali
827 5584 1020 5650 ligura.
1078 5584 1365 5653 Sumptum
1422 5581 1754 5653 arcomicis.
1808 5580 2013 5653 Fabula

443 5650 592 5707 enim
628 5650 809 5706 omnis
844 5653 897 5704 in
934 5661 1046 5706 tres
1082 5650 1268 5720 partes
1299 5652 1676 5713 distribuitur,
1721 5651 1775 5703 in
1813 5651 2016 5720 πρότα-

418 5740 550 5790 ²σιν,
597 5722 865 5785 ἐπίτασιν,
919 5718 1325 5792 καταστροφήν.
1378 5721 1622 5774 Protasis
1665 5728 1748 5774 est
1796 5718 2012 5788 primus

2117 5513 2208 5595 ille
2234 5518 2536 5595 tumultus,
2572 5521 2728 5595 quasi
2753 5520 3012 5595 gliscens.
3045 5524 3288 5595 Epitasis
3324 5527 3485 5583 turba
3508 5529 3697 5589 fet-vi.

2113 5585 2364 5663 dissima.
2408 5585 2781 5663 ῼιιιςιξιξτοριιὲ
2825 5592 3009 5650 subita
3059 5585 3248 5663 rerum
3293 5585 3690 5663 commutatio.

2113 5652 2273 5711 Plura
2300 5658 2441 5727 apud
2466 5652 2788 5716 Cltilias'teu.
