4038 6212
325 257 419 322 145

1479 266 2023 326 HISTORIARUM
2067 269 2298 328 LIBER
2343 267 2392 327 ί.

3448 267 3549 332 146

318 366 490 436 ὅρκοις
509 363 673 419 αὐτὸν
694 366 996 436 ἀπαιτῆσαι
1023 369 1402 425 πιστώσασθαι
1433 374 1511 444 μὴ
1539 374 1883 444 μνησικακή-

1991 382 2122 440 luta,
2158 383 2212 428 et
2254 383 2564 444 comparata
2608 388 2752 429 esse.
2798 375 3058 445 Legatum
3107 389 3363 446 magnum
3398 378 3546 448 logo-

318 471 424 509 σειν
453 455 637 518 αὐτοῖς
695 457 821 525 μηδ’
870 459 1195 528 ἀμυνεῖσθαι
1235 463 1334 532 τῆς
1388 464 1600 527 εὐνοίας
1655 464 1755 532 τῆς
1801 467 1880 528 είς

316 545 426 612 ἐμέ.
457 543 518 597 Ei
573 547 676 614 μὲν
704 544 797 599 οὖν
842 548 1064 617 ἡμέρως
1092 552 1186 602 καὶ
1237 553 1527 622 προσηνῶς
1583 555 1710 617 τοὺς
1745 555 1876 624 παρ’

313 632 439 702 ἐμοῦ
468 633 761 714 δεξαμενος
793 637 1006 701 λόγους,
1025 640 1208 709 ὅρκοις
1243 644 1586 712 πιστώσηται
1609 646 1708 713 τὴν
1731 645 1875 699 ἀπᾶ-

313 729 454 779 θειαν
474 728 591 785 τοῖς
637 727 790 796 ἐμοῖς
829 729 1028 797 φίλοις,
1072 733 1304 801 ἐναργὲς
1334 735 1402 788 ἂν
1431 735 1515 806 εἴη
1567 738 1872 806 τεκμήριον

1984 465 2192 519 tlietam
2243 464 2589 519 Metocbitem
2644 465 2948 530 adhibebo,
3010 467 3105 536 qui
3159 475 3272 519 tum
3327 468 3591 536 quoque

1985 570 2162 618 meus,
2210 564 2266 608 et
2313 555 2399 608 avi
2449 555 2714 624 interpres
2759 556 2878 623 fuit,
2928 559 3136 633 quique
3177 573 3239 611 ea
3290 565 3372 612 est
3403 560 3546 628 apud

1981 647 2132 700 illum
2165 648 2512 713 auctoritate,
2551 656 2609 702 ut
2643 649 2795 704 obire
2827 651 2928 705 hoc
2961 665 3158 704 munus
3210 664 3318 704 non
3367 651 3544 706 refor-

1982 736 2176 790 midet.

313 824 380 884 ώς
410 823 570 886 αὐτός
607 839 666 875 τε
695 823 955 894 καθαρῶς
1017 827 1335 896 διήλλακται
1377 830 1513 900 πρὸς
1560 831 1682 900 ἐμὲ,
1730 833 1824 885 καὶ
1878 832 1938 884 τὸ
1985 833 2128 900 ὑμᾶς
2160 834 2239 896 εἰς
2268 832 2440 902 ἀρχὰς
2474 833 2800 901 ἐκπέμπειν,
2838 834 2897 886 ού
2960 835 3267 905 περιέργως
3295 835 3404 888 οὐδ’
3435 837 3553 889 ἑπι-

315 917 526 980 δούλως,
557 919 680 972 ἀλλ’
713 920 901 984 ἁπλῶς
936 923 1088 994 αύτῷ
1124 924 1297 989 οὕτως
1326 927 1668 997 δπινενόηται
1691 943 1706 958 ·
1743 928 1790 980 εί
1816 929 1862 980 δ’
1901 929 2276 998 ἀγανακτήσει
2339 930 2433 982 καὶ
2485 929 2832 982 ἀποσείσεται
2894 931 2992 1000 τὴν
3065 931 3389 999 πρεσϐείαν,
3445 949 3553 1002 μη-

313 1010 491 1078 δεμίαν
541 1011 720 1082 ἄλλην
762 1014 1040 1080 ἀπόδειξιν
1091 1017 1496 1089 ιναργεστέραν
1541 1021 1726 1090 ζητεῖν
1775 1021 1869 1074 τοῦ
1914 1021 2089 1074 πάντα
2158 1021 2587 1084 συσκευάζεσθαι
2624 1023 2744 1074 καθ’
2776 1023 2954 1092 ἡμῶν.
3018 1024 3308 1093 Χρήσομαι
3335 1024 3392 1076 δὲ
3419 1041 3554 1092 πρε-

315 1099 495 1170 σϐευτῇ
558 1102 642 1172 τῷ
689 1107 916 1176 μεγάλῳ
962 1107 1219 1182 λογοθέτῃ
1274 1110 1351 1180 τῷ
1394 1111 1691 1185 Μετοχίτῃ,
1753 1113 1845 1166 ac:
1877 1112 1941 1181 δὴ
1980 1113 2074 1164 καὶ
2129 1112 2249 1165 τότε
2281 1113 2662 1180 μεσιτεύσαντι
2698 1114 2833 1184 προς
2861 1116 2960 1176 τὰς
3007 1115 3269 1182 ἀγγελίας
3303 1117 3428 1184 ἐμοὶ
3459 1117 3554 1168 καὶ

313 1191 382 1260 τῷ
400 1195 635 1262 βασιλεῖ,
664 1197 760 1249 καὶ
791 1199 1106 1269 παρρησίαν
1136 1201 1316 1270 ἔχοντι
1353 1203 1490 1274 πρὸς
1521 1204 1704 1267 αὐτὸν,
1733 1203 1873 1256 ὥστε
1912 1204 2190 1275 θαρρῆσαι
2223 1206 2355 1275 περὶ
2387 1203 2648 1257 τοιούτων
2688 1206 3031 1275 πρεσὸεύειν.

1649 1323 1752 1394 53
1790 1321 2011 1378 CAPUT
2049 1321 2202 1376 xvu.

318 1399 522 1492 lingulas
548 1406 817 1492 logotlieta
853 1409 1393 1492 (legationemucpotis
1425 1436 1520 1488 pro
1555 1421 1872 1492 impunitate
1902 1420 2175 1492 sociorum
2220 1420 2332 1490 ejus
2353 1428 2588 1492 recusat
2619 1435 2638 1474 :
2670 1432 2887 1473 causam
2939 1421 3106 1482 addit,
3163 1436 3324 1489 quam
3373 1435 3557 1492 ηεροδ.

378 1474 551 1558 melius
587 1474 822 1534 sentiens
856 1474 934 1550 (uit
961 1494 1137 1558 postea
1166 1474 1492 1558 intellectum
1521 1474 1864 1558 eatfrefellit.
1891 1490 2116 1556 Magnus
2143 1474 2454 1542 domesticus
2498 1489 2915 1558 Peloponnesum
2958 1503 3022 1542 ne
3054 1474 3219 1558 petat,
3277 1474 3559 1555 conﬁctam

381 1552 429 1596 et
443 1552 693 1629 itionem
749 1552 968 1629 causam
1023 1555 1276 1629 obtendit.
1340 1560 1411 1611 Ab
1462 1552 1783 1629 imperatore
1837 1552 2018 1628 pusilli
2050 1560 2236 1629 _animi
2288 1552 2634 1629 reprehensus
2695 1560 2751 1612 in
2808 1552 3132 1613 Thessaliam
3171 1552 3388 1628 jubetur
3431 1559 3557 1610 ire:

377 1614 676 1682 reﬁciente:
706 1621 908 1688 copias,
939 1630 989 1674 et
1015 1627 1292 1692 pecuniam
1326 1614 1581 1696 postulat.
1629 1614 2005 1682 Protost'ratori
2040 1627 2272 1698 Prillapi
2310 1614 2630 1698 prafectura
2663 1629 3031 1682 committitur.

387 1730 610 1786 Τοιαῦτα
657 1733 756 1787 τοῦ
795 1735 916 1789 νέου
965 1736 1247 1806 βασιλέως
1282 1741 1744 1813 βουλευσαμένου,
1777 1745 1868 1795 καὶ

2043 1741 2156 1796 Hoc
2193 1741 2424 1796 consilio
2479 1757 2506 1795 a
2574 1741 2793 1811 juniore
2844 1741 3160 1797 Andronico
3235 1741 3551 1809 explanata.
3627 1775 3642 1804 ,-

326 1821 412 1874 τοῦ
459 1825 693 1892 μεγάλου
749 1827 1069 1894 δομεστίκου
1129 1832 1225 1885 καὶ
1274 1834 1761 1903 πρωτοστράτορος
1801 1833 1878 1895 ὡς

333 1915 492 1978 καλῶς
523 1916 632 1984 ἔχει
669 1919 1292 1990 συνεπιψηφισαμὲνων,
1334 1925 1613 1994 αύτοὶομὲν
1641 1924 1876 1987 ῑκαστος

339 2007 503 2059 οἶκαδε
543 2008 893 2080 ἀπεχώρουν
953 2011 1208 2080 βασιλεὺς
1255 2014 1301 2067 δ’
1331 2018 1360 2068 ὁ
1415 2016 1535 2080 νέος
1582 2018 1674 2070 τὸν
1706 2018 1880 2086 μέγαν

357 2099 820 2168 μετακαλεσαμνος
873 2103 1208 2172 λογοθὲτην,
1267 2106 1411 2160 οὕτω
1456 2108 1878 2178 διεπρεσϐεύετο

361 2188 481 2255 πρὸς
508 2189 593 2240 τὸν
612 2189 814 2244 πάππον
840 2208 856 2223 ο
898 2191 965 2247 Ἥ
990 2196 1068 2256 εἰς
1098 2195 1198 2264 ἐμὲ
1226 2197 1331 2266 πρὸ
1363 2199 1462 2267 τῆς
1500 2200 1628 2268 χθὲς
1644 2218 1877 2270 γεγενη-

360 2278 478 2347 μένη
509 2281 641 2348 παρά
678 2283 769 2352 τῆς
795 2288 897 2354 σῆς
947 2287 1334 2358 γαληνότητος,
1365 2285 1409 2343 ὦ
1451 2291 1699 2360 βασιλεῦ,
1721 2294 1880 2363 εύερ-

350 2368 485 2431 γεσία
505 2369 692 2433 πολλὰς
716 2374 811 2426 καὶ
839 2373 1051 2437 δικαίας
1107 2377 1391 2446 ὁμολογεῖν
1436 2379 1663 2450 χάριτας
1697 2379 1775 2450 τῷ
1803 2379 1881 2448 σῷ

341 2455 494 2508 πείθει
544 2459 759 2528 κράτει.
810 2461 932 2514 Κᾶν
984 2464 1093 2534 γὰρ
1134 2465 1243 2518 ἀπὸ
1295 2467 1540 2537 ταραχῆς
1584 2469 1680 2522 καὶ
1709 2469 1881 2537 ὀργῆς

333 2541 484 2614 ἧρξαν
512 2549 560 2600 οἱ
589 2549 765 2618 λόγοι,
814 2552 931 2607 ἀλλ’
961 2555 1040 2617 είς
1081 2555 1234 2617 τέλος
1260 2557 1469 2627 ἥμερον
1511 2559 1607 2612 καὶ
1661 2576 1880 2630 συμπα-

328 2639 464 2701 Caio;
501 2642 678 2710 γέμον
709 2643 1217 2710 ἁποκαταστάντες.
1257 2648 1458 2717 μᾶλλον
1511 2649 1810 2721 εὖφραναν,
1846 2651 1880 2721 ἧ

323 2731 435 2783 κ.θ’
473 2732 599 2786 ὅσον
658 2733 932 2804 πρότερον
984 2737 1237 2792 ἐλύπουν.
1284 2739 1376 2792 At?)
1407 2740 1471 2810 δὴ
1503 2741 1598 2794 καὶ
1643 2741 1753 2794 τῶν
1783 2742 1883 2812 μὲν

321 2821 592 2889 προτέρων
630 2822 709 2882 ὡς
737 2824 1012 2894 πατρικῆς
1039 2825 1208 2880 ὄντων
1237 2827 1333 2881 καὶ
1375 2829 1630 2892 παιδείας
1661 2832 1752 2883 καὶ
1786 2849 1885 2902 κη-

314 2905 584 2976 δεμονίας,
617 2912 730 2965 οὐδ’
759 2914 1272 2986 ἀναμιμνήσκεσθαι
1298 2919 1435 2986 ἀξιῶ
1457 2937 1472 2952 ·
1518 2919 1555 2976 ἃ
1585 2920 1704 2974 δ’ὲν
1727 2922 1883 2975 ύστέο

316 3018 384 3072 P'?
415 3003 764 3074 πέπρακται.
797 3007 872 3067 ὡς
915 3007 1045 3072 ἄξια
1071 3009 1164 3062 καὶ
1217 3008 1625 3082 μεγαλοψυχίας
1651 3013 1746 3066 καὶ
1787 3012 1879 3064 εύ-

1979 1849 2012 1888 a
2042 1848 2240 1902 magno
2283 1841 2464 1886 autem
2493 1832 2824 1896 domestico,
2855 1843 2912 1888 et
2945 1842 3341 1903 protostratore
3365 1847 3562 1902 appro-

1981 1925 2128 1987 bato.
2159 1924 2360 1993 singuli
2388 1923 2614 1978 domum
2647 1933 3066 1988 concesserunt,
3094 1932 3260 1994 atque
3285 1924 3562 1980 Androni-

1979 2031 2080 2070 cus
2112 2031 2310 2084 magno
2347 2016 2622 2084 logotlicta
2661 2018 2862 2080 accito,
2894 2031 3020 2071 cum
3063 2016 3166 2070 hac
3213 2017 3464 2070 oratione
3490 2016 3558 2069 ad

1981 2120 2142 2160 avum
2177 2107 2331 2160 illum
2365 2108 2582 2161 mittere
2608 2108 2930 2162 instituebat
2960 2126 2973 2161 :
2999 2122 3108 2176 quo
3138 2107 3405 2162 beneficio
3433 2117 3560 2160 ante

1982 2195 2300 2250 hesternum
2349 2194 2495 2248 diem
2543 2196 2815 2250 serenitas
2843 2204 2934 2248 tua
2977 2212 3062 2250 me
3094 2197 3338 2257 ornavit.
3377 2196 3430 2248 id
3467 2210 3553 2249 me

1984 2286 2052 2341 ad
2109 2287 2337 2356 amplas,
2387 2289 2724 2355 meritasque
2769 2288 2973 2356 gratias
3007 2287 3248 2358 agendas
3303 2285 3555 2354 impellit.

1981 2379 2305 2447 Quanquam
2341 2378 2485 2431 enim
2524 2391 2750 2432 sermoa
2773 2379 3206 2446 perturbatione,
3235 2377 3384 2430 ctita
3407 2375 3559 2442 prin-

1981 2469 2184 2537 cipium
2209 2479 2448 2536 caperet,
2477 2475 2656 2520 tamen
2692 2467 2744 2520 in
2778 2467 2940 2522 tliiem
2972 2482 3221 2530 suavem,
3245 2475 3556 2535 mutumque

1983 2559 2295 2614 atIectionis
2326 2559 2549 2629 plenum
2574 2557 2856 2623 desinens,
2880 2559 3264 2614 delectationis
3289 2559 3442 2628 cepia
3461 2575 3557 2612 an-

1985 2651 2325 2707 tecedentem
2354 2649 2662 2704 molestiam
2693 2650 2899 2704 obruit.
2922 2651 3101 2716 Quare
3130 2651 3401 2720 priorum,
3441 2661 3502 2704 ut
3527 2666 3558 2704 a

1982 2748 2201 2809 paterna
2244 2736 2622 2806 castigatione,
2658 2751 2723 2791 ac
2747 2737 3119 2793 sollicitudine
3160 2738 3560 2806 protectorum.

1987 2830 2301 2885 meminisse
2325 2830 2449 2884 nolo
2488 2847 2502 2884 :
2528 2843 2650 2898 quae
2689 2839 2871 2882 autem
2901 2831 3176 2897 posterius
3202 2831 3298 2884 abs
3333 2839 3384 2883 te
3415 2830 3558 2884 facta

1987 2931 2136 2987 sunt,
2167 2932 2226 2976 ut
2251 2921 2415 2991 digna
2441 2919 2892 2990 magnanimitate
2912 2920 3284 2990 imperatoria.
3307 2931 3560 2990 paterna-

1993 3028 2099 3082 que
2148 3012 2434 3076 charitate,
2461 3025 2528 3066 ea
2567 3011 2700 3065 mihi
2737 3013 2790 3065 in
2832 3013 3088 3066 medullis
3120 3011 3285 3066 inﬁxa
3336 3027 3557 3081 semper

315 3094 518 3158 μενεῖας
581 3094 678 3147 καὶ
708 3099 983 3168 πατρικῆς
1031 3101 1125 3153 καὶ
1153 3075 1461 3170 βασιλικῆς,
1501 3075 1881 3167 ’ἀνεξάλειπτα

1996 3075 2314 3158 manebunt.
2359 3075 2629 3159 Caeterum
2668 3105 2796 3173 quia
2826 3111 2940 3158 tum
2980 3104 3236 3173 quiddam
3286 3075 3558 3172 prolatum

307 3186 408 3238 δεῖν
431 3187 622 3268 ἔγνον
644 3190 936 3256 φυλάττειν
966 3193 1024 3244 ἐν
1046 3195 1111 3263 τῇ
1135 3192 1304 3262 ψυχῇ.
1349 3194 1506 3249 Ἐπεὶ
1529 3195 1576 3250 δ’
1597 3196 1658 3249 ἓν
1691 3213 1745 3248 τι
1779 3196 1888 3250 τῶν

219 3335 222 3337 _
311 3277 418 3330 τότε
443 3281 740 3350 ῥηθέντων
793 3280 891 3348 ἐμὲ
915 3298 974 3334 τε
995 3281 1182 3346 δεινῶς
1208 3284 1556 3354 ἐκταράττει,
1604 3287 1700 3339 καὶ
1723 3303 1888 3356 φρον-

306 3368 447 3432 τίδας
469 3372 535 3424 οὐ
578 3372 880 3441 παρέχεται
918 3372 1141 3442 μικρὰς,
1170 3375 1265 3428 καὶ
1303 3376 1509 3444 ἑτέροις
1533 3375 1805 3429 ἐνέσεισεν
1825 3377 1886 3428 οὗ

308 3461 394 3510 τὸν
432 3461 685 3532 τυχόντα
720 3462 886 3530 φόϐον
909 3501 925 3525 ,
973 3463 1165 3533 δέομαι
1209 3467 1310 3535 τῆς
1367 3468 1466 3537 σῆς
1496 3468 1886 3540 γαληνότητος,

305 3553 564 3607 ἰάσασθαι
599 3555 695 3606 καὶ
728 3551 928 3622 ταύτην
956 3553 1055 3623 τὴν
1081 3556 1372 3626 ἀλγηδόνα.
1406 3558 1564 3611 Ἔστι
1598 3558 1643 3611 δ’
1672 3559 1702 3612 ὃ
1744 3558 1890 3628 λέγω

303 3642 543 3699 τοιοῦτον
576 3659 596 3675 ⁸
624 3644 754 3708 Σοῦ,
784 3644 1030 3714 βασιλεῦ,
1064 3648 1186 3716 ἐμοὶ
1214 3648 1302 3701 διὰ
1326 3647 1419 3702 τοῦ
1448 3649 1682 3718 μεγάλου
1733 3650 1890 3718 λογο-

303 3737 459 3790 beroe
481 3736 905 3806 προστάξαντος
933 3737 1150 3791 τουτουϊ
1210 3739 1547 3810 καταδήλους
1594 3757 1678 3794 σοι
1702 3740 1889 3795 θέσθαι

301 3827 422 3890 sub;
443 3828 723 3890 συνόντας
747 3829 842 3882 καὶ
872 3831 1292 3900 συναιρομένους
1323 3832 1467 3900 ἐμοὶ,
1490 3832 1612 3886 τότε
1637 3833 1736 3904 μὲν
1758 3851 1893 3888 παν-

299 3921 505 3976 τάπασι
537 3919 628 3992 μὴ
656 3915 798 3974 εῖναι
819 3920 922 3974 οὐκ
950 3923 1299 3993 ἠρνησάμην,
1315 3923 1454 3994 πλὴν
1485 3925 1593 3979 ἀπὸ
1614 3925 1891 3996 λογισμῶν

300 4013 530 4065 εἰκότων
586 4011 914 4082 ἐπεχείρουν
949 4012 1024 4075 ώς
1051 4014 1152 4066 οὐκ
1204 4015 1270 4067 ἂν
1301 4012 1412 4067 εἶεν
1460 4018 1886 4071 ἁπόδεικνύναι’

296 4104 392 4156 οἷδ’
421 4099 582 4176 ἦσαν
605 4117 622 4132 ⁸
662 4103 726 4156 τὸ
759 4104 899 4174 μήτε
930 4105 1097 4174 πόρον
1156 4106 1302 4175 ἔχειν
1332 4106 1432 4176 ἐμὲ
1483 4108 1780 4177 χρημάτων
1807 4101 1891 4186 οἷς

297 4193 361 4246 ἂν
389 4195 530 4256 ἴσως
555 4192 824 4262 πείσαιμί
863 4210 1016 4259 τινας
1044 4196 1336 4265 προσέχειν
1389 4198 1535 4266 ἐμοὶ,
1569 4198 1692 4267 μήτ’
1742 4198 1892 4262 lacu-

297 4286 421 4347 σίας
454 4282 775 4339 ἀπολαύειν
804 4286 958 4354 παρὰ
1012 4287 1097 4341 σοὶ
1129 4288 1223 4359 καὶ
1277 4288 1593 4359 παρρησίας
1625 4286 1892 4357 βασιλέως

295 4379 450 4430 παιδὶ
490 4377 848 4447 πρεπούσης,
872 4377 939 4429 δι’
970 4378 1037 4448 ἣν
1065 4377 1132 4431 ἂν
1167 4380 1264 4432 καὶ⁸
1285 4379 1690 4449 θεραπευθείην
1739 4381 1893 4451 παρὰ

293 4466 405 4518 τῶν
439 4467 552 4537 τῆς
593 4467 736 4536 ἐμῆς
776 4466 1041 4534 ὠφελείας
1076 4469 1438 4540 δεησομένων.
1494 4469 1630 4521 Νυνὶ
1653 4470 1710 4524 δὲ
1757 4473 1890 4524 αύτό

293 4574 354 4610 τε
383 4560 453 4611 τὸ
506 4559 755 4628 πρᾶγμα
815 4560 1082 4628 φανεροὺς
1139 4561 1415 4629 ἠνάγκασε
1449 4559 1704 4628 γενέσθαι
1764 4565 1892 4624 τοὺς

294 4650 754 4721 προσκειμένους
777 4651 922 4718 ἐμοὶ,
969 4653 1062 4704 καὶ
1099 4652 1263 4714 αὐτὸς
1292 4652 1348 4705 δὲ
1383 4651 1495 4721 ἐγὼ
1514 4651 1656 4708 εἶναι
1703 4656 1896 4724 ὁμολο-

292 4744 402 4811 γῶ.
429 4744 617 4812 Πλὴν,
645 4743 785 4812 ὅπερ
815 4744 909 4794 καὶ
933 4743 1042 4796 τότ’
1071 4744 1227 4813 ἔφην,
1253 4744 1352 4797 οὐκ
1373 4744 1680 4814 ὀφείλοντες
1712 4748 1892 4816 χάριν,

293 4837 440 4890 ἀλλὰ
476 4837 970 4906 προκατάρχοντες
1019 4835 1218 4904 μᾶλλον
1256 4837 1478 4907 χάριτός
1535 4840 1664 4890 εἰσι.
1701 4838 1792 4890 Διὸ
1830 4839 1894 4909 δὴ

235 4970 252 4982 ,
296 4931 396 4978 καὶ
427 4925 714 4979 ἀντιϐολῶ
769 4925 871 4993 τὴν
905 4925 1003 4991 σὴν
1051 4925 1388 4995 ἡμερότητα,
1428 4924 1672 4994 βασιλεῦ,
1706 4925 1894 4994 ὅρκοις

297 5017 429 5086 ἐμοί
461 5033 534 5069 τε
563 5018 657 5068 καὶ
712 5017 898 5078 αὐτοῖς
929 5015 1322 5083 πιστώσασθαι,
1353 5019 1412 5070 τὸ
1446 5017 1677 5080 ἀπαθεῖς
1707 5018 1895 5073 κακῶν

303 5111 481 5178 μέχρι
518 5108 722 5168 παντὸς
756 5107 1174 5177 διατηρηθῆναι.
1211 5109 1368 5163 Οὕτω
1397 5112 1504 5180 γὰρ
1534 5110 1658 5179 ἐμοί
1689 5127 1749 5164 τε
1799 5113 1895 5165 καὶ

299 5201 503 5262 αὐτοῖς
547 5197 908 5269 θαῤῥήσασιν,
935 5200 1150 5266 eadem;
1169 5218 1226 5254 τε
1256 5201 1424 5271 βιοῦν,
1443 5203 1635 5272 καὶτῷ
1660 5203 1739 5273 σῷ
1760 5204 1896 5274 κρά-

298 5307 388 5343 τει
445 5289 684 5359 χάριτος
739 5290 1025 5358 ὁμολογεῖν
1075 5292 1270 5352 πολλὰς
1318 5293 1624 5363 περιέσται.
1657 5295 1897 5348 Τοιαῦτα

303 5381 411 5451 μὲν
440 5381 477 5431 ὁ
514 5381 634 5443 νέος
679 5380 937 5450 βασιλεὺς
993 5381 1128 5452 πρὸς
1165 5381 1456 5453 λογοθέτην
1505 5383 1752 5453 διεξῆλθε
1807 5385 1898 5438 τὸν

305 5471 547 5540 μέγαν,
595 5469 671 5533 ὡς
719 5471 1137 5539 ἀπαγγελοῦντα
1166 5473 1244 5542 τῷ
1293 5476 1504 5544 πάππῳ
1531 5475 1626 5527 καὶ
1666 5475 1895 5544 βασιλεῖ,

1991 3197 2229 3266 graviter
2277 3210 2364 3249 me
2400 3195 2573 3264 angit,
2603 3204 2660 3249 et
2689 3210 2820 3249 cura
2864 3210 2973 3248 non
3009 3195 3115 3248 levi
3147 3193 3428 3253 sollicitat.
3457 3208 3560 3248 nec

1992 3284 2114 3338 aliis
2138 3297 2358 3353 quoque
2381 3283 2640 3354 exiguum
2666 3283 2921 3339 timorem
2950 3284 3168 3347 incutit,
3195 3291 3404 3338 oratam
3433 3282 3559 3338 volo

1992 3375 2342 3430 serenitatem
2377 3384 2546 3438 tuam,
2585 3382 2647 3427 ut
2673 3373 2802 3428 huic
2844 3373 3012 3428 etiam
3047 3375 3225 3429 dolori
3254 3377 3556 3430 medeatur.

1990 3463 2146 3531 Quod
2191 3464 2337 3529 dico,
2377 3465 2482 3518 tale
2512 3472 2630 3519 eSt:
2660 3463 2795 3518 Cum
2825 3464 2958 3518 milii
2983 3479 3078 3533 per
3102 3479 3360 3534 magnum
3405 3464 3562 3534 logo-

1993 3558 2198 3612 thetam
2237 3558 2578 3626 praeceperis,
2636 3565 2698 3610 ut
2752 3556 3104 3610 administros
3155 3567 3319 3625 atque
3379 3556 3561 3610 socios

1991 3663 2146 3704 meos
2175 3649 2272 3702 tibi
2299 3647 2618 3712 indicarem,
2641 3656 2772 3701 tunc
2795 3661 2895 3715 ego
2925 3647 3147 3715 quidem
3172 3661 3282 3701 non
3305 3645 3553 3707 omnino.

1991 3749 2048 3796 et
2078 3739 2325 3794 absolute
2346 3753 2443 3792 eos
2467 3736 2667 3792 habere
2692 3753 2778 3791 me
2796 3737 2988 3806 negavi
3013 3755 3027 3791 :
3053 3746 3434 3792 verumtamen
3476 3751 3563 3790 ra-

1995 3829 2238 3886 tionibus
2285 3827 2680 3883 verlsimilibus
2731 3825 3113 3881 demonstrare
3154 3825 3437 3888 contendi,
3467 3837 3561 3879 eos

1992 3936 2113 3978 esse
2164 3919 2342 3974 nullos
2395 3933 2576 3987 posse,
2605 3917 2701 3987 qui
2751 3927 2911 3972 erant
2945 3934 2959 3970 :
3001 3917 3147 3985 quod
3185 3931 3288 3970 nec
3317 3916 3562 3978 viam,et

1993 4011 2216 4067 modum
2250 4009 2619 4080 adipiscendae
2658 4008 2908 4077 pecuniae
2937 4022 3301 4076 nossem.qua
3332 4006 3562 4060 fortasse

1993 4103 2258 4174 quosdam
2297 4101 2365 4155 ad
2409 4100 2760 4170 obsequelam
2819 4115 2997 4154 meam
3062 4099 3380 4153 inducerem
3411 4116 3425 4151 :
3461 4112 3564 4152 nec

1995 4210 2207 4266 possem
2224 4192 2366 4263 apud
2391 4201 2442 4248 te
2469 4192 2577 4247 frui
2607 4208 2674 4248 eo
2691 4194 2833 4263 jure,
2855 4206 3026 4261 eaque
3049 4191 3294 4255 licentia,
3315 4205 3438 4259 qua!
3464 4189 3562 4242 im-

1996 4287 2264 4356 peratoris
2313 4285 2423 4338 tilio
2473 4284 2798 4348 deberetur;
2826 4293 3049 4353 propter
3071 4297 3238 4351 quam
3268 4283 3433 4336 etiam
3461 4281 3563 4335 ob-

1998 4392 2267 4440 servarer,
2301 4385 2354 4428 et
2386 4375 2596 4428 colerer
2628 4375 2696 4428 ab
2730 4375 2796 4427 iis
2823 4376 2916 4442 qui
2947 4388 3107 4441 opem
3140 4387 3317 4426 meam
3347 4369 3567 4426 deside-

1999 4468 2166 4524 raturi
2215 4477 2417 4522 essent.
2445 4466 2600 4520 Nunc
2645 4465 2764 4519 dies
2807 4466 2920 4532 ipsa
2965 4473 3250 4517 consortes
3277 4477 3432 4516 meos
3468 4463 3564 4530 qui

2000 4561 2111 4615 sint
2143 4561 2374 4628 aperuit,
2403 4568 2457 4613 et
2486 4573 2587 4628 ego
2625 4558 2692 4611 de
2723 4557 2790 4611 iis
2819 4556 3102 4611 conﬁteor.
3126 4556 3560 4623 Attamen,quod

1999 4666 2054 4707 et
2087 4663 2198 4706 tum
2245 4653 2510 4714 dicebam,
2545 4667 2654 4704 non
2709 4649 2840 4703 mihi
2891 4651 3118 4719 gratiam
3161 4647 3440 4710 referunt;
3470 4649 3565 4700 sed

2003 4749 2184 4816 potius
2213 4745 2386 4814 gratia
2435 4760 2518 4797 me
2562 4750 2936 4796 antevertunt.
2962 4742 3226 4808 Quocirca
3278 4751 3385 4794 tuae
3416 4755 3570 4792 man-

2004 4836 2279 4891 suetudini
2308 4835 2536 4903 supplex
2578 4833 2672 4896 lio,
2713 4833 2872 4887 nobis
2909 4833 3268 4903 jurejurando
3295 4831 3456 4884 (idem
3488 4831 3570 4890 fa-

2002 4929 2139 4994 cias,
2164 4942 2273 4981 non
2297 4926 2350 4981 id
2383 4927 2490 4981 illis
2525 4941 2766 4995 unquam
2797 4925 2976 4989 fraudi
3007 4925 3275 4978 futurum.
3305 4923 3395 4976 Sic
3416 4937 3567 4974 nam-

2001 5038 2108 5092 que
2145 5021 2278 5076 mihi
2318 5021 2622 5088 iisdemque
2655 5017 2973 5081 ﬁdentibus,
3007 5024 3183 5070 metus
3212 5021 3467 5083 expertes
3489 5011 3570 5063 vi-

2006 5131 2159 5180 vere,
2191 5123 2408 5184 tuaeque
2447 5111 2717 5182 majestati
2759 5109 3125 5180 amplissimas
3161 5120 3322 5175 agere
3362 5103 3568 5174 gratias

2003 5207 2209 5262 licebit.
2238 5205 2345 5277 54
2377 5204 2500 5259 Hinc
2522 5205 2588 5257 ad
2625 5216 2880 5270 magnum
2915 5199 3242 5268 logothetam
3279 5208 3471 5262 nepos,
3508 5201 3568 5246 ut

2005 5311 2106 5350 avo
2133 5293 2449 5365 imperatori
2476 5307 2540 5347 ea
2582 5291 2982 5362 expositurum,
3024 5296 3080 5342 et
3118 5285 3219 5338 sibi
3246 5295 3467 5352 quoque
3511 5280 3566 5335 in

2004 5400 2068 5439 ea
2099 5399 2157 5439 re
2194 5397 2418 5452 operam
2449 5383 2729 5442 daturum,
2755 5378 2901 5448 quod
2929 5374 3206 5444 cupiebat,
3236 5385 3474 5440 eumque
3500 5370 3570 5429 de

2000 5477 2314 5547 juramento
2341 5471 2725 5540 concipiendo,
2750 5478 2811 5522 ut
2841 5467 3091 5534 pluribus
3115 5465 3240 5520 inde
3271 5460 3571 5520 commodi-

305 5559 668 5630 συνάρασθαι
697 5563 796 5614 καὶ
827 5563 993 5616 αὐτὸν
1025 5563 1262 5629 ἀξιώσας
1299 5567 1437 5632 πρὸς
1467 5566 1648 5634 τοῦτο,
1679 5568 1775 5622 καὶ
1801 5568 1886 5636 sip

2007 5567 2214 5622 tatibus
2245 5563 2669 5636 promanaturis,
2717 5559 3129 5614 admoniturum
3161 5557 3441 5613 videlicet.
3469 5551 3573 5608 Lo-

306 5650 430 5703 τῶν
459 5649 647 5718 ὅρκων
697 5651 1047 5723 ἑκπλήρωσιν
1096 5654 1395 5712 ὑποθέσθαι
1433 5656 1511 5729 τῷ
1563 5657 1780 5727 βασιλεῖ
1826 5657 1886 5721 ὡς

2008 5659 2224 5730 getlteta
2251 5654 2546 5712 continuo:
2585 5652 2697 5723 Ego
2730 5667 2816 5708 me
2842 5652 2967 5708 boni
3000 5651 3232 5722 alicujus
3257 5662 3388 5722 ergo
3417 5645 3486 5702 ad
3518 5653 3590 5701 te-
