4038 6212
292 284 388 350 169

1479 284 2023 346 HISTORIARUM
2067 287 2297 349 LIBER
2342 289 2366 349 ι
2447 270 2449 273 ’

3444 291 3546 354 150

281 397 374 448 ua.
405 391 486 455 ὥς
548 407 606 444 τε
645 389 721 460 μὴ
775 387 959 450 κακῶς
997 389 1189 444 παθεῖν
1248 387 1406 455 αὖθις
1445 393 1858 458 ἐπανελθόντες,

1985 396 2218 449 mntimn
2261 397 2616 466 interponere
2677 412 2903 468 prorsus
2953 398 3224 463 abnuens,
3271 396 3546 453 discessit.

279 490 378 540 οὐκ
402 486 470 540 ἂν
497 486 607 538 οτει
630 485 987 555 βουλήσεσθαι
1012 489 1349 556 παρασχεῖν;
1390 485 1545 556 Ἐμοὶ
1571 488 1666 555 μὲν
1693 488 1860 542 δοκεῖ.

285 579 349 632 Ὃ
379 576 564 629 τοίνυν
612 578 673 628 ἐν
706 576 876 644 ἑτέρῳ
910 575 1088 646 χρόνῳ
1121 578 1436 648 γενήσεται,
1482 578 1647 647 φαίης
1679 578 1768 643 ἂν,
1795 575 1863 632 δι’

283 670 526 740 ἀνάγκην
553 665 802 735 γενισθω
833 669 936 718 κὰν
963 668 1042 736 τῷ
1065 668 1296 737 παρόντι
1345 669 1436 722 διὰ
1475 671 1542 723 τὰ
1587 669 1865 740 συμϐησό-

289 776 424 828 μενα
447 762 513 812 ἐκ
550 756 748 811 τούτου
797 757 970 810 πολλά
998 757 1200 824 ἀγαθά.
1244 756 1369 812 Ἐπὶ
1413 758 1625 822 τούτοις
1653 759 1866 828 λογοθὲ-

282 866 376 918 της
416 849 445 900 ὁ
485 847 691 917 μέγας,
719 846 850 908 τούς
881 864 940 900 τε
969 849 1269 918 προτέρους
1327 848 1520 916 λόγους
1551 849 1866 912 ἀναλαϐὼν,

284 941 372 990 καὶ
405 937 666 998 πλεῖονας
720 934 945 1004 ἐτέρους
1005 939 1281 1006 συνείρας,
1344 938 1440 990 καὶ
1515 938 1858 1008 πανταχόθεν

1973 483 2144 538 (Pace
2177 485 2522 552 postmodum
2580 487 2904 552 constituta,
2949 487 3337 554 imperatorem
3384 498 3547 536 avum
3597 498 3607 514 ν

1973 579 2286 625 autumasse
2313 571 2514 637 ferunt,
2553 572 2596 628 si
2631 572 2698 627 de
2726 572 3038 643 iuramento
3058 572 3418 627 intellexisset
3451 569 3550 622 ali-o

1970 662 2128 731 quid,
2150 663 2462 731 juraturum
2511 662 2704 726 fuisse,
2731 675 2786 719 et
2816 666 2888 719 ita
2934 675 3041 719 tam
3082 664 3385 719 audacibus
3413 659 3541 718 faci-
3569 645 3576 651 ’

1972 754 2205 809 nuribus
2234 756 2584 823 supersederi
2645 757 2929 825 potuisse;
2962 757 3090 811 hinc
3122 763 3179 810 et
3219 766 3388 811 totam
3415 757 3547 813 belli

1975 846 2193 914 culpam
2240 847 2294 901 in
2330 863 2586 917 magnum
2617 849 2950 917 logothetam
3001 847 3350 917 conjiciebat.
3380 855 3396 910 )
3428 847 3549 902 Mox

1965 938 2158 1008 junior
2185 940 2376 993 amicis
2415 941 2957 1009 supervenientibus,
3012 955 3135 1009 quae
3169 941 3286 1010 ipse
3320 941 3548 997 dixerit.

285 1031 563 1100 ἀλυσιτελῆ
596 1030 696 1082 καὶ
719 1028 988 1082 ἀδύνατον
1022 1029 1120 1098 τὴν
1149 1031 1368 1100 αἴτησιν
1405 1030 1718 1095 ἀποδείξας,
1769 1030 1868 1085 καὶ

1981 1045 2094 1099 quae
2119 1031 2397 1100 logotheta
2437 1031 2786 1100 responderit
2817 1047 2939 1086 cum
2987 1041 3370 1095 memorasset,
3396 1041 3452 1085 et
3481 1033 3548 1086 ad

288 1121 412 1190 πρὸς
449 1118 513 1171 τὸ
545 1117 814 1186 γενέσθαι
845 1117 1102 1171 τοιούτων
1137 1118 1367 1185 ἄγγελος
1408 1120 1694 1184 παντελῶς
1731 1123 1864 1175 ἁνα-

1981 1133 2278 1195 extremum
2326 1121 2615 1191 adjecisset
2655 1139 2669 1174 :
2706 1122 2800 1175 Dei
2863 1131 3102 1175 mentem
3145 1122 3550 1190 consiliumque

287 1211 493 1274 νεύσας,
550 1209 809 1279 ἀπῆλθεν
869 1208 1101 1279 (ἔφασκε
1156 1211 1203 1263 δ’
1251 1212 1309 1263 ἐν
1352 1211 1600 1281 ὑστέροις
1652 1214 1866 1283 χρόνοις

1981 1213 2097 1282 quis
2133 1214 2429 1283 cognovit?
2459 1217 2536 1268 uti
2567 1213 2747 1267 adhuc
2772 1215 3053 1282 paulisper
3089 1213 3375 1267 tolerando
3404 1212 3551 1264 viros

290 1304 497 1371 εἰρήνης
534 1301 852 1370 γενομένης
878 1303 907 1354 ὀ
945 1300 1321 1372 πρεσϐύτερος
1363 1303 1646 1372 βασιλεὺς,
1684 1304 1758 1368 ὡς
1815 1307 1865 1359 εἰ

292 1399 408 1465 περὶ
437 1393 546 1446 τῶν
608 1394 794 1462 ὅρκων
822 1392 970 1463 αύτῷ
998 1393 1344 1462 ἀπηγγέλθη,
1379 1395 1664 1464 ὀμωμόκει
1686 1413 1745 1449 τε
1771 1396 1862 1460 ἂν,

294 1487 379 1536 καὶ
439 1483 598 1536 οὐδὲν
643 1481 922 1552 ἐτολμήθη
983 1482 1090 1536 τῶν
1147 1483 1606 1554 τετολμημένων,
1657 1485 1739 1539 διὸ
1773 1487 1869 1540 καὶ

297 1578 386 1644 τὴν
413 1574 586 1627 αἰτίαν
641 1573 864 1627 ἃπασαν
896 1571 990 1626 τοῦ
1027 1574 1268 1645 πολέμου
1316 1578 1398 1635 εἰς
1419 1575 1714 1647 λογοθὲτην
1743 1579 1868 1631 ἁνε-

301 1667 424 1718 τίθει
446 1666 530 1718 τὸν
571 1665 802 1736 μέγαν).
833 1665 958 1728 Τοῖς
1006 1665 1186 1734 φίλοις
1216 1666 1263 1718 δ’
1298 1666 1462 1730 εὐθὺς
1494 1669 1640 1736 αὐτῷ
1688 1687 1869 1740 παρα·

1973 1319 2031 1358 se
2080 1313 2424 1373 praestarent,
2487 1320 2582 1359 eos
2638 1315 2723 1359 est
2772 1305 3095 1359 cohortatus
3158 1319 3172 1356 :
3219 1304 3546 1357 hodiernum

1969 1398 2172 1466 quippe
2217 1397 2364 1451 diem
2428 1397 2742 1457 ducturum.
2804 1397 2950 1465 quo-.1
3008 1397 3292 1464 hucusque
3354 1391 3550 1448 fuisset

1973 1489 2445 1560 ignoratum.Natn
2471 1504 2594 1543 cum
2611 1503 2841 1558 magnus
2862 1486 3202 1541 domesticus
3225 1485 3290 1539 ad
3316 1500 3549 1554 respon-

1973 1582 2210 1636 dendum
2245 1581 2586 1650 praestitutus
2619 1581 2711 1644 sit,
2740 1595 2865 1634 eum
2914 1579 3028 1648 ipsa
3087 1578 3445 1646 responsione
3495 1584 3552 1629 et

1974 1673 2210 1734 consilii,
2249 1681 2304 1725 et
2343 1672 2577 1728 actionis
2603 1672 2800 1726 ducem
2860 1670 2995 1726 fore.
3027 1671 3206 1737 Atque
3239 1669 3290 1721 bi
3327 1666 3547 1736 quidem

305 1759 623 1826 γενομένοις,
652 1757 689 1811 ἀ
739 1774 798 1810 τι
830 1757 1020 1842 εἵρηξιε
1061 1759 1154 1812 καὶ
1211 1754 1287 1813 ὧν
1325 1759 1483 1830 ἔτυχε
1522 1761 1870 1830 ἀποκρίσεων

1981 1761 2192 1831 [nepos,
2227 1762 2472 1829 inquam,
2504 1769 2561 1814 et
2588 1758 2805 1829 amici],
2851 1759 2954 1812 hoc
2980 1757 3286 1811 deliberato
3311 1759 3341 1808 a
3366 1769 3425 1808 se
3467 1755 3554 1806 in-

307 1852 684 1920 διηγησάμενος
705 1852 735 1903 ό
757 1852 873 1912 νέος
907 1850 1182 1917 βασιλεὺς,
1226 1852 1322 1904 καὶ
1349 1852 1504 1916 τέλος
1542 1853 1706 1906 τοῦτο
1737 1855 1864 1907 km-

313 1941 696 2012 φθεγξάμενος
751 1941 888 1994 Θεοῦ
923 1943 979 1996 δὲ
1021 1943 1104 2006 τίς
1127 1943 1270 2013 ἔγνω
1307 1943 1502 2013 βουλήν
1539 1961 1599 1997 τε
1624 1946 1747 1998 νόον
1769 1945 1865 2008 τές

321 2034 395 2084 ἐτι
413 2032 560 2101 μέχρι
592 2032 736 2096 τινὸς
769 2032 989 2086 ἐκέλευε
1015 2036 1083 2103 τῇ
1109 2034 1494 2106 μεγαλοψυχίᾳ
1523 2053 1869 2108 προσκαρτε-

338 2126 473 2192 ρεῖνο
509 2125 577 2176 Ἥ
600 2127 824 2195 σήμερον
877 2126 993 2197 γὰρ
1023 2126 1293 2191 ἐκδιδάξει
1340 2144 1395 2180 τι
1424 2127 1534 2180 τῶν
1563 2129 1868 2196 ἀγνοουμέ-

343 2232 458 2268 ws.
488 2212 776 2285 Προθεσμῑα
806 2217 921 2286 γὰρ
977 2217 1115 2271 οὖσα
1171 2221 1270 2289 τῆς
1326 2219 1464 2288 πρδς
1495 2219 1588 2272 τὸν
1640 2220 1869 2288 βασιλέα

342 2306 426 2358 τοῦ
452 2308 672 2376 μεγάλου
718 2307 1037 2376 δομεστίκου
1069 2311 1384 2379 ἀπολογίας,
1438 2313 1506 2365 δι’
1547 2313 1719 2381 αὐτῆς
1768 2313 1871 2381 τῆς

335 2398 599 2465 ἀπολογίας
621 2400 755 2468 πρός
784 2400 848 2452 τὸ
871 2399 924 2452 τί
954 2401 1060 2470 χρὴ
1087 2401 1440 2471 βουλεύεσθαι
1474 2405 1570 2457 κα)⁸
1592 2403 1726 2474 δρᾷν
1749 2404 1872 2474 όδη-

327 2489 481 2554 γιξσει.
526 2482 682 2541 Οὗτοι
715 2489 815 2558 μὲν
847 2486 942 2544 ὧν
971 2491 1198 2546 τοιαῦτα
1233 2492 1661 2564 βουλευσάμενοι
1701 2493 1872 2547 διελέ-

320 2577 472 2633 λυντο.
503 2579 640 2648 Πρὸς
667 2581 726 2633 δὲ
749 2580 842 2633 τὸν
877 2583 1052 2650 μέγαν
1079 2583 1400 2652 δομέστικον
1428 2587 1456 2637 ό
1488 2585 1616 2654 χθὲς
1639 2585 1874 2653 ἄγγελος

311 2674 599 2738 ἀφικνεῖται
637 2675 780 2742 πρὸς
812 2672 1099 2742 βασιλεως,
1141 2675 1390 2728 ἀπαιτῶν
1415 2676 1516 2746 τὴν
1540 2677 1836 2744 ἀπολογίαν
1854 2692 1868 2706 ⁸

308 2765 588 2834 ἐποιήσατο
627 2767 686 2820 δὲ
726 2767 1022 2836 τοιαύτηνο
1083 2767 1260 2836 Ἐμοὶ,
1319 2768 1579 2834 κράτιστε
1631 2769 1871 2839 βασιλεῦ,

303 2863 390 2929 τῆς
410 2862 704 2930 εὐμενείας
722 2861 822 2929 τῆς
850 2860 953 2928 σῆς
973 2859 1171 2922 πολλὰς
1209 2858 1386 2930 ἔχοντι
1411 2861 1508 2924 τάς
1547 2859 1871 2925 ἀποδείξεις,

304 2953 479 3024 ὥσπερ
506 2954 674 3022 ἔφην,
715 2954 798 3005 ἐτι
826 2951 921 3005 καὶ
964 2952 1027 3005 τὸ
1069 2950 1164 3004 νῦν
1191 2953 1350 3005 τοῦτο
1389 2952 1608 3014 πλείους
1636 2953 1729 3006 καὶ
1761 2953 1876 3020 μεί-

302 3047 414 3109 ζους
445 3047 632 3100 πείθει
666 3045 765 3108 τὰς
791 3045 1024 3116 χάριτας
1069 3045 1383 3114 ὁμολογεῖν
1416 3045 1508 3096 ἐπὶ
1558 3044 1765 3106 πάσαις
1811 3045 1873 3114 δὴ

300 3137 511 3200 ταύταις
552 3137 648 3189 καὶ
698 3140 905 3204 ταύτης
961 3136 1098 3188 αἰτῶ
1157 3137 1340 3204 τυχεῖν
1390 3136 1487 3205 τῆς
1533 3135 1873 3204 εὐεργεσίας,

299 3229 580 3290 ἐλάττονος
619 3227 873 3294 οὐδαμῶς
897 3226 1024 3294 ἐμοὶ
1054 3226 1161 3279 τῶν
1192 3226 1366 3280 ἀλλων
1408 3225 1796 3296 νομιζομένης,
1817 3226 1877 3278 τδ

302 3323 370 3390 μὴ
408 3323 553 3391 πρὸς
585 3321 996 3386 Πελοπόννησον
1042 3320 1294 3373 ἀπελθεῖν
1322 3336 1336 3351 ο
1369 3321 1469 3374 οὐκ
1515 3320 1658 3390 ὄκνῳ
1691 3320 1875 3385 εἴκων,

300 3410 441 3481 ἦτην
466 3409 657 3482 ἀρχὴν
689 3411 838 3479 ἥττω
866 3411 967 3478 τῆς
1011 3411 1148 3480 ἐμῆς
1176 3410 1332 3476 ἀξίας
1363 3410 1619 3480 νομίζων,
1658 3411 1771 3463 ἀλλ’
1804 3410 1876 3472 ὼς

300 3505 408 3556 ἐκεῖ
434 3503 536 3556 τοῦ
573 3502 710 3572 ἐμοῦ
736 3503 944 3572 πατρὸς
975 3502 1447 3573 τετελευτηκότος,
1478 3503 1578 3556 οὐκ
1616 3503 1682 3556 ἂν
1716 3502 1879 3555 οῐσων

297 3600 402 3659 τοῖς
427 3595 665 3666 χωρίοις
699 3593 930 3656 ἐκείνοις
968 3595 1348 3666 ἐνδιατρίϐειν.
1385 3591 1554 3648 Οἶσθα
1582 3593 1691 3664 γάρ
1716 3594 1879 3658 αὐτὸς

299 3688 430 3756 ἐμοῦ
462 3688 704 3753 βέλτιον,
733 3681 778 3738 ὧ
813 3685 1058 3754 βασιλεῦ,
1086 3686 1160 3748 ὡς
1204 3685 1323 3749 ἔτος
1356 3685 1412 3738 ἓν
1439 3687 1531 3738 ἐπὶ
1563 3688 1674 3746 τοῖς
1708 3688 1880 3739 εἰκοσι

297 3780 674 3851 γεγενημένος
694 3779 796 3844 τῆς
817 3778 1036 3847 ἡλικίας
1065 3779 1230 3847 οὑμδις
1255 3779 1462 3848 πατὴρ,
1491 3779 1580 3830 ὅτε
1604 3779 1758 3850 παρά
1783 3777 1878 3830 σοῦ

300 3871 428 3941 πρὸς
456 3871 568 3940 τὴν
599 3867 774 3939 ἀρχὴν
803 3868 1119 3938 ἐξεπέμφθη
1139 3868 1568 3938 Πελοποννήσου,
1592 3867 1734 3921 ὀκτὼ
1756 3871 1881 3931 τοὺς

297 3961 493 4029 ἐφεξῆς
534 3963 633 4013 ἐπὶ
665 3957 878 4022 τούτοις
919 3958 1283 4028 ἐνδιατρίψας,
1308 3958 1398 4011 τὸν
1439 3957 1554 4027 βίον
1591 3958 1880 4026 ἐτελεύτη-

264 4121 270 4126 _
299 4070 386 4104 σεν
417 4053 570 4106 ἐκεῖ.
603 4043 681 4105 υἷι
720 4050 788 4121 δὴ
822 4050 981 4120 χάριν
1019 4051 1112 4103 καὶ
1139 4049 1273 4120 πρὸς
1313 4049 1413 4120 τὴν
1440 4050 1662 4120 μνήμην
1711 4050 1882 4118 μόνην

296 4147 474 4215 ἀηδῶς
505 4145 799 4214 διάκειμαι
821 4143 1233 4212 Πελοποννήσου
1261 4159 1274 4172 ·
1313 4141 1484 4194 πολλὰ
1517 4143 1611 4195 καὶ
1638 4142 1738 4212 τῆς
1781 4159 1884 4210 μη-

296 4240 424 4309 τρὸς
489 4237 766 4297 πολλάκις
806 4235 943 4304 πρὸς
987 4234 1088 4303 ἐμὲ
1142 4231 1540 4302 ὃιειλεγμένης,
1573 4231 1648 4293 ὡς
1687 4233 1788 4284 οὐκ
1814 4229 1880 4284 ἂν

298 4335 435 4400 αὐτῇ
457 4331 682 4399 γίνοιτο
708 4326 830 4381 καθ’
862 4328 1058 4396 ἡδονὴν
1093 4326 1196 4395 ἐμὲ
1231 4325 1332 4389 τῆς
1362 4323 1546 4392 χώρας
1585 4322 1821 4392 ἐκείνης,
1849 4325 1881 4394 ἥ

1970 1850 2144 1904 vicem
2174 1848 2404 1917 digressi
2453 1857 2600 1902 sunt.
2625 1848 2703 1901 Ad
2739 1856 2997 1915 magnum
3028 1860 3159 1898 vero
3185 1841 3548 1898 domesticum

1972 1941 2265 1996 besternus
2293 1941 2521 1994 nuntius
2549 1947 2858 2004 revertens,
2897 1951 3224 2006 responsum
3265 1934 3330 1988 ad
3382 1919 3554 2002 impc~

1971 2031 2174 2084 ratoris
2207 2031 2359 2099 jussa
2389 2029 2583 2099 exegit.
2604 2027 2919 2097 “Respondit
2951 2027 3004 2080 in
3032 2027 3148 2080 haec
3185 2024 3350 2079 verba
3377 2041 3390 2077 :
3415 2024 3552 2078 Cum

1972 2124 2226 2192 prspensi
2267 2122 2387 2192 ejus
2415 2121 2469 2174 in
2499 2135 2559 2175 se
2582 2120 2752 2174 animi
2785 2121 3114 2174 documenta
3153 2117 3438 2186 complura
3463 2117 3554 2169 ba-

1971 2215 2116 2274 beat.
2152 2223 2211 2267 ut
2237 2223 2365 2268 ante
2398 2213 2579 2266 fassus
2606 2213 2699 2275 sit,
2733 2213 2959 2278 insuper
2994 2211 3098 2264 ista
3134 2207 3430 2278 provinciae
3459 2207 3555 2259 de-

1955 2308 2175 2378 .latione
2218 2309 2284 2360 ad
2334 2305 2537 2375 gratias
2585 2303 2872 2358 uberiores
2920 2299 3158 2370 agendas
3188 2314 3248 2352 se
3269 2296 3548 2365 compelli.

1972 2397 2142 2450 Orare
2176 2403 2382 2457 tamen,
2415 2403 2536 2463 post
2561 2393 2743 2446 omnia
2769 2391 2938 2444 etiam
2964 2389 3106 2442 istuc
3133 2388 3342 2441 sineret
3378 2386 3555 2452 impe-

1975 2489 2107 2542 trari
2171 2487 2239 2542 ab
2283 2502 2342 2541 se
2391 2483 2744 2548 beneﬁcium,
2778 2483 2921 2552 quod
2961 2479 3194 2550 reliquis
3221 2476 3547 2546 neutiquam

1976 2580 2207 2638 inferius
2261 2579 2510 2640 duceret,
2543 2588 2600 2632 ut
2645 2591 2713 2630 nc
2745 2576 2800 2628 in
2832 2575 3274 2642 Peloponnesum
3311 2570 3556 2624 mittere-

1978 2679 2066 2726 tur
2096 2691 2109 2725 :
2143 2686 2250 2725 non
2283 2670 2428 2740 quod
2453 2669 2683 2739 ignavia:
2714 2665 3118 2729 succumberet,
3143 2674 3238 2718 aut
3260 2660 3552 2732 praefectu-

1977 2779 2092 2818 ram
2149 2768 2290 2818 hanc
2341 2760 2595 2831 dignitati
2651 2771 2762 2813 sua:
2813 2761 3078 2827 imparem
3126 2761 3400 2816 censeret,
3457 2749 3553 2805 sed

1977 2849 2124 2918 quod
2153 2850 2262 2904 illis
2289 2850 2345 2904 in
2383 2848 2518 2902 locis
2548 2846 2757 2901 versari
2791 2853 3047 2914 nequeat,
3066 2843 3155 2898 ubi
3178 2851 3387 2911 patrem
3412 2836 3553 2892 ami-

1977 2939 2114 2993 serit
2142 2937 2276 3007 (22).
2313 2936 2466 2992 Scire
2500 2937 2648 2990 enim
2681 2935 2880 2988 melius
2913 2934 3114 3002 ipsum,
3145 2944 3255 3000 quo
3287 2937 3443 2998 pacto
3464 2942 3553 2996 pa-

1980 3041 2106 3082 rens
2128 3025 2268 3094 ejus,
2301 3039 2470 3078 unum
2492 3032 2567 3083 et
2605 3022 2801 3092 viginti
2827 3031 2989 3076 natus
3021 3034 3214 3083 annos,
3246 3018 3315 3072 ab
3357 3030 3426 3070 eo
3459 3015 3557 3069 Pc-

1979 3118 2284 3188 loponneso
2315 3117 2626 3185 praafectus,
2687 3123 2811 3169 octo
2861 3113 3140 3168 continuis
3192 3110 3398 3164 ibidem
3425 3122 3559 3162 cou-

1978 3210 2232 3280 sumptis,
2283 3209 2451 3263 vitam
2499 3206 2808 3283 reliquerit.
2839 3201 2959 3271 Quo
2993 3203 3196 3258 factum
3240 3199 3459 3262 deinde,
3499 3208 3557 3250 ut

1980 3303 2340 3371 Peloponnesi
2371 3299 2689 3356 memoriam
2719 3313 3000 3367 nunquam
3023 3295 3141 3349 sine
3172 3293 3359 3347 dolore
3395 3305 3552 3344 usur-

1979 3405 2092 3465 pet.
2129 3394 2271 3460 Quin
2313 3402 2368 3448 ct
2406 3403 2632 3447 matrem
2659 3407 2802 3461 saepe
2832 3406 2895 3445 ac
2924 3389 3154 3442 multum
3190 3384 3293 3440 sibi
3328 3382 3554 3439 dixisse.

1981 3486 2308 3556 permoleste
2359 3483 2618 3546 laturam,
2659 3483 2704 3537 si
2735 3482 2788 3535 ei
2839 3477 3052 3549 regioni
3105 3483 3386 3547 praeesset,
3437 3485 3558 3541 qua:

1982 3580 2157 3648 ipsum
2187 3578 2276 3631 tali
2309 3586 2457 3646 patre
2489 3576 2755 3630 orbasset.
2787 3574 2924 3628 l-luic
2963 3573 3132 3642 igitur
3174 3565 3554 3622 detrectationi

1981 3670 2322 3725 suteveniam
2341 3669 2515 3721 daret.
2539 3666 2642 3720 Sed
2662 3667 2808 3719 enim
2846 3667 2949 3717 hoc
2986 3663 3349 3714 velamentum
3387 3656 3560 3726 quo-l-

1981 3761 2104 3815 dam
2129 3767 2266 3820 erat,
2291 3772 2396 3810 non
2417 3771 2540 3809 vera
2559 3769 2721 3808 causa
2751 3750 3100 3820 repudiandae
3124 3745 3439 3817 provincias.
3463 3743 3558 3796 llis

1981 3853 2274 3909 intellectis
2297 3853 2594 3921 imperator
2612 3847 2850 3902 molliter
2869 3844 3144 3898 hominem
3184 3841 3434 3910 castigat,
3461 3837 3556 3906 qui

1983 3947 2362 4018 imprudenter
2378 3945 2592 3997 locutus
2607 3947 2751 3995 esset
2773 3957 2786 3993 :
2812 3937 3016 4008 quique
3032 3936 3284 3989 timorem
3301 3933 3423 3985 viro
3461 3930 3560 3983 mi-

1983 4039 2130 4092 nime
2148 4037 2405 4090 decorum
2423 4029 2789 4098 concepisset,
2817 4025 2947 4080 dum
2971 4032 3196 4093 propter
3216 4020 3385 4091 patris
3412 4031 3560 4071 mor-

1984 4133 2092 4180 tem
2112 4123 2225 4177 illic
2247 4121 2475 4185 obitam,
2497 4136 2527 4174 a
2556 4118 2777 4187 regione
2803 4113 3130 4167 abhorreret
3150 4123 3384 4179 ;perque
3404 4121 3562 4161 eum-

1984 4220 2109 4272 dem
2132 4213 2386 4268 nuntium
2406 4212 2455 4268 ei
2495 4209 2788 4282 signiﬁcat,
2811 4207 2920 4278 56
2951 4204 3260 4260 consultius
3289 4202 3557 4255 facturum

1986 4309 2175 4370 fuisse,
2195 4307 2238 4360 si
2259 4321 2365 4359 non
2388 4313 2753 4374 repugnanter
2779 4298 3046 4353 mandatis
3063 4297 3244 4351 statim
3267 4293 3558 4362 paruisset.

589 4419 800 4488 πατρὸς
819 4381 1096 4480 ἀπέδειξεν
1125 4381 1392 4486 όρφανθνῖ
1413 4381 1597 4484 ἄρξαι.
1630 4415 1730 4466 Διά

1988 4397 2124 4462 Quia
2153 4409 2281 4448 vero
2297 4391 2702 4447 excusationem
2726 4389 2792 4441 de
2812 4386 3185 4455 Peloponneso
3209 4398 3315 4436 non
3337 4381 3558 4450 quidem

298 4528 368 4564 τα
391 4509 733 4577 συγγνώμης
751 4505 886 4558 αἰτῶ
909 4508 1092 4576 τυχεῖν
1123 4507 1236 4557 ἐκεῖ
1272 4503 1349 4573 μὴ
1372 4503 1696 4574 βουλόμενος
1720 4501 1886 4554 ἀπελ-

300 4603 435 4655 θεῖν.
476 4597 654 4652 Τοῦτο
674 4598 720 4650 δ’
743 4593 811 4668 ἦν
834 4597 1052 4665 σκῆψις,
1073 4596 1174 4648 οὐκ
1212 4594 1418 4664 ἀληθὴς
1452 4594 1600 4646 αἰτία
1649 4592 1743 4646 τοῦ
1784 4593 1884 4662 τὴν

299 4693 481 4763 ἀρχὴν
508 4690 616 4758 τῆς
663 4690 904 4750 Πέλοπος
949 4687 1282 4742 διωθεῖσθαι.
1331 4687 1548 4740 Τούτων
1574 4685 1824 4748 ἀκούσαιςῖ
1856 4686 1886 4738 ό

304 4784 588 4853 βισιλεὺς,
617 4782 715 4834 καὶ
753 4780 943 4850 πράως
973 4781 1052 4841 εἰς
1094 4779 1258 4832 αὑτὸν
1303 4777 1639 4846 ἀποσκώψας
1677 4776 1752 4836 ὡς
1785 4776 1886 4829 οὐκ

306 4873 503 4944 ἀνδρὸς
563 4870 794 4926 συνετοῦ
845 4869 1188 4941 κεχρημένον
1247 4869 1446 4938 λόγοις,
1512 4869 1621 4921 οὐδ’
1661 4867 1885 4938 ἀνδράσι

310 4965 599 5034 πρέποντα
635 4961 803 5032 φόϐον
851 4960 1252 5029 πεφοϐημένον,
1284 4959 1372 5013 διὰ
1417 4960 1518 5030 τὴν
1551 4958 1644 5012 τοῦ
1677 4958 1887 5027 πατρὸς

309 5056 574 5125 τελευτὴν
603 5055 663 5108 τὸ
687 5052 885 5125 χωρίον
909 5051 1273 5122 ὀρρωδοῦντα,
1299 5051 1388 5105 διά
1415 5049 1507 5104 τοῦ
1538 5048 1704 5104 αὑτοῦ
1724 5048 1889 5102 πάλιν

1989 4487 2350 4543 necessariam
2379 4489 2720 4551 pra-texeret,
2737 4477 2833 4534 sed
2857 4488 3034 4531 tamen
3056 4483 3398 4544 praetexeret,
3419 4487 3477 4525 se
3496 4471 3560 4524 il-

1990 4579 2103 4633 lum
2133 4591 2200 4630 eo
2233 4589 2456 4628 munere
2487 4571 2779 4626 liberatum
2807 4569 2944 4623 velle
2970 4585 2983 4622 :
3011 4568 3064 4621 in
3094 4565 3428 4619 Thessaliam
3460 4578 3561 4615 au-

1995 4670 2314 4739 temjubere
2349 4660 2642 4733 proﬁcisci.
2671 4677 2794 4732 quae
2827 4660 3133 4716 vicinorum
3173 4658 3559 4714 Catalanorum

1993 4758 2399 4817 incursionibus
2495 4754 2748 4810 aﬂlictata
2838 4753 3028 4821 (23),
3118 4749 3440 4808 exercitati.
3501 4763 3562 4801 ac

1993 4850 2280 4922 prudentis
2320 4846 2554 4918 alicujus
2585 4846 2742 4900 ducis
2777 4844 2982 4898 auxilio
3015 4842 3280 4911 indigeat.
3313 4839 3557 4908 Suscepit

1995 4964 2224 5021 magnus
2273 4947 2612 5003 domesticus
2647 4943 3007 5015 provinciam,
3035 4959 3157 4997 cum
3190 4941 3336 5011 quod
3389 4953 3547 5007 oppo-

1995 5051 2174 5107 neret,
2223 5056 2335 5096 non
2391 5039 2637 5094 haberet.
2679 5035 2952 5091 Caeterum
2981 5045 3039 5090 ut
3072 5033 3414 5101 inopinatum
3467 5029 3563 5082 ali-

1541 5199 1548 5202 "
1594 5217 1814 5280 Jacobi
1839 5213 2105 5278 Pontani
2136 5222 2324 5275 notae.

395 5374 511 5443 (22)
557 5371 757 5443 Mirum
812 5380 920 5425 tam
967 5371 1157 5443 levem‘
1197 5368 1585 5443 recusationis,
1615 5375 1672 5423 et
1707 5365 1895 5443 detre-

322 5435 811 5508 ctata'provinciat
827 5456 1044 5497 causam
1062 5443 1131 5496 ab
1147 5440 1369 5494 homine
1389 5437 1658 5508 prudente
1683 5435 1894 5508 afferri.

323 5513 442 5568 Sed
488 5506 734 5566 idoneam
780 5511 960 5567 bonus
1003 5513 1086 5564 vir
1134 5525 1245 5564 non
1301 5506 1633 5577 reperiebat.
1671 5506 1895 5560 Certum

326 5591 422 5634 est
459 5591 632 5635 tamen
691 5596 792 5634 nos
846 5581 940 5635 illa
981 5581 1101 5637 loca
1141 5589 1336 5634 natura
1391 5580 1650 5639 horrere,
1685 5589 1900 5629 aversa-

331 5651 514 5718 rique,
557 5652 612 5704 in
662 5649 868 5713 quibus
913 5666 1036 5715 nos,
1067 5650 1313 5704 nostrive
1343 5648 1542 5718 damno
1569 5647 1899 5718 aliquoina-

944 5738 957 5774 :
1008 5708 1182 5775 multo
1217 5719 1409 5789 magis,
1441 5717 1486 5774 si
1509 5708 1678 5772 etiam
1706 5715 1778 5771 ibi
1805 5725 1900 5769 aut
2001 5708 2128 5778 cali,
2157 5726 2321 5781 quam
2355 5708 2615 5764 secunda.

336 5719 460 5788 jure
502 5719 712 5776 multati
758 5728 888 5776 'suut

1991 5361 2292 5422 interfecti,
2324 5369 2418 5414 aut
2449 5357 2647 5413 morbo
2671 5354 3003 5422 consumpti.

2065 5433 2177 5556 ‘25)
2233 5416 2306 5485 De
2351 5431 2562 5498 origine
2619 5435 2674 5482 et
2738 5416 2959 5481 nomine
2996 5419 3406 5482 Catalanorum,
3438 5416 3564 5470 vide

2065 5503 2124 5556 id
2170 5501 2377 5556 scribat
2416 5497 2576 5552 initio
2615 5497 2743 5550 libri
2790 5494 2966 5556 quinti
2999 5489 3246 5544 Historia!
3273 5487 3558 5542 Cannensis

2035 5487 2124 5556 uid
2161 5487 2377 5556 Iscribat
2416 5487 2576 5552 initio
2615 5497 2743 5550 libri
2790 5494 2966 5564 quinti
2999 5489 3246 5564 Historia:
3273 5487 3558 5564 Genuensis

2039 5583 2191 5627 etrus
2232 5571 2476 5625 Bizarus.
2525 5566 2663 5621 Malo
2697 5559 2877 5618 autem
2918 5575 3042 5615 cum
3075 5559 3261 5612 multis
3290 5559 3561 5619 Catelauni,

1998 5659 2162 5712 quam
2215 5657 2339 5694 cum
2381 5637 2570 5712 Graeco
2623 5634 2900 5690 Catelani:
2948 5632 3143 5702 prima,
3195 5629 3439 5699 inquam,
3468 5642 3564 5681 vo-
