4038 6212
342 243 462 357 .151
1551 283 1877 344 JOANNIS
1915 284 2452 350 CAN'I‘ACUZENI‘
3497 285 3602 351 152

361 386 505 454 quod
539 387 753 442 lucrum
783 389 1130 459 imperatoris
1156 391 1318 446 verba
1364 391 1654 460 arripiens,
1684 393 1918 450 dicentis

2025 398 2365 467 άντιμηνύει,
2411 399 2484 462 ὡς
2519 393 2626 451 Ἦν
2671 398 2769 466 μὲν
2816 398 2881 451 ἂν
2923 398 3131 468 βέλτιον
3169 398 3336 468 μηδὲν
3387 402 3602 454 ἀντιλέ-

359 472 652 529 Catalanos
681 475 961 532 incursare
1003 478 1361 541 Thessaliam,
1388 479 1510 534 ideo
1537 495 1595 534 se
1623 496 1782 551 egere
1818 498 1926 536 non

2031 502 2214 552 γοντα,
2247 487 2310 539 τὸ
2343 490 2817 558 προσταττόμενον
2867 489 3027 550 εὐθὺς
3067 489 3405 560 ἐκπληροῦν.
3433 489 3598 544 Ἐπεὶ

361 576 525 629 parva
572 563 729 631 cepia
775 565 1016 618 vicissim
1049 565 1338 634 signiﬁcat,
1367 567 1412 620 si
1443 582 1532 629 eo,
1576 569 1926 637 quemadmo-

2029 574 2074 626 δ’
2097 575 2210 627 ἐστι
2240 577 2323 629 σοί
2355 594 2438 639 τις
2483 578 2757 647 πρόφασις
2811 579 2867 630 ἐν
2918 580 2983 648 τῇ
3043 580 3460 650 Πελοποννήσῳ,
3493 583 3600 634 οὐκ

362 647 494 701 dum
527 642 852 718 imperetur,
886 649 1277 706 discedendum
1305 654 1395 706 sit.
1427 644 1691 722 Oportere
1721 666 1926 722 autem,

362 764 483 816 qua:
509 748 613 804 sibi
647 751 1022 805 consideranti
1041 760 1154 806 tum
1195 751 1260 805 ad
1289 753 1472 807 hostes
1503 755 1924 824 pr0pulsandos.

364 849 476 892 tum
502 840 568 893 ad
600 856 798 896 munus
833 857 994 896 suum
1027 851 1146 896 tuto
1176 842 1510 912 [ungendum
1541 846 1804 914 requisita
1839 847 1928 899 vi-

361 931 630 986 derentur
676 939 980 1003 rogantem,
1026 933 1096 986 ab
1142 933 1470 1002 imperatore
1500 937 1760 1006 consequi
1794 953 1812 990 :
1849 938 1928 993 sic

361 1034 548 1074 secum
587 1021 944 1086 ratiocinans,
1001 1035 1126 1074 eum
1159 1031 1254 1074 aut
1296 1032 1526 1092 propter
1553 1025 1926 1081 diﬂicultatem

357 1110 645 1177 petitionis
703 1111 989 1166 deficiente
1041 1113 1306 1178 consilio,
1365 1115 1679 1169 missionem
1755 1117 1929 1172 istanc

365 1199 581 1255 missam
607 1201 876 1256 facturum
909 1221 922 1257 :
956 1213 1072 1269 aut,
1099 1207 1245 1275 quod
1273 1209 1582 1276 proximum
1601 1220 1767 1273 esset,
1794 1211 1924 1264 dum

361 1295 579 1355 tempus
601 1288 817 1357 longius
852 1290 905 1344 in
929 1302 1192 1361 apparatu
1219 1298 1811 1364 consumitur,interea
1839 1301 1928 1370 ju-

358 1376 533 1431 nioris
564 1377 910 1447 imperatoris
935 1385 1320 1452 conveniendi,
1352 1395 1409 1441 et
1432 1390 1597 1444 rebus
1624 1391 1928 1462 nimiopere

360 1467 520 1523 fessis
545 1471 675 1539 quid
704 1471 973 1541 agendum
1005 1474 1096 1539 sit,
1130 1490 1256 1530 cum
1293 1493 1361 1532 eo
1391 1478 1732 1536 deliberandi
1761 1483 1930 1540 facul-

360 1571 528 1616 tatem
560 1561 697 1618 fore.
737 1564 933 1620 Iussus
965 1577 1146 1636 petere
1181 1585 1303 1639 qua:
1345 1572 1562 1627 animus
1592 1573 1924 1641 hortaretur,

359 1668 461 1722 per
488 1654 702 1712 litteras
729 1659 1030 1713 exercitum
1064 1662 1294 1730 justum,
1331 1678 1396 1718 ac
1429 1665 1724 1731 valentem,
1748 1674 1802 1721 et
1828 1683 1924 1737 pe-

2028 667 2301 734 άναγκαία
2334 668 2452 737 μέν,
2479 669 2592 721 ἐστι
2622 670 2666 721 δ’
2690 666 2783 722 οὖν
2811 671 2981 739 ὅμως,
3005 669 3222 739 ἐκείνης
3247 673 3346 737 μὲν
3364 672 3601 742 ἀφείθης

2028 761 2129 828 τῆς
2159 759 2522 829 λειτουργίας,
2571 761 2706 831 πρὸς
2733 761 3029 814 Θετταλίαν
3078 761 3136 814 δέ
3171 762 3430 815 ἀπελθεῖν
3477 765 3602 817 ἐπι-

2027 850 2226 912 τάττω,
2262 851 2356 904 καὶ
2413 850 2617 920 ταύτης
2663 851 3080 918 ἐπιτροπεῦσαι.
3140 855 3250 904 τῶν
3292 855 3602 922 προσοίκων

2029 941 2354 996 Κατελάνων
2379 944 2741 1012 ἐπικειμένων
2770 944 2906 1015 αὐτῇ
2935 944 3030 996 καὶ
3055 945 3247 1009 δεινῶς
3278 946 3598 1008 πιεζόντων,

2029 1032 2125 1085 καί⁸
2155 1031 2244 1084 διὰ
2275 1033 2434 1086 τοῦτο
2463 1033 2724 1103 δεομένην
2747 1035 3110 1103 ⁸ἐπικουρίας,
3174 1041 3268 1088 καὶ
3297 1035 3474 1088 δεινοῦ
3499 1039 3601 1088 καὶ

2030 1123 2310 1194 σώφρονος
2349 1125 2678 1193 στρατηγοῦ.
2737 1126 2860 1178 Ἐπὶ
2901 1126 3117 1184 τούτοις
3163 1127 3192 1179 ὁ
3229 1126 3401 1196 μέγας
3434 1127 3601 1185 δομέ-

2031 1231 2214 1277 στικος
2239 1216 2390 1269 οὐδὲν
2429 1217 2731 1285 ἀντιλέγειν
2762 1217 2920 1286 ἔχων,
2956 1216 3256 1281 ὑπεδέξατο
3301 1217 3402 1286 μὲν
3427 1217 3594 1286 δῆθεν

2029 1305 2126 1376 τὴν
2161 1307 2608 1376 ἐγχειρίζομένην
2638 1307 2848 1377 ἀρχήνο
2911 1307 3053 1377 πλὴν
3087 1306 3163 1370 ὡς
3195 1307 3422 1376 ἐρμαίου
3452 1307 3600 1368 τιν>;ς

2028 1395 2326 1465 λαϐόμενος
2379 1398 2471 1451 τοῦ
2523 1398 2681 1465 λόγου
2731 1397 2826 1450 τοῦ
2867 1397 3154 1468 βασιλέως,
3217 1399 3300 1450 ὅτι
3351 1397 3415 1468 δὴ
3446 1400 3598 1467 παρὰ

2030 1485 2355 1538 Κατελάνων
2410 1487 2477 1554 η’.
2509 1486 2792 1539 Θετταλῶν
2845 1485 3112 1549 πιέζοιτο,
3172 1487 3265 1538 καὶ
3299 1485 3384 1538 διὰ
3437 1486 3599 1538 τοῦτο

2031 1576 2234 1644 συχνῆς
2269 1577 2404 1646 πρὸς
2452 1578 2775 1647 ἐπικουρίαν
2838 1579 3010 1630 δεῖται
3045 1579 3263 1647 χειρός’
3306 1577 3468 1630 πάλιν
3501 1579 3600 1630 άν-

2028 1666 2329 1734 τεμήνυσεν
2348 1665 2423 1727 ὠς
2441 1668 2575 1734 πρὸς
2602 1667 2906 1721 Θετταλίαν
2937 1667 3036 1736 μὲν
3063 1666 3427 1720 ἀπελεύσεται
3452 1667 3597 1720 καθά

359 1744 538 1798 omnia:
572 1744 627 1799 in
671 1746 930 1803 alimenta
972 1750 1234 1818 militum,
1264 1754 1410 1822 quod
1453 1756 1585 1810 satis
1621 1758 1712 1823 sit,
1747 1733 1922 1826 petit;

2027 1733 2394 1826 προσετάχθη,
2455 1733 2574 1810 δέον
2613 1757 2670 1810 δέ
2702 1733 3047 1826 σκεψάμενον
3107 1757 3142 1810 ἂ
3175 1756 3474 1809 λυσιτελεῖν
3505 1775 3596 1811 νο-

361 1834 477 1891 Ιιαιο
498 1838 644 1892 enim
669 1853 809 1899 esse.
843 1842 1045 1910 quibus
1067 1843 1330 1914 indigeat.
1348 1845 1576 1916 Utrique
1603 1851 1800 1904 annuit
1824 1851 1928 1903 im-

361 1938 603 1998 perator,
644 1939 701 1985 et
745 1942 803 1988 ut
842 1935 1248 2003 quamprimum
1307 1939 1490 1993 omnia
1541 1940 1921 2009 conﬁciantur,

361 2023 606 2078 mandat.
651 2025 898 2095 Cumque
941 2027 1092 2081 illum
1127 2029 1194 2083 ad
1243 2031 1642 2098 profectionem
1704 2047 1923 2104 urgeret

361 2111 518 2175 adeo,
549 2119 610 2164 ut
639 2115 909 2187 respirare
934 2129 1043 2167 non
1074 2115 1300 2179 sineret,
1334 2133 1561 2188 magnus
1585 2119 1922 2176 domesticus

360 2211 483 2267 post
534 2201 678 2254 diem
733 2202 984 2270 quintum
1036 2219 1096 2258 se
1133 2205 1505 2273 profecmrum
1563 2211 1771 2279 recepit
1805 2211 1921 2282 (qui

359 2291 477 2346 dies
496 2301 616 2348 erat
641 2293 912 2348 secundus
960 2310 1188 2366 magna,
1219 2313 1340 2368 quae
1370 2300 1593 2362 dicitur,
1629 2302 1925 2358 hebdoma-

359 2383 444 2439 dis
475 2383 636 2456 [24])
675 2400 784 2441 :eo
832 2386 1127 2456 imperator
1167 2399 1459 2453 contentus
1492 2394 1667 2448 siluit.
1719 2395 1920 2450 Eadem

356 2475 481 2531 luce
510 2486 874 2546 protostrator
904 2495 1123 2550 quoque
1165 2483 1461 2554 Prillapum
1496 2486 1596 2547 ire,
1629 2494 1686 2541 ct
1731 2487 1926 2556 praefe-

356 2576 565 2624 cturam
601 2569 800 2624 iterum
829 2587 1113 2642 capessere
1151 2573 1400 2644 jubetur.
1431 2577 1532 2642 Qui
1581 2578 1928 2648 obtempera-

2025 1846 2170 1914 μίζοι
2199 1847 2293 1899 καὶ
2338 1849 2474 1916 πρδις
2533 1847 2748 1918 ἄμυναν
2813 1847 2921 1900 τῶν
2962 1849 3266 1917 πολεμίων,
3329 1848 3428 1900 καὶ
3460 1849 3597 1918 πρὸς

2023 1938 2324 2004 ἀσφάλειαν
2361 1938 2461 2007 τῆς
2488 1940 2665 2007 ἀρχῆς
2700 1939 2855 1992 ταῦτ’
2905 1939 3211 2008 αἰτήσαντα
3264 1939 3414 2004 παρά
3442 1938 3596 2007 βασι-

2019 2029 2156 2090 λέως
2187 2028 2406 2081 λαϐεῖν·
2447 2029 2608 2082 τοῦτο
2643 2029 2872 2098 θέμενος
2923 2030 3014 2082 ἐπὶ
3066 2028 3213 2092 νοῦν,
3248 2029 3322 2092 ὼς
3383 2030 3415 2100 ἢ
3456 2029 3594 2098 πρὸς

2019 2121 2118 2192 τὴν
2145 2122 2465 2191 δυσχέρειαν
2491 2121 2599 2174 τῶν
2651 2122 2986 2193 ζητημάτων
3032 2122 3343 2190 ἰλιγγιάσας
3371 2123 3401 2175 ὁ
3433 2123 3591 2190 βασι-

2027 2213 2174 2278 λεὺς,
2208 2211 2466 2280 ἀφέξεται
2511 2213 2606 2266 τοῦ
2644 2213 2884 2280 πέμπειν
2930 2215 3129 2275 ἐκεῖσε,
3170 2215 3204 2284 ἢ
3233 2214 3294 2266 τό
3317 2230 3380 2280 γε
3406 2211 3594 2266 δεύτεα

2034 2323 2144 2378 ρον,
2177 2304 2370 2357 πολλοῦ
2409 2307 2544 2375 πρ“›ς
2577 2305 2674 2374 τὴν
2707 2307 3064 2375 παρασκευὴν
3095 2305 3424 2375 τριϐομένου
3467 2305 3594 2374 χρό-

2031 2414 2149 2462 νου,
2178 2400 2387 2464 ἐξέσται
2413 2399 2508 2450 καὶ
2539 2397 2750 2466 βασιλεῖ
2769 2399 3048 2467 συντυχεῖν
3083 2395 3159 2465 τῷ
3187 2397 3311 2466 νέῳ,
3346 2397 3436 2448 καὶ
3463 2395 3593 2464 περὶ

2029 2488 2124 2541 τοῦ
2166 2490 2221 2542 τί
2249 2491 2352 2560 χρὴ
2397 2489 2660 2557 πράττειν
2709 2475 3227 2556 συνδιασκέψασθαι,
3285 2484 3460 2546 οὕτως
3510 2485 3592 2544 είς

2024 2582 2210 2633 στενὸν
2251 2582 2451 2651 κομιδῆ
2503 2581 2611 2633 τῶν
2645 2581 2988 2650 πραγμάτων
3029 2578 3436 2632 συνωθούντων.
3478 2574 3588 2627 Τοῦ

359 2669 540 2713 turum
582 2675 643 2715 se
675 2662 970 2730 pollicitus,
1001 2673 1057 2719 et
1090 2679 1199 2732 quo
1228 2666 1316 2719 die
1355 2667 1628 2736 proﬁcisci
1661 2670 1926 2739 cogitaret

2025 2673 2396 2743 πρεσϐυτέρου
2421 2672 2476 2725 δέ
2527 2671 2792 2742 βασιλέως
2822 2671 2858 2726 ἃ
2905 2670 3150 2741 βούλοιτο
3195 2671 3368 2721 αἰτεῖν
3404 2666 3592 2718 κελεύ-

358 2750 752 2824 inlerrogatus,
799 2769 1012 2810 sextum
1049 2757 1170 2828 ejus
1214 2758 1568 2814 hebdomadis
1599 2762 1921 2816 nominavit.

2025 2781 2239 2830 σαντος,
2269 2765 2360 2818 καὶ
2390 2763 2482 2817 τοῦ
2511 2763 2748 2834 μεγάλου
2769 2763 3094 2833 δομεστίκου
3125 2761 3214 2815 διὰ
3245 2758 3589 2829 γραμμάτων

356 2843 434 2897 Ac
462 2859 584 2899 cum
611 2846 829 2901 seniore
857 2848 1075 2915 quidem
1109 2850 1439 2918 imperatore
1466 2853 1545 2906 sic
1573 2861 1824 2922 egerunt.

2025 2848 2096 2908 ὦν
2116 2855 2303 2907 δέοιτο·
2323 2855 2664 2924 δηλώσαντος
2695 2853 2910 2924 βασιλεῖ
2949 2853 3140 2926 (ταῦτα
3171 2851 3214 2904 δ’
3241 2848 3334 2922 ἦν,
3365 2850 3593 2918 ἀξιόμα-

357 2939 450 3009 χός
485 2958 544 2994 τε
585 2943 831 3010 στρατιά,
870 2945 964 2998 καὶ
994 2947 1256 3017 χρήματα
1295 2949 1376 3009 είς
1417 2948 1623 3019 τροφὴν
1688 2950 1990 3019 άρκέσοντα
2027 2952 2141 3012 τοῖς
2181 2951 2584 3021 στρατιώταις),
2643 2951 2780 3019 πρὸς
2826 2949 2946 3002 οὑδέ
2981 2948 3038 3001 ἓν
3095 2948 3204 3001 τῶν
3258 2947 3591 3016 ζητημάτων

355 3036 610 3089 ἀνένευεν
633 3038 660 3090 ὀ
689 3037 959 3108 βασιλεὺς,
993 3040 1107 3092 ἀλλ’
1131 3041 1294 3118 εύθὺς
1323 3041 1541 3094 ἐκέλευε
1574 3041 1752 3095 πάντα
1779 3043 1915 3114 πρὸς
1953 3043 2128 3112 πέρας
2174 3044 2424 3110 ἀγαγεῖν.
2483 3041 2934 3110 Ἐπιταχύνοντος
2995 3039 3052 3093 δέ
3103 3038 3180 3108 τῷ
3253 3039 3473 3108 μεγάλῳ
3502 3037 3582 3088 δο-

358 3130 602 3200 μεστίκῳ
643 3135 746 3202 τὴν
808 3132 985 3196 ἔξοδον
1042 3133 1308 3203 βασιλέως
1375 3137 1470 3189 καὶ⁸
1521 3138 1635 3190 οὐδ’
1695 3139 1953 3192 ἀναπνεῖν
1993 3137 2256 3197 ἀνιέντος,
2319 3137 2347 3188 ὁ
2397 3135 2494 3204 μὲν
2545 3136 2683 3204 μετά
2743 3134 3000 3203 πέμπτην
3062 3133 3282 3202 ἡμέραν
3324 3131 3593 3200 ὑπέσχετο

355 3227 594 3291 ἐξελθεῖν
625 3225 712 3298 (ἦν
742 3227 786 3282 δ’
808 3227 945 3298 αὕτη
973 3229 1201 3299 δευτέρα
1258 3229 1358 3299 τῆς
1391 3232 1521 3300 παρ’
1553 3233 1686 3300 ἡμῖν
1732 3233 1975 3302 μεγάλης
2011 3231 2304 3299 ἑϐδομάδος
2343 3229 2782 3299 ὠνομασμένης),
2809 3229 3066 3299 βασιλεὺς
3099 3229 3156 3280 δέ
3187 3227 3461 3297 ἡσύχασεν
3495 3228 3592 3297 ἀρ-

355 3317 596 3382 κεσθείς.
656 3320 769 3386 Τῆς
816 3319 986 3390 αὐτῆς
1028 3320 1084 3373 δέ
1134 3321 1370 3393 ἡμέρας,
1428 3324 1522 3376 καὶ
1565 3322 1701 3389 πρὸς
1766 3323 2229 3393 πρωτοστράτορα
2291 3322 2444 3392 παρὰ
2503 3321 2765 3389 βασιλέως
2805 3323 3005 3388 ἀφῖκτο
3053 3320 3384 3389 πρόσταγμα
3453 3318 3592 3385 πρὸς

352 3408 455 3477 τὴν
503 3409 776 3478 ἐπαρχίαν
813 3410 1161 3480 Πριλλάπου,
1207 3406 1277 3484 ἦς
1316 3415 1410 3467 καὶ
1463 3415 1729 3484 πρότερον
1790 3409 1950 3485 ἦρχε,
1993 3414 2155 3465 πάλιν
2185 3412 2641 3479 ἐπιτροπεύσοντα
2699 3411 2979 3464 ἀπελθεῖν.
3023 3411 3080 3462 Ὁ
3109 3412 3186 3476 δὲ,
3219 3411 3279 3463 τὸ
3309 3410 3591 3477 ἐπίταγμα

355 3499 451 3552 τοῦ
509 3498 772 3568 βασιλέως
837 3503 1304 3574 ἐπαγγειλάμενος
1363 3505 1757 3576 ὲκπληρὼσειν,
1824 3505 1920 3556 καὶ
1963 3505 2299 3574 προθεσμίαν
2365 3503 2612 3573 αἰτηθεὶς
2662 3503 2760 3571 τῆς
2827 3503 3032 3568 ἐξόδου,
3078 3503 3176 3571 τῆς
3213 3501 3382 3570 αὐτῆς
3423 3503 3596 3569 μεγά-

355 3592 454 3662 λης
483 3593 774 3663 ἑϐδομάδος
803 3595 1171 3665 ἐπηγγείλατο
1224 3597 1322 3668 τὴν
1383 3595 1568 3668 ἐκτην.
1627 3597 1772 3667 Πρδς
1803 3597 1904 3666 μὲν
1926 3595 1989 3664 δὴ
2029 3597 2120 3648 τὸν
2170 3595 2544 3667 πρεσϐύτερον
2585 3595 2693 3646 τῶν
2745 3593 3007 3664 βασιλέων
3063 3594 3288 3648 τοιαῦτα
3321 3591 3472 3647 εἶπόν
3524 3610 3586 3646 τε

357 3688 452 3739 καὶ
481 3688 900 3759 ἐπηγγείλαντο.
1751 3699 1767 3707 “

1685 3807 1790 3882 57
1828 3804 2051 3867 CAPUT
2088 3803 2272 3864 xvm.

355 3902 650 3981 Cugetatur
681 3903 935 3974 Byzantio
965 3904 1108 3981 exire
1134 3919 1358 3981 magnus
1383 3903 1713 3981 domestictts,
1741 3913 1792 3981 et
1837 3903 1906 3957 ad
1937 3903 2117 3981 orbem
2147 3911 2324 3981 postea
2374 3916 2612 3981 manens,
2643 3899 2920 3981 pecu-nio":
2939 3904 3014 3981 _et
3037 3898 3584 3981 militemnersprctat.

427 3968 791 4050 Protostrator
811 3989 1014 4050 quoque
1035 3968 1305 4050 discedere
1342 3975 1562 4050 cogitur.
1613 3972 1835 4050 (fibellus
1883 3968 2260 4050 ad_lcctt_tlum_
2286 3971 2521 4050 junioris
2553 3968 2887 4050 imperatoris
2932 3968 3498 4050 incentusnh‘jusdent
3522 3985 3588 4022 ea:

424 4045 551 4096 urbe
587 4038 854 4114 egressus;
917 4038 1298 4114 Adrianopolin
1340 4038 1548 4114 [altatus
1621 4043 1904 4112 ingressus.
1927 4112 1933 4114 _
1956 4040 2184 4097 Mandat
2227 4038 2348 4094 duci
2378 4057 2472 4095 suo
2499 4038 2696 4106 senior.
2725 4038 2973 4109 fugitare:
3001 4040 3304 4103 insectatus,
3349 4048 3587 4109 nepotem

424 4112 656 4168 vinctum
683 4115 935 4167 adducat.
968 4112 1068 4166 Ille
1098 4112 1290 4166 vanam
1320 4113 1433 4180 fore
1455 4115 1867 4183 persecutionem
1899 4112 2069 4166 docet.

427 4233 562 4286 Cum
613 4231 832 4300 juniore
887 4234 1068 4280 autem
1120 4226 1283 4281 verba
1326 4226 1642 4290 miscentes,
1690 4237 1919 4294 quaeque

2096 4226 2190 4300 Εἰς
2216 4223 2411 4276 ταύτὸν
2453 4223 2510 4276 δὲ
2559 4224 2903 4289 συνελθόντες
2941 4225 3020 4296 τῷ
3069 4228 3205 4297 νέῳ,
3257 4229 3354 4281 καὶ¹
3399 4228 3580 4281 πάντα

356 4321 684 4378 accidissent
728 4326 1244 4378 commemorantes,
1293 4315 1624 4386 comparatis
1671 4330 1923 4370 necessa-

357 4415 474 4478 riis,
500 4412 764 4483 Byzantio
811 4409 1077 4465 excedere
1121 4409 1506 4464 decreverunt.
1538 4408 1759 4462 Mone-nt
1791 4406 1919 4461 item

355 4522 455 4576 per
484 4505 697 4559 litteras
743 4501 1122 4572 Syrgiannem,
1151 4499 1232 4553 uti
1283 4514 1406 4553 cum
1450 4513 1550 4552 suo
1587 4497 1804 4566 agmine
1831 4496 1920 4551 die

355 4595 596 4658 Pascha,
622 4608 731 4664 quo
761 4594 850 4648 die
899 4591 1085 4661 egredi
1139 4591 1477 4661 pepigerant,
1508 4596 1729 4659 paratus
1751 4603 1918 4658 prope

355 4689 673 4761 Byzantium
735 4685 894 4740 adsit.
927 4684 1009 4739 Ad
1064 4680 1454 4753 egrediendum
1488 4680 1656 4751 igitur
1685 4695 1806 4735 sese
1834 4679 1920 4734 in-

357 4780 663 4834 struebant.
691 4778 984 4846 Postquam
1015 4775 1152 4830 alter
1181 4772 1299 4828 dies
1325 4787 1533 4843 magna:
1562 4771 1917 4827 hebdomadis

356 4872 558 4932 illuxit,
606 4846 730 4939 quo
775 4883 1003 4938 magnus
1071 4864 1406 4920 domesticus
1463 4863 1740 4919 exiturum
1796 4878 1916 4919 sese

354 4961 746 5033 Spoponderat,
779 4959 960 5014 acrius
988 4957 1253 5028 promissa
1283 4965 1599 5025 reposcunt,
1621 4970 1759 5024 quos
1787 4955 1917 5009 huic

353 5071 500 5110 cura:
563 5055 864 5122 imperator
935 5055 1322 5119 pra-posuerat.
1376 5045 1470 5100 Ille
1527 5045 1918 5099 commentitiis

354 5144 680 5214 quibusdam
731 5140 914 5198 causis
960 5139 1164 5194 exitum
1216 5136 1460 5192 diﬂ'crre.
1509 5136 1769 5205 Sequenti
1795 5135 1916 5188 luce

354 5237 433 5290 uti
484 5249 663 5290 moras
701 5233 879 5297 tollat,
909 5239 966 5287 et
1011 5239 1188 5293 exeat,
1220 5228 1541 5298 imperatur.
1576 5226 1912 5295 Respondet,

2021 4297 2414 4386 διηγησάμενοι
2445 4315 2513 4367 τὰ
2546 4318 2916 4386 συμπεσόντα,
2952 4319 3136 4372 οὐκέτι
3166 4320 3348 4390 μένειν
3381 4320 3579 4381 ἐδόκει,

2023 4405 2160 4460 ἀλλὰ
2187 4406 2781 4477 παρασκευασαμένους
2829 4408 3063 4475 ἐξελθεῖν
3095 4411 3410 4474 Βυζαντίου.
3445 4412 3587 4480 Γρᾶ-

2023 4512 2184 4563 φουσι
2214 4496 2277 4565 δὴ
2307 4497 2403 4550 καὶ
2429 4489 2734 4568 Συργιάννῃ
2769 4503 3325 4568 παρασκευασάμενον
3354 4501 3470 4570 ἅμα
3511 4506 3580 4570 τῇ

2025 4586 2117 4639 ὑπ’
2145 4587 2306 4640 αὐτὸν
2337 4590 2588 4659 στρατιᾷ,
2615 4591 2680 4656 τῇ
2727 4590 2885 4660 ἑορτῇ
2928 4590 3024 4643 τοῦ
3056 4592 3248 4660 Πάσχα
3290 4593 3456 4660 ἐγγὺς
3485 4593 3584 4644 εὖ-

2027 4678 2250 4748 ρεθῆναι
2274 4680 2617 4750 διατρίϐοντα
2642 4682 2936 4745 Βυζαντίου
2968 4683 3111 4752 (τότε
3136 4687 3244 4755 γὰρ
3276 4685 3370 4738 καὶ
3398 4685 3586 4748 αὐτοῖς

2024 4771 2269 4824 ἐδέδοκτο
2295 4772 2572 4842 ἐξελθεῖν)ο
2616 4766 2761 4825 οὗτοι
2814 4773 2913 4842 μὲν
2963 4774 3054 4827 οὖν
3111 4777 3584 4846 παρεσκευάζοντο

2025 4864 2165 4933 πρὸς
2196 4865 2292 4935 τὴν
2321 4865 2523 4928 ἔξοδον.
2557 4865 2668 4934 Τῆς
2725 4865 2967 4934 μεγάλης
2995 4867 3052 4919 δὲ
3099 4866 3390 4936 ἑϐδομάδος
3418 4885 3586 4920 κατα-

2025 4955 2295 5024 λαϐούσης
2319 4955 2597 5024 δευτέρας,
2630 4955 2750 5006 καθ’
2774 4955 2841 5026 ἢν
2883 4958 2909 5008 ὁ
2939 4957 3109 5025 μέγας
3136 4956 3450 5025 δομέστικος
3480 4956 3584 5024 τῆς

2025 5046 2231 5109 πόλεως
2255 5045 2619 5116 ἐπηγγείλατο
2649 5044 2902 5110 ἐξελθεῖν,
2934 5047 3276 5116 ἠναγκάζετο
3307 5048 3407 5118 μὲν
3428 5051 3583 5116 παρά

2022 5136 2131 5189 τῶν
2151 5137 2230 5198 είς
2257 5137 2415 5188 τοῦτο
2435 5137 2786 5205 τεταγμένων
2806 5136 2903 5206 τὴν
2924 5138 3215 5207 ὑπόσχεσιν
3245 5137 3576 5208 ἐκπληροῦν·

2020 5226 2048 5277 ὁ
2069 5226 2114 5278 δ’
2131 5227 2312 5289 αίτίας
2332 5226 2480 5290 τινάς
2511 5226 2877 5296 πλασάμενος,
2902 5227 3000 5299 τὴν
3029 5229 3204 5294 ἔξοδον
3229 5229 3575 5283 ἀνεϐάλλετοο

1599 5345 1815 5407 Jacobi
1849 5343 2110 5405 Pontani
2145 5351 2330 5405 nota).

425 5458 537 5523 (ξ’-ί)
582 5455 1068 5527 Magna,_pr_opter
1106 5465 1297 5527 magna
1345 5456 1623 5527 mysteria,
1668 5461 1792 5527 quae
1821 5462 1919 5515 per
2015 5448 2330 5527 humanum
2354 5461 2526 5527 genus
2557 5447 2854 5527 expiatum
2907 5455 3012 5501 est.
3047 5448 3358 5527 Alexander
3383 5464 3579 5527 mena:

349 5527 468 5583 dies
522 5518 646 5581 illos
669 5518 863 5579 “nobis
904 5518 966 5577 in
1002 5518 1322 5576 memoriam
1362 5518 1633 5577 cantibus.
1670 5525 1722 5567 et
1755 5531 1920 5571 caere-

349 5598 554 5653 moniis
588 5593 970 5650 sacratissimis
1005 5590 1331 5657 rediguntur
1365 5605 1379 5639 :
1416 5586 1694 5657 cruciatus
1728 5585 1921 5657 videli-

357 5677 484 5727 cet,
546 5681 608 5719 ac
657 5677 805 5718 mors
834 5660 1050 5716 Domini
1095 5653 1266 5713 nostri
1299 5656 1424 5712 .lesu
1471 5653 1919 5724 Christi,quibus

2015 5517 2170 5580 chus,
2194 5519 2442 5589 oratione
2467 5517 2534 5570 de
2557 5517 2868 5589 inventione
2893 5527 3094 5589 sanctae
3116 5519 3329 5583 Crucis,
3355 5520 3452 5589 τὴν
3477 5519 3575 5573 τοῦ

2020 5582 2283 5655 σωτηρίου
2312 5587 2518 5650 πάθους
2550 5585 2818 5658 ἑϐδομάδα
2847 5587 3116 5641 nominat.
