4038 6212
341 281 454 348 153
1210 322 1220 334 ο
1554 300 1910 362 HISTORIA

2012 305 2098 366 1M
2141 311 2374 373 LIBER
2418 313 2462 374 Ι.
3515 321 3620 389 154

336 401 492 491 τῇδ’
523 403 757 475 ἐπιούσῃ
787 405 1056 475 μηνύεται
1099 409 1248 480 παρὰ
1297 409 1564 480 βασιλέως
1589 414 1666 476 ὡς
1702 416 1910 485 τάχιστε

2035 435 2140 474 non
2163 431 2293 476 ante
2323 423 2375 476 id
2407 438 2590 493 posse,
2636 439 2798 494 quam
2852 428 3086 496 pecunia
3120 428 3224 484 sibi
3261 431 3316 484 iu
3345 433 3612 502 stipendia

339 493 610 556 ἐξελθεῖν.
655 495 715 550 '0
757 497 803 548 δ’
836 498 1174 569 ἁπεκρίνατο
1231 501 1307 572 μὴ
1347 503 1616 574 πρότερον
1647 504 1907 561 δύνασθαι

2039 516 2505 570 mercenariorum
2579 532 2641 572 ac
2708 519 3174 586 przesidiariorum
3252 538 3352 592 per
3414 527 3610 595 oppida

341 586 483 654 πρὶν
522 585 588 637 ἂν
612 587 680 638 τὰ
708 589 976 657 χρήματα
1001 591 1128 660 δοθῇ
1163 593 1300 660 πρὸς
1342 593 1524 658 αὑτὸν,
1558 590 1641 658 οἷς
1691 596 1759 650 ἂν
1797 595 1910 667 πρό.

2036 602 2333 658 Thessalia:
2363 614 2674 672 prtestetur.
2711 585 2773 661 id
2808 609 2852 662 si
2888 609 2998 672 fiat,
3031 611 3169 665 citra
3201 585 3610 682 tergiversatio-

340 692 406 726 τε
430 677 492 727 τὸ
518 679 912 747 μισθοφορικὸν
938 683 1214 752 χρήσηται
1234 685 1332 754 τῆς
1360 688 1644 756 στρατιᾶς,
1673 691 1767 742 καὶ
1796 691 1910 759 πρὸ

2034 709 2157 747 nem
2188 696 2458 764 postridie
2485 707 2638 752 extra
2671 702 2872 754 muenia
2905 716 2964 755 se
3015 703 3413 771 appariturum.
3442 705 3616 758 Pecu-

338 770 448 828 τὰς
477 767 589 819 τῶν
614 769 905 838 πολιχνίων
929 772 1038 823 τῶν
1062 774 1118 824 ὲν
1141 773 1409 847 Θετταλίᾳ
1435 779 1696 848 φρουράς.
1727 783 1788 834 El
1821 782 1910 852 γὰε

2033 789 2177 844 niam
2223 806 2292 846 eo
2326 793 2443 861 ipso
2477 792 2566 847 die
2610 795 2763 863 jussu
2803 796 3174 864 imperatoris.
3211 799 3611 866 quinquaginta

338 859 512 910 τοῦτο
543 859 771 924 γένοιτο,
807 861 1084 932 μηδεμίαν
1118 867 1386 937 ἀναϐολὴν
1416 869 1492 922 ἔτ’
1518 866 1665 924 εἶναι
1704 873 1842 941 πρὸς
1871 875 1910 927 τὶ

2033 897 2318 936 nummum
2375 899 2672 939 aureorum
2722 887 2889 940 millia
2928 884 3259 957 quaestores
3300 901 3610 943 numerant.

339 949 550 1018 τειχῶν
589 950 697 1015 ἔξω
720 951 833 1002 τῶν
855 951 1176 1013 Βυζαντίων
1211 959 1291 1020 εἰς
1338 959 1434 1030 τὴν
1475 961 1734 1015 ἐπιοῦσαν
1764 965 1933 1034 ὀφθῆ-

340 1055 456 1092 ναι.
488 1039 569 1090 Τὰ
603 1039 704 1107 μὲν
751 1037 849 1093 οὖν
889 1045 1150 1114 χρήματα
1182 1046 1450 1114 βασιλέως
1498 1053 1925 1121 προστάξαντος,

339 1131 668 1200 αὐθημερὸν
717 1123 1005 1205 παρέσχον
1040 1138 1088 1190 oi
1138 1139 1249 1191 τῶν
1285 1140 1582 1209 βασιλικῶν
1626 1146 1929 1216 χρημάτων

335 1222 563 1291 ταμίαι,
600 1225 876 1294 μυριάδας
909 1227 1040 1281 ὄντα
1079 1233 1310 1302 χρυσίου
1351 1234 1534 1289 πέντε·
1558 1236 1595 1290 ἃ
1624 1241 1719 1293 καὶ
1745 1255 1927 1305 παρα-

336 1313 605 1379 λαϐόντες
653 1317 704 1368 oi
737 1316 832 1370 τοῦ
877 1321 1118 1389 μεγάλου
1145 1325 1468 1394 δομεστίκου
1498 1330 1719 1397 ταμίαι,
1765 1331 1927 1386 πάλιν

339 1407 540 1460 εἴασαν
571 1407 711 1479 πρὸς
743 1410 824 1478 τῷ
847 1411 1112 1484 βασιλικῷ
1134 1416 1346 1486 ταμείῳ
1377 1421 1738 1488 φρουρεῖσθαι
1764 1422 1927 1492 (οὕτω

334 1502 836 1569 προστεταγμένον
867 1505 1054 1568 αὐτοῖς
1099 1507 1252 1578 παρὰ
1297 1509 1394 1562 τοῦ
1425 1510 1732 1578 δεσπότου),
1757 1532 1926 1585 προσ-

336 1589 530 1651 θέντες
563 1593 752 1645 αἰτίαν
781 1595 884 1663 τῆς
950 1597 1344 1666 καταλείψεως,
1369 1601 1446 1663 ὡς
1471 1603 1531 1654 ἓν
1559 1604 1669 1657 τῶν
1695 1605 1926 1676 ξυστρα-

333 1681 526 1735 τεύειν
558 1685 750 1753 τάγμα
781 1685 859 1754 τῷ
892 1688 1115 1760 μεγάλῳ
1138 1695 1640 1762 προστεταγμένων
1667 1697 1923 1767 δομεστί-

339 1789 430 1842 κιρ
463 1774 530 1826 ὲκ
557 1776 821 1840 στρατιᾶς
846 1777 1041 1846 ἐτέρας
1074 1779 1349 1848 ἐπανῆκον
1372 1780 1522 1850 ἄρτι,
1548 1784 1642 1836 καὶ
1674 1785 1926 1852 δεόμενον

345 1864 528 1934 μικρὰ
558 1866 682 1927 ταῖς
720 1866 926 1930 οἰκίαις
955 1868 1404 1940 προσδιατρίψαι,
1444 1873 1565 1924 ἐπεὶ
1589 1873 1759 1927 πολλὰ
1795 1892 1926 1928 κατ-

2031 973 2202 1039 Quam
2229 989 2498 1030 summam
2517 978 2850 1047 accipientes
2874 981 3054 1049 magni
3079 981 3363 1036 domestici
3382 994 3616 1050 qumsto-

2032 1081 2140 1129 res,
2189 1083 2409 1122 rursum
2461 1070 2658 1124 arrario
2703 1071 3054 1140 imperatoris
3082 1076 3612 1136 asservandam,do-

2029 1157 2182 1211 mino
2235 1158 2309 1212 ita
2363 1160 2739 1229 praecipiente,
2771 1161 3115 1230 relinquunt,
3150 1165 3418 1216 rationem
3481 1164 3610 1217 facti

2031 1245 2174 1302 hanc
2209 1248 2523 1312 afferentes,
2557 1265 2720 1304 uuam
2748 1267 2935 1305 earum
2964 1252 3297 1318 cohortium,
3329 1269 3450 1322 quae
3486 1270 3609 1308 cum

2029 1352 2232 1407 magno
2289 1337 2596 1393 domestico
2653 1339 2945 1392 militatum
2999 1339 3151 1395 abire
3199 1342 3482 1404 deberent,
3545 1359 3608 1398 es

2029 1429 2131 1482 alia
2175 1429 2526 1498 expeditione
2583 1446 2776 1484 recens
2835 1446 3109 1484 reversam
3164 1447 3368 1494 orasse.
3403 1445 3458 1486 ut
3504 1435 3607 1489 sibi

2027 1519 2272 1588 pauxillo
2325 1531 2572 1588 tempore
2631 1520 2778 1574 domi
2837 1521 3046 1574 bterere
3092 1521 3448 1575 concedatur.
3482 1523 3608 1576 Eam

2028 1613 2281 1680 quamvis
2339 1612 2479 1666 duce
2547 1613 2846 1682 impensius
2911 1623 3160 1682 urgente,
3199 1629 3303 1666 non
3367 1615 3608 1683 patuisse

2029 1704 2325 1759 domiciliis
2354 1705 2490 1766 suis,
2515 1705 2637 1759 aliis
2671 1706 2805 1759 alias
2863 1706 3105 1760 latebras
3134 1707 3528 1774 quaerentibus,
3555 1717 3610 1759 et

2030 1812 2089 1852 se
2135 1797 2559 1861 occultantibus,
2616 1797 2845 1865 expelli.
2877 1796 3037 1851 Unde
3073 1797 3300 1849 invitum
3335 1798 3498 1851 etiam
3528 1798 3608 1850 eis

2027 1885 2269 1948 dedisse,
2317 1894 2378 1938 ut
2413 1886 2557 1939 diem
2610 1885 2829 1938 Pascha:
2867 1884 3014 1936 domi
3071 1893 3476 1946 consumeutcs,
3508 1899 3606 1952 po-

340 1956 667 2019 αναγκάσας
713 1958 741 2008 6
784 1962 1090 2030 στρατηγὸς
1136 1963 1239 2014 οὐκ
1286 1964 1524 2036 ἠδυνήθη
1573 1966 1682 2019 τῶν
1734 1968 1910 2021 οίκιῶι

2028 1987 2180 2033 stero
2209 1977 2418 2031 lumine
2450 1977 2735 2031 confestim
2770 1976 3187 2045 egrederentur.
3210 1984 3264 2028 et
3293 1977 3345 2029 in
3380 1977 3518 2028 viam
3547 1991 3605 2028 se

341 2047 611 2110 ὶξελάσαι
638 2048 794 2103 ἄλλον
820 2051 1015 2105 ἄλλοσε
1040 2053 1541 2124 διαδιδράσκοντας,
1569 2062 1910 2131 συνεχώρησε

2025 2068 2259 2130 darent;
2291 2083 2431 2137 quos
2460 2081 2684 2120 necesse
2729 2079 2894 2125 esset.
2923 2077 3220 2145 numerato.
3259 2069 3363 2120 sibi
3394 2067 3605 2135 stipen—

351 2140 457 2193 καὶ
486 2142 635 2193 ἄκων
659 2145 746 2212 τῆν
770 2143 860 2196 τοῦ
897 2146 1093 2216 Πάσχα
1125 2147 1316 2219 ἑορτὴν
1348 2152 1488 2204 οίκοι
1511 2152 1910 2223 διατρίψαντας,

2027 2159 2142 2223 dio,
2178 2160 2244 2213 ad
2275 2166 2473 2214 ducem
2531 2160 2839 2226 pervenire.
2873 2158 2979 2213 Sed
3033 2161 3173 2213 istuc
3205 2174 3414 2212 merum
3454 2173 3606 2211 com-

363 2230 489 2298 μετ’
516 2231 684 2302 αὐτὴν
714 2234 857 2298 εὐθὺς
889 2235 1114 2306 ἔχεσθαι
1161 2242 1261 2308 τῆς
1303 2241 1448 2294 ὀδοῦ·
1484 2242 1580 2306 οὓς
1613 2246 1698 2298 δετ
1727 2247 1822 2300 καὶ
1851 2249 1910 2299 τὰ

2024 2261 2268 2306 mentum
2303 2259 2446 2305 erat.
2504 2250 2633 2304 Ideo
2670 2265 2905 2319 namque
2935 2251 3220 2317 pecuniam
3278 2250 3598 2318 reliquerat,

355 2323 625 2392 χρήματα
657 2325 1009 2391 μεθ’ἐαυτιῖιν
1043 2329 1286 2400 ἔχοντας,
1324 2334 1461 2404 πρὸς
1492 2335 1583 2388 τὸν
1615 2339 1910 2407 στρατηγὸν

2021 2347 2083 2392 ιιι
2117 2347 2172 2393 et
2225 2337 2368 2407 apud
2404 2337 2723 2405 Byzantium
2777 2340 3040 2406 temporis
3083 2337 3317 2391 ducendi
3371 2337 3600 2390 honesta

345 2416 664 2482 ἀφικέσθαι.
703 2417 775 2471 Τὸ
799 2421 843 2472 δ’
875 2416 946 2492 ἦν
977 2424 1250 2490 πρόφασις
1282 2427 1667 2498 πεπλασμένη’
1697 2432 1910 2484 κατελέ-

2019 2437 2167 2486 esset
2219 2430 2436 2484 occasio
2471 2429 2646 2492 (trivit
2693 2439 2877 2484 autem
2934 2429 3049 2483 illic
3085 2428 3203 2482 dies
3245 2429 3444 2499 quinos
3478 2439 3601 2498 post

333 2507 533 2559 λειπτο
557 2507 614 2560 δὲ
647 2510 716 2562 τά
746 2513 1032 2582 γρήματα,
1065 2513 1185 2583 άμα
1222 2517 1322 2585 μὲν
1351 2518 1500 2581 ὅπως
1528 2518 1614 2590 εἴη
1642 2522 1910 2591 πρόφασις

2018 2535 2324 2592 egressum,
2377 2520 2763 2590 imperatorem
2807 2520 3085 2590 juniorem
3136 2521 3514 2590 praestolans);
3547 2529 3604 2574 et

329 2597 624 2667 εὐπρεπὴς
641 2599 738 2651 τοῦ
761 2601 895 2671 περὶ
924 2601 987 2654 τὸ
1018 2602 1311 2667 Βυζάντιον
1330 2606 1630 2676 διατρίϐειν
1651 2609 1910 2680 (διέτριψε

2019 2613 2146 2683 quia
2208 2613 2351 2666 haud
2408 2612 2655 2676 liberale,
2715 2611 2932 2682 sibique
2991 2612 3216 2680 penitus
3276 2610 3598 2664 indecorum

325 2691 441 2758 γάρ
473 2691 620 2759 μετά
640 2691 744 2760 τὴν
774 2693 957 2759 ἔξοδον
990 2695 1202 2766 ἡμέρας
1245 2698 1410 2751 πέντε
1445 2701 1574 2769 περὶ
1610 2701 1784 2766 αὐτὸ),
1818 2705 1910 2773 τὴν

2019 2703 2396 2768 existimabat,
2454 2701 2630 2758 videri
2665 2712 2882 2772 captum
2915 2701 3171 2772 pecunia,
3202 2717 3362 2769 quam
3407 2701 3473 2754 ab
3499 2701 3602 2754 im-

321 2781 422 2832 τοῦ
451 2782 581 2835 νέου
623 2783 892 2853 βασιλέως
920 2786 1107 2854 ἄφιξιν
1155 2789 1537 2859 ἐκδεχόμενος,
1580 2793 1698 2862 ἅμα
1725 2795 1782 2847 δὲ
1820 2794 1910 2847 καὶ

2018 2807 2272 2868 peratore
2301 2811 2432 2851 sene
2467 2796 2702 2859 fallacia,
2738 2806 2796 2850 et
2832 2795 2978 2850 furto
3009 2793 3408 2865 propemodum
3441 2809 3600 2848 aver-

323 2875 562 2940 άγεννὲς
595 2877 693 2928 καὶ
749 2879 1018 2948 μηδαμῶς
1071 2880 1223 2950 αὐτῷ
1275 2883 1554 2954 προσῆκον
1615 2886 1910 2955 χρημάτων

2019 2897 2177 2952 teret,
2197 2887 2342 2958 quod
2362 2885 3142 2958 gloriae,celebritatique.58
3160 2902 3270 2938 suae
3293 2885 3515 2951 foedam,
3536 2900 3600 2939 ac

321 2967 605 3035 ἡσσῆσθαι
632 2968 839 3032 δοκεῖν,
873 2970 1116 3039 νομίζων
1136 2971 1212 3035 ὡς
1241 2973 1426 3044 ἀπάτῃ
1460 2976 1553 3028 καὶ
1579 2977 1750 3048 κλοπῇ
1785 2995 1910 3048 σχε-

2018 2979 2412 3048 sempiternam
2437 2977 2613 3032 labem
2632 2985 2968 3049 aspergeret.
3001 2975 3056 3029 ld
3091 2975 3276 3028 multis
3341 2975 3597 3044 quodque

321 3059 415 3108 δὸν
449 3057 865 3128 ἀφαιρούμενος
915 3060 1216 3130 βασιλέως
1259 3063 1288 3116 6
1327 3066 1564 3134 μάλιστα
1593 3068 1746 3138 αὑτῷ
1775 3071 1910 3140 πρὸς

2016 3073 2265 3142 pecunia:
2345 3069 2720 3126 servientibus
2771 3069 2936 3139 supra
3004 3068 3226 3122 modum
3277 3069 3598 3150 admirabile

325 3149 429 3218 τὴν
461 3148 722 3201 εὔκλειαν
755 3152 851 3203 καὶ
880 3151 979 3222 τὴν
1017 3153 1265 3219 εὐδοξίαν
1286 3155 1379 3208 τὸν
1413 3157 1692 3212 είσὲπειτα
1721 3161 1910 3230 χρόνον

2017 3163 2143 3229 fuit,
2183 3172 2292 3217 tam
2345 3163 2621 3232 ingentem
2674 3161 2807 3231 ejus
2833 3160 3046 3221 vim,et
3075 3161 3139 3214 ad
3175 3175 3331 3214 usum
3361 3148 3598 3229 praesen-

325 3244 509 3293 πάντα
539 3243 641 3294 οὐκ
670 3241 829 3310 ὀλίγα
855 3243 1214 3313 λυμανεῖσθαι
1243 3245 1401 3316 ᾤετο.
1448 3249 1512 3301 '0
1543 3249 1613 3320 δὴ
1659 3252 1913 3305 καὶπολ-

320 3332 435 3392 λοίς
452 3333 565 3385 τῶν
593 3335 722 3402 περὶ
754 3335 1018 3403 χρήματα
1049 3337 1371 3408 ἡττημένων
1396 3340 1577 3407 ἔδοξεν
1605 3343 1905 3415 ὑπερφυὲς,

320 3427 386 3477 τὸ
413 3426 698 3479 τοσούτων
733 3428 1057 3498 χρημάτων,
1095 3433 1192 3484 καὶ
1225 3431 1397 3496 οὕτως
1433 3435 1490 3487 ἐν
1520 3437 1788 3507 ἐπικαίρῳ
1812 3441 1910 3507 τῆς

324 3517 520 3584 χρείας
551 3518 749 3588 ῥᾳδίως
781 3518 856 3582 ὡς
890 3520 1124 3574 οὖδενῶν
1166 3526 1604 3594 καταφρονῆσαι,
1654 3527 1794 3594 ἐξὸν,
1828 3531 1908 3582 εῐ-

322 3625 437 3676 περ
455 3608 732 3673 ἐϐούλετο,
758 3612 854 3664 σὺν
877 3612 1132 3685 ῥᾳστώνῃ
1161 3616 1311 3688 πάσῃ
1338 3616 1548 3672 λαϐεῖν.
1594 3619 1656 3672 '0
1689 3620 1784 3689 μὲν
1813 3617 1908 3675 οὖν

325 3698 505 3765 μέγας
528 3699 849 3766 δομέστικος
874 3705 940 3772 τῇ
967 3704 1204 3777 τετάρτῃ
1234 3707 1335 3774 τῆς
1378 3707 1628 3778 μεγάλης
1673 3709 1907 3780 ἑϐδομά-

319 3793 412 3853 δος
445 3792 634 3862 ἐξῆλθε
689 3793 794 3862 τῆς
839 3795 1280 3860 Κωνσταντίνου,
1335 3801 1430 3854 καὶ
1481 3801 1720 3872 διέτριϐε
1773 3805 1904 3874 περὶ

323 3883 523 3951 αὐτὴν,
555 3883 686 3943 τοὺς
734 3881 1073 3950 στρατιώτας
1127 3885 1484 3955 ἐκδεχόμενος
1533 3890 1628 3940 καὶ
1664 3889 1734 3941 τὰ
1771 3893 1906 3961 χρή-

326 3988 478 4040 ματα
509 3970 694 4040 δῆθεν.
729 3973 888 4027 Κατὰ
936 3973 996 4026 δὲ
1048 3975 1145 4045 τὴν
1178 3975 1348 4046 ἕκτην
1375 3978 1475 4046 τῆς
1515 3979 1688 4049 αὐτῆς
1747 3983 1842 4034 καὶ
1874 3983 1902 4034 6

322 4065 777 4134 πρωτοστράτωρ
804 4067 1118 4134 ἡνάγκαστο
1145 4067 1385 4132 ἐξιέναι·
1417 4071 1478 4122 οὐ
1514 4071 1622 4140 μὴν
1655 4071 1899 4141 ἐξῆλθεν

2015 3264 2123 3310 tem
2157 3255 2296 3309 adeo
2329 3261 2697 3324 opportunam
2735 3251 2944 3320 (quam,
2975 3249 3019 3304 si
3064 3251 3344 3315 voluisset,
3398 3250 3597 3304 habere

2011 3346 2271 3402 facillime
2305 3344 2540 3415 poterat)
2574 3343 2809 3413 perinde
2841 3358 2904 3397 ac
2929 3344 2972 3396 si
3002 3343 3148 3396 nulla
3175 3351 3321 3396 esset
3349 3352 3596 3396 contem-

2017 3453 2174 3492 nere.
2197 3437 2424 3507 Magnus
2452 3435 2639 3504 itaque
2665 3433 3007 3488 domesticus
3037 3444 3236 3500 quarto
3271 3435 3359 3487 die
3388 3449 3596 3503 magna:

2009 3529 2372 3584 hebdomadis
2427 3526 2902 3597 Constantinopoli
2951 3528 3248 3588 excedens.
3283 3525 3348 3580 ad
3398 3526 3631 3579 urbem'

2009 3622 2234 3684 mansit,
2271 3621 2479 3675 milites
2509 3621 2783 3682 videlicet,
2815 3628 2869 3672 et
2900 3619 3187 3688 pecuniam
3241 3625 3592 3686 exspectans.

2007 3712 2106 3766 Die
2157 3721 2310 3765 sexto
2372 3710 2492 3781 [seu
2543 3709 2930 3780 Parasccves],
2983 3710 3150 3763 etiam
3227 3714 3594 3778 protostrator

2005 3806 2157 3862 exire
2218 3804 2656 3874 compellebatur
2686 3821 2701 3857 :
2733 3820 3050 3874 quanquam
3100 3818 3204 3856 nou
3260 3801 3452 3864 exivit,
3493 3801 3589 3854 sed

2008 3907 2122 3952 tum
2160 3898 2492 3967 imparatum
2523 3911 2606 3962 se,
2635 3905 2747 3950 tum
2775 3897 2880 3953 alia
2913 3895 3163 3967 quaedam
3198 3892 3589 3964 impedimenta

2003 3999 2281 4058 causatus,
2336 4005 2394 4045 se
2464 3990 2594 4044 item
2648 3997 2771 4058 post
2823 3989 2968 4044 diem
3029 3986 3251 4043 tertium
3309 3985 3581 4039 cxiturun.

2003 4083 2370 4140 confirmavit.
2421 4083 2692 4138 Caeterum
2747 4081 2838 4137 die
2892 4083 2986 4136 illo
3017 4078 3589 4170 sexto,.pr0pterlcc-

200 4698 204 4701 ’
308 4698 517 4768 μάθοις
555 4700 615 4752 ἐν
639 4700 716 4771 τῷ
751 4703 1004 4772 παρόντι·
1042 4704 1187 4774 λέγω
1230 4707 1415 4775 μέντοι
1448 4709 1583 4779 πρὸς
1614 4709 1892 4780 ἀλήθειαν,

320 4154 465 4208 ἀλλὰ
490 4155 552 4208 τό
595 4172 653 4207 τε
673 4157 1060 4227 ἀπαράσκευον
1080 4157 1426 4229 αἰτιώμενος,
1450 4164 1544 4214 καὶ
1560 4164 1724 4226 ἄλλας
1751 4167 1901 4228 τινὰς

2012 4185 2116 4231 tum
2165 4176 2407 4246 junioris
2483 4175 2838 4245 imperatoris
2893 4173 3112 4228 libellus
3169 4157 3425 4227 iuventus
3476 4179 3584 4234 est,

315 4245 501 4308 αἴτιας
522 4246 810 4317 συνείρων,
863 4249 1230 4318 ἐπηγγείλατο
1283 4251 1421 4319 μετὰ
1450 4253 1647 4323 τρίτην
1679 4255 1896 4324 ἡμέραν

2012 4269 2349 4339 conscriptus
2412 4268 2497 4322 his
2551 4268 2778 4323 verbis:
2825 4266 2930 4334 Qui
2983 4267 3104 4329 sim,
3138 4274 3231 4321 aut
3256 4266 3379 4335 quis
3419 4280 3587 4318 vocer

237 4344 242 4346 “
314 4335 415 4388 καὶ
449 4336 616 4398 αὐτὸς
643 4336 902 4402 ἐξελθεῖν.
959 4339 1038 4409 Τῇ
1075 4340 1124 4392 δ’
1152 4341 1290 4413 αὐτῇ
1322 4342 1424 4412 τῆς
1457 4345 1701 4415 μεγάλης
1743 4347 1896 4400 ὲϐδου

2012 4363 2093 4432 pii
2123 4362 2230 4416 hoc
2258 4359 2502 4421 exaravi,
2532 4375 2638 4413 non
2687 4374 2988 4430 cognosces
3020 4357 3200 4412 modo.
3232 4359 3362 4412 Dico
3401 4367 3584 4410 autem

317 4427 494 4493 μάδος
529 4426 687 4498 ἕκτῃ,
735 4427 936 4502 εὖρηῖο
983 4430 1120 4498 πρὸς
1170 4434 1237 4501 τῇ
1289 4432 1446 4507 κλίνῃ
1501 4435 1762 4505 βασιλέως
1800 4439 1893 4492 τοῦ

2012 4426 2152 4513 rere.
2184 4451 2348 4504 hodie
2384 4449 2601 4519 impleri
2643 4426 2782 4504 illud
2811 4469 2825 4505 :
2870 4451 3011 4504 Venit
3058 4451 3209 4514 liora,
3237 4457 3290 4500 ut
3317 4449 3589 4518 disperge-

312 4517 440 4568 νέου
495 4515 721 4584 βιϐλίον,
749 4519 876 4571 τάδε
910 4517 1033 4589 ἔχον
1061 4524 1449 4592 γεγραμμέναο
1495 4525 1584 4590 Ὠς
1629 4530 1729 4596 μὲν
1751 4532 1888 4600 γρά-

2012 4541 2121 4594 nini
2142 4543 2516 4610 unusquisque,
2537 4551 2586 4595 et
2613 4557 2691 4594 me
2706 4539 2873 4594 solum
2904 4537 3214 4608 relinquatis
3237 4539 3273 4601 ‘,
3299 4537 3350 4590 ui
3376 4540 3582 4592 stultus

306 4607 422 4676 ψας
470 4609 654 4671 ὀποῑος
692 4609 760 4662 ἂν
795 4609 878 4679 εἴη
909 4627 1014 4676 τις,
1075 4613 1108 4679 ἢ
1136 4614 1164 4665 ὃ
1195 4631 1246 4666 τι
1301 4615 1642 4686 ὀνομάζοιτο,
1696 4621 1796 4673 οὐκ
1827 4621 1892 4675 ἂν

2012 4633 2095 4696 iis,
2150 4607 2470 4703 assequeris
2525 4633 2717 4702 utique
2769 4631 2898 4700 quid
2957 4630 3195 4685 dicatur.
3228 4629 3359 4700 Ejus
3389 4628 3580 4697 scripti

1993 4725 2265 4778 sententia
2291 4725 2406 4778 haec
2432 4732 2569 4789 erat,
2597 4738 2759 4793 quam
2782 4731 2837 4776 et
2871 4736 3042 4790 nepos
3066 4721 3181 4790 ipse
3210 4719 3537 4789 conjiciebat
3562 4735 3578 4770 :

301 4789 385 4851 ὡς
416 4790 659 4861 σήμερον
713 4793 1079 4865 ἐκπληροῦται
1110 4798 1169 4849 τὸ
1218 4799 1511 4868 εἰρημένον
1550 4802 1632 4866 τὸ,
1673 4823 1712 4866 ι¹
1738 4805 1895 4874 Ἐλή-

2012 4817 2300 4871 tmicorum
2355 4831 2581 4870 suorum
2641 4816 3041 4886 dispersionem
3096 4827 3204 4866 non
3235 4813 3376 4866 alius
3407 4811 3578 4880 gratia

301 4882 476 4935 λυθεν
507 4884 540 4952 ή
588 4883 708 4952 ὥρα
759 4886 847 4939 ίνα
898 4890 1266 4961 σκορπισθῆτε
1325 4892 1581 4959 ἕκαστος,
1631 4897 1728 4948 καὶ
1787 4897 1888 4966 ἐμὲ

2012 4908 2136 4969 ieri.
2172 4922 2336 4977 quam
2373 4917 2432 4961 ut
2463 4908 2579 4977 ipse
2611 4882 2956 4963 commodius
2991 4905 3175 4959 invadi
3233 4903 3578 4974 opprimique

302 4975 476 5042 μόνον
502 4974 732 5043 ἀφῆτε-ι
764 4979 985 5040 συνετὸς
1006 4980 1050 5031 δ’
1071 4980 1166 5047 ὢν,
1195 4981 1295 5035 οὐκ
1323 4984 1610 5054 ἀγνοήσεις
1631 4986 1700 5039 τὰ
1730 4987 1885 5056 λεγό-

301 5080 454 5133 μενα
490 5066 684 5138 δήπου.
726 5067 786 5122 Ὀ
813 5068 912 5138 μὲν
939 5068 1033 5124 οὖν
1068 5073 1205 5127 ἐνόει
1233 5075 1294 5127 τὸ
1329 5078 1585 5146 γράμμα,
1611 5079 1758 5131 τοῦτ’
1806 5075 1874 5152 ἦν

296 5157 448 5224 ὅπερ
481 5159 574 5210 καὶ.
605 5159 765 5220 αὐτὸς
799 5161 1122 5231 ἑστοχάζετο
1153 5161 1430 5232 βασιλεὺς,
1462 5168 1536 5229 ὡς
1562 5169 1590 5220 ὁ
1618 5169 1727 5221 τῶν
1757 5171 1886 5241 περὶ

297 5247 496 5302 αὐτῶν
526 5249 940 5323 διατκεδασμδς,
969 5255 1183 5318 οὐδενὸς
1216 5257 1406 5326 ἑτέρου
1451 5259 1627 5328 χάριν,
1665 5262 1698 5332 ἢ
1734 5263 1884 5328 ὅπως

295 5339 472 5403 αὐτὸς
503 5341 731 5410 γένηται
780 5344 1223 5416 εὐεπιχείρητος,
1256 5347 1367 5419 εἴη.
1414 5347 1517 5402 Τὸν
1560 5352 1745 5421 μέντοι
1785 5372 1879 5422 γε·

376 5482 392 5513 ¹
421 5480 581 5537 Joan.
616 5501 726 5550 xvi,
758 5487 849 5543 52.

1993 5009 2197 5070 posset.
2253 5002 2551 5055 Auctorem
2587 5002 2878 5070 scripturae
2923 5000 3090 5070 hujus
3137 4996 3484 5067 postmodum
3520 4995 3572 5046 in

1988 5105 2124 5160 pace
2159 5105 2380 5159 quoque
2433 5089 2528 5143 diu
2566 5090 2881 5158 indagatum
2917 5105 3028 5142 non
3088 5088 3333 5141 invenit:
3366 5085 3572 5137 interea

1988 5187 2222 5232 mortem
2274 5179 2481 5233 obiisse
2512 5178 2757 5232 creditus
2797 5188 2899 5232 est.
2930 5178 2999 5234 Et
3032 5178 3147 5232 haec
3178 5171 3399 5244 quidem
3427 5173 3582 5240 ejus_

1988 5270 2135 5324 modi
2193 5269 2438 5324 fuerunt.
2503 5270 2709 5324 Eodem
2767 5285 2896 5324 vere
2948 5285 3044 5324 xm
3107 5269 3221 5338 (25)
3301 5266 3572 5321 Kalendas

1989 5360 2158 5416 Maias
2224 5361 2525 5417 indictione
2597 5372 2790 5434 quarta
2857 5363 2986 5418 anni
3054 5359 3233 5415 sexies
3292 5357 3569 5414 millesimi

1561 5568 1770 5632 Jacobi
1813 5573 2084 5638 Pontani
2125 5586 2313 5640 notm.

541 5657 615 5714 De.
657 5659 1054 5719 indictionibus
1120 5666 1215 5737 qui
1287 5667 1454 5734 volet,
1485 5668 1628 5739 legat
1657 5671 2050 5733 Covarruviam
2110 5679 2396 5734 Varini-nm
2441 5679 2820 5736 resolutionum
2847 5678 2945 5735 lib.
2985 5696 3022 5747 ι,

288 5722 328 5782 ϐ
370 5728 513 5788 et.7.

3073 5695 3192 5752 cap.
3255 5679 3340 5749 l0,
3411 5687 3566 5738 num.
