4038 6212
305 349 404 411 165

1496 347 2037 415 HISTORIARUM
2079 353 2313 413 LIBER
2357 354 2412 416 Ι.

3456 357 3562 424 166

299 464 392 517 καὶ
418 461 611 516 τούτου
649 462 813 532 χάριν
877 439 1029 532 ἡμᾶς
1079 465 1180 534 μὲν
1222 465 1258 519 ἃ
1311 465 1644 537 βουλοίμεθα
1670 467 1866 534 αίτεῖν,

1974 483 2004 524 e
2034 469 2312 540 republica
2335 468 2588 524 senserit.
2617 468 2715 524 llic
2749 483 2942 526 omnes
2971 471 3111 525 velut
3142 485 3206 526 ex
3231 477 3558 543 compositu,

297 557 502 608 ἐκεῖνον
526 553 585 606 δὲ
619 554 794 624 ἡδέως
814 554 963 624 ἔχειν
985 558 1066 619 είς
1105 557 1280 628 πέρας
1309 559 1488 626 ἄγειν.
1523 559 1726 612 Λοιπὸν
1755 561 1866 612 τοί-

296 662 388 699 νυν
413 644 559 714 ὑμᾶς
585 643 817 697 ἕκαστον
836 643 873 698 ἃ
903 645 970 698 ἂν
996 647 1178 714 οἴηται
1197 647 1471 700 συνοίσειν
1495 648 1701 716 λέγειν.
1726 649 1872 719 Πρὸς

294 737 446 791 ταῦθ’
473 737 720 799 ἅπαντες
753 736 953 806 ῶσπερ
975 738 1082 792 ἀπὸ
1117 737 1400 810 συνθήκης
1443 739 1544 808 μία
1583 742 1869 811 γενόμενοι

296 831 541 898 γλῶσσα.
583 829 658 900 μὴ
695 829 956 898 δέχεσθαι
1008 831 1221 900 ἔφασαν
1270 833 1372 902 τὴν
1425 835 1680 904 είρήνην,
1731 835 1870 904 μηδὲ

298 922 584 988 βούλεσθαι
613 923 755 984 δλως
781 921 1135 990 βουλεύεσθαι
1179 924 1308 991 περὶ
1337 925 1561 980 τούτου.
1580 927 1710 981 Ἰδοὺ
1736 932 1868 998 γὰρ,

293 1014 364 1076 ὡς
396 1014 698 1083 ἀκούομεν,
731 1017 980 1086 βασιλεῦ,
1015 1020 1095 1081 εὶς
1143 1019 1376 1090 ἔσχατον
1403 1020 1708 1091 ἀφιγμένος
1757 1038 1872 1073 κιν-

296 1105 466 1168 δύνου,
499 1108 604 1157 καὶ
663 1107 828 1174 μόγις
858 1108 997 1162 Θεοῦ
1045 1112 1442 1181 συναιρομένου
1469 1112 1531 1165 τὸ
1570 1112 1870 1166 ἀποθανεῖν

297 1195 596 1264 διαφυγὼν,
636 1200 750 1260 τοῖς
774 1200 1016 1269 αὐτοῖςῆ
1049 1203 1144 1254 καὶ
1176 1204 1387 1271 χείροσι
1422 1206 1613 1266 κακοῖς
1643 1220 1872 1273 περιπε-

302 1292 405 1340 σεῖν
429 1289 790 1356 φιλονεικεῖς.
832 1292 1079 1362 Δεόμεθα
1109 1294 1170 1363 δή
1217 1312 1311 1348 σου
1341 1295 1438 1348 τοῦ
1471 1297 1697 1349 τοιαῦτα
1721 1296 1868 1362 λογί-

301 1378 478 1439 ζεσθαι
505 1381 934 1449 ἀποτρέπεσθαι
956 1397 971 1411 ⁸
1009 1383 1159 1451 ὅμως
1189 1386 1442 1456 επείπερ,
1472 1384 1547 1448 ὠς
1583 1387 1647 1438 σὺ
1683 1386 1812 1456 φὴς,
1840 1387 1869 1438 ό

305 1472 384 1533 ab;
413 1473 644 1535 πάππος
678 1473 867 1544 εῖρηκε
899 1477 998 1526 καὶ
1032 1475 1290 1542 βασιλεὺς
1332 1474 1410 1538 ὡς
1437 1476 1576 1544 ὅπερ
1616 1474 1682 1528 ἂν
1707 1475 1869 1539 αὐτὸς

305 1562 485 1632 ἐθέλῃς
528 1565 713 1615 αἰτεῖν
769 1566 982 1618 ἐκεῖνον
1033 1565 1346 1636 ἐκπληροῦν
1396 1567 1865 1636 παρεσκευάσθαι,

306 1654 395 1722 τῆς
417 1655 703 1723 βασιλείας
723 1654 960 1726 λέγομεν
993 1657 1328 1718 ἀποστάντα.
1365 1657 1490 1710 καθ’
1523 1659 1716 1712 ἑαυτὸν
1743 1659 1868 1712 ὅποι

312 1747 536 1816 βούλοιτο
587 1747 844 1814 διάγειν·
891 1747 950 1800 cl
995 1747 1042 1800 δ’
1078 1750 1174 1819 ὲᾷν
1226 1748 1326 1818 τὴν
1367 1749 1656 1818 Ῥωμαίων
1689 1750 1867 1820 ἀρχὴν

1978 572 2036 616 et
2094 577 2206 615 uno
2249 576 2344 615 ore
2399 561 2660 624 clamare,
2719 577 2902 630 neque
2951 563 3205 633 accipere
3254 580 3312 619 se
3341 580 3556 635 pacem,

1978 667 2161 722 neque
2196 668 2364 722 super
2397 653 2502 709 hoc
2549 654 2774 723 negotio
2808 655 3022 709 consuli
3050 656 3216 710 velle.
3239 653 3378 711 Ecce
3406 659 3558 711 enim

1978 753 2059 801 tu.
2081 743 2400 812 imperator,
2427 743 2481 796 in
2525 752 2858 807 extremum,
2886 754 2947 798 ut
2971 743 3115 798 fama
3142 754 3245 807 est,
3268 745 3563 802 devolutus

1976 834 2295 900 discrimen,
2345 846 2401 890 et
2457 835 2544 890 vix
2575 835 2759 899 morti,
2787 835 2898 890 Deo
2939 835 3267 905 opitulante,
3313 836 3557 906 elapsus,

1980 925 2036 978 in
2067 925 2260 980 eadem
2311 935 2368 982 et
2401 924 2676 981 deteriora
2704 927 2852 980 mala
2881 938 2934 982 te
2961 929 3299 997 praecipitare
3323 938 3559 982 content

1977 1017 2083 1071 dis.
2113 1016 2294 1084 Quare
2342 1033 2618 1088 rogamus,
2664 1018 2744 1072 uti
2772 1019 3157 1089 cogitationem
3209 1020 3366 1072 istam
3400 1032 3432 1072 a
3463 1027 3561 1072 tua

1978 1118 2163 1162 mente
2206 1108 2482 1176 repudies.
2539 1107 2936 1162 Verumtamen
2981 1109 3242 1177 quoniam
3287 1122 3450 1173 avus,
3498 1115 3560 1162 ut

1976 1207 2256 1262 autumas,
2307 1208 2568 1268 pra'stare
2621 1207 2848 1268 paratus
2897 1208 2983 1266 est
3025 1201 3170 1268 quod
3227 1199 3326 1253 tibi
3363 1210 3557 1269 petere

1979 1289 2273 1357 placuerit,
2311 1304 2621 1355 censemus,
2657 1291 2734 1344 uti
2791 1305 2850 1344 se
2882 1289 3120 1350 abdicet,
3153 1298 3210 1344 et
3257 1289 3350 1343 ubi
3408 1290 3560 1343 loco-

1977 1395 2096 1433 rum
2125 1379 2388 1443 voluerit,
2434 1379 2538 1434 sibi
2592 1381 2736 1434 vivat
2766 1398 2780 1434 :
2813 1390 2870 1434 tu
2929 1381 3231 1435 Romanum
3263 1381 3559 1451 imperium

1973 1485 2245 1540 capessas.
2295 1470 2352 1526 Si
2421 1470 2839 1536 detrectaverit,
2891 1471 3215 1542 Byzantium
3288 1472 3560 1527 adversus

1975 1561 2131 1616 illurn
2166 1563 2382 1617 infestis
2423 1564 2596 1633 signis
2628 1563 3060 1633 procedendum.
3107 1563 3175 1617 Et
3224 1563 3560 1618 arbitramur

1976 1655 2312 1725 Byzantinos
2359 1671 2534 1725 usque
2577 1657 2643 1710 ad
2705 1670 2896 1710 muros
2948 1655 3242 1710 adventum
3306 1664 3559 1710 nostrum

1976 1746 2120 1802 haud
2157 1758 2568 1817 exspectatums
2599 1768 2612 1804 :
2656 1748 2750 1803 sed
2794 1748 2989 1818 procul
3012 1749 3190 1803 adhuc
3221 1747 3560 1803 distantibus

317 1841 539 1893 ἰθύνειν*
581 1841 650 1893 ἂν
695 1839 754 1893 δὲ
798 1840 873 1908 μὴ
906 1839 1170 1909 βούλοιτο,
1219 1841 1357 1912 πρὸς
1397 1841 1697 1904 Βυζάντιον
1731 1843 1870 1897 ίτέον

1975 1852 2331 1902 occursuros,
2380 1840 2684 1908 urbemque
2731 1839 3034 1895 dedituros.
3061 1841 3118 1896 Si
3145 1840 3331 1910 Itaque
3367 1849 3559 1894 nostro

319 1932 396 1984 ἐπ’
422 1932 599 1985 αὐτόν.
634 1931 880 2000 Οἰόμεθα
901 1932 1010 2001 γὰρ
1043 1932 1166 1986 οὐδὲ
1213 1933 1380 2003 μέχρι
1406 1933 1608 2002 τειχῶν
1635 1949 1870 2004 περιμεο

323 2026 424 2076 νεῖν
456 2025 596 2092 ἡμᾶς
653 2023 784 2084 τοὺς
825 2021 1188 2086 Βυζαντίουςο
1235 2023 1354 2076 ἀλλ’
1401 2023 1482 2076 [tt
1529 2024 1872 2098 πορρωτέρω

336 2113 507 2175 δντων,
539 2116 611 2176 εἱς
639 2112 955 2182 ὑπάντησιν
982 2129 1042 2164 τε
1075 2111 1174 2182 σὴν
1210 2111 1471 2178 ἐξελθεῖν,
1517 2112 1609 2163 καὶ
1641 2110 1740 2181 τὴν
1778 2109 1874 2163 πό-

345 2204 422 2258 λιν
450 2205 508 2257 ἂν
535 2203 877 2272 παραδοῦναι.
913 2204 976 2256 El
1013 2203 1111 2273 μὲν
1134 2203 1228 2256 οὖν
1265 2200 1464 2275 οἷσπερ
1501 2202 1871 2272 βουλευόμεθα

353 2296 494 2367 πείθῃ
515 2299 601 2349 καὶ
637 2297 808 2358 αὐτὸς,
844 2289 890 2348 ὧ
916 2295 1159 2365 βασιλεῦ,
1193 2294 1393 2366 μηκέτι
1424 2295 1730 2364 μέλλωμεν,
1755 2291 1871 2345 ἀλλ’

344 2389 483 2457 ἔργον
509 2388 751 2458 ἐχώμεθα
775 2388 906 2459 ἤδη.
939 2388 1002 2440 El
1033 2389 1080 2442 δ’
1104 2387 1278 2450 ἄλλως
1305 2387 1468 2446 αὐτὸς
1494 2386 1872 2456 βεϐούλευσαι,

335 2481 579 2551 ἁλλ’ἠμῖν
607 2497 671 2548 γε
714 2479 967 2550 φανερῶς
1005 2481 1212 2551 φράσον
1239 2481 1391 2542 ὅπως
1419 2479 1649 2540 ἕκαστος
1693 2476 1768 2538 ὡς
1806 2475 1873 2529 ἂν

325 2565 425 2632 οἶός
450 2588 502 2622 τε
600 2570 848 2640 διασώζῃ
902 2569 1113 2622 ἑαυτόν.
1139 2569 1358 2622 Τούτων
1393 2567 1568 2627 οὕτως
1598 2567 1704 2620 ἀπὸ
1726 2567 1872 2620 πάν-

320 2678 416 2714 των
448 2662 635 2730 ὥσπερ
671 2661 783 2713 ἀπὺ
833 2661 961 2730 μιᾶς
1001 2660 1310 2730 εἰρημένων
1366 2659 1634 2728 γλώττης,
1672 2659 1874 2728 πολλὴν

313 2754 443 2824 ὁρῶν
470 2755 742 2824 ἀκαιρίαν
775 2754 804 2806 ό
836 2752 1090 2822 βασιλεὺς
1127 2755 1210 2813 εἰς
1247 2752 1309 2804 τὸ
1363 2751 1715 2822 μεταπείθειν
1753 2751 1873 2802 sm-

312 2850 504 2915 χειρεῖν
555 2846 619 2915 (ἥ
653 2861 716 2896 τε
757 2845 868 2913 γὰρ
911 2843 1145 2912 στρατια
1176 2843 1470 2897 ἀκάθεκτοι
1505 2845 1624 2904 ταῖς
1671 2843 1871 2912 ὁρμαῖς

309 2934 453 3008 ἦσαν,
490 2941 595 2991 καὶ
632 2938 876 3007 μάλιστα
903 2938 1036 2990 οίὲκ
1065 2935 1361 3005 Γερμανῶν
1404 2935 1726 3005 μισθοφόροι
1760 2936 1872 2988 Λα-

308 3033 448 3093 τῖνοι,
483 3033 544 3084 ἐν
581 3025 671 3092 οἷς
712 3025 858 3099 ἦσαν
910 3027 1005 3081 καί
1038 3044 1180 3088 τινες
1225 3027 1336 3080 τῶν
1357 3025 1704 3095 εὐπατριδῶν
1743 3025 1871 3095 παρ’

304 3122 494 3184 αὐτοῖς,
525 3121 704 3182 αὑτός
721 3137 780 3172 τε
806 3119 986 3190 ἀήθως
1012 3118 1094 3170 ἔτι
1125 3113 1238 3189 εἶχε
1267 3118 1405 3187 πρὸς
1431 3117 1700 3180 ἆπανταῖ,
1726 3116 1869 3187 πλὴν

301 3213 487 3281 ὀλίγων
508 3212 707 3274 τινῶν,
738 3212 832 3264 καὶ
865 3211 965 3262 οὐκ
993 3206 1060 3281 ἦν
1087 3212 1150 3263 ὲκ
1175 3211 1268 3262 τοῦ
1301 3211 1505 3280 ῥᾴστου
1532 3209 1667 3279 πρὸς
1694 3208 1872 3276 ἁγνῶ-

300 3323 387 3368 τας
417 3303 798 3372 διαλέγεσθαι,
833 3301 1023 3371 ῶσπερ
1074 3297 1142 3370 ἦν
1195 3303 1470 3371 χρήσιμον
1510 3298 1588 3367 τῷ
1638 3297 1867 3369 καιρῷ),

301 3395 491 3460 πολλάς
524 3395 639 3464 τῆς
671 3393 750 3457 είς
776 3392 940 3446 αὐτὸν
967 3391 1177 3453 εὐνοίας
1215 3391 1399 3452 αὐτοῖς
1424 3389 1654 3459 χάριτας
1683 3392 1872 3459 ὁμολο-

299 3490 484 3559 γήσας,
519 3489 631 3543 καὶ
665 3487 777 3539 δεῖν
825 3481 965 3538 εἶναι
991 3482 1160 3536 είπὼν
1190 3483 1399 3535 πλείονι
1433 3482 1717 3552 διασκέψει
1749 3481 1870 3534 δοῦ-

299 3599 379 3634 ναι
411 3581 472 3633 τὸ
522 3581 792 3650 πρᾶγμα,
826 3575 923 3629 καὶ
975 3576 1049 3646 μὴ
1111 3572 1198 3644 ἐφ’
1249 3573 1392 3625 οὕτω
1426 3571 1669 3642 μεγάλην
1729 3573 1870 3640 πρᾶ-

297 3671 373 3734 ξιν
421 3670 864 3742 ἀπερισκέπτως
917 3668 1119 3737 χωρεῖν
1184 3665 1268 3736 (οὐ
1303 3666 1411 3733 γὰρ
1467 3665 1598 3733 περὶ
1659 3663 1871 3734 μικρῶν

292 3781 449 3816 τινων
520 3758 945 3832 βουλευόμεθα,
1007 3759 1142 3812 ἀλλά
1207 3757 1337 3827 περὶ
1405 3756 1498 3810 τοῦ
1556 3756 1870 3826 σύμπαντος

297 3856 526 3924 σχεδὸν),
562 3853 790 3906 διέλυσε
849 3851 942 3904 τὸν
997 3849 1276 3918 σύλλογον,
1317 3852 1397 3912 εἰς
1428 3851 1528 3919 τὴν
1575 3850 1872 3918 ὑστεραίαν

294 3951 348 4002 τὸ
378 3951 557 4020 πέρας
591 3947 699 4016 τῆς
733 3946 929 4016 βουλῆς
961 3946 1289 4014 ἐξαρτήσας.
1338 3943 1560 3996 Τούτων
1588 3943 1644 3996 δὲ
1689 3943 1871 3996 διαλυ-

292 4041 514 4106 θέντων,
542 4044 674 4109 ἃμα
704 4041 818 4101 τοῖς
846 4039 1001 4108 τρισὶ
1033 4037 1192 4092 πάλιν
1221 4038 1249 4088 ό
1280 4036 1530 4105 βασιλεὺς
1557 4034 1870 4088 ἐϐουλεύετο

293 4136 414 4203 περὶ
447 4134 565 4186 τῶν
600 4130 1012 4200 προκειμένων,
1041 4129 1078 4183 ἃ
1108 4130 1414 4200 συμφέρειν
1439 4127 1670 4192 ῑιιαστος
1699 4128 1870 4181 οἴεται

295 4225 557 4286 κελεύσας
591 4221 796 4275 εἰπεῖν.
829 4218 996 4274 Εἶπεν
1047 4217 1140 4274 οὖν
1175 4222 1394 4291 πρῶτος
1421 4224 1448 4274 ὁ
1489 4221 1830 4290 Συργιάννης
1851 4235 1866 4251 ο

297 4315 488 4385 Ἡμεῖς
542 4315 583 4369 ὃ.
620 4313 721 4368 καὶ
779 4315 1046 4384 πρότερον
1102 4312 1573 4382 ἐϐουλευσάμεθα,
1621 4311 1867 4382 βασιλεῦ,

291 4411 437 4472 ὄντες
461 4413 522 4462 ὲν
554 4407 870 4476 Βυζαντίῳ,
909 4407 1009 4459 οὐκ
1043 4406 1150 4476 ἰδίᾳ
1179 4423 1232 4458 τι
1260 4387 1638 4477 ἐχθραίνοντες
1671 4406 1870 4474 ἐφθεγ-

1976 1932 2206 1986 consilio
2250 1931 2508 1995 ﬂecteris,
2542 1947 2610 1986 ne
2657 1932 2999 1994 diﬂ’eramus.
3042 1932 3137 1987 sed
3168 1933 3236 1987 ad
3285 1947 3424 1999 opus
3469 1933 3557 1986 νισι

1969 2023 2080 2093 jam
2115 2023 2521 2096 aggrediamur.
2551 2025 2645 2080 Sin
2687 2025 2791 2080 alia
2821 2026 2919 2080 tibi
2951 2041 3127 2092 mens,
3155 2037 3342 2096 aperte
3375 2040 3554 2080 enun-

1975 2113 2070 2175 tia,
2120 2125 2178 2167 ut
2222 2114 2455 2184 quisque
2507 2127 2756 2169 nostrum
2811 2117 3087 2185 quomodo
3135 2117 3339 2186 poterit
3390 2114 3552 2170 saluti

1975 2217 2088 2257 suae
2142 2205 2446 2272 provideat.
2479 2204 2574 2260 His
2619 2207 2696 2260 ita
2747 2206 2816 2260 ab
2849 2206 3109 2260 omnibus
3154 2216 3414 2278 tanquam
3447 2222 3555 2261 una

1976 2293 2162 2364 lingua
2203 2295 2385 2360 dictis,
2425 2296 2768 2365 perspiciens
2818 2297 3137 2370 imperator,
3168 2295 3329 2349 valde
3360 2295 3558 2349 intem-

1975 2385 2246 2453 pestivum
2283 2399 2425 2449 esse,
2464 2385 2727 2439 aliorsum
2759 2400 2854 2458 eos
2900 2385 3085 2442 conari
3131 2383 3407 2440 deducere
3437 2385 3555 2454 (co-

1975 2474 2154 2528 hiberi
2189 2475 2336 2529 enim
2387 2476 2628 2530 militum
2667 2475 2823 2530 furor
2872 2490 2982 2530 non
3015 2483 3249 2545 poterat,
3275 2475 3554 2544 praecipue

1974 2565 2440 2620 conductitiornm
2469 2566 2792 2620 Latinorum
2829 2580 2860 2620 e
2894 2565 3206 2631 Germania,
3240 2565 3294 2619 in
3353 2563 3555 2635 quibus

1974 2653 2373 2722 erantquidam
2403 2654 2550 2708 domi
2585 2654 2799 2708 nobiles
2834 2670 2850 2708 :
2885 2663 2940 2707 et
2971 2655 3108 2722 ipse,
3155 2651 3346 2722 paucis
3393 2665 3554 2705 exec-

1973 2743 2106 2812 ptis,
2156 2745 2402 2798 omnium
2456 2745 2637 2799 adhuc
2659 2754 2778 2801 erat
2832 2745 3094 2814 insolens,
3139 2758 3244 2798 nec
3299 2743 3552 2822 dabatur,

1976 2837 2437 2905 quemadmodum
2495 2848 2711 2908 tempus
2759 2837 3097 2908 postulabat,
3129 2834 3556 2906 Gmcatlingua:

1977 2929 2194 2998 ignaros
2227 2931 2453 3000 alloqui)
2485 2933 2678 3000 amplis
2707 2931 2775 2986 de
2807 2929 3071 2984 benevola
3108 2944 3238 2999 erga
3277 2943 3337 2983 se
3363 2942 3552 2982 eorum

1977 3021 2256 3074 voluntate
2293 3022 2483 3090 gratiis
2531 3021 2691 3084 actis,
2721 3030 2778 3076 et
2811 3035 2927 3074 rem
2952 3019 3270 3074 accuratius
3300 3017 3554 3076 conside-

1975 3111 2222 3176 randum,
2265 3127 2368 3166 nec
2412 3113 2480 3166 ad
2539 3112 2676 3166 tanti
2733 3112 2992 3165 momenti
3042 3109 3321 3180 negotium
3364 3109 3556 3163 incon-

1975 3203 2120 3256 sulto
2154 3201 2524 3256 accedendum
2574 3201 2868 3272 (siquidem
2915 3217 3025 3255 non
3059 3201 3128 3255 de
3151 3201 3329 3270 nugis,
3354 3199 3450 3254 sed
3484 3201 3552 3254 dc

1973 3308 2187 3348 summa
2229 3309 2413 3349 rerum
2464 3295 2869 3365 propemodum
2914 3295 3127 3364 agatur)
3175 3292 3452 3362 praefatus,
3496 3293 3551 3346 in

1972 3384 2116 3440 diem
2147 3385 2380 3439 alterum
2423 3389 2621 3456 reiecta
2669 3383 2946 3440 sententia
2995 3384 3290 3439 concilium
3321 3384 3551 3438 dimisit.

1973 3475 2092 3541 Quo
2137 3476 2386 3540 dimisso,
2435 3492 2561 3531 cum
2617 3477 2791 3532 tribus
2824 3476 2934 3530 illis
2969 3491 3186 3531 rursum
3216 3476 3430 3532 consilii
3461 3493 3554 3531 ca-

1972 3569 2155 3637 piendi
2208 3568 2508 3633 deliberat;
2558 3577 2613 3622 et
2663 3567 2934 3636 praecipit.
2977 3577 3038 3621 ut
3094 3567 3239 3632 quod
3291 3567 3552 3635 expedire

1973 3659 2242 3721 videatur,
2292 3675 2358 3712 ne
2407 3667 2648 3712 taceant.
2677 3659 2894 3711 Primus
2925 3657 3256 3726 Syrgiannes
3288 3657 3370 3711 sic
3399 3657 3553 3709 incc—

1973 3753 2051 3820 pit
2081 3751 2250 3816 :ane
2272 3750 2379 3818 jam
2412 3759 2540 3803 ante
2590 3748 2835 3818 Byzantii
2873 3749 2928 3802 in
2959 3761 3255 3817 congressu
3287 3746 3546 3809 diximus,

1972 3857 2081 3896 non
2143 3843 2356 3910 privato
2407 3843 2592 3911 aliquo
2648 3841 2701 3893 in
2755 3856 2916 3895 avum
2979 3850 3134 3895 tuum
3165 3840 3318 3905 odio,
3369 3853 3549 3907 neque

1971 3934 2116 4004 quod
2158 3935 2212 3988 in
2263 3933 2502 3988 maximo
2557 3933 2712 3987 lucro
2765 3933 2886 4004 ejus
2917 3931 3284 3987 calamitatem
3312 3946 3548 4001 ponere.-

1972 4041 2112 4091 mus,
2145 4026 2315 4080 locuti
2364 4040 2592 4089 sumus;
2621 4025 2717 4081 sed
2775 4025 2902 4094 quia
2937 4026 3004 4091 de
3034 4023 3228 4089 salute,
3258 4032 3314 4077 ct
3339 4021 3548 4076 incolu-

1971 4107 2161 4171 mitatc
2217 4125 2308 4169 tua
2343 4116 2560 4170 solliciti
2613 4131 2851 4176 eramus,
2877 4114 2990 4188 64
3018 4129 3083 4169 eo
3111 4113 3423 4168 necessario
3448 4113 3546 4167 de-

1969 4205 2330 4260 veniebamns
2364 4223 2378 4260 :
2414 4205 2578 4259 unius
2642 4205 2786 4258 enim
2844 4203 3066 4258 claritas
3121 4209 3181 4256 et
3231 4201 3546 4268 illustratio,

1971 4304 2200 4360 alterius
2241 4304 2462 4360 videtur
2489 4304 2704 4358 eversio
2751 4302 2864 4373 (l6)
2895 4318 2908 4355 :
2944 4300 3090 4373 quod
3136 4309 3192 4356 et
3225 4315 3375 4356 nunc
3411 4314 3548 4355 usn-

1975 4407 2148 4461 venit.
2192 4405 2348 4472 Quod
2404 4405 2554 4472 enim
2612 4403 2886 4470 exercitus
2935 4403 3230 4462 universus
3283 4402 3400 4476 ejus
3451 4418 3550 4471 op-

293 4499 501 4568 ξάμεθα
535 4498 626 4568 τῷ
661 4496 737 4565 σῷ
777 4498 989 4566 πάππῳ
1019 4497 1113 4548 καὶ
1144 4495 1376 4566 βασιλεῖ,
1416 4497 1537 4549 οὐδὲ
1567 4498 1695 4566 περὶ
1724 4495 1870 4549 πλεί-

1980 4506 2256 4575 pugnandi
2302 4491 2578 4559 desiderio
2623 4503 2818 4565 fervet.
2857 4519 3074 4574 acquum
3112 4503 3412 4567 desiderat,
3444 4519 3549 4558 nec

293 4611 415 4646 στου
452 4594 519 4646 τὸ
543 4590 743 4653 κακῶς
783 4589 954 4643 αὑτὸν
981 4591 1294 4660 ποιούμενοι
1311 4591 1546 4652 ,.παθεῖν,
1588 4591 1728 4645 ἀλλὰ
1773 4591 1873 4658 τῆς

295 4684 390 4753 σῆς
446 4684 754 4754 κηδόμενοι
808 4683 1126 4752 σωτηρίας,
1191 4685 1505 4751 ἀναγκαίως
1566 4682 1873 4754 ἐφερόμεθα

295 4779 428 4844 πρὸς
455 4777 629 4830 τοῦτο
655 4789 669 4803 ⁸
699 4775 734 4845 ή
763 4774 870 4846 γὰρ
892 4775 986 4826 τοῦ
1015 4775 1134 4838 ἑνὸς
1157 4777 1539 4846 εὐδοκίμησις,
1563 4773 1657 4826 τοῦ
1683 4776 1870 4842 ἑτέρου

292 4863 431 4920 εἶναι
462 4869 728 4936 φαίνεται
765 4869 1120 4937 καταστροφή
1147 4881 1163 4896 ⁸
1201 4866 1229 4918 ὃ
1260 4866 1326 4936 δὴ
1356 4869 1452 4919 καὶ
1487 4868 1604 4918 νυνὶ
1635 4863 1870 4933 συμϐαίο

294 4976 390 5014 νει.
424 4960 549 5029 τῆς
580 4961 691 5028 γὰρ
718 4961 973 5030 στρατιᾶς
1001 4960 1221 5030 ἁπάσης
1253 4959 1340 5012 ἐπ’
1375 4961 1538 5013 αὐτὸν
1567 4959 1708 5012 ίέναι
1736 4977 1870 5029 προ-

295 5051 678 5124 θυμουμένης,
712 5053 947 5123 (ἔχονται
991 5053 1048 5105 δὲ
1082 5051 1260 5123 ὀρθῶν
1292 5051 1591 5120 λογισμῶν,
1635 5051 1732 5103 κα)⁸
1768 5050 1870 5103 οὐκ

295 5144 443 5197 εστιν
470 5145 670 5198 οὐδένα
693 5146 820 5197 νοῦν
853 5146 1046 5216 ἔχοντα
1096 5142 1424 5209 ἀντειπεῖν,)
1449 5143 1501 5192 εί
1530 5158 1584 5194 τι
1615 5144 1708 5194 καὶ
1740 5142 1870 5211 περὶ

297 5239 514 5294 ἐκεῖνον
573 5238 819 5308 συμϐαίη
871 5241 983 5293 τῶν
1042 5236 1346 5308 δυσχερῶν,
1411 5236 1508 5305 οὐχ
1547 5235 1705 5304 ἡμῶν
1760 5234 1869 5287 τῶν

297 5329 764 5398 ἠναγκασμένων,
793 5329 907 5384 ἀλλ’
957 5332 1183 5384 ἐκείνων
1237 5329 1304 5382 ἂν
1341 5331 1428 5400 εῖη
1475 5329 1586 5382 τῶν
1636 5333 1713 5392 εἰς
1767 5331 1873 5400 τὴν

1977 4617 2102 4656 eum
2147 4600 2444 4670 quisquam
2493 4599 2736 4668 prudens
2788 4599 3153 4668 reprehendet
3197 4607 3301 4652 :et
3335 4598 3382 4653 si
3413 4597 3548 4667 quid

1975 4695 2253 4758 odiosum,
2289 4705 2455 4764 atque
2484 4709 2652 4763 grave
2684 4694 2763 4748 illi
2787 4693 3104 4763 contigerit,
3141 4707 3247 4747 non
3279 4692 3334 4747 id
3359 4702 3546 4747 nostra

1977 4785 2071 4856 qui
2106 4785 2375 4853 cogimur,
2405 4783 2502 4838 sed
2540 4783 2760 4838 illorum
2793 4783 2885 4854 qui
2923 4791 3146 4853 cogunt,
3177 4783 3336 4855 culpa
3365 4783 3545 4838 conti-

1977 4875 2138 4945 gerit.
2168 4875 2404 4932 Proinde
2463 4875 2591 4944 quia
2636 4872 3004 4940 communiter
3049 4873 3307 4928 omnibus
3340 4888 3402 4928 ea
3431 4872 3546 4930 visa

1977 4976 2107 5022 sunt
2136 4966 2466 5032 conducere,
2493 4976 2548 5020 et
2571 4981 2672 5020 nos
2699 4979 2891 5018 eorum
2918 4963 3210 5018 consilium
3229 4965 3549 5030 vituperare

1974 5057 2127 5112 nullo
2176 5058 2339 5112 modo
2378 5073 2712 5127 possumus;
2745 5072 2866 5126 quae
2916 5054 3190 5110 universis
3222 5054 3542 5123 probantur,

1973 5151 2041 5206 ad
2071 5167 2185 5206 rem
2224 5150 2552 5208 conferenda
2587 5161 2738 5208 sunt.
2772 5149 2829 5206 lu
2863 5148 3003 5208 hanc
3028 5147 3360 5204 sententiam
3391 5145 3544 5215 pelli-

1974 5238 2079 5294 bus
2138 5239 2238 5294 ivit
2273 5240 2442 5298 etiam
2507 5246 2893 5308 protestratnr.
2949 5237 3200 5307 Cumque
3244 5235 3546 5297 addidisset

1972 5344 2200 5399 magnus
2257 5331 2612 5396 domesticus,
2664 5346 2775 5384 non
2824 5345 2883 5386 se
2939 5328 3304 5399 intelligentia
3349 5341 3545 5384 omnes

1570 5446 1787 5510 Jacobi
1815 5446 2084 5508 Pontani
2120 5453 2310 5508 notas.

367 5556 674 5640 $46.).de
701 5559 1188 5640 senis_po_tentiam_,
1216 5568 1272 5614 et
1290 5559 1680 5640 auctoritatem
1702 5558 1876 5640 bustis
1978 5559 2044 5640 ,ῆι
2077 5559 2226 5640 illius
2256 5557 2624 5640 imbecillitas,
2659 5567 2748 5640 tua
2783 5558 3136 5640 gloriaillius
3151 5569 3542 5640 comtemptus;

299 5627 378 5679 tul
415 5627 765 5692 videbamus,
791 5627 950 5684 saluti
1002 5639 1107 5684 tua:
1153 5629 1503 5693 timebamus,
1549 5638 1605 5682 et
1664 5628 1870 5683 idcirco

301 5697 579 5768 dabamus
602 5697 746 5768 illius
771 5700 855 5754 vel
879 5700 1311 5768 constringendi,
1331 5699 1416 5752 vel
1449 5697 1758 5762 occidendi,
1780 5699 1864 5752 vel

303 5766 470 5820 etiam
507 5765 749 5834 fugiendi
779 5769 1024 5825 consilia.
1058 5765 1212 5824 Nunc
1237 5768 1477 5823 vicissim
1507 5778 1597 5822 tua
1621 5772 1862 5840 potentia

1977 5628 2289 5702 ithuejnre
2349 5629 2578 5697 optimo,
2637 5628 2932 5702 quia—ipse
2965 5639 3017 5686 te
3067 5631 3136 5692 ad
3179 5632 3292 5702 llaec
3341 5628 3542 5702 coegit.

1975 5697 2127 5774 Hanc
2156 5697 2409 5774 istorum,
2444 5707 2499 5774 et
2527 5697 3027 5771 Inux’seque-ttlium
3077 5701 3374 5766 verborum
3411 5697 3541 5774 sert-

1977 5769 2200 5822 tentiam
2230 5783 2353 5825 esse
2385 5769 2587 5838 indit-0.
