4038 6212
396 339 495 403 167

1580 331 1820 392 JOANN
1835 331 1902 388 [S
1942 325 2473 388 CANTACUZENI

3524 326 3625 390 168

380 456 625 517 vincere,
657 457 718 506 ut
747 449 864 520 ipse
894 449 1044 506 s'olus
1089 445 1368 504 communi
1388 443 1598 515 judicio
1628 443 1947 496 adversareo

2064 441 2302 507 ἀνάγκην
2341 438 2776 493 συνελασαντων.
2813 429 3117 507 Τοιγαροῦν
3147 438 3270 492 ἐπεὶ
3301 441 3457 508 κοινῇ
3492 441 3627 492 min

385 558 498 608 tur,
532 551 914 596 surrexerunt.
953 539 1055 596 Ubi
1096 538 1414 609 plerumque
1449 533 1629 586 noctis
1663 530 1947 601 processit,

383 643 680 708 imperator
725 652 850 693 cum
915 649 1111 705 magno
1174 632 1474 687 domestico
1505 630 1620 684 solo
1660 628 1850 683 iisdem
1885 627 1952 679 de

384 732 548 786 rebus
590 727 1050 782 deliberationem
1102 724 1286 778 habet.
1321 722 1578 776 Statuunt
1624 718 1808 781 ambo,
1841 732 1953 770 nou

382 821 525 875 male
553 819 794 886 cogitare
829 818 1063 870 milites.
1102 813 1257 879 Quod
1290 811 1436 866 enim
1457 811 1668 864 molitio
1699 809 1954 863 novitatis

379 911 494 979 jam,
514 909 668 978 quasi
702 922 957 976 maguum
987 904 1302 958 incendium
1329 903 1474 957 clare
1502 902 1732 960 luceret,
1761 914 1955 955 omnes

382 1019 413 1055 a
446 1003 586 1054 fama
628 998 901 1067 suspensi,
934 996 1292 1049 mutationem
1341 993 1571 1056 domini,
1607 991 1820 1046 tametsi
1870 999 1953 1043 te-

383 1109 534 1148 mere
559 1091 908 1160 appetebant.
947 1088 1334 1141 Verumtamen
1377 1084 1778 1154 expeditionem
1815 1081 1955 1135 hanc

382 1198 486 1236 avo
549 1179 848 1249 perniciem
911 1177 1230 1239 allaturam,
1297 1176 1516 1244 quando
1572 1173 1640 1228 ad
1698 1182 1955 1242 nepotem

383 1286 576 1326 omnes
607 1270 791 1323 statim
844 1283 905 1322 se
951 1267 1278 1337 applicaturi
1310 1267 1440 1322 sint.
1467 1263 1647 1330 Quod,
1703 1279 1810 1332 qua
1868 1277 1958 1316 ra-

385 1363 536 1417 tione
592 1359 990 1430 impediretur,
1053 1358 1162 1411 illis
1236 1354 1842 1425 circumspicientibus,
1901 1361 1957 1408 et

382 1453 554 1507 multa
581 1465 768 1506 secum
805 1451 956 1505 varie
999 1448 1360 1518 agitantibus,
1388 1445 1831 1500 Thessalonicam
1863 1459 1958 1513 po-

385 1545 499 1600 tius
549 1545 790 1598 eundum
833 1551 919 1596 est
955 1542 1169 1604 visum,
1218 1548 1278 1594 ut
1334 1536 1650 1592 intermisso
1711 1544 1957 1603 tempore

385 1649 552 1689 senex
588 1633 849 1702 paulatim
904 1631 1136 1685 ﬁrmatis
1173 1628 1393 1699 opibus,
1421 1625 1754 1682 adversariis
1781 1623 1959 1678 obsis-

389 1735 507 1780 tere
542 1733 751 1794 posset,
786 1737 889 1777 nec
912 1722 980 1777 de
1028 1721 1326 1791 improviso
1364 1732 1664 1788 oppressus
1685 1715 1953 1771 interiret.

387 1818 500 1873 llac
520 1816 793 1871 sententia
836 1813 1214 1884 comprobata,
1242 1809 1418 1881 quieti
1458 1824 1692 1878 corpora
1731 1807 1960 1862 manda-

387 1919 605 1962 verunt.
639 1907 730 1961 Die
762 1906 1014 1976 sequenti
1067 1903 1370 1966 nobilibus,
1411 1901 1753 1970 ducibusque
1784 1898 1962 1953 omni-

386 1999 492 2053 bus
543 1997 891 2067 congregatis
939 1997 1076 2063 (4³1),
1120 1997 1489 2064 praesentibus
1547 1991 1680 2046 item
1727 1990 1961 2055 Latinis,

387 2105 624 2158 quorum
651 2099 778 2158 ante
815 2086 1148 2139 intentionem
1184 2082 1436 2146 fecimus,
1464 2083 1756 2150 qumsitum
1789 2088 1872 2134 est
1895 2077 1963 2132 ab

340 2170 346 2178 ’
391 2181 746 2250 imperatore,
775 2177 972 2247 ecquid
1030 2185 1231 2244 prater
1277 2190 1337 2229 ea
1367 2190 1489 2242 quae
1515 2171 1632 2226 heri
1663 2171 1966 2225 voluissent

388 2274 514 2326 novi
550 2272 836 2341 quippiam
887 2268 1086 2338 aliquis
1134 2274 1540 2344 commentatus
1582 2262 1795 2319 iuis'set.
1828 2261 1964 2316 Nam

389 2379 512 2416 cum
567 2363 852 2417 decretum
901 2360 1039 2414 nihil
1073 2358 1266 2423 fuerit,
1297 2368 1351 2411 et
1379 2371 1572 2410 omnes
1597 2353 1789 2408 eadem
1818 2353 1967 2424 cogi-

389 2455 524 2507 tatio
554 2461 853 2521 occupatos
884 2451 1147 2513 tenuerit,
1189 2447 1491 2502 verisimile
1523 2445 1662 2510 ﬁeri,
1695 2444 1967 2498 meditan-

389 2543 459 2596 do
515 2552 776 2610 przeterca
813 2539 1129 2610 quempiam
1184 2536 1393 2605 aliquid
1443 2535 1738 2590 invenisse.
1774 2532 1966 2602 Magno

388 2643 571 2687 autem
631 2629 1080 2700 stratOpedarcha
1127 2629 1432 2697 Paiazologo
1461 2627 1698 2686 dicente.
1737 2639 1838 2678 nec
1862 2622 1964 2678 sibi

391 2719 666 2788 reputanti
717 2718 864 2770 aliud
923 2716 1255 2778 occurrisse,
1306 2731 1407 2769 nec
1473 2714 1541 2767 ab
1602 2715 1710 2768 alio
1763 2728 1965 2767 novum

390 2811 596 2878 aliquid
650 2809 946 2872 audivisse,
996 2818 1052 2862 et
1100 2807 1396 2861 caballario
1440 2806 1555 2872 (48)
1613 2816 1869 2874 tanquam
1900 2819 1967 2858 ex

393 2915 626 2969 persona
676 2898 994 2952 Latinorum
1038 2897 1367 2960 aﬂirmante,
1393 2897 1481 2951 die
1515 2898 1772 2952 hesterno
1805 2894 1968 2951 dictis

393 2993 530 3046 nihil
559 3007 678 3045 esse
710 3005 887 3059 neque
912 3005 1103 3045 verum
1143 2990 1337 3059 magis,
1367 3004 1547 3057 neque
1575 2988 1745 3058 magis
1779 3002 1970 3041 ncces-

2051 531 2124 581 τὰ
2179 529 2322 581 αὺτὰ
2355 526 2503 591 ἔδοξε
2533 527 2858 591 λυσιτελεῖν,
2891 531 3053 597 ἡμεῖς
3099 543 3158 579 τε
3213 527 3472 596 οὐδεμίαν
3515 531 3628 590 τοῖς

2055 618 2506 689 βεϐουλευμένοις
2539 619 2750 688 μέμψιν
2782 621 2978 690 ἔχομεν
3019 621 3328 690 ἐπιφέρειν,
3368 621 3438 674 τὰ
3470 624 3626 691 κοινῇ

2052 713 2322 766 δοκοῦντα
2374 711 2637 780 πράττειν
2682 712 2917 779 ἀνάγκη.
2953 709 3179 772 Τούτοις
3224 711 3446 762 συνεῖπε
3476 712 3570 763 καὶ
3601 713 3630 763 ὁ

2054 805 2515 878 πρωτοστράτωρ.
2551 803 2657 858 Τοῦ
2692 805 2933 873 μεγάλου
2953 820 3012 854 τε
3042 801 3366 872 δομεστίκου
3398 802 3472 870 μὴ
3504 819 3630 854 συν⁸

2053 897 2319 967 ετώτερον
2350 899 2542 949 ἐαυτὶν
2568 892 2706 950 εἶναι
2754 897 3001 964 νομίζειν
3039 895 3147 947 τῶν
3175 894 3350 948 ἄλλων
3371 895 3630 947 ἁπάντων

2055 991 2325 1052 εἰπόντος.
2384 988 2526 1042 ὥστε
2585 990 2697 1050 τοῖς
2732 990 2888 1057 κοινῇ
2942 985 3195 1039 δοκοῦσιν
3253 985 3416 1047 αὑτὸν
3462 984 3631 1054 μόνον

2055 1081 2274 1135 ἐναντία
2315 1078 2516 1146 λέγειν,
2555 1077 2885 1147 ἀνέστησαν.
2945 1077 3178 1140 Βαθείας
3217 1075 3273 1128 δὲ
3310 1075 3504 1138 νυκτὸς
3537 1074 3632 1126 τὺν

2060 1171 2235 1240 μέγαν
2261 1169 2584 1239 δομέστικον
2613 1170 2640 1222 ό
2663 1167 2916 1239 βασιλεὺς
2954 1167 3120 1235 μόνον
3145 1165 3505 1237 παραλαϐὼν,
3533 1165 3634 1219 καὶ

2063 1257 2224 1320 αὖθις
2281 1258 2601 1311 ἐϐουλεύετο
2648 1259 2776 1325 περὶ
2834 1259 2943 1310 τῶν
2977 1258 3158 1311 αὐτῶν
3185 1273 3198 1287 ·
3237 1258 3416 1312 ἐδόκει
3442 1258 3498 1312 δέ
3532 1259 3634 1312 καὶ

2056 1350 2241 1412 αὐτοῖς
2277 1348 2455 1422 ὀρθῶν
2488 1349 2588 1419 μὲν
2635 1348 2861 1419 ἔχεσθαι
2892 1350 2992 1420 τὴν
3030 1350 3295 1420 στρατιὰν
3326 1350 3631 1420 λογισμῶν.

2057 1433 2166 1496 Τοῦ
2205 1439 2585 1511 νεωτερισμοῦ
2642 1442 2754 1512 γὰρ
2786 1441 2886 1512 ήδη
2951 1440 3224 1511 λαμπρῶς
3275 1441 3630 1508 ἐξαφθέντος,

2059 1534 2261 1594 πάντες
2287 1528 2430 1603 ἦσαν
2465 1531 2738 1602 μετέωροι
2766 1531 2902 1602 πρὸς
2931 1532 3031 1594 τὰς
3059 1533 3246 1602 φήμας
3277 1534 3371 1587 καὶ
3397 1532 3637 1602 μεταδοο

2057 1623 2156 1693 λῆς
2185 1624 2408 1686 ἀτόπως
2435 1625 2606 1694 ηρων.
2640 1623 2900 1677 Κίνδυνον
2945 1625 3129 1693 μέντοι.
3158 1624 3250 1678 τὸν
3275 1624 3505 1693 ἔσχατον
3531 1625 3635 1692 τὴν

2059 1715 2142 1776 εἰς
2182 1711 2484 1778 Βυζάντιον
2525 1711 2708 1766 αὐτῶν
2746 1712 2930 1782 ἄφιξιν
2974 1715 3166 1784 φέρειν
3204 1714 3280 1785 τῷ
3309 1713 3524 1783 βασιλεί
3554 1714 3634 1777 ὡς

1988 1776 2034 1832 Β
2062 1776 2284 1859 πάντων
2329 1802 2492 1866 εὐθὺς
2525 1803 2604 1874 τῷ
2638 1805 2744 1875 νέῳ
2776 1776 3275 1876 προσθησομένωνί
3309 1776 3390 1858 -’“Ο
3423 1805 3491 1876 δὴ
3536 1776 3638 1858 καί

2065 1893 2465 1965 σκοπουμένοις
2491 1894 2674 1969 αὐτοῖς
2705 1895 2854 1958 ὅπως
2878 1893 2946 1948 ἂν
2979 1895 3056 1966 μὴ
3083 1897 3332 1964 γένηται,
3363 1896 3460 1948 καὶ
3495 1896 3635 1948 πολ-

2064 1985 2161 2049 λὰς
2201 1985 2399 2051 ἐλίξεις
2436 1985 2717 2056 λογισμῶν
2757 1984 3080 2053 διελθοῦσιν,
3114 1988 3289 2041 ἐδόκει
3345 1989 3633 2060 βέλτιστον

2065 2073 2372 2148 εἶναιπρὸς
2424 2076 2835 2148 Θεσσαλονίκην
2874 2079 3074 2147 μᾶλλον
3103 2079 3300 2144 ἐλθεῖν,
3356 2080 3433 2143 ὡς
3468 2081 3535 2134 ἂν
3572 2083 3636 2132 ἐν

2064 2167 2143 2238 τῷ
2176 2167 2383 2237 μεταξὺ
2433 2168 2615 2238 χρόνῳ
2664 2169 2735 2222 τὰ
2782 2170 2901 2222 κατ’
2953 2169 3117 2222 αὑτὸν
3161 2170 3307 2225 κατὰ
3343 2171 3535 2242 σχολὴν
3571 2171 3635 2225 εὖ

2041 2258 2384 2328 διαθέμενος
2439 2260 2467 2312 ό
2495 2259 2774 2328 βασιλεὺς,
2825 2258 2963 2328 πρὸς
3003 2260 3094 2314 τὸν
3129 2261 3362 2328 πόλεμον
3404 2263 3635 2332 ἀντίσχῃ

2067 2352 2166 2404 καὶ
2199 2349 2276 2422 μὴ
2303 2352 2580 2422 ἀπόληται
2604 2352 3055 2423 ἐπιχειρούμενος
3100 2355 3164 2406 ἐκ
3215 2353 3310 2406 τοῦ
3341 2354 3634 2422 αἰφνιδίου.

2067 2441 2288 2512 Ταύτην
2345 2440 2409 2511 δὴ
2442 2439 2798 2511 κυρώσαντες
2832 2441 2934 2511 τὴν
2967 2440 3185 2510 βουλὴν,
3227 2443 3526 2510 ἐτράποντο
3553 2443 3638 2504 εἰς

2068 2532 2254 2587 ὕπνον.
2289 2533 2402 2597 Τῆς
2430 2533 2484 2585 δὲ
2521 2533 2918 2603 ἐπιγενομένης
2948 2533 3184 2603 ἡμέρας,
3211 2532 3322 2584 τῶν
3365 2548 3424 2584 τε
3457 2533 3515 2584 ἐν
3541 2532 3637 2584 τέ-

2067 2625 2148 2678 λει
2182 2625 2401 2679 πάντων
2433 2624 2529 2677 καὶ
2581 2623 2692 2677 τῶν
2744 2622 2845 2692 τῆς
2901 2624 3209 2694 συγκλήτου
3243 2623 3634 2688 συνελθόντων,

2068 2719 2360 2788 παρόντων
2405 2716 2502 2770 καὶ
2551 2715 2659 2770 τῶν
2698 2719 3006 2788 εἰρημένων
3047 2715 3317 2780 Λατίνων,
3349 2715 3402 2767 εί
3430 2731 3481 2768 τι
3509 2732 3638 2768 και-

2068 2808 2291 2878 νότερον
2313 2807 2422 2860 τῶν
2455 2807 2582 2876 χθὲς
2611 2807 3060 2879 βεϐουλευμένων
3102 2806 3391 2875 ἐξεύρηταί
3437 2823 3566 2866 τινι,
3606 2805 3637 2856 ό

2071 2900 2324 2971 βασιλεὺς
2352 2901 2687 2954 ἐπυνθάνετο
2715 2904 2890 2971 κοινῇ.
2935 2897 3186 2962 ’Λτελοῦς
3236 2899 3343 2968 γὰρ
3377 2896 3471 2950 τοῦ
3517 2895 3639 2964 βου-

2069 2994 2343 3063 λεύματος
2392 2993 2873 3063 καταλειφθέντος,
2931 2991 3030 3045 καὶ
3059 2991 3213 3061 ὑμῶν
3253 2991 3470 3044 πάντων
3502 2990 3635 3060 περὶ

392 3084 621 3144 sarium,
653 3081 979 3150 czctcrisque
1022 3080 1214 3135 ordine
1244 3079 1500 3134 onmibus
1530 3078 1718 3134 eadem
1743 3094 1958 3133 asseve-

2070 3083 2200 3137 αὐτὸ
2232 3081 2646 3152 ὴσχολημένων,
2671 3082 2820 3146 είκός
2846 3099 2969 3136 τινα
2995 3083 3090 3136 καὶ
3125 3079 3551 3153 προσεπινοῆσαί
3581 3096 3636 3132 τι

393 3174 663 3234 rantibus,
684 3183 740 3226 et
763 3172 1172 3242 expeditionem
1207 3171 1262 3225 in
1305 3171 1622 3239 Byzantium
1654 3169 1958 3224 festinanti-

392 3265 517 3329 bus,
550 3265 696 3334 quod
721 3263 886 3318 simul
916 3264 1320 3334 apparuissent,
1342 3261 1589 3317 deditum
1616 3260 1683 3314 iri
1711 3260 1958 3316 aiebant:

392 3366 450 3410 et
478 3367 754 3424 postremo
795 3356 862 3441 ‘in
894 3369 1104 3424 preces,
1142 3363 1201 3409 ut
1249 3369 1315 3408 eo
1341 3354 1446 3408 sibi
1476 3355 1668 3408 liceret
1695 3352 1796 3416 ire,
1818 3352 1962 3406 desi-

396 3447 687 3510 nentibus,
732 3447 1027 3515 imperator
1082 3445 1300 3515 paulum
1349 3457 1627 3506 moratus:
1682 3445 1752 3498 At
1805 3445 1962 3508 mihi,

394 3539 595 3607 inquit,
629 3537 940 3592 Salomonis
970 3537 1100 3590 illud
1147 3537 1404 3606 prmclare
1426 3538 1696 3606 scriptum
1721 3537 1962 3602 videtur,

395 3630 626 3686 Salutem
652 3645 793 3689 esse,
823 3629 930 3700 65
959 3629 1050 3683 ubi
1092 3629 1263 3682 multa
1307 3637 1436 3682 sunt
1483 3628 1707 3682 consilia
1737 3627 1872 3698 (49).
1898 3628 1966 3683 Et

395 3736 520 3776 cum
551 3721 769 3788 saepius,
796 3735 860 3772 ac
905 3719 1138 3773 multum
1182 3733 1350 3787 super
1389 3716 1582 3771 iisdem
1630 3718 1795 3772 rebus
1834 3732 1966 3772 con-

396 3811 738 3872 sultaverim,
763 3806 972 3876 aliquid
1017 3816 1215 3876 pra’tcr
1255 3806 1523 3860 hactenus
1566 3805 1710 3860 dicta
1734 3806 1965 3874 amplius

399 3899 584 3954 iuveni
618 3899 767 3968 quod
803 3899 858 3953 in
890 3898 1132 3954 medium
1175 3897 1519 3952 all‘ercndum
1549 3897 1880 3963 existimavi,
1908 3907 1966 3952 ut

397 4006 429 4042 a
481 3991 638 4044 vobis
690 4002 951 4059 quantum
1009 3990 1206 4054 valeat,
1270 3989 1630 4060 ponderetur.
1672 3989 1979 4058 Postquam

396 4081 795 4150 Adrianopolin
845 4081 994 4144 veni,
1029 4090 1087 4135 et
1143 4081 1292 4134 cives
1339 4081 1524 4134 cuncti
1575 4079 1842 4134 benevole
1881 4095 1970 4134 me

398 4181 759 4241 acceperunt,
817 4180 874 4226 et
937 4172 1146 4240 reliqua
1188 4169 1432 4225 Thraciae
1473 4168 1675 4238 oppida
1714 4169 1971 4224 universa

402 4274 576 4327 usque
659 4259 1056 4327 Christopolin,
1114 4258 1168 4311 in
1228 4256 1412 4323 iidem,
1479 4257 1968 4326 auctoritatemque

402 4357 649 4402 nostram
677 4365 799 4404 sese
831 4351 1221 4403 contulerunt:
1253 4347 1398 4418 quod
1444 4357 1500 4404 et
1524 4348 1788 4419 manipuli
1822 4348 1967 4403 mili-

2068 3172 2250 3225 πλέον.
2289 3171 2660 3239 Ιιαλαιολόγου
2690 3172 2750 3225 δὲ
2801 3172 2895 3226 τοῦ
2930 3173 3168 3243 μεγάλου
3224 3169 3636 3242 στρατοπεδάρο

2065 3279 2164 3334 χου
2233 3262 2360 3334 μήτ’
2392 3264 2558 3317 αὐτόν
2587 3281 2640 3318 τι
2674 3266 3234 3335 προσεπινενοηκέναι
3283 3264 3470 3328 πλέον,
3509 3261 3639 3332 μήτ’

2065 3353 2226 3407 ἄλλου
2262 3353 2566 3422 ἀκηκοέναι
2597 3355 2868 3424 φαμένου,
2903 3357 2999 3410 καὶ
3046 3354 3416 3425 καὸαλλαρίου
3448 3369 3638 3422 φραμ-

2069 3446 2232 3515 πέριν
2278 3445 2584 3516 τεμπινιὺλ,
2625 3446 2817 3516 ὼςέκ
2869 3446 3165 3517 προσώπου
3216 3447 3327 3499 τῶν
3393 3445 3640 3502 Λατίνων

2068 3537 2336 3607 μηδαμῶς
2385 3533 2526 3590 εἶναι
2576 3539 2684 3591 τῶν
2736 3539 2863 3608 χθὲς
2919 3539 3227 3608 εἰρημένων
3268 3536 3398 3607 μήτ’
3446 3534 3641 3603 ἀληθέ-

2074 3641 2262 3694 στερα,
2301 3625 2430 3694 μήτ’
2462 3627 2866 3698 ἀναγκαιότερα
2902 3627 3171 3690 εἰπόντος,
3202 3629 3298 3681 καὶ
3328 3627 3432 3680 τῶν
3459 3624 3639 3680 ἄλλων

2066 3716 2195 3786 ἑξῆς
2222 3717 2480 3771 ἁπάντων
2507 3719 2622 3781 τοῖς
2654 3705 2971 3788 εἰρημένοις
3001 3719 3515 3788 ἐπιψηφισαμένων,
3542 3719 3637 3770 καὶ

2065 3809 2163 3878 τὴν
2191 3809 2272 3871 είς
2318 3808 2618 3872 Βυζάντιον
2665 3810 2856 3878 ἄριξιν
2903 3810 3366 3876 ἐπισπευδόντων,
3399 3810 3474 3873 ὡς
3519 3809 3638 3879 ἅμα

2069 3900 2148 3970 τῷ
2205 3901 2446 3970 φανῆναι
2498 3903 2920 3971 προσχωρῆσον,
2948 3904 3042 3956 καὶ
3097 3902 3259 3966 τέλος
3289 3904 3366 3962 είς
3402 3901 3640 3953 ἱκετείαν

2071 3991 2212 4061 ὑπὲρ
2243 3991 2341 4044 τοῦ
2362 3991 2536 4046 ταῦτα
2568 3993 2828 4069 πρᾴττειν
2858 3994 3302 4064 καταληξάντων,
3333 3997 3360 4046 ό
3386 3992 3641 4063 βασιλεὺς

2073 4083 2268 4153 μικρὸν
2304 4073 2589 4153 ἐπισχὼν,
2636 4083 2776 4136 Ἀλλ’
2804 4083 3015 4154 ἔμοιγε,
3053 4081 3196 4147 εἷπε,
3254 4085 3315 4138 τὸ
3353 4083 3642 4153 Σολομὼν-

2067 4191 2212 4228 τειον
2272 4174 2454 4237 καλῶς
2512 4175 2766 4246 εἰρῆσθαι
2797 4176 3010 4241 δοκοῦν,
3067 4177 3149 4242 τὸ,
3185 4175 3322 4230 εἶναι
3365 4177 3643 4246 σωτηρίαν

2069 4265 2127 4316 ἐν
2162 4263 2331 4335 πολλῇ
2377 4263 2566 4336 βουλῇ,
2597 4266 2694 4319 καὶ
2724 4266 2898 4322 πολλὰ
2929 4267 3194 4332 πολλάκις
3231 4271 3363 4339 περὶ
3394 4270 3502 4322 τῶν
3543 4269 3642 4322 αὑ.

2071 4355 2179 4406 τῶν
2203 4354 2640 4426 βουλευσαμένῳ,
2672 4357 2962 4429 ἐξεύρηταί
2991 4377 3042 4412 τι
3070 4361 3162 4412 καὶ
3191 4359 3300 4412 τῶν
3331 4361 3643 4429 είρημένων

356 4478 366 4484 -
403 4449 547 4496 tares
579 4443 633 4496 in
668 4443 803 4498 vicis
832 4442 1145 4498 habitantes
1186 4441 1458 4508 fecerunt,
1488 4441 1688 4512 quibus
1728 4440 1963 4512 gratuito

2077 4445 2263 4512 πλέον,
2296 4447 2324 4501 ὃ
2355 4448 2421 4520 δὴ
2443 4450 2536 4501 καὶ
2564 4448 2675 4502 δεῖν
2703 4448 2881 4514 ἔδοξεν
2915 4453 2995 4514 είς
3021 4435 3188 4523 μέσον
3213 4451 3409 4518 θεῖναι,
3439 4451 3512 4514 ὡς
3550 4453 3640 4516 ἂν,

1648 4559 1870 4621 Jacobi
1894 4547 2156 4624 Pentani
2207 4572 2395 4628 notse.

467 4678 580 4762 (t7)
599 4677 748 4743 Quos
761 4681 1125 4762 supra,.initi_o
1149 4681 1344 4762 capitis
1371 4686 1498 4762 τοὺς
1522 4683 1636 4762 ,τῶν
1663 4686 1960 4762 ταγμάτων

397 4749 692 4828 υγεμόνας,
750 4763 848 4828 eos
903 4749 992 4804 hic
1018 4751 1143 4828 τοὺς
1191 4749 1292 4820 τῆς
1335 4754 1641 4828 συγκλήτου
1702 4749 1958 4828 appellat.

397 4818 550 4872 Scire
585 4817 749 4896 igitur
775 4818 922 4882 licet,
971 4817 1269 4889 σύγκλητον
1317 4831 1374 4876 et
1416 4817 1810 4896 συγκλητικοὺς
1854 4826 1963 4896 late

402 4893 655 4963 usurpari
688 4902 718 4963 τι
745 4897 932 4963 nostro
963 4899 1208 4963 auctore,
1237 4899 1294 4944 ut
1322 4907 1483 4963 supra
1514 4893 1580 4946 ad
1613 4903 1777 4962 caput
1804 4895 1968 4963 quin-

403 4967 518 5031 tum
551 4955 735 5031 docui.
763 4957 912 5031 Sicut
943 4959 992 5031 οἱ
1023 4960 1082 5031 ἐν
1111 4955 1425 5031 τέλειᾼιψιιὶί
1477 4978 1604 5017 eum
1650 4955 1794 5017 idem
1823 4955 1965 5031 erepo

405 5025 720 5102 vaictnqu-od
759 5025 1488 5102 ebysvei;,_ém<pavéosspm,
1521 5033 1756 5102 ἄριστοι.
1789 5025 1969 5098 Quare

403 5109 503 5148 nec
532 5094 660 5170 illud
683 5096 1114 5170 semper_Latine
1131 5094 1210 5151 est
1232 5094 1482 5170 senatus,
1500 5094 1709 5156 civicus
1727 5094 1968 5170 inquam;

405 5179 506 5215 nec
535 5164 638 5217 hoc
655 5179 882 5242 semper
912 5165 1080 5219 habet
1130 5169 1409 5242 notionem
1457 5164 1832 5242 magistratus,
1874 5170 1969 5222 sed

407 5239 874 5310 saepe-“primores,
906 5249 1188 5310 proceres,
1221 5239 1533 5310 optimates,
1554 5250 1611 5292 et
1630 5239 1971 5310 nobilitatem

403 5303 702 5424 signiﬁcat.
736 5303 1015 5358 Interdum
1073 5321 1196 5360 cum
1227 5303 1305 5375 τῷ
1349 5307 1701 5378 συγκλητικοὶ
1738 5307 1974 5362 confun-

487 5387 570 5423 ur.

441 5383 570 5425 lllll'.

474 5440 586 5507 (48)
627 5439 800 5514 llujus
831 5441 1126 5499 Caballarii
1166 5458 1365 5514 nomen
1411 5444 1594 5499 Graece
1621 5445 1698 5499 sic
1730 5448 1970 5514 positum

399 5519 484 5562 cst
512 5512 900 5590 ξραμτιέριντε
927 5514 1232 5590 τεμπινιόλ.
1268 5513 1425 5590 Quid
1446 5515 1556 5590 hoc
1581 5512 1848 5590 monstri?
1888 5517 1966 5570 Tu

401 5581 634 5658 conjice,
660 5583 704 5658 s_i
730 5581 1008 5658 vis_._Sunt
1029 5593 1084 5636 et
1108 5584 1460 5658 aliapropria
1485 5583 1808 5638 mirabiliter
1838 5602 1970 5658 cor-

404 5659 561 5726 rupta
579 5648 647 5726 .in
673 5648 775 5703 hac
804 5652 1055 5726 historia,
1082 5648 1255 5726 quod
1272 5648 1573 5726 tamennon
1597 5668 1813 5726 semper
1834 5655 1969 5726 vitio

402 5714 752 5772 librariorum
785 5714 1214 5776 attribucudum.
1243 5748 1312 5761 —
1334 5722 1411 5776 Ex
1445 5721 1633 5778 Graeco
1675 5714 1858 5778 ter-an
1890 5725 1965 5782 ita

2076 4698 2242 4755 queat
2272 4691 2482 4745 restitui
2505 4692 2650 4760 quod
2674 4693 2764 4746 hic
2785 4693 3002 4746 videtur
3029 4700 3346 4759 corruptum
3375 4707 3469 4746 seu
3501 4709 3605 4749 con
3624 4725 3642 4737 -

2069 4760 2250 4813 fusum
2274 4778 2296 4832 ί
2321 4770 2378 4832 et
2405 4763 2573 4830 equite
2596 4762 2763 4831 fratre
2793 4762 2950 4832 Petro
2987 4762 3051 4832 de,
3083 4761 3328 4832 Pignolo,
3367 4778 3490 4816 nam
3537 4765 3644 4819 ista

2069 4843 2173 4902 vox
2195 4829 2578 4902 καὸαλλάριςς,
2597 4829 2656 4885 ιιι
2673 4834 2725 4886 in
2743 4832 2804 4886 C.
2822 4831 3131 4902 Florentino
3149 4829 3456 4902 observavi.
3474 4833 3649 4902 signi-

2074 4900 2454 4965 ticathuitem
2487 4900 2762 4955 honorarii
2787 4911 2880 4954 aut
2900 4901 2972 4967 pii
2995 4900 3222 4954 ordinis.
3247 4899 3432 4955 Cra-ca
3454 4899 3642 4956 autem

2074 4967 2155 5020 sic
2171 4967 2356 5020 divido
2387 4985 2402 5030 ;
2431 4971 2540 5036 ιρρὰ
2572 4970 2622 5021 id
2643 4979 2724 5022 est
2752 4970 3149 5093 ltaliceérater,
3171 4970 3383 5038 (dicunt
3403 4981 3455 5023 et
3473 4971 3647 5042 (rate)

2075 5037 2313 5093 Μπέριν.
2351 5039 2400 5090 id
2423 5049 2508 5090 est.
2539 5036 2750 5093 Petrus.
2779 5056 2905 5092 nam
2990 5041 3108 5093 neci
3135 5039 3424 5093 inferiores
3461 5056 3498 5093 υ.
3550 5043 3647 5093 lit-

2075 5037 2313 5102 Μπέριν,
2351 5039 2400 5090 id
2423 5049 2508 5090 est.
2539 5036 2750 5100 Petrus,
2779 5056 2905 5092 nam
2939 5036 3108 5094 Graeci
3135 5036 3424 5093 inferiores
3461 5036 3498 5105 μ
3550 5036 3650 5094 ιιιὲ

2078 5115 2250 5177 teram
2287 5106 2618 5177 plerumque
2641 5108 2695 5160 in
2727 5109 2966 5177 propriis
2999 5108 3536 5176 prmpouuntlittera:
3558 5127 3644 5176 τις

2078 5174 2224 5238 quod
2248 5177 2380 5227 viris
2403 5177 2578 5229 ductis
2612 5174 2850 5231 Men—rsio
2879 5190 2935 5231 et
2961 5174 3218 5232 Grets—ero
3259 5174 3640 5235 observatum.

2078 5241 2433 5315 lstudautern
2463 5243 2695 5314 Μπέριν,
2715 5263 2742 5299 a
2766 5244 2989 5300 Perrino
3013 5247 3260 5306 deﬂuxit;
3280 5262 3392 5315 quo
3407 5260 3463 5302 et
3484 5250 3650 5302 fami-

2079 5311 2163 5387 liae
2179 5313 2385 5387 aliquot
2399 5311 2972 5387 honoratioresGalliae
2995 5326 3198 5387 nostra:
3216 5311 3329 5370 usa:
3340 5327 3471 5370 sunt
3488 5333 3505 5381 ;
3524 5321 3642 5384 ντὶ,

2079 5381 2128 5430 Μ
2168 5391 2253 5456 est
2286 5381 2371 5447 de,
2394 5399 2649 5456 ,ιιιιιιι-ντ-
2675 5385 2895 5456 litterae,
2927 5387 3110 5456 valent
3146 5386 3204 5448 δ,
3243 5397 3303 5440 ιιι
3352 5387 3402 5438 in
3433 5381 3643 5456 ντάμα,

2076 5463 2176 5526 pro
2201 5449 2368 5517 δαμα.
2391 5453 2592 5526 (limbi.
2615 5451 2853 5526 Piniolo;
2878 5455 3134 5508 familiam
3159 5465 3418 5526 quan-ant
3438 5449 3651 5524 quibus

2075 5520 2245 5572 utinm
2269 5531 2370 5574 est.
2406 5520 2708 5576 llwcttohis
2741 5527 3018 5587 intonuisse
3052 5520 3280 5579 sullicit.

2147 5589 2258 5654 (49)
2299 5590 2557 5650 Proverb,
2616 5609 2676 5646 ιι.
2709 5593 2902 5646 Trahit
2949 5596 3052 5648 hoc
3098 5605 3285 5649 noster
3344 5596 3508 5652 etiam
3568 5597 3650 5655 ad

2073 5673 2268 5781 ῗιίιιιιι,
2303 5661 2394 5730 qui
2428 5663 2626 5732 swpius
2656 5667 2720 5718 de
2745 5662 2936 5718 iisdem
2977 5664 3142 5719 rebus
3190 5679 3378 5722 secum
3419 5669 3652 5725 consul-

2095 5745 2122 5780 ει
2155 5765 2168 5780 ο
3223 5748 3231 5756 ”

2095 5745 2168 5780 ιιι.
3223 5748 3231 5756 ”
