4038 6212
281 375 298 436 1
308 365 374 436 η’ξ)

1469 355 2003 432 HISTORIARUM
2055 372 2277 431 LIBER
2324 373 2370 432 ι.

3405 381 3501 444 ιῗο

275 490 320 538 εἰ
353 483 531 545 καλῶς
575 482 712 551 ἔχει,
761 478 1093 551 δοκιμασθῇ.
1123 479 1278 548 Ἐμοὶ
1325 479 1460 549 πρὸς
1487 479 1588 548 τὴν
1624 479 1831 548 Ἀδρια-

1939 483 2071 537 mihi
2122 483 2620 550 commodantilvus,
2674 500 2928 556 magnum
2981 503 3008 540 a
3043 503 3128 541 me
3174 491 3498 548 beneficium

273 576 357 628 νοῦ
389 576 551 643 τήνδε
613 575 774 626 πόλιν
828 575 1140 643 ἀφιγμένῳ,
1172 573 1330 626 αὐτοί
1383 589 1441 625 τε
1471 573 1675 642 πολλὴν
1708 576 1837 626 ἐπε-

270 667 503 731 δείξαντο
536 667 639 735 τὴν
661 667 879 718 εὔνοιαν
908 669 1065 735 κοινῇ
1090 665 1295 726 πάντες
1326 667 1458 734 περὶ
1484 665 1608 734 ἐμὲ,
1650 665 1744 719 καὶ
1781 667 1846 720 αι·

268 759 418 813 ἄλλαι
442 759 624 811 πᾶσαι
661 758 803 810 κατὰ
830 757 932 826 τὴν
955 755 1178 826 Θρᾴκην
1209 755 1339 826 ἄχρι
1383 758 1838 827 Χριστουπόλεως

273 847 702 918 προσεχώρησαν
757 848 964 907 πόλεις.
999 848 1076 900 Οὐ
1116 847 1223 916 μὴν
1276 847 1415 900 άλλά
1475 850 1570 902 καὶ
1614 849 1737 901 ὅσον
1769 844 1838 918 ἦν

270 940 664 1008 στρατιωτικὸν
710 941 768 992 ἐν
810 941 935 1002 ταῖς
967 939 1284 1008 Θρᾳκικαῖς
1317 937 1533 1008 κώμαις
1583 939 1839 1010 καθιδρυ-

271 1030 418 1095 μένον
441 1042 456 1055 ’
490 1023 579 1091 οἷς
634 1031 730 1083 καὶ
752 1028 956 1098 πολλὴν
992 1027 1229 1097 ὀφείλειν
1264 1029 1364 1097 τὴν
1390 1027 1552 1098 χάριν
1587 1029 1838 1099 ὁμολογῶ

268 1123 334 1182 ὡς
398 1120 630 1188 ἀγαθοῖς
682 1119 813 1190 περὶ
876 1119 978 1189 ἐμὲ
1043 1122 1244 1190 προῖκα
1311 1121 1718 1190 γεγενημένοις.
1769 1121 1836 1173 Δί

271 1215 439 1281 μέντοι
473 1212 781 1281 κατωτέρω
811 1211 1267 1281 Χριστουπόλεως
1301 1211 1496 1264 πολλαὶ
1529 1212 1625 1265 καὶ
1678 1229 1838 1284 περι-

269 1309 434 1372 οανεῖς
464 1303 629 1357 οὖσαι
665 1304 848 1366 πόλεις
879 1304 1008 1372 ἄχρι
1035 1305 1129 1356 καὶ
1171 1305 1535 1375 Ἀκαρνανίας
1565 1305 1661 1358 καὶ
1687 1306 1832 1357 Δαλ-

272 1397 452 1464 ματίας
475 1396 719 1464 ὑπήκοοι
755 1396 1072 1463 Ῥωμαίοις,
1109 1395 1204 1449 καὶ
1236 1396 1498 1465 στρατιάν
1546 1397 1643 1449 οὐκ
1673 1396 1838 1449 εὔκα-

269 1488 591 1556 τσφρόνητον
633 1487 861 1556 ἔχουσαι
898 1487 994 1539 καὶ
1025 1486 1362 1557 στρατηγοὺς
1389 1485 1621 1551 πολλούς
1649 1504 1708 1540 τε
1743 1490 1838 1541 κοιλ⁸

273 1578 513 1643 ἀγαθοὺς.
570 1579 805 1648 οὐδεμία
864 1578 1292 1650 προσεχώρησεν
1338 1581 1492 1646 ἡμῖν.
1525 1579 1702 1648 Ὅπερ
1737 1578 1836 1647 ἐμὲ

272 1674 496 1742 ταραχῆς
543 1671 879 1740 ἐνέπλησεν,
917 1672 1017 1726 οὐκ
1051 1670 1376 1739 ἀπαντῆσαν
1406 1670 1547 1724 κατὰ
1576 1669 1825 1740 γνώμην,
1847 1680 1862 1694 “

275 1767 372 1820 οὐδ’
401 1761 529 1818 εἶναι
557 1764 774 1833 νομίζω
803 1763 1080 1825 λυσιτελὲς
1106 1762 1181 1826 ὡς
1213 1762 1448 1816 ούδενῶν
1478 1762 1832 1833 καταφρονῆ-

1939 573 2128 627 deberi
2217 575 2500 630 confiteor.
2558 576 2662 630 Sed
2736 594 2856 646 qua:
2934 579 3070 632 infra
3134 581 3503 652 ChristOpolin

1940 679 2115 734 usque
2166 665 2230 718 ad
2283 667 2644 722 Acarnaniam
2699 679 2752 724 et
2817 670 3130 725 Dalmatiam
3159 684 3305 740 sunt,
3340 680 3505 731 urbes

1940 755 2248 823 complures
2302 767 2356 810 et
2391 756 2669 821 florentes,
2701 759 2962 813 Romanis
2991 761 3270 831 subjectae.
3298 763 3352 816 in
3385 765 3508 832 qui-

1940 845 2045 900 bus
2112 849 2372 900 cohortes
2422 848 2649 902 minime
2700 852 3075 918 aspernanda,
3139 868 3262 906 cum
3317 856 3506 912 multis

1936 937 2288 1007 strenuisque
2319 937 2573 1005 ducibus,
2603 956 2796 994 earum
2843 943 2992 996 nulla
3051 943 3317 1000 hactenus
3348 947 3505 1001 dedi-

1941 1029 2144 1083 tionem
2182 1029 2344 1083 nobis
2375 1029 2524 1085 fecit.
2560 1030 2716 1096 Quod
2749 1035 2879 1101 quia
2909 1049 3070 1090 secus
3096 1037 3316 1104 accidit,
3341 1055 3506 1109 quam

1939 1122 2246 1190 cupiebam,
2305 1121 2440 1176 mihi
2493 1139 2820 1194 magnopere
2879 1127 3170 1184 molestum
3231 1141 3334 1185 est.
3398 1131 3510 1187 Nec

1939 1207 2285 1266 fructuosum
2303 1209 2431 1290 fore
2472 1213 2656 1279 credo,
2693 1214 2814 1270 illas
2859 1224 2919 1269 ut
2960 1215 3208 1278 imbelles
3267 1229 3317 1273 et
3363 1219 3510 1290 abje-

1939 1307 2056 1353 etas
2098 1289 2416 1369 despicere;
2455 1303 2549 1356 sed
2603 1305 2917 1358 societatem
2968 1316 3024 1360 et
3063 1289 3507 1364 communionem

1938 1391 2154 1446 illarum
2208 1394 2582 1449 aestimandam
2633 1397 2878 1452 maximi.
2919 1399 3101 1464 Quare
3149 1416 3272 1456 meo
3295 1403 3508 1473 judicio

1937 1493 2064 1537 ante
2117 1486 2302 1538 omnia
2333 1486 2439 1541 iter
2496 1503 2562 1542 eo
2611 1489 2957 1545 intendamus
2998 1487 3223 1547 chesse
3274 1476 3506 1551 est.Uhi

1937 1584 1996 1623 se
2028 1569 2132 1624 illa:
2156 1571 2443 1626 nobiscum
2477 1576 2883 1646 conjunxerint,
2925 1589 3036 1632 tum
3070 1581 3309 1651 denique
3330 1599 3508 1652 neque

1938 1659 2099 1714 hoste
2133 1661 2244 1731 jam
2292 1678 2331 1717 a-
2367 1672 2519 1734 tergo
2563 1667 2776 1732 relicto,
2805 1679 2862 1724 et
2902 1672 3112 1726 viribus
3149 1674 3323 1728 altero
3356 1683 3508 1729 tanto

1916 1757 2138 1821 -auctis,
2165 1757 2229 1810 ad
2257 1756 2771 1829 Constantinopolin
2818 1765 3236 1832 oppugnandam
3278 1764 3510 1822 fidenter

281 1877 380 1923 σαι,
408 1858 532 1911 ἀλλὰ
563 1857 696 1926 περὶ
739 1854 998 1907 πλείστου
1036 1853 1368 1924 ποιήσασθαι
1408 1852 1504 1907 καὶ
1532 1853 1631 1924 τὴν
1687 1854 1831 1905 ἐκεία

1935 1849 2281 1905 accedemus.
2310 1851 2586 1907 Hactenus
2621 1853 2946 1923 imperator,
2980 1860 3374 1926 profectionem
3403 1863 3510 1916 illis

282 1971 375 2004 νων
404 1952 714 2020 συμμαχίαν
752 1949 850 2000 καὶ
874 1949 1185 2000 κοινωνίαν.
1221 1947 1427 1999 Τούτου
1458 1946 1620 2015 χάριν
1660 1945 1830 2012 ἀναγ-

290 2049 424 2096 καῖον
470 2040 599 2096 εἶναί
640 2059 735 2111 μοι
785 2041 938 2094 δοκεῖ
989 2040 1091 2110 τὴν
1129 2043 1269 2111 πρὸς
1313 2040 1501 2092 ἐκεῖνα
1551 2039 1827 2108 φέρουσαν

221 2136 226 2140 ’
302 2135 491 2203 πρῶτον
527 2132 752 2186 ἑλέσθαι.
780 2131 1307 2202 Προσχωρησάντων
1333 2129 1388 2181 δὲ
1418 2128 1666 2192 ἐκείνων,
1691 2128 1827 2198 πρδς

310 2225 400 2292 τὴν
453 2221 837 2276 Κωνσταντίνου
891 2220 1222 2290 βαδιούμεθα
1277 2218 1634 2290 θαρροῦντες,
1711 2215 1828 2270 οὔτ’

307 2315 460 2367 ὀπίσω
497 2315 766 2384 πολεμίους
812 2312 1235 2379 καταλιπόντες,
1281 2312 1374 2364 καὶ
1421 2311 1694 2364 διπλασίω
1727 2309 1826 2378 τὴν

1936 1939 1989 1993 in
2033 1939 2388 1998 Occidentem
2425 1946 2755 2013 persuadere
2802 1947 3056 2004 laborans
3110 1951 3381 2008 videlicet.
3416 1957 3510 2009 Ast

1938 2032 2017 2087 illi
2052 2033 2108 2087 in
2143 2035 2414 2088 sententia
2441 2037 2669 2104 pristina
2695 2051 3137 2107 perseverantes,
3163 2044 3507 2115 Byzantium,

1934 2126 2043 2180 alio
2092 2142 2360 2196 nusquatn
2417 2140 2522 2183 iter
2571 2133 2962 2187 conferendum
3021 2134 3224 2196 dicere,
3257 2138 3401 2206 quod
3439 2153 3508 2193 eo

1935 2216 2098 2285 potiri
2135 2218 2274 2270 nihil
2305 2219 2373 2272 sit
2422 2220 2649 2288 negotii,
2694 2222 3004 2292 bellumque
3048 2226 3374 2280 contrahere
3408 2242 3509 2296 po-

1935 2307 2046 2360 tius
2072 2322 2234 2376 quam
2270 2309 2571 2377 producere
2607 2324 2882 2381 oportere.
3584 2294 3600 2310 ⁸

295 2407 492 2476 δύναμιν
515 2407 1014 2477 προσκτησάμενοι.
1049 2405 1313 2466 Βασιλεὺς
1367 2403 1465 2473 μὲν
1501 2401 1593 2455 οὖν
1622 2399 1846 2454 τοιαῦτα
1887 2395 2032 2465 εἰπε,
2066 2399 2166 2469 τὴν
2226 2401 2364 2470 πρὸς
2430 2403 2528 2474 τὴν
2566 2405 2806 2477 ἑσπέραν
2859 2405 3076 2461 ἑλέσθαι
3139 2411 3346 2467 πείθειν
3389 2415 3510 2468 ἐπι-

282 2502 476 2574 χειρῶν.
531 2505 593 2557 Oi
660 2503 707 2556 δ’
746 2497 906 2564 αὖθις
999 2501 1108 2552 τῶν
1155 2503 1438 2569 προτέρων
1507 2499 1758 2568 ἐχόμενοι
1815 2495 2116 2566 λογισμῶν,
2173 2497 2307 2564 πρὸς
2365 2498 2658 2564 Βυζάντιον
2722 2500 2909 2572 έλεγον
2969 2505 3190 2559 ἀπιέναι
3250 2509 3360 2562 δεῖν
3411 2511 3507 2564 καὶ

280 2599 449 2654 ἄλλοσε
479 2601 737 2671 μηδαμῆ,
773 2601 849 2663 ὡς
881 2599 1032 2652 οὐδὲν
1061 2597 1120 2651 ὃν
1145 2595 1307 2667 ἔργον
1338 2595 1468 2648 αὐτὸ
1498 2597 1815 2666 κατασχεῖν,
1847 2597 1942 2648 καὶ
1967 2597 2044 2664 μὴ
2080 2597 2434 2666 παρατείνειν
2459 2599 2552 2651 τὸν
2596 2599 2851 2670 πόλεμον,
2909 2601 3044 2654 ἀλλὰ
3099 2606 3398 2674 συναιρεῖν.

1667 2713 1896 2770 CAPUT
1941 2713 2078 2767 XXI.

266 2816 462 2898 Magnus
489 2815 1558 2898 domesticaequo‘qae,_oppugnationem
1602 2812 1849 2898 liyzantii
1895 2812 2233 2898 dissuadens.
2254 2814 2352 2898 "ad
2383 2810 2761 2898 occidentalem
2795 2816 3184 2898 expeditionem
3239 2818 3504 2898 hortatur.

324 2835 337 2867 ι
373 2835 462 2870 nus
489 2833 816 2871 domesticus
851 2833 1076 2885 quoque,
1110 2833 1558 2884 oppugnationem
1602 2833 1847 2882 nyzanm
1895 2833 2233 2893 aissuaaens,
2283 2833 2349 2864 aa
2383 2833 2761 2893 oectaematem
2795 2833 3184 2896 expectationem
3239 2833 3504 2898 narratur.

324 2833 766 2968 διίστανται-ηαδ
793 2885 1228 2968 εἱηιιαίαιίςνὶιηῖιι
1251 2894 1487 2965 extremo
1515 2882 1870 2968 capite-causa
1907 2890 2205 2968 disseritur.
2246 2881 2534 2968 [iuratus
2575 2898 2629 2935 se
2675 2894 2920 2968 caupone
2956 2885 3138 2968 aliqua
3161 2896 3505 2968 .partturum,

317 2945 398 3010 sed
423 2945 687 3025 inératis:
717 2956 962 3008 ostendit.
997 2945 1390 3007 Perniittuntur
1419 2955 1498 3006 ire
1539 2945 2062 3025 constantinopolin.
2111 2950 2324 3006 Occulta
2375 2953 2605 3006 mittitur
2632 2945 2856 3021 epistola
2895 2945 3320 3024 purgatoriaoad
3351 2945 3507 3011 auaui

319 3043 346 3079 α
369 3024 582 3096 nepote,
620 3042 728 3092 qua
755 3026 916 3078 etiam
946 3031 1142 3086 monet,
1176 3025 1253 3077 uti
1279 3040 1336 3076 se
1358 3024 1706 3076 communiat.

327 3141 410 3192 Ἐν
437 3138 664 3199 τούτοις
689 3133 785 3188 τοῦ
816 3133 1056 3205 μεγάλου
1080 3133 1404 3204 δομεστίκου
1439 3130 1822 3202 φθεγγομένου

2001 3131 2149 3186 Inter
2185 3133 2303 3187 Ιιεεο
2351 3141 2563 3188 tacente
2618 3149 2813 3204 magno
2859 3135 3186 3206 domestico,
3236 3140 3376 3207 Quid
3423 3151 3503 3211 tu,

258 3233 436 3301 μηδὲν,
468 3233 545 3284 Σὺ
588 3229 662 3293 δ’,
695 3227 930 3295 ἔφασαν,
977 3223 1097 3279 ἀνθ’
1121 3227 1245 3279 ὅτου
1282 3224 1356 3296 μὴ
1381 3227 1475 3277 καὶ
1500 3223 1662 3287 αὐτὸς
1698 3223 1830 3294 περὶ

255 3324 346 3376 τῶν
374 3324 678 3392 παρόντων
704 3315 933 3386 γνώμην
963 3316 1227 3384 εἰσάγεις,
1265 3315 1380 3368 ἀλλ’
1415 3314 1590 3377 οὕτως
1609 3312 1684 3376 ὡς
1711 3330 1833 3368 και-

251 3415 330 3468 νοῦ
369 3414 613 3484 μηδενὸς
664 3409 952 3480 γινομένου
1009 3410 1222 3479 σιωπὴν
1279 3409 1514 3474 ἀσκεῖςς
1549 3406 1673 3458 Ὀτι
1739 3423 1826 3474 γε,

249 3504 409 3572 εἶπεν,
444 3508 506 3558 ού
567 3501 1030 3573 βουλευομένους,
1065 3500 1203 3554 ἀλλὰ
1254 3501 1353 3569 τὴν
1409 3497 1604 3568 βουλὴν
1636 3501 1830 3549 ἐπικυ-

251 3599 464 3665 ροῦντας
486 3596 638 3668 δρῶ.
669 3594 734 3646 Εἰ
760 3592 868 3662 γὰρ
893 3591 1267 3654 ἐϐουλεύεσθε,
1289 3589 1412 3660 τάχ’
1438 3588 1504 3642 ἄν
1533 3603 1583 3640 τι
1614 3590 1707 3642 καὶ
1728 3588 1824 3640 αὑ-

246 3691 328 3752 τὸς
380 3686 538 3742 εἶπον
592 3689 711 3739 τῶν
745 3684 1154 3754 συμφερόντων.
1187 3683 1263 3734 Οὐ
1304 3681 1409 3752 μὴν
1435 3679 1553 3735 ἀλλ’
1595 3679 1826 3750 ἐπείπερ

248 3776 531 3852 ἐπύθεσθε,
582 3779 624 3833 ἃ
659 3776 868 3847 νομίζω
901 3775 1255 3845 συμφέροντα
1297 3773 1431 3842 ἐρῶ.
1473 3772 1580 3825 Καὶ
1607 3771 1828 3842 πρῶτον

250 3874 338 3940 μὲν
368 3871 559 3925 ἔπεισί
597 3887 694 3940 μοι
726 3867 1035 3938 θαυμάζειν
1060 3865 1182 3917 ὅθεν
1206 3863 1347 3916 οὕτω
1377 3864 1676 3916 πεπείκατε
1703 3864 1826 3916 ἐαυ-

243 3967 355 4026 τοὺς
387 3967 490 4017 σὺν
517 3960 716 4015 οὐδενὶ
745 3961 896 4028 πόνῳ
930 3955 1346 4025 καταλήψεσθαι
1383 3953 1484 4024 τὴν
1535 3956 1825 4007 Κωνσταν-

243 4058 378 4108 sfw.)
413 4057 591 4126 μόνον
643 4052 927 4120 ὀφθέντες.
961 4050 1024 4102 Ei
1063 4053 1161 4119 μὲν
1211 4048 1322 4117 γάρ
1365 4064 1416 4100 τι
1451 4045 1616 4098 πλέον
1648 4047 1760 4098 ῖστε
1790 4045 1824 4115 ἢ

240 4148 506 4200 ἐπύθεσθε
536 4139 625 4199 ὧν
670 4143 766 4194 καὶ
817 4140 982 4202 αὐτὸς
1009 4140 1331 4207 ἐπίσταμαι,
1366 4138 1394 4191 ὅ
1421 4137 1473 4189 τί
1500 4138 1616 4189 ποτ’
1643 4137 1709 4190 ἂν
1737 4136 1822 4204 εῐη

244 4237 430 4304 μαθεῖν
463 4233 812 4300 ἐϐουλόμην.
851 4229 917 4284 ΕΞ
951 4229 998 4282 δ’
1026 4229 1202 4292 οὐδὲν,
1242 4226 1503 4281 τάναντία
1542 4226 1825 4280 παντάπα-
1865 4263 1867 4266 ‹

243 4345 317 4379 σιν
349 4329 478 4396 ἐμοὶ
510 4325 798 4395 φρονεῖτε.
849 4321 992 4390 Ἐγὼ
1035 4323 1146 4392 γὰρ
1180 4321 1339 4373 πόλιν
1392 4319 1536 4373 οὕτω
1577 4318 1824 4388 μεγάλην

241 4418 325 4466 καὶ
368 4413 846 4483 πολυάνθρωπον,
885 4414 980 4466 καὶ
1033 4414 1284 4482 χρήμασι
1343 4411 1436 4463 καὶ
1492 4410 1679 4472 ὅπλοις
1729 4408 1823 4462 καὶ

1933 3223 2218 3300 inquiunt,
2255 3241 2356 3279 cur
2395 3241 2504 3279 non
2537 3225 2702 3280 etiam
2743 3228 2978 3295 profers,
3026 3229 3092 3284 de
3129 3233 3409 3301 preposita
3449 3250 3508 3290 re

1932 3316 2065 3385 quid
2106 3317 2351 3371 sentias?
2380 3333 2498 3380 cur,
2532 3317 2689 3386 quasi
2730 3318 2867 3372 nihil
2909 3330 3103 3390 agatur
3135 3323 3284 3388 novi,
3324 3325 3397 3378 ita
3433 3327 3508 3380 si-

1929 3408 2054 3462 les?
2082 3407 2239 3473 Quod
2264 3423 2380 3469 vos.
2407 3408 2652 3462 occurrit
2682 3409 2795 3473 ille,
2822 3425 2932 3464 non
2951 3413 3182 3467 consilia
3205 3415 3504 3484 agitantes,

1937 3497 2034 3553 sed
2090 3499 2340 3554 consulta
2366 3499 2479 3569 jam
2503 3494 2646 3553 ﬁata
2676 3500 2944 3556 facientes
2987 3503 3165 3559 video.
3208 3507 3423 3561 Etenim
3457 3509 3504 3563 si

1929 3591 2349 3653 consultaretis,
2398 3591 2630 3647 forsitan
2666 3609 2767 3664 ego
2799 3609 3021 3664 quoque
3059 3597 3194 3651 utile
3236 3601 3503 3668 quiddam

1929 3681 1984 3734 in
2021 3681 2260 3736 medium
2302 3684 2680 3751 protulissem.
2713 3685 2899 3740 Nihilo
2936 3687 3118 3741 minus
3161 3691 3287 3758 quia
3319 3693 3506 3747 scisci-

1930 3768 2122 3823 tamini
2153 3808 2169 3834 ,
2225 3786 2333 3824 non
2397 3772 2626 3834 celabo,
2686 3789 2809 3842 quae
2855 3775 3196 3832 conductura
3243 3780 3501 3837 decerno.

1930 3860 2212 3930 Principio
2247 3862 2438 3925 miror,
2474 3863 2618 3918 unde
2653 3863 2706 3917 in
2754 3879 2875 3918 eam
2928 3868 3246 3936 Opinionem
3288 3875 3504 3928 veneri-

1929 3952 2020 4015 tis,
2059 3951 2246 4006 labore
2279 3953 2453 4017 nullo,
2483 3954 2577 4009 sed
2611 3969 2911 4026 conspectu
2946 3960 3056 4030 66
3085 3962 3204 4014 solo
3232 3962 3504 4018 Constan-

1929 4042 2201 4111 tinopolin
2235 4058 2357 4099 esse
2402 4056 2684 4113 capturos.
2738 4048 2873 4105 Nam
2916 4051 2960 4104 si
2995 4065 3093 4106 vos
3123 4055 3360 4122 amplius
3395 4056 3501 4109 ali-

1927 4134 2060 4204 quid
2123 4138 2300 4190 nostis
2327 4179 2340 4201 ,
2397 4139 2752 4194 auditioneve
2797 4145 3090 4213 accepistis
3122 4185 3151 4210 ,.
3185 4162 3350 4215 quam
3397 4164 3500 4218 ego

1925 4225 2061 4290 scio,
2094 4227 2227 4296 quid
2265 4229 2396 4283 illud
2427 4230 2646 4284 tandem
2675 4232 2769 4296 sit,
2801 4248 2961 4288 nosse
2989 4235 3176 4292 velim.
3205 4236 3300 4292 Sin
3330 4237 3499 4304 nihil,

1927 4324 2041 4370 tum
2089 4333 2186 4372 vos
2230 4319 2550 4389 longissime
2602 4321 2670 4377 ab
2707 4325 2968 4392 opinione
3024 4342 3143 4381 mea
3194 4327 3500 4404 disceditis.

1925 4406 2041 4476 Ego
2075 4408 2348 4477 siquidem
2384 4410 2665 4465 civitatem
2717 4413 2858 4468 adeo
2892 4416 3126 4484 amplam
3162 4427 3214 4472 et
3245 4418 3500 4487 freqttcnv

240 4507 618 4575 στρατιώταις
641 4472 1180 4573 ’δονατωτάτηνϊ-καὶ
1217 4501 1441 4573 βασιλέα
1475 4503 1704 4571 ἔχουσαν
1735 4503 1826 4568 ἐγ-

1934 4472 2065 4565 te'm,
2128 4500 2398 4569 pecuniis.
2464 4503 2654 4569 armis,
2721 4505 2991 4560 militibus
3039 4472 3501 4576 potentissimam,

239 4599 575 4652 καθεστῶτα
616 4596 766 4650 οὕτω
797 4597 898 4664 μὲν
957 4595 1198 4662 συνετὸν,
1225 4597 1318 4648 ἐπὶ
1347 4594 1623 4656 τοσούτοις
1651 4594 1693 4646 δ’
1722 4591 1824 4662 dp-

238 4689 405 4752 ξαντα
437 4690 699 4760 χρόνοις,
730 4689 826 4741 καὶ
852 4686 1048 4740 πολλὸν
1081 4687 1276 4756 ἔχοντα
1298 4687 1428 4754 περὶ
1460 4685 1624 4738 αὐτὸν
1652 4685 1826 4738 εὐνοϊ-

239 4783 341 4844 κῶς
364 4781 773 4849 διακειμένων,
797 4780 894 4831 καὶ
914 4780 1195 4848 χρήμασιν
1218 4779 1551 4850 ἐρρωμένον,
1574 4773 1655 4840 οἷς
1675 4778 1825 4848 αὐτῷ

237 4873 415 4926 πείσει
477 4870 788 4942 προσέχειν
825 4869 922 4940 τὴν
985 4870 1269 4940 στρατιὰν,
1306 4870 1368 4920 ού
1422 4869 1531 4922 τῶν
1583 4869 1824 4941 ῥᾴστων,

236 4966 371 5019 αλλά
404 4966 530 5018 τῶν
569 4963 1006 5017 δυσκολωτάτων
1059 4957 1196 5014 εἶναι
1248 4961 1454 5028 νομίζω
1509 4962 1823 5030 κατασχεῖν.

236 5059 344 5112 Kal.
407 5057 594 5128 χωρὶς
627 5054 684 5109 δὲ
732 5054 960 5116 τούτων,
991 5053 1098 5105 τῶν
1143 5051 1393 5106 παλαιῶν
1425 5069 1510 5114 τις
1561 5052 1829 5121 Ἑλλήνων

238 5151 404 5216 σοφὸς
447 5146 532 5218 μὴ
561 5147 630 5198 τὰ
664 5143 890 5197 τοιαῦτα
916 5143 1114 5213 ῥᾳδίως
1149 5141 1396 5208 ἐλπίζειν
1432 5141 1630 5206 πείθει,
1662 5140 1832 5195 πολλά

239 5240 302 5292 τὰ
342 5237 571 5310 μεταξὺ
605 5235 828 5306 χειλέων
879 5237 972 5288 καὶ
1004 5234 1228 5294 κύλικος
1273 5229 1410 5287 εἶναι
1443 5233 1637 5286 είπὼν.
1675 5233 1832 5286 Ἐστι

238 5332 289 5383 δέ
323 5347 413 5392 τις
453 5330 564 5381 καὶ
594 5331 920 5398 στρατηγοῖς
950 5327 1134 5396 νόμος,
1158 5325 1374 5394 ’ἐπίσης
1402 5327 1523 5387 ταῖς
1553 5325 1831 5392 εὐτυχίαις

1937 4591 2327 4661 imperatorem
2363 4592 2489 4646 sinu
2531 4609 2636 4648 suo
2681 4596 3079 4662 continentem,
3116 4613 3352 4668 eumque
3391 4610 3502 4656 tam
3612 4650 3621 4658 .

1934 4683 2291 4750 prudentem,
2359 4692 2439 4737 tot
2497 4686 2658 4740 annis
2721 4686 3148 4756 imperitantem,
3205 4691 3502 4746 multorum

1937 4777 2326 4831 benevolentia
2373 4787 2616 4846 septum,
2668 4781 2902 4849 pecunia
2952 4783 3350 4848 abundantem,
3395 4801 3502 4855 qua

1935 4868 2240 4922 exercitum
2274 4867 2378 4923 sibi
2415 4869 2703 4940 obligabit,
2736 4887 3034 4942 occupare,
3077 4875 3252 4930 multo
3286 4877 3503 4932 diflicil-

1935 4959 2130 5012 limum
2167 4974 2288 5014 esse
2327 4961 2629 5016 constituo.
2673 4963 2944 5030 Praeterea
2981 4981 3012 5019 ο
3049 4968 3330 5022 veteribus
3357 4967 3507 5023 Cras.

1935 5050 2016 5103 cis
2051 5052 2135 5104 vir
2178 5052 2399 5121 sapiens
2430 5051 2542 5123 (50)
2572 5063 2783 5118 monet,
2827 5071 2893 5109 ne
2928 5056 3244 5126 hujusmodi
3295 5068 3501 5113 temere

1939 5155 2233 5212 speremus
2263 5158 2278 5206 ;
2309 5146 2388 5198 ait
2427 5143 2600 5209 enim,
2644 5147 2817 5201 multa
2854 5153 3052 5202 cadere
3105 5149 3248 5203 inter
3275 5151 3501 5206 calicem

1933 5249 2302 5304 supremaque
2332 5235 2508 5292 labra.
2540 5238 2639 5292 Est
2668 5234 2848 5294 autem
2875 5251 2930 5294 et
2959 5240 3163 5295 ducum
3199 5243 3309 5303 lex.
3351 5258 3504 5296 com-

1938 5325 2100 5379 moda
2134 5326 2362 5396 paribus
2389 5341 2681 5398 exmquare
2721 5331 3081 5385 incommodis
3105 5332 3216 5401 (5i)
3254 5350 3266 5385 :
3301 5333 3503 5404 illeque

1497 5455 1714 5518 Jacobi
1745 5457 2014 5518 Pontani
2049 5465 2244 5520 notua.

305 5561 426 5628 (50)
468 5559 612 5625 Quis
635 5559 706 5614 sit
743 5559 829 5614 ille
861 5561 943 5613 vir
971 5560 1208 5630 sapiens,
1253 5573 1338 5612 me
1370 5558 1523 5614 latet.
1563 5557 1822 5614 Refertur

233 5648 260 5684 τι
288 5631 478 5686 Gellio
517 5632 622 5683 hoc
650 5630 898 5699 adagium
937 5629 1269 5684 his'verbis:
1302 5684 1307 5688 ,

240 5701 422 5752 Πολλὰ
479 5700 685 5766 μέταξὺ
713 5697 865 5750 πέλει
901 5701 1122 5761 κύλικος
1159 5700 1252 5749 καὶ
1285 5697 1494 5767 χείλεος
1526 5697 1722 5768 ἄκρου.

242 5772 418 5823 Multa
460 5770 662 5820 cudtmt
701 5770 836 5822 inter
867 5770 1082 5823 calicem
1113 5784 1458 5836 supremaque
1481 5768 1640 5822 libita.

534 5859 801 5924 Ριτιιοι..
830 5864 943 5920 Gn.
987 5861 1189 5922 CLIII.

1930 5555 2049 5625 Quo
2095 5577 2404 5634 monemur,
2437 5561 2522 5614 vix
2554 5563 2716 5616 etiam
2753 5564 2818 5617 iis
2848 5564 3181 5619 credendum
3201 5581 3323 5634 qua:
3353 5564 3504 5620 vide-

1944 5645 2088 5695 mus,
2120 5643 2174 5684 ct
2197 5630 2453 5702 manibus
2489 5641 2741 5702 tenemus
2777 5651 2791 5686 :
2830 5649 2999 5702 usque
3031 5635 3166 5689 adeo
3197 5630 3380 5689 futura
3422 5637 3507 5690 in-

1944 5710 2092 5753 certa
2115 5715 2254 5753 esse.
2272 5699 2482 5764 Simile,
2506 5701 2646 5755 inter
2667 5718 2728 5756 os
2746 5713 2799 5758 et
2818 5699 3002 5758 ollam.
3023 5705 3155 5760 Vide
3173 5705 3498 5762 Chiliasten.

2016 5769 2128 5837 (5|)
2172 5769 2377 5824 Sensus
2405 5779 2508 5833 cst,
2535 5773 2589 5825 ni
2621 5772 2813 5828 fallor:
2852 5776 3054 5830 debere
3090 5777 3258 5831 duccs
3283 5783 3502 5844 paratos

2983 5869 3016 5929 6
