4038 6212
317 368 412 430 l73

1473 356 2015 420 HISTORIARUM
2059 356 2286 416 LIBER
2329 357 2371 420 i.

3433 361 3533 424 174

308 487 409 554 γὰρ
439 481 664 536 δυνατὸν
718 484 797 546 είς
837 483 1108 536 ἀντίδοσιν
1164 479 1310 532 ποιεῖ
1372 477 1499 539 τοὺς
1550 470 1864 548 βνεάρους

1971 487 2032 526 eo
2065 473 2237 542 magis
2265 487 2325 528 se
2359 471 2433 526 illi
2465 473 2673 526 amicos
2707 487 2827 527 esse
2865 472 3110 530 student.
3157 472 3532 556 Subarto.au-

309 574 502 645 μᾶλλον
525 574 665 643 πρὸς
703 573 888 642 φιλίαν
912 572 1235 643 τρέπεσθαι.
1265 563 1642 638 Ποιησάμενοι
1676 564 1732 619 at
1771 565 1860 633 ὑφ’

306 665 523 726 ἑαυτοὺς
553 664 656 732 τὴν
683 663 929 735 ἑσπέραν
980 662 1316 732 ἀντίρροπον
1354 655 1525 712 οὖσαν
1580 655 1715 726 ἡμῖν
1769 657 1864 708 καὶ

301 753 759 816 διπλασιάσαντες
796 753 896 824 τὴν
956 749 1212 821 δύναμιν,
1271 749 1527 818 ἀσφαλῶς
1569 749 1672 818 ήδη
1729 745 1864 817 προς

308 843 597 906 Βυζάντιον
636 842 994 912 βαδιούμεθα.
1045 843 1162 895 Κᾶν
1221 842 1321 911 μὲν
1381 838 1757 910 προσχωροίη,
1801 833 1863 890 εὖ

302 934 363 986 ἄν
385 935 492 1002 ἔχοι
518 951 535 964 ο
575 935 626 985 εί
658 934 717 986 δὲ
758 935 860 1003 μὴ,
905 933 1404 1003 περικαθεσθέντες
1429 929 1864 999 ἐκπολιορκήσα-

306 1043 394 1096 μεν
422 1027 496 1096 τῷ
539 1028 743 1096 χρόνῳ,
769 1027 987 1088 οὐδενὸς
1007 1026 1158 1088 ὄντος
1178 1024 1272 1077 τοῦ
1299 1022 1709 1077 ἀπανίστασθαι
1733 1037 1868 1074 κατ-

303 1120 715 1185 αναγκάσαντος.
759 1117 980 1170 Τούτων
1016 1113 1081 1188 δὴ
1109 1118 1272 1170 ἓνεκα
1309 1116 1408 1186 τὴν
1440 1113 1707 1184 βασιλέως
1727 1113 1867 1182 γνῶ·-

306 1227 401 1279 μην
416 1209 720 1262 λυσιτελεῖν
733 1213 980 1280 οἰόμενος
999 1211 1054 1272 ἐς
1071 1210 1140 1262 τὰ
1158 1209 1413 1278 μάλιστα,
1433 1209 1570 1278 αὐτῇ
1592 1209 1864 1259 συνεῖπον·

302 1300 386 1349 καὶ
402 1297 574 1349 πλείω
592 1299 636 1349 δ’
659 1297 826 1366 ἕτερα
850 1297 1055 1350 τούτων
1076 1299 1217 1366 ἔχων
1245 1296 1488 1367 παρίημι
1511 1299 1683 1349 ειπεῖν
1704 1296 1866 1350 ἑκών.

306 1389 357 1440 Et
377 1390 464 1458 μὲν
483 1388 600 1456 γὰρ
615 1386 719 1440 οἷοί
741 1388 799 1439 τέ
823 1390 951 1441 ἐστε
973 1390 1073 1457 τὴν
1086 1388 1285 1459 βουλὴν
1321 1387 1671 1459 μεταόαλεῖν,
1700 1387 1869 1458 ἀρκέ-

307 1496 378 1531 σει
397 1481 481 1531 καὶ
498 1479 705 1532 ταῦτα.
736 1479 862 1532 Είδ⁹
888 1480 986 1550 οὐχ
1019 1475 1122 1532 οἷοί
1146 1495 1225 1539 τε.
1253 1482 1376 1550 εἰκῆ
1403 1475 1634 1534 κάκείνα
1658 1481 1870 1548 λέγοιτο

305 1570 381 1622 ἄν.
409 1571 643 1629 Τοιαῦτα
672 1570 774 1638 μὲν
804 1571 897 1622 καὶ
924 1570 1178 1639 βασιλεὺς
1196 1572 1226 1622 6
1259 1567 1400 1633 νέος,
1426 1572 1521 1622 καὶ
1549 1571 1870 1640 δομέστικος

307 1665 332 1713 ὁ
372 1663 524 1729 μέγας
572 1661 699 1728 μετ’
733 1660 899 1713 αὑτὸν
949 1662 1332 1732 διειλέχθησαν
1371 1662 1508 1732 πρὸς
1555 1664 1652 1733 τὴν
1707 1673 1872 1729 στρα-

311 1754 435 1812 τιαν,
461 1754 563 1820 οὔχ
617 1751 769 1804 οὕτω
797 1754 893 1804 καί
922 1753 1236 1807 λυσιτελεῖν
1261 1755 1598 1824 φρονοῦντες
1623 1773 1634 1783 '
1669 1755 1871 1826 ᾔδεσαν

1966 572 2074 617 tom
2105 562 2428 627 Occidente,
2455 563 2547 633 qui
2577 565 2734 619 nobis
2764 581 2864 635 pro
2892 563 3118 620 Oriente
3147 567 3275 628 erit,
3316 569 3533 622 exerci-

1967 659 2135 722 tuque
2153 652 2454 723 duplicato,
2479 666 2592 708 tum
2616 670 2808 710 secure
2829 656 3145 726 Byzantium
3168 659 3530 712 movebimus.

1967 745 2034 799 Et
2070 746 2115 799 si
2152 747 2374 815 quidem
2423 763 2480 802 se
2510 747 2809 812 dediderit,
2843 749 2983 803 bene
3015 765 3032 805 :
3065 749 3150 802 sin
3192 749 3297 802 alia
3346 750 3532 803 omnia

1967 837 2254 902 maluerit,
2303 837 2726 892 circumsessum
2780 839 2897 908 ipsa
2951 839 3316 894 diuturnitate
3363 855 3535 909 expu-

1966 929 2281 998 gnabimus.
2313 947 2460 995 cum,
2495 932 2640 1001 quod
2679 947 2777 987 nos
2809 933 3070 1001 depellat,
3105 932 3243 986 nihil
3273 931 3398 988 erit.
3437 931 3532 987 llis

1967 1019 2035 1073 de
2075 1021 2258 1075 causis
2300 1022 2651 1091 imperatoris
2701 1025 3028 1080 sententiam
3079 1034 3140 1079 ut
3182 1025 3534 1080 utilissimam

1969 1111 2168 1180 probe,
2188 1113 2350 1182 eique
2384 1114 2678 1170 subscribe
2711 1132 2725 1169 :
2760 1124 2815 1170 et
2848 1130 2973 1170 cum
3002 1117 3154 1184 plura
3189 1117 3418 1171 habeam
3450 1116 3538 1170 di-

1967 1215 2121 1264 cere,
2179 1204 2361 1260 libens
2413 1206 2632 1262 omitto.
2690 1205 2826 1264 Nam
2872 1207 2916 1262 si
2971 1209 3262 1262 consilium
3321 1213 3538 1262 mutare

1973 1295 2231 1362 putestis,
2271 1296 2439 1350 etiam
2476 1299 2578 1352 ista
2624 1297 2899 1352 suﬂicient
2928 1316 2942 1352 :
2973 1299 3017 1353 si
3054 1315 3161 1353 non
3193 1298 3447 1369 potestis,
3481 1301 3537 1353 in

1971 1395 2196 1439 ventum
2228 1396 2285 1441 et
2337 1387 2426 1442 illa
2483 1378 2859 1459 loqueremur.
2908 1388 3064 1446 Hunc
3107 1392 3162 1444 in
3209 1391 3430 1445 modum
3483 1401 3540 1443 et

1971 1478 2276 1546 imperator
2325 1495 2520 1550 nepos,
2567 1489 2623 1534 et
2667 1495 2897 1551 magnus
2945 1483 3302 1548 domesticus,
3349 1494 3540 1536 contra

1972 1585 2136 1638 quam
2183 1573 2446 1640 expedire
2479 1573 2912 1639 arbitrabantur,
2943 1590 3067 1628 cum
3117 1574 3385 1628 militibus
3413 1589 3542 1642 age-

1975 1660 2108 1714 bant
2135 1678 2148 1715 :
2179 1663 2386 1730 Optime
2430 1665 2576 1717 enim
2608 1679 2730 1719 cum
2766 1681 2833 1720 ex
2864 1667 3180 1736 transfugis,
3222 1675 3335 1720 tum
3360 1681 3428 1721 ex
3449 1681 3542 1718 oc-

1975 1752 2143 1806 cultis
2177 1753 2568 1824 Byzantiorum
2608 1758 2811 1813 litteris
2835 1759 3167 1823 didicerant,
3195 1758 3356 1812 simul
3378 1767 3543 1828 atque

313 1845 406 1912 γὰρ
425 1844 659 1912 ἀκριϐῶς
691 1844 757 1897 ἐκ
799 1861 858 1897 τι
903 1846 1012 1898 τῶν
1049 1846 1366 1916 αὐτομόλων
1389 1848 1489 1901 καὶ
1523 1849 1588 1901 ἐκ
1643 1848 1752 1900 τῶν
1809 1851 1867 1902 ἐκ

1983 1841 2150 1908 empti
2212 1849 2398 1896 essent
2447 1846 2718 1914 conspici,
2769 1849 3031 1916 populum
3081 1859 3266 1918 portas
3318 1849 3385 1902 ad
3444 1863 3542 1902 eos

321 1935 588 1999 Βυζαντίου
636 1937 778 2006 πρὸς
833 1937 1036 2000 αὐτοὺς
1085 1940 1274 2008 κρύφα
1326 1938 1755 2008 διαλεγομένων,
1790 1941 1866 2006 ὡς

320 2028 429 2101 ,ἃμα
477 2030 548 2098 τῷ
615 2029 859 2099 φανῆναι
921 2030 1120 2094 αὐτοὺς
1173 2031 1506 2096 εἰσδέξονται
1564 2031 1864 2100 Βυζάντιοι,

337 2118 588 2187 διὰραντες
613 2121 710 2182 τὰς
745 2121 949 2188 πύλας,
995 2121 1115 2192 ἅμα
1165 2124 1266 2193 μὲν
1292 2124 1746 2194 ἐκπεπληγμένοι
1775 2127 1867 2179 τὸν

345 2209 447 2262 νέον
476 2211 704 2279 βασιλέα,
731 2213 804 2276 ὡς
836 2215 896 2266 ὲν
923 2214 1092 2283 ὀλίγῳ
1127 2213 1223 2266 καὶ
1249 2214 1350 2282 τῆς
1375 2215 1489 2269 ἄνω
1520 2215 1742 2287 Θρᾴκης
1768 2217 1865 2270 καὶ

346 2301 428 2367 τῆς
452 2304 694 2371 παραλίου
722 2306 888 2375 μέχρι
919 2308 1014 2358 καὶ⁵
1045 2306 1213 2358 αὑτοῦ
1237 2305 1534 2371 Βυζαντίου
1563 2309 1756 2377 κύριον
1781 2325 1870 2376 γε·

340 2399 617 2464 γενημένον,
652 2401 748 2451 καὶ
781 2399 986 2468 πολλὴν
1037 2399 1381 2470 ἐπαγόμενον
1431 2401 1719 2470 στρατιὰν,
1751 2401 1869 2471 ἅμα

329 2487 374 2537 δὲ
401 2491 481 2540 καὶ
509 2490 772 2552 εὐνοϊκῶς
795 2490 1141 2560 διακείμενοι
1173 2490 1309 2561 πρὸς
1341 2491 1526 2544 αὐτόν.
1559 2492 1870 2556 Δεδοικότες

320 2580 367 2631 δὲ
393 2581 458 2649 μὴ
484 2583 912 2652 ὁπρεσὸύτερος
945 2582 1198 2652 βασιλεὺς
1232 2585 1314 2646 είς
1343 2583 1588 2638 κίνδυνον
1623 2585 1867 2658 καταστῇ

317 2674 522 2744 ἁλούσης
563 2679 668 2745 τῆς
713 2677 1160 2741 Κωνσταντενου,
1209 2677 1545 2731 ὲπλάττοντο
1589 2680 1688 2749 τὴν
1734 2679 1872 2750 πρὸς

310 2769 525 2837 ἑσπέραν
581 2771 955 2838 ἐκστρατείαν
987 2769 1444 2842 λυσιτελεστέραν
1485 2772 1695 2824 οἴεσθαι
1717 2789 1732 2804 ·
1763 2789 1870 2842 φα-

307 2865 460 2930 νερῶς
516 2866 637 2934 γὰρ
688 2867 868 2918 εἰπεῖν
910 2867 1009 2934 τὴν
1047 2865 1251 2931 αἰτίαν,
1288 2866 1356 2918 δι’
1387 2867 1453 2937 ἢν
1497 2865 1558 2919 οὐ
1593 2867 1872 2936 βούλοιντο

304 2954 411 3022 ἄρτι
440 2955 874 3024 ἐπιστρατεύειν
905 2955 1076 3024 αὐτῷ,
1110 2956 1210 3009 οὐκ
1237 2955 1479 3023 ἀσφαλὲς
1514 2953 1655 3010 εἶναι
1698 2957 1872 3012 ἐδόκει

301 3047 374 3098 διὰ
401 3051 454 3099 το
491 3049 599 3116 τὴν
642 3049 908 3116 στρατιὰν
943 3047 1022 3100 ἔτι
1051 3048 1186 3116 πρὸς
1210 3046 1436 3116 βασιλέα
1466 3049 1559 3101 τὸν
1591 3051 1712 3102 νέον
1737 3050 1868 3104 ἀϐέ-

302 3137 435 3190 ϐαιον
479 3137 657 3201 εἶναι,
695 3139 792 3192 καὶ
830 3139 1336 3209 διαλυθησομένην,
1397 3142 1450 3192 εἴ
1510 3157 1562 3192 τι
1611 3142 1866 3196 πύθοιντο

298 3230 550 3285 τοιοῦτον.
604 3231 754 3300 Πρὸς
805 3230 981 3283 ταῦτα
1033 3229 1088 3283 οἵ
1117 3247 1175 3282 τε
1206 3229 1433 3297 λογάδες
1468 3232 1563 3283 καὶ
1597 3234 1864 3302 σύμπασα

302 3325 544 3394 στρατιὰ,
584 3322 666 3376 Εὖ
697 3324 796 3393 μὲν
827 3321 1084 3393 εἰρῆσθαι
1117 3325 1300 3377 πάντα
1331 3325 1426 3375 καὶ
1484 3325 1869 3396 στρατηγικῆς

297 3417 588 3486 ἐμπειρίας
627 3415 817 3481 ἀξίως,
840 3415 952 3467 οὐδ’
974 3415 1138 3468 αὐτοὶ
1167 3415 1546 3486 ἀρνηθείημεν
1574 3416 1661 3480 ἂν,
1690 3413 1868 3482 εἶπον,

297 3502 337 3562 ὦ
388 3508 621 3579 βασιλεῦ
650 3523 662 3536 ·
718 3509 754 3578 ἡ
788 3525 848 3584 τε
896 3509 1007 3578 γὰρ
1071 3508 1286 3578 ἑσπέρα
1322 3509 1493 3580 πολλὴ
1526 3511 1622 3561 καὶ
1680 3511 1867 3575 πόλεις

295 3601 482 3671 {leuca
536 3600 752 3664 πολλὰς
787 3601 882 3653 καὶ
915 3603 1262 3671 περιφανεῖς,
1298 3601 1394 3654 καὶ
1445 3602 1713 3672 στρατιὰν
1749 3605 1867 3674 ἅμα

296 3695 631 3764 στρατηγοῖς
679 3690 981 3760 βελτίστοις
1038 3691 1140 3744 οὐκ
1194 3691 1706 3760 εὐκαταφρόνητον,
1772 3698 1867 3748 καὶ

294 3785 478 3854 ῥαδίως
517 3785 940 3856 προσχωρήσει,
1002 3783 1257 3853 καθάπερ
1308 3783 1478 3852 ἔφητε
1542 3787 1634 3838 καί
1690 3788 1862 3842 αὐτοί.

299 3875 497 3929 Ἐκεῖνο
534 3875 735 3941 μέντοι
767 3871 1072 3942 θαυμάζειν
1104 3874 1237 3942 ἡμῖν
1266 3873 1472 3943 ἐπῆλθε
1503 3877 1602 3928 τοῦ
1628 3878 1868 3946 μεγάλου

292 3969 648 4037 δομεστίκου,
681 3969 830 4028 ὅπως
859 3966 921 4020 τὸ
955 3965 1054 4035 μὲν
1081 3966 1180 4034 τὴν
1213 3967 1460 4034 ἑσπέραν
1498 3967 1588 4035 ὑφ’
1639 3971 1866 4033 ἑαυτοὺς

1970 1928 2426 1989 inti-omittendos
2453 1935 2856 2004 patefacturum
2884 1955 2896 1990 :
2928 1939 3124 2007 partim
3159 1939 3305 2007 quod
3328 1938 3538 2006 iuniori

1971 2018 2107 2072 bene
2142 2022 2364 2088 vellent,
2385 2028 2580 2094 partim
2616 2027 2761 2096 quod
2787 2044 2912 2083 eum
2935 2029 3419 2099 obstupescerent,
3444 2030 3540 2100 qui

1969 2109 2122 2166 brevi
2155 2123 2400 2182 tempore
2433 2127 2490 2172 et
2524 2120 2869 2189 superlorem
2900 2133 2956 2175 et
3007 2124 3338 2177 maritimam
3367 2123 3544 2178 Thra-

1971 2203 2111 2258 ciam
2151 2207 2256 2262 sibi
2291 2210 2656 2276 subdidisset,
2694 2222 2916 2283 tamque
2950 2215 3196 2284 ingentes
3234 2216 3420 2284 copias
3448 2215 3544 2270 ad-

1970 2295 2215 2353 duceret.
2249 2301 2744 2359 Verumenimvero
2774 2321 2899 2360 cum
2939 2308 3221 2370 timerent,
3260 2323 3328 2362 ne
3381 2316 3539 2377 capta

1974 2391 2110 2446 urbe
2155 2393 2212 2446 in
2260 2409 2447 2450 senem
2503 2396 2895 2467 imperatorem
2943 2400 3304 2455 inhumanius
3335 2400 3542 2471 aliquid

1973 2483 2375 2554 designaretur,
2413 2479 3250 2560 expeditionem'occideutalem
3285 2494 3392 2548 sibi
3424 2493 3543 2548 fru-

1975 2577 2313 2632 ctuosiorem
2339 2581 2516 2634 videri
2539 2582 2884 2637 comminisci
2919 2585 3233 2639 voluerunt.
3264 2585 3398 2660 ljiam
3425 2585 3544 2640 sine

1975 2665 2360 2736 integumento
2393 2686 2616 2726 causam
2647 2674 2836 2740 edere,
2867 2675 2936 2729 ob
2977 2692 3139 2745 quam
3171 2693 3268 2747 per
3308 2678 3363 2732 id
3401 2687 3544 2734 tem-

1975 2773 2077 2825 pus
2105 2759 2634 2834 Constantinopolin
2677 2767 2882 2821 adoriri
2915 2769 3146 2833 nollent,
3194 2785 3387 2838 parum
3424 2770 3544 2826 iure

1977 2856 2154 2903 tutum
2189 2853 2518 2922 credebant,
2565 2845 2786 2928 quando
2810 2859 2947 2917 ﬁdes
2975 2864 3252 2917 exercitus
3285 2878 3414 2934 erga
3446 2866 3546 2919 imc

1976 2949 2284 3008 peratorem
2308 2944 2590 3014 juniorein
2616 2949 2800 3004 adhuc
2836 2962 3078 3016 nutaret,
3115 2964 3170 3008 et
3199 2955 3242 3008 si
3272 2956 3407 3025 quid
3442 2956 3548 3010 tale

1976 3027 2217 3096 θυαε-εί,
2255 3033 2618 3092 dilaberetur.
2667 3039 2746 3093 Ad
2785 3041 2900 3095 hate
2946 3043 3160 3099 nobiles
3222 3039 3547 3103 universus-

1977 3136 2084 3190 que
2115 3126 2389 3181 exercitus
2433 3131 2860 3199 responderunt,
2909 3150 3016 3188 non
3062 3150 3120 3190 sc
3151 3152 3374 3208 negare,
3409 3153 3548 3194 con-

1971 3216 2261 3272 venienter
2290 3228 2345 3273 et
2373 3235 2439 3274 ex
2486 3239 2587 3276 usu
2637 3226 2774 3280 artis
2819 3227 3188 3298 imperatoris
3239 3233 3383 3288 dicta
3423 3250 3544 3290 esse

1974 3309 2159 3364 omnia
2187 3327 2200 3363 :
2237 3311 2346 3366 late
2375 3314 2522 3367 enim
2560 3326 2748 3386 patere
2780 3321 3124 3378 occidentem
3155 3323 3370 3388 orbem,
3402 3327 3547 3381 mul—

1975 3407 2056 3454 tas
2098 3412 2154 3456 ct
2204 3402 2438 3475 inclytus
2487 3407 2764 3464 sustinuere
2823 3413 3028 3480 urbes,
3094 3418 3282 3486 copias
3331 3419 3544 3474 habere

1969 3492 2082 3562 68
2111 3494 2254 3550 haud
2306 3502 2702 3568 aspernabiles,
2757 3519 2883 3559 cum
2927 3507 3254 3564 ductoribus
3303 3511 3546 3567 fortissi-

1973 3589 2095 3651 mis,
2137 3588 2357 3658 levique
2407 3605 2708 3657 momento.
2748 3608 2808 3651 ut
2856 3601 3018 3656 ambo
3051 3602 3435 3671 aﬂirmassent,
3484 3624 3545 3664 se

1969 3689 2313 3745 dcditurum.
2342 3693 2526 3748 Mirari
2565 3707 2768 3760 tamen,
2797 3703 3072 3770 quomodo
3102 3719 3329 3774 magnus
3358 3705 3549 3764 dome-

1971 3779 2142 3834 sticus
2173 3779 2535 3838 Occidentem
2569 3789 2673 3842 sub
2717 3789 2984 3846 ditionem
3021 3793 3218 3864 subjici
3252 3797 3411 3852 facile
3446 3800 3545 3855 ad-

1970 3872 2189 3926 modum
2216 3889 2398 3944 posse,
2424 3876 2939 3951 Constantinopolin
2969 3895 3152 3942 autem
3190 3889 3398 3950 intrare
3417 3907 3545 3948 cum

1968 3967 2212 4018 exercitu
2272 3983 2398 4022 esse
2444 3969 2666 4025 difﬁcile
2719 3979 3138 4032 asseveraverit.
3197 3981 3338 4047 Quia
3396 3983 3547 4038 enim

292 4061 638 4129 ποιήσασθαι
660 4058 770 4112 τῶν
793 4057 938 4111 πάνυ
971 4057 1171 4128 ῥᾳδίων
1216 4058 1499 4128 ἀπέφηνεν
1532 4055 1691 4125 εἶναι,
1730 4061 1792 4113 τὸ
1821 4061 1867 4113 6‘

1971 4057 2103 4111 illud
2131 4060 2304 4127 prius,
2335 4061 2454 4131 ejus
2481 4065 2782 4130 sententia,
2810 4065 3028 4124 diﬁicile
3054 4087 3164 4124 non
3193 4074 3286 4138 sit,
3314 4074 3420 4131 huc
3445 4090 3547 4130 suo

295 4152 564 4205 είσελθεῖν
602 4150 869 4203 δύσκολον
899 4151 1154 4213 ἐλθόντας
1185 4151 1265 4212 είς
1294 4149 1394 4219 τὴν
1419 4152 1860 4206 Κωνσταντίνου.

1971 4148 2177 4219 iudicio
2222 4154 2416 4210 inultis
2449 4158 2698 4226 partibus
2745 4175 2866 4216 esse
2901 4159 3138 4218 facilius.
3182 4164 3253 4220 Et
3285 4167 3547 4235 quoniam

302 4246 545 4300 Ἑκείνου
589 4246 705 4314 γὰρ
762 4245 916 4307 dare;
956 4245 1159 4316 ῥᾳδίου,
1299 4246 1365 4318 δὴ
1395 4247 1492 4300 καὶ
1537 4247 1699 4310 αὐτὸς
1735 4246 1862 4316 ἔφη,

1971 4244 2368 4301 occidentalem
2399 4251 2810 4318 expeditionem
2842 4257 2986 4324 apud
3022 4257 3266 4315 animum
3301 4259 3542 4330 impera-

290 4341 441 4394 τοῦτο
483 4339 684 4409 πολλῷ
732 4339 811 4408 τῷ
845 4338 1030 4409 μέτρῳ
1060 4342 1125 4410 τῇ
1161 4340 1418 4410 ῥαστώνῃ
1463 4340 1740 4408 διαφέρειν
1765 4341 1863 4392 αύ‹

1971 4338 2105 4390 toris
2157 4339 2310 4392 velut
2356 4342 2614 4398 omnibus
2661 4345 2939 4416 suil‘ragiis
2991 4350 3303 4406 obtinuisse
3351 4369 3546 4410 cerne-

291 4435 370 4485 τοι
393 4432 660 4501 οἰόμεθα.
698 4432 854 4484 Ἐπεὶ
882 4430 926 4483 δ’
955 4431 1201 4495 ἁπάσαις
1241 4433 1361 4494 ταῖς
1397 4431 1600 4502 ψήφοις
1629 4431 1688 4483 τὺ
1724 4431 1862 4500 πρὸς

1971 4442 2110 4496 rent,
2162 4433 2336 4488 ituros
2384 4437 2690 4491 secundum
2746 4441 2999 4495 mandata
3031 4453 3303 4514 quotquot
3350 4449 3550 4505 velint.

291 4526 382 4594 τὴν
414 4527 672 4596 ἑσπέραν
713 4521 1108 4594 ἐκστρατεύειν
1153 4522 1306 4593 παρά
1337 4525 1442 4589 σοὶ,
1498 4521 1747 4593 βασιλεῦ,
1780 4539 1867 4574 κε-

1974 4536 2081 4576 non
2120 4532 2299 4578 tamen
2331 4541 2483 4594 aeque
2517 4529 2794 4592 alacriter,
2825 4531 2920 4585 sed
2972 4533 3222 4602 ingratis.
3277 4535 3362 4604 Si,
3395 4541 3548 4610 quod

294 4620 580 4688 κρατηκος
617 4619 863 4687 ὁρῶμεν,
915 4614 1379 4687 συστρατεύσουσι
1428 4617 1527 4686 μὲν
1565 4617 1658 4668 καὶ
1685 4616 1864 4686 ἡμῶν,

1975 4625 2266 4684 cuperent,
2324 4618 2645 4688 Byzantium
2710 4632 3017 4691 peteretur,
3075 4627 3211 4682 mira
3266 4623 3550 4702 voluptate

293 4713 584 4780 ἐπίταγμα
649 4708 740 4760 σὺν
787 4707 1211 4779 ἐκπληροῦντες,
1239 4710 1357 4762 ὅσοι
1408 4707 1474 4778 δὴ
1521 4708 1618 4761 καὶ
1675 4707 1867 4779 βουλή·

1979 4707 2256 4762 neminem
2312 4724 2422 4763 non
2465 4722 2812 4768 secuturum.
2868 4716 3047 4781 Quare
3085 4733 3144 4774 se
3183 4719 3337 4774 illum
3387 4737 3549 4778 orare

295 4819 473 4855 σονται
496 4819 511 4834 ·
549 4801 692 4866 πλὴν
733 4801 793 4854 οὐ
824 4801 964 4868 μετὰ
999 4801 1097 4869 τῆς
1131 4801 1254 4870 ῐσης
1310 4798 1645 4870 προθυμίας,
1705 4801 1867 4869 ἠναγ-

1980 4798 2244 4869 majorem
2293 4800 2349 4854 in
2404 4803 2651 4869 modum,
2694 4805 2855 4874 justre
2890 4807 3136 4878 ipsorum
3178 4815 3550 4885 praesentique

293 4897 593 4965 καομένως
615 4893 695 4947 δέ.
731 4895 830 4945 “Av
860 4893 906 4944 δ’
954 4892 1145 4963 ὥσπερ
1176 4891 1436 4961 ἀξιοῦμεν
1477 4891 1636 4945 αὐτοὶ
1680 4891 1778 4962 τὴν
1816 4895 1867 4954 ες

1977 4888 2146 4942 statui
2209 4891 2697 4958 opportunissima:
2773 4899 3134 4966 postulationi
3216 4903 3550 4975 obsequere-

296 4989 600 5051 Βυζάντιον
627 4987 820 5054 ίωμεν,
853 4987 1052 5046 πάντες
1090 5002 1148 5037 τε
1181 4985 1300 5052 ἅμα
1328 4983 1574 5051 ἑψόμεθα
1614 4985 1708 5036 καί
1739 4999 1867 5054 upo-

1980 4989 2069 5032 tur
2098 4979 2232 5051 (54).
2277 4981 2426 5036 ldem
2472 4983 2648 5040 duces
2696 4985 2940 5043 aiebant.
2992 4991 3295 5061 Imperator
3351 4996 3550 5053 videns

298 5082 471 5151 θυμία
521 5081 624 5132 σὺν
648 5079 838 5148 πολλῇ.
894 5077 988 5130 Διὸ
1041 5077 1105 5146 δή
1142 5093 1233 5129 σου
1287 5075 1546 5146 δεόμεθα,
1599 5077 1732 5146 προς
1759 5077 1861 5145 τὴν

1971 5087 2163 5126 eorum
2204 5075 2708 5146 Constantinpolis
2754 5080 3079 5138 invadendae
3127 5085 3415 5142 libidinem
3454 5091 3546 5144 ni-

296 5172 528 5236 ἀξίωσιν
561 5171 720 5240 ἡμῶν
748 5170 986 5234 ὑπεῖξαι,
1017 5168 1236 5221 δικαίαν
1273 5185 1332 5220 τε
1357 5167 1546 5226 οὖσαν,
1585 5168 1678 5220 καὶ
1711 5169 1765 5230 ἐς
1802 5168 1867 5220 τὰ

1975 5161 2055 5216 bil
2091 5179 2324 5230 prorsus
2369 5163 2747 5235 languescere,
2791 5187 2917 5226 cum
2954 5189 3152 5244 cogere
3180 5193 3289 5231 non
3329 5191 3538 5247 posset,

299 5265 559 5333 παρόντα
611 5262 1096 5331 λυσιτελεστάτην.
1133 5260 1375 5313 Τοιαῦτα
1425 5260 1524 5328 μὲν
1555 5263 1648 5312 καὶ
1679 5261 1730 5313 οι
1770 5260 1867 5328 τῆς

1975 5253 2044 5308 de
2081 5255 2464 5312 benevolentia
2499 5259 2923 5334 obedientiaque
2953 5269 3388 5335 commendatos,
3445 5273 3540 5341 qui

300 5357 574 5426 στρατιᾶς
607 5357 869 5425 ἡγεμόνες
906 5350 1083 5407 εἷπον.
1126 5353 1304 5424 Ὁρῶν
1343 5352 1401 5405 δὲ
1434 5353 1464 5404 ὁ
1491 5351 1743 5422 βασιλεὺς
1772 5353 1867 5420 την

1975 5349 2142 5402 etiam
2183 5365 2215 5403 a
2253 5350 2457 5419 quibus
2487 5352 2873 5422 abhorrerent,
2907 5358 3090 5414 studio
3119 5361 3222 5414 sibi
3255 5361 3541 5434 obtempe—

299 5452 392 5502 ἐπὶ
419 5450 484 5502 τὸ
522 5447 818 5511 Βυζάντιον
857 5447 1045 5508 αὐτοῖς
1073 5444 1252 5514 ὁρμὴν
1280 5444 1378 5495 οὐκ
1424 5442 1866 5512 ἁμδλυνομένην,

1973 5439 2132 5494 randi
2166 5440 2344 5495 facere
2373 5442 2718 5508 aunuissent,
2750 5446 3268 5521 Constantinopolin
3305 5456 3384 5512 ire
3413 5473 3540 5527 per-

302 5539 597 5609 βιὰζεσθσί
629 5555 686 5592 τε
739 5539 838 5592 οὐκ
886 5539 1044 5607 ἔχων,
1072 5537 1170 5606 τῆς
1219 5536 1436 5596 εὐνοίας
1470 5533 1588 5602 ἅμα
1638 5537 1732 5586 καὶ
1767 5533 1866 5602 τῆς

1973 5532 2144 5586 misit.
2191 5533 2393 5588 Vocem
2427 5535 2546 5602 ejus
2580 5537 2786 5593 milites
2817 5542 3204 5609 gratulabundi
3234 5549 3537 5621 excipiunt,

1568 5663 1780 5726 Jacobi
1819 5664 2081 5724 Pontani
2119 5671 2305 5724 nota.

377 5775 496 5839 (53)
542 5771 893 5830 Scribeudum
929 5775 982 5830 in
1006 5773 1195 5827 Grzeco
1223 5770 1458 5836 ὑπεῖξαι,
1491 5769 1671 5824 cedere
1701 5787 1718 5824 :
1754 5779 1946 5840 rogant
1979 5770 2126 5822 enim
2160 5778 2218 5823 ut
2253 5769 2356 5825 sibi
2379 5770 2520 5838 iusta
2564 5775 2879 5841 petentibus
2913 5794 3032 5836 mos
3054 5792 3293 5854 geratur.
