4038 6212
415 349 524 410 1ῖό
600 359 601 362 “

1535 417 1540 423 ,
1599 341 1920 403 JO.\NNIS
1959 330 2487 400 CANTACUZENI

3549 335 3650 399 176

415 476 471 520 et
497 462 815 534 Byzantium
854 469 1064 517 tantum
1097 477 1207 516 non
1245 459 1300 514 in
1335 459 1605 514 manibus
1628 460 1738 530 jam
1771 472 1831 513 se
1873 456 1974 511 ba-

2082 455 2400 528 εὐπειθειρις
2430 455 2726 520 ἐπαινέσας
2747 453 2974 520 αὐτοὺς,
3007 454 3092 509 ὅτι
3117 453 3212 509 καὶ
3245 453 3281 509 ἀ
3311 451 3387 524 μὴ
3415 450 3654 522 βούλοιν-

417 557 548 614 bere
599 550 913 624 opinantes,
960 553 1067 609 iter
1124 561 1342 623 parant.
1396 551 1540 621 Ergo
1588 549 1850 620 quoniam
1910 547 1979 601 ab

416 649 664 706 exercitu
696 649 995 719 impetrare
1020 646 1420 717 nequivissent,
1446 655 1507 700 ut
1532 643 1977 700 Thessalonicam

415 741 544 797 duci
575 739 784 802 mallet,
815 738 1313 810 intelligebantque
1355 738 1632 794 seniorem
1678 737 1976 806 imperato-

418 848 532 888 rem
566 831 757 888 venire
803 831 858 886 in
893 831 1230 900 periculum,
1264 831 1382 898 ipse
1413 839 1470 884 et
1515 842 1751 898 magnus
1789 826 1981 882 dome-

416 924 592 978 sticus
622 924 762 978 clam
811 924 966 978 illum
1012 937 1111 994 per
1159 921 1450 992 epistolam
1497 921 1564 976 de
1599 921 1705 976 hoc
1735 919 1977 975 adventu

413 1015 713 1070 admonere
774 1013 1105 1070 decernunt.
1163 1010 1220 1068 ld
1269 1012 1318 1069 si
1367 1010 1526 1066 miles
1577 1009 1977 1081 comperisset,

415 1104 674 1173 tanquam
728 1117 759 1156 a
808 1101 1153 1173 principibus
1203 1102 1321 1158 suis
1360 1101 1634 1171 proditus,
1687 1115 1826 1170 quas
1866 1114 1978 1155 non

407 1195 606 1249 turbas
636 1194 966 1248 excitasset?
987 1193 1122 1248 Eam
1147 1192 1437 1262 epistolam
1466 1191 1710 1247 dictante
1735 1191 1977 1261 impera-

403 1297 529 1341 tore
569 1286 792 1356 iuniore
826 1286 1168 1342 domesticus
1196 1295 1386 1340 exarat
1426 1285 1481 1341 in
1519 1285 1636 1340 haec
1664 1285 1873 1341 verba:
1909 1284 1976 1341 Ut

409 1360 643 1432 antehac
685 1377 909 1448 saepius,
957 1379 1039 1432 sic
1070 1392 1220 1432 nunc
1254 1378 1427 1432 Deum
1473 1375 1746 1431 dictorum
1780 1385 1976 1431 testem

409 1470 646 1540 appello,
682 1468 1058 1522 sacratissime
1108 1467 1432 1537 imperator,
1477 1482 1658 1535 neque
1703 1481 1828 1522 cum
1865 1465 1977 1520 illic

405 1565 689 1631 degerem,
729 1561 1074 1615 stimulatum
1115 1576 1204 1616 me
1233 1559 1572 1615 conscientia
1607 1559 1833 1614 admissi
1872 1559 1976 1614 ali-

398 1656 590 1725 cujus,
624 1669 736 1723 quo
781 1662 935 1708 tuum
986 1652 1175 1706 odium
1205 1651 1553 1722 provocarim
1586 1668 1600 1704 :
1633 1665 1814 1721 neque
1851 1649 1976 1705 ideo

404 1745 537 1798 inde
597 1744 832 1807 abiisse,
886 1752 948 1798 ut
1007 1744 1160 1798 omni
1217 1745 1433 1798 ratione
1489 1741 1821 1797 detrimenta
1873 1740 1973 1795 tibi

2086 561 2151 598 το
2200 545 2288 598 διά
2335 546 2438 616 τὴν
2465 547 2546 610 είς
2591 546 2754 600 αὐτὸν
2805 548 3124 602 εὐπείθειαν
3163 546 3447 602 συνέθεντο
3492 548 3650 618 δρᾷν,

2087 639 2187 706 τὴν
2219 639 2301 704 είς
2331 639 2432 710 τὴν
2472 641 3055 696 Κωνσταντινούπολιν
3095 642 3271 711 ἐφῆκε
3307 641 3553 713 πορείαν.
3583 642 3649 694 Oi.

2085 729 2143 784 δέ
2169 730 2403 801 ἄσμενοι
2431 730 2718 803 δεξάμενοι
2755 731 2847 786 τὸν
2870 732 3054 802 λόγον,
3087 733 3183 788 καὶ
3233 734 3522 803 μονονουχὶ
3543 733 3649 786 Bu-

2086 823 2310 887 ζαντίου
2365 823 2614 888 δόξαντες
2663 825 3106 896 κεκρατηκέναι,
3169 825 3653 896 παρεσκευάζοντο

2091 914 2234 984 πρὸς
2258 913 2356 985 τὴν
2407 917 2660 986 πορείαν.
2707 915 2864 970 Ἐπεὶ
2895 917 2954 971 δέ
3007 917 3108 970 οὐκ
3157 916 3505 988 ἠδυνήθησαν
3549 918 3652 987 τὴν

2086 995 2227 1066 πρὸς
2255 997 2659 1070 Θεσσαλονίκην
2721 999 2939 1054 ἑλέσθαι
2991 1003 3182 1056 πεῖσαι
3227 1003 3328 1072 τὴν
3361 1003 3646 1072 στρατιὰν,

2088 1088 2380 1159 συνεώρων
2403 1107 2462 1143 τε
2495 1091 2598 1161 ἤδη
2642 1091 2724 1162 τῷ
2752 1092 3110 1164 πρεσϐυτέρῳ
3143 1093 3358 1162 βασιλεῖ
3391 1093 3448 1156 ἐς
3469 1093 3653 1146 κίνδυ-

2086 1197 2177 1233 νον
2204 1183 2275 1234 τά
2303 1181 2608 1252 πράγματα
2653 1185 2999 1253 χωρήσοντα,
3032 1186 3151 1254 ἆμα
3193 1185 3270 1255 τῷ
3303 1185 3534 1257 μεγάλῳ
3562 1185 3655 1237 δο-

2087 1273 2337 1346 μεστίκῳ
2367 1277 2395 1327 6
2429 1273 2687 1345 βασιλεὺς
2730 1264 3127 1329 ἐϐουλεύσαντο
3171 1278 3252 1348 τῷ
3291 1277 3654 1347 πρεσϐυτέρῳ

2086 1365 2298 1436 βασιλεῖ
2343 1366 2434 1420 διά
2487 1366 2836 1438 γραμμάτων
2866 1370 3054 1440 κρύφα
3107 1369 3206 1438 τὴν
3248 1367 3438 1437 ἔφοδον
3467 1368 3651 1421 αὐτῶν

2083 1457 2350 1529 δηλῶσαι.
2371 1459 2552 1529 Ὅπερ
2577 1460 2626 1511 εί
2659 1460 2962 1530 κατάδηλον
2987 1460 3290 1532 συνηνέχθη
3308 1461 3560 1527 γενέσθαι
3580 1463 3647 1532 τῇ

2084 1551 2336 1622 στρατιᾷ,
2355 1551 2591 1621 τάραχον
2613 1549 2679 1605 ἀν
2695 1552 2949 1621 ἐποίησεν
2968 1554 3068 1607 οὐκ
3095 1553 3300 1623 ὀλίγον,
3317 1555 3392 1617 ὡς
3416 1555 3520 1608 ὐπὸ
3542 1556 3653 1608 τῶν

2085 1642 2366 1712 σφετέρων
2382 1643 2659 1713 ἀρχόντων
2671 1645 3033 1716 καταπροδιδο
3039 1647 3218 1716 μένοις
3234 1646 3402 1719 [κατα
3411 1647 3654 1719 προδιδο-

2085 1732 2482 1806 μένη].ῐ“ράφει
2499 1734 2564 1806 δὴ
2585 1734 2836 1803 βασιλεὺς
2853 1739 2880 1790 6
2895 1741 3013 1800 νέος
3033 1738 3126 1793 τοῦ
3145 1741 3381 1809 μεγάλου
3399 1740 3652 1811 δομεστί-

397 1836 750 1900 ιὶηνειιετειη,
799 1836 894 1891 sed
936 1835 1008 1890 ob
1055 1835 1110 1890 id
1159 1836 1366 1900 solum,
1398 1843 1460 1889 ut
1495 1834 1822 1905 impendens
1857 1850 1974 1890 cer-

2082 1842 2177 1878 κου
2214 1826 2284 1878 τά
2317 1827 2626 1897 γράμματα
2683 1825 3141 1897 ἐγχαράττοντος,
3172 1828 3250 1899 τῷ
3284 1831 3497 1899 πάππῳ
3539 1846 3652 1882 τοι-

401 1931 617 1986 vicibus
667 1930 807 1984 meis
849 1929 1148 1984 discrimen
1182 1929 1509 1998 eil‘ugerem,
1559 1926 1706 1998 quod
1752 1925 1975 1998 quidem

402 2022 526 2076 loco
577 2035 781 2076 securo
836 2021 1176 2076 constitutus
1236 2018 1438 2088 etl'ugi,
1495 2028 1549 2073 te
1601 2025 1828 2083 contra,
1887 2032 1974 2073 me

399 2112 653 2182 quamvis
681 2113 904 2183 penitus
934 2113 1180 2177 nolente,
1213 2110 1512 2166 discrimen
1543 2110 1799 2164 involvit.
1832 2109 1974 2166 Ecce

399 2204 574 2268 enim,
610 2218 736 2259 cum
784 2203 922 2258 nihil
981 2218 1090 2258 non
1150 2202 1433 2267 tentarim,
1482 2211 1542 2256 ut
1591 2201 1858 2260 exercitui
1917 2200 1971 2255 in

401 2296 759 2352 Occidentem
792 2296 1087 2351 transitum
1115 2293 1531 2365 persuaderent,
1562 2292 1700 2348 nihil
1730 2294 1833 2365 egi.
1863 2292 1974 2349 Nos

402 2390 571 2461 igitur
598 2397 792 2444 contra
824 2398 876 2444 te
903 2387 1104 2466 venire1
1134 2401 1362 2442 necesse
1387 2396 1473 2441 est
1497 2385 1748 2440 omnino.
1779 2385 1848 2440 At
1869 2399 1971 2456 ego

399 2478 758 2534 excusatione
811 2477 1149 2534 valetudinis
1201 2477 1460 2532 simulate
1521 2484 1706 2540 utens,
1763 2476 1972 2531 lentius

398 2570 858 2634 castrametabor,
913 2578 970 2624 et
1019 2579 1147 2639 post
1197 2568 1437 2640 primum
1495 2567 1781 2624 incursum
1827 2567 1970 2622 dabo

402 2677 648 2733 operam,
693 2671 753 2716 ut
787 2661 1054 2716 citissime
1095 2661 1376 2716 recedam.
1413 2660 1535 2715 Tibi
1576 2660 1792 2716 interea
1819 2660 1971 2730 pala-

401 2756 535 2810 tium
563 2755 819 2825 praesidio
853 2755 1074 2808 lirmare
1103 2754 1316 2820 licebit,
1339 2753 1452 2826 69
1480 2754 1767 2824 portisque
1792 2752 1966 2820 urbis,

397 2864 542 2916 quos
569 2848 742 2904 babes
771 2848 847 2902 tui
893 2847 1334 2903 studiosissimos
1374 2848 1690 2918 praeﬁcere;
1730 2846 1971 2902 attribu-

388 2941 470 2997 ais
496 2941 699 3012 cuique
726 2949 807 2996 tot
841 2940 1213 2996 mercenariis
1247 2939 1518 2995 militibus
1548 2939 1691 2995 bene
1721 2940 1966 3002 armatis,

396 3039 532 3101 quot
569 3030 638 3084 ad
675 3030 1078 3086 retundendam
1125 3030 1456 3086 irruentium
1495 3030 1606 3085 vim
1633 3029 1746 3100 (55)
1779 3023 1966 3099 requi-

398 3129 608 3174 rentur.
645 3119 807 3175 Modo
839 3119 1113 3191 ingressui
1145 3129 1336 3174 nostro
1359 3119 1544 3174 obstet
1573 3118 1804 3188 aliquid,
1839 3133 1968 3173 con-
1996 3149 2040 3207 ε

380 3213 554 3267 ~tinuo
599 3210 930 3274 exercitum,
964 3219 1029 3266 ut
1073 3209 1142 3265 ab
1174 3209 1310 3265 urbe
1357 3209 1771 3281 inexpugnabili
1811 3225 1970 3264 revo-

395 3304 553 3359 cabo.
594 3303 784 3373 itaque
817 3318 950 3374 rogo
990 3312 1063 3367 te,
1099 3318 1170 3357 ne
1201 3303 1371 3358 verba
1403 3319 1544 3369 mea,
1582 3303 1735 3356 velut
1777 3302 1876 3358 abs
1918 3311 1971 3358 te

392 3397 560 3452 alieni
590 3404 940 3466 suspectans,
977 3395 1031 3450 in
1068 3395 1239 3450 tutela
1271 3397 1588 3465 apparanda
1619 3395 1839 3466 segnior
1871 3395 1970 3450 sis.

395 3489 530 3543 Nam
565 3504 674 3557 quo
711 3488 899 3542 animo
929 3487 1080 3542 cives
1105 3496 1228 3540 tuos
1263 3502 1385 3541 esse
1415 3487 1603 3552 audio,
1635 3487 1970 3557 simulatque

365 3596 495 3636 nos
521 3579 700 3635 oculis
733 3578 1077 3649 usurparint,
1113 3577 1272 3648 plane
1315 3577 1740 3633 intromissuros
1778 3577 1968 3632 credo.

376 3672 522 3727 llaec
558 3686 729 3740 nepos
771 3684 897 3733 avo,
935 3667 1226 3740 quemdam
1267 3668 1336 3723 de
1376 3667 1602 3723 famulis
1657 3669 1837 3739 magni
1872 3668 1971 3722 do-

395 3764 608 3818 mestici
641 3762 1023 3818 ﬁdelissimum
1055 3761 1330 3816 adhibens
1361 3761 1730 3815 tabellarium.
1763 3760 1970 3815 Dehinc

393 3871 460 3910 ex
496 3853 721 3926 Odrysis
773 3853 1070 3918 excedens,
1119 3869 1243 3907 cum
1278 3853 1676 3923 quinquaginta
1716 3851 1968 3922 equitum

379 3947 642 4024 -.millibus
667 3945 800 4017 (56),
833 3954 928 4000 aut
958 3945 1244 4014 aliquanto
1272 3945 1650 4015 paucioribus,
1691 3955 1750 3998 ut
1789 3943 1968 4013 conji-

373 4031 526 4094 cere
558 4039 758 4114 licebat
793 4043 917 4107 (nec
961 4037 1208 4092 enimad
1247 4053 1484 4107 unguem
1531 4036 1658 4090 iniri
1704 4049 1968 4090 numerus

376 4141 635 4200 poterat,
687 4129 836 4200 quod
885 4129 1042 4183 multi
1096 4144 1209 4182 non
1260 4127 1590 4196 conscripti,
1646 4125 1967 4195 imperatori

391 4221 787 4293 gratiﬁcantes,
829 4235 937 4274 una
987 4220 1343 4286 militabant),
1387 4218 1732 4287 Byzantium
1771 4217 1968 4272 castris

385 4326 559 4382 quam
587 4311 965 4377 creberrimis,
1006 4324 1071 4364 ac
1115 4310 1161 4365 si
1197 4310 1338 4364 male
1383 4309 1617 4372 valeret,
1662 4307 1967 4377 procedere

394 4404 656 4474 perrexit.

2078 1915 2225 1971 αὖτα
2249 1931 2266 1948 ·
2295 1912 2369 1970 *Ω
2423 1918 2676 1972 θειότατε
2715 1919 2963 1991 βασιλεύ,
2995 1920 3188 1992 ῶσπερ
3227 1921 3514 1985 πολλάκις,
3552 1923 3650 1976 καὶ

2077 2011 2333 2085 νύν-Θεὸν
2360 2014 2824 2086 ἐπιμαρτύρομαι
2860 2017 2974 2079 τοῖς
3029 2015 3374 2087 λεγομένοις,
3417 2017 3490 2081 ὡς
3535 2018 3666 2091 οὔτ’,

2077 2104 2271 2160 αὐτόθι
2305 2104 2497 2175 παρὼν
2557 2106 2781 2178 ἐμαυτῷ
2809 2123 2861 2160 τι
2893 2107 3112 2162 σύνοιδα
3140 2108 3277 2179 πρὸς
3307 2108 3405 2180 σὴν
3444 2109 3648 2179 ἔχθραν

2077 2198 2518 2271 ἐξειργασμένῳ,
2551 2199 2667 2253 οὔτ’
2702 2201 2795 2255 ἐπὶ
2826 2205 3038 2266 τούτοις
3079 2202 3327 2273 ἀπέστην
3357 2203 3434 2266 ὼς
3459 2205 3646 2274 τρόπῳ

2076 2295 2242 2346 παντὶ
2277 2291 2551 2347 κακώσων
2583 2293 2653 2347 τὰ
2683 2293 2750 2347 σά
2770 2310 2784 2325 ⁶
2812 2293 2928 2348 ἀλλ’
2962 2295 3051 2348 ἵνα
3086 2296 3247 2365 μόνον
3277 2297 3367 2350 τὸν
3401 2299 3645 2367 ἐπηρτη-

2078 2384 2242 2456 μένον
2293 2385 2424 2455 ἐμοὶ
2465 2384 2712 2440 κίνδυνον
2761 2387 2978 2458 δυνηθῶ
3016 2389 3304 2458 διαφυγεῖν
3359 2406 3374 2422 ·
3437 2391 3555 2443 νυνὶ
3587 2391 3643 2444 δέ

2072 2477 2235 2530 τοῦτο
2270 2477 2372 2547 μὲν
2396 2477 2522 2547 ἐμοὶ
2547 2477 2830 2547 περίεστιν
2863 2479 2920 2532 ἐν
2945 2480 3025 2550 τῷ
3058 2481 3293 2551 ἀσφαλεῖ
3316 2482 3431 2536 δντι
3458 2499 3474 2515 ο
3509 2485 3565 2536 σέ
3593 2482 3638 2534 δ’

2074 2570 2140 2622 ἐκ
2175 2566 2270 2621 τοῦ
2301 2569 2547 2622 ἐναντίου
2581 2568 2738 2640 παρά
2769 2571 2954 2625 πᾶσαν
2988 2571 3128 2644 ἐμὴν
3182 2571 3442 2645 βούλησιν
3471 2576 3499 2629 6
3527 2576 3647 2629 κίν-

2072 2660 2232 2725 δυνος
2286 2661 2680 2732 περιέστηκεν.
2721 2661 2853 2717 Ἰδοὺ
2908 2663 3018 2734 γὰρ
3080 2665 3267 2740 πάσῃε
3295 2668 3645 2739 χρησάμενος

2077 2757 2296 2826 μηχανῇ
2329 2754 2405 2818 ῶς
2443 2771 2502 2808 τε
2539 2754 2638 2826 τὴν
2677 2756 2939 2826 στρατιάν
2967 2759 3103 2828 πρὸς
3127 2758 3226 2830 τὴν
3248 2761 3490 2830 ἑσπέραν
3513 2778 3645 2832 τρα-

2078 2845 2282 2900 πέσθαι
2316 2849 2526 2913 πεῖσαι,
2568 2846 2848 2911 ἀδυνάτως
2885 2847 3064 2918 ἔσχον.
3109 2851 3350 2921 Ἀνάγκη
3396 2853 3460 2922 δὴ
3495 2855 3644 2906 πᾶσα

2078 2937 2211 3007 ύμῖν
2241 2937 2516 2991 ἐπελθεῖν.
2561 2937 2704 3006 Ἐγὼ
2748 2938 2848 3008 μὲν
2895 2938 2989 2992 οὖν
3037 2941 3395 3013 σχολαίτερον
3423 2943 3644 3015 βαδιοῦ-

2073 3045 2177 3097 μαι
2213 3031 2397 3084 νοσεῖν
2431 3029 2832 3100 πλαττόμενος.
2881 3031 3164 3088 Είσϐαλὼν
3209 3034 3267 3088 δὲ
3305 3037 3642 3107 πειράσομαι

2072 3121 2172 3192 τὴν
2201 3122 2471 3193 ταχίστην
2499 3125 2834 3193 ἀναχωρεῖν.
2860 3122 2953 3177 Σοὶ
2991 3125 3039 3178 δ’
3069 3127 3128 3180 ἐν
3153 3127 3394 3198 τοσούτῳ
3425 3132 3642 3199 φρουρᾷ

2075 3225 2134 3262 τε
2159 3208 2380 3274 ἐξέσται
2416 3209 2828 3278 ἀσφαλίσασθαι
2857 3211 2925 3266 τά
2959 3212 3232 3284 βασίλεια,
3265 3218 3360 3270 καὶ
3397 3222 3518 3282 ταῖς
3544 3220 3641 3284 τοῦ

2074 3299 2374 3364 Βυζαντίου
2422 3301 2624 3362 πύλαις
2664 3303 2792 3368 τοὺς
2844 3304 3084 3373 μάλιστα
3131 3307 3522 3374 εὐνουστάτους
3552 3328 3636 3364 σοι

2072 3393 2369 3463 ἐπιστῆσαι
2444 3395 2814 3467 μισθοφόρους
2867 3397 3091 3466 ἔχοντας
3131 3400 3360 3466 ὁπλίτας
3419 3405 3639 3469 ἱκανοὺς

2071 3485 2192 3547 ταῖς
2218 3485 2328 3538 τῶν
2350 3485 2821 3542 ἐπιϐουλευόντων
2852 3490 3054 3560 ὁρμαῖς
3073 3494 3410 3565 ἀντιστῆναι.
3441 3498 3555 3552 Κάν
3583 3517 3640 3553 τι

2075 3574 2241 3646 μόνον
2277 3575 2417 3646 πρὸς
2465 3577 2527 3630 τὸ
2551 3578 2902 3644 είσδέξασθαι
2954 3584 3105 3651 ἡμᾶς
3155 3584 3383 3658 κώλυμα
3414 3589 3639 3659 εὑρεθῇ,

2069 3663 2147 3728 ὡς
2178 3667 2316 3735 πρὸς
2345 3666 2609 3722 ἀδύνατον
2631 3672 2730 3740 τὴν
2751 3674 3104 3745 ἐπιχείρησιν
3119 3677 3314 3743 ἀπάξω
3340 3681 3441 3752 τὴν
3471 3698 3641 3753 στρα-

2069 3757 2219 3814 τιάν.
2262 3758 2465 3831 Δέομαι
2497 3759 2564 3831 δὴ
2597 3763 2673 3834 μὴ
2703 3763 2834 3827 τοὺς
2882 3765 3076 3835 λόγους
3110 3769 3528 3826 ὑποπτεύσαντα
3563 3774 3639 3838 ὡς

2070 3848 2206 3918 ἐμοῦ
2263 3849 2663 3920 διαφερομένου
2725 3855 3198 3929 ἀπορρᾳθυμῆσαι
3246 3863 3380 3932 πρὸς
3438 3866 3499 3919 τὸ
3537 3868 3636 3938 τὴν

2069 3940 2377 4010 ἀσφάλειαν
2435 3943 2870 4013 ἐξαρτύσασθαι.
2941 3949 3253 4023 Πέπεισμαι
3317 3955 3427 4024 γάρ
3471 3959 3638 4027 αὐτὸς

2070 4034 2315 4104 ἀκριϐῶς
2353 4036 2418 4089 ἐκ
2472 4037 2579 4090 τῶν
2623 4036 2836 4103 αὐτόθι,
2881 4039 2956 4106 ὡς
2989 4041 3106 4112 ἅμα
3129 4046 3208 4117 τῷ
3252 4049 3487 4119 φανῆναι
3521 4054 3639 4105 εισ-

2069 4128 2318 4192 δέξονται
2347 4130 2518 4198 ἡμᾶς.
2551 4129 2792 4185 Τοιαῦτα
2825 4135 2924 4200 μὲν
2978 4137 3006 4188 ὁ
3041 4139 3164 4201 νέος
3211 4139 3473 4209 βασιλεὺς
3506 4146 3638 4198 ἐπέ-

2073 4218 2257 4271 στελλε
2293 4218 2372 4288 τῷ
2405 4218 2639 4290 πάππῳ,
2673 4223 2782 4274 τῶν
2847 4229 3188 4283 πιστοτάτων
3249 4233 3479 4287 οἰκετῶν
3523 4255 3634 4292 τινι

2071 4307 2164 4362 τοῦ
2215 4309 2460 4379 μεγάλου
2488 4310 2836 4381 ’δομεστίκου
2876 4319 3228 4388 χρησάμενος
3279 4322 3636 4398 διακομιστῇ.

2077 4401 2252 4464 Αὐτὸς
2275 4401 2332 4454 δέ
2367 4400 2508 4471 ἄρας
2547 4401 2608 4468 ἐξ
2647 4403 2924 4473 Ὀδρυσῶν
2973 4409 3092 4479 ἅμα
3140 4421 3640 4489 πεντακισμυρίοις

397 4499 660 4554 ἱππεῦσιν
709 4499 743 4569 ἢ
773 4498 942 4570 όλίγῳ
972 4499 1209 4566 δέουσιν,
1253 4496 1330 4561 ῶς
1386 4496 1642 4560 εἰκάζετο
1693 4497 1774 4566 (οὐ
1824 4497 1936 4570 γὰρ
1975 4498 2102 4569 ἐξῆν
2170 4498 2417 4569 ἀκριϐῶς
2454 4498 2547 4551 τὸν
2613 4501 2848 4570 ἀριθμὸν
2900 4505 3127 4574 εἰδέναι,
3185 4507 3273 4564 οἶα
3313 4513 3376 4584 δὴ
3422 4515 3642 4570 πολλῶν

395 4594 491 4646 καὶ
513 4593 622 4647 τῶν
651 4593 726 4664 μὴ
748 4595 885 4664 πρὸς
917 4594 1183 4663 στρατιὰν
1212 4592 1567 4662 τεταγμένων
1589 4595 2115 4664 συστρατευομένων
2143 4593 2278 4664 πρὸς
2303 4593 2466 4664 χάριν
2488 4592 2569 4664 τῷ
2627 4594 2894 4666 βασιλεῖ),
2941 4598 3028 4670 ᾔει
3087 4600 3187 4673 τὴν
3225 4608 3285 4669 ἐς
3344 4603 3644 4672 Βυζάντιοὺ

395 4688 603 4750 πυκνὰς
633 4687 730 4740 καὶ
760 4686 1013 4755 συνεχεῖς
1039 4685 1136 4747 τὰς
1170 4683 1599 4756 στρατοπεδείας
1627 4685 1957 4755 ποιούμενος
1996 4681 2086 4740 οἷα
2112 4685 2178 4748 δὴ
2204 4685 2400 4742 νοσῶν.

1792 4803 2016 4860 CAPUT
2056 4803 2220 4860 XXII.

399 4895 615 4972 Insidiae
667 4894 1134 4972 inAndronicunm
1187 4895 1455 4972 minorem
1491 4912 1522 4948 a
1570 4891 2007 4972 Spirentisthlabo
2041 4896 2326 4972 Haeserunt
2375 4914 2516 4968 rege.
2558 4900 2784 4972 Legatlo
2851 4903 2938 4958 avi
2995 4903 3057 4957 de
3093 4907 3320 4963 adventu
3349 4911 3420 4965 ad
3454 4913 3636 4968 urbem

468 4965 690 5036 paulum
724 4964 1245 5036 diﬁ'erendo.Concio
1279 4966 1482 5036 nepotis
1523 4966 1592 5032 ad
1634 4966 1926 5019 exercitum
1973 4966 2036 5018 de
2083 4969 2247 5020 armis
2293 4964 2726 5038 deponendist
2757 4989 2885 5043 pace
2929 4974 3337 5044 complectenda.
3383 4964 3637 5038 οηιέιέώὶὲ

471 5051 732 5090 αδεεηειισ.

464 5127 620 5180 lnter
653 5125 772 5180 haec
806 5140 836 5179 a
872 5123 1350 5194 Spbentistblabo,
1386 5123 1680 5212 Mmsorum
1715 5141 1839 5194 rege
1879 5123 1961 5179 af—
1995 5129 2041 5183 υ

2151 5128 2241 5182 Ἐν
2269 5127 2480 5194 τούτοις
2523 5133 2577 5185 δέ
2630 5135 2948 5204 ἀφικνεῖται
2978 5140 3114 5211 πρὸς
3139 5144 3301 5198 αὐτὸν
3347 5100 3440 5199 καὶ
3473 5149 3634 5220 παρά

1655 5235 1871 5296 Jacobi
1906 5236 2172 5299 Pontani
2209 5249 2396 5302 noue.

471 5339 582 5409 i255)
623 5339 740 5394 Non
766 5338 1241 5406 ἐπιϐουλευόντων,
1264 5339 1360 5394 sed
1408 5337 1774 5391 ἐπιϐαλόντων
1795 5338 1958 5409 lego,

401 5407 775 5480 —‘lnterpres
801 5409 936 5480 legit
975 5411 1364 5480 ἐπιϐαλόντων.
1395 5423 1703 5480 quanquam
1735 5407 1811 5460 nil
1837 5407 1960 5461 mu-

405 5481 651 5550 tandum.
670 5477 837 5550 _lnte_l_l
867 5477 918 5546 gi
937 5481 1083 5535 enim
1114 5488 1294 5550 potest
1322 5478 1388 5532 de
1427 5479 1492 5531 iis
1531 5493 1626 5546 qui
1679 5477 1819 5530 intra
1871 5494 1962 5531 ur-

399 5554 520 5605 bem
553 5547 682 5617 quid
707 5547 1052 5604 molirentur.

473 5615 586 5688 (56}
625 5617 894 5691 Expresse
923 5619 1010 5691 sic
1031 5617 1437 5691 babetﬁrazcus
1469 5616 1659 5691 codex,
1683 5615 1809 5691 ﬁgat
1838 5633 1962 5668 πεν-

397 5684 780 5755 τακισμυρίοις
845 5687 1128 5739 ἱππεῦσιν.
1194 5687 1261 5741 Ει
1318 5686 1568 5754 quamvis
1594 5684 1957 5754 'snbjiciatur,

388 5768 489 5813 aut
527 5757 800 5825 aliquanto
839 5757 1196 5824 paucioribus,
1255 5756 1728 5825 subiungaturun
1771 5771 1953 5818 causa,

2071 5345 2386 5426 quia'etiam
2415 5361 2522 5426 non
2550 5351 2852 5426 conscripti
2885 5370 2944 5409 se
2976 5356 3344 5426 adjunxerint.
3378 5364 3644 5423 volunta-

2157 5415 2451 5507 Avideﬁliﬂqett,
2473 5433 2569 5471 seu
2595 5415 2816 5507 volones
2835 5415 3078 5507 plurimi,
3105 5415 3404 5499 tamenpro

2073 5491 2183 5538 tate
2214 5491 2424 5552 imperii
2459 5503 2583 5562 quae
2610 5497 2737 5562 tunc
2765 5491 2901 5556 erat,
2942 5497 3027 5548 vix
3053 5491 3136 5550 est
3176 5491 3459 5557 credibile.
3491 5491 3642 5562 itur-

2261 5562 2502 5641 extanta
2553 5557 2856 5641 defectione
2901 5565 2966 5616 ad
3002 5567 3309 5641 juniorem,
3364 5557 3634 5641 quantam

2068 5635 2229 5705 supra
2247 5623 2584 5705 audivimus,
2618 5644 2733 5705 non
2761 5632 2825 5705 lit
2852 5642 2961 5688 tam
3000 5623 3338 5698 incredibile.
3371 5623 3636 5705 1:l};

2068 5691 2354 5762 legendum
2400 5700 2873 5766 πεντακισχιλίοις.
