4038 6212
311 284 400 344 177
1503 289 2043 364 lllSI‘ORlARUM
2095 307 2324 369 LIBER
2371 311 2416 369 Ι.
2514 308 2519 314 ’

3419 315 3534 379 178‘

310 394 742 461 Σφεντισθλάϐου
809 398 900 451 τοῦ
956 401 1159 455 Μυσῶν
1196 402 1460 475 βασιλέως
1511 410 1589 479 (ὃς
1621 406 1690 477 ἦν
1720 411 1868 482 αὑτῷ

1973 417 2082 471 line
2131 434 2231 474 suo
2291 421 2536 492 (propter
2585 421 3232 479 Theodoram'sororem
3283 439 3408 478 cum
3465 445 3532 481 eo

310 487 574 558 κηδεστὴς
615 489 707 542 ἐπὶ
755 489 1007 564 Θεοδὼρα
1032 498 1099 566 τῇ
1143 497 1372 571 ἀδελφῇ)
1403 501 1634 572 πρέσδις
1660 504 1870 574 Maps!-

312 597 418 643 νος,
465 580 814 650 τριακοσίους
849 583 999 651 ἄγων
1031 589 1235 652 ἱππέας
1281 594 1704 662 καταφράκτους
1752 595 1870 648 Μυ-

315 675 457 734 σοὺς,
488 672 764 741 πρόςοασιν
820 672 919 742 μὲν
965 675 1042 738 ὡς
1087 682 1551 751 συμμαχήσοντας
1577 683 1728 754 αὑτῷ
1755 685 1872 737 ὲπι-

309 763 532 829 κουρίας
576 761 818 831 δεομένῳ
867 765 955 818 διὰ
992 766 1089 821 τὸν
1147 770 1388 841 πόλεμον
1436 775 1531 826 τὸν
1580 775 1719 845 πρὸς
1773 776 1870 829 τδν

312 855 558 907 πάππονο
594 855 997 924 έπηγγέλλοντό
1038 877 1120 925 τε,
1170 863 1245 924 ὡς
1279 865 1326 915 ει
1365 861 1658 920 δέοιτόκαὶ
1689 868 1871 922 πλεῖο-

311 961 394 1007 νος
431 947 714 1014 στρατιᾶς,
769 947 1006 1019 ἑτοίμως
1063 952 1391 1021 παρέξοντος
1453 954 1550 1008 τοῦ
1583 957 1867 1026 κηδεστοῦ·

310 1037 370 1105 τῇ
408 1037 455 1087 δ’
490 1036 721 1108 ἀληθείᾳ
745 1080 758 1103 ,
797 1038 872 1097 ὡς
923 1038 990 1092 ἂν
1039 1041 1191 1096 ἴδωσι
1221 1043 1315 1097 τὸν
1345 1043 1576 1115 βασιλέα
1605 1049 1870 1118 στρατιᾶς

310 1125 636 1197 ἀποροῦντα,
707 1130 1073 1196 συλλαϐόντας
1128 1135 1266 1206 πρὸς
1317 1137 1484 1192 αὐτὸν
1535 1141 1867 1208 ἀπαγαγεῖν.

313 1219 475 1284 Δῆλον
510 1219 566 1272 δὲ
600 1219 826 1288 γέγονεν
847 1223 917 1274 ἐκ
956 1225 1067 1275 τῶν
1111 1226 1252 1294 μετὰ
1285 1227 1483 1282 ταῦτα’
1530 1231 1656 1285 ἰδὼν
1695 1232 1802 1303 γὰρ
1843 1233 1872 1286 ὁ

231 1367 254 1394 ⁸
312 1312 583 1380 Μαρτῖνος
632 1313 733 1382 τὴν
786 1314 1062 1386 ἑπομένην
1091 1317 1167 1388 τῷ
1201 1317 1413 1388 βασιλεῖ
1459 1323 1739 1394 στρατιὰν,
1777 1327 1873 1377 dv-

311 1400 582 1470 εχώρησεν
639 1403 806 1462 εὐθὺς
860 1407 947 1457 ἐπ’
995 1407 1176 1461 οῐκου.
1239 1409 1298 1462 ⁸0
1355 1410 1609 1479 βασιλεὺς
1655 1414 1711 1468 δὲ
1772 1415 1872 1486 τήν

310 1494 416 1544 ὁδὸν
446 1494 867 1548 διανύωντκατὰ
897 1500 1092 1568 μικρὸν
1119 1539 1133 1561 ,
1186 1502 1251 1573 τῇ
1309 1502 1416 1573 πρὸ
1462 1503 1562 1572 τῆς
1599 1504 1870 1578 Πεντήκο-

269 1617 273 1620 ‹
311 1585 436 1653 στῆς
483 1587 952 1655 ἐστρατοπέδευσε
1007 1591 1156 1661 παρὰ
1217 1593 1310 1645 τὸν
1343 1593 1562 1649 Μέλανα
1602 1587 1868 1669 ποταμόνέ

315 1677 579 1731 Ἐνταῦθα
641 1677 706 1749 δὴ
769 1681 1079 1749 ἀφικνεῖται
1134 1685 1271 1754 πρὸς
1316 1686 1408 1739 τὸν
1468 1689 1587 1742 νέον
1645 1689 1872 1759 βασιλέα

310 1769 537 1834 Εὑγενία
581 1771 796 1841 μοναχὴ
821 1749 1234 1842 Παλαιολογίνα,
1271 1777 1304 1846 ή
1337 1777 1602 1847 βασιλέως
1635 1749 1871 1856 ἀδελφῆς
1905 1749 1948 1807 B

307 1860 546 1930 Μιχαὴλ,
585 1861 682 1913 τοῦ
733 1861 954 1930 πρώτου
989 1865 1097 1918 τῶν
1141 1867 1549 1937 Παλαιολόγων,
1581 1876 1728 1938 παῖς,
1773 1891 1871 1943 μεο

313 1953 452 2023 γαλη
508 1953 924 2023 διμεστίκισσα.
975 1959 1411 2028 Διεπρεσϐεύετο
1469 1963 1526 2016 δὲ
1574 1965 1724 2034 παρὰ
1772 1966 1866 2020 τοῦ

313 2045 582 2109 ﬁnium;
612 2049 860 2101 τοιαῦτα·
908 2049 1044 2122 Περὶ
1098 2052 1198 2122 μὲν
1229 2053 1341 2106 τῶν
1375 2057 1869 2128 προγεγενημένων

323 2136 456 2199 πρδς
497 2139 639 2206 ἡμᾶς
685 2140 963 2211 διαφορῶν
1010 2146 1075 2196 ἐκ
1111 2143 1272 2199 τίνων
1301 2146 1534 2216 ήρξαντο
1564 2149 1744 2218 λέγειν
1785 2151 1870 2204 al-

325 2225 480 2289 τιῶν,
510 2227 573 2279 οὗ
602 2227 689 2280 τοῦ
735 2230 1002 2301 παρόντος
1065 2230 1207 2290 εῖναι
1252 2239 1448 2309 καιροῦ
1503 2241 1728 2310 νομίζω
1783 2241 1866 2312 ἐφ’

327 2313 408 2379 οἷς
443 2319 499 2371 δὲ
534 2321 782 2391 πρότερον
834 2324 1176 2403 έπέσταλκας
1227 2329 1429 2399 πολλὴν
1479 2332 1640 2402 χάριν
1679 2333 1871 2402 ὁμολο-

320 2409 464 2477 γῶν,
522 2415 612 2465 καὶ
679 2415 781 2486 τῆς
840 2417 922 2480 είς
966 2419 1065 2488 ἐμὲ
1125 2420 1455 2491 κηδεμονίας
1515 2425 1607 2477 καὶ
1653 2425 1866 2496 ἀγαθῆς

314 2505 677 2574 προαιρέσεως
727 2507 990 2577 ἐπαινῶν,
1038 2510 1119 2564 ἔτι
1170 2513 1299 2581 μίαν
1343 2514 1498 2584 παρὰ
1533 2515 1626 2568 σοῦ
1657 2509 1865 2585 ταύτην

312 2595 517 2648 ἀπαιτῶ
564 2599 753 2668 χάριν,
794 2600 895 2672 τήν
945 2602 1208 2671 στρατιὰν
1239 2603 1426 2656 αὐτόθι
1471 2604 1737 2674 μένουσαν
1769 2623 1869 2662 κα-

311 2689 545 2757 τασχεῖν,
578 2689 742 2759 ἄχρις
781 2692 849 2744 ἃν
888 2694 966 2752 είς
994 2691 1053 2744 ἓν
1081 2693 1190 2746 τῶν
1227 2696 1679 2766 φροντιστηρίων,
1729 2699 1865 2753 ὅπου

313 2795 410 2849 περ
433 2779 495 2833 ἂν
520 2782 721 2854 ἐθέλῃς
751 2783 910 2847 αὐτὸς
935 2785 1174 2847 καταδὺς
1211 2785 1302 2840 τὸν
1327 2785 1572 2841 κίνδυνον
1593 2788 1862 2859 διαφύγω-

318 2869 376 2921 ἂν
405 2873 509 2942 γὰρ
539 2873 621 2925 ἔτι
649 2891 709 2926 σε
741 2874 880 2943 μετὰ
905 2875 998 2929 τοῦ
1029 2877 1396 2947 στρατοπέδου
1426 2876 1714 2947 ἀπάραντα
1731 2883 1867 2953 πρὸς

323 2965 456 3032 ἡμᾶς
502 2965 743 3042 βαδίζειν
800 2969 1064 3040 ἁγγελθῇ,
1117 2971 1346 3041 οὐδεμία
1389 2974 1528 3045 πρὸς
1557 2976 1617 3028 τὸ
1653 2975 1728 3048 μὴ
1757 2976 1869 3030 δια.

1972 519 2246 581 nuptam),
2279 513 2487 582 legatus
2513 515 2667 569 venit
2691 515 2977 579 Martinus,
3007 531 3131 569 cum
3163 515 3346 570 Mmsis
3372 518 3531 585 equi-

1973 599 2121 654 tibus
2156 606 2525 674 cataphractis
2576 610 2858 671 trecentis,
2913 608 2967 660 in
3007 609 3247 678 speciem
3280 609 3527 677 quidem,

1972 701 2033 745 ut
2064 695 2328 748 auxilium
2369 697 2632 754 adversus
2662 714 2844 763 avum,
2881 699 2925 754 si
2961 699 3256 770 indigeret,
3288 700 3530 762 laturus;

1971 791 2026 836 et
2057 787 2435 854 promittebat,
2472 788 2518 842 si
2552 791 2853 860 majoribus
2887 791 3064 860 copiis
3104 806 3242 859 Opus
3281 791 3532 846 haberet.

1973 887 2158 942 regem
2207 875 2448 932 libenter
2481 877 2778 932 missurum
2808 896 2820 930 :
2847 877 2942 931 sed
2979 892 3190 936 revera.
3239 887 3298 929 ut
3332 876 3377 928 si
3409 889 3534 929 eum

1971 966 2253 1034 paucitate
2295 967 2636 1022 laborantem
2683 968 2977 1030 inveniret,
3014 967 3233 1034 injectis
3283 963 3543 1019 manibuQ

1971 1056 2039 1110 ad
2077 1073 2258 1128 regem
2292 1058 2570 1124 captivum
2607 1059 2955 1128 perduceret.
2993 1057 3148 1126 Quod
3198 1074 3266 1111 ex
3297 1040 3364 1112 eo
3409 1072 3533 1109 mox

1972 1147 2194 1212 claruit,
2229 1148 2357 1218 quia
2389 1148 2658 1204 Martinus
2708 1151 2955 1206 exercitu
3008 1151 3396 1218 imperatorem
3446 1162 3530 1200 sc-

1973 1249 2176 1307 quente
2205 1247 2524 1308 conspecto,
2551 1240 2697 1293 unde
2728 1249 2972 1304 venerat,
2993 1239 3179 1294 subito
3209 1253 3268 1293 se
3298 1235 3531 1305 recepit.

1971 1331 2164 1386 Parvis
2217 1331 2510 1385 itineribus
2574 1332 2935 1400 progrediens
2991 1332 3289 1399 imperator
3355 1327 3533 1397 pridie

1972 1424 2326 1479 Pentecostes
2361 1438 2523 1492 supra
2567 1423 2832 1476 Melanem
2867 1422 3070 1474 ﬂumen
3105 1429 3281 1473 castra
3329 1420 3530 1488 posuit.

1974 1515 2073 1570 llic
2103 1531 2228 1568 eum
2261 1515 2508 1584 Eugenia
2552 1514 2912 1583 Palaeologina
2948 1512 3236 1574 monaclia,
3281 1527 3311 1565 e
3345 1525 3530 1565 sorore

1972 1606 2255 1662 Michaelis
2324 1606 2486 1676 primi
2565 1606 2852 1674 Palmologi
2936 1605 3283 1674 imperatoris
3343 1618 3535 1672 proge-

1973 1699 2085 1753 nita
2127 1700 2261 1769 (57),
2304 1714 2495 1767 magna
2543 1699 2842 1753 domestica
2887 1698 2998 1769 (58)
3044 1697 3319 1753 convenit.
3363 1697 3535 1765 Lega-

1977 1791 2052 1845 tio
2083 1791 2201 1846 haec
2243 1792 2754 1861 complectebatur:
2789 1791 2864 1846 De
2908 1791 3184 1860 prioribus
3223 1796 3536 1844 controver-

1972 1883 2071 1937 siis
2105 1883 2250 1939 inter
2294 1898 2410 1948 eos,
2439 1899 2469 1938 e
2497 1883 2701 1952 quibus
2747 1883 2927 1937 causis
2972 1891 3112 1936 naue
3147 1883 3281 1944 sint,
3324 1880 3532 1942 dicere,

1971 1971 2112 2026 nihil
2156 1973 2221 2026 ad
2273 1953 2518 2043 praesens
2565 1983 2784 2042 tempus
2835 1969 3312 2043 pertinere-Quae
3360 1983 3536 2038 nuper

1971 2063 2272 2132 scripserit.
2300 2064 2370 2118 ob
2394 2079 2457 2119 ea
2487 2080 2647 2119 avum
2682 2065 2757 2119 illi
2786 2079 3010 2133 magnas
3042 2077 3205 2131 agerc.
3226 2061 3448 2130 gratias.
3481 2067 3535 2112 et

1969 2150 2395 2206 sollicitudinem
2445 2153 2607 2206 istam
2662 2166 2724 2207 ac
2776 2151 2975 2205 bonam
3014 2149 3350 2203 voluntatem
3412 2147 3532 2199 lau-

1968 2242 2120 2296 dare.
2164 2241 2340 2298 Unam
2371 2241 2600 2311 insuper
2627 2241 2856 2312 gratiam
2899 2253 3124 2308 cupere,
3161 2246 3221 2291 ut
3266 2234 3531 2288 nimirum

1973 2343 2082 2388 tam
2117 2333 2208 2387 diu
2235 2333 2466 2388 militem
2508 2332 2582 2387 ibi
2616 2332 2880 2396 detineat,
2926 2329 3105 2400 quoad
3135 2328 3190 2382 in
3233 2339 3402 2380 unum
3433 2323 3535 2377 ali-

1970 2424 2116 2495 quod
2159 2423 2554 2480 monasterium
2581 2422 2699 2493 (59)
2733 2437 2761 2476 a
2789 2429 2987 2490 nepote
3033 2418 3397 2481 nominatum,
3428 2427 3520 2483 pe-

1971 2514 2131 2569 riculi
2155 2513 2473 2570 declinandi
2504 2514 2612 2585 7.0
2631 2529 2688 2569 se
2711 2512 3006 2567 abdiderit.
3031 2511 3167 2566 Nam
3198 2510 3242 2564 si
3273 2523 3302 2563 θ
3334 2504 3532 2561 castris

1967 2621 2096 2661 eum
2133 2621 2297 2677 porro
2319 2605 2388 2661 ad
2421 2606 2614 2662 urbem
2639 2606 2779 2660 viam
2804 2603 2984 2658 moliri
3015 2602 3318 2665 nuntietur,
3345 2608 3528 2654 actum

1967 2713 2090 2754 esse
2131 2698 2199 2753 de
2227 2697 2337 2753 vita
2388 2712 2487 2752 sua
2517 2717 2530 2752 :
2561 2695 2774 2751 tametsi
2807 2694 2948 2749 nihil
2991 2708 3180 2748 eorum
3223 2690 3531 2760 praetermi-

1969 2790 2125 2857 serit,
2151 2805 2274 2860 quae
2305 2805 2478 2860 nepos
2519 2785 2872 2860 Suggesserit,
2916 2785 3010 2842 sed
3055 2800 3119 2839 ea
3163 2783 3344 2838 omnia
3379 2781 3526 2836 inani

1968 2883 2153 2938 studio
2192 2889 2507 2953 comparata
2537 2880 2708 2935 fuisse
2745 2879 3147 2950 deprehensum
3181 2876 3273 2930 iri.
3309 2875 3411 2931 Ubi
3444 2876 3558 2927 vi-‘

1972 2985 2082 3029 tam
2119 2989 2273 3030 suam
2316 2973 2442 3028 loco
2483 2981 2603 3027 tuto
2637 2971 3003 3035 mandaverit,
3037 2969 3153 3038 ipse
3186 2967 3374 3021 urbem
3405 2980 3526 3034 pos-

253 3064 258 3068 ‘
328 3055 684 3127 φθαρήσεσθαι
741 3061 892 3128 ἡμᾶς
939 3063 1113 3124 ἐλπίς.
1149 3065 1343 3121 Καίτοι
1397 3081 1463 3134 γε
1513 3066 1669 3119 οὐδὲν
1703 3068 1864 3132 αὐτὸς

1971 3079 2223 3121 sessurus
2282 3063 2645 3134 ingrediatur.
2683 3061 2838 3128 Quid
2881 3060 3028 3116 enim
3077 3074 3145 3113 ex
3205 3063 3381 3111 morte
3429 3069 3526 3109 sua

332 3147 570 3201 ἀπέλιπον
594 3144 667 3203 ὧν
691 3151 896 3205 ὑπέθου
923 3152 982 3205 τὸ
1012 3153 1086 3225 μὴ
1114 3154 1176 3208 οὐ
1206 3155 1684 3226 καταπράξασθαι·
1715 3157 1868 3229 ἐλέγ-

334 3253 495 3304 χονται
543 3241 588 3293 δ’
635 3242 854 3296 ἅπαντα
905 3244 1319 3314 σπουδαζόμενα
1365 3247 1510 3317 εἰκῆ.
1579 3248 1746 3318 Ἐμοῦ
1795 3249 1864 3316 δ’,

337 3327 497 3399 ὥσπερ
531 3329 687 3400 ἔφην,
725 3334 784 3384 ἐν
817 3333 1089 3404 ἀσφαλείᾳ
1133 3335 1433 3405 γενομένου
1468 3335 1562 3389 τοῦ
1611 3336 1689 3408 μὴ
1734 3339 1870 3390 ἀπο-

339 3417 514 3482 θανεῖν,
566 3424 725 3485 αὐτὸς
783 3424 975 3496 έλεὺσῃ
1012 3426 1474 3498 παραληψόμενος
1513 3432 1613 3499 τὴν
1676 3428 1862 3485 πόλιν’

345 3511 451 3562 ποία
478 3513 577 3584 γάρ
605 3533 686 3576 τις
715 3514 900 3585 ὄνησις
929 3518 993 3568 ὲκ
1021 3517 1116 3571 τοῦ
1138 3519 1236 3588 ἐμὲ
1275 3519 1568 3573 ἀποθανεῖν
1595 3537 1610 3587 ;
1643 3520 1865 3584 Τούτοις

342 3603 437 3662 τοῖς
462 3605 628 3671 λόγοις
656 3608 748 3659 ἐπὶ
806 3609 1007 3678 μᾶλλον
1056 3613 1082 3662 ὁ
1133 3611 1250 3673 νέος
1303 3611 1675 3680 έπικαμςρθεὶς
1708 3611 1866 3682 βασι·

344 3691 469 3756 λεὺς,
509 3698 686 3755 καίτοι
743 3700 838 3752 καὶ
879 3701 1150 3770 πρότερον
1182 3703 1358 3757 πάντα
1414 3705 1508 3758 καὶ
1555 3704 1740 3772 λέγειν
1773 3703 1867 3758 καὶ

347 3787 574 3853 πράττειν
599 3789 743 3857 ὑπὲρ
773 3796 868 3844 τοῦ
894 3795 968 3862 μὴ
1012 3794 1102 3846 τὸν
1133 3794 1358 3865 βασιλέα
1386 3797 1481 3848 καὶ
1511 3796 1738 3850 πάππον
1772 3813 1869 3848 κα-

347 3873 438 3935 κῶς
463 3878 646 3932 παθεῖν
674 3881 886 3934 οτκοθεν
917 3883 1266 3955 ὡρμημένος,
1291 3885 1428 3954 πρὸς
1455 3885 1556 3954 μὲν
1593 3884 1692 3955 τὴν
1736 3902 1870 3956 πρε-

346 3963 501 4018 σδείιν
554 3972 885 4041 ποιουμένην
972 3974 1163 4042 μηδενὶ
1226 3973 1566 4045 καταδήλους
1636 3971 1854 4026 ἐκέλευε

345 4059 492 4111 ποιεῖν
535 4062 656 4124 τοὺς
709 4063 859 4134 παρά
900 4062 1164 4133 βασιλέως
1215 4065 1427 4134 λόγους,
1477 4067 1558 4118 ὅτι
1601 4063 1676 4134 μὴ
1723 4062 1869 4133 μόνῳ

344 4145 407 4211 τῷ
435 4150 640 4218 μεγάλῳ
689 4151 1013 4222 δομεστίκῳ,
1048 4153 1209 4214 αὐτὸς
1239 4152 1287 4206 δ’
1316 4152 1393 4216 ὡς
1423 4152 1492 4207 ἂν
1519 4153 1702 4225 οἴηται
1734 4173 1870 4226 συμ-

340 4239 500 4308 φέρειν
525 4245 868 4315 οἰκονομήσει
913 4246 1038 4308 τοὺς
1068 4246 1291 4314 λόγους.
1336 4247 1664 4317 Ἐκκλησίαν
1691 4248 1747 4301 δὲ
1779 4265 1871 4303 κε-

337 4328 510 4394 λεύσας
541 4335 820 4403 γενέσθαι,
851 4337 942 4388 καὶ
963 4335 1072 4390 τῶν
1113 4337 1170 4390 ιν
1194 4337 1338 4390 τέλει
1367 4338 1608 4405 πάντων,
1645 4340 1870 4394 καὶτῶν

1969 3155 2328 3213 emolumenti
2357 3152 2616 3223 caperet?
2642 3151 2752 3207 Hac
2780 3151 3031 3206 oratione
3055 3148 3228 3218 magis
3253 3145 3530 3202 emollitus

1963 3247 2173 3320 junior,
2230 3261 2355 3302 cum
2429 3253 2591 3299 antea
2638 3251 2832 3313 sponte
2877 3256 2975 3297 sua
3015 3240 3198 3295 dicere
3253 3246 3306 3293 et
3347 3236 3529 3291 facere

1968 3339 2185 3410 quidvis
2227 3337 2511 3408 cupiisset,
2546 3351 2616 3390 ne
2658 3333 2793 3404 quid
2832 3333 2952 3388 seni
2992 3338 3306 3395 noceretur,
3350 3330 3530 3399 legato

1969 3424 2252 3495 praecepit,
2296 3439 2366 3478 ne
2400 3437 2525 3478 cum
2562 3435 2842 3492 quoquam
2873 3421 3092 3492 (magno
3118 3419 3386 3474 duntaxat
3427 3418 3529 3472 do-

1969 3517 2200 3570 mestico
2237 3513 2488 3585 excepto)
2525 3514 2858 3583 legationem
2906 3513 3356 3569 communicaret.
3387 3526 3444 3564 se
3475 3512 3529 3564 in

1968 3619 2033 3660 ea
2080 3603 2321 3658 curanda
2353 3603 2606 3657 utilitatis
2641 3603 2909 3657 rationem
2951 3600 3290 3654 habiturum.
3337 3599 3530 3652 Edicto

1970 3695 2137 3763 igitur
2165 3703 2461 3758 conventu,
2496 3695 2721 3764 jamque
2755 3693 2809 3746 in
2847 3702 3050 3748 emtum
3081 3691 3286 3746 coactis
3325 3699 3380 3746 et
3415 3693 3530 3760 pri-

1969 3787 2214 3842 moribus
2258 3795 2314 3842 ct
2340 3785 2470 3841 ﬂore
2502 3787 2799 3850 exercitus,
2827 3787 2880 3839 in
2909 3784 3151 3840 medium
3185 3799 3524 3855 prOgressus,

1972 3879 2172 3934 talibus
2221 3893 2316 3932 eos
2357 3877 2520 3933 dictis
2560 3876 2715 3931 altari
2770 3893 2999 3932 exorsus
3049 3888 3135 3932 est
3181 3893 3195 3930 :
3241 3876 3526 3931 Neminem

1969 3981 2212 4028 vestrum
2237 3975 2450 4026 nescire
2474 3974 2691 4041 opinor,
2719 3985 2827 4039 quo
2849 3978 3006 4039 pacto
3027 3969 3170 4023 inter
3191 3983 3279 4024 me
3338 3983 3539 4023 avum-

1970 4080 2076 4135 que
2115 4077 2297 4117 meum
2330 4071 2458 4116 nato
2488 4061 2740 4126 dissidio,
2773 4061 2944 4114 multa
2977 4059 3176 4130 partim
3208 4059 3342 4114 foris
3372 4074 3524 4114 com-

1972 4156 2342 4214 mitterentur,
2374 4152 2570 4223 partim
2595 4152 2775 4205 adhuc
2799 4149 2982 4205 animo
3005 4151 3213 4205 inclusa
3252 4152 3534 4221 agitarem.

1973 4256 2083 4310 tur,
2117 4261 2236 4315 qua:
2261 4259 2348 4299 me
2376 4245 2430 4298 in
2464 4252 2763 4298 extremam
2792 4242 3070 4297 miseriam
3095 4245 3526 4314 pmcipitarent.

1973 4336 2243 4405 Quocirca
2278 4352 2388 4392 non
2423 4336 2598 4406 magis
2636 4333 2705 4389 ab
2736 4349 2858 4400 avo,
2889 4349 3052 4404 quam
3094 4351 3124 4390 a
3170 4334 3533 4406 praesentibus

1563 4484 1776 4546 Jacobi
1807 4482 2069 4546 Pontani
2102 4490 2282 4545 notaa.

398 4599 497 4677 (57)
527 4601 819 4677 _Nohilita_s,
849 4612 1102 4677 senectus
1124 4653 1138 4677 ,
1183 4603 1310 4677 vitae
1363 4604 1626 4659 sanctitas
1657 4644 1672 4677 ρ
1711 4619 1860 4677 _pru-
1892 4608 1934 4662 D
1963 4602 2251 4665 monacha,
2309 4598 2612 4677 si_a_u_lica?
2647 4615 2718 4677 an
2764 4600 3028 4656 abutitur
3059 4615 3194 4677 voce
3213 4672 3224 4677 _
3246 4606 3524 4671 monacha,

332 4668 493 4748 «lentia
525 4673 578 4724 iu
628 4675 729 4727 hac
762 4673 961 4748 (culina
994 4668 1407 4748 spectabantur,
1459 4689 1586 4748 cum
1621 4673 1677 4748 ei
1711 4668 1861 4748 legat

335 4740 480 4811 tionis
523 4757 719 4797 munus
769 4743 1158 4811 imponeretur.
1207 4742 1331 4797 Fuit
1383 4758 1513 4811 ergo
1561 4740 1862 4797 Andronici

332 4810 532 4876 majoris
578 4810 856 4876 amitinaj
882 4811 1106 4880 amitinl
1140 4813 1340 4880 quippe
1381 4810 1506 4865 sunt
1550 4812 1774 4866 fratrum
1809 4822 1865 4866 et

332 4893 559 4945 sororum
593 4881 707 4934 lilii.
738 4879 894 4945 Quod
921 4889 1102 4934 autem
1136 4879 1530 4934 infra’minoris
1563 4881 1864 4937 Andronici

238 4995 242 4998 .
330 4944 484 5024 θίξιν,
513 4949 562 5002 id
591 4961 696 5012 est,
720 4944 962 5011 aim'lam.
993 4965 1087 5005 seu
1111 4959 1446 5024 materteram
1469 4953 1730 5024 nominat,
1751 4951 1866 5024 hoc

331 5019 716 5094 utiqueverum
750 5036 856 5094 non
887 5028 1010 5094 est_,
1041 5035 1164 5072 cum
1198 5035 1299 5073 nec
1344 5022 1428 5072 avi
1475 5021 1723 5094 quidem-
1746 5019 1868 5072 θεία

332 5088 616 5166 [ny-ig.-
634 5089 952 5166 ρεηεράιετη,
982 5089 1129 5166 hunc
1151 5099 1432 5166 auctorem
1457 5088 1682 5166 vocibus
1701 5088 1866 5166 θεῖος,

333 5152 457 5227 θείαν
484 5157 715 5223 ἀνεψιὸς,
749 5158 965 5227 ἀνεψιὰ,
1000 5162 1079 5213 uti
1115 5159 1310 5222 laxius,
1345 5173 1439 5212 seu
1471 5159 1619 5212 abuti
1667 5152 1866 5227 potius,

333 5221 813 5344 glmfognationem
859 5221 1021 5282 etiam
1075 5230 1259 5284 minus
1299 5221 1683 5298 propinquam
1728 5221 1872 5281 indi;

461 5310 561 5344 am.

335 5304 561 5347 caudam.

399 5362 500 5431 (58)
534 5363 734 5443 _Utrum
786 5365 930 5434 quod
988 5374 1271 5443 parentem
1325 5367 1579 5422 habuerit
1613 5380 1868 5434 magnum

335 5429 697 5505 deitiesticum,
760 5429 828 5488 an
879 5429 1023 5505 quod
1078 5439 1169 5492 tali
1223 5439 1407 5492 functa
1457 5445 1602 5490 esset
1636 5429 1864 5489 munere

333 5500 461 5563 apud
489 5500 938 5576 imperatricem,“
971 5508 1118 5576 quali
1152 5507 1295 5575 apud
1334 5508 1713 5576 imperatorem
1746 5520 1862 5576 ma-

335 5580 460 5651 gnus
489 5573 862 5651 domesticus?
900 5573 1044 5651 uror
1087 5573 1308 5651 quidem
1356 5573 1466 5630 non
1499 5575 1602 5651 fuit
1633 5573 1864 5651 alicujus

341 5642 500 5709 magni
529 5641 848 5710 domestici,
897 5641 1286 5700 fuisset'enim
1338 5646 1672 5699 connubium
1707 5643 1863 5697 valde

343 5717 513 5775 Impar.
546 5713 811 5769 Praeterea
860 5716 1123 5770 monacha
1154 5715 1377 5771 dicitur.
1414 5715 1518 5769 Sed
1557 5729 1666 5784 quo
1705 5721 1861 5783 pacto

1968 4680 2192 4753 propter
2247 4670 2851 4753 pudicitiam-.vitaequc
2899 4672 3374 4753 sanctimoniam,
3411 4670 3530 4753 qua

1970 4739 2144 4810 instar
2194 4739 2691 4810 nmnacbgeietiam
2724 4739 2776 4793 in
2833 4741 3035 4810 palatio
3091 4743 3375 4797 clarebat?
3404 4739 3535 4797 Eine

1969 4809 2352 4866 Betscnwester.
2379 4807 2548 4882 «Quid
2579 4811 2624 4863 si
2659 4809 2792 4882 illud
2834 4807 3028 4882 magno
3052 4812 3336 4866 domestica
3361 4812 3533 4866 hono-

1974 4882 2152 4934 rarius
2185 4887 2392 4933 tantum
2425 4879 2616 4932 titulus
2666 4878 2790 4940 fuit.
2839 4878 2958 4934 sine
2991 4880 3293 4946 iunctione,
3345 4891 3404 4936 ut
3437 4882 3528 4938 alii

1973 4951 2128 5004 multi
2160 4964 2258 5018 per
2287 4949 2338 5019 i_d
2368 4956 2582 5015 tempus
2601 4947 2628 5001 ‘i
2656 4947 2860 5017 dequo
2883 4949 2937 5002 in
2958 4951 3318 5019 explicatione
3351 4951 3532 5019 digni-

1973 5016 2174 5090 tatum'
2199 5032 2262 5071 ac
2288 5016 2630 5071 functionum
2660 5016 2846 5087 palatii
2879 5016 3132 5086 diximus,
3167 5029 3286 5090 post
3315 5016 3529 5075 Praii'at.

1972 5088 2038 5141 ad
2064 5088 2342 5142 lectorem.

2046 5156 2156 5226 (59)
2189 5156 2245 5210 Si
2273 5155 2634 5227 veriloquium
2653 5166 2866 5226 spectes
2889 5158 3064 5220 verbi,
3091 5158 3528 5227 φροντιστήριον,

1975 5225 2238 5295 locusest
2281 5225 2716 5295 cogitationum,
2755 5242 2848 5280 seu
2894 5225 3432 5289 comme’n’tationum,
3475 5227 3530 5281 id

1975 5305 2078 5358 est,
2135 5293 2231 5348 ubi
2294 5293 2656 5363 cogitationes
2687 5298 3284 5363 commentationesque
3315 5305 3532 5351 nostras

1974 5363 2332 5434 explicamus,
2361 5361 2524 5433 atque
2557 5365 2624 5419 ad
2679 5366 2964 5419 audientes
2981 5361 3332 5434 proferimus,
3357 5367 3533 5434 qualis

1976 5443 2084 5494 est,
2119 5433 2220 5501 qui
2246 5433 2314 5486 ab
2339 5435 2452 5487 otio
2485 5435 2670 5489 schola
2699 5435 2919 5488 dicitur.
2971 5433 3151 5486 Julius
3185 5433 3405 5499 Pollux,
3439 5438 3532 5488 καὶ

1969 5503 2038 5556 τὰ
2070 5502 2435 5566 διδασκαλεῖα,
2468 5506 2527 5554 οὐ
2557 5504 2927 5569 παιδαγωγεία
2967 5505 3126 5570 μόνον
3150 5504 3250 5556 καὶ
3270 5504 3530 5570 φωλεοὺς,

1969 5573 2106 5624 ἀλλὰ
2134 5573 2227 5623 καὶ
2258 5572 2667 5639 φροντιστήρια.
2720 5573 2871 5625 Valet
2905 5575 3067 5625 etiam
3111 5573 3528 5634 monasterium.

1971 5642 2089 5696 sive
2113 5642 2446 5713 cmrnobiulhn.
2477 5639 2691 5713 Suidas,
2723 5644 3159 5713 φροντιστήριον,
3187 5642 3460 5712 διατριϐὴ,
3495 5643 3532 5713 ἦ

1974 5712 2354 5780 μοναστήριον,
2377 5711 2512 5778 ὅπερ
2549 5712 2597 5763 oi
2645 5709 2877 5766 Ἀττικοὶ
2913 5709 3158 5784 σεμνεῖον
3187 5709 3434 5768 καλοῦσιζ
