3952 6204
363 286 464 350 179

1556 296 1803 358 JOANN
1816 297 1882 356 lS
1922 295 2453 359 CANTACUZENI

3485 295 3590 359 180

362 417 450 457 me
483 400 740 471 periculis
768 403 1015 474 sejunxi;
1065 411 1120 458 et
1162 420 1258 460 vos
1289 406 1654 472 confluxistis,
1693 417 1750 461 ut
1780 407 1922 476 inju-

2032 407 2268 474 λογάδων
2297 409 2394 478 τῆς
2426 407 2685 476 στρατιᾶς
2722 407 2802 469 εἰς
2835 405 2893 458 ἒν
2926 404 3270 476 γενομένων,
3306 405 3588 477 παρελθων

356 495 560 550 riosius
587 504 816 548 tractato
843 494 1210 565 opitulemiiii.
1245 498 1404 553 Modo
1436 510 1642 563 autem,
1673 500 1920 569 quando-

355 586 577 654 quidem
617 585 750 638 mibi
776 585 880 654 jam
912 586 964 639 iu
1006 604 1166 642 manu
1194 599 1296 655 est,
1322 592 1468 658 quod
1496 593 1564 645 ab
1600 592 1756 646 initio
1791 608 1921 646 con-

291 697 294 702 ·
357 677 532 741 stitui,
567 685 623 730 et
647 676 827 739 vobis,
853 677 1002 747 quali
1028 694 1166 748 opus
1198 689 1338 741 erat.
1374 683 1635 736 auxilium
1668 683 1920 746 accessit,

355 769 401 822 si
429 767 560 836 quid
595 767 732 821 ultra
754 766 1170 836 desideramus,
1205 770 1258 822 id
1287 770 1414 830 erit.
1447 779 1507 824 ut
1531 787 1631 842 ego
1657 787 1918 842 reponam

358 856 611 932 injurias,
645 871 741 910 vos
766 867 1119 926 reponentem
1145 859 1432 930 adjuvetis.
1461 861 1733 918 Constitui
1760 878 1924 932 porro

357 919 486 1009 iitde
516 961 545 1002 a
574 948 847 1018 principio
875 966 1037 1004 avum
1074 967 1173 1008 nec
1197 953 1307 1008 vita
1351 970 1576 1020 exuere,
1605 956 1821 1016 etiamsi
1850 956 1920 1012 li-

353 1047 526 1103 ceret,
579 1053 681 1092 nec
727 1039 959 1108 imperio
1002 1041 1236 1096 multare
1271 1060 1285 1096 :
1320 1059 1510 1098 verum
1554 1053 1755 1100 memet
1786 1062 1923 1101 con--

354 1144 598 1195 servare,
651 1129 862 1200 ipsique
899 1132 966 1184 de
1017 1133 1324 1202 principatu
1373 1135 1584 1190 nullum
1637 1138 1920 1206 negotium

355 1221 646 1277 facessere.
703 1223 1042 1289 Periculum,
1076 1225 1185 1280 Deo
1235 1226 1374 1280 bene
1411 1227 1676 1297 prOpitio,
1730 1231 1920 1286 evasi:

353 1314 706 1366 securitatem
735 1323 919 1368 autem
974 1324 1028 1367 et
1059 1330 1250 1383 pacem
1279 1318 1331 1370 in
1359 1317 1628 1379 futurum,
1650 1319 1719 1373 ab
1747 1319 1923 1388 impe-

357 1413 536 1457 ratore
564 1404 829 1470 oblatam,
854 1405 995 1458 male
1018 1407 1342 1474 repulimus.
1373 1407 1596 1462 Tenetis
1629 1412 1774 1466 enim
1812 1426 1925 1465 me-

355 1493 551 1558 moria,
582 1495 859 1563 quomodo
883 1496 1240 1566 AdrianOpoli
1266 1499 1470 1564 legatos
1497 1501 1566 1554 ab
1593 1516 1659 1555 eo
1687 1501 1754 1556 de
1775 1517 1924 1557 com-

353 1586 628 1655 positione
669 1588 887 1653 missos,
937 1588 1208 1643 seditione
1262 1591 1557 1656 concitata,
1609 1592 1775 1647 rebus
1820 1595 1924 1648 im-

355 1676 638 1752 perfectis,
669 1693 860 1731 necem
892 1679 999 1732 illis
1027 1680 1362 1734 intentantes
1397 1681 1742 1737 remiseritis.
1766 1683 1923 1750 Quod

359 1785 484 1824 cum
525 1769 674 1826 illico
714 1771 927 1831 facinus
971 1773 1315 1826 teterrimum
1348 1772 1706 1844 judicassem,
1755 1775 1923 1829 altera

358 1862 481 1915 luce
524 1861 577 1915 in
606 1863 872 1918 concione
899 1864 1066 1918 multa
1088 1866 1254 1917 verba
1279 1864 1404 1934 feci,
1433 1865 1924 1938 eonfusionemque

357 1961 414 2007 et
466 1952 786 2012 effrenatam
860 1955 1138 2012 licentiam
1194 1967 1475 2022 vestram,
1542 1969 1604 2013 ut
1656 1958 1924 2012 malorum

362 2045 595 2100 istorum
629 2061 823 2102 causas
849 2047 1108 2118 castigavi
1141 2065 1154 2101 :
1181 2055 1235 2102 et
1262 2064 1328 2102 ne
1352 2049 1482 2117 quid
1519 2049 1753 2118 amplius
1782 2051 1928 2120 ejus-

360 2136 574 2190 cemodi
606 2137 904 2202 auderetis,
937 2154 1129 2194 severe
1163 2139 1447 2208 imperavi.
1487 2141 1643 2197 Nunc
1678 2155 1804 2195 cum
1835 2156 1931 2194 su-

357 2241 457 2296 per
499 2227 694 2284 eodem
740 2239 1028 2299 cognatam
1067 2231 1180 2299 (60)
1213 2246 1388 2286 meam
1421 2231 1704 2302 legaverit,
1742 2231 1928 2290 delicti

357 2318 589 2388 gratiam
637 2319 852 2386 fecerit,
907 2322 1268 2393 redintegrari
1319 2323 1671 2380 concordiam
1717 2323 1928 2393 petive-

360 2411 463 2472 rit,
523 2425 702 2482 neque
765 2408 1086 2480 iustorum,
1141 2426 1321 2482 neque
1391 2413 1750 2482 prudentium
1797 2423 1925 2478 est,

359 2515 547 2569 pacem
617 2503 925 2572 aspernari.
1001 2503 1130 2558 Tria
1192 2503 1339 2558 enim
1397 2519 1524 2558 cum
1593 2505 1748 2568 sint.
1809 2519 1930 2576 quae

359 2594 521 2649 bellis
577 2595 836 2650 omnibus
896 2595 1058 2650 finem
1120 2596 1410 2665 imponunt
1463 2597 1605 2666 (61)
1655 2612 1808 2653 :sua
1873 2597 1928 2652 in

361 2694 480 2739 tuto
539 2687 838 2748 statuisse,
899 2686 1144 2740 hostium
1219 2702 1352 2757 Opes
1416 2688 1522 2746 sibi
1584 2689 1927 2758 subjecisse,

360 2775 462 2844 71
491 2775 674 2832 hostes
709 2777 853 2845 ipsos
890 2778 1215 2846 perdidisse.
1259 2779 1370 2835 duo
1403 2780 1597 2835 horum
1650 2797 1758 2838 non
1811 2783 1930 2839 sine

359 2867 530 2933 gloria
582 2866 744 2921 nobis
789 2870 1189 2936 contigerunt:
1240 2872 1460 2930 tertium
1516 2873 1658 2926 absit
1706 2885 1765 2929 ut
1829 2892 1932 2928 un-

358 2969 522 3020 quam
552 2955 710 3011 nobis
751 2957 1004 3028 adipisci,
1052 2960 1333 3014 autetiam
1373 2970 1563 3031 optare
1608 2964 1928 3035 contingat!

2026 501 2106 561 είς
2149 499 2389 567 μέσους,
2443 497 2592 562 ἔλεξε
2648 497 2866 550 τοιάδε·
2929 495 3138 550 Οὐδένα
3194 496 3349 566 ὑμῶν
3405 498 3591 566 οίομαι

2025 588 2242 654 ἀγνοεῖν
2297 587 2370 650 ὡς
2424 587 2693 657 διαφορᾶς
2745 585 2870 654 ἐμοὶ
2907 583 3045 655 πρὸς
3097 585 3447 654 τὸνβασιλέα
3493 587 3590 640 καὶ

2025 677 2251 730 πάππον
2285 679 2686 748 γεγενημένης,
2717 676 2892 730 πολλὰ
2915 678 2983 729 τὰ
3007 676 3108 744 μὲν
3135 677 3410 746 ἐπράχθη,
3443 677 3511 730 τὰ
3533 678 3593 731 δὲ

2025 770 2120 824 καὶ
2157 770 2214 821 ἐν
2258 768 2459 839 μελέτῃ
2495 769 2576 821 ἔτι
2617 764 2785 837 ἦσαν,
2830 750 2933 837 sit!
2975 769 3113 841 πρὸς
3149 768 3382 837 ἔσχατον
3412 769 3595 822 κινδύ-

2025 876 2118 913 νου
2169 859 2536 916 καθιστῶντα.
2597 861 2675 912 Δι’
2708 859 2854 932 ᾇπερ
2905 861 3072 923 αὐτός
3135 877 3195 912 τε
3249 861 3490 927 ἀπέστην
3529 861 3596 913 οὗ

2029 951 2230 1022 μᾶλλον
2277 952 2370 1006 τοῦ
2430 951 2696 1020 βασιλέως
2755 951 2786 1020 ἢ
2847 949 2942 1003 τοῦ
2991 949 3236 1016 κινδύνου
3267 965 3281 977 ·
3314 949 3409 1001 καὶ
3437 949 3598 1015 ὑμεῖς

2026 1043 2266 1112 πάρεστε
2312 1041 2679 1113 βοηθήσοντες
2711 1041 3081 1112 ἀδικουμένῳ.
3113 1042 3252 1093 Νυνὶ
3285 1039 3343 1092 δὲ
3372 1039 3492 1109 ὲμοί
3533 1057 3597 1090 τε

2025 1135 2316 1205 παρόντες,
2363 1134 2392 1186 ὃ
2450 1133 2772 1204 προύθέμην
2825 1133 2882 1199 ἐξ
2944 1131 3140 1202 ἀρχῆς,
3180 1131 3278 1185 καὶ
3316 1132 3445 1199 ὑμῖν
3493 1130 3604 1198 τῆς

2027 1229 2283 1299 βοηθείας
2315 1226 2510 1290 ὁποίας
2543 1227 2710 1296 ὲχρῆν
2760 1225 3162 1294 γεγενημένης,
3194 1225 3260 1278 ἄν
3303 1240 3357 1276 τι
3405 1239 3607 1291 περαι-

2023 1319 2172 1390 τέρω
2213 1318 2421 1371 τούτων
2473 1315 2753 1388 ζητῶμεν,
2807 1315 2936 1383 ἐμοὶ
2983 1314 3086 1384 μὲν
3133 1315 3194 1366 τὸ
3253 1313 3479 1376 ἀδικεῖν,
3529 1311 3596 1363 τὸ

2026 1412 2303 1472 ἀδικοῦντι
2361 1411 2420 1464 δὲ
2479 1409 2862 1480 συμπράττειν
2935 1407 3067 1476 ὑμῖν
3126 1406 3192 1460 ἂν
3251 1405 3600 1474 περισταίη·

2027 1503 2348 1574 προύθέμην
2380 1502 2437 1556 δὲ
2476 1501 2537 1565 ἐξ
2587 1501 2787 1570 ἀρχῆς,
2833 1498 2947 1552 οὔτ’
2995 1500 3054 1551 ὲν
3107 1497 3371 1566 πολεμίου
3433 1495 3608 1566 μοίρᾳ.

2025 1595 2118 1648 τὸν
2156 1595 2369 1662 πατέρα
2418 1592 2849 1662 κατασφάττειν,
2901 1591 2970 1646 ἄν
3009 1607 3116 1659 περ
3163 1591 3294 1659 ἐξῇ,
3325 1589 3449 1642 οῦτε
3499 1589 3605 1657 τὴν

2028 1681 2205 1751 ἀρχὴν
2257 1679 2635 1749 ἀφαιρεῖσθαι,
2687 1678 2806 1733 ἀλλ’
2851 1678 3087 1749 ἐμαυτὸν
3132 1679 3468 1744 διασῴζοντα
3499 1677 3603 1730 τοῦ

2027 1771 2302 1832 κινδύνου,
2337 1769 2505 1839 μηδὲν
2537 1769 2734 1837 ἐκείνῳ
2785 1769 2884 1838 τῆς
2933 1768 3108 1838 ἀρχῆς
3157 1767 3321 1819 ἕνεκα
3360 1782 3600 1833 παρενο-

2027 1862 2201 1932 χλεῖν.
2262 1861 2335 1912 Τὸ
2387 1860 2486 1928 μὲν
2529 1856 2626 1912 οὖν
2679 1858 2770 1911 τὸν
2825 1859 3070 1912 κίνδυνον
3113 1858 3422 1926 διαφυγεῖν,
3463 1856 3608 1918 Θεὸς

2029 1953 2195 2018 αὐτὸς
2233 1952 2613 2022 συναράμενος
2670 1951 2935 2022 παρέσχε·
2989 1950 3088 2020 τὴν
3124 1949 3168 2002 δ’
3218 1951 3299 2013 είς
3357 1948 3423 2002 τὰ
3466 1947 3601 2015 ἑξῆς

2027 2045 2336 2113 ἀσφάλειαν
2417 2043 2512 2096 καὶ
2577 2043 2800 2111 εἰρήνην
2859 2041 3124 2111 βασιλέως
3182 2041 3600 2112 παρεχομένου.

2026 2132 2407 2202 ἀπεωσάμεθα
2447 2132 2601 2184 αὐτοὶ
2635 2131 2848 2194 κακῶς.
2886 2131 3188 2200 Μέμνησθε
3229 2131 3340 2199 γὰρ
3384 2129 3448 2199 δή
3495 2146 3605 2186 που

2033 2226 2109 2288 ὡς
2175 2228 2232 2277 ὲν
2279 2221 2565 2294 Ἀδριανοῦ
2607 2223 2733 2286 τοὺς
2791 2221 3048 2284 ἐλθόντας
3098 2223 3162 2277 ἐκ
3199 2221 3466 2291 βασιλέως
3505 2217 3611 2298 ἐπὶ

2027 2320 2093 2388 τῇ
2159 2317 2353 2386 εἰρήνῃ
2417 2315 2713 2385 πρέσϐεις,
2775 2315 3172 2376 στασιάσαντες
3233 2311 3604 2386 ἀπεπέμψατε

2027 2409 2346 2478 ἀπράκτους
2386 2407 2485 2458 καὶ
2535 2405 2627 2457 τὸν
2671 2405 2925 2476 περὶτοῦ
2972 2404 3072 2474 ζῇν
3103 2403 3348 2459 κίνδυνον
3377 2406 3606 2473 ἐπικρε-

2032 2501 2306 2573 μάσαντες
2356 2499 2560 2562 αὐτοῖς,
2595 2497 2623 2550 ὃ
2656 2498 2778 2568 ἐμοὶ
2812 2496 2974 2560 εὐθύς
3018 2514 3080 2550 τε
3112 2497 3288 2550 ἐδόκει
3338 2497 3449 2552 τῶν
3481 2497 3597 2550 δει-

2027 2595 2282 2656 νοτάτων,
2314 2593 2409 2646 καὶ
2459 2593 2515 2653 ὲς
2548 2590 2664 2660 ιτὴν
2702 2589 2994 2659 ὑστεραίαν
3039 2590 3098 2642 ὲν
3131 2589 3412 2661 ἐκκλησία
3448 2606 3606 2656 γενο-

2031 2686 2180 2756 μένῳ
2219 2685 2374 2754 λόγος
2404 2684 2620 2754 ἐγένετο
2651 2683 2835 2748 πολὺς,
2856 2683 2952 2753 τήν
2969 2700 3024 2735 τε
3056 2682 3286 2747 ἀταξίαν
3312 2685 3405 2736 καί¹
3437 2684 3609 2752 ἀναρ-

2030 2777 2152 2846 χίαν
2179 2775 2253 2838 ὡς
2282 2775 2470 2828 κακῶν
2505 2775 2686 2827 αἰτίαν
2711 2774 3049 2844 αἰτιωμένῳ,
3093 2775 3190 2828 καὶ
3229 2775 3359 2842 περὶ
3385 2773 3475 2826 τοῦ
3506 2790 3608 2842 μη-

2030 2870 2151 2924 κέτι
2193 2868 2397 2937 τολμᾷν
2427 2865 2656 2920 τοιαῦτα
2713 2865 3150 2934 παραγγέλλοντι
3196 2865 3388 2918 πολλά.
3435 2861 3604 2925 Αὖθις

2031 2962 2088 3014 δὲ
2134 2960 2228 3011 ἐπὶ
2257 2962 2369 3022 τοῖς
2398 2959 2582 3021 αὐτοῖς
2627 2959 2726 3027 τὴν
2775 2959 2916 3030 ἐμὴν
2950 2958 3046 3011 νῦν
3079 2957 3397 3030 πέμψαντος
3431 2956 3605 3019 θείαν,

363 3043 545 3106 Otium
589 3057 644 3102 ct
677 3050 1025 3104 securitatem
1053 3051 1199 3107 Deus
1227 3053 1520 3117 concessit,
1549 3064 1603 3108 et
1641 3055 1927 3126 imperator

2041 3047 2372 3119 συγγνώμην
2406 3064 2463 3101 τε
2509 3049 2594 3116 ἐφ’
2624 3043 2704 3110 οἷς
2743 3048 3069 3117 ἡμάρτομεν
3101 3046 3478 3115 παρεχομένου
3510 3047 3611 3098 καὶ

357 3139 716 3208 jurejurando
767 3157 886 3195 eam
929 3143 1315 3208 confirmabit;
1349 3160 1470 3214 qua:
1524 3145 1569 3198 si
1616 3145 1768 3220 prius
1802 3146 1927 3208 data

369 3228 584 3294 fuisset,
619 3231 788 3286 armis
826 3248 1054 3302 prorsus
1085 3234 1572 3292 abstinuissemus.
1622 3237 1929 3294 Romanum

361 3321 728 3391 principatum
760 3324 922 3378 simul
956 3340 1020 3379 ac
1052 3326 1103 3378 in
1130 3325 1310 3384 lucem
1336 3339 1630 3398 susceptus
1658 3344 1802 3392 sum,
1832 3330 1930 3386 im-

364 3424 585 3483 perator
621 3431 820 3484 parens
854 3431 1008 3471 meus
1042 3417 1197 3482 mihi,
1230 3417 1564 3488 imperatore
1611 3435 1697 3474 me
1724 3429 1932 3484 creato,

362 3508 700 3567 destinavit;
737 3523 900 3577 quem
933 3523 1078 3564 nunc
1113 3518 1232 3564 tuto
1271 3511 1476 3566 habere
1517 3511 1666 3574 licet.
1699 3511 1933 3568 haeredi-

370 3600 511 3654 taria
546 3601 900 3655 successione
927 3599 995 3654 ad
1022 3601 1189 3654 alium
1218 3603 1442 3656 omnino
1468 3602 1768 3667 neminem,
1797 3619 1931 3672 prae-

374 3702 458 3746 ter
500 3707 587 3747 me
637 3700 1054 3762 perventurum.
1101 3693 1158 3746 In
1213 3692 1469 3748 hostibus
1520 3704 1704 3750 autem
1758 3710 1937 3765 neque

364 3785 496 3840 duxi
551 3785 846 3855 aliquando
888 3799 1048 3838 avum
1093 3802 1299 3847 meum,
1340 3802 1519 3858 neque
1555 3789 1694 3844 adeo
1736 3788 1939 3844 insani-

363 3878 562 3941 verim,
595 3887 654 3932 ut
683 3879 962 3948 quidpiam
1002 3879 1056 3934 in
1090 3879 1344 3934 eumdem
1377 3888 1580 3934 tetrum
1628 3895 1692 3936 ac
1745 3884 1938 3937 nefan-

365 3969 496 4022 dum
523 3967 606 4022 vel
657 3970 913 4040 cogitem,
946 3971 1031 4026 vel
1085 3969 1411 4033 deliberem,
1459 3970 1564 4025 Sed
1611 3987 1796 4040 neque
1842 3989 1938 4028 vos

365 4062 572 4118 amicos
621 4077 772 4116 meos
821 4077 977 4131 a'quo
1025 4065 1210 4115 animo
1257 4063 1466 4116 laturos
1512 4063 1733 4133 opinor,
1787 4071 1938 4119 tanta

363 4169 490 4208 eum
529 4153 837 4206 calamitate
872 4153 1300 4218 circumveniri,
1337 4162 1398 4206 ut
1423 4168 1525 4222 ego
1577 4153 1647 4208 ab
1682 4156 1939 4210 omnibus

365 4257 506 4311 quos
557 4241 637 4295 sol
696 4241 841 4296 videt
899 4241 1246 4304 mortalibus,
1298 4257 1399 4310 pro
1458 4243 1832 4297 conscelerate
1884 4254 1940 4302 et

2038 3141 2334 3209 διαλλαγὰς
2380 3138 2696 3203 αἰτοῦντος,
2761 3137 2875 3192 οὗθ’
2928 3140 3073 3192 ὅσιον
3129 3138 3243 3192 οὒτ’
3301 3136 3608 3200 ἀνθρώπων

2038 3237 2274 3306 ἐχόντων
2315 3235 2443 3287 νοῦν
2489 3232 2588 3300 τὴν
2636 3233 2860 3302 εἰρήνην
2895 3232 3256 3285 ἀπωθεῖσθαι.
3287 3230 3468 3300 Τριῶν
3500 3231 3611 3300 γὰρ

2036 3328 2203 3381 ὅντων
2244 3326 2416 3379 άπασι
2452 3323 2509 3396 [ἃ
2543 3321 2702 3393 πᾶσι]
2753 3323 3012 3392 πολέμοις
3060 3322 3231 3388 πέρας
3271 3323 3487 3386 ἐπάγει,
3515 3319 3610 3371 τοῦ

2036 3439 2094 3474 τε
2134 3420 2204 3472 τὰ
2247 3419 2428 3470 οἰκεῖα
2455 3417 2511 3468 ὲν
2557 3415 2827 3484 ἀσφαλείᾳ
2851 3413 3039 3466 θέσθαι
3071 3412 3214 3477 τινὰ,
3246 3413 3343 3464 καὶ
3387 3410 3480 3463 τοῦ
3513 3412 3612 3480 τὴν

2037 3512 2148 3566 τῶν
2183 3509 2563 3579 πολεμούντων
2596 3507 2769 3577 ἀρχὴν
2799 3508 2888 3574 ὑφ’
2921 3506 3112 3562 ἑαυτὸν
3143 3505 3492 3573 ποιήσασθαι,
3518 3506 3613 3556 καὶ

2039 3606 2227 3674 τρίτου
2248 3603 2344 3655 τοῦ
2369 3601 2568 3670 αὐτοὺς
2597 3600 2724 3662 τοὺς
2755 3599 3129 3668 πολεμοῦντας
3166 3599 3508 3658 ἀποκτεῖναι,
3543 3597 3614 3648 τὰ

2037 3697 2132 3751 δύο
2183 3697 2280 3766 μὲν
2311 3697 2442 3764 ἡμῖν
2494 3695 2728 3764 πάρεστι
2782 3693 2921 3763 μετὰ
2969 3692 3243 3754 εὐκλείας·
3276 3691 3372 3743 τοῦ
3421 3691 3613 3760 τρίτου

2037 3789 2101 3861 δὴ
2135 3789 2271 3860 μήτε
2319 3787 2499 3856 τυχεῖν
2536 3785 2770 3853 γένοιτο,
2809 3786 2938 3855 μήτ’
2968 3783 3305 3854 ἐπιθυμῆσαί
3341 3799 3498 3837 ποτε.
3537 3784 3616 3835 'l'b

2042 3881 2142 3951 μὲν
2170 3882 2282 3951 γὰρ
2325 3883 2383 3933 ὲν
2435 3877 2708 3949 ἀσφαλείᾳ
2740 3874 2902 3941 εἶναι,
2933 3879 2961 3928 ὁ
3001 3876 3134 3938 Θεός
3173 3892 3232 3928 τε
3266 3877 3612 3944 παρέσχετο,

2040 3973 2135 4026 καὶ
2163 3972 2326 4035 αὐτὸς
2354 3974 2541 4040 ὅρκοις
2585 3968 2920 4023 πιστώσεται
2947 3967 3226 4035 βασιλεύς·
3258 3968 3396 4035 ὅπερ
3426 3969 3478 4019 εἰ
3511 3969 3612 4020 καὶ

2041 4065 2312 4134 πρότερον
2339 4064 2474 4130 ἡμῖν
2515 4061 2665 4131 ἐξῆν,
2715 4060 2824 4112 οὐδ’
2853 4060 2920 4113 ἂν
2957 4061 3056 4130 τὴν
3110 4058 3290 4130 ἀρχὴν
3320 4059 3466 4112 ὅπλα
3500 4060 3621 4112 ἔκι-

2040 4155 2262 4223 νοῦμεν.
2303 4154 2414 4222 Τὴν
2451 4155 2741 4223 Ῥωμαίων
2785 4151 2842 4205 δὲ
2881 4151 3180 4220 ἡγεμονίαν
3237 4142 3481 4224 καὶίᾶμα
3512 4151 3620 4219 μὲν

2039 4244 2117 4313 τῷ
2143 4243 2423 4313 προελθεῖν
2461 4243 2560 4306 είς·
2584 4243 2700 4311 φῶς
2733 4244 2762 4296 ὁ
2811 4241 3002 4310 πατὴρ
3036 4241 3342 4312 παρέσχετο
3388 4242 3481 4293 καὶ
3503 4241 3623 4320 ,βα-

368 4331 641 4396 parricida
671 4331 1028 4386 condemner.
1055 4331 1284 4396 Quando
1311 4331 1478 4401 igitur
1507 4348 1628 4402 quae
1671 4333 1814 4387 bello
1848 4349 1927 4388 so-

2045 4338 2245 4404 σιλεὺς,
2288 4337 2512 4414 βασιλέα
2551 4338 2962 4408 χειροτονήσας,
2997 4338 3092 4389 καὶ
3122 4335 3218 4389 νῦν
3269 4337 3327 4390 δὲ
3353 4337 3621 4404 ἀσφαλῶς

368 4423 573 4493 piendo
601 4423 832 4486 faciunt,
864 4437 1036 4492 penes
1068 4438 1167 4475 nos
1195 4431 1322 4476 sunt
1358 4422 1467 4492 (cui
1499 4439 1608 4477 non
1645 4425 1927 4491 interesse,

2043 4432 2190 4485 ἐστιν
2221 4432 2386 4501 ἔχειν,
2427 4432 2564 4502 πρὸς
2589 4431 2781 4484 οὐδένα
2815 4429 3023 4499 ἕτερον,
3055 4429 3089 4499 ἢ
3121 4429 3221 4498 ἐμὲ
3261 4431 3324 4482 ὲκ
3358 4429 3619 4500 διαδοχῆς

370 4518 602 4572 maxima
643 4529 729 4572 est
771 4513 1049 4583 felicitas).
1085 4524 1247 4581 atque
1297 4514 1401 4569 hoc
1450 4514 1652 4583 ipsum,
1709 4519 1935 4590 bellum,

2049 4525 2270 4586 πάντως
2343 4523 2727 4592 ἐλευσομένην.
2785 4521 3054 4592 Πολέμιον
3110 4522 3168 4574 δὲ
3229 4521 3344 4574 οὗθ’
3387 4521 3620 4592 ἥγημαι

1629 4661 1845 4724 Jacobi
1878 4665 2147 4728 Pontani
2190 4674 2378 4729 noue.

443 4806 552 4881 (σθ)
582 4807 700 4862 Non
762 4806 863 4862 fuit
901 4810 1130 4881 proprie
1182 4811 1300 4863 θεία
1326 4852 1338 4870 ,
1378 4811 1428 4866 id
1459 4822 1582 4874 est,
1626 4813 1797 4881 patris
1839 4826 1936 4870 aut

370 4877 562 4953 matris
592 4888 858 4953 soror,_et
884 4877 1296 4953 Cant’acuzenus
1329 4883 1478 4953 verbi
1515 4877 1678 4953 hujus
1707 4885 1927 4940 licentia

369 4947 592 5020 liberior
622 4957 723 5002 est.
759 4948 1008 5020 Forsitan
1035 4991 1049 5011 .
1099 4966 1222 5004 cum
1253 4952 1471 5020 proprio
1500 4947 1792 5016 uti'vellct,
1829 4971 1929 5011 nec

372 5017 664 5092 inveniret,
701 5019 1204 5092 vicinumaccepit,
1235 5017 1290 5074 et
1323 5017 1374 5076 id
1405 5023 1584 5078 eidem
1618 5023 1671 5077 in
1703 5023 1925 5092 ἀνεψιὸν

371 5085 689 5155 contingere
723 5089 916 5155 potuit.
959 5089 1067 5143 Nec.
1094 5085 1123 5154 ,ἡ
1143 5099 1202 5143 ut
1230 5105 1420 5145 verum
1449 5092 1642 5152 fatear,
1671 5085 1923 5154 Latinum

373 5159 659 5230 proprium
694 5158 824 5230 mihi
858 5162 1117 5223 occurrit,
1145 5176 1276 5228 quo.
1302 5162 1548 5230 inquam,
1573 5163 1738 5216 lilium
1768 5178 1928 5216 soro-

371 5227 449 5300 ris
462 5229 663 5300 proavi
692 5228 804 5300 inci
835 5231 1100 5299 appellem
1126 5271 1140 5292 ,
1165 5227 1276 5284 nisi
1329 5227 1592 5300 majorem
1645 5233 1926 5288 atuitinam

369 5295 506 5371 velis
549 5297 808 5371 appellari
835 5295 1020 5367 {quia
1057 5303 1169 5367 ipsa
1217 5315 1374 5353 soror
1397 5295 1608 5371 i'pr0uvi
1641 5313 1721 5356 est
1755 5303 1927 5371 major

371 5313 506 5351 vetts
549 5313 578 5360 a
689 5313 808 5350 uari
835 5339 849 5360 ,
895 5316 1020 5367 quia
1057 5315 1169 5367 ipsa
1217 5315 1374 5353 soror
1423 5313 1608 5368 proavt
1641 5313 1721 5356 est
1755 5313 1925 5371 major

371 5367 557 5437 amita.
586 5313 716 5421 ςδιἓο
745 5367 1026 5437 cbgnatam
1064 5371 1363 5429 nominavi,
1394 5370 1445 5422 iu
1470 5385 1578 5437 quo
1599 5385 1789 5425 errare
1817 5388 1925 5426 non

374 5435 546 5508 potui,
627 5435 835 5508 Possis'
874 5439 1039 5492 etiam
1094 5435 1501 5492 consobrinam
1539 5440 1925 5508 interpretari;

371 5521 496 5559 nam
530 5505 694 5560 hodie
727 5507 890 5560 latius
919 5517 1067 5576 patet
1097 5508 1214 5561 haec
1236 5523 1365 5572 vos,
1394 5522 1495 5563 nec
1523 5505 1733 5562 tantum
1763 5510 1927 5566 modo

374 5579 427 5627 in
457 5591 708 5644 sororum
758 5585 853 5627 aut
883 5577 1134 5640 fratrum,
1159 5592 1519 5644 sororumque
1545 5579 1670 5633 [iliis
1697 5578 1928 5636 domici-

374 5645 504 5697 lium
536 5643 719 5699 habet.
760 5644 904 5697 lnfra
931 5646 1292 5713 appellabitur
1317 5643 1532 5713 άνεῴιά.

443 5713 556 5783 (iii)
596 5714 835 5768 Primum
868 5715 1061 5769 horum
1087 5757 1100 5777 ,
1134 5731 1232 5770 sua
1288 5715 1547 5770 nimirum
1580 5715 1635 5772 in
1671 5723 1786 5772 tuto
1815 5726 1923 5774 sla-

2041 4826 2219 4882 tuere,
2253 4833 2400 4887 szepe
2435 4817 2552 4872 sine
2600 4817 2724 4871 aliis
2771 4816 2988 4871 duobus
3012 4852 3026 4874 ,
3060 4821 3156 4867 aut
3181 4813 3357 4867 altero
3406 4811 3610 4887 saltem

2039 4903 2148 4943 non
2174 4885 2454 4957 contingit.
2510 4887 2625 4941 Non
2676 4897 2853 4955 potest
2882 4899 3026 4957 ξιξερο
3060 4901 3175 4957 τοις,
3202 4891 3348 4957 _aut_
3376 4885 3609 4957 respnb.

2036 4971 2157 5012 esse
2192 4967 2327 5022 tuta,
2358 4951 2463 5011 nisi
2491 4951 2790 5010 hostes—vel
2819 4951 3074 5024 subjiciat
3093 4953 3238 5024 sibi,
3265 4951 3351 5006 vel
3384 4951 3612 5019 perdat.

2035 5027 2392 5094 Suscipienda
2446 5027 2612 5102 bella_
2646 5027 2722 5102 ait
2752 5041 2790 5102 ⁸ι
2845 5023 2946 5102 οπὶ
2983 5024 3053 5078 Μ.
3090 5023 3322 5102 Tullius,
3356 5025 3426 5073 ob
3479 5038 3606 5078 eam

2029 5111 2294 5172 causam,_
2335 5106 2394 5150 ut
2427 5098 2554 5172 _sine
2599 5096 2799 5164 injuria
2845 5099 2900 5172 in
2954 5110 3086 5172 pace
3143 5096 3397 5172 vivatur,
3436 5103 3604 5172 parte

2035 5177 2215 5220 autem
2246 5166 2475 5219 victoria
2518 5161 2968 5229 conservandos,‘
2995 5165 3088 5234 qui
3121 5178 3236 5234 non
3263 5161 3516 5214 crudeles
3549 5163 3605 5234 in

2037 5235 2200 5296 bello.
2252 5251 2354 5289 nec
2400 5237 2664 5289 immanes
2714 5235 2975 5289 fuerunt:
3013 5232 3076 5289 Ut
3127 5232 3358 5300 majores
3397 5233 3608 5295 nostri,

2035 5306 2232 5372 inquit,
2263 5303 2484 5371 Equos.
2524 5303 2730 5358 Volscos
2755 5344 2772 5369 ,
2810 5303 3053 5362 Sabinos.
3092 5302 3346 5356 Hernicos
3372 5302 3443 5372 in
3475 5302 3612 5354 ciui-

2033 5367 2192 5426 tatem
2221 5367 2385 5427 etiam
2415 5367 2836 5441 acceperunt,“
2881 5373 3254 5442 Carthaginem
3283 5381 3331 5442 et
3362 5367 3612 5423 Numan-

2033 5444 2163 5496 tiam
2195 5443 2430 5511 funditus
2457 5444 2800 5497 sustulerunt.
2852 5442 3065 5496 Nollem
3118 5441 3431 5494 Corinthum
3457 5481 3473 5502 ,
3509 5442 3612 5493 sed

2030 5513 2183 5566 credo
2213 5513 2332 5587 illos
2363 5526 2562 5587 secutos
2594 5515 3050 5587 opportunitatem
3090 5512 3192 5587 foci
3246 5512 3503 5587 maxime,
3539 5526 3613 5564 ne

2031 5593 2218 5706 ρὲἵειι
2250 5584 2540 5666 aliquando
2589 5580 2671 5640 αα
2701 5583 2896 5638 bellum
2950 5582 3252 5651 faciendum
3299 5580 3441 5635 locus
3491 5581 3616 5650 ipse

2031 5669 2062 5704 (ι
2137 5669 2196 5706 ον
2223 5671 2327 5706 an.

2031 5655 2327 5708 adhortari.
