3952 6204
515 247 612 313 183
1407 291 1434 312 .

1699 258 2065 321 JOAVNISt

2173 263 2580 328 VTACUZENI
3645 263 3739 330 lS’i

1893 394 2117 452 CAPUT
2165 397 2352 454 XXIII.

507 501 831 589 Responso-nt
864 508 1068 571 nepotis
1097 509 1166 589 ad
1197 524 1351 589 avunt
1373 508 1586 589 plenum
1603 510 1770 589 oﬂieii.
1792 510 2008 589 Partem
2037 516 2244 589 imperii
2273 515 2337 568 ab
2359 532 2416 569 eo
2444 519 2588 589 petit.
2609 519 3053 589 etjuramentum.
3075 515 3426 589 (mouentur,
3456 519 3741 572 anathema

577 577 846 657 rescindit,
900 593 1088 657 nomen
1128 579 1464 657 imperatoris
1511 579 1558 630 ei
1605 581 1881 657 restituit_,_
1907 582 2021 657 eius
2063 577 2309 638 virtutem
2354 577 2634 655 magniﬁce
2663 577 3031 641 'commeudnt.
3081 585 3230 651 Quod
3267 577 3636 655 Apocauehum
3673 590 3742 641 ad

567 647 936 726 jgroirtentnrn
983 647 1294 726 exigendum
1342 652 1411 726 ad
1456 664 1510 700 se
1550 649 1770 711 miserit,
1827 650 1881 726 id
1927 647 2029 726 fert
2070 656 2282 726 a-grius,
2323 666 2371 708 et
2416 647 2677 710 hominem
2711 658 2864 710 illum
2914 647 3194 726 vituperat.
3251 647 3487 712 Eicusat
3542 659 3739 723 factum

582 712 982 798 Polfrologina;
1037 712 1251 768 circusat
1296 717 1458 769 etiam
1512 732 1690 787 nepos,
1741 734 1796 771 se
1830 712 2090 775 hominem
2117 712 2296 778 'illurrt
2329 725 2605 780 obscurum
2659 744 2762 782 non
2804 743 2898 796 pro
2946 712 3140 798 legato,
3189 729 3282 780 sed
3313 743 3409 797 pro
3457 712 3740 781 tabellario

574 783 774 836 misisse
801 785 1088 852 aﬁirmam.

575 896 671 949 llis
701 897 774 951 ita
803 898 994 966 gestis,
1037 897 1423 953 consobrinam
1453 915 1606 954 suam
1639 901 1911 972 legatione
1943 916 2065 972 per-

2242 907 2460 963 Τούτων
2511 909 2652 964 οὕτω
2707 913 3111 984 γεγενημένων,
3163 914 3260 984 τὴν
3306 913 3440 983 πρὸς
3471 912 3568 983 τὴν
3597 931 3738 985 πρε-

504 989 745 1044 functam
776 989 1288 1058 Constantinopolin
1313 991 1545 1044 dimisit.
1577 996 1707 1056 Qum
1739 1001 1924 1047 autem
1963 1008 2066 1047 avo

504 1079 868 1132 renuntianda
889 1079 1060 1141 dedit,
1095 1079 1211 1135 hac
1243 1081 1467 1135 fuerunt
1501 1079 1858 1150 :Oportebat,
1895 1083 2073 1152 impe-

503 1179 653 1222 rator
681 1169 906 1238 optimc,
949 1169 1081 1222 nihil
1113 1185 1337 1239 prorsus
1394 1185 1586 1224 eorum
1645 1170 1888 1240 incipere
1946 1185 2069 1240 qua

501 1260 714 1328 incepta
747 1267 894 1313 sunt.
944 1259 1056 1330 Ego
1087 1261 1379 1329 siquidem,
1421 1261 1567 1330 quod
1599 1277 1742 1331 sape
1777 1262 1886 1332 jam
1911 1263 2064 1329 dixi,

508 1357 704 1404 testem
742 1350 882 1404 facio
922 1351 1074 1404 illum
1123 1352 1344 1405 oculum
1386 1351 1692 1411 intuentem
1726 1353 1930 1417 omnia,
1981 1368 2067 1407 me

501 1444 709 1496 nullius
742 1443 990 1506 sceleris,
1047 1445 1144 1498 sed
1197 1445 1399 1498 levium
1449 1444 1714 1500 duntaxat
1746 1446 2070 1515 puerilium-

499 1550 608 1604 que
658 1535 986 1590 delictorum
1027 1535 1162 1589 mihi
1218 1551 1340 1590 esse
1393 1537 1696 1592 conscium.
1750 1536 1888 1602 Quia
1938 1554 2068 1594 vero

501 1634 727 1694 propter
759 1626 1175 1681 innumerabilia
1216 1639 1435 1697 peccata
1467 1645 1586 1683 mea
1622 1631 1764 1684 Deus
1795 1630 1901 1683 hoc
1932 1645 2064 1700 per-

504 1715 676 1780 misit,
711 1733 928 1771 rursum
965 1719 1014 1772 ei
1045 1718 1212 1772 etiam
1265 1730 1427 1789 atque
1483 1719 1646 1774 etiam
1696 1721 1896 1790 gratias
1941 1737 2065 1793 ago,

501 1810 646 1876 quod
686 1824 796 1863 non
831 1819 960 1864 ante
984 1811 1151 1864 vitam
1184 1809 1357 1878 finivi,
1389 1828 1548 1882 quam
1569 1823 1784 1882 tempus
1809 1815 2068 1869 idoneum

503 1899 876 1962 nanciscerer,
914 1915 1023 1969 quo
1060 1909 1115 1955 et
1148 1901 1442 1955 candorem
1472 1900 1640 1954 animi
1670 1901 1799 1965 mei,
1844 1911 1901 1956 et
1945 1903 2070 1956 obe-

502 1990 685 2043 diendi
719 1990 960 2044 studium
992 2006 1054 2045 ac
1085 1991 1487 2060 subjectionem
1531 2007 1706 2047 meam
1764 1993 1860 2048 tibi
1893 1993 2071 2048 decla-

506 2095 625 2134 rare
661 2096 899 2149 possem.
937 2082 1017 2136 Tu
1068 2081 1234 2153 igitur
1263 2083 1436 2152 legata
1473 2082 1540 2137 ad
1574 2099 1661 2138 me
1691 2084 1920 2140 amitina
1977 2095 2070 2140 tua

502 2172 803 2241 eademque
843 2187 1073 2254 cognata
1107 2189 1228 2228 mea
1270 2175 1413 2243 (65),
1446 2175 1858 2246 petivisti,qu:e
1898 2178 2066 2232 nosti.

2179 1001 2364 1054 σϐείαν
2403 1002 2825 1074 ἀπεσταλμένην
2865 1005 3015 1060 θείαν
3055 1004 3218 1058 αὑτοῦ
3263 1005 3400 1075 πρὸς
3433 1004 3736 1068 Βυζάντιον

2172 1093 2452 1163 ἐξέπεμψε
2527 1095 2828 1165 βασιλεὺς,
2892 1095 3141 1166 μηνύσας
3212 1094 3289 1165 τῷ
3351 1095 3566 1164 βασιλεῖ
3637 1096 3739 1149 καὶ

2173 1185 2385 1256 πάππῳ
2437 1186 2698 1239 τοιαῦταο
2750 1187 2901 1240 Ἔδει
2953 1188 3074 1257 μὲν,
3109 1181 3154 1241 ὦ
3194 1187 3452 1256 κράτιστε
3485 1185 3736 1254 βασιλεῦ,

2176 1275 2342 1343 μηδὲν
2372 1275 2480 1328 τῶν
2508 1278 2895 1346 γεγενημένων
2920 1277 3056 1346 μηδὲ
3086 1277 3184 1348 τὴν
3219 1278 3392 1346 ἀρχὴν
3420 1277 3736 1344 κινηθῆναι.

2186 1363 2330 1431 Ἐγὼ
2360 1364 2492 1434 γὰρ,
2516 1365 2651 1436 ὅπερ
2675 1365 2936 1430 πολλάκις
2961 1361 3136 1429 εἷπον,
3165 1366 3256 1418 τὸν
3278 1364 3433 1420 πάντ’
3456 1364 3741 1432 ἐφορῶντα

2177 1455 2534 1527 μαρτύρομαι
2563 1456 2862 1526 ὀφθαλμὸν,
2914 1458 2990 1520 ὡς
3036 1458 3185 1512 οὐδὲν
3240 1457 3463 1526 ἐμαυτῷ
3495 1455 3737 1518 σύνοιδα,

2175 1547 2320 1617 πλὴν
2359 1550 2408 1600 εἰ
2459 1549 2536 1620 μὴ
2607 1550 2780 1622 μικρά
2825 1568 2950 1604 τινα
3005 1552 3102 1604 καὶ
3165 1550 3400 1613 παιδίοις
3451 1549 3734 1619 πρέποντα

2173 1641 2539 1712 ἡμαρτηκότι.
2587 1643 2744 1696 Ἐπεὶ
2791 1643 2835 1697 δ’
2898 1643 3042 1697 οὕτω
3089 1643 3472 1714 συνεχώρησεν
3513 1644 3542 1694 ό
3601 1641 3738 1700 Θεὸς

2173 1733 2324 1801 ἐμῶν
2352 1733 2518 1787 ἕνεκα
2559 1735 2776 1798 πάντως
2825 1735 3069 1806 ἀπείρων
3101 1733 3537 1804 ἁμαρτημάτων,
3570 1729 3737 1782 πάλιν

2173 1825 2321 1894 αὐτῷ
2372 1828 2602 1896 γάριτας
2655 1828 2904 1896 ὁμολογῶ
2955 1826 3174 1891 πολλὰς,
3227 1826 3310 1878 ὅτι
3367 1823 3442 1894 μὴ
3474 1822 3739 1893 πρότερον

2173 1918 2447 1970 κατέλυσα
2472 1917 2569 1987 τὴν
2604 1918 2774 1987 Cornw-
2801 1919 2932 1988 πρὶν
2965 1917 3274 1985 ἐπιτηδείου
3312 1913 3506 1983 καιροῦ
3549 1916 3732 1982 τυχεῖν

2171 2007 2368 2074 οὕτως,
2402 2009 2542 2060 ὥστε
2580 2009 2873 2078 δυνηθῆναι
2915 2008 3009 2062 καὶ
3047 2007 3108 2060 τὸ
3149 2007 3333 2062 ἄδολον
3385 2005 3482 2076 τῆς
3509 2005 3737 2073 γνώμης

2174 2102 2270 2154 καὶ
2301 2102 2396 2172 τὴν
2444 2113 2523 2166 εις
2579 2102 2638 2155 σὲ
2675 2102 2986 2156 εὐπείθειαν
3024 2100 3124 2153 καὶ
3175 2099 3468 2170 δουλότητα
3495 2097 3735 2165 φανερὰν

2175 2194 2544 2263 καταστῆσαι.
2589 2195 2660 2248 Σὺ
2694 2194 2794 2263 μὲν
2847 2190 2963 2258 οὖν,
2994 2187 3038 2247 ὦ
3069 2191 3316 2263 βασιλεῦ,
3361 2193 3459 2262 τῆς
3502 2189 3602 2258 σῆς
3638 2188 3735 2258 μὲν
3838 2209 3845 2214 ·

503 2263 668 2331 Atqui
708 2239 810 2333 ego
857 2239 1140 2333 a'vmagno
1191 2239 1524 2334 imperatore
1586 2239 1707 2321 Deo,
1749 2239 2065 2337 suppliciter

2174 2239 2426 2356 ἀνεψιᾶςί
2455 2286 2595 2357 ὲμῆς
2634 2239 2897 2350 δὲΓθείας,
2936 2239 3474 2356 όιαπιρεσόευομένης
3528 2239 3736 2351 ᾔτησας

502 2357 798 2418 contendo,
826 2365 886 2410 ut
915 2355 970 2410 in
1009 2356 1202 2424 longos
1229 2371 1404 2412 annos
1432 2357 1597 2411 vitam
1633 2358 1926 2422 extendas,
1962 2358 2065 2413 im-

501 2457 714 2522 perium
743 2455 1050 2509 Romanum
1084 2456 1382 2524 gubernes,
1402 2463 1460 2509 et
1485 2471 1588 2525 ego
1616 2455 1790 2509 instar
1817 2455 1964 2510 servi
2013 2463 2070 2510 et

503 2546 599 2600 lilii
660 2547 927 2616 imperata
982 2555 1070 2600 tua
1131 2562 1438 2616 exsequar;
1499 2547 1832 2615 procedente
1884 2556 2067 2601 autem

506 2648 770 2709 tempore,
804 2655 924 2708 qua:
942 2638 1018 2693 illi
1050 2639 1380 2708 placuerint,
1418 2638 1486 2692 de
1519 2637 1679 2692 nobis
1710 2637 2016 2692 constituat
2051 2654 2066 2693 :

501 2742 575 2794 et,
609 2731 654 2784 si
687 2732 839 2801 prius
873 2731 1091 2795 obeam,
1117 2741 1176 2784 ut
1208 2733 1264 2785 in
1294 2741 1346 2785 te
1381 2738 1553 2784 totum
1584 2731 1871 2785 recumbat
1901 2731 2073 2799 impe-

505 2823 670 2883 rium,
717 2836 846 2890 quo,
874 2837 997 2891 qua:
1026 2821 1171 2875 factu
1215 2821 1368 2874 utilia
1395 2821 1699 2884 censueris,
1731 2836 1794 2875 ea
1822 2831 2066 2890 praestes.

503 2913 598 2967 Sin
633 2922 690 2968 tu
726 2911 792 2967 ad
822 2914 1138 2968 mansiones
1185 2915 1306 2968 illas
1339 2914 1708 2986 sempiternas
1733 2912 1904 2968 fueris
1939 2929 2068 2968 evo-

503 3016 679 3072 catus,
716 3017 775 3061 ut
803 3006 934 3060 mihi
960 3005 1144 3060 denuo
1193 3005 1537 3075 principatus
1569 3003 1848 3060 Romanus
1892 3005 2066 3060 relin-

501 3110 722 3169 quatur.
753 3101 858 3170 73
891 3099 1000 3154 Sed
1030 3100 1134 3154 ista
1162 3099 1414 3168 quidem,
1447 3107 1508 3153 ut
1541 3099 1655 3152 Deo
1681 3097 1940 3168 placitum
1962 3098 2070 3154 erit

502 3194 642 3264 (66),
674 3194 745 3246 ita
786 3207 844 3247 se
871 3191 1130 3246 habeant.
1161 3191 1324 3246 Nunc
1351 3192 1676 3246 necessitate
1737 3191 2071 3246 reverentia-

502 3298 616 3354 que
671 3282 1094 3347 dissidentibus,
1144 3280 1445 3337 necessitas
1489 3280 1645 3344 vicit,
1698 3289 1756 3334 et
1809 3280 2069 3335 indecore

501 3377 863 3446 imperiteque
892 3377 1076 3430 dicere
1137 3377 1428 3444 facereque
1447 3374 1730 3444 compulit.
1749 3373 1885 3430 Cum
1916 3389 2070 3428 nam-

499 3485 606 3541 que
631 3478 686 3523 et
717 3469 989 3540 nosipsos,
1021 3478 1077 3523 et
1100 3469 1377 3532 civitates,
1407 3475 1464 3523 et
1497 3469 1781 3538 pecunias,
1818 3477 1874 3522 et
1903 3467 2064 3522 simul

2171 2380 2272 2433 ὅσα
2300 2375 2468 2442 οἶδας.
2513 2377 2656 2446 Ἐγὼ
2695 2378 2741 2430 δ’
2766 2379 2826 2430 ὲν
2869 2376 3078 2440 ἱκεσίας
3125 2377 3282 2447 μέρει
3314 2374 3464 2446 παρὰ
3509 2373 3603 2426 τοῦ
3631 2389 3731 2440 με-

2173 2474 2342 2541 γάλου
2375 2472 2638 2542 βασιλέως
2670 2471 2806 2526 αἰτῶ
2849 2472 2944 2525 καὶ
2976 2470 3132 2535 Θεοῦ,
3175 2469 3234 2522 σὲ
3268 2469 3367 2537 μὲν
3399 2469 3491 2520 ἐπὶ
3521 2465 3736 2526 πολλοῖς

2172 2564 2348 2617 ἔτεσιν
2393 2565 2452 2616 ὲν
2493 2561 2658 2627 ζῶσιν
2710 2561 2872 2626 εἶναι,
2932 2563 3024 2616 καὶ
3073 2560 3171 2632 τὴν
3233 2560 3520 2624 Ῥωμαίων
3563 2557 3734 2628 ἀρχὴν

2177 2654 2408 2708 ίθύνειν⁹
2441 2654 2542 2724 ἐμὲ
2569 2655 2644 2720 ,δὲ
2675 2649 2764 2708 οἷα
2805 2653 2990 2708 δοῦλον
3022 2652 3113 2705 σὺν
3160 2652 3254 2704 καὶ
3279 2651 3394 2702 υἱὸν
3429 2644 3460 2719 ᾖ
3492 2648 3733 2710 κελεύεις

2171 2748 2334 2810 αὐτὸς
2381 2747 2440 2800 τδ
2481 2746 2953 2819 προσταττόμενον
3014 2743 3348 2815 ἐκπληροῦν,
3383 2741 3476 2797 τοῦ
3527 2741 3722 2812 χρόνου

2169 2838 2235 2909 δὴ
2265 2841 2567 2908 προϊόντος,
2600 2838 2636 2893 ἃ
2675 2839 2824 2906 φίλον
2871 2839 2991 2892 ἐστὶ
3039 2835 3158 2906 Θεῷ
3212 2834 3418 2889 τοιαῦτ’
3443 2834 3735 2901 οἰκονομη-

2173 2931 2332 3000 θῆναι
2371 2931 2499 3001 περὶ
2546 2931 2713 3000 ἡμᾶς.
2762 2929 2826 2984 ΕΞ
2857 2930 2956 3000 μὲν
2990 2929 3083 2983 οὖν
3115 2930 3378 3000 πρότερος
3409 2927 3570 2988 αὐτὸς
3600 2928 3738 2978 ἁπο-

2172 3022 2283 3077 στῶ
2329 3023 2422 3076 τοῦ
2463 3023 2582 3093 ζῇν,
2643 3023 2735 3075 ἐπὶ
2771 3022 2853 3074 σοὶ
2897 3023 2995 3091 τὴν
3041 3021 3217 3092 ἀρχὴν
3267 3017 3480 3072 κεῖσθαι
3529 3018 3736 3075 πᾶσαν,

2169 3111 2299 3166 ὥσθ’
2351 3113 2387 3166 ὅ.
2439 3131 2520 3166 σοι
2567 3113 2714 3167 δοκει
2760 3113 3090 3182 συμφέρειν,
3140 3112 3333 3164 ποιεῖν.
3367 3107 3428 3162 El
3456 3106 3498 3159 δ’
3531 3106 3642 3178 ἄρα
3674 3105 3739 3158 σύ

2171 3222 2235 3274 γε
2289 3204 2423 3274 πρὸς
2481 3204 2581 3268 τὰς
2625 3203 2876 3266 αἰωνίους
2929 3202 3318 3272 μετακληθήσῃ
3373 3198 3562 3268 μονὰς,
3614 3195 3746 3266 ἐμοὶ⁵

2170 3297 2335 3351 πάλιν
2391 3296 2490 3366 τὴν
2559 3296 2864 3366 ἠγεμονίαν
2926 3295 3218 3363 Ῥωμαίων
3283 3288 3741 3358 καταλειφθῆναι.

2169 3391 2354 3445 Ταῦτα
2394 3390 2494 3456 μὲν
2542 3389 2634 3444 οὖν
2675 3391 2798 3444 ὅποι
2840 3388 2916 3458 τῷ
2945 3387 3068 3457 Θεῷ
3120 3387 3294 3456 φίλον,
3337 3382 3573 3448 ἀγέσθω.
3603 3381 3750 3432 Νυνὶ

2167 3481 2224 3534 δὲ
2256 3482 2502 3550 ἀνάγκης
2551 3496 2610 3534 τε
2659 3480 2754 3534 καὶ
2798 3479 2979 3542 αἰδοῦς
3024 3474 3410 3553 μεριζομένης,
3451 3472 3676 3540 ἴσχυσεν
3710 3469 3746 3538 ἡ

499 3561 682 3616 omnia
717 3560 772 3614 in
807 3575 1002 3614 manus
1031 3570 1154 3614 tuas
1190 3561 1405 3615 tradere
1432 3559 1730 3623 decuisset,
1754 3559 1972 3614 duabus
1995 3559 2062 3613 de

2173 3573 2408 3640 ἀνάγκη,
2461 3573 2556 3624 καί
2607 3588 2660 3624 τι
2705 3571 2814 3623 τῶν
2878 3569 2954 3642 μὴ
2996 3567 3381 3640 προσηκόντων
3435 3562 3529 3616 καὶ
3579 3563 3756 3614 άπαιο

498 3658 678 3712 causis
709 3672 870 3712 secus
893 3672 1054 3726 agere
1086 3657 1260 3710 coacti
1291 3670 1501 3710 sumus.
1534 3654 1674 3721 Una,
1708 3655 1854 3725 quod
1889 3671 2062 3709 meant

501 3749 602 3806 tibi
651 3747 994 3819 gratificandi
1049 3748 1390 3802 voluntatem
1445 3745 1582 3816 (67),
1633 3746 2063 3810 observantiam,

502 3841 770 3908 pudOrem
814 3853 942 3908 erga
979 3846 1032 3891 te
1071 3838 1218 3892 Deus
1254 3837 1424 3901 novit,
1460 3837 1550 3892 cui
1599 3837 1820 3891 occuli!
1854 3845 2064 3906 patent.

497 3945 554 3990 et
581 3934 698 4004 ipse
729 3933 945 4002 quoties
971 3931 1190 3986 occasio
1209 3930 1358 3996 tulit,
1391 3929 1743 3985 evidentibus
1775 3945 2065 4000 argumen-

503 4025 573 4079 tis
606 4025 724 4081 htec
760 4023 1002 4079 ostendi.
1049 4023 1304 4078 Confisus
1355 4023 1542 4091 itaque
1589 4037 1733 4086 sum,
1774 4030 1825 4075 te
1862 4022 2063 4090 pari‘in

501 4130 587 4170 me
614 4115 798 4168 animo
827 4114 963 4178 fore,
995 4123 1388 4183 paternamque
1408 4115 1832 4182 propensionem
1863 4123 1920 4166 et
1969 4128 2068 4167 na-

501 4205 733 4258 turalem
773 4205 916 4258 illan)
975 4204 1300 4258 clraritatem
1349 4219 1478 4274 erga
1513 4218 1598 4257 me
1643 4205 1918 4257 sinceram
1977 4204 2064 4257 in-

500 4305 934 4363 corruptamque
971 4303 1347 4347 servaturum.
1401 4293 1509 4347 Sed
1549 4307 1674 4349 cum
1717 4308 1900 4349 rerum
1933 4309 2066 4346 con-

501 4383 640 4436 ditio
687 4382 878 4437 istlraec
913 4391 1230 4438 constanter
1284 4382 1698 4436 demonstrandi
1752 4382 2063 4438 facultatem

505 4473 599 4528 tibi
627 4473 870 4528 nondum
899 4473 1185 4534 obtulerit.
1221 4472 1386 4526 nolim
1419 4472 1626 4526 idcirco
1660 4471 1892 4540 alicujus
1925 4473 2064 4527 uilli-

503 4566 702 4620 dentia:
730 4581 760 4618 a
795 4581 1071 4636 quoquam
1099 4563 1452 4634 reprehendi.
1481 4563 1687 4627 Altera,
1725 4565 1778 4618 in
1812 4580 1916 4632 qua
1944 4565 2066 4635 plus

504 4656 763 4711 momenti
825 4665 910 4710 est
951 4669 1015 4711 ac
1051 4653 1352 4726 ponderis;
1385 4665 1674 4726 postquam
1723 4655 1792 4713 de
1821 4657 2066 4713 exercitu

2173 3665 2405 3719 δούντων
2445 3665 2540 3717 καὶ
2586 3664 2766 3731 λέγειν
2797 3663 2890 3714 καὶ
2930 3664 3190 3729 πράττειν
3246 3657 3559 3726 βιαζομένη.
3609 3656 3755 3708 Δέον
3862 3687 3866 3692 -

2173 3755 2281 3827 γάρ
2312 3754 2404 3807 καὶ
2434 3755 2582 3825 ἡμᾶς
2629 3755 2827 3815 αὐτοὺς
2865 3753 2962 3804 καὶ
3001 3750 3183 3814 πόλεις
3221 3748 3318 3801 καὶ
3348 3749 3605 3817 χρήματα
3647 3745 3757 3798 καὶ

2174 3843 2308 3913 όμοῦ
2357 3844 2534 3896 πάντα
2575 3859 2656 3894 σοι
2711 3839 3061 3910 ἐγχειρίζειν,
3123 3837 3269 3888 δυοῖν
3323 3836 3486 3886 ἕνεκα
3547 3831 3752 3884 αἰτιῶν
3859 3843 3862 3846 ·

2176 3935 2376 4006 ἑτέρως
2411 3931 2804 4002 ἠναγκάσμεθα
2855 3932 3047 3983 ποιεῖν.
3087 3929 3180 3980 Ἓν
3225 3927 3346 3997 μὲν,
3387 3927 3468 3978 ὅτι
3503 3922 3597 3993 τὴν
3637 3922 3753 3991 μὲν

2175 4024 2315 4093 ἐμὴν
2354 4021 2434 4084 εἰς
2464 4021 2526 4073 τὸ
2554 4021 2620 4074 τά
2652 4036 2734 4072 σοι
2789 4018 2916 4086 φίλα
2973 4019 3233 4087 πράττειν
3277 4015 3597 4084 προαίρεσιν
3647 4014 3754 4064 καὶ

2173 4112 2271 4182 τὴν
2311 4112 2440 4182 περὶ
2473 4111 2530 4163 σὲ
2562 4112 2728 4180 τιμήν
2757 4127 2814 4162 τε
2857 4110 2950 4162 καὶ
2980 4108 3132 4170 αίδῶ,
3177 4107 3306 4169 Θεός
3335 4123 3394 4158 τε
3427 4102 3562 4157 οἶδεν
3603 4106 3633 4156 ό
3680 4106 3756 4156 τὰ

2175 4205 2530 4273 κεκρυμμένα
2550 4201 2724 4264 εἰδὼς,
2750 4202 2841 4253 καὶ
2867 4201 3028 4262 αὐτὸς
3056 4199 3164 4251 τῶν
3190 4198 3528 4266 πραγμάτων
3559 4211 3724 4263 παρα

2167 4285 2402 4364 σχόντων
2431 4289 2636 4362 ἐναργῆ
2666 4294 2764 4363 τὴν
2801 4289 3069 4360 ἀπόδειξιν
3093 4289 3460 4359 ἐποιησάμην.
3495 4287 3754 4339 Πέποιθα

2171 4386 2269 4455 μὲν
2298 4382 2412 4450 οὖν,
2447 4367 2522 4449 ὧς
2555 4385 2650 4438 καὶ
2699 4385 2860 4448 αὐτὸς
2902 4382 3186 4454 διατεθέσῃ
3244 4381 3339 4434 τὸν
3389 4382 3500 4432 ἴσον
3537 4381 3756 4449 τρόπον

2167 4477 2299 4545 περὶ
2354 4476 2475 4546 ἐμὲ,
2541 4477 2635 4530 καὶ
2693 4477 2793 4545 τὴν
2844 4469 3116 4546 πατρικὴν
3173 4473 3461 4542 εὐμένειαν
3498 4471 3594 4521 καὶ
3640 4473 3754 4540 τὴν

2169 4569 2403 4639 φυσικὴν
2433 4568 2670 4640 στοργήν
2691 4567 2878 4622 ἄδολον
2904 4567 3028 4636 ἐμοὶ
3053 4565 3313 4636 τηρήσεις
3343 4564 3436 4616 καὶ
3465 4561 3750 4631 καθαράν.

2165 4660 2333 4715 Οὔπω
2378 4661 2436 4714 δὲ
2467 4661 2565 4732 τὴν
2621 4650 2900 4724 ἀπόδειξιν
2949 4657 3178 4729 βεϐαίαν
3232 4657 3340 4710 τῶν
3390 4654 3751 4728 πραγμάτων

1772 4810 1989 4873 Jacobi
2018 4812 2284 4874 Pontani
2316 4819 2503 4875 notae.

574 4971 687 5035 (6‘5)
725 4966 1316 5040 Necessariopropter
1361 4967 1771 5040 distinctionem
1824 4968 2058 5024 diversis

2173 4969 2294 5040 phio
2320 4967 2733 5040 Basilii.}ratt'tu
2764 4969 2878 5040 μὲν
2906 4966 3132 5040 οὖνλόπη
3181 4967 3424 5040 τῷξΘεῷ
3477 4971 3633 5037 φίλον
3677 4970 3752 5022 ἆ·-

501 5041 731 5094 vocibus
763 5038 851 5109 hic
890 5039 992 5109 ista
1043 5037 1155 5090 duo
1205 5038 1582 5109 transferenda
1618 5047 1748 5093 sunt
1773 5079 1787 5100 ,
1825 5055 2058 5108 quorum
2163 5037 2364 5105 γέσθω.
2398 5039 2629 5093 cuilibet
2651 5037 2795 5092 bono
2822 5037 3138 5109 Christiano
3159 5037 3360 5107 sar-pius
3392 5037 3746 5109 usurpanda.

505 5107 1006 5179 utrumqueAlatius
1045 5108 1410 5179 significatum
1462 5109 1666 5161 habere
1719 5107 1884 5177 supra
1941 5125 2059 5163 mo-

436 5214 438 5217 -
502 5176 746 5233 nnimns.
789 5176 926 5232 Vere
960 5176 1140 5231 autem
1192 5178 1449 5247 Eugenia,
1493 5176 1802 5233 Andronici
1836 5179 2060 5246 majoris

503 5251 726 5304 amitina
758 5249 877 5310 fuit,
915 5247 959 5300 si
994 5249 1202 5302 amitini
1253 5246 1382 5301 sunt
1431 5246 1660 5300 fratrum
1696 5259 1752 5301 et
1807 5262 2058 5300 sororum

501 5319 686 5374 liberi.
720 5319 949 5373 Michael
984 5320 1129 5372 enim
1180 5317 1515 5386 PalatolOgus
1555 5317 1850 5370 Andronici
1885 5327 2059 5386 pater,

503 5391 647 5443 idem
682 5389 872 5443 matris
911 5387 1163 5456 Eugeniae
1202 5388 1371 5440 frater
1395 5426 1409 5448 ,
1459 5401 1661 5453 quant,
1707 5387 2065 5454 respicientes

500 5459 874 5525 Andronicum
906 5458 1183 5527 juniorem
1210 5499 1224 5523 ,
1262 5456 1496 5527 senioris
1540 5465 1814 5527 nepotem,
1863 5471 2064 5527 conso-

505 5531 716 5582 brinam
754 5524 1011 5582 vocemus
1039 5528 1184 5591 licet,
1219 5524 1367 5580 aliud
1408 5525 1555 5578 enim
1588 5525 1758 5595 magis
1781 5526 2062 5594 proprium

504 5616 610 5654 tton
643 5597 972 5666 suppeditat.

580 5664 906 5735 (tibi—Vorm
940 5675 1068 5718 sunt
1113 5665 1356 5736 Gregorii
1406 5664 1735 5720 Nazianzcni
1791 5664 1842 5719 in
1886 5668 2062 5735 epita-

2169 5109 2236 5163 Ut
2262 5120 2318 5163 et
2347 5110 2460 5170 illa,
2497 5112 2593 5162 ἐὰν
2627 5109 2758 5172 Θεὸς
2779 5109 2929 5178 θέλῃ,
2963 5108 3100 5161 Θεοῦ
3141 5109 3407 5174 θέλοντος,
3463 5108 3562 5161 σὺν
3593 5109 3746 5178 Θεῷ,

2166 5187 2223 5232 et
2251 5179 2469 5233 similia.
3123 5190 3128 5194 '

2242 5247 2355 5316 (67)
2387 5248 2499 5300 Cur
2524 5262 2684 5302 secus
2704 5264 2864 5318 agere
2884 5264 3048 5318 quam
3079 5249 3355 5303 decuisset
3395 5257 3449 5303 et
3473 5248 3754 5306 voluisset

2169 5318 2493 5388 compulsus
2513 5319 2604 5379 sit,
2638 5319 2872 5386 primam
2907 5335 3127 5373 causam
3154 5335 3276 5373 esse
3303 5319 3398 5378 ait.
3434 5318 3578 5387 quod
3606 5335 3764 5388 aVns

2171 5401 2298 5457 erga
2329 5401 2388 5440 se
2421 5387 2676 5440 atl‘ectum
2711 5397 2995 5457 paternum
3027 5391 3265 5442 exuerit.
3303 5389 3408 5442 Sed
3437 5403 3549 5440 rem
3579 5389 3751 5444 valde

2173 5456 2404 5509 civiliter
2458 5466 2513 5509 et
2553 5456 2833 5525 eleganter
2877 5459 3152 5527 praponit,
3233 5475 3300 5511 ne
3353 5473 3515 5511 avum
3568 5461 3750 5513 verbo

2171 5527 2393 5598 duriore
2423 5527 2700 5598 oll‘endat;
2733 5539 2790 5598 et
2837 5529 2978 5598 quod
3012 5528 3174 5596 obiici
3211 5529 3279 5582 de
3313 5542 3370 5582 se
3417 5535 3668 5598 poterat,
3695 5530 3750 5582 ei

2172 5613 2199 5666 a
2239 5595 2512 5664 principio
2561 5595 3208 5666 occurrit,'allirmans,
3242 5611 3362 5651 sese
3402 5606 3586 5666 partes
3640 5596 3754 5654 filii

2173 5665 2299 5720 boni
2329 5681 2437 5720 non
2468 5665 2738 5722 omisisse.
2762 5693 2765 5697 -
