3952 6204
288 255 384 319 Μ

1469 259 1794 319 JOANNlS
1833 254 2364 317 CANTACUZENI

3420 243 3530 308 18.3

283 362 452 417 multa
485 361 538 418 ei
568 360 812 418 vicissim
862 363 1029 424 bona.
1069 378 1176 417 non
1231 380 1282 418 in
1321 379 1423 420 uac
1463 372 1704 429 tantum,
1745 378 1840 416 ve-

1948 358 2086 414 εἷναι
2128 365 2220 414 καὶ
2255 363 2634 432 ονομάζεσθαι.
2683 361 2909 417 Μέλλων
2955 361 3002 414 δ’
3042 352 3198 420 αὖθις
3227 358 3326 430 τὴν
3352 358 3528 429 αὐτὴν

281 471 401 509 rum
423 455 585 509 etiam
623 454 676 508 in
708 455 794 509 illa
826 454 1126 509 immortali
1154 455 1261 508 vita
1294 470 1324 508 a
1350 456 1460 509 Deo
1495 469 1841 522 comprecor.

277 545 481 600 Adhazc
512 545 850 600 moderatum
902 547 1023 617 ejus
1065 547 1342 616 ingenium
1377 547 1693 616 probosque
1723 559 1843 599 mo-

279 639 391 701 res;
424 648 590 706 atque
624 637 678 690 in
713 638 862 691 ontui
895 637 1182 692 honestate
1212 654 1536 708 progressus
1560 641 1840 705 admiror;

278 727 422 798 quod
450 728 687 798 juvenis,
733 739 788 783 et
815 730 1138 796 imperator.
1190 730 1469 796 multoque
1504 731 1842 788 adversariis

277 817 562 885 superior;
598 818 742 871 unde
784 818 1069 886 probabile
1105 817 1291 882 ﬁebat,
1328 821 1562 874 subnixe
1588 822 1840 875 ambula-

281 918 483 974 lurum,
524 909 948 979 arrogantisque
1002 910 1295 976 tumidum,
1330 919 1425 965 aut
1473 911 1746 980 ingratum
1784 912 1839 965 in

277 1011 378 1050 nos
404 981 676 1061 futurum,
712 1010 805 1052 aut
839 1009 1012 1062 certe,
1045 1016 1167 1068 quae
1199 1015 1301 1054 nos
1334 1001 1656 1070 petebamus
1684 1003 1844 1056 evul-

278 1089 418 1155 gatis
446 1128 461 1154 ,
507 1089 708 1144 deinde
742 1105 865 1159 qua:
914 1091 1016 1160 ipsi
1056 1092 1442 1146 collibuissent
1491 1093 1840 1163 largiturum,

277 1190 334 1234 ut
362 1181 463 1234 sibi
491 1181 850 1250 plauderctur
894 1183 965 1238 ab
990 1184 1281 1244 omnibus;
1320 1184 1458 1239 nihil
1489 1185 1685 1239 horum
1717 1201 1843 1255 per-

275 1274 529 1339 petravit,
580 1275 673 1328 sed
725 1276 1047 1344 petitionem
1079 1291 1254 1330 meam
1301 1278 1394 1330 uni
1435 1291 1632 1346 magno
1659 1277 1844 1330 dome-

275 1365 414 1419 stico
443 1366 719 1434 aperiens,
766 1367 1177 1436 prudenterque
1232 1384 1296 1422 ac
1347 1369 1595 1422 modeste
1655 1369 1838 1423 admo-

275 1457 404 1509 dum
435 1457 797 1525 respondens,
831 1457 1104 1526 duplicem
1162 1461 1324 1523 nobis
1364 1462 1593 1531 gratiam
1631 1462 1843 1530 persol-

276 1547 354 1599 vit
375 1585 390 1609 ,
441 1561 553 1599 non
581 1550 758 1601 solum
789 1549 937 1618 quod
980 1549 1225 1603 Romano
1248 1551 1484 1620 imperio
1505 1551 1616 1621 jam
1644 1559 1759 1604 toto
1788 1551 1844 1605 iu

275 1653 403 1691 cum
458 1636 788 1701 inclinante,
837 1648 1046 1708 partem
1087 1642 1309 1705 retinet,
1372 1643 1646 1710 reliquum
1677 1657 1842 1696 omne

277 1727 438 1781 nobis
481 1728 679 1793 cedit;
717 1745 909 1784 verum
972 1735 1162 1794 etiam,
1199 1732 1346 1801 quod
1417 1734 1584 1787 reb-us
1634 1735 1842 1788 nostris

279 1830 386 1872 tam
432 1819 788 1875 vehementer
819 1821 1408 1886 laborantibus,-nulio
1448 1823 1588 1878 fastu
1635 1824 1841 1878 insole-

273 1909 402 1961 scit.
444 1907 522 1962 Ex
568 1923 680 1976 quo
717 1909 937 1978 penitus
984 1910 1058 1964 ita
1093 1912 1293 1976 sentio,
1343 1927 1628 1981 nunquam
1662 1913 1715 1967 ei
1753 1927 1843 1965 ve-

278 2000 425 2053 uissc
459 2001 512 2052 in
547 2011 806 2063 utentem,
839 2002 924 2055 vel
956 2002 1279 2070 particulam
1326 2002 1702 2073 despicientiae
1745 2019 1847 2057 no-

279 2092 378 2146 stri
433 2106 548 2161 pra;
590 2107 648 2146 se
689 2091 856 2156 ferre,
911 2095 1006 2149 sed
1062 2094 1430 2149 reverentiam
1479 2111 1543 2148 ac
1585 2095 1844 2165 pietatem

277 2185 559 2252 antiquam
590 2200 716 2254 erga
752 2201 850 2239 nos
874 2186 1175 2243 custodire.
1213 2187 1346 2240 illud
1395 2195 1576 2242 tamen
1610 2187 1845 2241 maxime

273 2275 485 2328 cruciat
515 2275 782 2340 animum,
824 2276 970 2345 quod
1005 2292 1128 2331 cum
1159 2278 1305 2346 apud
1347 2295 1405 2333 se
1436 2279 1622 2346 plures
1644 2288 1700 2333 et
1721 2294 1846 2348 pro-

275 2365 373 2418 bos
425 2377 480 2419 et
503 2367 786 2436 sanguinis
813 2369 1226 2423 necessitudine
1249 2372 1577 2440 coniunctos
1595 2371 1844 2433 haberet,

279 2453 375 2526 'per
421 2473 559 2526 quos
601 2460 974 2528 juramentum
1029 2476 1057 2513 a
1091 2461 1256 2514 nobis
1304 2462 1597 2530 reciperet,
1648 2461 1843 2516 horum

277 2550 514 2610 nullum.
541 2550 637 2604 sed
700 2550 1116 2618 Apocauchum,
1163 2551 1461 2605 obscurum
1489 2566 1557 2605 ex
1591 2551 1848 2606 obscuris

281 2651 469 2696 natum
511 2643 679 2706 misit,
719 2643 814 2712 qui
851 2646 1169 2712 nuperrime
1197 2644 1545 2698 exactionum
1575 2647 1844 2698 coactori-

279 2729 383 2784 bus
423 2731 684 2798 scriptum
720 2730 975 2786 faciebat.
1012 2732 1334 2802 Quanquam
1391 2735 1546 2802 quasi
1580 2734 1844 2804 quiddam

277 2821 560 2890 singulare
623 2822 865 2876 dicerem
896 2861 912 2884 ,
964 2825 1112 2892 quod
1171 2825 1471 2882 absurdius
1512 2836 1601 2882 est
1656 2827 1842 2881 omisi.

283 2911 435 2965 Idem
467 2913 615 2966 enim
663 2914 1026 2983 Apocauchus
1067 2930 1191 2969 cum
1224 2918 1413 2971 multis
1445 2932 1531 2972 me
1562 2918 1848 2986 promissis

1947 455 2174 522 ἀνεψιὰν
2206 453 2373 508 αὐτοῦ
2422 455 2557 524 πρὸς
2597 453 2822 523 βασιλέα
2875 453 2968 506 τὸν
3017 451 3139 504 νέον
3179 453 3416 519 πέμπειν
3445 449 3529 510 ὡς

1944 546 2072 606 τοὺς
2099 545 2232 616 παρ’
2269 545 2479 597 ἐκείνου
2513 545 2826 614 ληψομένην
2850 545 3070 611 ὅρκους,
3113 540 3407 610 ἀνιώμενος
3435 541 3521 592 ὅτι

1947 637 2020 702 μὴ
2049 634 2156 686 τῶν
2192 633 2251 686 εὖ
2295 633 2595 702 γεγονότων
2639 651 2748 696 τις,
2800 631 2916 684 ἀλλ’
2967 631 3301 699 Ἀπόκαυχος
3336 630 3423 681 ἐπὶ
3455 629 3524 680 τὸ

1943 726 2070 787 τούς
2100 726 2294 794 ὅρκους
2318 724 2658 793 παραλαϐεῖν
2685 722 3008 782 ἀπέσταλτο,
3039 721 3138 790 ἔφη
3165 721 3302 788 πρὸς
3325 720 3520 787 αὐτήν·

1946 818 2058 884 Τῆς
2103 816 2202 885 μὲν
2231 817 2308 877 εἰς
2340 815 2437 883 ἐμὲ
2477 814 2659 877 αἰδοῦς
2694 814 2786 865 καὶ
2832 812 3172 882 προμηθείας
3204 828 3262 862 τε
3308 812 3399 862 καὶ
3431 827 3523 860 τι-

1947 908 2074 978 μῆς,
2114 905 2324 959 πολλῶν
2375 905 2605 975 ἀμοιϐὰς
2645 903 2864 973 ἀγαθῶν
2910 904 3138 972 εὐχομαι
3190 902 3266 972 τῷ
3311 899 3527 970 βασιλεῖ

1945 997 2038 1052 καὶ
2084 998 2201 1067 ἐμῷ
2228 997 2440 1066 ἐγγόνῳ
2466 997 2616 1066 παρὰ
2647 996 2804 1060 Θεοῦ,
2835 996 2894 1047 οὐ
2934 995 3090 1063 μόνον
3117 995 3254 1046 κατά
3282 992 3368 1045 τὸν
3393 991 3526 1060 τῇδε

1947 1094 2080 1164 βίον,
2125 1092 2259 1143 ἀλλὰ
2295 1094 2390 1144 καὶ
2438 1091 2558 1143 κατ’
2599 1091 2804 1142 ἐκεῖνον
2853 1089 2944 1140 τὸν
2977 1086 3348 1155 ἀτελεύτητον.
3389 1077 3526 1137 Ἔτι

1947 1182 2005 1235 δέ
2044 1198 2134 1250 μοι
2182 1181 2276 1232 καὶ
2318 1178 2621 1250 Θαυμάζειν
2654 1180 2833 1231 ἔπεισι
2881 1178 2942 1230 τό
2997 1192 3052 1230 τε
3101 1177 3321 1246 μέτριον
3367 1175 3525 1245 αὐτῷ

1941 1272 2034 1326 τοῦ
2065 1273 2246 1342 ῆυους,
2270 1273 2365 1324 καὶ
2392 1275 2490 1338 τὴν
2517 1270 2787 1339 εὐθύτητα
2816 1269 2908 1321 τοῦ
2931 1269 3154 1338 τρόπου,
3177 1269 3269 1319 καὶ
3298 1267 3358 1318 τὸ
3385 1267 3524 1335 πρὸς

1941 1366 2008 1416 τὰ
2057 1364 2196 1416 καλὰ
2254 1362 2506 1433 βεϐηκὸς,
2564 1363 2646 1414 ὅτι
2701 1361 2820 1423 νέος
2855 1359 2930 1412 ὢν
2984 1359 3078 1412 καὶ
3131 1359 3394 1429 βασιλεὺς,
3427 1361 3527 1409 καὶ

1947 1455 2100 1525 παρά
2137 1454 2274 1507 πυλύ
2306 1455 2412 1506 τῶν
2450 1451 2760 1507 ἀντιπάλων
2795 1451 3154 1520 κεκρατηκὼς
3188 1450 3244 1514 ἐξ
3277 1443 3350 1502 ὧν
3377 1450 3527 1509 εἰκὸς

1943 1538 2012 1613 ἦν
2044 1545 2178 1613 πρδς
2221 1541 2532 1612 φιλοτιμίαν
2567 1539 2882 1609 ἐπαρθῆναι
2931 1541 3023 1592 καὶ
3073 1539 3396 1607 φυσηοῆναι,
3429 1543 3520 1590 κα-

1946 1634 2330 1704 ἀγνωμονῆσαι
2356 1634 2483 1704 περὶ
2506 1635 2672 1702 ἡμᾶς,
2694 1631 2726 1702 ἦ
2754 1632 2876 1700 τόγε
2901 1630 3175 1700 δεύτερον,
3197 1629 3340 1699 ἅπερ
3365 1630 3528 1700 ᾐτού-

1948 1725 2090 1792 μεθα
2143 1725 2294 1778 αὐτοὶ
2349 1726 2647 1794 ποιήσαντα
2698 1721 2929 1791 φανερὰ,
2978 1718 3097 1775 εἶτα
3151 1721 3293 1790 άπερ
3329 1721 3528 1790 ἤθελεν

1945 1806 2104 1877 αὐτος
2136 1813 2490 1884 χαρίσασθαι,
2525 1813 2612 1865 ἵνα
2643 1812 2977 1881 θαυμάζοιτο
3007 1812 3156 1880 παρὰ
3187 1811 3421 1864 πάντων.
3459 1809 3524 1863 ’0

1943 1905 1988 1958 δ’
2015 1904 2233 1974 ἐποίησε
2262 1903 2500 1956 τοιοῦτον
2529 1903 2682 1956 οὐδέν
2711 1919 2726 1933 ο
2765 1902 2904 1954 ἀλλὰ·
2943 1903 3070 1965 τούς
3104 1901 3201 1970 μὲν
3245 1903 3407 1972 ἐμοὺς
3433 1900 3526 1952 λό-

1947 2015 2077 2066 γους
2109 1980 2434 2066 διετήρησεν
2465 1997 2523 2049 ὲν
2550 1996 2748 2067 ἀδήλῳ,
2777 1996 2990 2058 οὐδενὸς
3013 1982 3310 2064 ἐγνωκότος
3332 1994 3519 2064 ἐτέρου

1947 2089 2084 2158 πλὴν
2109 2089 2204 2141 τοῦ
2237 2087 2476 2158 μεγάλου
2505 2088 2830 2157 δομεστίκου
2871 2086 3034 2156 μόνου
3057 2102 3072 2116 ο
3106 2088 3269 2148 αὐτος
3310 2087 3367 2138 δὲ
3393 2089 3522 2150 τούς

1945 2181 2138 2249 λόγους
2169 2180 2408 2242 συνετῶς
2438 2178 2580 2248 ἄγαν
2624 2178 2720 2232 καὶ
2750 2179 2997 2247 κοσμίως
3025 2179 3405 2248 οἰκονομήσας,
3437 2179 3524 2230 δι-

1948 2273 2089 2338 πλῆν
2119 2275 2253 2340 ἡμῖν
2301 2273 2560 2326 κατέθετο
2611 2274 2708 2341 τὴν
2759 2272 2940 2341 χάριν,
2992 2273 3055 2324 οὐ
3112 2258 3280 2340 μόνον
3311 2271 3388 2340 τῷ
3419 2272 3523 2340 τῆς

1957 2365 2249 2433 Ῥωμαίων
2281 2365 2578 2431 ἡγεμονίας
2609 2363 2790 2432 πάσης
2821 2363 2921 2433 ἥδη
2948 2361 3084 2434 πρὸς
3111 2363 3272 2416 αὐτὸν
3311 2363 3523 2416 κλινου-

1949 2473 2048 2524 σης
2106 2458 2266 2526 μέρος
2319 2455 2418 2524 μέν
2466 2472 2519 2507 τι
2574 2457 3043 2524 παρακατασχεῖν,
3097 2453 3196 2522 τῆς
3245 2455 3436 2522 λοιπῆς
3472 2456 3501 2507 ὃ
3538 2455 3552 2464 ’

1949 2549 2165 2618 ἀπάσης
2194 2550 2326 2616 ἡμῖν
2359 2548 2776 2619 παραχωρῆσαι,
2809 2547 2942 2599 ἀλλά
2973 2549 3068 2602 καὶ
3096 2547 3173 2613 τῷ
3205 2546 3326 2618 μηδ’
3345 2545 3521 2611 οὕτως

1949 2643 2026 2704 είς
2067 2639 2247 2692 στενὸν
2282 2639 2478 2709 κομιδῆ
2532 2637 2601 2690 τὰ
2652 2638 2896 2707 ἡμέτερα
2941 2637 3237 2708 ἑληλακότα
3306 2639 3522 2707 ὲκπομ-
3583 2631 3596 2642 ’

1948 2731 2151 2783 πεῦσαι
2181 2729 2434 2799 θελῆσαι.
2482 2729 2572 2796 Ἐξ
2603 2723 2677 2782 ὧν
2709 2730 2809 2798 ἐμὲ
2837 2729 3128 2783 πεπεῖσθαι
3176 2730 3359 2797 σαφῶς
3387 2747 3524 2798 συμ-

1949 2821 2148 2886 ϐαίνει,
2185 2819 2261 2883 ὡς
2291 2819 2397 2871 οὐδ’
2425 2818 2571 2888 ἴχνος
2605 2823 3066 2889 καταφρονήσεως
3096 2820 3188 2874 ἐπὶ
3214 2819 3335 2872 νοῦν
3359 2815 3523 2890 ἦλθεν

1949 2911 2099 2981 αὐτῷ
2133 2910 2467 2975 ἐνδείξασθαι
2493 2911 2570 2972 εις
2607 2912 2726 2980 ἐμὲ,
2783 2911 2921 2965 ἀλλὰ
2952 2912 3051 2981 τὴν
3085 2912 3358 2980 προτέραν
3388 2912 3522 2964 αἰδῶ

277 3003 764 3065 circuinduxisset,
817 3021 936 3059 mea
971 3009 1302 3061 auctoritate
1349 3009 1427 3062 rei
1473 3010 1682 3066 salaria:
1709 3025 1842 3080 prae

1950 3006 2043 3056 καὶ
2071 3003 2360 3057 εὐλάϐειαν
2404 3003 2930 3066 ἀποσώζει.Ἐκεῖνο
2974 3003 3028 3055 δὲ
3063 3004 3161 3072 οὐχ
3194 3004 3394 3088 ἥκιστα
3430 3003 3521 3054 λυο

279 3092 460 3146 l'ectus
501 3104 608 3148 est.
665 3094 871 3150 Deinde
919 3098 1186 3165 promissa
1220 3099 1573 3168 posthabens,
1621 3117 1745 3155 cum
1778 3106 1845 3156 si~

279 3184 392 3238 mul
419 3200 610 3240 omnes
657 3201 688 3241 e
737 3187 851 3241 sale
883 3187 989 3257 75
1025 3189 1237 3244 reditus
1267 3190 1612 3256 deverasset,
1646 3203 1700 3248 et
1735 3209 1837 3266 ego

279 3276 488 3330 idcirco
546 3276 614 3332 de
673 3278 862 3333 multis
925 3294 1100 3347 pauca
1138 3281 1507 3347 requirerem,
1555 3284 1844 3339 occasione

280 3381 433 3430 usus,
461 3367 528 3420 ad
560 3376 815 3438 nepotem
842 3383 1022 3422 meum
1056 3369 1318 3439 profugit.
1343 3368 1476 3435 Quis
1504 3371 1672 3441 igitur
1695 3372 1846 3428 hunc

284 3455 566 3510 hominem
611 3466 898 3526 tantopere
948 3459 1016 3511 ab
1065 3459 1161 3511 illo
1205 3458 1537 3514 honoratum
1586 3475 1842 3526 cernens,

281 3556 340 3599 ut
369 3547 422 3600 in
451 3549 712 3616 negotiis,
742 3549 908 3603 etiam
962 3549 1322 3604 nobilissimis
1352 3549 1668 3605 homin—ibus
1691 3551 1844 3606 defe-

281 3638 486 3708 rendis,
515 3640 635 3709 ejus
653 3655 818 3709 opera
845 3649 1054 3702 utatur,
1079 3655 1188 3694 non
1208 3639 1261 3694 id
1292 3641 1362 3694 de
1383 3641 1650 3696 industria
1680 3657 1709 3695 a
1747 3643 1844 3697 ne-

276 3737 406 3798 pote
463 3729 531 3784 ad
590 3731 834 3786 dolorem
892 3731 1026 3785 mihi
1079 3731 1411 3787 inurendum
1470 3731 1846 3788 lraudulenter

275 3836 398 3877 esse
429 3833 802 3892 comparatum
826 3823 1150 3878 existimet?
1181 3824 1250 3878 Et
1278 3834 1339 3879 ut
1372 3824 1513 3879 istuc
1535 3825 1637 3879 hac
1663 3835 1845 3879 mente

277 3928 392 3966 non
424 3912 638 3976 fecerit,
679 3913 837 3967 multi
892 3921 1074 3970 tamen
1103 3913 1206 3968 hac
1230 3923 1412 3969 mente
1457 3914 1659 3969 factum
1695 3917 1846 3984 uegi-

279 4003 499 4056 tabunt.
525 4003 921 4073 .Rcspondente
963 4005 1346 4074 Palaeologina,
1380 4021 1491 4059 non
1520 4007 1624 4060 sibi
1669 4007 1841 4062 videri

276 4093 670 4161 Apocauchum
701 4109 733 4147 a
759 4102 956 4162 nepote
977 4102 1330 4163 contemptus
1378 4095 1550 4162 gratia
1584 4096 1842 4166 legatum,

276 4185 729 4258 quandoquidem
757 4186 878 4254 eius
910 4193 989 4237 tot
1026 4200 1154 4254 erga
1178 4185 1356 4254 ipsum
1391 4197 1548 4242 antea
1585 4202 1844 4242 reveren-

276 4278 389 4339 tiae,
425 4285 480 4330 et
519 4277 740 4345 ingenui
775 4275 988 4329 timoris
1015 4275 1343 4330 documenta
1368 4287 1620 4344 exstent;
1668 4280 1844 4350 impe-

277 4377 430 4421 rator
466 4366 990 4436 protosecretarium
1023 4367 1294 4423 Bardalen
1353 4377 1410 4423 et
1452 4367 1839 4425 Callicreniten
1872 4350 1920 4408 θ

275 4472 402 4512 cum
434 4472 499 4512 ea
529 4456 596 4510 ad
641 4467 902 4525 nepotem
950 4457 1138 4511 mittit.
1196 4457 1299 4523 Qui
1352 4458 1447 4513 ubi
1497 4461 1645 4514 senis
1675 4474 1842 4530 super

275 4547 607 4615 Apocaucho
639 4550 947 4600 sermonem
972 4548 1206 4612 audivit,
1248 4549 1442 4603 Procul
1469 4567 1498 4604 a
1529 4567 1614 4605 me
1642 4552 1714 4604 sit
1734 4552 1838 4605 ista

278 4639 510 4702 insania,
544 4639 742 4706 inquit.
776 4648 834 4692 ut
865 4639 946 4692 vel
995 4655 1224 4708 parvum
1258 4642 1340 4694 vel
1377 4657 1629 4710 magnum
1667 4642 1836 4710 quid-

276 4727 419 4795 piam
443 4727 507 4780 atl
536 4728 840 4781 molestiam
887 4738 1340 4798 contemptumve
1375 4730 1582 4784 domini
1615 4735 1721 4785 mei
1787 4741 1845 4787 et

277 4818 624 4887 imperatoris
644 4818 922 4888 designem
959 4837 972 4872 :
1007 4820 1058 4872 in
1087 4836 1250 4889 quem
1299 4821 1566 4874 scientem
1592 4837 1848 4892 peccare,

277 4924 471 4978 magna
502 4910 726 4962 omnino
755 4911 908 4979 culpa
942 4915 1182 4974 tenetur,
1241 4926 1329 4964 me
1367 4911 1587 4980 judice,
1622 4913 1839 4969 etiamsi

277 5007 558 5066 peccatum
606 5015 716 5052 non
764 5013 1020 5069 magnum
1065 4999 1232 5054 fuerit
1276 4999 1412 5070 (7i).
1472 5001 1840 5070 Apocauchus

277 5104 382 5143 non
407 5099 465 5143 ut
499 5091 728 5160 legatus,
787 5107 966 5160 neque
1001 5099 1062 5144 ut
1113 5091 1266 5162 pacis
1303 5093 1658 5148 eonfirmator
1701 5095 1842 5165 (haec

1949 3097 2057 3158 πεῖ,
2087 3096 2170 3148 ὅτι
2205 3095 2280 3165 μὴ
2312 3093 2452 3165 πρδς
2472 3093 2570 3165 τὴν
2603 3094 2919 3164 παράληψιν
2951 3093 3057 3146 τῶν
3087 3095 3284 3164 ὅρκων,
3312 3094 3523 3146 πολλῶν

1948 3202 2006 3240 τε
2043 3189 2136 3239 καὶ
2181 3185 2406 3253 ἀγαθῶν
2457 3189 2554 3240 καὶ
2603 3188 2713 3239 τῶν
2769 3187 2892 3239 καθ’
2945 3181 3084 3256 αἷμα
3137 3187 3522 3256 προσηκόντων

1951 3272 2096 3340 αὐτῷ
2126 3274 2415 3338 συνόντων,
2446 3274 2651 3326 τούτων
2687 3273 2784 3344 μὲν
2817 3275 3158 3328 ἀπέσταλκεν
3187 3276 3394 3339 οὐδένα,
3429 3276 3523 3328 τὸν

1947 3363 2004 3416 δὲ
2056 3363 2419 3433 Ἀπόκαυχον,
2473 3364 2685 3433 ἄσημον
2719 3366 2818 3430 μὲν
2856 3366 3110 3438 δνταικαὶ
3161 3366 3219 3430 ἐξ
3269 3368 3518 3434 ἀσήμων,

1949 3456 2043 3508 καὶ
2071 3454 2224 3509 οὔπω
2249 3457 2376 3526 χθὲς
2413 3458 2508 3509 καὶ
2539 3457 2733 3528 πρώην
2759 3462 2869 3521 τοῖς
2897 3458 3004 3509 τῶν
3033 3460 3309 3526 δημοσίων
3338 3459 3522 3526 φόρων

1950 3549 2224 3619 πράκταις
2280 3550 2876 3620 ὑπογραμματεύοντα.
2923 3552 3116 3604 Καίτοι
3179 3551 3238 3603 τὸ
3284 3551 3520 3602 δεινότε-

1954 3657 2044 3710 ρον
2083 3641 2325 3709 ἀφεῖλον,
2381 3641 2458 3703 ὡς
2507 3642 2570 3711 δή
2623 3658 2676 3694 τι
2712 3643 3027 3711 θαυμαστὸν
3075 3643 3274 3710 λέγων.
3319 3640 3376 3693 ’0
3413 3641 3522 3710 γὰρ

1951 3731 2115 3794 αὐτὸς
2165 3731 2263 3800 ἐμὲ
2305 3731 2528 3795 πολλαῖς
2585 3732 2944 3802 ὑποσχέσεσιν
2989 3734 3363 3800 ἐξαπατήσας,
3411 3733 3520 3784 τῶν

1947 3823 2223 3893 δημοσίων
2270 3824 2415 3877 ἀλῶν
2471 3824 2664 3895 ἔφορος
2715 3825 3031 3895 ἀπεδείχοη.
3083 3823 3217 3880 Εἶτα
3260 3826 3368 3878 τῶν
3421 3826 3521 3891 μὲν

1949 3915 2297 3984 ὑποσχέσεων
2345 3914 2775 3984 ἐκπεπλήρωκεν
2830 3916 3024 3968 οὐδέν’
3071 3915 3204 3984 ὁμοῦ
3239 3915 3294 3966 δὲ
3338 3917 3523 3968 πᾶσαν

1947 4005 2048 4076 τὴν
2074 4009 2140 4059 ἐκ
2166 4006 2274 4059 τῶν
2294 4006 2438 4059 ἁλῶν
2470 4007 2732 4076 πρόσοδον
2754 4006 3109 4074 καταφαγὼν,
3146 4009 3241 4061 καὶ
3263 4008 3350 4060 διὰ
3377 4007 3522 4059 τοῦτ’

1948 4100 2012 4151 ὲκ
2043 4098 2253 4150 πολλῶν
2293 4098 2448 4166 ὀλίγα
2487 4097 2778 4167 ζητοῦντος
2820 4099 2956 4169 ἐμοῦ
2993 4099 3199 4162 λαϐεῖν,
3233 4097 3308 4169 τῷ
3339 4099 3526 4168 καιρῷ

1947 4191 2318 4260 χρησάμενος,
2349 4191 2484 4258 πρὸς
2514 4192 2605 4242 τὸν
2633 4190 2765 4259 ἐμὸν
2800 4190 3020 4258 ἔγγονον
3051 4189 3230 4260 ᾤχετο
3255 4193 3520 4261 ἀποδράς.

1947 4281 2042 4342 Τίς
2068 4276 2160 4334 οὖν
2204 4279 2394 4332 τοῦτον
2453 4279 2577 4333 ἰδὼν
2626 4279 2769 4334 οὕτω
2817 4282 3131 4352 τιμώμενον
3181 4283 3310 4351 παρ’
3342 4283 3521 4350 αὐτῷ,

1946 4368 2085 4422 ὥστε
2119 4371 2214 4422 καὶ
2245 4371 2337 4422 ἐπὶ
2367 4373 2502 4436 τοῖς,
2527 4371 2640 4436 τοῖς
2675 4372 3090 4440 εὐγενεστάτοις
3122 4375 3521 4441 προσήκουσιν,

1948 4462 2131 4532 ἔργοις
2159 4462 2310 4533 αὐτῷ
2336 4463 2592 4533 χρῆσθαι,
2620 4464 2722 4518 οὐκ
2753 4465 2820 4518 ἂν
2848 4463 3162 4534 ἐξεπίτηδες
3186 4465 3399 4532 νομίσαι
3435 4467 3521 4529 εις

1945 4553 2104 4606 ἀνίαν
2142 4554 2265 4622 ἐμοὶ
2294 4553 2446 4622 παρὰ
2480 4553 2744 4622 βασιλέως
2783 4552 2878 4606 τοῦ
2922 4554 3143 4621 ὲγγόνου
3186 4556 3527 4606 συνεσκευά-

1947 4642 2071 4694 σθαι
2097 4659 2111 4708 ;
2150 4642 2212 4695 Ei
2243 4643 2352 4713 γὰρ
2383 4646 2479 4698 καὶ
2519 4644 2596 4713 τῷ
2627 4645 2739 4696 ὄντι
2769 4643 2843 4712 μή
2886 4644 3019 4713 παρ’
3052 4645 3260 4697 ἐκείνου
3291 4644 3557 4714 τοιαύτῃο

1946 4736 2262 4807 πέπρακται
2291 4736 2508 4807 γνώμῃ.
2530 4736 2643 4788 ἀλλ’
2669 4738 2718 4788 οῑ
2741 4735 2926 4788 πολλοὶ
2955 4734 3098 4789 οὕτω
3123 4754 3182 4801 γε
3211 4736 3522 4805 νομιοῦσιν.

1959 4828 2430 4897 Ἀποκριναμένης
2460 4828 2516 4879 δὲ
2557 4829 2654 4882 καὶ
2684 4829 2875 4896 αὐτῆς,
2905 4828 3036 4880 Οὐδ⁸
3065 4828 3130 4880 ἂν
3161 4828 3297 4897 αὐτῇ
3338 4829 3523 4879 δοκεῖν

1946 4917 2438 4986 καταφρονητικῶς
2471 4917 2620 4985 παρὰ
2650 4915 2914 4986 βασιλέως
2943 4917 3036 4968 τοῦ
3065 4917 3184 4969 νέου
3221 4917 3313 4970 τὸν
3350 4917 3524 4969 Ἀπό-

1942 5026 2148 5078 καυχον
2203 5008 2559 5070 ἀπεστάλθαι,
2611 5008 2814 5069 πολλὰς
2851 5011 2951 5078 τῆς
3001 5010 3080 5071 εἰς
3127 5009 3207 5074 σὲ,
3264 5008 3516 5078 βασιλεῦ,

1943 5098 2124 5161 αἰδοῦς
2152 5115 2210 5151 τε
2245 5100 2339 5150 καὶ
2377 5099 2665 5163 εὐλαϐείας
2702 5099 2996 5162 δεδωκότος
3038 5101 3137 5163 τὰς
3167 5099 3472 5163 ἀποδείξεις
3497 5119 3511 5133 ·

1539 5211 1754 5273 Jacobi
1792 5214 1984 5276 Ponte
1997 5215 2058 5274 ni
2094 5222 2278 5275 noue.

349 5311 462 5380 (71)
503 5311 644 5365 Num
695 5311 1009 5380 paradoxon
1057 5309 1190 5364 illud
1227 5309 1534 5365 Stoicorum
1580 5312 1841 5380 insinuat,

275 5381 357 5452 δτι
391 5381 479 5431 ίσα
504 5385 570 5452 τὰ
597 5381 706 5444 ἁμα
718 5381 1189 5452 ρτήματα,οηιιιία
1217 5392 1427 5450 peccata
1441 5397 1555 5452 esse
1568 5383 1797 5452 aequalia
1819 5385 1845 5437 Ρ

277 5451 345 5503 de
375 5466 483 5517 quo
507 5450 726 5522 Cicero,
757 5461 814 5500 ut
846 5450 913 5502 de
941 5450 1062 5522 aliis
1088 5450 1346 5522 disseruit
1374 5468 1392 5506 :
1423 5450 1839 5522 Parva,'inqnis,

277 5536 359 5576 res
377 5531 484 5583 est;
511 5519 659 5590 atqui
685 5535 878 5587 magna
900 5518 1075 5588 culpa.
1112 5518 1222 5572 Nec
1249 5523 1387 5574 enim
1419 5533 1632 5590 peccata
1665 5518 1840 5577 rerum

278 5598 484 5652 eventu,
507 5590 595 5641 sed
615 5590 750 5641 vitiis
771 5590 1042 5642 hominum
1068 5593 1326 5644 metienda
1353 5603 1494 5656 sum,
1511 5602 1616 5645 etc.
1645 5594 1837 5644 Verum

283 5662 354 5712 ιι..
390 5659 653 5721 loquitur,
691 5668 749 5711 ut
802 5670 1066 5722 quantum
1101 5670 1396 5716 veneretur
1423 5677 1604 5726 avum,
1633 5662 1835 5717 intelli-

1952 5325 2129 5386 gatur.
2158 5316 2307 5382 Quos
2338 5315 2483 5370 enim
2541 5316 2771 5370 multum
2821 5319 3304 5386 reveremurtaut
3330 5311 3519 5386 diligi—

1953 5381 2095 5452 ntus,
2127 5381 2221 5440 aut
2250 5387 2442 5462 saltem
2474 5387 2706 5440 multum
2739 5385 2975 5462 revereri
3009 5399 3071 5437 ac
3100 5383 3325 5462 diligere
3350 5381 3520 5462 debe-

1950 5449 2093 5532 mus,
2123 5472 2216 5532 eos
2251 5457 2448 5532 etiam
2473 5472 2663 5532 parum
2714 5457 2955 5532 oﬂ‘ensos
2984 5495 2998 5517 ,
3055 5455 3210 5532 quasi
3271 5449 3521 5532 indignis

1948 5520 2125 5605 tnodis
2150 5525 2389 5606 .violatos
2419 5520 2687 5591 dolemus,
2737 5535 2902 5596 atque
2943 5520 3250 5579 ira<cimur.
3299 5520 3412 5576 Nec
3454 5520 3518 5577 id

1949 5606 2244 5652 lutulento.
