3952 6204
359 224 452 286 1m
1508 222 1833 295 manus
1873 217 2392 278 CANTACUZENI

3491 211 3590 275 192

356 348 582 402 Sporans
609 335 780 406 majus
811 335 1017 404 aliquid
1052 334 1424 400 inventurum,
1452 350 1518 388 an
1547 336 1613 388 ab
1640 349 1708 388 eo
1733 332 1922 406 multis

2039 332 2124 380 καὶ
2162 329 2515 398 βουλεύεσθαι
2546 328 2641 383 καί
2669 328 2930 397 πράττειν
2969 325 3170 396 σαυτῷ.
3202 323 3440 380 Τοιαῦτα
3463 328 3588 395 περὶ

359 393 845 495 pollicitationibus
885 430 938 483 in
979 429 1225 483 fraudem
1275 429 1487 482 illectus
1516 427 1614 490 sis,
1648 426 1791 479 baud
1837 393 1924 478 sa.-

362 516 434 571 tis
478 520 612 573 scio.
667 519 722 573 Si
760 535 896 573 vana
944 531 1074 574 sunt
1125 536 1245 589 quae
1291 519 1514 584 auditi,
1560 528 1616 574 et
1647 519 1739 587 qui
1781 534 1920 571 nun-

362 610 566 663 tiarunt
613 611 811 664 merito
857 610 1101 664 accusari
1151 612 1353 665 debent
1421 620 1476 664 et
1540 625 1642 680 ego
1697 610 1924 664 minime

363 700 676 756 laudandus
729 715 872 766 sum,
908 705 1001 772 qui
1027 704 1384 772 sycophantis
1415 703 1576 757 ﬁdem
1607 702 1923 758 commoda-

363 791 536 844 verim
589 791 726 856 (73).
774 793 853 854 Si,
899 801 958 845 ut
997 792 1269 854 dicebam,
1306 802 1399 847 aut
1424 793 1546 861 plus
1572 801 1622 846 te
1657 807 1929 846 consecu—

366 891 548 935 turum
592 881 912 942 arbitratus.
963 892 1057 936 aut
1100 882 1343 937 indidem
1379 897 1676 951 persuasus
1701 882 1808 936 huc
1834 884 1926 937 de-

363 972 585 1036 venisti,
612 983 667 1026 et
699 973 782 1026 his
813 973 1240 1044 cogitationibus
1269 975 1482 1028 monitu
1514 989 1637 1028 meo
1656 974 1922 1039 excussis,

367 1063 527 1117 fidem
580 1063 713 1117 mibi
773 1080 1126 1134 amoremque
1168 1067 1460 1136 pristinum
1529 1067 1820 1121 sinceriter
1863 1081 1928 1122 ac

367 1154 580 1221 puriter
624 1165 884 1224 prmstare
936 1157 1210 1220 volucris,
1242 1173 1394 1226 aeque
1427 1166 1486 1211 ut
1520 1165 1646 1211 ante
1685 1157 1927 1212 benevo-

365 1243 476 1296 lum
513 1261 598 1298 me
648 1256 702 1298 et
729 1247 966 1300 amicum
1003 1248 1102 1301 tibi
1137 1248 1260 1302 faxo
1291 1249 1578 1316 experiare
1606 1264 1623 1302 :
1657 1265 1760 1302 nec
1789 1263 1929 1318 pra:-

368 1336 565 1399 terita,
617 1337 843 1405 perinde
896 1354 958 1392 ac
1020 1339 1064 1392 si
1109 1339 1259 1393 nulla
1315 1340 1570 1401 fuissent,
1631 1339 1922 1409 reputabo,

369 1427 816 1494 quandoquidem
846 1439 1046 1497 praeter
1099 1445 1249 1484 meas
1287 1432 1580 1501 magnique
1637 1429 1928 1486 domestici

367 1513 574 1568 nullius
617 1531 780 1571 aures
833 1519 1150 1587 tetigerunt.
1200 1520 1256 1576 Si
1293 1537 1428 1576 vero
1478 1532 1538 1576 ut
1589 1522 1837 1591 iniquum
1873 1531 1932 1577 et

368 1618 602 1673 nequam
644 1623 728 1661 me
751 1608 910 1677 fugis,
938 1625 1261 1681 mecumque
1281 1614 1468 1667 vivere
1509 1627 1572 1667 ac
1604 1613 1814 1666 versari
1847 1612 1930 1666 in-
1957 1647 2006 1708 Β

369 1696 712 1750 tolerandum
732 1711 888 1766 putas
912 1718 925 1753 :
957 1703 1054 1755 sed
1080 1702 1149 1756 ab
1171 1717 1275 1756 avo
1299 1703 1484 1758 divina
1507 1702 1756 1773 quaedam
1786 1703 1931 1758 bona

370 1794 422 1839 te
463 1786 791 1857 adepturum
840 1792 1098 1855 credens,
1129 1793 1196 1846 ad
1229 1794 1380 1848 illum
1418 1803 1470 1849 te
1509 1795 1808 1864 adiungere
1833 1794 1932 1849 de-

369 1874 818 1932 liberatissimum
870 1880 1061 1945 habes,
1105 1882 1266 1938 doleo
1307 1886 1409 1939 ista
1451 1885 1788 1941 discessione
1817 1895 1930 1950 tua,

369 1980 493 2019 cum
537 1982 622 2021 me
652 1970 830 2023 amico
883 1979 936 2024 et
968 1972 1223 2028 familiari
1251 1977 1522 2045 privatum
1549 1976 1784 2040 videam,
1819 1979 1931 2032 vim

371 2069 552 2114 tamen
602 2076 711 2114 non
763 2061 1078 2126 intentabo,
1129 2081 1308 2135 neque
1356 2068 1590 2122 invitum
1624 2069 1929 2124 retinebo:

371 2150 592 2216 quando
626 2168 804 2220 neque
833 2168 862 2207 a
894 2155 1166 2226 principio
1193 2158 1278 2212 vel
1317 2158 1434 2228 lege
1462 2159 1684 2225 bellica,
1716 2162 1800 2214 vel
1827 2161 1934 2217 alia

370 2240 603 2306 quadam
660 2243 956 2309 violentia,
1010 2257 1070 2302 ut
1131 2248 1268 2303 mihi
1329 2250 1605 2316 servires,
1666 2261 1719 2307 te
1779 2267 1933 2308 com-

371 2330 488 2396 puli
526 2346 540 2382 :
577 2347 770 2386 verum
800 2335 944 2390 ultro
974 2351 1061 2392 me
1095 2350 1340 2405 secutus,
1374 2342 1506 2396 mihi
1533 2342 1931 2410 adhaerescere,

373 2435 585 2475 mecum
635 2433 799 2492 caput
843 2426 1117 2498 objectare
1161 2430 1446 2498 periculis,
1499 2448 1730 2503 meaque
1770 2450 1934 2490 causa

372 2510 595 2577 quidvis
636 2512 1346 2590 facturumpassurumque
1390 2524 1715 2592 promisisti.
1766 2525 1934 2596 idque

373 2615 433 2654 re
473 2601 588 2669 ipsa
619 2606 787 2658 etiam
818 2608 1078 2674 praeclare
1111 2609 1504 2669 demonstrasti
1536 2615 1672 2686 (74).
1698 2616 1934 2674 Verum-

373 2700 556 2745 tamen
597 2708 701 2784 nec
735 2709 835 2764 ego
883 2695 1126 2765 ingratus
1181 2701 1615 2773 meritorumque
1646 2705 1936 2762 immemor

373 2782 474 2836 fui.
517 2782 652 2837 Nam
678 2799 802 2839 cum
837 2785 979 2842 Deus
1007 2792 1221 2846 ardenti
1245 2795 1517 2870 voluntati
1551 2812 1684 2853 mea:
1711 2798 1766 2852 in
1796 2799 1935 2854 ami-

264 2895 268 2899 ·
373 2886 470 2927 cos
511 2874 677 2927 etiam
707 2877 1024 2933 facultatem
1058 2882 1365 2950 tribuisset,
1393 2901 1519 2940 cum
1549 2888 1704 2954 alios,
1748 2901 1860 2945 tum
1883 2900 1936 2948 te

2025 421 2330 490 Συργιάννη
2361 421 2670 490 πυθόμενος
2697 423 2724 473 ὁ
2765 419 3044 489 βασιλεὺς,
3076 418 3197 472 κατ’
3234 417 3368 470 ίδίαν
3427 417 3588 486 μόνον

2027 511 2378 582 παραλαϐὼν,
2421 511 2732 578 Ἦκηκόειν,
2789 511 2892 581 ἔφη
2927 511 3064 581 πρὸς
3095 508 3276 572 αὑτὸν,
3328 508 3457 576 περὶ
3495 506 3587 559 σοῦ

2025 603 2100 663 ὡς
2133 603 2431 671 συμϐάσεις
2490 603 2716 672 θέμενος
2745 602 2882 671 πρὸς
2909 603 2998 654 τὸν
3031 601 3163 669 ἐμὸν
3215 599 3438 652 πάππον
3495 597 3590 652 καὶ

2028 690 2253 761 βασιλέα
2288 691 2505 760 μέλλεις
2568 690 2929 760 μεθίστασθαι
2964 690 3100 760 πρὸς
3135 689 3301 743 αὐτόν
3327 704 3343 720 ο
3383 688 3489 742 εἴτε
3531 688 3584 740 δέ

2025 779 2185 842 αὐτὸς
2209 781 2334 843 τοὺς
2359 779 2549 846 λόγους
2585 779 2828 848 ἐποιήσω
2854 779 3088 848 πρῶτος,
3121 778 3348 840 ἐλπίσας
3363 795 3415 830 τι
3439 777 3591 830 πλεῖ-

2027 889 2086 925 ον
2115 873 2392 942 εὑρήσειν,
2448 872 2546 925 εἴτ’
2572 871 2784 924 ἐκεῖθεν
2807 870 3030 934 πολλαῖς
3054 871 3413 940 ὑποσχέσεσιν
3443 873 3588 923 ἀπα-

2025 963 2211 1032 τηθεὶς
2243 963 2519 1032 ἐπείσθης,
2556 963 2759 1016 εἰδέναι
2800 963 2986 1032 σαφῶς
3041 962 3142 1015 οὑκ
3198 962 3327 1032 ἔχω.
3385 963 3445 1014 Εί
3485 963 3586 1030 μὲν
3644 946 3666 961 ’

2021 1049 2121 1108 ,οὖν
2168 1053 2268 1107 οὐκ
2301 1051 2474 1123 ἀληθῆ
2510 1053 2578 1105 τά
2636 1054 2927 1123 εἰρημένα,
2963 1052 3117 1106 αὑτοί
3145 1071 3201 1106 τε
3241 1054 3291 1105 οἱ
3340 1053 3588 1118 εἰπόντες

2027 1141 2227 1195 δίκαιοι
2282 1142 2733 1212 κατηγορεῖσθαι,
2770 1141 2880 1210 ἐγώ
2935 1159 2994 1195 τε
3026 1141 3175 1208 ista;
3211 1142 3313 1195 οὑκ
3365 1143 3591 1196 ἐπαίνου

2029 1236 2141 1295 τοῖς
2175 1233 2541 1300 συκοφάνταις
2593 1232 2884 1297 πιστεύσας
2918 1250 2932 1264 ο
2967 1234 3016 1286 εί
3071 1234 3139 1299 δ’,
3185 1235 3320 1304 ὅπερ
3361 1235 3518 1302 ἔφην,
3554 1236 3586 1306 ἢ

2029 1323 2194 1385 αὑτός
2226 1340 2279 1377 τι
2311 1323 2732 1394 πλεονεκτήσειν
2761 1324 3008 1386 ἐλπίσας.
3054 1325 3086 1394 ἢ
3117 1323 3328 1376 ἐκεῖθεν
3348 1325 3594 1387 πεισθεὶς

2032 1411 2281 1482 ὑπήχθης
2302 1413 2438 1483 πρὶς
2466 1413 2644 1477 τοῦτο,
2675 1413 2724 1465 εί
2760 1412 2860 1482 μὲν
2890 1413 3169 1482 ἐθελήσεις
3197 1412 3306 1465 τῶν
3330 1411 3591 1465 τοιούτων

2030 1501 2332 1572 ἀποστῆναι
2346 1501 2641 1572 λογισμῶν,
2666 1503 2788 1572 ἐμοὶ
2811 1503 3187 1574 βουλευομένῳ
3214 1503 3476 1568 πεισθεὶς,
3500 1503 3594 1557 καὶ

2030 1595 2128 1665 τὴν
2163 1594 2242 1656 είς
2281 1594 2380 1665 ἐμὲ
2403 1596 2587 1648 πίστιν
2619 1595 2711 1649 καὶ
2739 1595 2921 1661 φιλίαν
2973 1595 3163 1664 ὥσπερ
3199 1599 3291 1648 καὶ
3326 1596 3591 1666 πρότερον

2033 1688 2342 1750 άδολονκαὶ
2375 1687 2622 1758 καθαράν
2650 1691 2858 1759 τηρεῖν,
2891 1687 2992 1758 τῆς
3020 1689 3191 1758 αὑτῆς
3225 1683 3293 1761 ἧς
3332 1705 3434 1758 περ
3497 1689 3590 1740 καὶ

2033 1780 2298 1851 πρότερον
2332 1779 2664 1844 ἀπολαύσεις
2695 1780 2826 1850 παρ’
2862 1783 2984 1851 ἐμοὶ
3023 1781 3118 1833 καὶ
3152 1780 3332 1849 φιλίας
3359 1781 3453 1832 καὶ
3507 1780 3598 1830 εὑ-

2004 1930 2009 1935 _
2035 1873 2273 1943 μενείας,
2295 1872 2448 1925 οὐδὲν
2495 1870 2602 1925 τῶν
2635 1872 2890 1925 τοιούτων
2922 1861 3384 1942 ὑπολογιζομένῴ,
3409 1870 3596 1936 ὥσπερ

2031 1965 2140 2019 οὐδ’
2174 1964 2241 2020 ἂν
2268 1965 2318 2017 εί
2346 1963 2423 2034 μὴ
2457 1965 2559 2035 τήν
2595 1964 2769 2035 ἀρχὴν
2793 1964 3062 2032 ἐγεγόνει.
3103 1964 3254 2017 Ἐπεὶ
3279 1964 3389 2016 οὐδ’
3423 1965 3596 2033 ἑτέρῳ

2031 2058 2139 2110 τινὶ
2165 2057 2304 2127 πλὴν
2343 2056 2466 2126 ἐμοὶ
2495 2056 2590 2110 καὶ
2619 2057 2698 2126 τῷ
2730 2056 2953 2127 μεγάλῳ
2978 2056 3284 2128 δομεστίκῳ
3350 2057 3498 2128 μόνῳ
3527 2058 3598 2110 τά

2032 2149 2257 2204 τοιαῦτα
2312 2145 2480 2221 ἦλθεν
2515 2150 2595 2212 είς
2629 2149 2818 2212 ἀκοάς.
2860 2149 2922 2202 El
2971 2148 3016 2202 δ’
3050 2148 3124 2209 ὡς
3159 2149 3451 2218 ἀγνώμονά
3481 2166 3600 2201 τινα

2035 2239 2131 2295 καὶ
2159 2241 2400 2309 πονηρὸν
2457 2239 2559 2310 ἐμέ
2621 2239 2936 2310 ἀποτρέπῃ,
2969 2239 3062 2292 καὶ
3109 2240 3170 2292 τὸ
3229 2242 3466 2294 συνεῖναι
3503 2242 3600 2294 καὶ

2036 2331 2436 2402 συνδιατρίϐειν
2467 2332 2569 2384 οὑκ
2601 2331 2828 2384 ἀνεκτὸν
2859 2333 2990 2402 ἡγῇ,
3041 2330 3154 2384 ἀλλ’
3189 2331 3443 2400 ὑπερφυῆ
3476 2349 3600 2385 τινα

2035 2426 2128 2476 καὶ
2155 2423 2369 2494 μεγάλα
2421 2424 2572 2494 παρά
2625 2423 2721 2476 τοῦ
2757 2423 2893 2493 ἐμοῦ
2951 2425 3179 2477 πάππου
3215 2425 3309 2476 καὶ
3338 2424 3598 2493 βασιλέως

2034 2515 2278 2586 οἰόμενος
2305 2515 2582 2586 εὑρήσειν,
2612 2516 2708 2586 ὅλῃ
2743 2515 2998 2585 προθέσει
3026 2519 3418 2587 προσχωρῆσαι
3449 2517 3598 2586 αὑτῷ

2037 2609 2314 2679 προείλου,
2363 2606 2603 2676 ἀνιῶμαι
2655 2607 2754 2677 μὲν
2808 2608 2900 2660 ἐπὶ
2957 2610 3024 2678 τῇ
3074 2608 3352 2662 διαστάσει
3383 2611 3448 2678 τῇ
3509 2611 3600 2680 σῇ,

2037 2700 2192 2771 φίλου
2241 2701 2334 2753 καὶ
2393 2699 2656 2770 συνήθους
2691 2699 3170 2770 ἀποστερούμενος
3198 2717 3212 2731 ·
3243 2701 3364 2769 βίαν
3411 2701 3468 2755 δέ
3498 2703 3600 2754 οὐκ

2035 2793 2242 2858 ἐπάξω,
2277 2791 2389 2846 οὐδ’
2416 2792 2622 2846 ἄκοντα
2657 2795 2949 2860 κατασχεῖν
2994 2792 3236 2860 ἐθελήσω
3258 2809 3270 2822 ·
3317 2794 3440 2845 ἐπεὶ
3478 2793 3598 2845 οὺδέ

2036 2884 2134 2954 τὴν
2162 2883 2338 2955 ἀρχὴν
2363 2883 2487 2936 οὕτε
2543 2883 2782 2952 πολέμου
2841 2884 3012 2953 νόμῳ,
3047 2883 3156 2936 οὑτ“
3185 2883 3323 2955 ἄλλῃ
3353 2885 3457 2937 τινὶ
3508 2885 3601 2955 βίᾳ.

375 2978 618 3042 quoque,
657 2975 716 3019 ut
764 2967 1017 3036 decebat,
1049 2971 1210 3030 donis
1247 2975 1658 3050 honoribusque
1687 2980 1758 3035 ob
1787 2982 1937 3038 labo-

2043 2977 2182 3048 πρὸς
2231 2977 2294 3030 τὸ
2325 2977 2450 3047 ἐμοὶ
2495 2975 2767 3030 δουλεύειν
2829 2975 3223 3047 ὑπηγαγόμην,
3257 2976 3372 3035 ἀλλ’
3421 2975 3604 3028 ἑκοντὶ

383 3069 499 3106 rem
547 3071 612 3109 ac
639 3058 884 3114 studium
911 3076 1041 3132 erga
1077 3079 1161 3119 me
1191 3073 1344 3121 tuum
1375 3081 1762 3128 remuneratus
1789 3089 1933 3130 sum.

381 3144 486 3213 77
526 3145 591 3202 Et
623 3151 883 3217 quoniam
924 3155 1116 3210 volens
1145 3171 1208 3212 ac
1238 3158 1418 3215 libens
1447 3175 1663 3219 mecum
1699 3172 1752 3219 te
1805 3181 1938 3221 con-

375 3238 636 3302 iunxisti,
701 3252 860 3310 turpe
918 3255 1004 3299 est
1049 3248 1403 3316 clanculum,
1463 3267 1529 3309 ac
1601 3269 1713 3308 non
1757 3256 1939 3325 potius

376 3341 564 3396 aperte
591 3330 990 3391 valedicentcm
1023 3340 1306 3397 recedere.
1352 3343 1542 3414 Neque
1563 3354 1748 3402 tamen
1775 3362 1936 3403 avum

382 3436 564 3476 meum
616 3423 763 3480 bello
811 3429 1122 3486 accinctum
1147 3471 1162 3496 ,
1207 3442 1259 3489 te
1287 3435 1355 3489 ad
1383 3439 1664 3494 vexandas
1689 3439 1940 3496 fortunas

377 3530 527 3570 meas
560 3517 851 3587 asciscere,
900 3522 998 3576 sed
1054 3539 1243 3593 pacem
1289 3541 1354 3581 ac
1383 3527 1566 3584 fmdus
1615 3529 1938 3587 inviolatum

377 3620 622 3672 servare,
667 3619 726 3664 et
779 3620 832 3666 te
885 3612 1112 3669 subesse
1158 3615 1262 3669 sibi
1305 3616 1426 3672 sine
1464 3617 1592 3673 dolo
1625 3620 1768 3676 malo
1801 3623 1944 3678 velle

376 3700 593 3767 Opinor.
639 3700 960 3773 Quanquam
1014 3715 1071 3760 et
1115 3707 1219 3762 hoc
1269 3709 1455 3764 mirari
1485 3711 1633 3779 satis
1681 3728 1940 3784 nequeo,

380 3803 504 3842 cum
559 3789 712 3846 factis
765 3794 897 3864 ipsis
943 3796 1223 3855 benevola:
1266 3803 1465 3857 mentis
1505 3813 1560 3858 et
1614 3807 1943 3865 obedientiaa

381 3877 808 3949 significationes
853 3885 930 3940 ita
954 3886 1264 3946 luculentas
1287 3892 1561 3960 dederim,
1591 3898 1686 3965 qui
1720 3899 1940 3956 tandem

382 3972 477 4026 ille
526 3975 693 4045 (quod
735 3992 1018 4049 nunquam
1059 3983 1269 4038 veritus
1311 3991 1515 4056 essem)
1555 3989 1708 4044 nullo
1735 3990 1943 4047 indicio

382 4066 518 4120 mihi
551 4083 608 4122 se
637 4069 873 4125 amicum
908 4073 1180 4129 ostendat.
1211 4074 1367 4140 Quod
1395 4077 1439 4132 si
1465 4076 1610 4132 forte
1630 4081 1800 4136 armis
1829 4098 1944 4139 meo

384 4171 507 4210 cum
550 4157 835 4215 decertare
877 4163 1020 4228 apud
1073 4164 1316 4217 animum
1355 4170 1664 4235 proposuit,
1698 4187 1802 4227 nos
1831 4173 1944 4231 Deo

2041 3059 2467 3139 προσεχώρησας
2525 3067 2717 3130 αὑτὸς,
2748 3066 3008 3135 ἐλόμενος
3037 3065 3161 3136 ἐμοὶ
3216 3067 3454 3120 συνεῖναι
3508 3067 3605 3118 καὶ

2040 3157 2506 3228 συγκινδυνεύειν,
2563 3158 2660 3211 καὶ
2719 3159 2830 3211 πᾶν
2880 3158 3059 3211 ὁτιοῦν
3117 3157 3258 3228 ὑπὲρ
3318 3156 3453 3226 ἐμοῦ
3511 3158 3607 3210 καὶ

2040 3252 2374 3322 ὑφίστασθαι
2416 3251 2511 3304 καὶ
2575 3249 2834 3318 πράττειν
2891 3249 3398 3319 ἐπαγγειλάμενος,
3443 3248 3472 3300 ὃ
3540 3250 3605 3320 δὴ

2037 3347 2132 3400 καὶ
2159 3344 2339 3407 καλῶς
2389 3343 2581 3406 ποιῶν,
2646 3341 2845 3412 ἀληθὲς
2878 3341 3164 3410 ἀπέφηνας
3221 3341 3458 3393 ἐπὶτῶν
3506 3340 3603 3410 ἐρσ-

2039 3454 2173 3506 γων.
2206 3437 2280 3491 Οὐ
2313 3435 2417 3509 μὴν
2472 3435 2583 3488 οὐδ’
2615 3433 2783 3496 αὑτὸς
2833 3434 3128 3502 ἀχάριστος
3165 3432 3277 3486 οὐδ’
3326 3433 3603 3501 ἀμνήμων

2041 3527 2247 3598 ἐφάνην
2311 3528 2420 3581 τῶν
2453 3524 2695 3593 ἀγαθῶν.
2738 3523 2900 3577 Ἀλλὰ
2925 3523 3060 3577 Θεοῦ
3111 3526 3176 3593 τῇ
3211 3523 3338 3594 περὶ
3367 3523 3492 3585 τοὺς
3519 3522 3607 3591 φί-

2041 3619 2166 3682 λους
2210 3616 2491 3688 προθυμίᾳ
2555 3615 2651 3670 καὶ
2706 3614 2942 3684 δύναμιν
2998 3614 3442 3684 παρασχομένου,
3479 3616 3609 3677 τοὺς

2042 3730 2100 3766 τε
2123 3711 2314 3775 ἄλλους
2344 3712 2440 3764 καὶ
2497 3708 2576 3770 σὲ,
2603 3707 2758 3778 ὥπερ
2790 3707 2919 3770 ἔδει,
2951 3707 3136 3776 τιμαῖς
3167 3722 3227 3758 τε
3259 3707 3352 3760 καὶ
3382 3705 3608 3773 δωρεαῖς

2042 3805 2224 3872 ἀξίαις
2288 3805 2395 3857 τῶν
2461 3803 2640 3854 πόνων
2673 3800 2998 3870 ἠμειψάμην
3031 3799 3125 3852 καὶ
3156 3800 3255 3869 τῆς
3294 3798 3606 3868 προθυμίας

2042 3897 2144 3966 τῆς
2172 3899 2251 3959 είς
2279 3896 2399 3965 ἐμέ.
2444 3894 2601 3947 Ἐπεὶ
2629 3884 2723 3945 οὖν
2757 3891 2940 3945 ἐκοντὶ
2969 3889 3302 3960 προσῆλθες,
3339 3890 3441 3942 οὑκ
3472 3891 3611 3956 ἀγα-

2045 3989 2137 4043 θὸν
2170 3988 2445 4060 λαθραίως
2505 3986 2836 4057 ἀναχωρεῖν,
2868 3982 3009 4037 ’ἀλλ’
3041 3985 3122 4044 είς
3148 3985 3386 4052 φανερὸν
3410 4000 3610 4036 συντα-

2047 4081 2278 4150 ξάμενον
2337 4077 2576 4132 άπιέναι.
2630 4077 2829 4142 Οίομαι
2889 4075 2986 4144 μὲν
3018 4073 3111 4127 οὖν
3153 4073 3274 4127 οὑδέ
3330 4073 3420 4126 τὸν
3476 4075 3612 4143 ἐμὸν

2046 4173 2273 4224 πάππον
2308 4169 2405 4220 καὶ
2434 4165 2663 4236 βασιλέα
2693 4164 2832 4235 πρὸς
2859 4164 3099 4232 πόλεμον
3153 4163 3610 4236 ἑτοιμαζόμενον,

385 4248 542 4301 cordi
591 4250 818 4304 erimus.
865 4251 1177 4308 Recordare
1217 4255 1513 4312 verborum
1553 4267 1794 4328 tuorum,
1819 4279 1937 4320 cum

2047 4263 2140 4317 ἐπὶ
2167 4260 2410 4316 κακώσει
2435 4258 2544 4311 τῶν
2573 4257 2722 4328 ἐμῶν
2749 4257 3095 4326 πραγμάτων
3137 4274 3198 4309 σε
3247 4257 3614 4327 προσλαμδά⁸

385 4337 628 4409 Byzantii
661 4341 729 4396 de
754 4351 898 4397 statu
929 4359 1114 4400 rerum
1142 4349 1608 4406 consultaremus.
1629 4353 1766 4410 Cum
1795 4357 1937 4411 enim

2047 4356 2230 4411 νεσθαι
2291 4350 2599 4423 βούλεσθαι,
2661 4348 2797 4402 ἀλλά
2854 4349 2953 4420 τήν
2989 4351 3096 4420 μὴν
3139 4349 3220 4412 είς
3253 4347 3354 4416 ἐμὲ
3383 4347 3613 4418 εἰρήνην

387 4437 444 4481 tn
490 4439 546 4482 et
590 4441 960 4498 protostrator
995 4450 1162 4505 super
1185 4453 1308 4503 avo,
1331 4455 1453 4508 quae
1479 4443 1801 4512 meministi,
1823 4447 1951 4502 elod

387 4522 498 4576 cuti
542 4525 736 4578 essetis
785 4527 931 4595 (75),
981 4544 1068 4583 me
1116 4529 1279 4598 longe
1333 4531 1483 4587 aliud
1538 4535 1946 4603 sentiente,-tu

387 4608 537 4666 [tunc
579 4614 822 4668 animum
870 4631 1053 4672 meum
1085 4621 1412 4691 suspiciens,
1448 4623 1618 4680 ﬁdere
1641 4626 1750 4683 Deo
1779 4637 1830 4684 te
1857 4631 1948 4686 di-

2042 4445 2267 4506 καὶτὰς
2297 4443 2528 4505 σπονδάς
2565 4438 2917 4508 ὑγιαινούσας
2979 4440 3170 4508 τηρεῖν
3196 4454 3210 4470 ’
3269 4437 3519 4506 ἐφίεσθαι
3566 4438 3615 4490 δ’

2043 4538 2228 4599 ἀπλῶς
2259 4535 2398 4589 οὑτω
2437 4535 2531 4588 καὶ
2570 4534 2627 4585 σέ
2653 4533 2842 4602 τηρεῖν
2874 4529 2964 4584 ὑπ’
3016 4529 3200 4584 αὑτόν.
3257 4530 3448 4585 Καίτοι
3518 4545 3615 4598 μοι

2041 4634 2137 4685 καὶ
2164 4628 2325 4683 τοῦτο
2353 4627 2470 4681 λίαν
2498 4625 2682 4678 ἔπεισι
2739 4621 3045 4692 θαυμάζειν
3091 4622 3240 4684 ὅπως
3269 4621 3451 4676 αὑτῶν
3500 4619 3615 4674 τῶν

1640 4773 1855 4834 Jacobi
1886 4773 2150 4836 Pontani
2183 4779 2381 4833 note):

460 4892 574 4963 (75)
612 4892 750 4978 Olim
771 4895 919 4978 cum
950 4896 1083 4966 ﬁcus
1115 4915 1180 4954 ex
1215 4903 1392 4969 Attica
1420 4912 1680 4974 tanquam.
1702 4906 1942 4978 fructum

390 4978 610 5045 rarum,
665 4975 717 5045 et
771 4965 894 5020 ideo
951 4965 1174 5045 carum,
1227 4965 1672 5045 exportare'uon
1719 4977 1941 5033 licebat.

389 5035 490 5099 Qui
517 5041 866 5104 exportantes
907 5040 1179 5094 curiosius
1219 5052 1276 5096 et
1298 5035 1688 5108 'inquircrent,
1716 5056 1772 5100 et
1801 5049 1943 5102 indi.

391 5114 598 5165 carent,
640 5119 734 5159 eos
775 5109 1116 5174 συκοφάντας
1166 5109 1539 5167 nominabant.
1591 5115 1785 5170 Postea
1840 5119 1946 5172 hoc

393 5174 715 5250 vocabulum
749 5174 814 5227 ad
843 5190 936 5228 eos
973 5180 1292 5250 translatum
1322 5190 1425 5242 est,
1452 5183 1543 5250 qui
1576 5197 1822 5240 amarent
1850 5202 1939 5240 ac-

391 5244 780 5318 cusare__alios,
810 5259 904 5296 seu
945 5247 1047 5318 qui
1091 5265 1414 5318 quacunque
1445 5244 1512 5305 de
1549 5267 1733 5316 causa,
1774 5256 1939 5308 etiam

306 5347 320 5368 ,
395 5312 520 5374 levi,
551 5312 781 5365 aliorum
813 5312 1031 5368 nomina
1076 5312 1372 5374 deferrent.
1409 5321 1487 5374 Ad
1518 5312 1943 5379 calumniatores

395 5381 650 5449 denique,
683 5396 788 5450 qua
837 5399 967 5439 voce
1023 5386 1317 5443 Andronici
1366 5391 1592 5445 minoris
1636 5402 1692 5446 et
1744 5395 1945 5447 Canta-

397 5451 586 5532 cuzeni
616 5451 1013 5532 criminatores,
1049 5457 1359 5532 illiusapud
1398 5461 1778 5532 avumithujus
1801 5461 1944 5530 apud

399 5523 608 5638 {nqam
641 5520 935 5590 Augustam
980 5520 1310 5584 creberrime
1340 5529 1395 5584 in
1437 5530 1523 5584 bis
1552 5520 1710 5586 libris
1763 5520 1948 5604 appel-

427 5603 491 5638 a"
524 5604 587 5638 ur

427 5603 587 5640 antur

2118 4908 2231 4977 (τι)
2269 4905 2428 4977 Quod
2483 4903 2672 4977 Graece
2730 4904 3100 4977 interponitur
3123 4943 3156 4977 ,_
3201 4904 3389 4977 καλῶς
3443 4907 3618 4961 ποιῶν

2045 4972 2326 5046 (quodque
2357 4976 2514 5046 aliter
2537 4976 2724 5035 etiam,
2751 4972 2812 5046 εὖ
2845 4972 3074 5046 ποιήσας
3105 4974 3333 5046 dicitur)
3366 4979 3616 5046 expressi

2045 5035 2308 5101 adverbio
2355 5043 2644 5114 prwclare;
2683 5035 3144 5114 quandoquidem,
3175 5035 3466 5100 aliudﬂista
3505 5062 3616 5101 non

2047 5124 2197 5171 sunt.
2231 5113 2394 5184 quam
2422 5116 2724 5184 sermo,_re_i
2756 5123 3035 5184 eventum,
3067 5113 3152 5166 vel
3173 5113 3373 5167 faetum
3396 5115 3618 5183 aliquod

2048 5181 2420 5255 approbantis,
2441 5199 2502 5237 ac
2525 5181 2752 5255 proinde
2770 5183 2855 5235 bis
2871 5183 3064 5246 modis,
3084 5189 3136 5255 et
3162 5185 3364 5245 merito,
3388 5193 3437 5236 et
3459 5181 3620 5251 recte,

2049 5252 2110 5309 ac
2123 5257 2247 5306 bene
2261 5252 2876 5320 quidem,similibusque
2890 5252 3173 5306 commode
3190 5254 3619 5312 transferuntur.

2119 5325 2232 5390 (75)
2274 5324 2643 5376 Protostrator
2682 5322 3064 5388 imperatorem
3117 5337 3301 5376 senem
3336 5323 3388 5375 in
3415 5339 3610 5378 carce-

2051 5409 2162 5448 rein
2200 5393 2556 5462 tradendum,
2590 5391 2918 5462 Syrgiannes
2948 5390 3309 5462 occidendum
3353 5393 3621 5449 suadebat

2053 5463 2229 5529 capite
2265 5479 2430 5514 nono.
2458 5461 2536 5514 Ab
2566 5461 2797 5531 utroque
2835 5461 3066 5514 consilio
3110 5461 3402 5514 abhorruit
3433 5463 3624 5531 junior

2053 5531 2417 5591 Andronicus,
2453 5546 2575 5584 cum
2610 5529 2990 5584 Cantacuzeno
3019 5531 3250 5593 faciens,
3285 5529 3447 5600 cuius
3489 5545 3622 5586 sen-

2057 5601 2227 5656 tentia
2263 5603 2327 5655 ad
2377 5601 2557 5666 fugam
2595 5601 2857 5654 duntaxat
2897 5601 3228 5669 pertinebat.
