3952 6204
188 379 279 443 193

1311 333 1848 436 HlSTORIARIlM
1896 342 2126 436 uana
2172 376 2218 439 ι.

3323 387 3340 448 l
3355 386 3423 448 τιι

185 491 526 562 πραγμάτων
548 492 646 560 τῆς
703 509 783 555 εις
829 491 993 555 αὑτὸν
1019 489 1232 553 εὐνοίας
1265 488 1398 559 ἐμοῦ
1448 489 1540 542 καὶ
1572 487 1745 539 εὐπει·

1861 486 2045 552 cebas,
2091 489 2185 558 qui
2217 502 2305 545 nte
2335 499 2442 546 tam
2469 491 2771 548 clementer
2799 494 2854 548 in
2884 509 3046 548 avum
3069 495 3287 562 allecto,
3321 515 3422 568 pro

186 585 329 645 θείας
368 585 630 651 ὲναργεῖς
678 583 1117 652 παρασχομένων
1156 583 1259 643 τὰς
1295 578 1619 642 ἀποδείξεις,
1639 578 1747 643 ὅδε,

187 675 316 744 ὅπερ
345 676 445 727 οὐκ
477 677 544 728 ἀν
585 691 718 727 ποτε
746 675 978 744 ἠλπισα,
1003 673 1064 726 οὐ
1088 673 1370 741 φιλοῦντος
1405 672 1566 739 ἔργον
1597 670 1750 722 οὐδὲν

190 768 520 819 ἐνδείκνυται
549 768 629 829 είς
686 766 808 836 ἐμέ.
841 764 904 818 Εἰ
937 764 982 818 δ’
1016 765 1124 834 ἄρα
1180 763 1276 816 καὶ
1327 762 1588 832 πολεμεῖν
1621 761 1748 826 ἐμοὶ

191 859 511 929 προῄρηται,
544 857 664 928 Θεῷ
703 857 803 928 μὲν
834 857 1062 927 μελήσει
1100 854 1229 925 περὶ
1260 853 1438 924 ἡμῶν.
1482 854 1749 922 Ἀναμιμ-

189 950 366 1019 νήσκω
395 949 452 1001 δέ
489 965 551 1000 σε
579 950 674 1000 καὶ
729 941 803 1002 ὧν
829 947 992 1008 αὐτὸς
1056 944 1306 1016 ἐφθέγξω
1365 944 1540 1013 λόγων
1589 943 1748 1010 ἡμῶν

195 1043 312 1109 περὶ
335 1039 429 1093 τοῦ
459 1040 511 1093 τί
534 1040 618 1093 δεῖ
646 1039 909 1110 πράττειν
935 1041 990 1091 ὲν
1009 1038 1292 1107 Βυζαντίῳ
1318 1035 1744 1106 βουλευομένων.

195 1132 284 1185 Σοῦ
313 1134 421 1202 γὰρ
452 1133 551 1184 καὶ
585 1132 1081 1202 πρωτοστρὰτορος
1136 1130 1266 1200 περὶ
1327 1127 1422 1180 τοῦ
1482 1125 1747 1196 βασιλέως

197 1227 285 1277 asa
311 1226 402 1276 καὶ
436 1224 604 1286 αὐτὸς
655 1223 811 1276 οἶσθα
847 1222 1136 1288 είπόντων,
1191 1213 1328 1289 ἐμοῦ
1385 1218 1442 1270 δὲ
1491 1217 1747 1270 τάναντία

199 1317 636 1386 βουλευσαμένου,
671 1315 960 1384 Θαυμάσας
991 1313 1174 1375 αὐτὸς,
1237 1311 1484 1365 Πέποιθα
1535 1309 1744 1376 σαφῶς,

197 1408 338 1476 ἔφης,
371 1407 465 1460 ἐπὶ
495 1405 638 1476 Θεῷ,
673 1407 744 1468 ὡς
778 1405 873 1458 σοῦ
902 1405 1092 1458 τοῦτον
1120 1405 1212 1457 τὸν
1241 1406 1440 1474 τρόπον
1474 1402 1602 1471 περὶ
1654 1401 1745 1453 τδν

199 1503 405 1554 πάππον
427 1500 520 1552 καὶ
551 1499 776 1568 βασιλέα
801 1497 1171 1566 διακειμένου,
1225 1496 1386 1558 αὐτὸς
1419 1497 1449 1548 6
1479 1495 1611 1556 Θεὸς
1645 1510 1746 1546 πο·-

197 1594 406 1660 λεμήσει
437 1590 579 1660 ὑπὲρ
612 1591 788 1659 ἡμῶν,
839 1591 988 1659 ἡμᾶς
1017 1587 1074 1641 δὲ
1134 1587 1475 1657 ἀμερίμνους
1507 1588 1742 1655 ποιήσει.

203 1684 390 1745 Σκέψαι
411 1682 590 1736 τοίνυν
623 1683 650 1734 ὃ
683 1681 897 1750 μέλλεις
947 1681 1103 1750 δρᾷν.
1149 1679 1243 1732 Σοὶ
1270 1677 1380 1748 γὰρ
1426 1677 1455 1728 ὁ
1489 1677 1644 1744 λόγος
1665 1675 1744 1729 εἴ·

206 1774 568 1844 ρηταιούτοσί.
608 1773 846 1826 Τοιαῦτα
870 1772 964 1824 τοῦ
999 1771 1264 1840 βασιλέως
1327 1771 1596 1834 εἰπόντος,
1639 1769 1746 1824 ἐνί-

205 1885 348 1920 στλτο
373 1867 467 1936 μὲν
493 1869 521 1919 6
554 1866 896 1936 Συργιάννης
929 1861 1435 1932 σεσυκοφαντῆσθαι
1495 1863 1739 1929 φάσκων,

205 1963 285 2014 καὶ
310 1956 377 2014 ὧν
413 1961 791 2029 κατηγόρηται
827 1957 996 2026 μηδὲν
1028 1956 1224 2026 ἀληθὲς
1255 1953 1420 2021 εῖναι,
1469 1954 1546 2024 τῷ
1578 1954 1633 2007 δὲ
1667 1953 1744 2024 μὴ

208 2052 399 2121 βεϐαίας
453 2050 796 2121 παρέχεσθαι
837 2048 960 2120 μηδ’
1015 2049 1289 2145 ἐναργεῖ.
1311 2049 1408 2110 τὰς
1443 2047 1742 2145 ἀποδείξεις

211 2144 330 2211 ὑπὲρ
353 2135 422 2195 ὧν
449 2143 830 2211 κατηγορεῖτο,
853 2139 1174 2209 ὑποψίανξόὺ
1213 2135 1416 2208 μ’ἱκράν
1450 2135 1528 2206 τῷ
1555 2137 1746 2205 στοχά-

211 2233 370 2296 ζεσθαι
400 2233 464 2286 τὰ
506 2236 815 2302 πράγματα
869 2231 1164 2300 παρείχετο
1210 2230 1496 2298 δυναμένῳ
1525 2230 1588 2281 ὲκ
1635 2227 1744 2280 τῶν

209 2325 378 2392 λόγων,
400 2325 470 2388 ὼς
497 2326 713 2395 πονηρὰ
750 2323 996 2376 σύνοιδεν
1019 2322 1216 2391 ἑαυτῷ.
1244 2321 1350 2374 Τοῦ
1377 2322 1561 2390 μέντοι
1589 2320 1745 2390 βασι-

212 2415 328 2477 λέως
358 2415 476 2476 τοὺς
508 2414 719 2477 αὐτοὺς
754 2413 948 2481 λόγους
997 2411 1160 2464 πάλιν
1209 2410 1594 2474 ἀναλαϐόντος,
1648 2411 1746 2464 καὶ

215 2506 414 2576 θάρσους
449 2505 833 2575 ὲμπλήσαντος
882 2504 956 2566 ὡς
985 2503 1138 2557 οὐδὲν
1167 2498 1330 2575 ἦττον
1387 2502 1421 2571 ἢ
1480 2503 1745 2570 πρότερον

215 2597 418 2665 εὐμενῶς
447 2598 783 2650 διακείσεται
817 2595 952 2666 πρὸς
976 2595 1159 2657 αὐτὸν,
1191 2593 1454 2663 ἀπῆλθεν.
1501 2594 1593 2646 Ἐκ
1615 2595 1745 2663 μέν·

217 2687 608 2750 τοιΒυζαντίου
665 2686 817 2754 παρὰ
848 2685 959 2738 τῶν
991 2682 1085 2736 τοῦ
1121 2684 1246 2737 νέου
1277 2683 1545 2754 βασιλέως
1581 2688 1747 2752 ἀγγε-

218 2778 307 2832 λίαι
327 2780 582 2848 ὁσημέραι
605 2776 934 2846 ἀφικνοῦντο
951 2776 1140 2844 φίλων,
1162 2777 1230 2830 τά
1254 2792 1310 2828 τε
1339 2777 1465 2846 περὶ
1489 2775 1749 2844 Συργιάν-

219 2886 297 2940 νην
325 2871 595 2923 πείθουσαι
641 2869 716 2932 ὡς
745 2870 834 2939 εῐη
895 2868 1093 2940 ἀληθῆ,
1149 2869 1244 2922 καὶ
1281 2870 1364 2921 ὅτι
1420 2868 1674 2938 βασιλεὺς
1717 2869 1747 2920 6

221 2964 546 3034 πρεσϐύτερος
567 2965 638 3016 τά
663 2965 800 3031 πρὸς
825 2964 916 3016 τὸν
938 2963 1178 3032 πόλεμον
1203 2961 1520 3031 ἐξαρτύεται
1546 2962 1745 3026 πάντα,

214 3054 273 3118 ὡς
305 3056 407 3124 ἅμα
433 3057 506 3125 τῷ
535 3057 878 3126 Σύργιάννην
931 3053 1227 3123 ἀφικέσθαι
1291 3054 1746 3124 ἀναῤῥαγησομέ-

1851 578 2012 632 nobis
2069 591 2444 649 pugnaturus,
2497 599 2709 655 nosque
2758 588 2904 640 omni
2950 602 3078 641 cura
3136 598 3191 642 et
3217 589 3422 646 sollici-

1856 670 2048 724 tudine
2094 672 2429 729 liberaturus
2472 687 2637 732 esset.
2670 677 2850 742 Quare
2875 679 3006 747 quid
3031 696 3160 748 agas
3188 681 3421 750 dispice,

1850 772 1942 816 tua
1989 763 2193 833 quippe
2246 781 2410 822 causa
2473 767 2591 824 hanc
2637 770 2780 824 dicta
2835 782 2984 825 sunt.
3035 771 3206 826 Simul
3255 773 3420 828 liuent

1848 851 2110 921 loquendi
2159 856 2310 910 dedit
2366 857 2691 927 imperator,
2731 860 3066 932 Syrgiauncs
3100 863 3417 930 adversari,

1849 959 1912 997 ac
1954 961 2012 999 se
2056 960 2154 1014 per
2184 948 2511 1003 calumniam
2556 952 2833 1016 delatum,
2869 963 3149 1023 totamque
3191 971 3420 1009 accusa-

1853 1035 2057 1087 tionem
2135 1051 2255 1090 esse
2317 1043 2750 1094 commentitiam
2806 1042 3098 1098 allirntare.
3165 1044 3418 1100 Attamen

1847 1125 1994 1194 quod
2053 1129 2478 1184 asseverationis
2531 1131 2696 1202 hujus
2747 1148 2928 1202 neque
2969 1135 3194 1199 solidas,
3239 1151 3418 1205 neque

1847 1215 2024 1270 claras
2084 1217 2444 1286 probationes
2501 1221 2831 1286 adducebat,
2886 1239 3009 1276 cum
3067 1225 3418 1278 conscientiae

1846 1306 2026 1362 labem
2081 1310 2134 1362 in
2194 1311 2380 1366 animo
2427 1312 2650 1377 habere,
2686 1314 2864 1369 bonus
2893 1332 3075 1370 rerum
3117 1318 3417 1372 aestimator

1847 1414 1957 1455 non
2006 1399 2202 1454 leviter
2234 1404 2506 1472 suspicari
2543 1416 2778 1475 poterat.
2814 1408 2909 1461 Ast
2950 1409 3284 1476 imperatore
3318 1425 3410 1463 ea-

1846 1489 1969 1544 dem
2021 1491 2280 1559 itcrante,
2335 1511 2397 1547 ac
2454 1510 2606 1564 Spem
2647 1497 2937 1552 maximam
2970 1499 3272 1568 injiciente,
3305 1517 3414 1555 non

1847 1585 2028 1638 minus
2076 1601 2239 1655 quam
2293 1589 2522 1643 antcltac
2576 1591 2682 1644 sibi
2732 1592 2958 1645 charum
3010 1593 3150 1655 fore,
3207 1609 3235 1647 e
3283 1609 3413 1648 con-

1845 1684 2032 1742 Spectu
2072 1676 2228 1730 abiit.
2271 1678 2535 1748 Byzantio
2559 1691 2742 1735 autem
2775 1682 3087 1750 quotidiani
3123 1683 3193 1737 ab
3219 1683 3417 1738 amicis
3455 1726 3459 1730 .

1847 1767 2142 1821 veniebant
2178 1771 2383 1835 nuntii,
2425 1770 2784 1842 Syrgiannetu
2821 1775 3158 1842 proditorem
3185 1790 3326 1838 esse,
3361 1786 3417 1830 et

1845 1861 2252 1929 quamprimum
2289 1862 2380 1916 ille
2411 1864 2695 1928 adfuisset,
2730 1881 2890 1919 avum
2923 1867 2975 1919 itt
3011 1867 3233 1932 bellum,
3267 1869 3413 1935 quod

1845 1953 2181 2008 omnimodis
2219 1954 2329 2020 jam
2375 1965 2643 2024 parasset,
2685 1968 3039 2026 erupturum.
3088 1957 3280 2012 Hieme
3322 1973 3418 2026 ap-

1846 2053 2091 2114 petente,
2139 2055 2266 2101 ante
2315 2047 2458 2100 dictu
2506 2048 2730 2101 tertium
2765 2049 2951 2102 Nonas
2983 2048 3248 2106 Octobres
3290 2048 3419 2120 Syr-

1845 2135 2098 2204 gianuem
2127 2137 2318 2206 junior
2352 2137 2653 2206 imperator
2679 2139 2977 2207 separatim
3012 2140 3198 2193 denuo
3225 2141 3304 2193 sic
3334 2147 3417 2193 est

1844 2227 2043 2281 allatus
2093 2245 2106 2281 :
2174 2229 2232 2282 lu
2273 2231 2540 2283 memoria
2589 2229 2686 2282 tibi
2723 2245 2843 2283 esse
2887 2239 3136 2294 autumo,
3164 2246 3285 2298 qua:
3313 2246 3415 2283 nu-

1846 2334 1944 2388 per
1985 2329 2162 2374 tecum
2192 2321 2277 2390 cgi
2337 2322 2413 2375 Ex
2445 2337 2510 2378 eo
2538 2337 2710 2389 usque
2735 2321 2900 2376 hodie
2939 2323 2991 2374 in
3025 2322 3145 2376 dies
3167 2322 3417 2390 singulos

1847 2409 1980 2463 mihi
2040 2415 2347 2474 nuntiatur,
2399 2421 2451 2465 te
2502 2412 2866 2466 defectionem
2921 2411 2989 2465 ad
3035 2428 3195 2466 avum
3225 2422 3416 2480 partu-

1848 2501 1956 2554 rire
2002 2515 2017 2553 :
2066 2512 2185 2555 uec'
2213 2501 2264 2554 id
2303 2510 2533 2566 tantum,
2575 2502 2671 2555 sed
2709 2502 2885 2570 ipsum
2915 2510 3175 2570 prwtct-ea
3210 2501 3412 2555 bellum

1847 2589 2137 2655 instruere,
2185 2607 2296 2660 quo
2345 2606 2434 2644 me
2479 2591 2644 2646 simul
2687 2603 2839 2645 actu
2887 2593 3126 2656 veneris,
3163 2593 3412 2646 lacessat.

1846 2682 2124 2752 Quotquot
2172 2699 2301 2736 vero
2331 2684 2463 2737 mihi
2493 2683 2632 2737 bene
2671 2685 2925 2752 cupiunt,
2964 2695 3024 2738 ut
3051 2693 3102 2740 te
3131 2699 3413 2739 coerceam

1847 2779 2174 2830 hortantur:
2207 2775 2286 2830 sic
2312 2776 2460 2830 enim
2493 2775 2693 2830 bellum
2726 2777 3047 2845 quieturum
3075 2794 3089 2840 ;
3121 2785 3176 2830 at
3210 2789 3264 2830 tu
3295 2792 3416 2846 quae

1847 2877 2006 2920 antea
2048 2882 2112 2919 ex
2158 2882 2242 2920 me
2267 2867 2548 2931 audivisti,
2579 2865 2776 2920 iterum
2807 2867 3019 2920 audies.
3053 2867 3131 2929 Si,
3165 2867 3414 2936 inquatn,

1848 2958 2078 3013 mOnitis
2120 2958 2258 3013 meis
2307 2957 2716 3027 obtemperans,
2766 2957 2834 3012 ab
2881 2959 2966 3011 his
2992 2959 3324 3013 meditandis
3361 2969 3416 3014 ct

1847 3050 2075 3118 agendis
2129 3049 2485 3114 abstinueris,
2543 3050 2680 3103 bene
2715 3059 2867 3104 certe
2901 3067 2916 3104 :
2953 3047 3226 3104 siu'aliam
3263 3067 3416 3105 men-

222 3160 306 3196 νου.
339 3147 490 3213 Ἀρτι
517 3146 573 3198 δὲ
604 3147 698 3197 τοῦ
730 3144 998 3214 χειμῶνος
1050 3142 1734 3214 ἀρχομένου,⁹οκτω6ρίου

1847 3153 1950 3196 tem
1981 3142 2210 3196 induere
2246 3157 2355 3195 non
2391 3149 2473 3195 est
2502 3151 2560 3193 ut
2594 3141 2794 3208 possis,
2820 3141 2903 3193 lac
2923 3156 3046 3208 qua:
3073 3140 3245 3194 libido
3267 3139 3411 3204 fert;

219 3236 358 3303 μηνὸς
409 3238 634 3307 πέμπτῃ
671 3237 988 3304 ἱσταμένου,
1042 3237 1205 3288 πάλιν
1253 3235 1280 3284 6
1318 3232 1575 3302 βασιλεὺς
1611 3233 1742 3286 ίδια-

217 3325 383 3390 ςόντως
411 3330 510 3398 ἐφη
537 3332 671 3398 πρὸς
704 3329 1044 3397 Συργιάννην
1071 3343 1086 3359 ο
1124 3328 1237 3380 Οὐκ
1267 3327 1524 3396 οἴημαίσε
1543 3322 1614 3379 ὧν
1639 3325 1746 3395 πρὸ

217 3419 378 3482 χρόνου
413 3420 607 3489 μικροῦ
643 3421 775 3489 πρὸς
806 3420 864 3471 σὲ
898 3417 1202 3488 διειλέχθην
1233 3416 1610 3487 ἐπιλελῆσθαι.
1647 3417 1746 3468 Ἐκ

216 3507 372 3558 τότεδ⁹
403 3508 526 3577 ἄχρι
557 3510 651 3560 καὶ
685 3507 780 3562 νῦν
823 3507 1095 3578 ὁσημέραι
1128 3524 1218 3576 μοι
1263 3507 1583 3575 ἀγγέλλεται
1616 3507 1746 3575 περὶ

221 3595 293 3647 σοῦ
317 3598 380 3660 ὡς
400 3597 702 3666 ἀποστῆναι
728 3597 862 3668 πρὸς
880 3599 971 3649 τὸν
993 3600 1012 3648 ὲ
1025 3598 1123 3667 μὸν
1148 3596 1372 3650 πάππον
1393 3613 1468 3648 πα
1477 3596 1746 3666 ρασκευά-

216 3690 287 3761 ζῃ.
314 3691 380 3744 Οὐ
406 3693 508 3761 μὴν
534 3692 650 3746 ἀλλ’
679 3694 761 3744 ὅτι
792 3695 886 3745 καὶ
911 3693 1068 3752 αὐτὸ,
1088 3694 1157 3746 τὰ
1185 3693 1320 3762 πρὸς
1337 3684 1570 3762 πόλεμον
1589 3693 1748 3761 ἐξαρ-

213 3779 414 3847 τύεται,
453 3782 526 3846 ὡς
575 3783 693 3851 ἅμα
720 3781 795 3851 τῷ
856 3784 914 3836 σὲ
985 3784 1393 3852 παραγενέσθαι
1451 3785 1587 3856 πρὸς
1645 3784 1746 3853 ἐμὲ

215 3872 525 3942 πολεμήσων.
579 3873 737 3926 Ὅσοι
791 3873 834 3926 δ’
864 3872 1185 3942 ἐπιτηδείως
1233 3871 1446 3943 ἔχουσιν
1479 3873 1623 3940 ὲμοὶ,
1653 3871 1746 3923 καὶ

215 3959 362 4031 εἶρξαί
389 3979 445 4018 σε
477 3965 856 4035 παραινοῦσιν,
888 3965 960 4028 ὼς
994 3967 1109 4034 ἅμα
1134 3963 1212 4033 τῷ
1251 3964 1310 4015 σὲ
1341 3963 1625 4033 εἱρχθῆναι
1653 3963 1746 4014 καὶ

214 4056 290 4108 τοῦ
323 4059 553 4128 πολέμου
576 4059 950 4127 παυσομένου.
995 4058 1135 4126 Ἐγὼ
1163 4057 1207 4110 δ’
1236 4057 1272 4112 ἃ
1303 4058 1571 4128 πρότερον
1595 4058 1747 4127 εἰρή-

218 4163 333 4211 κειν,
365 4149 453 4202 καὶ
483 4145 639 4212 αὖθις
684 4150 820 4220 ἐρῶ,
880 4149 954 4212 ὡς
1003 4149 1052 4201 εί
1109 4148 1209 4218 μὶν
1241 4152 1354 4212 τοῖς
1383 4150 1536 4219 ἐμοῖς
1570 4147 1748 4216 λόγοις

216 4241 445 4306 πεισθεὶς,
498 4241 593 4295 τοῦ
641 4252 868 4296 τοιαῦτα
920 4245 1014 4296 καὶ
1069 4241 1421 4312 βουλεύεσθαι
1473 4243 1568 4294 καὶ
1615 4243 1748 4312 δρᾷν

215 4331 450 4404 ἀποστῇς,
484 4332 667 4397 καλῶς
701 4334 768 4388 ἂν
799 4337 912 4404 ἔχοι
938 4351 951 4365 ’
992 4337 1042 4387 εί
1069 4335 1114 4387 δ’
1163 4334 1439 4398 ἀδυνάτως
1473 4334 1613 4403 ἔχεις
1651 4352 1748 4404 με-

219 4424 674 4490 ταϐουλεύσασθαι,
706 4426 742 4481 ἀ
766 4426 945 4498 βούλει
967 4429 1171 4496 πρᾶττε
1191 4441 1206 4456 ο
1235 4427 1346 4496 ἐγὼ
1365 4429 1470 4497 γάρ
1497 4427 1558 4480 οὐ
1589 4429 1748 4497 μόνον

214 4515 294 4566 οὐκ
322 4513 483 4584 εἶρξαί
523 4537 598 4591 ,σε
635 4520 1050 4592 προθυμοῦμαι,
1105 4521 1284 4575 καίτοι
1343 4521 1486 4575 πάνυ
1549 4521 1744 4592 ῥᾳδίως

217 4607 348 4674 ἔχων,
390 4612 459 4674 ὼς
493 4616 588 4666 καὶ
625 4614 790 4675 αὐτὸς
845 4617 1016 4684 φαίης
1045 4615 1131 4675 ἂν,
1159 4615 1276 4667 ἀλλ’
1303 4612 1422 4667 οὐδὲ
1455 4616 1548 4683 τῆς
1570 4613 1740 4683 ἀρχῆς

217 4702 503 4769 παρσλύσω.
541 4703 747 4756 Τούτου
775 4703 819 4756 δ’
868 4704 1030 4756 ἓνεκα
1059 4705 1140 4755 σοὶ
1166 4703 1340 4756 ταῦτα
1367 4702 1637 4773 προλέγω,
1668 4702 1744 4765 ὡς

217 4792 269 4842 ἂν
289 4794 471 4867 εἰδείης
521 4796 799 4861 ἀπελθὼν,
840 4797 915 4859 ὠς
952 4798 1011 4848 ού
1055 4795 1252 4859 λαθὼν,
1292 4797 1426 4850 ἁλλά
1469 4795 1744 4866 φωραθεὶς

213 4882 239 4935 ει
259 4887 483 4950 προείλου
504 4885 812 4958 παρώφθης
842 4888 995 4958 δρᾷν.
1045 4885 1170 4939 Ἐπὶ
1197 4887 1404 4950 τούτοις
1423 4888 1449 4940 6
1471 4887 1545 4938 Συ
1556 4887 1743 4956 ργιὰν-

154 4985 160 5004 ‘
216 4994 292 5044 νῃς
316 4978 757 5048 συκοφαντεῖσθαι
790 4979 950 5033 πάλιν
987 4981 1426 5050 ίσχυρισάμενος,
1459 4981 1553 5035 καὶ
1577 4980 1745 5052 μηδέν

215 5069 418 5124 τοιοῦτον
447 5071 626 5142 ἑαυτῷ
659 5071 976 5134 συνειδέναι,
1007 5071 1098 5125 τοῦ
1122 5071 1384 5142 βασιλέως
1416 5072 1744 5143 ἐπιτρέψαν-

212 5175 301 5226 τος,
329 5164 454 5233 πρὸς
482 5163 545 5223 ἃς
569 5165 908 5232 ἐπετρόπευε
938 5162 1037 5234 τῆς
1063 5164 1283 5236 Θρᾴκης
1306 5163 1488 5228 πόλεις
1509 5163 1742 5233 ἀπῆλθε.

209 5252 292 5305 Δύο
316 5255 353 5306 δ’
372 5256 425 5319 ἐξ
454 5257 630 5308 αὐτῶν
659 5257 751 5308 τὸν
781 5256 1007 5323 Ἀπρων
1041 5262 1134 5310 και
1160 5255 1259 5326 τὴν
1283 5255 1552 5325 Γαρέλλαν
1579 5272 1748 5326 φρου-

213 5346 310 5409 ριῖς
342 5346 647 5415 κατασχὼν,
702 5344 800 5397 καὶ
853 5344 900 5396 τ’
932 5345 1070 5398 ἄλλα
1127 5345 1570 5416 ἀσφαλισάμενος
1615 5343 1745 5397 ὥστ’

210 5434 330 5499 ἐχειν
374 5439 502 5504 πρὸς
557 5435 881 5504 πολιορκίαν
924 5437 1192 5505 ἀντέχειν,
1243 5437 1458 5505 ἀπέστη
1490 5439 1622 5506 πρὸς
1654 5438 1746 5490 τὶν

213 5525 550 5595 πρεσδύτερον
589 5526 812 5594 βασιλέα
846 5511 1152 5595 Νοεμσρίου
1180 5526 1368 5596 μηνός.
1401 5527 1552 5595 ’Δμα
1583 5527 1638 5578 δὲ
1665 5525 1746 5597 τῷ

212 5608 370 5662 τοῦτον
419 5613 676 5681 ἐπιϐῆναι
737 5613 1058 5676 Βυζαντίου,
1115 5614 1211 5666 καὶ
1264 5614 1422 5666 ὁτῶν
1477 5614 1745 5684 βασιλέων

213 5701 418 5773 πόλεμος
441 5706 693 5774 φανερῶς
730 5702 888 5768 αὖθις
947 5705 1352 5776 ἀνερριπίζετο.
1395 5708 1451 5759 ’0
1487 5709 1604 5770 νέος
1636 5708 1744 5778 γὰρ

218 5788 439 5855 gestiet;
462 5795 554 5864 τὴν
580 5797 1024 5866 ὑποτεταγμένην
1048 5795 1198 5866 αὑτῷ
1227 5798 1486 5868 στρατιὰν
1521 5799 1742 5851 ἃπασαν

1777 4481 1825 4538 1)

1845 3252 1946 3305 ego
1995 3235 2141 3290 cuitu
2204 3251 2313 3288 non
2367 3235 2528 3288 modo
2569 3249 2826 3288 coercere
2873 3244 2928 3288 et
2959 3235 3325 3302 comprimere
3363 3243 3414 3287 te

1847 3343 1953 3382 non
1983 3342 2140 3392 aveo,
2176 3325 2388 3380 tametsi
2435 3341 2602 3394 parvo
2641 3326 2692 3379 id
2725 3327 2942 3395 negotio
2971 3341 3188 3394 queam,
3215 3336 3274 3378 ιιι
3303 3335 3416 3380 tute

1846 3420 2203 3483 couﬁtebere,
2225 3420 2318 3474 sed
2343 3435 2518 3487 neque
2541 3418 2919 3487 praefecturam
2940 3419 3047 3488 78
3079 3419 3174 3472 tibi
3196 3419 3413 3485 adimo;

1852 3520 1912 3564 ut
1943 3511 2215 3578 intelligas
2244 3525 2349 3562 nou
2381 3525 2465 3561 nn:
2497 3509 2694 3571 inscio,
2727 3509 2822 3561 scd
2859 3511 3039 3576 potius
3071 3511 3411 3579 uegligeute,

1847 3617 1910 3655 ea
1959 3612 2010 3655 te
2055 3602 2251 3669 egisse,
2296 3616 2418 3670 quin
2463 3599 2560 3653 tibi
2608 3611 2734 3653 ante
2774 3601 3077 3654 deliberata
3127 3612 3275 3654 sunt.
3318 3601 3416 3655 llic

1848 3693 2178 3763 Syrgiannes
2231 3707 2449 3743 rursum
2499 3691 2636 3744 falso
2682 3693 2734 3744 in
2797 3707 2856 3745 se
2923 3701 3132 3744 tantum
3197 3693 3412 3746 crimen

1848 3783 2108 3846 conferri,
2162 3799 2224 3835 ac
2279 3783 2483 3836 nullius
2531 3798 2650 3836 esse
2685 3783 2785 3835 sibi
2815 3781 3414 3849 consciumaﬂirmans,

1854 3876 2058 3928 libente
2108 3877 2475 3944 imperatore,
2525 3873 2593 3926 ad
2651 3873 2814 3927 urbes
2860 3873 3124 3938 Thraciae,
3179 3890 3414 3944 quarunt

1850 3966 2168 4036 praelectum
2202 3967 2416 4034 agebat,
2465 3964 2744 4030 discessit,
2773 3981 2834 4019 ac
2868 3966 3024 4027 duas,
3057 3965 3233 4034 Apros
3264 3966 3416 4020 vidc-

1848 4059 1974 4111 licet
2015 4065 2072 4110 et
2122 4054 2429 4117 Garella'm,
2493 4055 2762 4124 praesidiis
2795 4056 3081 4124 impositis,
3107 4065 3414 4125 czcteroque

1848 4154 2115 4214 apparatu
2152 4144 2226 4198 ita
2262 4145 2664 4209 communiens,
2709 4155 2766 4212 ut
2797 4145 3142 4200 obsidionem
3177 4148 3414 4202 tolerare

1849 4237 2096 4318 valerent
2117 4275 2131 4301 ,
2165 4251 2354 4291 mense
2386 4236 2684 4290 Novembri
2719 4237 3036 4309 Byzantium
3068 4239 3235 4317 venit,
3263 4255 3416 4293 mox-

1848 4343 1955 4397 que
1997 4328 2202 4382 bellum
2252 4328 2398 4381 inter
2447 4327 2812 4397 imperatores
2845 4329 2913 4382 de
2950 4331 3166 4399 integro
3211 4341 3266 4384 et
3299 4347 3414 4384 ma-

1853 4419 2054 4474 nifesto
2079 4418 2275 4473 ardere
2297 4417 2487 4488 cmpit.
2514 4418 2712 4473 Junior
2741 4419 2885 4473 enim
2921 4420 3072 4475 brevi
3097 4422 3272 4492 copiis
3297 4423 3416 4477 suis

1853 4510 1906 4564 in
1969 4527 2137 4564 unum
2187 4511 2414 4574 coactis,
2468 4511 2548 4565 sic
2593 4511 2659 4565 ad
2717 4528 2810 4566 eas
2856 4515 3214 4570 concionatus
3258 4526 3343 4570 est
3398 4532 3415 4570 :

1851 4601 2010 4656 Pacis
2055 4602 2320 4658 honestas
2373 4611 2430 4656 et
2481 4603 2687 4656 utilitas
2717 4619 2826 4658 non
2863 4604 2930 4658 iis
2961 4615 3169 4660 tantum
3199 4609 3294 4677 qui
3329 4623 3417 4662 re-

1847 4702 2070 4762 guntur,
2120 4694 2215 4746 sed
2255 4692 2562 4748 rectoribus
2597 4694 2760 4749 etiam
2796 4695 2930 4764 ipsis
2962 4713 2974 4748 :
3011 4698 3173 4751 sicuti
3197 4707 3254 4752 et
3286 4697 3417 4754 belli

1845 4782 2184 4838 calamitates
2211 4784 2366 4856 gubis
2395 4799 2611 4855 quoque
2661 4787 2922 4840 omnibus
2953 4797 3094 4843 nota:
3125 4799 3276 4845 sunt.
3307 4790 3418 4860 Ego

1847 4889 1976 4928 vero
2035 4890 2154 4943 qua:
2200 4875 2454 4944 privatim
2488 4874 2766 4944 possideo,
2801 4891 2990 4930 eorum
3043 4881 3288 4933 omnium
3335 4881 3418 4950 ja-

1846 4976 2083 5030 cturaut,
2139 4967 2289 5035 pacis
2347 4966 2650 5021 retinenda:
2715 4968 2887 5037 gratia
2944 4968 3091 5022 haud
3144 4985 3416 5025 recusem.

1848 5061 2139 5129 Postquam
2177 5064 2359 5111 autem
2403 5072 2542 5112 avus
2583 5072 2739 5112 nteus
2771 5058 2939 5128 (quod
2969 5074 3248 5128 nunquam
3295 5074 3417 5114 cre-

1847 5151 2156 5220 didissem),
2196 5157 2386 5221 spreto
2412 5149 2643 5216 fcedere,
2677 5149 2880 5203 nullam
2915 5149 3073 5203 nobis
3103 5149 3263 5218 huius
3294 5164 3418 5217 per-

1849 5242 1992 5298 ﬁdiw
2040 5258 2257 5298 causam
2290 5244 2408 5296 sive
2425 5257 2614 5297 ansam
2643 5243 3037 5312 prmbentibus,
3067 5242 3132 5294 ad
3159 5250 3416 5310 apertutn

1847 5337 2051 5391 bellum
2109 5336 2384 5404 prosiluit,
2411 5345 2468 5390 et
2513 5351 2615 5388 nos
2640 5335 2812 5388 invito
2843 5333 3279 5402 neccssitateque
3319 5333 3419 5387 ad-

1847 5427 1954 5482 acti
1982 5427 2048 5480 ad
2082 5442 2228 5481 arma
2266 5427 2428 5487 imus,
2459 5437 2514 5480 et
2542 5427 2794 5480 omnibus
2824 5425 3008 5496 potius
3029 5424 3305 5495 sullragiis
3326 5441 3421 5495 pa-

1847 5535 1967 5576 cem
2003 5520 2278 5589 eligimus,
2309 5517 2444 5571 nihil
2473 5527 2646 5572 restat
2677 5517 2821 5570 aliud
2858 5532 3024 5584 quam
3054 5525 3112 5570 ut
3141 5516 3255 5571 Deo
3281 5526 3418 5572 teste

1842 5609 2203 5684 jurisjuraudi
2257 5609 2511 5662 invocato
2533 5649 2546 5673 ,
2584 5610 2834 5678 perjuros
2863 5608 3206 5673 invadantus,
3239 5610 3448 5678 pretii--

1846 5704 2208 5773 deamusque,
2261 5700 2536 5770 quomodo
2572 5713 2679 5753 non
2709 5701 2880 5771 magis
2916 5701 3048 5770 ipsis
3088 5704 3290 5757 malum
3327 5703 3424 5758 (le-

1848 5810 1995 5859 ntus,
2043 5809 2209 5863 quam
2249 5803 2310 5848 ut
2343 5808 2410 5848 ne
2443 5793 2544 5862 ipsi
2580 5793 2782 5847 malum
2815 5793 3038 5862 aliquod
3063 5797 3420 5866 accipiamus.
