3952 6204
442 387 548 450 I99

1602 380 1930 442 J‘OANNIS
1971 372 2497 440 CANTACUZENI

3581 197 3607 222 ο

3566 358 3669 421 200

433 514 641 556 etcum
671 507 866 578 nepote
911 511 1262 554 concordiam
1303 496 1865 564 communionemque
1897 493 2002 547 ini-

2126 491 2248 544 ιεθά
2297 507 2416 556 σου,
2486 485 2733 558 βασιλεῦ,
2790 482 2923 553 πρὸς
2982 480 3146 534 αὑτοῦ
3194 477 3290 533 τοῦ
3338 479 3445 531 τῶν
3491 479 3670 549 ὅρκων

432 590 848 654 vcris,vicissim
868 606 968 660 pro
985 597 1217 657 utroque
1241 589 1557 650 vestrum,si
1575 588 1791 642 occasio
1810 584 2000 647 fuerit,

435 683 666 752 impigre
696 698 795 736 nos
818 683 966 751 ipsos
990 681 1291 743 trademus,
1323 690 1376 733 et
1397 680 1607 733 animas
1625 686 1840 732 nostras
1860 675 2004 731 haud

436 785 654 844 gravate
679 773 1155 827 Iethooﬂ'eremus.
1177 771 1271 826 Sin
1297 770 1461 839 (quod
1489 771 1632 826 Deus
1659 770 2006 838 averruncet)

439 868 586 937 malo
620 867 866 919 daemone
891 865 1195 927 invidente,
1221 879 1341 930 qua:
1378 862 1616 931 petimus
1663 872 2006 932 aspernatus,

441 958 708 1026 improbis
740 957 1169 1027 impellentibus,
1205 965 1261 1008 et
1296 955 1351 1008 in
1389 954 1587 1009 aﬂlicta
1622 955 1857 1009 aliorum
1897 955 2010 1008 for-

442 1059 573 1102 tuna
625 1046 1028 1102 exsultantibus
1077 1060 1265 1097 aurem
1322 1045 1700 1111 commodans,
1745 1045 1812 1098 ad
1857 1058 2010 1098 arma

443 1141 816 1203 descenderis,
871 1154 968 1207 per
1020 1138 1203 1192 omnia
1235 1139 1698 1208 contemplantem
1754 1148 1810 1194 et
1849 1138 2011 1192 actio~

442 1247 540 1285 nes
595 1231 878 1284 hominum
917 1229 1314 1298 dijudicantem
1353 1229 1522 1282 Deum
1566 1230 1809 1298 juratum
1869 1238 2008 1291 esto,

441 1338 540 1376 nos
575 1331 670 1376 aut
714 1321 768 1374 iu
808 1321 996 1390 pra-lio
1039 1337 1230 1374 omnes
1276 1320 1567 1389 pugnando
1634 1320 2005 1384 occubituros,

443 1425 536 1469 aut
571 1415 727 1468 factis
751 1414 884 1483 ipsis
909 1413 1282 1467 declaraturus
1305 1412 1499 1482 dignos
1515 1412 1684 1468 fuisse
1703 1412 1795 1481 qui
1823 1428 2011 1482 pacem

445 1507 747 1575 rogitantes
782 1505 1188 1558 cxaudiremur.
1231 1504 1370 1557 Tum
1399 1513 1452 1558 tu
1482 1503 1599 1572 ipse
1635 1505 1699 1557 ad
1731 1518 1829 1556 nos
1877 1503 2019 1571 lega-

446 1605 530 1650 tos
559 1597 764 1658 mittes,
798 1599 1017 1664 quando
1051 1594 1370 1662 praastitisse
1415 1593 1708 1663 judicabis,
1743 1595 1789 1648 si
1820 1593 1962 1648 bello
1985 1609 2015 1646 a

449 1688 724 1757 principio
749 1687 1132 1740 abstinuisses.
1164 1684 1245 1740 Ad
1281 1686 1404 1750 hoc,
1455 1700 1634 1754 neque
1669 1701 1764 1754 per
1788 1695 1841 1739 te
1877 1686 2014 1754 ipse,

449 1796 627 1850 neque
660 1781 781 1833 aliis
805 1778 1177 1844 narrantibus,
1205 1779 1452 1832 animum
1495 1777 1723 1832 inducas
1755 1776 2008 1840 credere,

449 1882 544 1926 aut
580 1872 742 1925 donis
771 1887 834 1926 ac
868 1870 1174 1940 promissis,
1205 1879 1300 1924 aut
1330 1880 1542 1924 terrore
1573 1886 1635 1925 ac
1657 1874 1881 1932 timore,
1918 1876 2012 1922 aut

445 1961 645 2016 'callida
684 1962 894 2024 fraude,
927 1970 1020 2014 aut
1061 1961 1170 2020 alia
1213 1960 1446 2029 quadam
1487 1961 1573 2014 via
1631 1959 1899 2028 quosdam
1948 1959 2016 2013 de

451 2051 613 2105 nobis
641 2067 799 2120 posse
834 2063 884 2105 te
908 2067 936 2105 a
963 2062 1159 2120 nepote
1186 2063 1280 2104 tuo
1303 2051 1368 2104 ad
1391 2059 1512 2104 tuas
1534 2060 1720 2120 partes
1738 2050 2014 2125 pellicere.

453 2143 645 2196 Malam
671 2143 818 2197 enim
852 2152 1064 2213 pestem
1097 2143 1376 2212 capitibus
1404 2144 1609 2198 nostris
1630 2143 1911 2212 imprecati
1930 2159 2021 2196 su—

453 2251 596 2299 mus,
631 2235 708 2300 ni,
747 2235 1220 2304 qumjuravimus,
1263 2251 1437 2305 usque
1464 2235 1531 2290 ad
1567 2245 1873 2290 extremum
1911 2235 2023 2304 spi-

455 2329 624 2382 ritum
651 2343 959 2393 servemus,
1018 2337 1070 2381 et
1115 2344 1144 2381 a
1168 2329 1385 2398 juniore
1421 2327 1752 2394 imperatore
1793 2335 2018 2392 stemus,

445 2423 517 2466 “ac
546 2423 604 2467 ut
634 2415 725 2482 qui
763 2429 922 2468 secus
955 2423 1076 2484 aget
1107 2414 1596 2484 imprecationibus
1623 2415 1893 2484 obligatus
1938 2424 2021 2468 te-

455 2514 668 2559 matur.
697 2505 886 2575 Itaque
902 2521 1025 2561 cum
1053 2504 1108 2559 hi
1137 2508 1247 2561 sint
1270 2507 1441 2560 nostri
1467 2521 1682 2570 sensus,
1710 2521 2021 2575 precamur,

455 2610 515 2651 ut
537 2599 652 2668 ipse
674 2614 894 2668 quoque
920 2609 1031 2652 tum
1057 2598 1417 2664 consulendo,
1441 2609 1554 2652 tum
1585 2600 1839 2654 faciendo
1893 2615 2028 2668 prte—

456 2699 586 2750 stes.
609 2706 731 2759 qua:
757 2690 934 2744 oﬂicio
967 2699 1060 2744 tuo
1086 2690 1438 2759 respondent,
1471 2701 1527 2744 et
1571 2706 1640 2746 ne
1663 2690 1814 2745 inani
1843 2692 2025 2761 suspi~

457 2779 614 2832 cione
650 2778 876 2832 delusus
909 2777 1244 2841 committas,
1276 2776 1435 2846 cujus
1466 2787 1517 2832 te
1543 2777 1596 2831 in
1629 2778 1875 2831 futurum
1909 2792 2025 2847 pm-

462 2871 649 2925 uiteat.
679 2870 803 2923 Haec
828 2885 924 2938 per
949 2869 1234 2938 epistolam
1259 2885 1288 2923 a
1309 2869 1524 2924 seniore
1551 2870 1876 2939 imperatore
1900 2883 2028 2937 pro-

465 2977 652 3014 cerum
712 2968 938 3014 senatus
985 2960 1090 3028 81
1133 2959 1312 3014 omnis
1369 2966 1426 3014 et
1465 2959 1636 3013 duces
1676 2958 2026 3028 petiverunt;

459 3067 679 3123 quoque
725 3053 900 3122 major
925 3051 1061 3104 ﬁdes
1115 3050 1287 3116 ﬁeret,
1323 3065 1484 3105 manu
1513 3065 1609 3104 sua
1641 3051 1874 3119 quisque
1901 3050 2031 3104 sub-

2110 581 2306 651 ἐφόρου
2339 577 2496 642 Θεοῦ,
2533 571 2592 630 οὗ
2623 576 2714 628 καὶ
2743 575 2894 636 ὖντος
2921 571 3142 641 εἰρήνης
3188 570 3283 621 καὶ
3313 567 3669 638 καλουμένου,

2109 673 2200 724 τὶν
2238 673 2472 739 πόλεμον
2502 667 2844 728 καταθεῖναι,
2875 663 2970 716 καὶ
3027 662 3102 733 μὴ
3129 659 3391 731 περιιδεῖν
3439 657 3499 710 τὺ
3529 657 3674 726 ὑπή.

2111 781 2234 815 κοον
2265 763 2351 816 διὰ
2405 761 2503 830 τὴν
2538 757 2809 828 ὑμετέραν
2847 754 3176 824 φιλονεικίαν
3208 750 3530 818 ἀνηκέστοις
3563 765 3668 800 κα·

2112 857 2226 916 κοῖς
2267 852 2584 923 περιπεσόν.
2617 851 2678 904 Εἰ
2714 850 2813 920 μὲν
2840 848 2936 902 οὖν
2978 845 3221 906 πεισθεὶς
3251 843 3361 904 τοῖς
3388 840 3675 910 ἡμετέροις

2111 947 2289 1014 λόγοις
2312 947 2412 1015 τὴν
2434 944 2655 1014 εἰρήνην
2682 942 2802 994 ἀντὶ
2824 940 2917 992 τοῦ
2947 938 3180 1006 πολέμου
3211 935 3410 1005 μᾶλλον
3428 933 3672 1002 ἁσπάσῃ,

2115 1039 2210 1092 καὶ
2236 1038 2334 1106 τὴν
2367 1038 2501 1104 πρὸς
2532 1037 2620 1087 τὸν
2661 1033 2884 1102 ἔγγονον
2917 1033 3006 1085 τὸν
3042 1031 3134 1083 σὺν
3163 1029 3416 1099 ὁμόνοιαν
3449 1028 3543 1079 καὶ
3565 1042 3679 1077 κοι-

2113 1133 2332 1193 νωνίαν,
2370 1133 2464 1184 καὶ
2519 1133 2673 1183 αυτοὶ
2725 1129 3039 1198 προθύμους
3078 1125 3384 1194 παρέξομεν
3427 1122 3676 1183 ἑαυτοὺς,

2115 1227 2209 1278 καὶ
2245 1226 2342 1286 τὰς
2387 1224 2568 1292 ψυχὰς
2620 1223 2812 1286 αὑτὰς,
2849 1223 2898 1274 εί
2927 1217 3040 1274 οἶόν
3084 1235 3165 1280 τε,
3193 1217 3334 1283 ὑπὲρ
3362 1215 3470 1279 τῶν
3501 1213 3582 1266 σοί
3618 1228 3679 1263 τε

2116 1316 2209 1368 καὶ
2243 1318 2319 1384 τῷ
2352 1315 2558 1382 ὲγγόνῳ
2590 1312 2666 1382 τῷ
2701 1311 2778 1382 σῷ
2831 1310 3222 1380 συμφερόντων
3259 1307 3456 1379 ῥᾳδίως
3487 1307 3678 1374 προῖε-

2121 1406 2335 1476 μένους.
2367 1408 2463 1458 Ἂν
2503 1406 2546 1458 δ’
2569 1405 2617 1473 (ὃ
2658 1405 2733 1474 μὴ
2763 1404 2996 1472 γένοιτο)
3022 1399 3261 1471 πονηροῦ
3294 1415 3436 1460 τινος
3471 1398 3684 1468 βασκή-

2118 1514 2305 1557 ναντος
2353 1497 2623 1566 δαίμονος,
2663 1497 2760 1564 τὴν
2817 1496 3095 1566 ἡμετέραν
3138 1495 3236 1562 μὲν
3289 1491 3484 1562 ἀπὼσῃ
3517 1507 3686 1560 πρεσ-

2119 1587 2294 1653 ϐείαν,
2320 1590 2432 1650 τοῖς
2462 1587 2504 1640 δ’
2541 1589 2804 1654 ἐνάγουσι
2836 1587 3094 1656 πονηροῖς
3142 1585 3236 1637 καὶ
3293 1583 3544 1652 χαίρουσι
3571 1582 3686 1643 τοῖς

2120 1681 2330 1742 κακοῖς,
2362 1679 2496 1748 πρὸς
2535 1679 2626 1730 τὸν
2679 1677 2917 1746 πόλεμον
2947 1678 3197 1745 πεισθῇς,
3250 1677 3340 1727 τὸν
3373 1675 3526 1727 πάντ’
3555 1673 3686 1742 ἐφο-

2123 1766 2303 1836 ρῶντα
2330 1766 2463 1819 Θεὸν
2495 1767 2587 1818 καὶ
2633 1769 2745 1829 τοῖς
2777 1769 3172 1838 πραττομένοις
3204 1770 3370 1820 πᾶσιν
3406 1766 3684 1832 ἐπάγοντα

2117 1857 2294 1927 δίκην,
2338 1857 2584 1927 δμνυμέν
2652 1859 2862 1920 σοι.ὼς
3017 1858 3335 1928 πεσούμεθα
3387 1859 3690 1928 μαχόμενοι

2120 1947 2342 2010 πάντες,
2379 1947 2411 2014 ἢ
2461 1948 2768 2018 ποιήσομεν
2807 1949 3119 2018 καταφανὲς
3163 1949 3343 2018 ἔργοις
3377 1950 3559 2012 αὐτοῖς
3609 1949 3688 2011 ὡς

2118 2038 2316 2092 δίκαιοι
2354 2034 2497 2109 ἦμεν
2531 2041 2662 2108 περὶ
2688 2042 2911 2112 εἰρήνης
2947 2043 3344 2112 πρεσϐεύοντες
3395 2041 3684 2097 είσακούεο

2121 2129 2268 2184 σθαι.
2304 2129 2438 2182 Τότε
2482 2130 2591 2200 γὰρ
2626 2132 2789 2195 αὐτὸς
2841 2133 3199 2202 πρεσϐεύσεις
3232 2135 3366 2205 πρὸς
3392 2136 3562 2205 ἡμᾶς,
3596 2135 3687 2188 ὅτε

2121 2223 2170 2272 εἰ
2195 2221 2330 2290 μηδὲ
2359 2221 2455 2291 τὴν
2485 2221 2656 2293 ἀρχὴν
2713 2223 2911 2287 ἐκίνεις
2936 2223 3070 2295 πρὸς
3117 2226 3264 2295 ἡμᾶς
3298 2226 3388 2278 τὸν
3452 2227 3688 2297 πόλεμον

2124 2311 2336 2382 βέλτιον
2389 2315 2617 2382 κρινεῖς.
2643 2311 2764 2367 Ἔτι
2798 2314 2856 2368 δὲ
2922 2317 3030 2386 μὴν
3064 2318 3188 2387 μήτ’
3229 2318 3441 2372 οίκοθεν
3504 2321 3690 2383 αὐτὸς,

2127 2408 2265 2474 μήτε
2294 2405 2426 2476 παρ’
2461 2407 2664 2474 ἑτέρων
2692 2407 2905 2462 ἁκούων
2931 2411 3179 2480 πεισθῇς,
3211 2411 3338 2482 ῶςῆ
3373 2412 3566 2481 δώροις
3597 2414 3696 2466 καὶ⁵

2126 2497 2481 2564 ὑποσχέσεσιν
2507 2498 2540 2566 ἢ
2577 2499 2834 2569 ἐκπλήξει
2882 2517 2939 2552 τε
2974 2504 3068 2554 καὶ
3092 2501 3282 2572 δειλίᾳ,
3319 2502 3352 2573 ἢ
3383 2505 3555 2576 ἑτέρῳ
3582 2507 3697 2559 τινὶ

2124 2587 2372 2658 τρόπιρῆ
2405 2592 2654 2662 περινοίᾳ
2687 2592 2838 2656 τινὰς
2871 2594 3029 2664 ἡμῶν
3063 2595 3425 2662 παρασπάσαι
3466 2598 3562 2650 καὶ
3594 2599 3692 2652 τοῦ

2127 2679 2247 2731 νέου
2287 2678 2551 2748 βασιλέως
2585 2683 2900 2753 ἀποστῆσαι
2927 2684 3153 2756 δυνήσῃ.
3197 2688 3360 2741 Αὐτοὶ
3397 2689 3507 2760 γὰρ
3531 2692 3694 2760 ἡμεῖς

2127 2771 2268 2839 ἀρὰς
2303 2772 2629 2843 ἠρασάμεθα
2658 2775 2782 2828 καθ’
2822 2776 3029 2829 ἑαυτῶν
3057 2779 3154 2839 τὰς
3191 2779 3698 2849 παλαμναιοτάτας,

2127 2857 2164 2932 ἦ
2206 2862 2312 2932 μὴν
2340 2866 2601 2933 ἐμμενεῖν
2645 2867 2757 2929 τοῖς
2799 2866 3217 2937 ὀμωμοσμένοις
3270 2869 3399 2940 ἄχρι
3440 2871 3702 2940 θανάτου,

2130 2953 2224 3005 καὶ
2263 2952 2337 3023 μὴ
2372 2954 2778 3024 ἀποστήσεσθαι
2812 2957 2906 3009 τοῦ
2932 2956 3052 3009 νέου
3079 2957 3345 3027 βασιλέω,
3369 2961 3400 3032 ἢ
3426 2962 3516 3014 τὸν
3539 2963 3704 3018 τοῦτο

2130 3044 2397 3116 δράσοντα
2430 3046 2712 3116 ἐνέχεσθαι
2759 3050 3090 3120 ταῖςκὰραῖς.
3139 3050 3226 3113 Ὠς
3259 3051 3350 3104 οὖν
3392 3050 3534 3106 οὓτω
3561 3055 3704 3122 γνὼ-

460 3144 822 3211 scripserunt,
860 3158 1088 3211 eamque
1133 3141 1536 3205 Calochaarctaa,
1567 3155 1729 3209 quem
1767 3140 2021 3204 diximus,

2137 3152 2246 3206 μης
2271 3136 2430 3206 ἡμῶν
2459 3137 2713 3206 ἑχόντων,
2746 3138 2840 3191 καὶ
2872 3139 3032 3192 αὐτόν
3077 3157 3134 3192 σε
3165 3142 3256 3194 καὶ
3287 3139 3572 3210 βούλεσθαι
3608 3142 3705 3195 καὶ

465 3233 785 3302 Byzantium
814 3221 1491 3286 ferendam'tradiderunt.
1531 3231 1610 3284 Eo
1638 3231 1818 3284 aulam
1851 3234 2026 3284 intro-

464 3337 672 3390 gresso,
704 3323 969 3376 tumultus
1003 3331 1054 3375 et
1101 3323 1306 3374 clamor
1329 3320 1593 3375 exsistere
1619 3320 1686 3377 ab
1704 3321 1898 3376 aulicis
1914 3337 2030 3375 om-

465 3414 628 3468 nibus
656 3431 670 3467 :
693 3413 1053 3483 Palazologum
1073 3422 1329 3482 nepotem
1350 3413 1572 3481 (iterum
1601 3411 1746 3466 enim
1770 3412 2030 3483 dedigna—

374 3572 391 3579 _
468 3506 666 3558 hantur
691 3502 1078 3571 imperatorem
1103 3499 1411 3568 nominare)
1452 3516 1551 3568 per
1576 3499 1814 3568 legatum
1833 3498 1902 3552 ab
1930 3515 2030 3553 avo

467 3593 682 3646 veniam
729 3602 936 3660 petere,
989 3607 1151 3660 quam
1193 3606 1300 3644 non
1343 3589 1415 3644 sit
1461 3598 1880 3652 consecuturus,
1921 3590 2032 3644 nisi

466 3683 901 3738 semetvinctum
921 3682 1141 3746 sistens,
1165 3681 1228 3735 ad
1260 3682 1424 3745 pedes
1453 3695 1510 3734 se
1538 3680 1884 3742 imperatoris
1904 3696 2022 3750 pro-

466 3775 620 3845 jiciat
658 3794 670 3828 :
714 3774 844 3843 quin
889 3774 1053 3827 etiam
1094 3773 1200 3827 hoc
1236 3771 1399 3826 modo
1445 3771 1532 3826 vix
1576 3781 2030 3826 consecuturum.

471 3867 774 3936 imperator
799 3880 962 3920 causa
992 3865 1256 3934 strepitus
1285 3871 1568 3934 percepta,
1603 3863 1957 3918 turbantibus
1979 3871 2035 3918 et

437 3998 440 4000 -
471 3959 834 4014 clamantibus
865 3958 1149 4013 silentium
1185 3957 1399 4024 indicit.
1420 3956 1558 4010 Tum
1593 3956 1784 4019 mittit,
1816 3956 1910 4025 qui
1934 3955 2036 4011 Ca-

469 4049 782 4104 locha-rette
807 4048 1100 4118 signiticet,
1147 4046 1406 4116 quoniam
1437 4045 1543 4099 sibi
1576 4045 1908 4100 necessariis
1943 4060 2038 4099 ne-

469 4144 635 4213 gotiis
664 4142 926 4210 impedito
962 4142 1133 4194 otium
1178 4139 1244 4192 ad
1272 4125 1692 4192 coliocu'tionem
1737 4153 1845 4191 non
1889 4135 2037 4191 sufﬁ-

470 4235 646 4294 ceret,
678 4231 817 4285 velle
843 4230 1058 4297 nepotis
1089 4229 1303 4281 litteras
1334 4226 1541 4279 videre.
1575 4225 1670 4280 llle
1723 4227 1856 4279 nulli
1889 4242 2036 4280 mor-

475 4325 666 4380 talium
709 4337 824 4385 eas,
867 4330 1233 4390 prazterquam
1270 4317 1374 4386 ipsi
1408 4317 1743 4385 imperatori,
1774 4319 2038 4388 quemad-

476 4414 698 4469 modum
735 4413 792 4468 in
831 4411 1100 4466 mandatis
1131 4409 1378 4474 haberet,
1413 4408 1468 4462 in
1501 4407 1754 4462 manibus
1789 4410 2038 4464 redditu-

2137 3227 2401 3297 πράττειν
2433 3231 2502 3281 τά
2535 3229 2725 3281 δέοντα
2759 3231 3212 3300 παρακαλοῦμεν,
3251 3234 3346 3286 καὶ
3377 3235 3452 3304 μὴ
3475 3237 3594 3297 ταῖς
3623 3235 3702 3305 μὴ

2134 3318 2325 3382 οὔσαις
2354 3319 2628 3381 ὑπονοίαις
2684 3319 3094 3391 ἐξαπατηθέντα
3153 3324 3359 3396 πρᾶξαί
3413 3342 3466 3378 τι
3503 3327 3609 3378 τῶν
3643 3327 3704 3378 ὲν

2137 3409 2352 3478 ὑστέρῳ
2408 3409 2714 3478 μετάμελον
2753 3412 3241 3480 παρασχησόντων.
3273 3413 3511 3466 Τοιαῦτα
3569 3417 3709 3484 πρὸς

2139 3501 2360 3570 βασιλέα
2382 3501 2475 3553 τὸν
2503 3501 2882 3572 πρεσϐύτερον
2930 3503 2979 3554 oi
3011 3504 3109 3573 τῆς
3145 3505 3456 3576 συγκλήτου
3503 3508 3710 3569 πάντες

2139 3595 2233 3646 καὶ
2260 3595 2310 3646 οί
2365 3595 2465 3661 τῆς
2499 3597 2766 3664 στρατιᾶς
2815 3596 3085 3665 ἡγεμόνες
3119 3598 3413 3667 ἐγγράφως
3439 3599 3708 3667 διαπρεσ-

2140 3683 2491 3752 ϐευσάμενοι,
2528 3700 2649 3737 ειτα
2671 3685 2768 3737 καὶ
2801 3685 3152 3754 ύπογραφαῖς
3186 3685 3418 3749 οἰκείαις
3449 3686 3518 3737 ἵν’
3630 3704 3716 3737 πι-

2141 3777 2262 3830 στὸν
2286 3776 2785 3838 ὲπιϐεϐαιώσαντες
2823 3777 2883 3829 τὸ
2927 3778 3185 3846 γράμμα,
3222 3777 3317 3829 καὶ
3368 3777 3714 3846 ἐγχειρίσαν-

2139 3885 2228 3930 τες
2285 3867 2363 3936 τῷ
2429 3867 2703 3938 εἰρημένῳ
2769 3867 3190 3938 Καλοχαιρέτῃ,
3261 3868 3572 3935 πέμπουσιν
3633 3869 3713 3930 είς

2141 3957 2432 4021 Βυζάντιον
2500 3959 2633 4025 πρὸς
2689 3956 2937 4026 βασιλέα.
3019 3957 3381 4025 Ἀφικομένου
3458 3959 3593 4026 πρὸς
3642 3957 3712 4009 τὰ

2143 4046 2388 4116 βασίλεια
2434 4045 2478 4097 δ’
2511 4045 2699 4106 αὑτοῦ,
2757 4043 2921 4116 θροῦς
2985 4045 3127 4115 ᾕρθη
3171 4046 3322 4114 παρὰ
3352 4046 3567 4097 πάντων
3619 4046 3716 4097 καὶ

2145 4139 2241 4208 βοὴ
2291 4137 2614 4205 συμμιγὴς,
2662 4137 2736 4198 ὼς
2806 4137 3170 4203 Παλαιολόγος
3222 4139 3252 4191 ό
3305 4135 3399 4188 τοῦ
3447 4136 3714 4202 βασιλέως

2141 4219 2362 4294 ἔγγονος
2425 4226 2506 4294 (ού
2578 4225 2686 4294 γὰρ
2760 4225 2946 4294 ἠξίουν
3024 4225 3179 4288 αὖθις
3249 4224 3410 4278 αὑτὸν
3489 4225 3716 4296 βασιλέα

2143 4318 2374 4387 καλεῖν),
2431 4317 2564 4388 πρὸς
2628 4317 2850 4386 βασιλέα
2916 4316 3139 4386 πέμψας
3201 4316 3518 4386 πρεσϐείαν,
3581 4334 3719 4386 συγο

2144 4412 2376 4480 γνώμης
2433 4410 2605 4462 δεῖται
2643 4413 2867 4478 τυχείνο
2923 4408 3038 4462 ἀλλ’
3070 4409 3171 4461 οὐκ
3219 4409 3284 4462 ἂν
3323 4407 3499 4480 τύχοι,
3548 4409 3598 4460 εί
3641 4411 3720 4478 μὴ

477 4522 601 4561 rum
623 4505 812 4562 refert.
2072 4505 2116 4560 Ι)
2141 4504 2301 4564 αὐτὸς
2337 4503 2530 4554 ἑαυτὸν
2555 4501 2845 4566 ἀποδείξας
2872 4500 3177 4571 δεσμώτην,
3219 4502 3357 4572 πρὸς
3396 4504 3523 4565 τοὺς
3553 4503 3724 4567 πόδας

477 4600 653 4671 ῥίψειε
696 4599 1000 4670 βασιλέως*
1035 4597 1174 4652 οὕτω
1222 4596 1330 4667 γάρ
1363 4596 1431 4651 ἂν
1483 4595 1631 4664 μόλις
1687 4598 1893 4667 τυχεῖν.
1959 4598 2018 4654 Ὀ
2069 4597 2321 4672 βασιλεὺς
2375 4596 2458 4666 δ⁹ἦ
2501 4613 2585 4659 τις
2631 4589 2698 4666 ἦν
2756 4595 2790 4665 ὴ
2831 4597 2981 4648 αίτία
3060 4595 3364 4664 πυθόμενος
3406 4597 3500 4649 τοῦ
3563 4597 3728 4668 θορύ-

478 4693 596 4758 6ου,
631 4694 742 4754 τοῖς
793 4691 892 4762 μὲν
962 4691 1222 4751 ἀτάκτοις
1294 4690 1390 4744 καὶ
1450 4691 1777 4760 κεκραγόσιν
1832 4693 2096 4745 ἐπέταττε
2157 4693 2337 4762 σιγᾷν.
2375 4691 2465 4762 Τῷ
2492 4691 2548 4744 δὲ
2603 4691 2979 4761 Καλυχαιρέτη
3040 4691 3257 4762 μηνύει,
3302 4692 3376 4753 ὡς
3407 4693 3729 4761 ἀναγκαίων

479 4783 640 4836 τινῶν
697 4785 832 4853 πέρι
893 4783 1276 4854 ἀσχολουμένῳ
1310 4783 1432 4835 ἐπεὶ
1463 4784 1537 4854 μὴ
1586 4784 1782 4852 καιρὸν
1815 4783 1956 4838 εἶναι
1991 4789 2272 4855 συντυχεῖν
2295 4785 2468 4855 αὐτῷ,
2499 4785 2567 4836 τὰ
2595 4783 2690 4836 τοῦ
2721 4783 2946 4850 ὲγγόνου
3013 4785 3318 4854 γράμματα
3377 4787 3728 4841 ἀποστεῖλαι.

491 4875 551 4929 '0
585 4876 630 4929 δ’
675 4874 1030 4946 ἀπεκρίνατο,
1099 4877 1271 4946 ἑτέρῳ
1325 4875 1513 4946 μηδενὶ
1561 4876 1626 4931 ἂν
1667 4878 1733 4930 τά
1790 4881 2096 4949 γράμματα
2136 4879 2440 4948 ἐγχειρίσαι
2499 4876 2548 4928 εἰ
2611 4876 2686 4956 μὴ
2738 4873 2888 4944 αὐτῷ
2954 4874 3172 4948 βασιλεῖ
3210 4891 3224 4904 ο
3258 4874 3403 4928 οὕτω
3436 4879 3544 4948 γὰρ
3581 4873 3732 4931 εἶναι

481 4972 956 5040 προστεταγμένον
985 4969 1133 5038 αὐτῷ
1145 5008 1158 5022 .

1880 5098 2104 5156 CAPUT
2134 5098 2328 5154 XXVI.

482 5196 628 5252 cha
674 5195 960 5251 Andronici
1003 5197 1234 5268 junioris
1275 5205 1444 5249 mater
1491 5192 1861 5268 Thessalonica
1909 5193 2230 5268 Byzantium
2264 5194 2471 5268 captiua
2520 5194 2821 5268 adducitur.
2870 5192 3254 5250 Calochwretes
3305 5196 3500 5249 seniori
3547 5212 3733 5264 pacem

1451 5265 1780 5317 vehementer
1809 5272 1966 5333 atque
1997 5265 2156 5318 etiam
2195 5265 2502 5334 suppliciter
2539 5264 2747 5318 suadet.

555 5357 658 5410 Per
695 5356 748 5411 id
784 5367 999 5427 tempus
1025 5357 1322 5426 imperator
1361 5355 1416 5410 in
1442 5369 1563 5408 eam
1597 5369 1782 5408 curam
1809 5363 1866 5408 et
1910 5354 2021 5424 cogi

2250 5354 2564 5425 Ἦσχολεῖτο
2605 5352 2650 5410 δ’
2694 5357 2722 5407 ὁ
2770 5353 3023 5424 βασιλεὺς
3079 5353 3200 5407 κατ’
3252 5356 3434 5410 ἐκεῖνο
3490 5358 3688 5427 καιροῦ
3716 5398 3732 5419 ,

489 5449 748 5503 tationem
787 5449 1157 5513 incumbebat,
1188 5458 1249 5502 ut
1280 5447 1449 5501 lilium
1493 5446 1914 5501 Constantinum
1949 5447 2014 5500 de

2165 5449 2313 5510 ὅπως
2345 5447 2438 5499 τὸν
2495 5447 2596 5517 μὲν
2653 5447 2766 5501 υἱὸν
2825 5448 2994 5502 αὑτοῦ
3046 5449 3460 5502 Κωνσταντίνον
3499 5451 3592 5502 τὸν
3647 5451 3732 5502 δε-

486 5553 697 5609 spotam
719 5541 950 5596 navibus
977 5540 1153 5606 longis
1176 5541 1226 5592 in
1249 5539 1603 5594 Occidentem
1635 5539 1894 5602 mitteret,
1917 5551 2021 5606 pra

2171 5539 2378 5608 σπότην
2405 5541 2656 5611 τριήρεσι
2686 5544 2923 5611 μακραῖς
2969 5541 3104 5611 πρὸς
3160 5542 3400 5610 ἑσπέραν
3448 5543 3732 5614 ἐκπέμψῃ.

495 5640 665 5684 torem
693 5630 1120 5692 Thessalonicae,
1154 5630 1603 5698 reliquarumque
1635 5627 1877 5691 urbium,
1911 5635 1966 5681 et
1997 5642 2021 5680 υ

2160 5629 2569 5701 Θεσσαλονίκης
2599 5633 2696 5684 καὶ
2726 5631 2834 5684 τῶν
2867 5632 3043 5685 ἄλλων
3076 5632 3348 5698 ἑσπερίων
3377 5633 3587 5686 πόλεων
3617 5638 3739 5688 ἐπιδ

491 5721 537 5774 is
587 5721 996 5789 imperatrioem
1040 5719 1324 5774 Michaelis
1371 5719 1716 5786 imperatoris
1743 5719 2021 5789 coniugem

2158 5721 2548 5792 τροπεύσοντα.
2570 5723 2826 5776 Βασιλίδα
2852 5724 2932 5790 δὲ,
2961 5725 3060 5793 τὴν
3083 5723 3306 5794 Μιχαὴλ
3337 5724 3436 5792 μὲν
3467 5725 3558 5778 τοῦ
3576 5725 3736 5795 βασι-

489 5811 716 5865 minoris
752 5809 1048 5865 Andronici
1095 5822 1320 5866 matrem
1367 5809 1756 5866 Thessalonica
1793 5812 2021 5867 Constat:

2161 5815 2294 5876 λέως
2349 5814 2617 5884 γαμετὴν,
2669 5815 3014 5884 Ἀνδρονίκου
3055 5813 3112 5864 δὲ
3164 5812 3258 5865 τοῦ
3313 5813 3434 5866 νέου
3491 5818 3730 5884 μητέρα,
