3952 6204
380 289 486 352 915
1104 289 1116 293 ’
1585 291 1911 353 JOANNIS
1945 290 2090 352 CAN
2097 293 2332 353 TACUZ
2343 290 2468 352 ENI
3545 291 3642 354 216

379 395 529 466 digni
565 394 876 452 videamur.
917 396 1135 452 Etenim
1183 394 1330 466 quod
1372 412 1552 465 neque
1583 406 1694 452 tam
1733 413 1939 469 magna,

2059 398 2282 467 ἔμειναν
2309 397 2502 464 ὀλίγοι,
2533 395 2640 449 τῶν
2674 395 2938 449 πλειόνων
2967 395 3314 450 ἀπελθόντων
3343 413 3355 425 ·
3390 399 3439 449 οἱ
3477 397 3636 461 πεζοὶ

377 499 436 543 et
481 497 674 542 nostro
726 487 883 543 Marti
927 487 1260 544 conferenda
1308 503 1508 543 manus
1547 489 1720 556 intus,
1770 493 1939 560 neque

2057 487 2112 540 δὲ
2143 487 2281 555 πλὴν
2312 487 2536 554 ὀλίγων,
2573 487 2815 550 ἅπαντες
2841 489 3046 542 εἵλοντο
3077 486 3351 540 δουλεύειν
3373 487 3453 557 τῷ
3481 488 3634 558 βασι·

378 588 490 634 tam
547 581 658 635 alta
698 595 764 636 ac
804 589 922 635 tuta
977 582 1204 648 muenia,
1257 595 1436 651 neque
1463 581 1612 636 aliud
1645 583 1947 654 quidquam

378 673 778 741 impedimento
832 673 999 729 nobis
1051 672 1175 738 fuit,
1224 689 1335 743 quo
1391 676 1575 728 minus
1625 685 1948 745 arrogantes

375 760 512 815 istos
581 772 637 816 et
671 771 962 832 protervos
1012 763 1428 829 ulcisceremur,
1460 764 1688 829 nullius,
1719 764 1826 820 nisi
1867 765 1951 819 di-

374 853 494 905 vini
549 853 807 908 Numinis
857 853 1174 909 liberalitati
1242 855 1369 924 jure
1432 855 1788 910 tribuendum
1836 864 1944 914 est.

268 977 291 998 ι
378 945 594 1000 Rursus
623 945 678 1000 in
711 955 817 999 tam
837 945 1034 1000 infesta
1058 946 1490 1016 oppugnatione,
1515 956 1572 1002 et
1602 947 1757 1002 urbis
1782 961 1946 1002 occu-

375 1039 595 1104 patione
635 1047 885 1091 nostrum
935 1053 1114 1106 neque
1162 1053 1495 1108 quemquam
1523 1042 1607 1106 (ut
1650 1051 1944 1096 consenta-

373 1145 538 1183 neum
567 1130 706 1196 erat)
769 1128 1060 1190 cecidisse,
1111 1144 1293 1198 neque
1331 1145 1450 1203 per
1500 1133 1704 1187 eadem
1775 1132 1944 1186 ullius

368 1223 714 1290 captivorum
766 1222 914 1276 civili
968 1223 1236 1292 sanguine
1280 1224 1555 1292 pollutum
1602 1239 1746 1288 esse,
1790 1238 1945 1295 egre-

373 1313 519 1380 giam
544 1326 674 1382 erga
703 1327 806 1367 nos
856 1313 952 1367 Dei
985 1312 1388 1382 providentiam
1433 1331 1736 1385 curamque
1773 1317 1946 1386 signi-

368 1404 515 1458 ﬁcat.
551 1388 740 1472 Itaque
777 1413 834 1458 et
858 1419 962 1459 nos
982 1405 1224 1459 victores
1271 1405 1602 1461 miserorum
1631 1406 1744 1477 89
1793 1407 1943 1462 cala-

367 1495 656 1550 mitatibus
687 1495 756 1550 ad
794 1495 1236 1551 misericordiam
1265 1497 1472 1552 inﬂecti
1503 1507 1723 1567 oportet
1783 1501 1942 1569 (con-

367 1596 451 1640 tra
476 1586 743 1640 Barbaros
787 1601 918 1641 sane
950 1587 1098 1642 bello
1149 1588 1498 1642 internecino
1535 1588 1892 1658 pugnandum
1923 1605 1938 1643 :

365 1688 553 1732 contra
584 1679 877 1748 populares
909 1689 1092 1734 autem
1125 1695 1299 1748 usque
1324 1679 1456 1734 dum
1481 1680 1789 1752 vincas),et
1812 1696 1939 1750 pars

2056 580 2159 633 λεῖ.
2203 575 2297 640 Οἷς
2322 574 2416 631 καὶ
2474 578 2669 648 μισθὸν
2703 567 2920 650 ἐτήσιον
2965 579 3172 644 τάξας,
3200 579 3473 649 ἐνέγραψε
3519 583 3634 644 τοῖς

2056 673 2300 734 οἰκέταις
2331 711 2346 736 ,
2399 672 2528 733 τοὺς
2569 672 2615 725 δ’
2665 671 3001 736 ἀπελθόντας
3073 671 3345 742 ὲφωδίασε
3407 673 3635 742 χρυσίῳ.

2067 763 2244 829 Ὁρῶν
2281 765 2337 816 δὲ
2367 767 2458 816 τδν
2494 764 2654 818 ἄλλον
2714 763 3056 834 ὄμιλονιτῶν
3124 762 3368 834 ’Δπρίων
3435 763 3637 834 ἄνδρας

2054 855 2190 926 ὁμοῦ
2245 859 2340 910 καὶ
2371 859 2637 924 γυναῖκας
2677 857 2773 910 καὶ
2819 856 3018 918 παῖδας
3063 855 3307 924 γυμνοὺς
3353 856 3452 909 καὶ
3499 855 3636 908 ἀπό·

2059 966 2186 1019 ρους
2218 950 2524 1018 περιϊόντας
2557 949 2652 1002 καὶ
2681 949 3112 1020 ὀλοφυρομένους
3131 948 3230 1016 τὴν
3259 947 3632 1018 ἀποστέρησιν

2052 1042 2158 1092 τῶν
2189 1041 2376 1115 ὄντων,
2429 1041 2556 1103 τοὺς
2582 1040 2818 1108 λογάδας
2852 1040 2950 1103 τῆς
2987 1039 3255 1109 στρατιᾶς
3289 1038 3501 1099 πάντας
3533 1037 3630 1089 καὶ

2051 1133 2176 1193 τοὺς
2217 1134 2274 1184 ὲν
2320 1133 2464 1186 τέλει
2496 1130 2842 1198 συναγαγὼν,
2883 1131 3103 1183 Δίκαιόν
3136 1132 3308 1192 ἐστιν,
3340 1128 3466 1196 ἔφη,
3496 1129 3629 1178 πολ-

2050 1225 2162 1286 λοῖς
2189 1225 2283 1276 καὶ
2320 1224 2578 1294 μεγάλοις
2611 1225 2850 1293 σήμερον
2893 1221 3328 1291 εὐηργετηκότος
3359 1221 3508 1289 ἡμᾶς
3532 1217 3626 1270 τοῦ

2050 1318 2208 1379 Θεοῦ,
2235 1318 2327 1370 καί
2351 1318 2550 1380 αὐτοὺς
2576 1315 2762 1380 ἀξίους
2792 1315 2889 1384 τῆς
2916 1312 3236 1383 εὐεργεσίας
3266 1311 3523 1380 φανῆναι.
3557 1309 3631 1362 Τὸ

2050 1411 2160 1478 γὰρ
2213 1412 2348 1481 μήτε
2387 1411 2486 1480 τὴν
2536 1409 2956 1478 ἐγκαθεστῶσαν
2997 1406 3199 1472 πολλήν
3245 1420 3305 1455 τε
3346 1403 3440 1454 καὶ
3479 1401 3630 1468 ἀξιό-

2053 1519 2224 1570 μσιχον
2250 1501 2415 1554 οὐσαν
2444 1499 2730 1570 στρατιὰν,
2764 1499 2902 1569 μήτε
2945 1495 3047 1567 τὴν
3091 1495 3399 1564 ἀσφάλειαν
3440 1495 3539 1547 καὶ
3567 1492 3631 1544 τὸ

2050 1592 2184 1661 ὕψος
2218 1592 2328 1643 τῶν
2373 1590 2593 1661 τειχῶν,
2641 1591 2768 1660 μήτ’
2802 1587 2932 1654 ἄλλο
2982 1588 3151 1658 μηδὲν
3180 1586 3441 1656 ἐμπόδιον
3497 1587 3632 1655 ἡμῖν

2049 1681 2300 1750 γενέσθαι
2329 1683 2463 1748 πρὸς
2497 1680 2557 1733 τὸ
2591 1679 2664 1751 μὴ
2705 1681 2831 1743 τοὺς
2867 1677 3127 1738 αὐθάδεις
3163 1675 3420 1729 τουτουσὶ
3449 1691 3625 1744 τιμωο

365 1769 435 1824 de
465 1769 644 1839 praeda
690 1769 926 1838 captivis
971 1785 1001 1824 a
1053 1769 1324 1838 quolibet,
1377 1777 1642 1839 quantam
1674 1768 1938 1832 voluerit,

2052 1774 2320 1843 ρήσασθαι
2372 1774 2467 1827 καὶ
2502 1772 2790 1845 ὑϐριστὰς,
2828 1773 2930 1826 οὐκ
2958 1771 3124 1826 ἄλλου
3172 1769 3319 1832 τινὸς
3349 1768 3383 1838 ἢ
3414 1768 3514 1838 τῆς
3535 1767 3631 1820 τοῦ

364 1860 707 1916 restituenda
750 1871 857 1916 est.
883 1861 1010 1914 Tria
1037 1861 1187 1916 enim
1221 1861 1360 1915 bona
1397 1862 1635 1928 maxima
1684 1863 1814 1916 hinc
1841 1878 1938 1918 vo-

363 1953 451 2006 bis
489 1955 644 2006 lucro
671 1965 1056 2022 apponentur:
1088 1954 1261 2008 Deum
1294 1954 1593 2023 propitium
1637 1954 1936 2021 habebitis,

363 2044 456 2112 qui
492 2044 546 2097 in
577 2043 811 2098 alllictos
862 2054 1115 2098 navatam
1188 2044 1628 2099 misericordiam
1678 2053 1940 2114 tanquam

361 2135 467 2189 sibi
510 2135 807 2203 prtestitam
842 2144 1104 2204 reputat:
1144 2146 1308 2205 atque
1364 2136 1419 2189 in
1469 2135 1575 2214 hac
1619 2135 1730 2190 vita
1771 2137 1939 2207 longe

365 2227 638 2296 pluribus,
689 2236 746 2280 et
792 2237 918 2297 post
956 2227 1174 2282 obitum
1224 2229 1495 2298 promissa
1539 2228 1802 2285 felicitate
1850 2247 1940 2286 re.

363 2319 812 2372 munerabimini.
846 2318 1053 2374 Deinde
1105 2328 1349 2373 nostram
1382 2335 1606 2391 quoque
1637 2322 1936 2377 amicitiam

360 2411 732 2478 asscqttcmini
761 2429 774 2476 ;
802 2411 1008 2481 quibus
1042 2411 1178 2464 nihil
1209 2419 1297 2465 est
1330 2413 1635 2482 antiquius,
1669 2429 1832 2482 quam
1861 2413 1939 2468 de‘

363 2500 598 2570 captivis
620 2500 762 2556 bene
785 2500 1010 2556 mereri.
1033 2501 1323 2556 Postremo
1341 2502 1688 2556 fortitudinis
1727 2511 1783 2556 et
1827 2518 1941 2554 ma-

362 2592 744 2661 gnanimitatis
785 2593 1014 2662 gloriam
1039 2591 1198 2647 vobis
1218 2593 1321 2662 ipsi
1348 2593 1595 2663 parietis.
1615 2593 1764 2648 Illius
1802 2609 1941 2663 quo-

363 2682 510 2736 niam
542 2683 726 2738 bostes
761 2684 1116 2740 debellastis:
1140 2684 1326 2753 huius,
1354 2685 1612 2752 quoniam
1635 2684 1939 2755 ingenttaet

359 2776 573 2830 excelsa
593 2784 776 2830 mente
797 2790 905 2831 non
926 2786 985 2831 ut
1005 2777 1211 2843 hostes,
1231 2778 1370 2832 male
1395 2778 1687 2840 multastis,
1710 2778 1805 2832 sed
1825 2788 1942 2832 tan—

361 2881 525 2934 quam
552 2865 788 2928 civibus.
809 2869 1145 2938 et'cognatis,
1165 2884 1330 2939 quam
1352 2869 1529 2934 licuit,
1564 2885 1761 2924 curam
1785 2869 1940 2923 adhi-

362 2957 583 3014 buistis.
608 2957 721 3013 Hac
750 2946 1132 3016 cohortatione
1163 2961 1303 3017 adeo
1335 2969 1618 3031 permotus
1651 2972 1736 3015 est
1757 2963 1934 3028 miles,

2048 1869 2358 1936 κρείττονος
2387 1867 2709 1938 εὐεργεσίας
2762 1867 2828 1921 ἄν
2857 1883 2942 1930 τις
2969 1864 3242 1932 λογίζοιτο
3273 1861 3520 1922 δικαίως.
3553 1861 3629 1911 Τὸ

2045 1959 2091 2011 δ’
2123 1959 2277 2022 αὖθις
2331 1961 2390 2012 ὲν
2440 1957 2583 2010 οὕτω
2613 1958 2858 2028 καρτερᾷ
2907 1954 3236 2026 τειχομαχία
3284 1955 3377 2007 καὶ
3427 1953 3630 2005 ἁλώσει

2048 2050 2254 2110 πόλεως
2285 2050 2422 2118 μήτε
2448 2049 2480 2116 ἡ
2491 2047 2606 2117 μῶν
2628 2063 2805 2107 τινας,
2837 2047 2978 2114 ὅπερ
3005 2041 3073 2114 ἦν
3110 2043 3276 2105 εἰκὸς,
3301 2039 3617 2099 ἀποθανεῖν,

2050 2142 2187 2210 μήτε
2221 2141 2329 2193 τῶν
2359 2138 2681 2192 ἑαλωκότων
2733 2139 3169 2196 ἀποκτείναντας
3199 2131 3495 2200 ὁμοφύλοις
3537 2130 3629 2182 αῖ-

2051 2249 2182 2301 μασι
2212 2231 2534 2302 χρανθῆναι.
2589 2231 2691 2298 τῆς
2729 2229 2930 2294 πολλῆς
2985 2228 3115 2297 περὶ
3163 2227 3315 2296 ἡμᾶς
3366 2221 3627 2291 προνοίας

2047 2325 2144 2378 καὶ
2208 2323 2538 2393 κηδεμονίας
2593 2321 2689 2374 τοῦ
2754 2320 2916 2374 Θεοῦ.
2993 2319 3114 2388 Χρὴ
3178 2314 3470 2386 τοιγαροῦν
3528 2313 3629 2366 καὶ

2048 2417 2196 2485 ἡμᾶς
2250 2415 2587 2486 νικήσαντας
2648 2410 3067 2483 ἐπικαμφθῆναι
3133 2411 3255 2472 ταῖς
3316 2406 3632 2476 συμφοραῖς

2044 2508 2156 2561 τῶν
2203 2506 2594 2578 ἀτυχησάντων
2645 2503 2809 2575 (πρὸς
2854 2502 2954 2573 μὲν
2996 2502 3109 2570 γὰρ
3153 2499 3280 2563 τοὺς
3314 2496 3628 2568 βαρϐάρους

2045 2603 2177 2670 ἄχρι
2209 2600 2408 2663 παντὸς
2440 2599 2698 2668 πολεμεῖν
2741 2597 2824 2649 δεῖ
2843 2613 2857 2627 ο
2897 2596 3035 2666 πρὸς
3059 2595 3118 2648 δὲ
3146 2593 3273 2656 τοὺς
3294 2589 3627 2660 ὁμοφύλους,

2045 2693 2173 2761 ἄχρι
2222 2689 2318 2744 τοῦ
2364 2689 2735 2760 κρείττονος),
2779 2690 2877 2743 καὶ
2927 2685 3252 2755 μεταδοῦναι
3303 2684 3538 2736 ἕκαστον
3559 2681 3628 2733 ὲκ

2045 2783 2153 2836 τῶν
2175 2781 2432 2853 λαφύρων
2462 2781 2726 2834 καθ’ὃσον
2751 2781 2820 2834 ἂν
2851 2781 3058 2847 αίροῖτο
3083 2779 3197 2837 τοῖς
3227 2772 3626 2844 αἰχμαλώτοις.

2045 2875 2185 2944 Τρία
2247 2877 2356 2945 γὰρ
2400 2873 2470 2928 τὰ
2511 2875 2752 2943 μέγιστα
2788 2872 3102 2942 κερδανεῖτε
3128 2886 3142 2900 ο
3173 2869 3309 2920 Θεόν
3353 2882 3414 2918 τε
3465 2865 3627 2928 ἵλεων

2046 2968 2261 3030 ἑαυτοῖς
2315 2963 2993 3035 προπαρασκευασὰμενοι
3018 3001 3034 3026 ,
3086 2961 3179 3014 τὸν
3217 2960 3297 3020 εἰς
3337 2956 3467 3018 τούς
3489 2954 3628 3006 ἀτυ-

362 3057 423 3102 ttt
470 3063 633 3104 nemo
662 3065 772 3106 non
799 3051 1010 3120 aliquid
1035 3051 1102 3106 dc
1125 3052 1306 3122 praeda
1330 3053 1603 3108 redderet.
1657 3052 1762 3118 Qui
1807 3067 1939 3130 vero

2047 3061 2274 3130 χοῦντας
2301 3057 2451 3110 ἔλεον
2473 3057 2866 3125 οἰκειούμενον,
2900 3056 2994 3108 καὶ
3020 3056 3086 3125 τῇ
3112 3051 3170 3106 δέ
3195 3067 3256 3104 τε
3306 3047 3629 3102 πολλαπλα-

2089 3153 2098 3157 -
2212 3129 2230 3142 ⁸
2307 3153 2317 3157 -
2362 3151 2375 3157 -
2467 3150 2482 3157 -
2499 3150 2514 3157 -
2546 3152 2555 3157 .
2575 3149 2594 3157 μ
2882 3147 2907 3157 ο
2973 3141 3024 3157 ΑΣ
3148 3146 3160 3157 ι
3363 3139 3413 3157 κε
3439 3139 3452 3157 Ι
3509 3155 3523 3157 -
3567 3154 3584 3157 _
3599 3154 3628 3157 _-

358 3141 695 3213 benefacere
723 3143 1022 3212 gloriosum
1072 3145 1174 3200 sibi
1198 3145 1497 3208 ducebant,
1531 3145 1810 3214 inquisitis
1837 3147 1936 3199 do-

2047 3129 2330 3215 σίοσιξκαὶ
2353 3149 2766 3216 ἀπαλλάξαντας
2815 3147 2910 3201 τοῦ
2970 3141 3089 3216 βίου
3144 3139 3629 3209 ἐπαγγελλόμενον

361 3235 531 3290 minis
552 3236 822 3307 quidquid
844 3237 1027 3306 adepti
1052 3238 1286 3293 fuissent
1307 3238 1636 3308 spoliorum,
1663 3237 1800 3292 nihil
1833 3239 1934 3292 sibi

2047 3243 2410 3313 ἀμείϐεσθαν
2458 3242 2553 3295 καὶ
2588 3240 2686 3310 τὴν
2725 3239 3000 3310 ἡμετέραν
3023 3237 3311 3306 εὐμένειαν
3334 3228 3628 3301 προσκτώ-

361 3327 682 3391 retinentes,
714 3328 952 3384 ﬁdeliter
988 3331 1374 3386 restituebant.
1461 3328 1466 3334 ’

2047 3350 2236 3402 μενοι,
2291 3334 2419 3401 περί
2455 3331 2714 3384 πλείστου
2769 3329 3100 3398 ποιουμένου
3149 3327 3249 3396 τὴν
3298 3319 3664 3390 εὐεργεσίαν,

357 3417 469 3468 τῶν
499 3420 862 3489 αἰχμαλώτων
885 3437 900 3452 ·
940 3425 1034 3476 καὶ
1100 3424 1285 3494 τρίτον
1329 3424 1461 3494 ὑμῖν
1535 3425 1752 3488 ἑαυτοῖς
1795 3423 2017 3494 ἀνδρίας
2055 3427 2174 3496 ἅμα
2211 3427 2316 3480 καὶ
2349 3424 2757 3496 μεγαλοψυχίας
2805 3421 2966 3488 δόξαν
3019 3417 3503 3490 περιποιούμενοι,
3533 3410 3629 3462 ἀν-

357 3509 482 3582 δρία
513 3513 838 3580 νικήσαντες
877 3516 1001 3577 τοὺς
1057 3514 1582 3586 ἀντιτεταγμένους,
1644 3515 1930 3586 ἐλευθερία
1966 3517 2024 3570 δὲ
2053 3519 2276 3588 γνώμης
2310 3519 2405 3572 καὶ
2437 3516 2834 3586 μεγαλοᾲυχίᾳ,
2867 3515 2966 3583 οὐχ
2997 3513 3072 3576 ὡς
3136 3509 3443 3577 πολεμίοις.
3503 3502 3623 3558 ἀλλ’

357 3608 429 3670 ὡς
489 3594 783 3677 ὁμοφύλοις
849 3611 943 3676 καὶ
998 3610 1262 3679 ἀτυχοῦσι
1297 3612 1397 3682 τὴν
1425 3611 1689 3681 ’δυνατὴν
1743 3612 2002 3682 πρόνοιαν
2042 3614 2467 3680 είσενεγκόντες.
2486 3611 2728 3666 Τοιαῦτα
2748 3603 3294 3678 παραινέσαντοςτοῦ
3328 3599 3619 3670 βασιλέως,

358 3701 500 3756 οὕτω
534 3702 851 3769 διετέθησαν
904 3705 935 3772 ἠ
985 3704 1338 3774 στρατιὰ,ώς
1362 3704 1578 3767 πάντας
1607 3704 1708 3775 μὲν
1735 3704 1799 3756 ὲκ
1859 3701 1967 3758 τῶν
2007 3703 2266 3772 λαφύρων
2317 3703 2640 3774 μεταδοῦναι
2689 3703 2806 3764 τοῖς
2896 3699 3165 3768 Ἀπρίοις.
3212 3697 3367 3750 Ὀσοι
3416 3692 3474 3745 δὲ
3525 3689 3625 3744 καὶ

358 3801 496 3869 πρὸς
529 3800 589 3853 τὸ
647 3799 1009 3869 ἀγαθοεργεῖν
1043 3800 1474 3868 ἐφιλοτιμοῦντο,
1515 3802 1642 3863 τοὺς
1665 3799 1932 3863 δεσπότας
1971 3800 2460 3872 ἀνερευνήσαντες,
2489 3799 2598 3855 τῶν
2620 3799 2753 3872 παρ’
2781 3799 2967 3862 αὐτοῖς
3032 3795 3292 3866 λαφύρων
3351 3789 3623 3845 ἀπέδοσαν

359 3893 560 3956 πάντα,
604 3893 833 3963 μηδενὸς
861 3893 1364 3962 ἀποστερήσαντες.

1761 4031 1990 4090 CAPUT
2041 4031 2212 4088 XXX.

359 4145 601 4216 Garella,
634 4149 990 4216 Rhwdestum,
1024 4152 1389 4222 Sergentzt‘um
1423 4111 1622 4222 oppida
1651 4151 1970 4204 deditionem
2002 4150 2227 4218 faciunt.
2257 4152 2299 4222 ᾼ
2336 4147 2676 4222 Succensibus
2708 4147 2992 4222 rusticanis
3023 4144 3320 4222 maledictis
3348 4142 3621 4222 taceretur

426 4222 754 4288 imperator;
786 4223 958 4289 ipsum
978 4215 1266 4274 castellum
1295 4215 1586 4274 miserabili
1622 4222 1866 4280 incendio
1892 4215 2228 4290 conﬂagrat._
2249 4218 2465 4286 Insigne
2513 4217 2812 4290 exemplum
2840 4215 3198 4290 ﬁdelitatisoin
3223 4217 3515 4284 dominum,
3565 4227 3621 4271 et

429 4284 711 4342 chiuitatis
743 4284 816 4342 ἰή
833 4291 1034 4350 hostem
1074 4290 1352 4360 cujusdam
1383 4290 1635 4359 pastoris,
1668 4305 1763 4360 per
1792 4290 1929 4358 quod
1957 4284 2395 4358 stratopedarchit
2427 4303 2543 4341 reus
2578 4284 2878 4357 maiestatis
2919 4284 3230 4340 absolvitur.

431 4403 634 4457 Diebus
677 4403 904 4460 omnino
952 4420 1050 4461 sex
1117 4406 1186 4460 ab
1224 4405 1428 4475 oppido
1483 4416 1707 4474 recepto
1755 4403 1924 4474 Apris
1957 4405 2007 4466 D

357 4503 753 4558 commoratus,
792 4497 1028 4566 septimo
1081 4497 1148 4552 ad
1193 4497 1468 4553 Garellam
1503 4507 1682 4552 castra
1716 4498 1925 4568 posuit.

357 4586 520 4642 Cives
571 4586 686 4640 sive
726 4586 874 4656 quod
933 4589 1231 4657 czeteroqui
1283 4589 1676 4658 imperatorem
1733 4589 1932 4660 dilige-

357 4686 523 4742 rent,
579 4677 691 4732 sive
738 4677 885 4747 quod
933 4677 1228 4748 Apriorum
1258 4680 1404 4734 malo
1445 4679 1602 4734 docti
1649 4688 1930 4751 saperent,

359 4770 525 4824 simul
570 4769 787 4824 invitati
829 4781 978 4833 sunt,
1027 4771 1080 4826 in
1116 4773 1236 4842 ejus
1272 4773 1435 4829 ﬁdem
1464 4773 1694 4842 pacifice
1745 4781 1932 4827 trans-

363 4861 573 4916 ierunt.
610 4860 826 4928 Quibus
873 4863 1054 4932 ample
1076 4864 1269 4935 gratiis
1313 4865 1521 4930 relatis,
1578 4863 1933 4920 thmdestum

359 4951 626 5020 perrexit.
717 4952 1054 5008 Dedentibus
1109 4969 1170 5010 se
1221 4955 1451 5025 perinde
1537 4955 1931 5022 szedestinis,

358 5043 638 5099 declarato
669 5044 776 5099 illis
800 5059 1023 5115 quoque
1051 5046 1267 5102 ardenti
1300 5047 1686 5102 benefaciendi
1723 5047 1930 5111 studio,

361 5137 748 5209 Sergentzium
805 5155 1134 5211 progressus
1186 5151 1291 5197 est.
1346 5143 1466 5209 Quo
1517 5141 1680 5196 etiam
1726 5155 1786 5196 se
1824 5151 1935 5195 tra-

361 5231 548 5297 dente,
581 5232 687 5288 iter
717 5231 1026 5304 Selybriam
1073 5233 1372 5298 convertit,
1421 5231 1763 5302 Selybrianis
1809 5246 1937 5299 pro-

359 5332 483 5393 pter
510 5323 668 5379 lidetn
708 5341 841 5396 erga
867 5340 946 5391 se,
972 5341 1001 5379 a
1029 5326 1298 5380 militibus
1339 5323 1655 5394 Byzantinis
1685 5338 1785 5390 per
1816 5321 1936 5376 bie-

362 5430 503 5469 metn
551 5415 692 5471 lines
732 5431 925 5472 eorum
980 5417 1420 5478 incursantibus.
1465 5413 1818 5469 detrimentis
1849 5411 1932 5466 af-

361 5506 540 5572 fectis,
586 5507 789 5578 gratias
833 5517 1082 5573 acturus,
1132 5517 1191 5562 et
1240 5507 1508 5562 beneﬁcia
1549 5519 1930 5560 remensurus.

367 5595 499 5651 Urbi
554 5599 1128 5670 appropinquantibus
1173 5600 1380 5669 placuit
1417 5600 1489 5654 ab
1521 5598 1680 5668 equis
1710 5597 1936 5653 descen-

363 5687 516 5752 dere,
550 5700 605 5744 ct
642 5706 808 5760 super
845 5691 1016 5746 herba
1050 5691 1211 5746 viridi
1246 5690 1528 5759 paululum
1556 5690 1926 5758 requiescere.

2109 4403 2209 4469 Ἓξ
2236 4402 2291 4455 δὲ
2320 4404 2553 4475 ἡμέραις
2579 4403 2717 4472 μετὰ
2747 4402 2846 4471 τὴν
2890 4399 3094 4454 ἅλωσιν
3147 4401 3621 4472 ἐνστρατοπεδεύ-

2039 4497 2266 4566 σὰμενοι
2303 4497 2519 4564 ’Δπρῳ,
2555 4497 2621 4564 τῇ
2663 4493 2865 4562 ἐϐδόμῃ
2922 4493 3156 4561 ἄραντες
3184 4491 3615 4561 ἐστρατοπέδευ-

2039 4605 2138 4640 σαν
2175 4588 2232 4640 tv
2265 4586 2530 4660 Γαρέλλῃ.
2565 4586 2629 4639 Ui.
2674 4583 2880 4652 ταύτην
2911 4584 2966 4637 δὲ
2995 4582 3308 4648 οἰκοῖντες,
3341 4583 3457 4637 εἴτε
3520 4579 3622 4638 κᾶὶ

2037 4677 2297 4742 εὐνοῖκῶς
2324 4678 2658 4747 διακείμενοι
2699 4675 2837 4746 πρὸς
2892 4676 2988 4728 τὸν
3030 4675 3149 4729 νέον
3204 4675 3429 4745 βασιλέα
3455 4715 3470 4738 ,
3503 4677 3620 4729 είτε

2038 4771 2134 4824 καὶ
2154 4771 2304 4841 παρὰ
2341 4771 2452 4824 τῶν
2495 4767 2737 4840 Ἀπρίων
2765 4766 3103 4836 διδαχθέντες
3132 4769 3459 4837 σωφρονεῖν,
3494 4768 3619 4834 ἅμα

2038 4861 2116 4931 τῷ
2174 4861 2587 4932 προσκληθῆναι
2641 4859 3077 4930 προσεχώρησαν
3129 4858 3211 4928 τῷ
3240 4860 3344 4930 νέῳ
3376 4859 3619 4928 βασιλεῖ,

2040 4956 2136 5008 καὶ
2193 4954 2498 5024 παρέδοσαν
2534 4953 2763 5014 ἑαυτοὺς
2808 4952 3034 5020 ἀμαχεί.
3092 4950 3324 5014 Πολλαῖς
3366 4951 3424 5004 δὲ
3455 4952 3620 5020 ἀμειυο

2035 5044 2280 5114 ψάμενος
2310 5045 2510 5108 αὐτοὺς
2535 5047 2563 5096 ὁ
2602 5042 2858 5113 βασιλεὺς
2903 5041 3269 5113 εὐεργεσίαις,
3305 5043 3445 5111 ἄρας
3473 5044 3606 5095 ἐκεῖ·

2038 5141 2150 5204 θεν,
2189 5137 2354 5210 ἦλθεν
2383 5139 2464 5198 εἰς
2505 5136 2831 5191 Ῥαιδεστόν.
2869 5131 3393 5205 Προσχωρησάντων
3419 5133 3478 5186 δὲ
3516 5136 3619 5187 καὶ

2048 5227 2464 5296 Ῥαιδεστηνῶν,
2500 5225 2624 5278 ἐπεὶ
2659 5224 2752 5279 καὶ
2783 5225 2922 5294 πρὸς
2965 5225 3165 5286 αὐτοὺς
3196 5222 3297 5293 τὴν
3349 5225 3432 5286 είς
3459 5223 3524 5277 τὸ
3544 5223 3614 5277 εὖ

2037 5323 2212 5375 ποιεῖν
2239 5318 2552 5384 ἐπεδείξατο
2585 5316 2920 5387 φιλοτιμίαν,
2941 5313 3201 5386 ἦλθενείς
3231 5315 3614 5390 Σεργέντζιονς

2038 5413 2535 5485 προσχωρήσαντος
2564 5411 2622 5464 δὲ
2653 5413 2748 5465 καὶ
2771 5409 2963 5473 αὐτοῦ,
2993 5409 3096 5479 τὴν
3133 5407 3269 5479 πρὸς
3299 5406 3617 5478 Σηλυϐρίαν

2037 5507 2145 5583 ᾔει,
2181 5504 2588 5574 Σηλυϐριανοὺς
2617 5496 2692 5558 ὧν
2747 5502 2912 5556 ἕνεκα
2937 5503 3036 5570 τῆς
3076 5501 3157 5564 εἰς
3193 5499 3358 5553 αὐτὸν
3393 5498 3617 5562 εὐνοίας

2040 5598 2192 5668 παρὰ
2223 5599 2321 5664 τῆς
2363 5599 2426 5649 ὲκ
2458 5596 2752 5660 Βυζαντίου
2812 5594 3079 5665 στρατιᾶς
3125 5591 3464 5662 ἑζημίωνται
3512 5588 3615 5643 τοῦ

2041 5685 2307 5756 χειμῶνος
2371 5684 2467 5757 τὴν
2500 5683 2686 5756 χώραν
2717 5685 3165 5756 κατατρεχύντων
3188 5723 3204 5748 ,
3263 5679 3614 5753 εὐεργεσίαις
