3952 6204
206 311 296 378 2ιῖ

1364 309 1641 371 HISTOR
1653 308 1900 372 IARUM
1943 311 2176 371 LlBER
2223 311 2269 370 Ι.

3327 310 3434 380 218

208 424 294 476 καὶ
327 419 710 491 εὖχαριστίαις
739 422 1129 490 ἀμειψόμενος.
1164 422 1362 490 Ἐγγὺς
1387 423 1444 476 δὲ
1463 421 1767 491 Σηλυϐρίας

1903 434 2028 477 uxta
2065 424 2352 480 castellum
2387 420 2554 490 igitur
2579 421 2782 478 Saccus
2811 430 3296 488 castrametantur,
3337 427 3436 480 ho-

209 515 516 583 τενομὲνοις
545 513 691 578 ἔδοξε
728 507 1076 576 καταϐάντας
1107 513 1218 567 τῶν
1263 515 1448 568 ἵππων
1473 513 1774 568 διαναπαύ-

211 604 398 658 σασθαι
418 604 642 672 μικρόν.
678 605 1205 672 Στρατοπεδεύονται
1239 606 1304 673 δὴ
1339 606 1491 675 παρα
1510 605 1588 674 τῷ
1609 606 1775 673 φρου-

210 698 300 768 ρίῳ
328 696 563 749 Σάκκων
587 735 602 754 .
656 695 904 766 πολεμίῳ
961 697 1061 764 μὲν
1098 697 1214 750 όντι
1258 696 1349 750 διὰ
1374 696 1436 749 τὸ
1468 696 1773 766 Συργιάννῃ

211 789 301 858 μὲν
332 788 752 858 προσχωρῆσαι,
782 788 904 859 ςκαὶ
929 791 1057 852 τοὺς
1091 792 1155 843 ὲκ
1188 788 1484 852 Βυζαντίου
1511 786 1777 858 στρατιῶ-

206 894 295 940 τας
327 879 422 931 ἐπὶ
463 877 544 947 τῷ
591 878 995 949 Σηλυϐριανοὺς
1046 879 1448 949 ὑπερδέχεσθαι
1507 879 1778 948 κατατρέ-

207 986 313 1038 χειν
337 981 352 997 ·
396 970 902 1040 καταφρονουμένῳ
929 969 986 1022 δι
1037 969 1213 1032 ἄλλως
1251 969 1344 1022 διά
1369 987 1429 1022 τε
1470 969 1569 1036 τὴν
1597 967 1776 1035 ὀλιγό-

208 1075 339 1127 τητα
383 1060 485 1111 καὶ
512 1058 777 1127 ἀπειρίαν
810 1061 920 1112 τῶν
957 1059 1332 1120 ἐνοικούντωνι
1356 1059 1612 1130 (ἀγρόται
1667 1059 1778 1128 γὰρ

206 1147 335 1220 ἦσαν
366 1151 574 1214 πάντες
601 1150 873 1220 γηπόνοι),
907 1151 1000 1203 καὶ
1045 1149 1146 1222 τὴν
1189 1149 1499 1219 φαυλότητα
1530 1149 1637 1201 τῶν
1662 1164 1778 1200 τειο

208 1243 328 1311 χῶν.
361 1242 426 1294 Οί
462 1242 513 1294 δ’
556 1243 616 1293 ὲν
654 1239 806 1308 αὐτῷ
863 1240 946 1311 τῷ
999 1243 1248 1312 φρουρίῳ
1308 1241 1778 1309 ἐγκεκλεισμένοι,

206 1333 391 1401 ὥσπερ
412 1331 789 1400 ἀγνοήσαντες
816 1332 1074 1398 ἑαυτοὺς,
1123 1334 1215 1386 καὶ
1250 1333 1357 1384 τῶν
1381 1332 1784 1402 περικειμένων

205 1424 272 1484 ὡς
327 1421 578 1476 ούδσνῶν¹
630 1424 1144 1492 καταφρονοῦντες,
1197 1424 1418 1493 ’ὑϐριξόν
1443 1441 1503 1476 τε
1539 1423 1646 1477 ἀπὸ
1685 1422 1781 1476 τοῦ

203 1514 412 1583 τείχους
447 1515 545 1568 καὶ
570 1515 770 1578 πολλὰς
809 1517 1066 1586 κατέχεον
1096 1516 1364 1585 λοιδορίας
1393 1518 1486 1568 καὶ
1521 1514 1782 1582 βασιλέως

205 1604 429 1658 καὶτῶν
476 1607 768 1661 συνόντων.
816 1605 1057 1669 Γελάσας
1102 1606 1158 1658 δὲ
1209 1605 1296 1673 ἐφ’
1340 1601 1420 1668 οἷς
1472 1605 1784 1674 ὑϐρίζετοκό

205 1694 483 1762 βασιλεὺς,
506 1698 554 1749 εί
583 1692 726 1759 οἶνος
759 1698 842 1766 εἴη
873 1698 1042 1760 πολὺς
1079 1697 1213 1765 παρ’
1237 1698 1423 1760 αὐτοις
1453 1697 1784 1750 ἐπυνθάνετο

202 1785 309 1838 τῶν
362 1786 675 1853 παρόντων.
730 1788 850 1840 Τῶν
897 1789 954 1842 δὲ
1010 1788 1121 1841 οὐδ’
1167 1778 1480 1857 ἁρκούντῖιις
1529 1772 1782 1858 εὐπορεῖν

205 1879 396 1939 ὓδατος
423 1879 908 1947 ἀποκριναμένων,
944 1879 1178 1942 Οὐκοῦν,
1212 1881 1338 1950 ἔφη,
1371 1880 1482 1934 τῶν
1516 1881 1783 1950 μελαγχο-

203 1973 298 2044 λᾷν
327 1972 610 2025 ποιουσῶν
659 1971 1079 2042 ἐνεπλήσθησαν
1117 1972 1378 2042 βοτανῶν.
1419 1973 1694 2035 Κελεύσας
1725 1973 1782 2024 δὲ

204 2067 385 2126 αὑτοῖς
430 2083 554 2118 τινα
602 2065 930 2132 παραινέσαι
986 2064 1081 2117 καὶ
1127 2066 1424 2132 σωφρονεῖν
1465 2065 1559 2117 καὶ
1600 2065 1780 2134 σιγᾷν,

205 2160 363 2219 αὐτ-’ς
402 2157 522 2220 ἅμα
569 2159 682 2218 τοῖς
715 2157 942 2226 ἄρχουσι
1004 2156 1144 2224 πρὸς
1202 2155 1496 2223 ἐπίσκεψιν
1545 2155 1772 2224 ἐξῄεσαν

207 2249 313 2302 τῶν
353 2249 603 2302 σκοπῶν.
626 2245 692 2302 Οἱ
717 2248 772 2322 δὲ
815 2247 1094 2316 δυστυχεῖς
1119 2249 1311 2299 ἐκεῖνοι
1349 2247 1572 2299 Σάκκιοι
1632 2246 1785 2299 οὐδὲν

211 2342 413 2410 penu:
467 2340 699 2408 ὑφίεσαν
747 2338 856 2391 τῶν
889 2338 1104 2407 ὕϐρεων
1133 2339 1229 2391 καὶ
1279 2338 1388 2391 τῶν
1418 2339 1634 2406 φωνῶν,
1667 2340 1783 2392 ἀλλ’

208 2431 447 2499 ἐχρῶντο
476 2431 628 2500 πάσῃ
651 2429 904 2498 δυνάμει.
935 2429 1008 2481 Τὸ
1046 2428 1103 2480 δὲ
1136 2428 1246 2480 τῶν
1275 2430 1623 2496 στρατιωτῶν
1645 2429 1790 2482 οἰκε-

209 2521 384 2586 τικὴν,
407 2520 551 2589 πρὸς
579 2519 678 2588 τὴν
710 2518 1015 2588 ὑπερϐολὴν
1039 2518 1149 2570 τῶν
1175 2517 1388 2587 ὕϐρεων
1409 2518 1785 2588 ἀχθεσθέντες,

214 2617 393 2676 αὐτοῖς
437 2613 625 2682 ἠξίουν
668 2613 795 2674 τοὺς
856 2610 1125 2674 δεσπότας
1173 2611 1465 2680 ἐπιτρέψαι
1495 2610 1554 2662 τὸ
1604 2612 1786 2680 ἔργον.

227 2704 668 2773 Ἐπιτρεψάντων
703 2704 759 2756 δὲ
802 2701 980 2755 αὐτῶν
1025 2703 1422 2771 ἐπιδραμόντες
1462 2696 1608 2755 εἷλον
1633 2705 1791 2758 αὑτο-

221 2799 348 2862 ϐοεὶ,
407 2796 750 2865 πανταχόθεν
799 2794 1140 2862 ὑπερϐάντες
1189 2795 1252 2847 τὸ
1313 2795 1492 2863 τεῖχος
1529 2809 1544 2824 ⁸
1578 2789 1646 2864 ἦν
1678 2793 1789 2862 γὰρ

227 2892 480 2944 εὐάλωτον
501 2905 518 2919 ο
545 2886 659 2950 τοῖς
687 2885 1055 2957 προστυχοῦσι
1090 2885 1427 2956 χρησάμενοι
1468 2885 1644 2948 ξύλοις
1669 2885 1791 2938 ἀντὶ

231 2984 501 3051 κὶιμάκων
522 2998 536 3013 ·
562 2982 660 3033 καὶ
691 2980 830 3048 πρὸς
879 2979 1192 3048 διαρπαγὴν
1224 2978 1526 3048 ἐτράποντο
1554 2978 1662 3030 τῶν
1700 2976 1789 3028 έν-

1873 512 1998 566 stile
2049 511 2274 581 quidem
2322 512 2470 580 (nam
2516 526 2545 564 a
2585 510 2892 580 Syrgianne
2937 511 3138 571 stabat.
3188 512 3439 582 Byzanti-

1873 618 2114 671 numque
2156 603 2386 657 militem
2436 603 2500 656 ad
2561 602 2916 672 Selylnrianos
2964 618 3062 672 per
3084 604 3438 672 eruptionem
3489 587 3493 590 ’

1875 694 2154 748 vexandos
2179 693 2544 762 susceperat),
2567 693 2678 762 90
2703 703 2898 748 caetera
2949 694 3436 760 contemnendum,

1873 782 2019 850 quod
2051 785 2226 850 ipsum
2262 798 2359 851 per
2386 799 2445 838 se
2491 784 2749 853 exiguum
2773 822 2789 844 ,
2841 781 2990 850 quod
3042 783 3234 838 incolae
3273 784 3440 839 rudes

1876 889 1942 928 ac
1988 875 2228 944 imperiti
2279 875 2496 945 (omnes
2545 873 2822 943 siquidem
2849 884 3008 928 erant
3049 876 3265 941 rustici,
3311 891 3438 930 cum

1876 978 2021 1022 terra
2068 968 2335 1020 rationem
2390 967 2699 1036 habentes),
2757 966 2902 1036 quod
2937 968 3083 1021 muri
3115 968 3354 1022 humiles
3377 983 3443 1022 ac

1876 1063 2122 1118 demissi.
2161 1063 2265 1128 Qui
2296 1061 2462 1131 igitur
2487 1063 2637 1115 intus
2669 1076 2730 1116 se
2760 1062 3118 1122 incluserant,
3156 1063 3234 1114 uti
3264 1070 3443 1115 semet

1879 1153 2214 1222 ignorantes,
2240 1152 2590 1204 imminentes
2617 1150 2738 1204 sibi
2763 1158 2824 1204 ut
2862 1152 3069 1204 nullius
3107 1152 3266 1218 pretii
3295 1167 3444 1204 mor-

1858 1247 2017 1300 -tales
2063 1247 2117 1300 in
2166 1254 2541 1314 contemptum
2587 1243 2881 1303 vocabant,
2920 1259 2984 1296 ac
3013 1243 3080 1296 de
3129 1258 3287 1296 muro
3316 1258 3439 1297 cum

1883 1336 2178 1390 insolentia
2227 1349 2393 1388 voces
2433 1334 2862 1388 contumeliosas
2911 1333 3210 1387 identidem
3249 1340 3444 1386 contra
3539 1391 3550 1395 _

1882 1429 2298 1497 imperatorem,
2320 1428 2548 1496 ejusque
2579 1425 2768 1494 copias
2805 1424 3190 1478 eli‘undehant.
3217 1424 3317 1488 Qui
3351 1441 3446 1478 re-

1883 1519 2079 1574 nidens
2115 1516 2185 1572 ad
2219 1517 2464 1571 convicia
2511 1516 2644 1585 (9i),
2691 1516 2758 1569 ab
2802 1515 3107 1569 astantibus
3141 1515 3444 1582 quzerebat,

1884 1611 2189 1665 multumne
2231 1608 2373 1677 apud
2417 1624 2513 1662 eos
2540 1608 2649 1660 vini
2702 1620 2848 1663 esset
2893 1607 3026 1676 (95).
3060 1608 3176 1661 lllis
3216 1623 3446 1676 respon-

1887 1703 2144 1756 dentibus
2178 1718 2191 1753 :
2224 1702 2299 1753 Ne
2347 1716 2502 1769 aqum
2554 1701 2776 1768 quidem
2821 1701 2994 1754 satis:
3031 1701 3240 1768 Itaque,
3273 1700 3451 1768 subje-

1887 1795 1984 1854 cit,
2031 1793 2214 1847 herbis
2273 1793 2542 1846 insaniam
2597 1792 2988 1860 generantibus
3034 1806 3092 1845 se
3150 1791 3449 1860 ingurgita-

1885 1894 2031 1937 runt.
2075 1884 2210 1937 Tum
2235 1899 2332 1938 eos
2355 1883 2640 1937 admoneri
2663 1883 2840 1952 jubet,
2876 1883 2956 1936 uti
2993 1898 3050 1937 se
3081 1883 3325 1936 modeste
3359 1898 3449 1950 ge-

1884 1981 2029 2034 rant,
2067 1981 2121 2026 et
2149 1972 2366 2041 linguas
2420 1973 2775 2033 contineant;
2828 1979 2884 2024 et
2935 1986 3058 2024 cum
3109 1969 3450 2039 principibus

1883 2063 2156 2116 exercitus
2206 2063 2273 2116 ad
2326 2074 2501 2116 metas
2569 2061 2929 2130 Speculandas
2985 2060 3294 2130 digreditur
3333 2060 3446 2128 (96)

1884 2153 1954 2205 At
1983 2151 2230 2206 infelices
2253 2152 2328 2205 illi
2364 2152 2539 2206 Saccii
2568 2152 2739 2204 nihilo
2771 2154 2938 2219 magis
2985 2151 3053 2204 de
3088 2151 3448 2219 protervitate

1885 2253 1942 2296 et
1982 2225 2287 2296 maledictis
2333 2243 2612 2297 remittere
2644 2258 2658 2294 :
2698 2242 2792 2296 sed
2825 2247 2978 2310 quasi
3033 2242 3087 2296 id
3120 2241 3443 2308 palmarium

1889 2339 2047 2399 foret,
2079 2351 2296 2389 omnem
2324 2335 2376 2387 in
2408 2351 2475 2388 eo
2507 2335 2821 2387 facultatem
2862 2348 3017 2386 suam
3041 2333 3302 2401 esperiri.
3363 2332 3452 2385 ln-

1883 2429 2155 2501 juriarum
2207 2426 2584 2496 magnitudine
2653 2425 2862 2479 offensa
2932 2425 3153 2493 gravius
3213 2424 3448 2477 militum

1887 2519 2109 2574 Servitia
2162 2519 2272 2583 (97,»
2314 2517 2399 2589 [ut
2449 2527 2576 2570 sunt
2638 2516 2861 2571 calones
2902 2524 2957 2567 ct
3001 2511 3147 2586 lixae]
3195 2513 3452 2567 dominos

1889 2620 2103 2681 rogant,
2139 2611 2216 2664 uti
2250 2609 2382 2677 ipsis
2407 2608 2687 2678 negotium
2724 2606 3038 2659 vindicandi
3077 2605 3446 2659 committant.

1889 2693 2208 2774 lmpetriut,
2247 2711 2303 2756 et
2350 2702 2526 2772 primo
2578 2700 2805 2768 impetu,
2849 2696 3060 2753 truncis
3104 2712 3167 2752 ac
3197 2695 3451 2750 trabibus

1889 2794 2066 2849 obviis
2103 2793 2225 2846 loco
2263 2791 2537 2845 scalarum
2563 2790 2668 2849 usi,
2698 2801 2910 2849 muros,
2949 2784 3097 2854 quod
3138 2785 3294 2838 facile
3327 2781 3452 2845 fuit,

1890 2893 2183 2954 occupant,
2218 2893 2274 2936 et
2306 2883 2370 2936 ad
2409 2879 2750 2948 diripiendos
2794 2878 3079 2948 indigenas
3108 2875 3451 2930 discurrunt.

1890 2978 2056 3032 Forte
2100 2975 2154 3028 in
2198 2989 2323 3028 casa
2351 2972 2582 3040 quadam
2636 2970 2777 3038 ignis
2812 2968 3124 3022 luculentus
3175 2967 3404 3021 ardvbat
3433 2981 3452 3019 :

231 3078 328 3128 δον.
347 3076 487 3128 Εῐσω
514 3074 570 3126 δὲ
604 3073 732 3142 μιᾶς
762 3072 938 3134 οἰκίας
969 3070 1280 3139 ἀνημμένου
1309 3069 1500 3138 πυρὸς,
1539 3067 1787 3122 ἀνελθόν-

1895 3084 2051 3141 quam
2080 3083 2203 3121 cum
2230 3065 2386 3119 multi
2407 3061 2885 3123 conscendissent,
2914 3068 3114 3114 tectum
3145 3073 3211 3112 ex
3247 3058 3456 3126 cespite

231 3184 328 3217 των
354 3167 436 3218 ἐπ’
461 3165 634 3232 αὐτὴν
682 3161 917 3226 πολλῶν,
971 3160 1242 3214 κατέπεσε
1295 3163 1354 3212 τὸ
1377 3161 1532 3226 τέγος
1563 3160 1654 3212 ἐπὶ
1694 3159 1786 3210 τοῦ

239 3261 412 3327 πυρῦς.
450 3257 547 3309 Ἐκ
578 3256 787 3324 χόρτων
826 3254 882 3305 δὲ
926 3252 1106 3322 ξηρῶν
1161 3250 1329 3320 οὔσης
1355 3251 1786 3319 ὲστεγασμένης,

236 3350 353 3416 φλὸξ
393 3347 612 3417 ἀνήφθη
648 3346 992 3415 παραχρῆμα
1021 3344 1270 3411 λαμπρά.
1323 3342 1495 3404 Εὐθὺς
1532 3342 1587 3393 δὲ
1625 3356 1790 3409 προσ-

237 3441 516 3494 επελάϐετο
563 3438 662 3491 καὶ
701 3437 810 3490 τῶν
835 3436 1042 3490 ἄλλων·
1083 3431 1223 3503 ἦσαν
1273 3435 1380 3502 γὰρ
1411 3433 1611 3501 ὁμοίως
1646 3433 1782 3502 αὐτῇ

239 3531 758 3602 κατεσκευασμέναι·
785 3527 960 3598 πύλης
979 3528 1037 3580 δὲ
1066 3527 1230 3594 οὔσης
1259 3526 1336 3596 τῷ
1356 3526 1604 3595 φρουρίῳ
1633 3525 1780 3592 μιᾶς,

239 3623 348 3674 ἐπεὶ
383 3625 472 3675 καὶ
506 3620 646 3689 αὐτὴ
670 3619 758 3672 διὰ
798 3619 890 3671 τὸν
925 3617 1091 3686 φόϐον
1118 3617 1269 3685 παρὰ
1297 3617 1404 3668 τῶν
1428 3616 1786 3668 ἐνοικούντων

241 3713 651 3782 ἀπῳκοδομήθη,
672 3710 847 3772 ἄλλως
863 3710 906 3762 δ’
933 3711 1016 3762 ὄτι
1042 3709 1135 3762 καὶ
1159 3710 1192 3777 ἡ
1230 3707 1465 3777 πρώτως
1490 3706 1790 3774 ἀναφθεῖσα

238 3808 370 3859 οἰκία
399 3806 527 3874 παρ’
573 3804 713 3873 αὐτῇ
736 3798 829 3872 ἦν,
859 3801 909 3853 οἱ
957 3801 1058 3872 μὲν
1099 3800 1207 3852 τῶν
1234 3798 1615 3862 εἰσελθόντων,
1668 3797 1785 3867 ἅμα

239 3897 288 3949 δὲ
311 3898 399 3950 καὶ
426 3895 534 3948 τῶν
555 3895 794 3948 ἐποίκων
815 3891 908 3944 τοῦ
941 3889 1142 3966 χωρίου
1170 3891 1243 3952 ὡς
1285 3885 1431 3958 εἶχον
1462 3891 1555 3942 ἐπὶ
1583 3890 1646 3942 τὸ
1673 3890 1785 3940 τεῖ-

237 4006 321 4059 χος
348 3988 679 4048 ἀνελθόντες,
723 3985 1015 4050 ἐξέπιπτον
1066 3983 1349 4052 ῥίπτοντες
1394 3981 1620 4044 ἑαυτοὺς
1654 3982 1788 4051 ἡμι-

235 4081 458 4148 φλεγεῖς.
489 4079 554 4132 Ol
579 4077 660 4138 δὲ,
699 4075 819 4145 ἅμα
864 4077 975 4134 τοίς
1007 4073 1326 4126 κατοικοῦσι
1350 4073 1413 4124 τὸ
1455 4074 1654 4142 χωρίον
1689 4075 1788 4126 ἀν-

235 4171 463 4238 θρώποις
510 4187 569 4222 τε
603 4169 696 4220 καὶ
761 4166 1020 4234 κτήνεσιν
1065 4163 1170 4217 ὑπὸ
1211 4163 1306 4216 τοῦ
1345 4167 1519 4233 πυρὸς
1568 4166 1790 4217 ὲναπει-

234 4263 517 4332 λημμένοι,
581 4259 682 4312 οὑκ
738 4256 987 4326 ἔχοντες,
1053 4256 1081 4308 ὅ
1141 4272 1196 4308 τι
1259 4256 1597 4326 χρήσωνται,
1655 4255 1794 4326 πρὸς

1894 3159 2134 3214 arefacto
2187 3163 2505 3210 contextum
2553 3153 2607 3205 in
2660 3151 2838 3204 focum
2871 3147 3078 3202 decidit
3119 3163 3133 3199 :
3175 3162 3284 3211 quo
3319 3160 3451 3199 casu

1895 3253 1962 3306 de
2006 3249 2190 3304 subito
2228 3243 2714 3314 .exsuperantibus
2774 3240 3025 3300 ﬂammis,
3062 3235 3129 3292 ad
3159 3238 3452 3308 contiguas

1894 3343 2038 3398 aedes
2062 3342 2296 3397 similem
2324 3340 2376 3393 in
2405 3337 2625 3392 modum
2655 3335 2949 3389 aadilicatas
2984 3331 3298 3386 incendium
3326 3345 3456 3400 per-

1894 3435 2054 3489 vasit.
2120 3433 2294 3489 Unica
2333 3439 2454 3485 erat
2515 3428 2777 3498 oppidulo
2826 3433 3005 3493 porta,
3070 3439 3177 3492 qua
3232 3431 3458 3492 propter

1897 3536 2100 3579 metum
2148 3523 2452 3580 obstructa,
2500 3529 2553 3571 et
2582 3520 2708 3585 quia
2770 3516 2966 3568 domus
3008 3515 3185 3582 primo
3233 3514 3455 3565 incensa

1896 3630 2065 3686 prope
2085 3623 2226 3678 erat,
2270 3612 2513 3665 nonnulli
2549 3610 2641 3677 qui
2682 3610 3016 3674 irruperant,
3048 3613 3102 3656 et
3132 3603 3354 3672 quidam
3387 3603 3456 3656 dc

1897 3706 2108 3763 colonis
2135 3704 2292 3772 ipsis,
2327 3717 2450 3754 cum
2483 3714 2698 3752 murum
2754 3695 2994 3764 fugiendi
3035 3709 3218 3755 causa,
3251 3701 3310 3745 ut
3361 3707 3458 3760 po-

1903 3806 2097 3860 terant,
2132 3792 2530 3850 asecndissent,
2582 3789 2708 3842 imle
2749 3802 2806 3841 se
2854 3784 3222 3840 semiustulati
3263 3783 3454 3852 praeci-

1895 3891 2034 3961 pites
2065 3887 2212 3941 foras
2241 3884 2466 3939 dabant.
2504 3880 2611 3933 Alii
2659 3879 2821 3932 simul
2871 3891 2996 3930 cum
3042 3875 3234 3930 incolis
3291 3884 3344 3928 et
3367 3874 3458 3943 ju-

1897 3980 2096 4035 mentis
2142 3977 2210 4031 ab
2263 3973 2482 4045 ignibus
2546 3970 2858 4038 intercepti,
2897 3967 3228 4021 nescientes
3256 3979 3366 4034 quo
3399 3980 3458 4018 se

1898 4075 2304 4129 converterent,
2363 4067 2418 4118 in
2472 4063 2705 4139 gemitus
2761 4068 2814 4112 et
2859 4057 3238 4114 lamentabiles
3293 4071 3458 4110 voces

1900 4159 2354 4234 prorumpebant.
2389 4157 2467 4230 Et
2493 4164 2611 4208 erat
2641 4153 2889 4223 profecto
2930 4165 3019 4204 res
3073 4149 3235 4219 digna
3284 4147 3462 4218 lacry—

1914 4255 2040 4319 mis,
2077 4251 2376 4321 acerbitate
2431 4246 2668 4302 ustionis
2710 4243 3028 4298 hominibus
3065 4251 3122 4297 et
3162 4239 3464 4310 pecudibus

1463 4368 1676 4430 Jacobi
1704 4367 1974 4440 Pontani
2011 4375 2193 4428 noue.

303 4503 410 4571 (9i)
444 4503 555 4556 Cur
587 4514 720 4562 non,
757 4512 904 4571 cum,
943 4503 1001 4550 ut
1023 4495 1294 4571 sequitur,
1322 4507 1424 4562 pro
1455 4493 1666 4548 insanis
1697 4509 1791 4547 eos
1823 4502 1871 4562 ο
1968 4490 2215 4547 Insauire
2242 4488 2369 4558 facit
2393 4502 2549 4539 sanos
2583 4497 2786 4553 quoque
2813 4481 2963 4552 capia
2996 4481 3124 4533 vini.

241 4564 490 4627 haberet?
545 4571 720 4624 Etiam
760 4567 1016 4621 Socrates
1065 4564 1343 4618 hominem
1375 4577 1567 4632 parum
1598 4578 1791 4617 sanum

243 4643 337 4697 sibi
370 4641 798 4702 conviciantem,
842 4650 949 4688 non
992 4633 1174 4704 magis
1203 4636 1258 4687 in
1293 4631 1589 4704 judicium,
1632 4648 1795 4704 quam

240 4712 466 4775 asinum,
525 4709 571 4764 si
622 4706 802 4760 calces
853 4704 956 4759 silri
988 4701 1614 4775 ξιιίςιίειειιςιηιὀςιιιηιιιιιι]Δ
1651 4701 1799 4775 arbi-

243 4769 501 4833 trabatur.
546 4779 605 4831 ln
637 4772 1057 4830 contemnendis
1097 4771 1402 4826 maledictis
1448 4770 1616 4826 animi
1671 4769 1798 4822 alti-

246 4850 371 4903 tudo
397 4851 535 4902 mire
557 4849 756 4902 elucet.
791 4842 970 4898 Unum
1005 4843 1130 4902 hoc,
1175 4840 1322 4910 quod
1370 4839 1584 4895 laudari
1623 4840 1798 4908 possit

177 4954 194 4964 -
240 4921 302 4972 de
334 4918 546 4971 Nerone
569 4916 712 4983 apud
749 4913 1074 4969 Suetonium
1097 4911 1232 4983 legi,
1257 4925 1404 4983 “cap.
1434 4910 1542 4983 ‘59;
1579 4910 1800 4975 Mirum,

243 4988 429 5056 inquit,
462 4997 512 5040 et
544 4978 626 5040 vel
668 4984 930 5056 praecipue
977 4978 1339 5056 memorabile,
1386 4978 1520 5056 nihil
1547 4996 1809 5056 eumhpa-

245 5049 444 5110 tientius
468 5072 631 5126 quam
652 5049 932 5126 maledicta
971 5061 1020 5105 et
1043 5051 1281 5104 convicia
1305 5053 1576 5126 hominum
1602 5049 1805 5126 tulisse,

245 5142 399 5195 neque
449 5122 506 5180 in
553 5124 691 5195 ullos
731 5123 1003 5195 leniorem,
1050 5137 1211 5195 quem
1256 5122 1346 5192 qui
1392 5137 1447 5174 se
1502 5122 1654 5175 dictis
1717 5129 1810 5173 aut

248 5193 558 5250 carminibus
595 5194 944 5254 lacessissent,
963 5193 1242 5246 exstitisse.

314 5265 422 5386 3’95)
463 5266 568 5317 Τὸν
614 5264 761 5344 οἶνον
795 5263 896 5313 οὒκ
946 5261 1094 5332 ἔχειν
1136 5261 1418 5342 πηδᾲλιον,
1472 5263 1649 5314 uinum
1703 5275 1808 5312 non

314 5373 316 5381 ,
345 5351 429 5386 ere
457 5335 665 5386 clauum
704 5332 986 5385 dicebatur
1019 5331 1333 5386 proverbio.
1365 5340 1424 5384 ut
1451 5331 1618 5386 refert
1641 5329 1808 5382 Athe-

251 5329 429 5388 ltabere
457 5335 665 5387 clauum
704 5329 988 5385 dicebatur
999 5329 1333 5400 proverbio,
1365 5340 1424 5384 ut
1451 5331 1618 5400 refert
1641 5329 1809 5382 Athe-

251 5418 412 5465 naeus,
443 5404 543 5458 lib.
571 5418 626 5455 κ.
654 5401 906 5454 Ebrietas
941 5399 1175 5469 namque
1215 5399 1349 5451 nihil
1395 5399 1664 5469 consulte,
1705 5403 1840 5451 nec’

258 5475 524 5527 moderate
548 5472 634 5524 vel
663 5471 871 5529 dicere,
898 5469 981 5523 vel
1007 5467 1186 5523 facere
1211 5467 1517 5530 consuevit,
1557 5483 1680 5521 cum
1709 5482 1804 5535 per

254 5554 366 5593 eam
416 5541 574 5602 ratio,
625 5555 747 5608 qua:
789 5539 1006 5592 sobrios
1057 5553 1246 5605 regere
1303 5546 1561 5605 tanquam
1615 5537 1806 5592 clavus

254 5611 430 5674 debet,
457 5611 752 5664 obruatur.
781 5609 986 5662 Ibidem
1014 5609 1114 5662 hoc
1146 5608 1424 5676 profertur
1447 5621 1462 5657 :

321 5698 468 5766 οἶνος
501 5703 596 5756 καὶ
640 5699 966 5771 φρονέοντας
990 5701 1046 5764 ἐς
1076 5701 1390 5768 ἀφροσύνην
1419 5697 1731 5755 ἀναϐάλλει.

1906 4584 2060 4638 Plato
2083 4582 2178 4635 lih.
2212 4597 2224 4632 l
2256 4580 2327 4632 De
2356 4578 2575 4647 legibus,
2607 4591 2722 4647 ηοιι⁸
2739 4575 2920 4647 solum
2947 4586 3155 4636 senem,
3183 4571 3274 4626 sed
3300 4568 3466 4624 etiam

1907 4654 2266 4709 temulentum
2304 4650 2387 4702 bis
2405 4643 2673 4717 'puerum-
2695 4643 2812 4717 ﬁeri
2839 4643 3091 4717 affirmat.

1978 4723 2088 4792 (96)
2129 4721 2186 4792 lu
2223 4707 2530 4792 Grat‘co'est
2565 4713 2824 4792 σκοποὺς,
2874 4713 3018 4781 quod
3045 4711 3173 4792 quid
3214 4707 3465 4792 illicnsit,

1906 4778 2017 4846 non
2050 4778 2184 4847 satis
2221 4790 2412 4858 liquet,
2457 4787 2622 4858 etiam
2659 4784 2704 4858 si
2731 4778 2919 4858 _m_etas
2961 4778 3277 4837 transferas.
3333 4778 3468 4832 For-

1911 4873 2052 4916 tasse
2085 4854 2322 4930 speculo;
2355 4854 2628 4930 appellare
2655 4854 2842 4908 debui.

1977 4917 2443 4999 (97)'Adjecimu_s
2486 4926 2554 4999 de
2595 4933 2805 4999 nostro
2847 4938 2944 4999 per
2985 4918 3346 4999 parenthesin.
3390 4917 3469 4999 (αι

1903 4988 2024 5055 sunt
2059 4988 2268 5054 ealou'es
2292 5005 2340 5050 et
2380 4994 2524 5057 lixa)
2555 4988 2937 5062 explicationis
2977 4988 3148 5062 causa
3185 4988 3462 5062 videlicet.

1906 5070 2171 5125 Habuisse
2201 5079 2380 5122 autent
2431 5055 2642 5117 milites
2674 5077 2804 5116 suos
2833 5060 3242 5134 servos._ctiam
3269 5071 3334 5108 ex
3367 5055 3468 5134 hac

1909 5141 2134 5194 historia
2175 5136 2422 5207 pluribus
2451 5135 2584 5207 locis
2612 5131 2982 5207 cognoscitur.
3024 5129 3271 5182 Et'erant
3297 5129 3464 5207 servi,

1909 5222 1967 5263 ut
1999 5209 2126 5278 equi
2153 5201 2433 5278 sagittarii,
2475 5201 2721 5278 ferendis
2770 5202 3322 5278 armis,_annoua.uet
3351 5207 3469 5246 sar-

1907 5265 2069 5339 cinis',
2100 5265 2244 5346 quos
2264 5277 2328 5346 ad
2358 5265 2756 5346 restituendam
2799 5267 3140 5346 disciplinam
3175 5265 3464 5342 militarem

1910 5334 2262 5402 removerunt
2287 5345 2346 5398 P.
2377 5344 2560 5413 Scipio
2581 5341 2882 5413 Africanus
2910 5334 3052 5406 apud
3095 5334 3471 5413 Numantiam,

1908 5401 2158 5472 Metellus
2183 5417 2239 5469 in
2273 5401 2894 5483 Africa.'Valerius,_lib.
2924 5401 3019 5483 γίι,
3050 5404 3263 5483 can._7_.;
3298 5401 3470 5483 _Fr_on_-

1912 5488 2075 5552 tinus,
2102 5487 2196 5540 lib.
2243 5499 2314 5547 ιν,
2361 5498 2479 5551 cap.
2526 5484 2576 5552 i.
2611 5479 2741 5534 Vide
2770 5478 2929 5532 Joau.
2971 5474 3469 5552 ditioniiValtritti,

1909 5558 1984 5610 De
2029 5543 2224 5610 militia
2260 5543 2494 5607 veterum
2545 5551 2924 5604 Romanorum.
2968 5547 3068 5600 lib.
3109 5559 3191 5611 ιιι,
3238 5557 3360 5611 cap.
3415 5543 3474 5605 8,

1908 5629 2054 5696 quod
2091 5634 2175 5681 cst
2196 5624 2262 5680 de
2292 5622 2587 5695 generibus
2619 5617 2925 5684 hominum,
2951 5617 3044 5688 qui
3063 5625 3239 5671 castra
3267 5627 3463 5682 seque-

1908 5706 2114 5752 rentur.
