3952 6204
174 263 254 331 22!
1322 268 1374 327 Η
1386 269 1737 332 ISTORIAB

1838 275 1860 333 Ι
1899 275 2128 335 LIBER
2163 276 2211 337 ῐ.
2943 305 2965 319 ·
3299 278 3409 342 222

177 397 270 443 σεις
297 379 412 432 τῶν
441 378 624 450 ὅρκων
649 373 812 434 εἶναι·
850 379 1010 443 αὑτός
1039 397 1098 432 τε
1140 382 1509 450 άμνηστήσειν
1539 374 1612 434 ὧν
1636 382 1735 433 αὑ-

1839 392 1946 448 tus,
1985 394 2041 438 et
2076 385 2242 452 paulo
2265 356 2387 452 post
2435 381 2752 438 humaniter
2777 383 3000 438 domum
3029 385 3182 441 abire
3218 387 3406 454 jussit.

184 473 272 532 τοις
317 471 638 539 ἡμάρτηται
688 471 881 536 εἰπὼν,
923 471 1125 539 ἠξίωσε
1178 471 1510 540 συγγνώμης
1540 467 1558 533 ,Α
1591 473 1735 540 μετὰ

1838 475 1937 541 Qui
1973 485 2157 530 autem
2215 477 2266 528 in
2319 475 2424 530 [ide
2475 477 2870 545 perstitissent,
2921 491 3017 530 eos
3055 493 3278 548 quoque
3308 497 3408 549 pro

183 561 364 629 μικρὸν
415 555 486 612 δῖ
535 560 630 612 καὶ
669 558 729 612 εὖ
780 561 1035 630 ποιήσας,
1063 559 1246 614 οἴκαδε
1283 558 1546 622 ἐπέταξεν
1579 559 1736 613 ἀπιέ-

183 670 276 705 ναι.
309 653 452 715 Τοὺς
480 652 538 705 δὲ
561 655 628 723 τῇ
660 653 742 715 είς
765 652 932 706 αὐτὸν
959 652 1330 722 ἐμμείναντας
1356 652 1542 704 πίστει
1569 653 1736 705 ἐπαι-

181 745 327 806 νέσας
377 761 437 797 τε
491 741 641 812 ἅμα⁸
658 746 754 797 καὶ
823 744 1056 814 δωρεαῖς
1107 743 1485 814 ἀμειψάμενος
1541 744 1733 808 ἀξίως,

180 838 519 900 ἐξαπέστειλε
550 840 650 906 μὲν
682 838 903 900 αὐτοὺς,
944 838 1253 907 στρατηγὸν
1285 838 1468 901 αὐτοῖς
1495 839 1726 908 ἐπιστή-

184 945 269 991 σας
293 930 389 981 τὸν
419 928 850 998 Ταρχανειιὶιτην
893 929 1233 999 δομέστικον.
1272 925 1316 996 ᾧ
1359 930 1738 998 ἐπετέτραπτο

184 1020 264 1071 τὸν
305 1020 482 1088 μέγαν
531 1019 1014 1089 στρατοπεδάρχην
1063 1019 1352 1087 δεσμώτην
1397 1020 1470 1082 ὡς
1510 1020 1738 1088 βασιλέα

179 1109 509 1164 ἀποστεῖλαι.
543 1109 640 1172 El;
662 1109 764 1179 τὴν
797 1110 1094 1178 ὑστεραίαν
1124 1109 1179 1163 δὲ
1213 1111 1241 1160 ὁ
1286 1110 1610 1178 Συρμπάνος
1643 1112 1738 1165 ἐπὶ

177 1203 258 1256 τοῦ
296 1201 568 1272 βασιλέως
613 1201 1121 1272 ἑστηκὼς,·ὲδόκει
1167 1200 1456 1268 βούλεσθαί
1495 1219 1548 1254 τι
1600 1204 1740 1272 πρὸς

176 1291 394 1361 βασιλέα
428 1293 628 1344 εἰπεῖν’
655 1293 837 1354 συνεὶς
861 1291 920 1344 δὲ
957 1293 983 1344 ὁ
1011 1290 1290 1361 βασιλεὺς,
1327 1293 1380 1344 εί
1411 1309 1464 1345 τι
1497 1293 1741 1361 βούλοιτο

95 1397 98 1399 ‘
175 1385 384 1437 ἐκέλευε
422 1382 627 1450 λέγειν.
671 1383 732 1435 ’0
767 1382 812 1436 δ’
845 1382 962 1452 ἅμα
1010 1383 1090 1453 τῷ
1121 1383 1534 1454 προσταχθῆναι
1601 1384 1740 1454 πρὸς

173 1472 438 1539 τοῦδαφος
497 1472 693 1525 ἑαυτὸν
744 1471 1097 1536 κατασαλὼν,
1128 1475 1458 1542 συγγνώμης
1498 1473 1620 1544 ᾔτει
1651 1491 1742 1526 τυ·-

170 1566 300 1632 χεῑν,
336 1565 387 1616 εί
417 1561 671 1637 συόώτης
718 1562 794 1615 ὢν
845 1559 1259 1634 καὶῖῇρσαρος
1309 1566 1406 1616 καί
1457 1567 1739 1635 ἀγροῖκος,

169 1655 438 1723 ἐτόλμησε
485 1654 829 1724 φθέγξασθαί
878 1673 932 1707 τι
985 1656 1121 1723 πρὸς
1160 1656 1406 1724 βασιλέα.
1452 1657 1557 1710 Τοῦ
1589 1657 1743 1727 βασι-

1833 566 2096 635 dignitate
2173 567 2515 620 collaudatos
2565 575 2621 621 et
2684 567 2845 621 donis
2895 568 3126 624 donatos
3179 572 3410 634 dimisit,

1833 659 1972 713 duce
2028 659 2136 714 illis
2197 661 2454 729 praelecto
2501 657 2866 714 Tarclianiota
2929 662 3259 727 domestico,
3317 665 3407 717 cui

1835 749 2152 803 mandatum
2177 760 2314 814 erat,
2352 754 2430 805 uti
2459 767 2716 822 magnum
2753 753 3265 823 stratopedarcbam
3307 755 3412 808 im-

1834 841 2072 908 peratori
2103 841 2348 895 vinctum
2392 844 2676 904 mitteret,
2711 858 2896 897 coram
2949 859 3060 913 quo
3109 845 3285 898 altero
3317 844 3410 900 die

1835 940 2020 985 astans
2069 931 2429 1002 Syrmpauus,
2463 935 2752 1003 quidpiam
2798 936 2950 989 illum
2998 937 3136 990 velle
3182 937 3410 992 videba~

1836 1031 1947 1078 tur.
1984 1023 2106 1089 Quo
2149 1025 2554 1090 animadverso,
2609 1026 2726 1088 Dic,
2774 1026 2872 1086 ait,
2930 1025 2979 1080 si
3024 1027 3156 1095 quid
3207 1028 3401 1082 habes.

1837 1112 2176 1183 Syrmpanus
2203 1115 2387 1169 statim
2422 1131 2480 1170 se
2506 1115 2658 1170 humi
2695 1117 2963 1186 abjiciens
2990 1128 3196 1186 petere.
3227 1120 3406 1174 utsibi

1838 1205 2237 1274 ignosceretur,
2280 1205 2388 1276 92
2453 1207 2498 1260 si
2557 1196 2848 1273 subulcus,
2902 1217 2958 1262 et
3015 1206 3301 1272 barbarus,
3349 1219 3410 1264 et

1839 1293 2086 1349 rusticus
2142 1294 2532 1364 imperatorem
2601 1295 2772 1349 verbo
2820 1296 3095 1364 appellare
3151 1298 3404 1352 auderet.

1837 1384 2033 1440 Jussus
2084 1393 2141 1439 ut
2193 1386 2343 1439 omni
2383 1387 2576 1441 timore
2627 1387 2878 1455 deposito
2928 1387 3270 1456 loqueretur,
3309 1405 3411 1456 pro

1845 1491 2042 1546 magno
2072 1476 2521 1545 stratopedarcha
2568 1492 2726 1532 orare
2787 1478 3024 1547 occepit,
3071 1478 3226 1532 ιιι-σὶ
3281 1480 3409 1547 ipsi,

1840 1567 1986 1636 quod
2041 1567 2447 1636 Rhodopeiosa
2484 1567 2589 1622 llde
2642 1569 2697 1622 in
2772 1567 3060 1622 dominum
3094 1583 3254 1622 suum
3313 1570 3416 1624 ab-

1842 1658 2106 1717 duxisset.
2157 1659 2554 1728 ignosceretur.
2605 1660 3007 1714 Percunetante
3055 1659 3410 1726 imperatore,

167 1746 303 1808 λὲως
342 1746 401 1799 δὲ
457 1746 864 1816 προστάξαντος
927 1746 1110 1814 λέγειν
1172 1746 1449 1802 δεδοικότα
1515 1749 1684 1817 μηδὲν
1717 1790 1732 1813 ,

1841 1749 2209 1814 simulatene,
2255 1765 2324 1805 an
2379 1764 2510 1805 vere
2573 1761 2629 1805 et
2667 1765 2734 1805 ex
2793 1751 2978 1804 animo
3041 1750 3115 1804 ita
3171 1758 3411 1820 rogaret,

172 1837 309 1905 νπὲρ
338 1835 437 1890 τοῦ
467 1837 704 1906 μεγάλου
732 1837 903 1889 ἐδεῖτο
941 1837 1438 1908 στρατοπεδάρχου,
1467 1837 1609 1891 ὥστε
1647 1840 1740 1892 καὶ

173 1926 330 1978 αὑτὸν
353 1926 443 1996 ἐφ’
492 1923 574 1991 οἷς
607 1929 686 1989 εἰς
713 1925 941 1996 βασιλέα
999 1927 1217 1997 ἥμαρτε
1267 1930 1395 1989 τοὺς
1448 1928 1590 1994 κατὰ
1643 1928 1742 2000 τὴν

185 2017 440 2083 Ῥοδόπην
477 2017 820 2086 ἀποστήσας,
843 2019 1030 2085 τυχεῖν
1065 2015 1415 2088 συγγνώμης.
1447 2008 1555 2070 Τοῢ
1587 2017 1741 2086 βασι-

176 2112 304 2174 λέως
353 2111 410 2166 δὲ
451 2111 581 2182 ὲρορ
598 2111 720 2163 ένου
773 2114 823 2164 εί
879 2111 1015 2181 πρὸς
1055 2112 1401 2183 εἰρωνείανῆ
1439 2111 1576 2182 πρὸς
1609 2111 1741 2182 ἀλή-

179 2203 323 2256 θειαν
345 2206 534 2272 τυχεῖν
565 2203 759 2256 δεῖται·
797 2203 826 2254 ὁ
873 2203 918 2256 δ’
947 2203 1153 2271 ἔφασκε
1183 2244 1199 2270 ,
1252 2204 1396 2273 Πρδς
1448 2203 1737 2274 ἀλήθειαν·

183 2297 267 2348 καὶ
297 2296 460 2365 ὅρκον
494 2295 806 2364 προσετίθει
851 2296 1086 2360 πίστεως
1121 2297 1300 2367 χάρινο
1336 2296 1454 2350 διον
1493 2298 1538 2349 δ’
1574 2293 1736 2362 εἶναι,

181 2387 231 2442 τί
256 2404 309 2440 τι
338 2388 434 2442 καὶ
459 2389 703 2458 ἥμαρτε,
725 2389 1074 2459 προσήκοντα
1113 2388 1250 2458 πρὸς
1275 2388 1464 2456 γένους
1508 2388 1740 2454 ἀξιῶσαι

185 2479 503 2548 συγγνώμης
563 2479 915 2548 Ἐπιλέλησαι
958 2478 1026 2545 δ’,
1057 2479 1278 2550 εἴρηκεν
1326 2474 1484 2542 αὖθις
1523 2482 1550 2532 ὁ
1581 2479 1738 2549 βασι-

184 2569 318 2632 λεὺς,
370 2572 468 2622 ὅσα
525 2586 586 2622 σε
635 2569 927 2640 είργασται
975 2569 1166 2635 κακὰ,
1219 2572 1603 2644 ἀποστερήσας
1641 2572 1746 2642 μὲν

181 2662 280 2713 τῶν
312 2661 504 2724 ὄντων,
556 2661 652 2714 καὶ
688 2661 898 2714 παίδων
955 2661 1052 2714 καὶ
1104 2664 1385 2730 γυναικὸς,
1418 2662 1499 2716 ἑτι
1545 2665 1603 2716 δὲ
1646 2666 1740 2717 καὶ

184 2752 396 2805 ὀδόντων
443 2753 646 2816 αὐτῶν,
691 2753 913 2814 πολλαῖς
959 2771 1020 2807 τε
1061 2755 1270 2820 αἰκίαις
1313 2756 1624 2822 καταξάνας
1680 2755 1740 2809 τὸ

189 2843 355 2912 σῶμα,
386 2845 481 2896 καὶ
510 2844 664 2906 τέλος
716 2845 907 2914 ὥσπερ
953 2844 1076 2898 τινὰ
1115 2847 1222 2899 τῶν
1273 2847 1366 2899 ἐπὶ
1411 2847 1740 2911 δεινοτάτοις

189 2935 492 2990 ἑαλωκότων
550 2938 652 3004 τὴν
696 2937 933 3005 παρειάν
995 2939 1348 3002 κατακαύσας
1410 2939 1614 3010 σιδήρῳ
1663 2940 1739 3004 ὡς

1845 1840 2002 1906 Vere,
2035 1841 2241 1910 inquit:
2295 1849 2353 1895 et
2389 1840 2456 1895 ad
2515 1843 2990 1895 conﬁrmationem
3031 1839 3406 1909 jurament-um

1840 1932 2076 2003 adjecit;
2124 1933 2469 2002 addiditque,
2521 1947 2586 1987 ex
2659 1931 2839 1985 ollicio
2890 1945 3035 1996 esse,
3091 1945 3406 1998 quanquam

1840 2035 2143 2094 peccasset,
2183 2035 2364 2080 tamen
2410 2032 2472 2078 ιιι
2507 2032 2742 2094 cognato
2789 2023 3005 2077 veniam
3037 2037 3146 2076 non
3180 2035 3406 2088 negare.

1840 2116 2079 2172 Rursum
2105 2118 2428 2192 imperator
2458 2132 2473 2169 :
2504 2117 2586 2169 An
2633 2125 2688 2168 tu
2744 2115 2950 2169 oblitus
2983 2129 3061 2178 es,
3101 2113 3327 2181 quibus,
3353 2120 3412 2168 et

1839 2218 1974 2279 quot
2026 2208 2185 2263 malis
2218 2208 2309 2262 ille
2353 2218 2406 2262 te
2450 2193 2806 2261 mact‘averit?
2847 2205 2994 2258 Bona
3030 2204 3152 2269 tibi,
3180 2204 3406 2272 liberos,

1839 2309 1896 2358 et
1929 2297 2152 2354 uxorem
2191 2298 2416 2368 eripuit,
2464 2297 2659 2351 dentes
2701 2296 2964 2359 excussit,
2999 2286 3180 2364 plagis
3214 2295 3406 2350 multis

1841 2405 2044 2460 corpus
2087 2399 2241 2444 tuum
2289 2388 2630 2452 dilaceravit,
2662 2386 2731 2440 ad
2765 2395 3072 2441 extremum
3124 2385 3403 2440 maxillam

1837 2483 2008 2548 ferro,
2034 2489 2098 2536 ut
2120 2481 2593 2536 atrocissimorum
2634 2477 2904 2533 scelerum
2937 2477 3222 2540 damnato,
3252 2486 3410 2532 ustu-

1837 2575 2098 2636 lavit,.ac
2134 2580 2397 2641 perpetua
2427 2570 2686 2626 cicatrice
2725 2569 3029 2624 deformem
3059 2570 3309 2638 reliquit.
3340 2570 3398 2623 lu

1838 2681 2079 2728 summa,
2101 2663 2258 2728 cedo,
2293 2663 2426 2732 quid
2460 2671 2511 2717 te
2535 2661 2728 2726 movit,
2764 2675 2824 2716 ut
2851 2661 2972 2731 eius
3019 2676 3238 2716 causam
3275 2677 3407 2730 agn

1838 2757 1969 2814 res?
2014 2757 2156 2824 Quid
2213 2771 2342 2816 vero
2384 2756 2580 2824 majus,
2622 2753 2822 2822 inquit,
2865 2768 3029 2823 quam
3081 2753 3174 2820 qui
3233 2750 3404 2821 paulo

1839 2860 1968 2904 ante
2000 2848 2054 2902 in
2095 2848 2268 2903 servis
2325 2846 2473 2900 illius
2525 2845 2878 2910 censebatur,
2927 2858 3054 2898 eum
3110 2858 3257 2897 nunc
3312 2843 3404 2896 Dei
3473 2914 3487 2922 ’

1839 2955 2124 3005 concessu,
2175 2954 2242 2994 ac
2298 2947 2392 2992 tuo
2435 2952 2663 2992 munere
2741 2937 2795 2989 in
2859 2944 3062 2990 tantam
3101 2933 3407 2989 claritatem

193 3029 315 3096 μηδὲ
367 3029 464 3091 τὰς
503 3017 669 3091 οὐλάς
709 3028 1091 3098 ἐξαλειφθῆναι
1142 3029 1436 3097 edundis";
1489 3031 1626 3095 ὅλως
1681 3034 1737 3086 δὲ

1845 3031 2053 3097 venire,
2079 3037 2139 3084 ut
2167 3028 2556 3102 deprecatione
2587 3041 2683 3082 sua
2711 3025 2880 3080 etiam
2912 3036 3176 3094 cognatos
3222 3025 3399 3093 impe-

191 3119 236 3171 τί
279 3136 336 3172 σε
364 3119 424 3172 τὸ
467 3121 663 3192 πεῖσαν
693 3121 860 3183 ἐστιν,
894 3119 1034 3187 ὑπὲρ
1075 3119 1282 3173 ἐκείνου
1313 3121 1560 3188 δεῖσθαις
1593 3124 1660 3177 Τί
1688 3125 1734 3176 δ’

190 3213 250 3268 ἂν
300 3214 380 3280 τίη
427 3212 638 3278 μεῖζον,
681 3212 938 3280 ἔφασκεν,
991 3206 1035 3264 ὦ
1078 3211 1398 3284 βασιλεῦ,ἢ
1457 3214 1549 3267 τὸν
1584 3215 1736 3271 οὔπω

190 3305 306 3375 χθὲς
331 3305 424 3361 καὶ
455 3303 651 3375 πρώην
699 3305 758 3360 ὲν
809 3306 920 3365 τοῖς
950 3303 1293 3358 δουλεύουσιν
1318 3307 1512 3377 ἐκείνῳ
1544 3323 1738 3374 τεταγ-

192 3397 360 3462 μένον,
417 3396 514 3450 νῦν
561 3397 643 3458 είς
683 3394 935 3448 τοσοῦτον
989 3396 1148 3464 ἥκειν
1183 3397 1567 3466 περιφανείας,
1597 3397 1734 3451 Θεοῦ

189 3491 272 3539 καὶ
303 3488 416 3553 σοῦ,
449 3487 698 3556 βασιλεῦ,
733 3486 1192 3556 εὐηργετηκότος,
1244 3488 1319 3550 ὡς
1352 3489 1446 3542 καί
1476 3488 1602 3552 τοὺς
1641 3490 1736 3558 βα-

188 3579 317 3630 σιλεί
359 3581 737 3649 προσήκοντας
791 3581 933 3631 κατὰ
983 3577 1142 3646 γένος
1185 3578 1518 3643 ἐξαιτεῖσθαι
1573 3580 1734 3634 δύνα-

187 3669 322 3735 σθαι,
348 3669 443 3722 καὶ
467 3671 576 3723 τῶν
608 3669 1073 3740 προσδοκωμένων
1103 3671 1467 3740 ἀπαλλάττειν
1502 3671 1729 3736 κακῶν;

184 3759 466 3829 Θαυμάσας
490 3761 594 3813 δὲό
621 3761 878 3828 βασιλεὺς
907 3761 1007 3831 τὴν
1040 3763 1134 3814 ἐπὶ
1181 3764 1294 3825 τοῖς
1332 3768 1523 3828 κακοῖς
1557 3765 1736 3835 ἀμνη-

183 3850 327 3904 στίαν
356 3852 450 3904 τοῦ
504 3851 801 3922 βαρϐάρου,
835 3851 896 3904 Εί
951 3852 1015 3904 σύ
1070 3869 1156 3920 γε,
1208 3853 1333 3925 ἔφη,
1366 3856 1602 3925 τοσαῦτα
1637 3857 1731 3911 ὑπ’

179 3941 330 3995 αὑτοῦ
374 3942 658 4012 ἀδικηθεὶς
702 3943 801 3997 καὶ
855 3944 1040 4008 κακῶς
1080 3945 1287 4012 παθὼν,
1338 3945 1612 4018 βάρδαρος
1658 3948 1732 4001 ὢν

179 4036 260 4084 καὶ
294 4032 494 4100 φαῦλος
533 4034 632 4102 τὴν
678 4034 872 4103 τύχην,
923 4037 1034 4099 τοῖς
1065 4037 1331 4100 ἐναντίοις
1379 4039 1582 4112 ἀμείϐῃ
1610 4041 1733 4092 ὅσον

179 4124 344 4188 εξεστι
369 4127 538 4180 ποιῶν
579 4123 664 4191 εὖ,
693 4127 804 4180 οὐδ’
851 4128 950 4197 ἐμὲ
989 4128 1200 4183 δίκαιον
1242 4131 1588 4203 μετριώτερα
1620 4134 1734 4188 ἀδι-

181 4217 426 4284 κηθέντα,
478 4217 712 4288 βασιλέα
759 4235 819 4271 τε
873 4219 1038 4284 ὅντα,
1073 4220 1447 4292 ἀπαραίτητον
1495 4224 1730 4294 ὀφθῆναι

1843 3124 2044 3179 ratoris
2071 3121 2368 3175 formidato
2395 3119 2664 3188 supplicio
2684 3117 2930 3172 eximat?
2969 3117 3264 3170 Admirans
3299 3117 3405 3169 im-

1839 3224 2082 3286 perator,
2126 3212 2207 3267 sic
2235 3227 2360 3265 eum
2395 3210 2606 3264 delesse
2654 3208 2979 3277 iniuriarum
3024 3207 3348 3261 memoriam
3391 3222 3407 3258 :

1839 3305 1895 3362 Si
1929 3313 2008 3370 tu,
2040 3304 2139 3370 ait,
2196 3311 2305 3356 tam
2352 3300 2537 3370 iniqua
2590 3308 2647 3355 et
2699 3298 2922 3353 infanda
2963 3298 3031 3351 ab
3067 3299 3160 3354 illo
3185 3312 3402 3364 passus,

1838 3399 2004 3453 homo
2033 3398 2320 3461 barbarus,
2353 3403 2504 3447 sorte
2539 3393 2782 3456 inﬁmus,
2822 3390 2995 3444 nihilo
3021 3391 3204 3443 minus
3229 3405 3408 3458 quan-

1839 3501 1954 3544 tum
2001 3491 2058 3543 in
2090 3499 2140 3544 te
2181 3497 2285 3552 est,
2316 3485 2456 3539 mala
2505 3483 2667 3538 bonis
2697 3496 3040 3550 compensas,
3068 3495 3155 3534 me
3187 3483 3404 3535 minora

1835 3596 2074 3651 passum,
2111 3588 2167 3634 ct
2193 3581 2600 3647 imperatorem,
2634 3574 3022 3628 inexorabilem
3050 3572 3186 3624 iram
3218 3571 3407 3626 fovere

1835 3687 1947 3725 non
1998 3670 2176 3724 decet.
2229 3669 2401 3738 Igitur
2442 3667 2526 3720 vel
2584 3675 2634 3716 te
2675 3663 3033 3731 deprecatore
3068 3661 3121 3714 in
3151 3676 3235 3715 me
3261 3677 3400 3715 com-

1836 3762 2003 3814 missa
2040 3758 2344 3826 negligens,
2393 3769 2522 3808 ecce
2575 3751 2789 3806 veniam
2849 3751 2928 3804 illi
2984 3751 3190 3805 tribuo.
3251 3751 3404 3805 Actis

1834 3850 2046 3922 gratiis,
2070 3856 2126 3902 et
2157 3846 2353 3900 iterum
2393 3844 2703 3912 iterumque
2738 3842 2903 3896 dictis
2930 3841 3248 3910 imperatori
3281 3842 3402 3895 lau-

1835 3943 2018 4003 dibus,
2041 3937 2308 3996 barbarus
2329 3936 2511 3990 denuo
2535 3935 2668 4003 petit
2701 3952 2714 3988 :
2748 3948 2944 4000 nempe
2972 3942 3032 3986 ut
3063 3931 3208 3986 idem
3253 3943 3401 3986 stra-

1835 4027 2170 4102 topedardia
2218 4045 2318 4094 nec
2342 4029 2574 4098 honore,
2604 4041 2708 4080 nec
2764 4024 3054 4088 reditibus,
3093 4037 3197 4077 nec
3240 4023 3404 4078 bouis

1836 4126 2206 4198 imperatoriis
2226 4123 2465 4179 excidat.
2486 4122 2720 4176 Tantum
2755 4119 2993 4173 studium
3022 4132 3144 4186 erga
3173 4117 3398 4170 noxium

1835 4221 2070 4290 amplius
2101 4218 2410 4287 suspiciens
2458 4215 2780 4282 imperator,
2822 4211 2988 4266 ctiam
3043 4210 3146 4264 hoc
3178 4210 3400 4272 annuit;

186 4309 307 4375 πρὸς
356 4311 549 4380 ὀργήν.
609 4311 805 4365 Τοίνυν
844 4312 940 4364 καὶ
994 4313 1095 4382 τῆς
1135 4317 1235 4384 σῆς
1285 4315 1521 4380 ἱκετείας
1570 4317 1732 4371 ἕνεκα
1762 4349 1779 4355 -

185 4399 246 4450 τὰ
274 4400 634 4469 ἡμαρτημένα
665 4399 940 4471 παρορῶν,
984 4402 1120 4466 ἀξιῶ
1155 4405 1511 4476 συγγνώμης.
1551 4405 1730 4477 Εὐχα-

1841 4413 1907 4458 tae
1947 4403 2121 4458 veniae
2177 4401 2232 4454 in
2283 4398 2508 4469 pittacio
2549 4404 2856 4461 exaratum,
2882 4403 2936 4449 et
2969 4403 3027 4447 ut
3058 4409 3173 4447 mos
3200 4403 3305 4458 est,
3345 4394 3406 4446 li-

192 4490 429 4557 ριστήσας
460 4490 519 4543 δὲ
564 4492 594 4542 ὁ
628 4489 904 4562 βάρϐαρος
929 4493 1028 4546 ἐπὶ
1055 4493 1288 4559 τούτοις,
1325 4497 1422 4548 καὶ
1469 4497 1729 4563 πολλάκις

1838 4497 1925 4552 dei
1955 4511 2086 4566 ergo
2125 4491 2475 4561 imperatoris
2510 4503 2672 4547 manu
2719 4485 2906 4542 addita
2935 4485 3253 4555 praebetur:
3289 4501 3401 4553 quo

189 4576 566 4651 ἐπευφημήσας
618 4582 712 4635 τὸν
765 4581 1010 4651 βασιλέα,
1071 4585 1162 4637 καί¹
1225 4586 1488 4657 δευτέραν
1545 4587 1729 4659 δέησιν

1838 4596 2083 4659 accepto,
2112 4583 2339 4654 vestigia
2364 4578 2706 4650 imperatoris
2734 4580 3106 4645 exosculatus,
3134 4595 3260 4634 cum
3298 4579 3398 4634 lae-

191 4673 506 4740 προσετίθει,
559 4673 622 4727 τὸ
654 4674 748 4727 τὸν
775 4676 940 4728 αὐτὸν
973 4677 1111 4747 μήτε
1158 4681 1258 4748 τῆς
1302 4680 1458 4744 ἀξίας
1490 4681 1728 4734 ἀποστε-

1838 4682 1956 4738 titia
1990 4670 2238 4733 recessit.

188 4762 395 4833 ρηθῆναι
435 4768 577 4836 μήτε
627 4767 737 4820 τῶν
775 4768 1052 4837 προσόδων
1103 4772 1196 4822 καὶ
1225 4771 1332 4824 τῶν
1363 4772 1582 4843 δωρεῶν
1613 4777 1720 4834 τῶν
1765 4774 2080 4848 βασιλικῶν.
2116 4773 2238 4824 Ἔτι
2267 4769 2323 4822 δὲ
2357 4767 2560 4836 μᾶλλον
2609 4764 2707 4836 τὴν
2753 4765 2904 4840 ὑπὲρ
2921 4764 3015 4818 τοῦ
3078 4763 3398 4835 ἠδικηκότος

187 4858 397 4928 σπουδὴν
425 4860 716 4929 θαυμάσας
736 4862 764 4914 ὁ
788 4859 1040 4930 βασιλεὺς
1069 4864 1164 4916 καὶ
1189 4862 1393 4934 ταύτην
1447 4869 1547 4937 τὴν
1603 4869 1787 4941 δέησιν
1825 4869 2088 4940 ἐπλήρου.
2129 4866 2250 4917 Ἔτι
2301 4862 2359 4916 δὲ
2410 4861 2579 4932 αὑτοῦ
2610 4859 2748 4930 πρὸς
2780 4860 2906 4923 τοὺς
2935 4859 3102 4921 πόδας
3134 4857 3398 4928 βασιλέως

186 4955 440 5023 κειμένου,
510 4957 580 5010 τά
619 4959 722 5026 τῆς
790 4957 1121 5029 συγγνώμης
1178 4963 1481 5032 γράμματα
1535 4965 2009 5043 διαχαραχθέντα,
2069 4964 2165 5017 καὶ
2209 4963 2276 5031 τῇ
2323 4959 2578 5030 βασιλικῇ
2625 4954 2974 5009 πιστωθέντα
3018 4956 3160 5024 χειρὶ
3209 4951 3398 5005 ἐπεδό-

187 5043 337 5115 θησαν
366 5049 536 5120 αὐτῷ·
568 5051 597 5102 ὁ
623 5049 682 5102 δὲ.
728 5049 932 5114 λαϐὼν,
971 5050 1069 5103 καὶ
1094 5050 1192 5122 τὴν
1229 5055 1330 5121 γῆν
1365 5058 1855 5127 κατασπασάμενος
1887 5057 1976 5126 ἐφ’
1999 5051 2066 5128 ἦς
2114 5057 2142 5108 ὁ
2172 5052 2426 5125 βασιλεὺς
2451 5051 2720 5119 εἱστήκει,
2763 5046 2968 5126 χαίρων
3013 5044 3246 5114 ἀπῆλθε.

1480 5167 1586 5238 93
1623 5168 1846 5226 CAPUT
1890 5167 2079 5222 XXXI.

192 5249 642 5329 ίλεΑἸίιιιτιιιοτιὶσηΔ
681 5262 729 5306 et
755 5251 1101 5329 Constantino
1132 5255 1344 5329 despota
1376 5256 1550 5329 felice:
1579 5260 1775 5314 nuntii.
1799 5260 1879 5312 Ad
1906 5262 2276 5329 imperatorem
2304 5256 2549 5329 monachi
2575 5255 2754 5307 habitu
2783 5254 3004 5329 indutus
3051 5249 3392 5329 perducitur;

247 5325 292 5399 in
321 5339 578 5399 carcerem
609 5322 918 5399 datur.
945 5323 1150 5399 Xenoni
1179 5317 1563 5399 irhperdtricem
1594 5329 1940 5393 violaverant,
1958 5317 2247 5398 puniuntur
2271 5327 2491 5399 publice.
2519 5323 2746 5377 Lemnus
2777 5334 2844 5375 ad
2880 5317 3149 5399 jar-{iorem
3174 5317 3384 5399 adicit.

246 5393 411 5512 genre
437 5394 634 5474 seniori
689 5392 894 5446 auxilio
933 5391 1220 5458 venientes,
1255 5389 1402 5448 'metu
1435 5395 1667 5466 junioris
1718 5389 1968 5467 verculsi,
2010 5400 2222 5454 domum
2271 5389 2500 5465 turpiter
2544 5389 2893 5447 revertuntur.
2949 5389 3182 5478 Fugiet-nt
3227 5389 3396 5444 etiam.

285 5472 498 5532 yzanm.

1894 5586 2096 5639 Eodem
2163 5583 2250 5637 die
2301 5580 2688 5635 Thessalonica
2768 5577 2996 5634 veniunt
3054 5577 3255 5641 nuntii,
3304 5577 3385 5634 fu-

1822 5677 2100 5736 ctionibus
2132 5675 2336 5743 ibidem
2374 5673 2535 5739 natis,
2575 5671 2643 5727 ab
2683 5687 2745 5729 co
2783 5679 2987 5727 stantes
3035 5671 3269 5738 vicisse,
3307 5689 3390 5727 ur-

246 5573 344 5647 Τῆς
376 5579 542 5648 αὐτῆς
581 5579 638 5632 δὲ
683 5580 894 5649 ἡμέρας
939 5575 1003 5633 ἐκ
1035 5580 1437 5652 Θεσσαλονίκης
1485 5583 1712 5652 ἄγγελος

191 5667 334 5721 ἐλθὼν
359 5669 659 5740 ἀπήγγειλε
698 5672 928 5742 βασιλεῖ,
959 5672 1034 5737 ώς
1061 5675 1301 5738 στάσεως
1336 5677 1392 5728 ἐν
1440 5676 1575 5744 αὐτῇ
1617 5695 1714 5744 γε‹

1835 4321 1892 4367 et
1938 4311 2120 4366 adhuc
2165 4311 2234 4364 ad
2277 4307 2446 4376 pedes
2473 4307 2593 4376 ejus
2619 4304 2848 4373 jacenti,
2894 4302 3273 4357 testimonium
3306 4301 3394 4355 da.
3483 4329 3498 4336 -
