3952 6204
554 298 559 302 ’
621 310 728 374 227
1794 303 2118 369 JOANNIS
2156 303 2687 368 EANTACUZENI
3721 321 3804 382 233

617 425 712 488 irl,
737 431 794 479 et
818 435 945 478 cum
981 417 1105 502 aliis
1132 416 1406 492 Byaantiis
1437 418 1718 482 obsessos,
1749 419 1887 472 nihil
1918 420 1969 472 ei
1996 418 2187 487 profu-

2315 419 2611 489 νενομένης,
2639 420 2718 484 ὡς
2750 417 2913 487 ήνυον
2957 419 3008 472 οί
3040 418 3323 485 διώκοντες
3371 425 3514 502 οὐδὲν
3541 423 3690 498 (ἦσαν
3714 439 3802 505 γὰρ

618 528 774 572 turos
805 534 818 578 ;
844 529 969 568 nam
994 522 1149 569 extra
1177 511 1378 568 moenia
1409 525 1520 565 non
1550 525 1674 566 sese
1703 518 1940 573 tantum,
1960 507 2070 578 95
2099 523 2192 562 ve-

2315 513 2347 564 il
2401 511 2699 580 φεύγοντες
2743 512 2845 566 οὐκ
2891 515 2950 566 ὲν
2997 512 3252 584 ιφικτῷ),
3292 516 3342 568 oi
3395 517 3492 585 μὲν
3539 523 3674 588 τρεῖς
3717 525 3805 578 τῶν

619 629 740 670 rum
796 631 898 670 nec
933 614 1113 684 ipsum
1169 625 1362 668 eorum
1411 609 1844 678 arcbisatrapam
1895 623 2022 662 cum
2073 616 2190 662 toto

2315 607 2528 678 Περσῶν
2550 607 2961 680 ζωγρήσαντες,
2991 609 3042 661 οι
3067 609 3114 662 δ’
3140 607 3318 680 ἕτεροι
3340 609 3496 664 πέντε
3534 613 3804 684 Ῥωμαίων.

619 709 865 762 exercitu
901 721 1002 761 suo
1050 706 1104 760 in
1135 705 1254 759 acie
1286 703 1548 757 adversus
1578 701 1847 770 iuniorem
1893 700 2191 768 imperato-

2315 697 2718 769 ίπανέστρεψαν
2753 698 2864 752 τῶν
2911 697 3094 753 ἀλλων
3125 697 3523 754 διασωθέντων.
3557 701 3807 757 Ἱππωνδὲ

620 813 732 852 rem
768 798 1074 852 consistere
1123 810 1305 865 posse.
1340 791 1605 846 Romanis
1654 792 1748 861 qui
1781 791 2013 844 aderant
2065 805 2194 846 vera

2315 790 2404 844 τῶν
2465 791 2542 860 μὴ
2595 789 2940 860 δυνηθέντων
3004 789 3235 842 ἕπεσθαι
3308 792 3374 860 τῇ
3439 793 3686 862 στρατιᾷ,
3732 796 3809 846 καὶ

618 900 712 938 eos
725 885 909 939 dicere
927 882 1334 945 attestantibus,
1348 879 1662 934 conscensis
1675 877 1911 934 navibus
1929 879 1982 932 in
2003 877 2199 934 Orien-

2315 881 2512 934 ηιευῶν
2542 880 2955 952 στρατιωτικῶν
2994 881 3090 934 καὶ
3119 880 3346 935 οἰκετῶν
3377 882 3672 952 ἐκράτησαν
3704 885 3812 937 πολ-

621 985 729 1029 tem
767 977 1217 1030 transmiserunt.

2315 972 2430 1026 ιῶνο
2473 969 2646 1026 nam
2688 973 2746 1026 δὲ
2779 973 2809 1025 ὁ
2861 973 3117 1044 βασιλεὺς
3160 972 3635 1043 δστρατοπέδευσεν
3672 977 3812 1043 inii;

619 1063 945 1134 Σηλυϐρίας.
1004 1063 1066 1116 Oi
1124 1063 1310 1132 μέντοι
1361 1060 1720 1123 διασωθέντες
1786 1063 1852 1132 τῇ
1893 1062 2044 1130 φυγῇ
2087 1055 2358 1131 Ῥωμαῖοι
2406 1063 2497 1114 καὶ
2535 1063 2767 1133 Πέρσαι,
2832 1066 2916 1127 είς
2985 1063 3280 1128 Βυζάντιον
3309 1065 3447 1132 πρὸς
3489 1064 3576 1117 τὸν
3618 1067 3815 1132 πρεσϐύ-

619 1171 778 1226 τερον
840 1155 1066 1224 βασιλέα
1123 1155 1390 1217 ἐλθόντες,
1444 1154 1792 1223 ἀπήγγελλον
1845 1153 1948 1224 τήν
1993 1146 2187 1224 ⁴ἧτταν.
2230 1153 2384 1224 ’Δμα
2434 1154 2492 1208 δὲ
2547 1156 2643 1208 καὶ
2723 1155 2860 1219 ναῦς
2903 1156 2955 1209 oi
3009 1157 3220 1227 Πέρσαι
3264 1156 3401 1226 πρὸς
3466 1157 3561 1226 τὴν
3605 1159 3814 1212 διάϐασιν

617 1247 865 1316 ⁴ῂτοῦντο·
900 1246 1158 1316 βασιλεὺς
1207 1246 1264 1299 δὲ
1316 1245 1593 1314 ἐπεχείρει
1661 1244 1874 1297 πείθειν
1901 1244 2102 1305 αὐτοὺς
2174 1244 2358 1310 μένειν
2395 1245 2454 1299 ὲν
2516 1243 2821 1315 Βυζαντίῳο
2854 1245 2930 1310 ὡς
2987 1245 3044 1298 δὶ
3096 1246 3197 1299 οὐκ
3245 1245 3548 1310 ἐπείθοντο,
3576 1247 3726 1300 αὐτοί
3767 1265 3812 1300 τε

621 1338 930 1407 φάσκοντες
999 1337 1500 1408 κατατριϐήσεσθαι
1559 1338 1739 1408 μάτην
1770 1376 1784 1402 ,
1839 1337 1933 1389 καὶ
1983 1335 2194 1406 βασιλεῖ
2230 1337 2398 1407 μηδὲν
2432 1337 2812 1408 λυσιτελήσειν
2844 1338 2963 1409 ἅμα
3029 1340 3145 1401 τοῖς
3181 1339 3364 1415 ἀλλοις
3417 1340 3812 1410 πολιορκούμενοι

621 1429 980 1494 Βυζαντίοις·
1058 1430 1192 1500 μηδὲ
1265 1430 1376 1501 γὰρ
1429 1431 1496 1484 ἂν
1544 1429 1650 1494 ἔξω
1703 1430 1903 1499 τειχῶν
1948 1431 2025 1498 μὴ
2080 1430 2162 1482 ὄτι
2204 1447 2267 1500 γε
2310 1429 2530 1496 αὐτοὺς,
2561 1431 2678 1484 ἀλλ’
2699 1430 2810 1484 οὐδ’
2843 1431 3007 1484 αὐτὸν
3027 1432 3094 1486 ἀν
3129 1433 3221 1486 τὸν
3245 1433 3650 1504 ἀρχισατράπην
3669 1435 3813 1487 αὐτῶν

623 1527 740 1596 ἅμα
771 1526 837 1595 τῇ
885 1525 977 1577 ὑπ’
1027 1525 1192 1579 αὑτὸν
1244 1526 1396 1597 πάσῃ
1439 1525 1668 1594 δυνάμει
1721 1523 1859 1595 πρὸς
1919 1526 2012 1576 τὸν
2065 1526 2187 1579 νέον
2244 1525 2636 1592 ἀντιτάξασθαι
2681 1525 3008 1595 δυνήσεσθαι
3061 1526 3311 1597 βασιλέα,
3381 1527 3614 1580 καὶτῶν
3670 1544 3814 1597 παρα-

622 1618 896 1688 τυχόντων
918 1616 993 1680 ὡς
1029 1617 1204 1688 ἀληθῆ
1233 1615 1489 1686 λέγουσιν
1514 1616 1633 1688 ἅμα
1660 1617 2026 1671 συνειπόντων
2062 1617 2375 1686 Ῥωμαίων,
2403 1617 2536 1681 ναῦς
2558 1616 2840 1684 λαϐόντες,
2879 1619 3306 1691 επεραιὼθησαν
3343 1619 3480 1689 πρὸς
3509 1619 3603 1690 τὴν
3631 1620 3712 1674 ῑω.

1998 1750 2226 1816 CAPUT
2266 1754 2484 1816 XXXII.

550 1864 557 1867 '
623 1863 842 1944 Lrgatio
888 1871 1115 1944 senioris
1154 1871 1222 1923 ad
1271 1879 1529 1944 nepotem.
1572 1870 1740 1925 Dotct'
1764 1887 1818 1944 se
1849 1871 2131 1944 delusum?
2163 1871 2234 1925 ad
2287 1855 2481 1944 pacem,
2512 1873 2759 1927 inclinat.
2803 1871 3186 1942 Respondetur,
3216 1882 3402 1944 pacein
3428 1857 3568 1928 cordi
3604 1875 3814 1944 futuram.

696 1941 824 1996 Cum
864 1957 1053 2012 magno
1083 1942 1362 2013 domestico
1400 1943 1708 2013 decernitur
1726 1943 1794 1994 ad
1834 1943 2188 1996 obturandum
2217 1958 2275 1996 os
2305 1943 2639 2013 schphantis
2693 1945 2870 1996 omnia
2906 1941 2963 1998 in
2997 1960 3184 1997 manus
3217 1941 3314 1998 'avi
3345 1941 3611 2013 tradenda.
3651 1943 3746 2008 Qua
3771 1948 3818 1996 de

695 2029 751 2084 re
780 2011 1245 2084 rnnrprincipibus
1306 2020 1512 2084 totoque
1539 2012 1766 2064 exercitu
1803 2013 1912 2082 agit
1942 2013 2255 2084 imperator,
2288 2011 2480 2084 magno
2528 2013 2812 2065 domestico
2855 2023 2903 2066 et
2932 2022 3319 2082 protostratore
3350 2012 3527 2084 palam
3567 2015 3815 2084 approban-

694 2083 828 2134 tibns
875 2082 989 2150 ejus
1021 2081 1376 2143 sententiam;
1410 2081 1465 2133 in
1493 2097 1654 2149 quam
1705 2081 1879 2134 tamen
1915 2082 2159 2134 nobilitas
2187 2088 2235 2133 et
2266 2081 2419 2134 duces
2458 2098 2596 2150 a'grc
2620 2083 2927 2136 concedunt.

694 2219 988 2288 Postquam
1039 2216 1244 2272 Persici
1281 2219 1471 2272 auxilii
1509 2234 1639 2289 spes
1665 2220 1982 2284 decollavit,
2016 2230 2074 2277 et
2123 2222 2206 2276 in-
2241 2227 2284 2282 Β

626 2309 870 2364 sularum
903 2307 1078 2361 auditi
1111 2317 1312 2367 motus,
1340 2307 1548 2362 Lemno
1567 2309 1679 2379 jam
1707 2319 1896 2379 aperte
1917 2312 2085 2366 alium
2109 2311 2210 2368 do-

623 2399 834 2454 minum
891 2399 1129 2465 colente,
1197 2398 1422 2467 reliquis
1460 2398 1516 2452 in
1564 2400 1670 2454 iide
1698 2400 2129 2467 labascentibus,
2157 2413 2210 2457 et

623 2505 793 2560 prope
836 2489 983 2544 diem
1045 2488 1413 2544 defectionem
1469 2489 1856 2548 minitantibus
1903 2509 1918 2547 :
1979 2493 2211 2549 urbibus

635 2583 768 2638 item
795 2582 1132 2638 continentis
1162 2581 1416 2650 pluribus
1443 2581 1606 2637 simul
1652 2583 1720 2637 ad
1761 2585 2002 2655 jnnioris
2033 2588 2209 2656 impe-

642 2677 786 2730 rium
814 2675 1136 2746 aggregatis,
1173 2673 1324 2728 omni
1383 2688 1450 2728 ex
1510 2681 1665 2743 parte
1690 2676 1888 2731 anxius
1917 2678 2086 2732 animi
2121 2695 2209 2735 se—

640 2769 783 2834 nior,
815 2782 1009 2822 rursus
1035 2766 1369 2836 legationem
1400 2767 1728 2822 mittendam
1756 2769 2046 2837 judicavit.
2072 2772 2213 2826 Huic

631 2859 846 2913 muneri
864 2858 1128 2912 lsaacium
1159 2858 1302 2913 sacri
1333 2859 1539 2913 montis
1556 2859 1702 2913 Atlio
1724 2863 2102 2929 praepositum,
2130 2863 2214 2918 vi-

641 2966 765 3006 rum
792 2951 999 3018 alioqui
1030 2950 1448 3020 intelligentem,
1473 2960 1530 3006 et
1551 2951 1774 3007 virtutis
1805 2954 1978 3010 multo
1998 2955 2214 3010 studio-

641 3043 926 3100 sissimum
963 3042 1173 3114 deligit,
1207 3044 1392 3112 illique
1439 3045 1492 3098 in
1522 3045 1795 3116 legatione
1831 3045 2063 3104 dicenda
2096 3049 2214 3106 hac

629 3135 901 3206 iniunxit:
953 3135 1007 3190 Si
1046 3135 1296 3189 homines
1349 3145 1444 3189 aut
1495 3135 1564 3190 ab
1598 3135 1759 3191 initio
1811 3138 1877 3191 ad
1906 3139 2106 3193 malum
2134 3140 2216 3194 in-

636 3229 914 3284 ﬂetibiles
936 3246 966 3283 a
995 3230 1106 3282 Deo
1133 3229 1384 3284 fabricati
1414 3239 1618 3291 essent.
1653 3241 1748 3286 aut
1778 3247 1902 3287 cum
1934 3233 2215 3289 voluntate

627 3321 802 3377 libera
823 3321 1098 3382 fabricati.
1118 3321 1172 3374 iu
1194 3321 1533 3386 innocentia,
1559 3324 2022 3392 quemadmodum
2047 3341 2215 3395 opor-

632 3409 806 3472 tebat,
850 3419 1321 3480 perseverassent.
1358 3411 1507 3466 nulla
1553 3411 1827 3477 fuissent,
1873 3429 1998 3483 qua:
2027 3427 2214 3485 postea

630 3501 868 3570 plurima
901 3503 953 3557 in
978 3502 1090 3556 vita
1119 3503 1407 3558 hominum
1429 3517 1718 3574 perperam
1745 3505 2040 3560 commissa
2061 3517 2212 3560 sunt.

629 3595 768 3659 Quia
793 3609 926 3649 vero
952 3604 1173 3664 propter
1199 3595 1431 3665 primam
1471 3596 1963 3666 transgressionem
2012 3608 2210 3652 natura

631 3687 870 3739 humana
913 3686 967 3739 in
999 3685 1246 3742 deterius
1271 3687 1452 3743 labilis
1478 3688 1680 3755 evasit,
1727 3704 1796 3745 ex
1841 3705 1909 3744 eo
1941 3704 2118 3758 usque
2145 3690 2214 3745 ad

631 3781 740 3832 hoc
770 3786 1111 3833 momentum
1147 3779 1436 3849 temporis,
1490 3779 1604 3845 illo,
1654 3781 1749 3850 qui
1802 3781 1906 3836 fuit
1958 3781 2028 3836 ab
2057 3781 2212 3837 orbis

627 3868 946 3937 primordio
999 3879 1190 3925 noster
1231 3861 1608 3936 adversarius,
1665 3871 1973 3937 adnitente,
2025 3873 2211 3927 omnia

631 3976 853 4014 sursum
926 3976 992 4015 ac
1038 3961 1300 4017 deorsum
1349 3960 1603 4016 feruntur
1644 3963 2154 4032 permiscenturque
2195 3979 2210 4019 :

635 4051 799 4121 quale
828 4052 1092 4120 quiddam
1139 4068 1290 4107 nunc
1331 4061 1387 4106 et
1419 4052 1473 4106 in
1507 4052 1672 4106 nobis
1703 4057 2038 4124 experimur.
2073 4054 2210 4110 Cum

632 4146 780 4199 enim
823 4145 1131 4198 debuissem
1176 4153 1328 4197 tuum
1361 4145 1416 4198 in
1469 4160 1554 4199 me
1586 4161 1916 4214 propensum
1967 4149 2210 4203 animum

631 4249 865 4304 qumque
908 4235 1078 4286 lilium
1109 4235 1266 4287 decet
1302 4249 1429 4301 erga
1460 4244 1668 4302 patrem
1711 4247 2098 4298 reverentiam,
2149 4253 2212 4292 ac

635 4323 1060 4377 reiterationem
1093 4339 1158 4377 ex
1191 4323 1326 4393 ipsis
1377 4323 1537 4378 iactis
1580 4324 1711 4392 tuis)
1737 4325 2017 4390 didicisse,
2059 4314 2240 4383 calu?

630 4413 936 4469 muiatores
960 4413 1102 4484 apud
1134 4429 1218 4470 me
1255 4414 1575 4484 tuos,quasi
1604 4419 1896 4470 adversum
1923 4432 2008 4471 me
2057 4418 2212 4474 dolos

631 4521 693 4561 et
722 4507 946 4563 frandes
985 4507 1388 4570 marbinarere,
1415 4515 1475 4561 ut
1499 4507 1754 4565 inimicos
1776 4511 2061 4580 repellere,
2105 4528 2205 4582 ego

630 4599 1110 4669 circumscriptus,
1143 4599 1610 4669 quemadmodum
1639 4601 1806 4656 rebus
1838 4602 1975 4671 ipsis
1995 4612 2045 4657 te
2070 4603 2206 4658 mihi

633 4691 874 4761 probare
904 4707 1198 4758 conarere,
1248 4709 1358 4748 non
1396 4694 1649 4747 attendi:
1700 4694 1797 4749 sed
1840 4694 1983 4749 ﬁctis
2018 4709 2207 4750 eorum

635 4785 988 4839 sermonibus
1041 4787 1583 4855 praeoccupatus,-in
1629 4800 1764 4856 pace
1817 4786 2022 4845 bellum
2058 4789 2212 4843 exci-

2388 2222 2476 2285 Ὠς
2519 2221 2564 2275 δ’
2607 2223 2640 2292 ἥ
2681 2239 2740 2275 τε
2805 2224 2871 2275 lx
2929 2223 3026 2294 τῆς
3086 2224 3370 2295 Περσικῆς
3413 2225 3704 2294 συμμαχίας
3746 2222 3817 2277 τοῦ

2315 2313 2688 2383 πρεσϐυτέρου
2765 2313 3032 2384 βασιλέως
3099 2315 3408 2386 περιῃρέθη
3462 2315 3625 2380 ιλπὶς,
3675 2317 3733 2368 τά
3775 2331 3818 2367 τε

2267 2481 2278 2489 1
2310 2403 2453 2458 κατά
2501 2405 2602 2468 τὰς
2659 2406 2858 2478 νήσους
2901 2406 3156 2478 πονήρως
3212 2403 3354 2478 εἶχε,
3394 2408 3488 2478 τῆς
3520 2409 3610 2477 μὲν
3643 2409 3818 2477 Λήμνου

2311 2495 2414 2566 ἤδη
2448 2497 2546 2551 καὶ
2588 2498 2846 2568 φανερῶς
2874 2498 3283 2569 ἀφεστηκυίας,
3314 2500 3422 2552 τῶν
3456 2500 3620 2553 ἄλλων
3647 2499 3697 2552 δὲ
3721 2499 3818 2551 nlo-

2313 2589 2614 2654 νουμένων,
2659 2589 2754 2642 καὶ
2793 2591 2918 2644 ὅσον
2963 2589 3118 2645 οῦπω
3148 2592 3255 2661 τὴν
3302 2591 3626 2646 ἀποστασίαν
3653 2590 3732 2644 καὶ
3748 2589 3820 2642 αὐ-

2313 2678 2421 2728 τῶν
2452 2677 2819 2742 ἀπειλουσῶν,
2867 2679 2960 2733 καὶ
3011 2683 3065 2734 αί
3124 2681 3275 2734 κατά
3329 2681 3427 2752 τήν
3474 2682 3680 2751 ἤπειρον
3719 2681 3820 2747 πρὶν

2313 2769 2548 2838 ὑπήκοοι
2595 2770 2675 2842 τῷ
2727 2772 3080 2843 πρεσϐυτέρῳ
3119 2774 3337 2844 βασιλεῖ
3387 2774 3594 2838 πλείους
3625 2772 3717 2825 τῶν
3743 2770 3820 2822 πό-

2312 2862 2451 2914 λεων
2502 2864 2605 2935 ἠδη
2658 2867 3081 2936 συναπέστησαν
3135 2866 3279 2935 πρὸς
3322 2868 3414 2920 τὸν
3459 2866 3572 2920 νέον
3595 2905 3610 2930 ,
3656 2859 3820 2931 ἀπορίᾳ

2315 2954 2580 3008 πάντοθεν
2619 2957 2987 3027 περισχεθεὶς,
3037 2958 3341 3028 πρεσϐείαν
3392 2959 3500 3012 δεῖν
3544 2957 3672 3026 ἔγνω
3718 2949 3822 3023 πρὸς

2316 3043 2542 3114 βασιλέα
2570 3043 2728 3111 αὖθις
2759 3048 2847 3101 τὸν
2874 3048 3095 3117 ἔγγονον
3126 3049 3398 3118 πέμπειν.
3438 3050 3638 3120 Πέμπει
3663 3046 3716 3114 δὴ
3742 3043 3813 3095 τὸν

2317 3136 2457 3188 κατά
2494 3138 2585 3190 τὸν
2615 3138 2765 3192 ’Δθω
2794 3140 2889 3192 τοῦ
2926 3139 3072 3209 ίεροῦ
3107 3141 3277 3208 ὅρους
3308 3142 3520 3212 πρῶτον
3539 3139 3621 3192 τδν
3656 3135 3822 3193 Ἰσαὰκ,

2316 3225 2410 3278 nati.
2440 3227 2614 3290 ἄλλως
2647 3230 2748 3299 μὲν
2784 3229 2916 3284 ὄντα
2952 3231 3194 3294 συνετὸν,
3247 3233 3346 3302 οὐχ
3395 3233 3586 3302 ἥκιστα
3617 3230 3667 3281 δὲ
3707 3228 3823 3280 ἀντιδ

2303 3317 2646 3386 ποιούμενον
2693 3322 2788 3372 καὶ
2837 3320 3062 3390 ἀρετῆς,
3090 3323 3325 3377 τοιαῦτα
3358 3324 3492 3391 πρὸς
3523 3319 3720 3391 βασιλέα
3757 3315 3822 3367 ibi

2316 3408 2538 3476 ἔγγονον
2589 3411 3030 3481 πρεσϐευόμενος
3085 3413 3154 3466 δι’
3209 3414 3382 3468 αὐτοῦ
3411 3432 3424 3445 ·
3455 3414 3514 3466 El
3545 3413 3634 3482 μὲν
3668 3410 3697 3479 li
3730 3409 3822 3460 κατ’

2318 3500 2490 3569 ἀρχὰς
2537 3501 2784 3571 ἀκίνητοι
2825 3503 2963 3575 πρὸς
3022 3505 3085 3557 τὸ
3118 3507 3296 3560 κακὸν
3341 3507 3392 3559 οί
3446 3504 3695 3575 ἄνθρωποι
3735 3497 3821 3565 ἐδτι

2321 3591 2681 3662 μιουργοῦντο
2729 3596 2879 3666 παρά
2910 3596 3067 3662 Θεοῦ,
3099 3597 3132 3668 ἢ
3163 3595 3360 3668 ῶσπερ
3391 3593 3457 3668 ἦν
3489 3597 3598 3650 δέον
3617 3589 3825 3654 αὐτεξού-

2321 3699 2429 3734 σιοι
2464 3685 2750 3752 γεγονότες
2792 3685 3016 3755 ἔμειναν
3055 3689 3112 3739 ὲν
3141 3689 3219 3758 τῷ
3255 3688 3468 3759 ἀγαθῷ,
3500 3687 3637 3741 οὐδὲν
3666 3685 3724 3737 ἂν
3743 3679 3825 3732 τῶν

2319 3775 2456 3843 μετὰ
2496 3775 2668 3828 ταῦτα
2707 3778 3144 3847 παραϐαθέντων
3175 3781 3481 3851 ἐτολμήθη.
3525 3776 3664 3831 Ἐπεὶ
3689 3774 3738 3827 n
3761 3771 3826 3824 δή

2317 3865 2416 3935 τὴν
2467 3868 2782 3937 παράϐασιν
2822 3869 3098 3934 εὐόλισθος
3140 3871 3283 3941 πρὸς
3337 3872 3398 3926 τὸ
3455 3873 3622 3941 χεῖρον
3665 3868 3695 3936 ἠ
3745 3859 3827 3915 τῶν

2317 3958 2625 4027 ἀνθρώπων
2661 3961 2958 4032 γεγένηται
3006 3962 3188 4031 φύσις,
3243 3966 3304 4031 ἐξ
3353 3965 3558 4018 ἐκείνου
3590 3961 3730 4030 μέχρι
3757 3953 3828 4006 καὶ

2318 4049 2411 4100 νῦν
2448 4051 2602 4103 πάντ’
2637 4052 2750 4105 ἀνω
2794 4054 2889 4105 καὶ
2918 4053 3067 4106 κάτω
3091 4059 3183 4106 καὶ
3229 4055 3329 4109 τοῦ
3361 4056 3418 4122 ἐξ
3447 4053 3611 4124 ἀρχῆς
3638 4051 3829 4103 avrun-

2321 4144 2481 4210 μένου
2516 4144 2726 4210 γίνεται
2757 4146 3172 4215 συνεργοῦντος,
3211 4148 3406 4202 ὁποῖον
3434 4149 3496 4218 δή
3545 4149 3594 4198 τί
3617 4143 3702 4196 νῦν
3727 4155 3831 4205 cui“

2317 4233 2517 4300 ϐέϐηκε
2549 4235 2642 4286 καὶ
2682 4236 2836 4304 ἡμῖν.
2884 4237 3015 4289 Δέον
3053 4238 3164 4309 γάρ
3199 4241 3303 4308 ἐμὲ
3349 4241 3447 4310 τὴν
3487 4237 3613 4308 πρὸς
3640 4232 3726 4304 ἐμέ
3760 4243 3830 4278 σου

2317 4321 2527 4374 εὔνοιαν
2561 4324 2657 4376 καὶ
2692 4325 2827 4394 πρὸς
2865 4326 3080 4396 πατέρα
3129 4330 3286 4382 παιδὶ
3328 4328 3646 4400 λπρέπουσιν
3672 4366 3684 4390 ,
3723 4314 3827 4373 αἰδῶ

2315 4430 2372 4465 τε
2419 4413 2514 4466 καὶ
2561 4414 2729 4485 τιμὴν
2784 4417 2969 4478 αὐτοῖς
3016 4417 3202 4488 ἔργοις
3240 4418 3636 4490 καταμαθόντα,
3657 4412 3763 4470 τοὺς
3789 4406 3833 4456 σὲ

2315 4506 2621 4560 διαϐάλλειν
2652 4509 3071 4579 ἐπιχειροῦντας
3108 4511 3185 4572 ὡς
3236 4512 3362 4566 κατ’
3398 4510 3531 4581 ἐμοῦ
3562 4497 3833 4563 συσκευαζό-

2317 4617 2477 4668 μενον
2501 4599 2705 4664 δόλους,
2743 4601 2818 4674 ὡς
2863 4601 3254 4672 ὲχθραίνοντας
3295 4602 3648 4662 ἀπωθεῖσθαι,
3676 4594 3770 4660 ἐγὼ
3791 4589 3833 4640 ἰὲ

2316 4691 2644 4761 ἀπατηθεὶς,
2662 4694 2782 4753 ταῖς
2817 4695 2915 4762 μὲν
2944 4693 3032 4746 διὰ
3051 4695 3160 4746 τῶν
3192 4695 3303 4748 σῶν
3333 4695 3510 4764 ἔργων
3539 4685 3834 4748 ἀποδείξεσιν

2313 4782 2373 4834 οὐ
2422 4784 2760 4852 προσέσχον,
2793 4785 2973 4848 λόγοις
3023 4785 3077 4837 δὲ
3117 4786 3524 4856 πεπλασμένοις
3569 4780 3705 4850 παρά
3748 4773 3832 4826 τῶν

637 4875 771 4930 tavi.
798 4875 918 4930 Jam
971 4891 1153 4930 rerum
1199 4875 1540 4946 experientia
1584 4877 1971 4941 temeritatem,
2005 4888 2064 4932 et
2118 4879 2212 4933 de-

2321 4875 2675 4942 συὶιοφαντῶν
2711 4875 2975 4942 πεισθεὶς,
3021 4876 3219 4948 ήγειρα
3249 4879 3490 4946 πόλεμον
3517 4873 3673 4941 οὔσης
3710 4865 3833 4936 “Pi:

637 4967 894 5022 mentium
916 4981 1092 5021 meam
1111 4982 1474 5036 cognoscens,
1499 4978 1702 5022 memet
1717 4969 1844 5037 jure
1863 4968 2208 5026 incuso.Tibi

640 5070 698 5111 ut
727 5059 869 5112 bene
895 5069 1129 5124 morato,
1161 5060 1376 5128 meique
1400 5071 1458 5112 ut
1499 5068 1662 5114 antea
1686 5060 1910 5129 cupido,
1935 5070 1992 5116 et
2014 5062 2210 5116 obser-

639 5152 811 5214 vanti,
845 5153 1070 5217 quinam
1106 5151 1173 5204 ab
1200 5151 1373 5205 armis
1401 5150 1471 5204 ad
1513 5151 1688 5204 otiutn
1721 5151 2033 5217 redeamus,
2062 5168 2209 5207 cura:

637 5245 764 5300 erit.
835 5243 1114 5299 llactenus
1172 5243 1381 5297 senior.
1417 5245 1488 5296 At
1535 5258 1703 5311 nepos
1768 5243 1824 5298 in
1877 5243 2028 5298 hunc
2094 5259 2214 5299 mo-

609 5336 762 5388 ~dum
791 5353 803 5388 :
835 5333 1056 5388 Gratias
1077 5333 1330 5402 ingentes
1386 5331 1498 5402 96
1542 5347 1641 5401 ago
1686 5347 1874 5401 regum
1912 5332 2026 5402 regi
2068 5331 2200 5397 Deo,

636 5428 783 5498 quod
822 5427 1069 5484 bonitate
1103 5441 1202 5480 sua
1234 5419 1400 5481 etiam
1455 5427 1508 5479 in
1545 5440 1630 5479 me
1663 5440 1817 5487 usus,
1859 5439 2038 5495 neque
2078 5423 2206 5479 sivit

635 5531 696 5575 ut
723 5521 843 5589 ipse
873 5519 1154 5590 quidpiam
1189 5529 1384 5574 contra
1420 5517 1704 5572 dominum
1757 5531 1940 5571 meum
2000 5526 2056 5570 et
2103 5515 2208 5569 im-

635 5625 944 5683 peratorem
996 5614 1085 5668 vel
1133 5613 1508 5683 cogitatione,
1541 5611 1626 5664 vel
1682 5610 1897 5664 actione
1945 5609 2208 5674 molirer;

637 5719 819 5759 neoue
855 5705 1261 5759 obtrectatores
1293 5702 1443 5758 meos
1492 5691 1598 5754 n'on
1631 5700 1852 5755 tandem
1906 5699 2210 5766 redarguit,

2317 4983 2434 5035 νης·
2469 4967 2586 5019 νυνὶ
2611 4965 2668 5019 at
2698 4967 2883 5028 αὐτοῖς
2908 4968 3089 5037 ἔργοις
3111 4970 3212 5037 τὴν
3235 4969 3492 5022 ἀϐουλίαν
3523 4958 3832 5032 καταμαθὼν.

2320 5060 2559 5130 ἐμαυτὸν
2595 5059 2694 5129 μὲν
2723 5057 2912 5124 ῶσπερ
2941 5061 3151 5113 δίκαιον
3187 5059 3618 5131 καταμέμφομαι
3642 5071 3654 5086 ·
3697 5049 3770 5103 σοὶ
3791 5044 3833 5094 δὲ

2320 5149 2447 5212 τούς
2498 5166 2558 5200 τε
2601 5149 2838 5219 τρόπους
2867 5149 3060 5219 ἀγαθῷ
3087 5150 3221 5216 δντι,
3250 5150 3348 5202 καὶ
3370 5150 3470 5219 τὴν
3507 5150 3582 5208 είς
3610 5143 3700 5212 ne
3727 5133 3834 5191 αέδὼ

2319 5239 2414 5292 καὶ
2464 5239 2680 5292 εῦνοιαν
2713 5240 2834 5306 ῐσην
2858 5237 3228 5308 διατηροῦντι⁹
3259 5240 3413 5299 ὅπως
3444 5239 3523 5296 εἰς
3556 5231 3759 5302 εἰρήνην
3784 5223 3834 5271 ἐκ

2321 5331 2564 5399 πολέμου
2602 5330 2764 5383 πάλιν
2789 5329 2856 5383 «ca:
2887 5331 3192 5400 πράγματα
3214 5331 3345 5401 ἡμῖν
3374 5327 3494 5399 ἥξει
3527 5323 3755 5396 μελήσει.
3789 5311 3836 5362 Ὀ

2322 5413 2423 5491 μὲν
2446 5420 2539 5474 οῦν
2570 5419 2790 5472 τοιαῦτα
2815 5416 2958 5475 εἷπε.
2991 5421 3252 5484 Βασιλεὺς
3303 5419 3361 5472 δὲ
3397 5422 3426 5473 ό
3451 5417 3585 5478 νέος.
3608 5411 3833 5480 Χάριταςν

2317 5508 2496 5577 εἶπεν,
2522 5511 2772 5582 ὁμολογῶ
2803 5513 3008 5577 πολλὰς
3047 5513 3125 5584 τῷ
3169 5512 3382 5585 βασιλεί
3427 5509 3535 5563 τῶν
3573 5495 3837 5585 paeonu-

2320 5621 2433 5656 των
2461 5581 2601 5673 θεῷ,
2629 5604 2712 5657 ὅτι
2736 5607 2804 5674 τῇ
2842 5605 3005 5659 αὑτοῦ
3038 5581 3370 5678 χρηέτότητι
3401 5599 3730 5673 χρησοὶμενος
3762 5581 3835 5678 ’(³)

2324 5695 2456 5766 περὶ
2489 5693 2615 5765 ἐμὲ,
2645 5693 2760 5749 οὔτ’
2789 5696 2948 5750 αὐτόν
2991 5715 3043 5750 τι
3079 5695 3218 5750 κατά
3250 5693 3344 5748 τοῦ
3381 5690 3516 5762 ἐμοῦ
3555 5683 3732 5756 κυρίου
3761 5669 3835 5728 καὶ
