3952 6204
239 327 335 390 229

1400 290 1941 389 Ηιετοιιιλιιωι
1987 325 2220 388 LIBER
2266 327 2312 388 ι.

3365 331 3498 397 Ἀθ·

241 432 502 502 βασιλέως
548 434 582 505 ἦ
637 431 1030 503 βουλεύσασθαι
1077 432 1461 505 συνεχώρησεν
1489 434 1524 505 ἢ
1554 435 1764 504 πρᾶξαι

1913 433 2137 502 quando
2167 432 2347 501 ipsum
2380 431 2770 503 imperatorem
2796 435 2930 490 mihi
2963 445 3158 492 testem
3202 439 3481 506 apposuit-

239 525 353 578 οὕτε
382 524 516 587 τοὺς
549 527 891 592 συκοφάντας
920 525 1283 592 άνελὲγκτους
1318 526 1448 594 ἄχρι
1481 526 1672 588 τέλους
1695 526 1811 580 δια-

240 617 429 670 τελεῖν·
462 615 581 669 ἀλλ’
603 616 766 669 αὐτὸν
793 615 1017 684 βασιλέα
1039 618 1296 686 μάρτυρα
1321 616 1470 684 ἔχειν
1503 617 1806 688 παρέσχεν,

239 707 306 767 ὡς
337 705 457 758 οὔτ’
492 706 653 766 αὐτὸς
701 706 894 767 ἁδικῶ,
931 705 1050 759 οὔθ’
1099 707 1149 759 oi
1200 707 1664 774 συκοφαντοῦντες
1694 709 1811 760 ἁδι-

240 797 357 856 κίας
384 796 638 847 ἐνέλιπον
667 795 928 862 οὐδεμίαν
956 796 1292 866 ὑπερϐολήν.
1324 797 1389 850 Ei
1413 797 1467 850 δὲ
1498 799 1528 850 ὁ
1553 797 1807 866 βασιλεὺς

238 885 394 946 αὐτὸς
422 885 534 936 ὑπὸ
559 885 979 954 διεφθαρμένων
1013 886 1324 955 ἀνθρώπων
1351 887 1657 956 ἀπατηθεὶς
1689 888 1804 956 είρ-

234 991 424 1042 γασται
467 974 506 1028 ά
531 975 606 1044 μὴ
635 975 779 1038 δέον,
823 976 941 1028 ἀλλ’
973 976 1134 1044 ἡμεῖς
1166 994 1230 1043 γε
1262 979 1459 1044 γονέας
1505 994 1562 1030 τε
1606 979 1806 1042 εἰδότες

231 1067 405 1136 τιμᾷν,
441 1066 541 1118 καὶ
569 1067 637 1118 άν
661 1083 717 1118 τι
745 1068 837 1120 καὶ
866 1067 1185 1136 ἁδικώμεθα
1230 1067 1541 1138 ἀνέχεσθαι,
1575 1069 1700 1122 ὅσον
1735 1070 1802 1124 ἂν

233 1161 504 1230 παράσχοι
553 1161 685 1224 Θεὸς
739 1161 1168 1230 βουλευσάμενοι
1218 1163 1493 1232 δράσομεν
1523 1163 1652 1233 περὶ
1697 1162 1805 1216 τῶν

237 1245 635 1320 προκειμένων.
679 1253 742 1306 ὐ
796 1254 894 1321 μὲν
925 1249 1020 1305 οὖν
1068 1254 1324 1322 πρίσὸις,
1359 1254 1621 1326 τοιαύτης
1670 1256 1808 1307 ἁπο-

234 1345 463 1413 κρίσεως
488 1347 641 1414 παρὰ
668 1345 936 1413 βασιλέως
959 1344 1162 1414 τυχὼν,
1189 1346 1430 1416 ἀπῆλθεν
1456 1346 1537 1409 είς
1559 1347 1618 1400 τὸ
1642 1363 1806 1416 στρα-

230 1435 446 1487 τόπεδον
479 1435 557 1496 ὡς
600 1438 716 1488 ἐκεῖ
770 1437 1103 1504 περιμενῶν,
1167 1436 1330 1507 ἄχρις
1363 1437 1430 1490 ἂν
1483 1438 1512 1488 ὁ
1549 1437 1805 1506 βασιλεὺς

230 1525 664 1594 βουλευσάμενος
702 1527 1072 1597 ἀποκρίνηται
1119 1530 1251 1598 περὶ
1299 1528 1403 1594 τῆς
1451 1530 1703 1599 εἰρήνης.
1745 1531 1804 1583 '0

232 1616 480 1684 βασιλεὺς
513 1616 562 1668 δ’
591 1617 712 1684 ἅμα
750 1616 829 1685 τῷ
891 1618 1112 1687 μεγάλῳ
1166 1617 1510 1688 δομεστίκῳ,
1541 1621 1568 1671 ὃ
1592 1635 1644 1671 τι
1696 1619 1804 1691 χρὴ

230 1707 586 1760 ἐϐουλεύοντο
621 1710 886 1776 πράττειν
918 1710 1047 1777 περὶ
1083 1709 1193 1762 τῶν
1222 1712 1627 1779 προκειμένων,
1654 1711 1802 1774 ὅπως

1916 539 2019 578 nec
2051 540 2137 578 me
2169 524 2332 578 ullam
2369 525 2450 578 illi
2482 525 2753 596 irrogasse
2784 528 3067 598 injuriam,
3115 539 3170 583 et
3223 530 3483 584 erimina-

1916 623 2063 669 tores
2091 615 2158 668 ad
2191 629 2279 668 me
2313 614 2534 684 injuriis
2561 618 2903 672 onerandum
2937 618 3070 672 nihil
3101 619 3302 673 fecisse
3349 620 3483 674 reli-

1912 705 2029 774 qtti.
2053 703 2120 758 Et
2151 706 2404 775 quamvis
2424 705 2528 778 ille
2555 722 2586 761 a
2609 708 2842 776 perditis
2877 709 3196 762 hominibus
3221 710 3488 778 deceptus

1913 794 1984 848 ab
2011 793 2190 848 otiicio
2223 776 2500 861 discessit,
2531 807 2710 850 tamen
2744 813 2865 862 nos,
2901 800 2992 868 qui
3030 811 3286 868 parentes
3313 801 3487 854 Ιιοιιου

1865 930 1876 947 ,ι
1911 900 2056 949 rare,
2111 895 2168 942 et
2219 887 2350 941 licet
2411 888 2480 942 ab
2537 887 2605 942 iis
2654 888 2823 942 etiam
2863 890 3082 960 indigne
3130 891 3432 945 habeantur
3462 923 3487 956 ν

1913 974 2151 1032 suﬂ‘erre
2180 991 2246 1030 ae
2282 978 2497 1045 perpeti
2526 976 2799 1044 novimus,
2829 995 2942 1033 rem
2973 981 3399 1050 perpendemns,
3423 989 3483 1035 el
3521 1015 3528 1032 .

1909 1073 2174 1132 quantum
2210 1066 2353 1120 Deus
2373 1067 2733 1131 concesserit,
2757 1068 3045 1124 faciemus.
3069 1069 3305 1142 Legatus
3357 1074 3482 1126 ade-

1907 1165 2004 1226 pto
2025 1156 2132 1212 hoc
2162 1173 2426 1227 responso
2458 1159 2512 1213 in
2537 1169 2712 1215 castra
2751 1161 2909 1227 abiit,
2938 1171 3355 1232 exspectaturus
3381 1164 3480 1226 ibi,

1908 1247 2041 1302 dum
2086 1257 2211 1316 post
2243 1249 2704 1303 consultationem
2735 1253 2867 1305 certi
2923 1252 3129 1322 aliquid
3179 1254 3478 1322 acciperet.

1915 1337 2221 1407 Imperator
2253 1353 2376 1392 cum
2405 1353 2602 1407 magno
2639 1339 2966 1405 domestico,
3003 1342 3131 1410 quid
3169 1343 3223 1396 in
3249 1358 3306 1397 re
3341 1359 3480 1413 prte-

1907 1429 2048 1483 senti
2073 1444 2235 1498 agere
2258 1429 2541 1484 conveniat
2591 1433 2871 1500 exquirit,
2905 1443 2960 1486 et
2984 1435 3298 1489 considerat
3343 1452 3482 1504 qua-

1906 1534 2034 1575 nam
2077 1521 2291 1575 ratione
2329 1521 2602 1590 ejusmodi
2634 1537 2738 1591 pax
2760 1524 3273 1596 constituatur,qua
3303 1527 3478 1596 impe-

1907 1610 2185 1666 ratoribus
2210 1611 2278 1665 de
2305 1611 2482 1666 altero
2503 1611 2648 1681 apud
2689 1613 2924 1666 alterum
2958 1614 3308 1681 detrahendi,
3356 1618 3476 1672 ιρι.

1905 1701 2130 1771 tumque
2172 1718 2297 1758 cum
2347 1705 2590 1773 pernicie
2623 1705 2940 1775 reipublicae
2975 1709 3356 1763 commovendi
3385 1725 3474 1782 sr-

229 1801 258 1868 ή
283 1801 483 1869 εἰρήνη
533 1769 748 1867 γένοιτο
775 1769 1022 1870 τοιαύτη,
1054 1769 1385 1864 σκοποῦντες
1413 1769 1488 1865 ως
1527 1769 1791 1872 μηδεμίαν

1905 1769 2197 1860 οουιιιιιιιὶε
2251 1769 2433 1848 omnis
2493 1769 2724 1849 occasio-
2780 1797 3133 1864 praecidatur.
3170 1769 3472 1863 Statutum,

235 1891 502 1979 πρόφασιν
549 1888 698 1958 ἔχειν
757 1890 885 1952 τοὺς
943 1890 1288 1958 συκοφάντας
1348 1891 1487 1960 πρὸς
1533 1891 1799 1962 ἀλλήλους

232 1981 537 2034 διαϐάλλειν
596 1982 727 2043 τοὺς
793 1981 1070 2050 βασιλέας.
1111 1981 1207 2034 καὶ
1245 1981 1484 2050 πόλεμον
1519 1983 1613 2035 ἐπὶ
1655 1982 1798 2054 λύμῃ

235 2072 335 2124 τῶν
360 2073 565 2124 κοινῶν
601 2074 947 2142 πραγμάτων
986 2073 1182 2126 κινεῖν.
1244 2072 1449 2126 Ἐδόκει
1497 2072 1562 2144 δὴ
1589 2072 1798 2126 λυσιτε-

235 2164 337 2216 λεῖν
367 2164 558 2227 αὐτοῖς
603 2181 660 2216 τε
709 2163 846 2232 ὁμοῦ
875 2166 972 2218 καὶ
1009 2163 1110 2234 τὴν
1148 2165 1411 2234 στρατιὰν
1467 2166 1562 2216 καὶ
1613 2165 1799 2226 πόλεις

238 2257 407 2320 πάσας
448 2257 548 2309 καὶ
587 2256 685 2326 τὴν
718 2255 984 2325 διοίκησιν
1039 2256 1150 2308 τῶν
1186 2255 1389 2320 κοινῶν
1453 2246 1796 2324 πραγμάτων

235 2350 302 2417 τῷ
333 2350 552 2416 βασιλεῖ
595 2347 1020 2417 ἐπιτρέψαντας,
1075 2347 1276 2410 αὐτοὺς
1311 2347 1404 2400 ὑπ’
1433 2349 1644 2400 ἐκεῖνον
1667 2349 1799 2416 άγε-

238 2436 372 2498 σθαι,
408 2436 507 2488 καὶ
554 2438 634 2497 εἰς
683 2436 958 2504 ὑπηκόους
1015 2436 1194 2489 τελεῖν
1234 2436 1303 2488 τά
1341 2437 1797 2505 προσταττόμενα

236 2523 660 2592 ἐκπληροῦντας.
697 2523 856 2576 Οὕτω
888 2526 996 2592 γὰρ
1028 2524 1156 2585 τοὺς
1187 2523 1580 2586 διασάλλοντας
1611 2525 1796 2597 χώραν

236 2615 475 2683 οὐδεμίαν
517 2616 586 2668 ἂν
613 2617 782 2684 σχεῖν,
810 2615 1030 2668 πάντων
1063 2615 1201 2683 ὁμοῦ
1235 2616 1537 2686 χρημάτων
1561 2617 1666 2671 ὑπὸ
1697 2619 1794 2671 τοῦ

237 2695 606 2774 πρεσϐυτέρου
637 2706 906 2775 βασιλέως
943 2705 1353 2774 διοικουμένων.
1392 2708 1485 2769 Εἰς
1510 2706 1610 2778 τὴν
1639 2709 1794 2762 ὑστε-

237 2799 384 2864 ραίαν
417 2798 474 2850 δὲ
512 2799 544 2850 ὀ
577 2799 697 2859 νέος
731 2797 990 2866 βασιλεὺς
1034 2797 1160 2860 τοὺς
1189 2801 1248 2852 ὲν
1278 2797 1428 2852 τέλει
1459 2800 1671 2863 πάντας
1697 2803 1793 2855 καὶ

235 2890 500 2958 ἡγεμόνας
546 2890 642 2942 καὶ
679 2891 804 2950 τοὺς
843 2888 1076 2956 λογάδας
1118 2891 1220 2958 τῆς
1268 2893 1534 2960 στρατιᾶς
1569 2895 1654 2954 εἰς
1702 2895 1794 2946 tx-

234 2981 448 3050 κληοίαν
512 2981 861 3048 συναγαγὼν,
918 2977 1039 3034 εἷπε
1093 2984 1296 3038 τοιάδε·
1344 2984 1426 3036 Τά
1477 2986 1540 3038 ἐκ
1565 2985 1660 3038 τοῦ
1698 3004 1793 3040 πο-

235 3072 390 3140 λέμου
440 3073 692 3141 φυόμενα
723 3073 872 3126 κακά
917 3075 1013 3126 καὶ
1066 3073 1302 3142 μάλιστα
1347 3076 1444 3130 τοῦ
1501 3078 1784 3147 ἐμφυλίου,

235 3163 322 3213 καὶ
371 3161 707 3232 πολλαχόθεν
762 3163 861 3232 μὲν
911 3163 1156 3218 ἄλλοθεν.
1193 3165 1371 3232 ἔξεστι
1430 3157 1787 3239 καταμαθεῖν·

238 3251 461 3318 μάλιστα
518 3253 565 3306 δ’
598 3255 664 3308 άν
699 3272 782 3317 τις
822 3257 962 3309 αὐτὰ
1006 3257 1216 3312 κατίδοι
1267 3261 1361 3312 καὶ
1395 3261 1501 3314 ἀπὸ
1550 3262 1643 3316 τοῦ
1673 3263 1792 3317 νυνὶ

236 3342 358 3409 ἐμοῦ
391 3359 448 3395 τε
493 3346 698 3412 μεταξὺ
750 3348 844 3400 καὶ
875 3347 1140 3415 βασιλέως
1177 3351 1492 3420 κινηθέντος
1528 3355 1786 3422 πολέμου.

243 3430 326 3482 Ἔν
377 3435 487 3500 γὰρ
538 3433 708 3504 ὀλίγῳ
756 3437 934 3506 χρόνῳ
971 3436 1227 3494 τοσοῦτον
1275 3441 1432 3493 αὐτοὶ
1461 3443 1550 3510 ὑφ’
1581 3444 1790 3498 ἑαυτῶν

228 3521 619 3592 διεφθείραμεν
670 3525 772 3592 τῆς
821 3526 1106 3596 δυνάμεως
1133 3532 1290 3596 ἡμῶν
1313 3570 1327 3594 ,
1359 3533 1482 3584 ὅσον
1516 3534 1626 3588 οὐδ’
1652 3536 1788 3604 όμοῦ

228 3615 423 3678 πάντες
476 3617 527 3669 οι
580 3618 863 3684 πρόσοικοι
919 3620 1052 3686 ἡμῖν
1102 3619 1374 3689 βάρϐαροι
1433 3623 1790 3692 ἐπιστρατεύ-

224 3722 409 3770 σαντες
449 3707 732 3777 ὁμονοοῦσι
783 3710 1226 3776 κατεργάσασθαι
1257 3713 1482 3783 ἴσχυσαν
1507 3716 1592 3771 ἄν.
1630 3719 1692 3771 Ὃ
1723 3718 1789 3788 δὴ

222 3799 315 3851 καὶ
341 3800 497 3852 αὐτοὶ
526 3800 709 3860 καλῶς
736 3801 1040 3862 συνιδόντες
1065 3802 1124 3854 ὲν
1149 3803 1349 3873 ἀρχαῖς
1375 3807 1608 3873 μάλιστα
1635 3810 1786 3863 τοῦδε

220 3887 310 3940 τοῦ
347 3889 617 3958 πολέμου,
658 3891 958 3958 πρεσϐείαν
1002 3891 1424 3956 ἀποστείλαντες
1459 3899 1593 3966 πρὸς
1635 3898 1789 3968 βασι·

215 3981 311 4033 λέα
340 3983 470 4050 περὶ
497 3982 742 4051 είρήνης,
769 3980 975 4033 ἐδεῖσθε
1032 3983 1213 4050 κάμοῦ
1257 3986 1580 4050 συνειδότος.
1627 3990 1713 4042 Ὡς
1743 3989 1787 4040 δ’

211 4072 407 4140 iratist:
434 4075 595 4140 ὑμεῖς
651 4072 823 4136 οὐδὲν,
875 4071 1294 4142 έπρεσϐευόμην
1333 4077 1424 4128 καὶ
1458 4079 1621 4141 αὐτὸς
1655 4081 1786 4148 περὶ

212 4164 327 4214 τῶν
366 4165 519 4227 ἰσων,
561 4163 732 4216 πολλὰ
783 4164 1034 4232 δεόμενος
1093 4165 1359 4232 βασιλέως
1411 4168 1486 4238 μὴ
1523 4173 1785 4240 περιϊδεῖν

212 4253 364 4320 ἡμᾶς
419 4255 622 4316 αὐτοὺς
683 4251 775 4319 ὑφ’
821 4253 1032 4305 ἑαυτῶν
1059 4256 1124 4305 Δεν
1153 4255 1230 4323 τῷ
1261 4257 1394 4324 πρὸς
1422 4258 1547 4319 τοὺς
1585 4259 1788 4328 ὁμοφύ-

215 4344 341 4406 λους
367 4345 591 4414 πολέμῳ
618 4344 1042 4414 διαφθαρέντας,
1092 4348 1186 4397 καὶ
1218 4346 1316 4415 τὴν
1339 4349 1566 4416 εἰρήνην
1590 4350 1780 4420 ὥσπερ

1901 1880 2237 1947 conducere,
2269 1884 2314 1936 si
2344 1883 2507 1937 simul
2536 1884 2771 1953 seipsos,
2802 1885 3126 1951 exercitum,
3156 1887 3322 1943 urbes
3351 1887 3477 1942 uni-
3567 1900 3580 1909 '

1901 1991 2112 2039 versas.
2148 1978 2316 2032 totius
2365 1979 2582 2047 imperii
2632 1979 3007 2050 gubernacula
3043 1983 3163 2036 seni
3213 1985 3472 2051 commit-

1901 2075 2038 2132 tant,
2074 2083 2104 2121 a
2138 2083 2248 2136 quo
2279 2084 2376 2138 pro
2409 2069 2670 2139 subjectis
2715 2079 2994 2140 regantur,
3024 2080 3080 2126 et
3124 2074 3285 2144 cujus
3316 2075 3472 2145 jussa

1898 2156 2170 2211 factitent.
2205 2158 2318 2222 Sir,
2357 2158 2450 2212 illo
2493 2159 2610 2213 solo
2645 2176 2828 2214 rerum
2881 2161 3127 2224 domino,
3184 2165 3471 2219 materiam

1899 2248 2239 2302 obtrectandi
2266 2249 2473 2302 nullam
2509 2250 2646 2303 lore.
2675 2250 2770 2304 Die
2805 2260 3026 2320 postero
3053 2252 3356 2322 imperator
3377 2271 3472 2310 co-

1899 2341 2037 2394 actis
2069 2340 2123 2394 in
2158 2341 2481 2394 concionem
2530 2341 2891 2410 optimatibus
2937 2358 3003 2398 ac
3057 2345 3292 2401 ducibus
3345 2349 3468 2401 uni-

1900 2429 2092 2489 versis,
2121 2443 2245 2481 cum
2280 2429 2414 2482 ﬂore
2445 2429 2742 2494 exercitus,
2780 2431 2883 2485 hoc
2909 2434 3144 2488 maxime
3171 2435 3337 2492 modo
3361 2438 3472 2492 dis-

1897 2520 2102 2573 seruit:
2128 2519 2260 2584 Quaa
2292 2520 2641 2577 incommoda
2669 2522 2834 2590 bello,
2871 2540 2936 2579 ac
2967 2527 3268 2596 praesertim
3294 2529 3470 2592 civili,

1901 2610 2289 2680 importentur,
2331 2627 2457 2666 cum
2507 2611 2730 2671 aliunde
2785 2617 2971 2671 multis
2992 2619 3283 2690 exemplis,
3352 2629 3468 2674 tum

1896 2701 2196 2771 prwsertim
2223 2718 2290 2756 ex
2317 2718 2386 2757 eo
2411 2705 2720 2773 perspicere
2748 2706 2932 2773 datur,
2958 2708 3105 2778 quod
3136 2725 3285 2764 nunc
3320 2711 3470 2766 inter

1897 2807 1984 2848 me
2009 2809 2278 2862 avumque
2300 2811 2482 2850 meum
2502 2795 2712 2866 ﬂagrat.
2733 2797 2889 2853 Brevi
2910 2801 3058 2853 enim
3085 2811 3328 2869 tempore
3346 2813 3470 2858 tan-

1899 2892 2013 2937 turn
2035 2884 2136 2952 ipsi
2163 2885 2462 2953 potentiam
2483 2897 2723 2942 nostram
2745 2891 3472 2962 attrivimus,quantutnnec

1895 2988 2089 3028 omnes
2109 2975 2270 3028 simul
2303 2976 2619 3031 circumfusi
2651 2977 2884 3042 barbari,
2905 2979 3066 3034 nobis
3099 2982 3468 3038 concord.bus

1817 3090 1865 3153 ο
1898 3073 2141 3120 atterere
2184 3077 2239 3122 et
2291 3069 2614 3124 imminuere
2644 3071 2966 3138 potuissent.
2999 3072 3156 3138 Quod
3208 3088 3332 3128 cum
3371 3091 3471 3130 vos

1896 3154 2040 3208 haud
2069 3153 2304 3224 fugeret,
2336 3156 2566 3210 exordio
2606 3157 2788 3210 statim
2823 3157 2950 3212 belli
2989 3158 3156 3229 hujus
3185 3160 3463 3228 legatione

1901 3246 1969 3300 ad
1999 3246 2408 3315 imperatorem,
2439 3264 2524 3303 mc
2558 3265 2664 3302 non
2694 3249 2869 3303 inscio
2900 3252 3086 3316 missa,
3110 3268 3295 3322 pacem
3325 3253 3468 3322 peti-

1891 3337 2070 3391 vistis.
2109 3337 2244 3403 Quia
2292 3354 2385 3391 vos
2417 3339 2551 3392 nihil
2587 3341 2982 3409 impetrabatis,
3013 3358 3115 3412 ego
3137 3344 3461 3412 legationem

1894 3427 2108 3491 iterari,
2130 3429 2372 3496 impense
2399 3446 2558 3483 avum
2585 3447 2769 3494 orans,
2796 3448 2862 3486 ne
2885 3449 2990 3505 nos
3017 3435 3262 3504 ejusdem
3284 3437 3466 3506 gentis

1895 3522 2143 3575 homines
2184 3521 2392 3576 mutuis
2434 3525 2602 3576 armis
2645 3524 2812 3577 deleri
2847 3537 3152 3594 pateretur,
3185 3538 3240 3580 et
3268 3544 3461 3596 pacem

1892 3626 1992 3679 pro
2027 3627 2256 3665 munere
2291 3629 2506 3666 summo
2528 3629 2851 3682 exposcens.
2887 3614 3025 3667 Tum
3058 3616 3341 3684 igiturnos
3370 3633 3462 3670 ro-

1892 3711 2080 3770 gantes
2103 3703 2192 3756 ille
2221 3705 2412 3758 audire
2442 3707 2619 3758 noluit
2653 3723 2665 3757 :
2723 3722 2890 3770 nunc,
2933 3707 3122 3760 divino
3167 3717 3324 3774 nutu,
3355 3709 3455 3778 qui

1891 3809 2080 3866 pacein
2103 3805 2215 3849 tum
2237 3795 2612 3862 repudiabant,
2631 3797 2878 3850 eamdem
2909 3817 2939 3852 :t
2966 3799 3126 3854 nobis
3165 3801 3461 3868 impetrare

1890 3898 2160 3955 satagunt.
2188 3887 2368 3953 Quare
2423 3887 2666 3956 primum
2717 3903 2814 3956 par
2847 3904 2969 3943 esse
3017 3890 3186 3954 duco,
3235 3907 3337 3946 nos
3386 3893 3456 3946 de

1891 3965 2046 4032 tanto.
2067 3978 2336 4033 beneﬂcio
2359 3986 2542 4048 grates
2566 3979 2675 4033 Deo
2707 3980 3039 4055 persolvere,
3067 3981 3158 4048 qui
3189 3981 3460 4036 hactenus

1891 4085 2108 4138 semper
2146 4069 2385 4124 inimicis
2434 4085 2536 4123 nos
2570 4070 2884 4139 superiores
2921 4069 3180 4126 reddidit.
3212 4069 3320 4141 97
3351 4073 3458 4126 De-

1889 4160 2015 4213 inde
2032 4161 2195 4232 etiam
2227 4175 2335 4212 non
2358 4159 2557 4212 illVilOS
2591 4175 2776 4228 pacein
2830 4160 3140 4224 admittere,
3173 4177 3274 4216 nec
3327 4179 3454 4232 pro-

1888 4261 2012 4321 pter
2043 4231 2150 4306 hoc
2193 4251 2381 4305 nescio
2440 4251 2569 4320 quid
2611 4252 2882 4308 felicitatis
2925 4252 2982 4308 in
3040 4231 3348 4323 superbiam
3396 4266 3456 4311 et

1889 4343 2277 4396 conﬁdentiam
2336 4343 2537 4407 delabi,
2579 4344 2674 4395 sed
2716 4344 3057 4407 existimare,
3116 4361 3262 4400 nunc
3315 4347 3451 4400 illud

215 4449 270 4485 τι
317 4436 574 4504 μέγιστον
625 4437 737 4487 τῶν
789 4436 1250 4504 εὐεργετημάτων
1299 4437 1482 4508 ᾔτουν.
1521 4439 1653 4493 Τότε
1687 4419 1784 4510 μὲν

1895 4445 2008 4484 esse
2045 4439 2276 4500 tempus,
2311 4447 2420 4500 quo
2447 4433 2889 4486 consultantibus
2923 4433 3080 4486 nobis
3111 4450 3213 4503 pax
3261 4451 3456 4490 neces-

216 4524 307 4578 οὖν
359 4527 516 4594 ἡμῶν
563 4526 835 4592 δεομένων
885 4528 1095 4588 ἐκεῖνος
1153 4527 1216 4578 οὐ
1259 4529 1624 4596 προσεδέξατο
1657 4538 1781 4593 τοὺς

221 4622 348 4686 περὶ
399 4618 499 4680 τῆς
563 4619 791 4686 εἰρήνης
838 4618 1030 4684 λόγους
1054 4635 1068 4647 ’
1119 4621 1236 4673 νυνὶ
1263 4621 1318 4672 δὲ
1357 4623 1436 4682 είς
1461 4622 1619 4674 τοῦτο
1651 4624 1782 4686 Θεὸς

223 4707 544 4775 περιέστησε
600 4707 671 4774 τὰ
717 4705 1041 4774 πράγματα,
1098 4704 1228 4757 ὥστ’
1265 4707 1465 4769 αὐτοὺς
1524 4711 1650 4770 τοὺς
1706 4712 1781 4778 μὴ

224 4797 680 4864 προσδεχομένους
729 4796 851 4848 τότε
879 4795 980 4862 τὴν
1014 4797 1258 4864 εἰρήνην,
1293 4797 1450 4865 ἥκειν
1479 4800 1606 4868 παρ’
1635 4801 1781 4869 ἡμᾶς

223 4883 500 4952 δεομένους
543 4884 811 4952 περὶτῶν
853 4882 1076 4951 ὁμοίων.
1113 4877 1186 4935 Ub
1247 4883 1311 4952 δὴ
1370 4883 1530 4936 ἕνεκα
1563 4888 1780 4956 πρῶτον

229 4977 322 5042 μὲν
351 4977 588 5045 ἡγοῦμαι
628 4975 929 5044 προσήκειν
963 4974 1110 5041 ἡμᾶς
1171 4973 1370 5037 πολλὰς
1417 4975 1511 5045 τῆς
1561 4978 1779 5049 εὐεργε-

227 5068 346 5128 σίας
396 5073 625 5136 χάριτας
681 5065 966 5132 ὁμολογεῖν
1013 5063 1131 5132 Θεῷ
1209 5066 1489 5135 κρείττους
1533 5069 1620 5120 ἀεὶ
1673 5070 1780 5122 τῶν

224 5158 689 5225 ἀντιτεταγμένων
714 5153 1155 5207 .ἁποδεικνύντι·
1191 5155 1387 5209 ἔπειτα
1427 5157 1483 5209 δὲ
1525 5159 1779 5228 ἀσμένως

227 5246 612 5316 προσδέχεσθαι
667 5247 761 5296 καὶ
812 5243 915 5314 τὴν
947 5246 1207 5314 εἰρήνην·
1255 5249 1347 5298 καὶ
1404 5249 1479 5317 μὴ
1533 5249 1621 5301 διὰ
1679 5256 1779 5320 τὴν

231 5337 424 5406 μικρὰν
472 5335 680 5406 ταύτην
728 5335 982 5404 εὐτυχίαν
1046 5333 1296 5397 αὐθάδεις
1350 5337 1638 5406 φαίνεσθαι
1684 5343 1778 5394 καὶ

227 5422 463 5492 θρασεῖς·
495 5424 614 5478 ἀλλ’
656 5425 866 5477 ἐκεῖνον
917 5419 1054 5476 εἶναι
1088 5423 1408 5491 νομίζοντας
1439 5426 1531 5478 τὸν
1561 5429 1776 5496 καιρὸν,

220 5512 375 5580 ἡνίκα
417 5513 763 5583 βουλομένοις
811 5514 944 5580 ἡμῖν
989 5513 1264 5579 ἀναγκαία
1291 5513 1464 5565 ἐδόκει
1504 5515 1775 5588 ἡείρήνη,

227 5602 358 5656 οὕτω
402 5602 564 5656 πάλιν
620 5602 715 5655 καὶ
762 5598 1112 5670 βουλεύεσθαι
1160 5603 1252 5652 καὶ
1279 5602 1613 5670 ψηφίζεσθαι
1651 5609 1777 5674 περὶ

233 5694 411 5764 αὐτῆς.
441 5693 596 5750 Οὕτω
618 5689 712 5748 τοῦ
735 5691 1000 5761 βασιλέως
1031 5692 1337 5762 εἰρηκότος,
1358 5695 1386 5746 ὁ
1419 5694 1592 5763 μέγας
1612 5696 1776 5767 δομέ-

1885 4521 2032 4573 εςιτίτι
2067 4522 2392 4588 apparebat;
2424 4521 2766 4591 proindcque
2801 4522 3055 4576 similiter
3080 4524 3137 4577 in
3166 4528 3454 4592 praesentia

1885 4609 1951 4662 de
1974 4625 2037 4662 ea
2078 4611 2385 4663 del.berare
2413 4620 2578 4679 atque
2627 4623 2891 4664 statuere.
2930 4611 3051 4665 Mox
3085 4623 3145 4666 ut
3179 4616 3335 4669 tinem
3366 4619 3452 4672 lo—

1884 4699 2089 4766 quendi
2141 4701 2271 4754 fecit
2325 4701 2649 4769 imperator,
2703 4719 2930 4772 magnus
2973 4704 3308 4760 domesticus
3365 4710 3454 4764 his

1886 4787 2070 4841 verbis
2096 4798 2319 4842 secutus
2347 4799 2428 4843 est
2455 4806 2468 4841 :
2504 4789 2642 4855 Quid
2676 4791 2911 4849 oﬂicium
2947 4809 2976 4846 a
3017 4794 3172 4848 nobis
3201 4798 3447 4864 postula-

1884 4888 1989 4942 ret,
2016 4880 2312 4949 imperator
2343 4879 2580 4951 perfecte
2613 4883 2799 4936 docuit
2828 4900 2843 4939 :
2879 4900 2978 4938 nec
3004 4896 3086 4938 est
3112 4887 3259 4956 quod
3296 4892 3450 4957 quis-

1885 4983 2046 5036 quam
2079 4969 2278 5022 addere
2302 4969 2462 5024 dictis
2516 4971 2705 5038 possit.
2763 4971 2894 5024 Nam
2933 4973 3098 5026 rebus
3159 4976 3443 5043 prosperis

1883 5076 1990 5113 non
2020 5059 2202 5114 eﬂ'erri
2262 5070 2423 5129 atque
2456 5061 2656 5125 inﬂari,
2709 5062 3079 5116 modes‘toruin
3106 5079 3168 5116 ac
3215 5064 3441 5118 fortium

1882 5152 2163 5204 virorum:
2198 5160 2251 5204 et
2301 5161 2554 5220 parentes
2587 5154 2840 5216 revereri,
2890 5169 2951 5206 ac
2993 5156 3280 5218 li0norare,
3326 5158 3445 5224 jus-

1881 5258 2004 5296 sum
2045 5242 2250 5311 pariter
2296 5259 2361 5297 ac
2417 5245 2786 5298 necessarium
2821 5261 2943 5299 esse
2991 5247 3250 5300 ostendit.
3299 5244 3440 5303 Prae-

1882 5339 2029 5386 terea
2055 5331 2300 5402 ejusdem
2335 5333 2516 5402 gentis
2563 5333 2823 5387 societate
2857 5334 3019 5388 nobis
3057 5336 3436 5393 devinctorum

1880 5439 2066 5478 curam
2099 5424 2416 5493 gerendam,
2453 5437 2755 5492 eorumque
2787 5424 3018 5477 salutem
3047 5425 3100 5478 in
3133 5426 3323 5495 primis
3352 5429 3436 5483 di-

1882 5515 2176 5583 ligendum,
2223 5522 2280 5566 ut
2313 5529 2379 5565 ea
2411 5529 2520 5566 non
2555 5515 2731 5567 solum
2766 5521 2988 5582 propter
3033 5515 3436 5575 mmulationent

1881 5623 1989 5662 non
2022 5614 2426 5667 contemnatur,
2471 5605 2564 5658 sed
2585 5605 2703 5674 ejus
2724 5605 2939 5660 tuenda:
2960 5621 3145 5673 causa,
3165 5608 3212 5662 si
3238 5609 3314 5665 ita
3341 5628 3438 5668 ne-

1881 5711 2035 5752 cesse
2066 5697 2156 5763 sit,
2187 5697 2350 5750 etiam
2380 5694 2719 5766 de-propriis
2753 5695 2960 5765 aliquid
3020 5698 3258 5756 libenter
3275 5706 3438 5760 amit-
