3952 6204
598 225 660 288 31
861 243 864 247 ’
1277 261 1280 264 ί
1724 227 2048 290 ΙΟΑΝΝΙΞ
2086 230 2109 290 ί

2210 231 2611 293 ίΤΑΟΗΖΕΝΙ

3650 245 3738 306 2'32

559 349 728 404 tatur,
755 337 918 408 idque
945 337 1215 393 bonorum
1245 353 1310 394 ac
1339 337 1696 409 prudentium
1732 353 1938 392 munus
1966 339 2096 392 vide

2233 357 2417 402 στικος
2453 341 2673 411 ἐφεξῆς,
2701 342 2866 396 Οὐδὲν
2904 341 3152 396 ἐνέλιπεν
3176 345 3204 396 ὁ
3233 343 3504 412 βασιλεὺς,
3532 348 3644 420 ἔφη.
3664 356 3740 404 τοῦ

557 432 626 486 ri.
656 431 868 497 Quibus
894 432 1039 485 enim
1081 433 1444 486 incommodis
1477 433 1754 502 quispiam
1789 433 2109 486 necessario:

2232 431 2308 502 μὴ
2328 432 2538 496 διδάξαι
2571 434 2684 486 τῶν
2710 435 2937 488 δεόντων
2965 436 3111 504 ἡμᾶς
3135 434 3266 488 ὥσθ’
3289 437 3370 489 ἒτε
3381 439 3465 508 ρόν
3485 457 3597 493 τινα
3622 442 3742 510 ἔχειν

555 537 684 575 suos
713 530 771 576 et
798 522 1160 592 homopbylos
1187 523 1489 577 conflictari
1517 525 1739 592 patitur,
1771 521 1966 576 iisdem
2012 523 2109 590 ipsi

2226 524 2340 584 τοῖς
2393 525 2706 596 εἰρημένοις
2762 527 3100 596 προσθεῖναι.
3173 527 3244 580 Τό
3303 545 3362 596 τε
3412 530 3514 598 γὰρ
3559 532 3612 582 ὲν
3646 535 3744 597 ταῖς

558 616 777 668 nescius
805 613 1193 668 conﬂictatur:
1237 627 1292 668 et
1350 615 1524 668 solum
1575 615 1723 668 cives
1752 627 1880 666 suos
1905 612 2124 677 vicisse,

2227 615 2504 683 εὐτυχίαις
2552 617 2627 684 μὴ
2679 616 2989 685 φυσῆσθαι,
3040 619 3332 687 σωφρόνων
3374 621 3466 672 καὶ
3515 623 3745 692 ἀνδρείων

558 722 663 759 non
690 707 909 770 vicisse,
939 705 1032 759 sed
1069 707 1382 774 turpissime
1411 705 1617 758 victum
1641 719 1762 758 esse
1787 704 2109 757 arbitremut

2210 704 2511 769 ’ἀπέδειξεν
2557 705 2619 759 ὃν
2665 706 2911 775 ἀνδρῶν·
2963 709 3056 781 καὶ
3113 709 3344 778 τὸατούς
3389 715 3746 781 γεγεννηκότας

556 798 706 851 licet.
735 797 910 864 Caput
933 811 996 850 ac
1034 811 1244 850 summa
1277 796 1471 848 borum
1503 803 1606 859 est,
1637 797 1806 850 Deum
1840 797 2125 850 universo-

562 904 683 941 rum
753 887 1146 956 inspectorem,
1199 887 1326 954 quia
1385 902 1487 941 nos
1533 887 1715 940 oblata
1759 887 2122 956 prosperitate

555 979 744 1047 probe.
782 988 969 1046 atque,
993 988 1047 1029 nt
1104 977 1383 1040 convenit,
1423 993 1487 1032 ac
1535 979 1656 1036 sine
1687 977 1828 1032 fastu
1877 977 1980 1043 uti,
2019 992 2122 1032 nec

552 1067 679 1120 inde
709 1082 882 1121 saevos
909 1078 964 1121 et
1001 1067 1270 1122 immanes
1297 1068 1536 1121 evasisse
1585 1067 1758 1134 videt,
1789 1069 1984 1123 multis
2018 1067 2123 1122 bu-

550 1158 858 1227 juscemodi
920 1173 985 1213 ac
1017 1159 1318 1229 majoribus
1342 1159 1506 1213 etiam
1534 1158 1822 1214 beneficiis
1863 1173 2124 1228 prosecu-

553 1261 760 1303 turum.
794 1250 850 1303 Si
884 1250 1052 1319 igitur
1070 1251 1215 1320 justa
1243 1258 1298 1303 et
1326 1249 1658 1313 necessaria,
1691 1249 1735 1304 si
1780 1264 1905 1303 cum
1944 1250 2121 1304 salute

549 1350 602 1395 et
635 1341 807 1410 gloria
843 1349 1024 1394 vestra
1057 1340 1371 1395 consociata
1407 1351 1536 1394 sunt
1565 1356 1688 1410 quae
1717 1343 2118 1407 consuluntur,

553 1429 659 1484 hoc
696 1444 864 1482 unum
897 1440 1169 1499 superest,
1196 1439 1256 1482 ut
1303 1444 1403 1482 nos
1454 1444 1673 1498 quoque
1719 1429 2119 1484 assentiamini.

551 1522 665 1592 Ego
709 1522 825 1591 ipse
857 1533 980 1591 qua!
1021 1522 1166 1576 dicta
1195 1530 1326 1576 sunt
1393 1521 1656 1590 approbo,
1689 1521 1944 1589 idemque
1998 1533 2121 1576 sen-

2226 796 2491 850 αἰδεῖσθαί
2514 814 2571 850 τε
2619 799 2716 851 καὶ
2743 799 2931 867 τιμᾷν,
2968 779 3062 851 καὶ
3093 799 3301 854 δίκαιον
3315 831 3326 837 --
3342 802 3453 870 ἅμα
3481 803 3568 855 καὶ
3595 779 3750 869 αναγ-

2225 890 2400 940 καῖον.
2455 889 2562 941 Καὶ
2617 888 2676 940 τὸ
2729 888 2836 941 τῶν
2891 890 3183 957 ὁμοφύλων
3230 891 3484 962 κήδεσθαι
3517 893 3605 946 καὶ
3641 896 3751 964 περὶ

2226 980 2480 1034 πλείστου
2513 981 2611 1050 τὴν
2642 981 2918 1052 σωτηρίαν
2940 983 3120 1035 αὐτῶν
3142 983 3436 1044 ποιεῖσθαι,
3463 987 3550 1037 καὶ
3587 985 3656 1056 μὴ
3678 987 3754 1040 διὰ

2225 1071 2565 1137 φιλονεικίαν
2587 1072 2968 1142 φθειρομένοις
3002 1077 3290 1146 περιτρᾷν,
3331 1074 3470 1140 ἀλλ’,
3490 1077 3536 1128 εί
3579 1076 3670 1138 δεῖ,
3710 1077 3754 1129 τὶ

2224 1160 2320 1213 καὶ
2369 1163 2481 1214 τῶν
2533 1162 2753 1215 οἰκείων
2819 1163 3104 1232 προΐεσθαι
3153 1165 3249 1217 τοῦ
3277 1163 3568 1228 ,σώζεσθαι
3613 1166 3754 1218 ἶνεκα

2222 1251 2428 1313 αὐτοῖς,
2460 1252 2520 1304 οὐ
2545 1251 2706 1321 μύνον
2737 1253 2980 1319 ἀγαθῶν,
3015 1256 3155 1308 ἀλλὰ
3191 1256 3280 1308 καὶ
3327 1254 3534 1306 συνέσει
3585 1272 3757 1322 κεχρηο

2225 1342 2403 1411 μένων
2436 1341 2739 1411 ἀνθρώπων
2767 1340 2929 1398 εἶναι.
2953 1341 3049 1408 Οἷς
3075 1348 3184 1415 γὰρ
3212 1348 3280 1398 ἄν
3301 1364 3383 1407 ,τις
3407 1347 3528 1406 τοὺς
3552 1346 3755 1404 οἰκείους

2222 1435 2314 1485 καὶ
2351 1433 2645 1502 ὁμοφύλοις
2695 1435 3079 1505 φθειρομένοις
3134 1435 3437 1506 περιορῴη,
3467 1438 3572 1497 τοῖς
3601 1436 3758 1496 αὐτοῖς

2219 1526 2628 1589 τούτοιςιαύτόν
2649 1529 2764 1580 ἐστι
2795 1528 3122 1597 φθείρεσθαι
3140 1528 3440 1594 ἀγνοοῦντα
3458 1543 3473 1558 ·
3495 1529 3582 1580 καὶ
3613 1526 3755 1596 μόνην

553 1613 628 1666 tio
661 1631 674 1666 :
712 1628 900 1682 pacem
927 1611 1303 1681 accipiendam
1340 1613 1662 1680 pronuntio,
1715 1620 1773 1665 et
1833 1626 1934 1680 pro
1998 1625 2109 1666 mea

2219 1618 2322 1687 τὴν
2377 1619 2518 1670 κατὰ
2560 1619 2670 1670 τῶν
2714 1617 3012 1686 ὁμοφύλων
3069 1619 3230 1688 νίκην
3260 1660 3274 1683 ,
3305 1608 3758 1691 ἧτταν⁶αίσχίστην

551 1715 704 1774 parte
735 1713 908 1758 ratam
937 1704 1135 1758 habeo.
1162 1703 1288 1757 llaec
1311 1703 1404 1757 illo
1433 1703 1722 1772 prolocqu
1755 1711 2109 1773 protostrator

2220 1709 2334 1761 ἀλλ’
2364 1709 2423 1760 οὐ
2451 1708 2602 1779 νίκην
2625 1708 2871 1776 νομίζειν
2901 1709 3032 1778 χρή.
3059 1687 3374 1778 Κεφάλαιον
3395 1711 3452 1762 δὲ
3475 1709 3714 1761 ἐπὶτοῦτο
3735 1726 3756 1770 ς

553 1796 792 1860 censuit,
827 1795 972 1865 quod
1006 1796 1311 1863 imperator
1334 1796 1401 1848 de
1431 1809 1564 1862 pace
1608 1794 1924 1863 accipienda
1950 1793 2116 1849 verba

550 1887 790 1950 fecisset,
812 1898 866 1941 et
899 1902 1131 1957 magnus
1161 1885 1499 1940 domesticus
1515 1885 1565 1939 ei
1598 1885 1932 1954 sullragatus
1951 1892 2114 1947 esset,

547 1989 697 2034 recte
758 1981 984 2043 factum,
1018 1987 1078 2033 et
1115 1979 1299 2033 caeteri
1345 1993 1558 2040 omnes,
1610 1978 1838 2045 ingratis
1867 1975 2116 2045 quidem,

546 2070 731 2125 statim
769 2078 953 2122 tamen
990 2083 1185 2121 manus
1214 2067 1509 2123 dederunt.
1547 2066 1684 2120 Pace
1719 2064 1964 2118 omnium
1993 2078 2119 2117 seu-

546 2163 730 2216 tentiis
761 2161 1000 2234 decreta,
1038 2174 1254 2214 rursum
1277 2157 1846 2227 quaesivitimperator
1867 2193 1882 2219 ,
1915 2153 2114 2224 ecquid

547 2269 736 2323 pacem
756 2251 1008 2320 componi
1030 2250 1190 2305 talem
1217 2256 1519 2318 oporteret,
1557 2263 1678 2316 quae
1704 2248 1858 2299 flrma
1885 2260 1948 2299 ac
1965 2256 2114 2299 certa

548 2357 768 2412 semper
795 2346 1066 2406 maneret,
1122 2347 1179 2394 et
1217 2337 1443 2407 posthac
1471 2336 1791 2406 suspicione
1819 2345 2113 2406 pra-textu-

548 2451 653 2505 que
674 2433 804 2489 belli
839 2440 1054 2488 careret
1083 2429 1437 2484 omnimodis.
1469 2428 1608 2480 Tum
1644 2441 1873 2494 magnus
1929 2426 2114 2479 dome-

501 2558 515 2565 -
548 2527 740 2593 Sticus,
763 2535 824 2580 ut
853 2525 946 2594 qui
977 2533 1136 2604 antea
1171 2537 1296 2576 cum
1327 2537 1394 2575 eo
1429 2529 1830 2575 commentatus
1851 2527 2019 2578 esset,
2047 2518 2112 2572 de

548 2634 746 2690 genere
779 2619 931 2688 pacis
957 2617 1083 2672 talia
1112 2614 1271 2684 dixit,
1303 2630 1334 2670 e
1357 2615 1560 2684 quibus
1588 2627 1696 2666 non
1733 2612 1801 2665 de
1841 2610 2110 2666 industria

544 2711 758 2772 venire.
791 2709 884 2782 sed
914 2708 1241 2764 necessitate
1264 2706 1501 2776 quadam
1536 2704 1603 2757 ad
1641 2713 1799 2772 pacta
1827 2712 1883 2756 et
1914 2701 2109 2757 condio

547 2807 747 2866 tiones,
780 2802 930 2872 pacis
957 2817 1121 2856 causa
1154 2798 1474 2854 subeundas
1509 2795 1764 2864 compelli
1808 2795 2108 2848 videretur.

545 2897 638 2951 Sic
665 2910 796 2966 ergo
821 2894 964 2949 fatus
993 2902 1078 2949 est
1102 2909 1120 2949 :
1153 2891 1485 2953 Paciﬁcalio,
1517 2890 1833 2958 imperator,
1855 2887 2107 2958 98.11011

2217 1800 2292 1863 ὡς
2318 1801 2347 1852 ὁ
2373 1801 2550 1852 πάντα
2583 1800 2796 1870 ἐφορῶν
2824 1799 2957 1863 Θεὸς
2989 1804 3054 1870 τῇ
3087 1801 3351 1872 περιούσῃ
3373 1801 3592 1870 εὐτυχίᾳ
3609 1799 3757 1870 ὀρθῶς

2217 1893 2312 1944 καὶ.
2340 1892 2418 1954 ὡς
2456 1893 2703 1963 προσῆκε
2736 1894 2834 1946 καὶ
2869 1893 3008 1960 μετὰ
3034 1892 3274 1960 ἀτυφίας
3307 1895 3448 1962 ὁρῶν
3491 1873 3757 1962 χρωμὲνῖςς

2217 1985 2384 2055 ἡμᾶς,
2421 1987 2515 2037 καὶ
2546 1985 2621 2052 μὴ
2648 1983 2833 2054 ὠμούς
2864 2002 3034 2050 τινας,
3069 1991 3164 2039 καὶ
3200 1986 3595 2054 ἀπανθρώπους
3625 1999 3758 2050 γεγε-

2217 2078 2484 2146 νημένους
2510 2077 2606 2129 καὶ
2636 2079 2736 2148 τὴν
2766 2077 2928 2147 φύσιν
2962 2079 3380 2148 ἀγνοήσαντας,
3416 2078 3610 2148 ἐτέρων
3649 2075 3759 2127 πολ-

2215 2168 2323 2222 λῶν
2355 2168 2692 2238 τοιούτων,ἢ
2739 2170 2834 2223 καὶ
2869 2170 3136 2222 πλειόνων
3183 2173 3280 2224 καὶ⁵
3325 2166 3756 2238 θαυμασιωτέρων

2215 2260 2670 2332 εὐεργετημάτων
2698 2261 2985 2329 ἀξιώσειεν
3010 2263 3096 2317 ἄν.
3130 2265 3192 2316 El
3215 2261 3313 2316 οὖν
3338 2262 3526 2316 δίκαιὰ
3554 2278 3610 2312 τε
3647 2257 3760 2327 ἐμοῦ

2215 2354 2309 2407 καὶ
2334 2356 2604 2422 ἀναγκαῖα
2633 2355 2703 2408 τὰ
2734 2353 3144 2424 βεϐουλευμίνα
3162 2395 3179 2422 ,
3209 2356 3325 2408 καὶ
3358 2355 3494 2424 πρδς
3521 2347 3596 2405 ’τὺ
3637 2349 3763 2402 εὐδο-

2215 2445 2323 2509 ξεῖν
2352 2446 2447 2498 καὶ
2477 2445 2539 2498 τὸ
2567 2443 2836 2509 σώζεσθαι
2872 2444 3294 2511 λυσιτελοῦντα,
3318 2446 3471 2501 οὐδὲν
3507 2444 3586 2498 ἔτι
3605 2443 3763 2494 λεῖπον

2213 2536 2246 2604 ἢ
2292 2533 2717 2604 ἐπιψηφίζεσθαι
2755 2537 2851 2588 καὶ
2906 2535 3076 2605 ὑμᾶς.
3135 2537 3322 2600 Αὐτὸς
3373 2537 3484 2608 γὰρ
3527 2533 3688 2605 ὀρθῶς
3715 2546 3765 2582 τε

2211 2628 2457 2696 οἰόμενος
2507 2626 2653 2694 ἔχειν
2689 2626 2759 2679 τὰ
2817 2627 3088 2697 εἰρημένα
3140 2627 3236 2681 καὶ
3285 2627 3489 2695 ὁμοίως
3531 2623 3649 2692 περὶ
3674 2621 3766 2673 τῶν

2212 2719 2392 2770 αὐτῶν
2410 2720 2642 2786 φρονῶν,
2661 2719 2889 2792 γνώμην
2915 2720 3112 2790 δίδωμι
3139 2721 3409 2792 δέχεσθαι
3429 2719 3527 2790 τὴν
3543 2717 3764 2787 είρήνηνν

2215 2815 2303 2862 καὶ
2341 2810 2402 2863 τὸ
2430 2811 2560 2881 ἐμὸν
2590 2813 2753 2883 μέρος
2785 2812 3057 2885 ὲπικυρῶ.
3085 2811 3344 2867 Tom-31¢
3377 2811 3471 2865 καὶ
3500 2807 3590 2861 τοῦ
3619 2805 3768 2876 μεγά-

2210 2901 2302 2954 λου
2331 2903 2658 2972 δομεστίκου
2678 2905 2984 2976 εἰρηκότος,
3038 2905 3066 2958 ὅ
3088 2921 3148 2957 τε
3180 2902 3631 2973 πρωτοστρὰωρ
3659 2899 3766 2948 ἑπε-

542 2988 777 3059 amplius
820 2985 1088 3058 ejusmodi
1117 2982 1470 3053 suscipienda
1502 2991 1608 3046 est’,
1652 2991 1713 3034 ut
1739 2979 2104 3034 calumniato-

2210 2993 2477 3062 ψηφίζετο
2504 2995 2755 3065 δέχεσθαι
2784 2996 2883 3066 τὴν
2913 2997 3158 3066 είρήνην,
3179 2996 3244 3066 ὀρ
3265 2995 3376 3059 θῶς
3413 2994 3506 3047 τόν
3545 3009 3603 3045 τε
3629 2989 3776 3059 βασι·.

545 3095 701 3148 ribus
725 3089 996 3162 speciosis
1032 3087 1412 3143 occasionibus
1458 3075 1690 3141 facultas
1720 3092 1994 3153 suppetat,
2017 3098 2108 3138 ve-

546 3195 724 3240 strum
755 3179 1028 3236 utrumvis
1058 3179 1200 3248 apud
1236 3178 1469 3232 alterum
1505 3175 1880 3238 insimulandi,
1909 3183 1964 3229 et
1990 3174 2107 3229 bel-

495 3323 509 3329 -
543 3277 656 3332 lum
681 3270 1048 3329 incendendi:
1082 3267 1230 3344 quod
1261 3283 1372 3321 non
1401 3267 1579 3321 solum
1614 3265 1770 3319 vobis
1794 3279 1919 3319 cum
1956 3266 2107 3334 igno-

545 3363 713 3418 minia
743 3370 920 3418 vestra
970 3361 1236 3414 maximas
1270 3357 1712 3427 opportunitates
1769 3361 2106 3423 corrumpat,

542 3457 639 3512 sed
675 3455 840 3512 etiam
874 3453 1166 3515 universis,
1215 3449 1308 3519 qui
1360 3449 1421 3516 in
1444 3448 1650 3502 ditione
1677 3456 1879 3512 vestra,
1909 3461 1974 3501 ac
2010 3461 2109 3515 po-

543 3557 740 3604 testate
764 3554 914 3612 sunt,
965 3560 1139 3616 genus
1170 3557 1332 3596 omne
1363 3541 1636 3595 malorum
1676 3524 1892 3594 inferat.
1948 3539 2105 3606 Quod

538 3641 688 3695 enim
720 3638 936 3692 duabus
965 3635 1340 3690 animantibus
1395 3634 1595 3688 robore
1632 3642 1688 3688 et
1727 3621 2104 3703 magnitudine

540 3746 834 3801 corporum
869 3728 1178 3799 insignibus
1227 3725 1491 3782 acciderit
1519 3727 1615 3797 (7),
1651 3725 1758 3780 hoc
1788 3725 1944 3779 vobis
1977 3740 2105 3779 usu-

540 3824 711 3879 venit.
741 3821 876 3876 Nam
909 3820 1186 3890 quomodo
1214 3819 1322 3872 illis
1348 3818 1404 3871 in
1435 3833 1494 3872 se
1521 3826 1711 3870 mutuo
1739 3815 2100 3881 irruentibus,

541 3931 606 3972 ac
637 3912 1039 3985 prmliantibus,
1065 3926 1189 3981 qua:
1221 3910 1364 3964 intra
1389 3907 1557 3978 pedes
1581 3917 1727 3974 sunt,
1763 3908 1945 3961 omnia
1972 3921 2104 3961 con-

541 4009 646 4062 teri
682 4023 745 4061 ac
769 4005 1010 4074 disperdi
1047 4013 1476 4057 consentaneum
1509 4009 1612 4064 est,
1644 4015 1768 4053 cum
1800 4007 1982 4054 tamen
2011 3998 2101 4052 illa

537 4099 673 4154 nilnl
711 4110 1041 4166 quemquam
1071 4094 1358 4146 lmserint:
1395 4092 1477 4146 sic
1503 4091 1662 4145 vobis
1712 4089 1946 4143 invicem
1988 4089 2103 4143 bel-

533 4189 801 4250 lantibus,
829 4185 1060 4255 subjecti
1088 4184 1409 4238 innocentes
1443 4189 1668 4250 pereant
1691 4188 1929 4248 oportet.
1957 4178 2103 4244 Quo-

535 4282 682 4336 circa
718 4293 825 4332 non
851 4265 1012 4330 modo
1045 4275 1125 4329 uti
1166 4289 1268 4343 pax
1291 4279 1680 4342 componatur,
1720 4270 1816 4325 sed
1847 4280 1909 4325 ut
1941 4285 2095 4325 com-

538 4371 714 4441 posita
760 4385 828 4423 ne
890 4367 1109 4422 vacillet
1156 4342 1220 4421 ac
1258 4363 1588 4420 dissolvatur
1635 4362 1934 4416 videndum
1990 4372 2094 4416 est.
2132 4342 2175 4393 θ

537 4464 754 4521 Etenim
802 4464 892 4526 si,.
928 4457 1386 4530 quemadmodum
1439 4455 1690 4519 antehac,
1741 4469 1852 4509 non
1904 4469 2093 4524 pacem

535 4555 809 4618 stabilem.
840 4545 1212 4621 sed'tanquam
1235 4547 1485 4603 inducias
1511 4546 1706 4602 facturi
1737 4561 1952 4609 sumus,
1982 4561 2099 4600 om-

534 4647 667 4700 nino
696 4644 898 4699 nullam
955 4641 1075 4696 ﬁeri
1129 4638 1304 4694 satius
1333 4646 1440 4692 est.
1489 4635 1629 4702 Quid
1677 4651 1917 4704 namque
1943 4635 2094 4690 aliud

529 4735 986 4808 exspectandum,
1018 4746 1180 4803 quam
1215 4739 1276 4785 ut
1307 4727 1401 4800 qui
1441 4727 1621 4783 fcedus
1667 4727 1882 4797 priores
1925 4727 2090 4796 perli-

522 4826 687 4886 diose
723 4834 1014 4898 ruperunt,
1046 4823 1252 4880 scelere
1295 4836 1357 4876 se
1401 4819 1784 4888 obstringam?
1823 4819 1946 4875 Hzec
1997 4819 2090 4874 ubi

532 4922 812 4996 principes
841 4934 906 4974 ac
953 4916 1160 4974 milites
1197 4912 1424 4969 auribus
1457 4913 1778 4976 hauserunt,
1807 4910 1933 4964 talia
1963 4925 2092 4965 eum

2210 3084 2305 3136 λέα
2325 3085 2628 3155 εἰρηκέναι,
2659 3086 2753 3141 τόν
2799 3103 2858 3139 τε
2919 3085 3094 3157 μέγαν
3139 3087 3477 3155 δομέστικον
3518 3077 3766 3135 συνειπεῖν

2209 3175 2380 3245 αὐτῷ,
2412 3176 2600 3232 εἰπών.
2630 3180 2741 3232 Καὶ
2767 3181 2814 3232 oi
2862 3179 3041 3232 λοιποὶ
3092 3179 3309 3239 πάντες
3360 3178 3542 3238 εὐθὺς,
3568 3174 3769 3230 ἄκοντες

2212 3269 2332 3337 μὲν,
2354 3269 2758 3338 ἐπεψηφίζοντο
2787 3270 2834 3323 δ’
2881 3267 2977 3324 οὖν
3009 3273 3157 3340 ὅμως
3182 3285 3196 3300 ⁸
3225 3273 3464 3326 πάντων
3507 3271 3562 3323 δὲ
3597 3264 3770 3334 ἐπιψη-

2209 3359 2525 3428 φισαμένων
2568 3361 2668 3430 τὴν
2699 3360 2966 3430 ⁴εἰρήνην,
3009 3354 3361 3415 ἐπυνθάνετο
3391 3358 3546 3424 αὖθις
3577 3359 3603 3411 ὁ
3632 3356 3770 3424 βασι-

2208 3448 2366 3513 λεὺς,
2404 3450 2454 3512 εί
2485 3449 2742 3516 τοιαύτην
2792 3447 2907 3502 δέοι
2945 3450 3045 3513 τὴν
3091 3449 3333 3522 είρήνην
3365 3451 3617 3520 γενέσθαι
3645 3444 3767 3497 ὥστε

2210 3538 2432 3607 βεϐαίαν
2462 3537 2600 3592 εἶναι
2632 3540 2739 3608 ἀεὶ,
2767 3543 2864 3595 καὶ
2889 3540 3161 3610 μηδεμίαν
3204 3541 3466 3613 ὑποψίαν
3501 3541 3716 3608 ὕστερον
3742 3532 3770 3601 ἢ

2207 3631 2477 3700 πρόφασίν
2505 3647 2628 3683 τινα
2658 3630 2896 3700 πολέμου
2927 3631 3092 3702 ἔχειν.
3134 3629 3193 3685 '0
3223 3631 3298 3686 δέ
3321 3649 3387 3701 γε
3423 3633 3600 3702 μέγας
3631 3627 3773 3696 δομέ-

2207 3740 2412 3788 στικος,
2442 3718 2528 3775 οἷα
2559 3721 2622 3792 δὴ
2651 3722 2917 3792 πρότερον
2946 3724 3063 3791 ἅμα
3090 3722 3318 3792 βασιλεῖ
3343 3723 3539 3777 ὁποίαν
3565 3717 3681 3774 τινὰ
3707 3716 3777 3768 δεῖ

2203 3815 2428 3885 εἰρήνην
2455 3814 2708 3882 γενέσθαι
2741 3813 3192 3883 βεϐουλευμένος,
3223 3809 3525 3877 τοιούτους
3559 3813 3777 3866 ἐποιεῖτο

2202 3911 2329 3972 τούς
2363 3909 2575 3978 λόγους,
2605 3888 2680 3970 ῶς
2713 3908 2888 3960 δοκεῖν
2925 3907 3026 3959 οὐκ
3050 3907 3410 3977 ἐξεπίτηδες,
3438 3907 3554 3962 ἀλλ’
3582 3904 3779 3972 ἀνάγκη

2203 4001 2308 4054 τινὶ
2341 4000 2476 4069 πρὸς
2518 4001 2615 4062 τὰς
2664 4000 2757 4050 ἐπὶ
2811 4000 2924 4061 τοῖς
2969 3998 3232 4060 τοιούτοις
3287 4002 3588 4069 ὁμολογίας
3621 4011 3774 4050 aum-

2205 4089 2434 4143 θεῖσθαι.
2476 4090 2607 4142 Δέον
2665 4091 2795 4159 γὰρ,
2852 4091 3060 4158 ἔλεγεν,
3108 4085 3273 4156 εἶναι,
3309 4086 3358 4146 ὦ
3417 4089 3680 4163 βασιλεῦ,
3708 4086 3779 4155 μὴ

2203 4179 2367 4234 πάλιν
2425 4182 2558 4251 ἡμῖν
2591 4181 2687 4240 τὰς
2719 4183 2812 4234 ἐπὶ
2845 4184 2913 4252 τῇ
2948 4183 3141 4254 εἰρήνῃ
3190 4186 3512 4254 συμϐάσεις
3535 4183 3778 4239 τοιαύτας

2203 4271 2483 4340 γενέσθαι,
2521 4271 2663 4325 ὥστε
2696 4272 2821 4336 τούς
2849 4275 3198 4343 συκοφάντας
3246 4279 3534 4348 ἐγχωρεῖν
3579 4272 3782 4346 προφὰ-

2205 4381 2342 4418 σεων
2376 4364 2746 4434 εὐπροσώπων
2781 4366 3152 4434 εὐποροῦντας
3183 4368 3339 4438 ὑμᾶς
3376 4373 3512 4434 τοὺς
3536 4368 3782 4440 βασιλέας

2203 4455 2343 4526 πρὸς
2386 4455 2645 4524 ἀλλήλους
2693 4455 3006 4508 διαϐάλλειν
3037 4457 3134 4511 καὶ
3161 4459 3256 4511 τὸν
3304 4460 3562 4530 πόλεμον
3595 4459 3783 4519 κινεῖν,

2203 4547 2264 4600 οὐ
2316 4547 2475 4616 μόνον
2523 4547 2652 4616 ὐμῖν
2694 4545 2909 4610 ἀδοξίαν
2957 4549 3074 4615 ἄμα
3100 4549 3197 4602 καὶ
3231 4551 3319 4612 είς
3342 4553 3418 4606 τὰ
3450 4551 3787 4622 καιριώτατα

2202 4637 2423 4708 ζημίαν,
2450 4637 2587 4690 ἀλλὰ
2616 4642 2707 4690 καὶ
2738 4638 2817 4707 τῷ
2857 4639 3086 4710 ὑπηκόῳ
3133 4644 3306 4695 παντὶ⁵
3332 4645 3624 4698 παντοίων
3654 4658 3788 4712 προσ

2201 4729 2460 4796 ξενοῦντα
2492 4733 2666 4800 φορὰν
2709 4730 2916 4784 κακῶν.
2952 4731 3357 4803 Παραπλήσιον
3401 4737 3518 4806 γὰρ
3552 4735 3788 4805 συμϐαί-

2198 4837 2280 4872 νει
2313 4823 2407 4874 καὶ
2443 4822 2530 4888 ἐφ’
2565 4824 2720 4892 ήμῖν,
2758 4823 2939 4875 ὁποῖον
2987 4822 3052 4876 ἂν
3103 4825 3200 4876 καὶ
3247 4828 3352 4878 ἐπὶ
3404 4827 3537 4879 δυσὶ
3569 4829 3678 4880 τῶν
3704 4827 3790 4877 ἰπὶ

2199 4914 2358 4987 ῥώμῃ
2412 4917 2507 4968 καὶ
2553 4915 2774 4985 μεγέθει
2819 4915 3250 4986 θαυμαζομένων
3310 4921 3578 4990 συμϐαίη
3616 4921 3785 4985 ζώων.

1786 5030 2005 5092 Jacobi
2034 5033 2298 5095 Pontani
2339 5042 2525 5096 notat.

599 5149 675 5216 (7)
713 5143 909 5199 Ἐίκὼν
938 5153 995 5199 et
1039 5142 1288 5216 parabola
1347 5138 1715 5216 festiva,__qua
1741 5144 2088 5216 .nocumenta

523 5205 986 5288 subiectorum,“
1020 5205 1309 5288 discordiis
1365 5220 1421 5264 ct
1469 5205 1977 5288 bellislprineipum
2026 5221 2090 5258 ac

523 5276 870 5341 dominorum
903 5285 1139 5339 breviter
1159 5282 1548 5350 depinguntur.
1566 5276 1876 5330 Animantia
1898 5289 2088 5350 magna

2198 5138 2316 5212 Stat
2347 5156 2500 5209 pecus
2524 5154 2674 5193 omne
2709 5149 2847 5212 metu
2883 5147 3106 5203 mutum,
3149 5133 3794 5212 inussantquejuvenrrr,

2199 5210 2528 5284 Quisperori
2560 5209 2841 5284 imperitet,
2864 5226 3015 5284 quant
3038 5219 3145 5262 tota
3172 5209 3431 5284 armenta
3471 5209 3793 5284 sequantur.

2199 5279 2292 5331 Illi
2326 5281 2464 5332 inter
2494 5296 2605 5332 sese
2633 5280 2801 5332 multa
2839 5281 2888 5332 vi
2921 5279 3141 5332 vulnera
3182 5283 3439 5344 miscent,

519 5367 575 5410 et
607 5357 830 5428 robusta
855 5355 1059 5428 accipe,
1086 5343 1432 5428 t'crb1:_g_ra_tia
1454 5348 1592 5401 duos
1622 5355 1826 5409 tauros,
1847 5343 2086 5428 qualium
2187 5349 2502 5428 gornuaque
2539 5349 2718 5428 obnixi
2757 5349 3006 5418 inﬁgunt,
3041 5361 3090 5428 et
3127 5353 3401 5417 sanguine
3425 5343 3611 5424 θίαν-ρο

521 5437 773 5496 pugnam
789 5418 1056 5496 Virgilius
1073 5418 1330 5496 describit
1357 5418 1454 5471 lib.
1490 5432 1585 5496 x11:

593 5485 666 5548 λε
693 5493 832 5547 velut
855 5485 1057 5561 ingenti
1087 5489 1237 5558 Syla,
1267 5503 1537 5561 summove
1565 5485 1832 5561 Taburno,

593 5565 725 5617 Cum
756 5563 859 5614 duo
885 5553 1148 5615 conversis
1176 5560 1393 5613 inimica
1425 5559 1479 5610 in
1519 5555 1706 5622 praelia
1734 5553 1876 5607 tauri

590 5631 875 5686 Frontibus
901 5630 1199 5693 incurrunt,
1230 5629 1407 5698 pavidi
1435 5640 1628 5680 cessere
1654 5623 1933 5693 magistri:

2191 5418 2368 5494 (_.'_olla_.
2395 5418 2666 5494 armosque
2692 5420 2870 5494 lavant
2888 5435 2907 5472 :
2927 5421 3118 5494 gemitu
3149 5436 3338 5494 nemus
3359 5438 3529 5477 omne
3543 5418 3797 5494 remugit.

2196 5488 2354 5541 "aud
2378 5489 2535 5542 aliter
2571 5492 2693 5542 Tros
2723 5488 2940 5550 zEneas,
2967 5497 3016 5541 et
3036 5488 3278 5558 Daunius
3304 5492 3474 5547 heros

2191 5558 2522 5612 Concurrunt
2555 5558 2748 5628 clypeis
2783 5575 2799 5611 :
2843 5559 3026 5629 ingens
3060 5560 3241 5630 fragor
3274 5563 3501 5616 ert/tera
3544 5562 3797 5632 complet.
