3952 6204
522 315 632 380 235

521 439 730 495 quippe
761 432 972 492 partem
1008 423 1211 493 quietis
1239 422 1459 492 capient
1485 464 1498 487 ,
1528 422 1704 476 donec
1744 421 1998 491 pluribus
2026 425 2082 471 et
2113 425 2150 478 Α

516 514 695 569 variis
725 511 1207 567 criminationibus
1255 510 1570 579 imperatori
1604 510 1808 564 bellum
1859 522 2084 577 persua-

518 606 723 659 serim.
758 601 836 659 Ne
870 613 1053 658 autem
1089 601 1364 656 miremini
1387 642 1402 665 ,
1435 604 1479 654 si
1509 615 1631 654 cum
1659 601 1726 651 ab
1754 598 1871 651 istis
1902 612 2085 650 rerum

525 710 797 750 novarum
828 693 1044 762 cupidis
1075 708 1135 747 ac
1173 691 1450 763 pestiferis
1484 689 1804 744 mortalibus
1832 703 1992 741 avum
2032 688 2086 741 in

522 787 781 841 fraudem
838 785 1124 840 inductum
1184 785 1249 836 iri
1300 783 1520 846 dicam,
1566 797 1654 835 me
1707 780 1832 834 hinc
1881 778 2085 840 cximo,

524 880 684 946 quasi
742 892 851 931 non
884 876 1032 930 idem
1080 873 1210 927 mihi
1244 882 1408 938 queat
1450 871 1765 939 contingere
1810 887 1821 922 τ
1872 867 2087 921 tametsi

434 964 444 973 ’
526 974 601 1023 ita
640 958 901 1037 paratus,
935 973 989 1018 ct
1034 964 1309 1016 animatus
1348 977 1467 1016 sum
1494 1002 1509 1024 ,
1555 971 1616 1015 ut
1647 974 1824 1029 neque
1873 958 1917 1013 si
1954 956 2083 1021 quid

524 1075 659 1111 were
679 1058 877 1120 'tieret,
908 1054 1112 1107 nedum
1140 1052 1211 1105 ob
1237 1052 1564 1106 Calumniam
1596 1091 1609 1114 ,
1639 1065 1705 1103 ne.
1736 1050 1779 1102 si
1816 1064 1974 1111 vera,
2007 1046 2084 1100 in-

526 1162 687 1215 quam
720 1186 734 1210 ,
760 1144 829 1197 ad
866 1160 951 1198 me
980 1142 1353 1207 deferrentur,
1405 1142 1471 1195 ad
1506 1140 1706 1194 bellum
1756 1148 1882 1193 ante
1912 1137 2086 1207 Prosi-

522 1240 625 1290 lire
652 1236 840 1301 velim,
874 1250 1038 1304 quam
1088 1248 1146 1287 re
1202 1232 1320 1302 ipsa
1369 1247 1532 1301 cogar
1579 1247 1725 1284 arma
1774 1241 2082 1297 capessere,

526 1329 842 1396 bellumque
882 1326 1015 1380 mihi
1049 1326 1257 1379 illatum
1291 1322 1606 1378 defendere.
1648 1320 1760 1374 lloc
1786 1321 1933 1375 enim
1963 1318 2085 1372 ideo

523 1435 550 1470 a
594 1435 680 1472 me
726 1418 963 1482 dicitur,
1012 1416 1158 1485 quod
1210 1414 1537 1469 obtrectatio
1587 1412 1758 1465 multa
1811 1410 1962 1463 velut
2006 1407 2088 1478 p‘i-

522 1524 691 1577 gnora
725 1508 866 1576 apud
912 1522 1038 1560 eum
1092 1505 1279 1559 habet.
1320 1503 1422 1568 Qui
1452 1503 1598 1557 enim
1642 1503 1914 1570 imperat,
1958 1513 2083 1551 cum

523 1599 741 1667 imperii
775 1598 1063 1652 amittendi
1106 1606 1312 1650 metum
1345 1594 1661 1663 conceperit
1682 1631 1697 1653 ,
1740 1591 1868 1645 huic
1895 1593 2083 1655 etiam,

520 1691 630 1744 sibi
685 1690 913 1744 insidias
962 1688 1147 1755 tendi,
1193 1687 1329 1741 ﬁdes
1384 1685 1500 1740 fleri
1550 1684 1792 1755 poterit:
1823 1682 1917 1752 qui
1953 1695 2083 1735 vero

520 1791 709 1851 paret,
752 1782 803 1835 ei
838 1781 1021 1837 isthuc
1056 1778 1373 1850 persuaderi
1408 1793 1517 1830 non
1551 1752 1719 1830 facile
1751 1776 1974 1844 poterit.
2006 1770 2089 1826 0b
2118 1752 2164 1811 Β

522 1874 642 1926 hare
700 1873 815 1940 ipsa
873 1872 1038 1940 igitur
1093 1884 1214 1939 quae
1281 1866 1735 1930 commemoravi,
1800 1864 1934 1918 mihi
1997 1861 2093 1916 diu

524 1962 873 2030 multumque
905 1961 1211 2029 cogitanti,
1255 1972 1364 2011 non
1412 1961 1612 2010 lterum
1652 1954 1719 2008 ad
1765 1954 2093 2007 divisionem

520 2052 743 2119 imperii
804 2049 1177 2113 veniendum;
1234 2048 1331 2102 sed
1404 2045 1700 2114 nobisipsis
1763 2059 1886 2098 cum
1935 2043 2098 2096 rebus

520 2143 786 2197 oumibus
810 2143 863 2196 in
899 2140 1251 2210 impentnris
1279 2137 1662 2191 auctoritatem
1694 2134 2097 2203 imperiumque

513 2231 939 2287 concedendum
991 2231 1167 2283 visum
1206 2236 1326 2283 est:
1365 2228 1445 2281 sic
1492 2227 1642 2280 enim
1677 2225 1972 2279 desiratam
2006 2237 2099 2292 pa.

516 2340 683 2388 cem,
729 2337 962 2393 eamque
1024 2320 1425 2401 immutabilem
1478 2333 1708 2389 prorsus
1754 2316 1985 2386 adipisci
2034 2314 2101 2369 li-

512 2414 687 2467 cebit.
731 2410 831 2465 {lis
863 2427 891 2464 a
940 2411 1161 2482 juniore
1192 2407 1525 2478 imperatore
1562 2422 1727 2477 super
1756 2422 1885 2475 pace
1911 2405 2100 2474 dispu-

420 2578 421 2581 η
515 2503 695 2566 ιὶειιίε,
728 2503 819 2557 diu
879 2504 1049 2556 altum
1103 2499 1207 2555 luit
1235 2500 1289 2553 in
1340 2498 1575 2553 concilio
1617 2497 1935 2560 silentium,
1967 2509 2101 2548 cun-

514 2595 626 2649 ctis
674 2612 737 2649 ea
782 2594 1032 2649 oratione
1082 2593 1335 2647 attonitis
1373 2610 1387 2646 :
1426 2591 1585 2660 100
1632 2604 1910 2657 nunquam
1946 2586 2095 2642 cnim

514 2687 578 2738 iu
633 2694 867 2738 mentem
906 2684 1016 2738 illis
1060 2684 1338 2748 venisset,
1381 2682 1472 2736 tali
1525 2679 1688 2734 modo
1720 2693 1908 2748 pacem
1955 2692 2104 2731 eom-

514 2772 763 2845 1-osituni
810 2775 892 2828 iri.
932 2774 1068 2829 Cum
1100 2773 1239 2828 nihil
1279 2771 1714 2842 responderetur
1741 2809 1756 2830 .
1801 2783 2103 2823 conversus

521 2866 592 2921 ad
625 2881 875 2935 magnum
906 2866 1268 2920 douiesticum
1295 2884 1310 2919 :
1338 2864 1455 2917 Non
1489 2864 1599 2934 jam
1629 2860 1828 2917 silendi
1865 2868 2101 2929 tempus,

522 2958 706 3027 inquit
730 2998 743 3021 ,
778 2957 874 3011 tibi
910 2956 1016 3025 ipsi
1049 2995 1064 3020 ,
1102 2954 1309 3025 siquid
1339 2964 1495 3023 potes
1522 2990 1537 3018 ,
1570 2962 1627 3008 et
1653 2953 1779 3007 allis
1824 2951 1892 3005 ad
1937 2950 2103 3005 verba

527 3065 646 3103 mea
675 3048 1124 3119 respondendum
1156 3056 1261 3102 est.
1314 3046 1454 3100 Tum
1506 3043 1597 3099 ille
1622 3045 1701 3098 sic
1729 3043 1884 3097 infit:
1918 3040 2099 3109 Siqui-

519 3144 689 3205 dem,
744 3143 1069 3211 imperator,
1125 3150 1323 3195 contra
1368 3137 1630 3192 barbaros
1677 3146 1875 3190 natura
1912 3134 2096 3188 hostes

518 3236 731 3289 bellum
779 3232 941 3287 nobis
976 3240 1292 3301 susceptum
1343 3238 1527 3293 esset,
1577 3226 1715 3281 nihil
1769 3236 1882 3281 erat
1917 3224 2099 3279 cousi-

522 3327 833 3379 (lerandum
861 3322 1008 3377 aliud
1038 3364 1053 3388 ,
1113 3323 1219 3376 nisi
1247 3318 1528 3390 quomodo
1560 3317 1801 3373 victores
1832 3317 1951 3370 loca
1982 3331 2099 3369 om-

523 3416 615 3471 nia
641 3413 1054 3485 populabundi,
1103 3423 1160 3467 et
1204 3388 1572 3483 jugulabundi
1621 3420 2096 3478 percursarenius,

523 3520 699 3573 usque
731 3504 859 3557 dum
883 3516 1090 3556 omnes
1130 3498 1378 3554 ciedibus
1420 3513 1452 3552 e
1504 3495 1685 3551 medio
1736 3495 2050 3548 tolleremus
2081 3532 2097 3559 ,

526 3604 623 3648 aut
650 3595 841 3650 saltem
867 3593 926 3646 in
953 3592 1279 3645 servitutem
1310 3588 1567 3643 redactos
1596 3626 1612 3653 ,
1648 3587 1970 3641 tributarios
2002 3597 2101 3639 no-

410 3758 419 3763 ,
527 3699 672 3740 siros
696 3685 1021 3740 faceremus.
1059 3682 1154 3737 Sin
1188 3695 1345 3751 usque
1374 3680 1546 3735 Marte
1581 3680 1730 3750 paria
1760 3691 1944 3733 rerum
1979 3691 2098 3730 mo-

526 3787 707 3830 menta
735 3786 912 3829 essent
939 3814 953 3839 ,
990 3771 1268 3842 quomodo
1297 3771 1366 3826 ad
1397 3785 1594 3826 eorum
1623 3785 1779 3824 usum
1819 3769 1922 3836 ipsi
1961 3783 2101 3836 quo-

527 3881 634 3935 que
679 3880 781 3917 nos
812 3863 1385 3917 accomtuodarcmus.
1437 3861 1710 3927 Quoniam
1763 3876 1894 3913 vero
1925 3871 2103 3927 neque

528 3956 819 4009 adversum
850 3953 986 4007 tales
1032 3966 1379 4021 pugnamus,
1423 3964 1604 4018 neque
1646 3948 1939 4001 adversum
1984 3959 2104 4011 eos,

530 4046 624 4115 qui
656 4060 940 4098 sacrorqu
999 4043 1175 4105 socii,
1213 4053 1408 4095 cetera
1461 4040 1647 4094 hostes
1691 4052 1851 4091 suum
1901 4036 2104 4105 princi-

530 4148 717 4205 patum
755 4143 984 4196 teneut,
1020 4147 1162 4201 quos
1201 4133 1435 4185 fortasse
1488 4128 1891 4199 potentioribus
1924 4125 2107 4194 oppri-

531 4224 765 4278 mendos
808 4223 1094 4275 condones
1138 4236 1154 4273 :
1209 4219 1305 4274 sed
1353 4228 1545 4272 contra
1597 4215 2001 4283 homophylos,
2048 4222 2107 4267 et

532 4313 1020 4382 conjunctissimos
1044 4351 1058 4371 ,
1086 4313 1214 4381 quis
1272 4311 1519 4381 prudens
1542 4348 1559 4373 ,
1594 4310 1862 4372 obsecro,
1916 4318 1973 4362 et
2018 4306 2105 4360 vel

1686 310 2007 372 JOANNIS
2045 308 2431 369 CANTACUZ
2443 309 2560 367 ENI

3616 310 3709 372 216

2184 418 2334 471 οὐδὲν
2364 418 2441 469 ἔτι
2470 417 2723 486 ἐμποδὼν
2765 416 2916 470 ἔσται
2949 416 3167 486 βαθείας
3207 419 3491 474 ἀπολαύειν
3529 422 3714 486 πάντας

2191 509 2430 578 είρήνης.
2488 510 2549 561 Εἰ
2611 509 2656 561 δ’
2699 508 2853 572 αὖθις
2904 512 3225 579 χωρήσομεν
3274 514 3352 574 είς
3416 515 3712 581 μερισμοίις,

2189 600 2405 668 πρῶτον
2441 601 2538 668 μὲν
2564 600 2696 652 αὐτὸ
2729 601 2884 654 τοῦτο
2908 602 2967 654 τὸ
2996 601 3147 654 δυσὶν
3179 602 3322 654 ἔτεσι
3353 587 3719 670 καίὲξῇκοντα

2187 689 2323 757 ὁμοῦ
2360 690 2577 742 πάντων
2607 692 2842 760 ἄρχοντα
2878 691 3037 744 αύτδν
3080 690 3175 744 νῦν
3219 693 3317 757 τῆς
3347 693 3486 746 κατὰ
3529 694 3719 748 πάντων

2187 778 2433 842 ἐξουσίας
2479 780 2935 849 ἀποστερεῖσθαι,
2970 781 3151 833 ἱκανὸν
3200 783 3332 851 πρός
3379 786 3611 852 ταραχὴν
3639 784 3721 837 καὶ

2186 869 2413 922 δυνατὸν
2442 871 2554 933 τοῖς
2585 872 2952 939 συκοφάνταις
2984 876 3167 926 πεῖσαι
3195 874 3479 943 προσέχειν
3512 873 3579 932 ὡς
3619 874 3723 925 ἑπι-

2188 960 2502 1015 εουλεύεται
2542 962 2675 1033 παρ’
2704 963 2863 1034 ήμῶν
2891 965 3403 1034 καταιζρευδομένοις.
3438 967 3648 1019 Ἔπειτα
3676 967 3725 1019 δὲ

2187 1054 2281 1104 καί
2302 1051 2513 1115 τούτοις
2549 1056 2734 1116 αὐτοῖς
2765 1053 2894 1107 ὥστ’
2920 1056 3064 1123 ἔχειν
3103 1058 3331 1126 ῥάπτειν
3355 1058 3450 1120 τὰς
3473 1057 3723 1119 διαϐολὰς,

2189 1140 2323 1208 ὕλην
2350 1142 2416 1195 ἂν
2459 1144 2837 1214 παράσχοιμεν
2867 1146 3068 1217 πολλὴν
3090 1186 3104 1209 ,
3141 1148 3372 1215 ἑχόντων
3420 1147 3475 1200 δὲ
3525 1146 3728 1199 ὲκείύων

2186 1229 2418 1299 δύναμιν
2449 1235 2779 1301 κακουργεῖν
2800 1273 2814 1296 ,
2862 1228 2962 1286 ούκ
2997 1236 3053 1287 ὲν
3094 1233 3270 1303 πολλῴ
3301 1234 3475 1304 χρόνῳ
3509 1236 3729 1301 ἀναγκα-

2189 1321 2502 1391 σθησόμεθα
2551 1320 2703 1385 αὖθις
2752 1325 3048 1393 πολεμεῖν
3095 1326 3194 1377 οὐκ
3254 1327 3590 1396 ήρεμήσουσι
3632 1329 3728 1394 γὰρ

2186 1410 2344 1479 ἄχρις
2366 1413 2433 1465 ἂν
2463 1413 2734 1476 ποικίλαις
2755 1414 2848 1467 καὶ
2877 1415 3099 1475 πολλαῖς
3117 1416 3391 1477 διαϐολαῖς
3410 1415 3729 1485 ἐξορμήεωςι

2187 1502 2322 1571 πρὸς
2370 1502 2602 1572 πόλεμον
2656 1505 2748 1556 τὸν
2798 1502 3043 1573 βασιλέα.
3098 1507 3188 1575 Μὴ
3236 1507 3553 1577 θαυμάσητε
3595 1508 3645 1558 δὲ
3690 1508 3731 1559 εἰ

2188 1594 2340 1662 παρὰ
2370 1595 2475 1647 τῶν
2508 1596 2915 1665 νεωτεροποιῶν
2940 1596 3145 1650 τούτων
3173 1598 3269 1650 καὶ
3298 1598 3509 1667 φθόρων
3549 1597 3731 1662 ἑξαπα-

2189 1684 2450 1754 τήσεσθαι
2491 1686 2582 1737 τὸν
2617 1685 2846 1755 βασιλέα
2890 1687 3084 1755 λέγων,
3123 1688 3361 1755 ἐμαυτὸν
3413 1687 3603 1757 ἐξαίρω
3651 1686 3728 1738 τοῦ

2192 1773 2352 1839 λόγου
2412 1774 2486 1837 ὡς
2537 1776 2612 1844 μὴ
2657 1776 2725 1827 τὰ
2764 1775 3187 1846 ίσιδυνάμενον
3235 1777 3443 1831 παθεῖν.
3501 1776 3730 1841 Καίτοιγε

2192 1861 2366 1925 οὕτως
2409 1862 2518 1933 ἔχω
2570 1864 2919 1933 παρασκευῆς
2967 1865 3062 1919 καὶ
3114 1864 3376 1935 γνώμης,
3415 1866 3486 1928 ὡς
3533 1866 3619 1918 οῦδ
3678 1867 3732 1917 ἂν

2196 1953 2251 2006 εῐ
2301 1971 2356 2006 τι
2406 1955 2637 2022 γένοιτο,
2697 1955 2922 2025 μήτοιγε
2976 1958 3039 2009 ὲκ
3084 1957 3362 2027 διαϐολῆς,
3394 1956 3510 2010 ἀλλ’
3561 1958 3658 2011 οὐδ’
3691 1960 3730 2010 εί

2197 2044 2369 2115 ἀληθῆ
2421 2046 2490 2099 τὰ
2528 2046 2800 2117 λεγόμενα
2843 2049 2928 2120 εἴη
2957 2087 2974 2113 ,
3025 2050 3161 2119 πρὸς
3208 2049 3449 2119 πόλεμον
3495 2050 3731 2121 πρότερος

2197 2136 2359 2199 αὐτὸς
2405 2137 2724 2208 ἐξορμήσων
2748 2139 2877 2210 πρὶν
2907 2139 2975 2194 ἂν
3003 2142 3186 2203 αὐτοῖς
3221 2139 3732 2210 ἔργοιςηὰναγκασσιῶ

2198 2227 2275 2290 ὡς
2306 2228 2530 2282 ἐπιόντα
2558 2230 2915 2294 ἀπωσόμενος
2943 2232 3036 2284 τὸν
3066 2232 3327 2300 πόλεμον,
3366 2220 3435 2286 τὰ
3463 2232 3596 2286 ὅπλα
3625 2234 3734 2284 ἁνα-

2198 2316 2517 2387 λαμϐάνειν,
2546 2319 2660 2391 ἀλλ’
2694 2320 2768 2383 ὡς
2816 2321 3045 2392 ἐνέχυρα
3075 2324 3240 2375 ίκανὰ
3277 2326 3410 2394 πρὸς
3436 2325 3629 2377 ἑκείνον
3650 2322 3733 2390 τῆς

2198 2409 2452 2479 διαϐολῆς
2508 2412 2761 2481 ἐχούσης.
2823 2411 2885 2467 ’0
2935 2416 3041 2484 γάρ
3094 2416 3282 2484 ἄρχων
3318 2416 3393 2487 μὴ
3447 2415 3539 2485 τὴν
3585 2416 3735 2483 ἀρχὴν

2199 2500 2526 2572 ἀφαιρεθείη
2546 2501 2817 2568 δεδοικὼς,
2844 2503 2945 2557 κᾶν
2971 2505 3421 2562 ἐπιϐουλεύεσθαι
3441 2505 3690 2573 πεισθείη·
3714 2508 3734 2554 ὁ

2200 2591 2467 2645 δουλεύων
2488 2592 2567 2657 δὲ,
2588 2593 2688 2646 οὐκ
2707 2594 2773 2647 ἂν
2797 2594 3034 2649 πείθοιτο
3048 2598 3272 2668 ῥᾳδίοις.
3293 2598 3510 2652 Τούτων
3524 2599 3582 2666 δὴ
3597 2598 3735 2650 ἕνεκα

2200 2672 2275 2731 ὧν
2304 2673 2480 2743 εἷπον,
2514 2681 2589 2749 μή
2622 2681 2788 2734 πάλιν
2818 2684 2954 2750 πρὸς
3006 2689 3312 2755 μερισμοὺς
3342 2689 3437 2759 τῆς
3465 2687 3627 2759 ἀρχῆς
3656 2688 3735 2738 ἐπὶ

2203 2771 2338 2823 πολὺ
2384 2768 2711 2843 σκεψαμένῳ
2740 2772 2886 2838 ἔδοξε
2916 2775 3026 2827 δεῖν
3065 2781 3269 2847 χωρεῖν
3292 2796 3307 2812 ο
3361 2780 3475 2835 ἀλλ’
3506 2782 3643 2850 ἡμᾶς
3683 2794 3733 2829 τε

2204 2862 2397 2924 αὐτοὺς
2433 2864 2527 2915 καὶ
2560 2864 2735 2916 πάντα
2762 2868 3024 2935 χρήματα
3071 2870 3417 2936 ἀγαγόντας,
3464 2871 3736 2941 ἐγχειρίσαι

2206 2949 2454 3022 βασιλεῖ’
2511 2952 2656 3006 οὕτω
2714 2955 2823 3025 γὰρ
2860 2956 2930 3027 ήν
2980 2958 3261 3029 ποθοῦμεν
3311 2962 3541 3032 εἰρήνην
3571 2948 3737 3029 βεϐαία

2207 3046 2510 3113 περιέσται.
2542 3045 2777 3100 Τοιαῦτα
2819 3050 2947 3118 περὶ
2995 3051 3090 3118 τῆς
3143 3052 3367 3123 εἰρήνης
3403 3053 3737 3121 διειλεγμένου

2196 3135 2292 3188 τοῦ
2325 3136 2616 3205 βασιλέως,
2650 3140 2743 3191 ἐπὶ
2778 3140 2915 3193 πολὺ
2949 3141 3048 3211 μὲν
3072 3144 3133 3195 τὸ
3167 3142 3545 3216 βουλευτήριον
3581 3143 3739 3209 σιωπὴ

2199 3227 2434 3296 κατέσχε
2468 3226 2681 3296 βαθεῖα,
2710 3232 2927 3285 πάντων
2961 3235 3097 3301 πρὶς
3121 3236 3247 3298 τοὺς
3274 3238 3464 3303 λόγους
3498 3235 3741 3299 ἐκπεπλη-

2198 3320 2440 3386 γμένων.
2484 3319 2561 3371 Οὐ
2608 3320 2715 3391 γὰρ
2759 3322 2827 3375 ἂν
2865 3322 2960 3375 ἐπὶ
3010 3326 3282 3392 τοιούτοις
3329 3327 3578 3399 ᾡήθησάν
3626 3342 3739 3379 ποτε

2197 3407 2451 3475 γενέσθαι
2512 3408 2614 3476 τὴν
2665 3412 2911 3481 εἰρήνην.
2953 3413 3436 3488 Ἀποκριναμὲνων
3484 3419 3536 3471 δὲ
3588 3417 3741 3478 οὐδὲν,

2199 3500 2561 3570 ἐπιστραφεὶς
2591 3502 2621 3553 ό
2649 3500 2903 3570 βασιλεὺς
2935 3506 3072 3575 πρὸς
3094 3508 3187 3559 τὸν
3225 3511 3406 3577 μέγαν
3433 3510 3738 3579 δομέστικονο

2201 3590 2276 3643 Οὐ
2338 3591 2570 3658 σιωπᾷν,
2600 3589 2726 3659 ἔφη,
2778 3592 2992 3663 χρεώνο
3049 3595 3164 3646 ἀλλ’
3209 3597 3379 3651 αὐτόν
3420 3615 3477 3649 τε
3504 3598 3573 3657 ὡς
3620 3596 3741 3662 ἔχεις

2201 3683 2329 3749 περὶ
2374 3680 2484 3734 τῶν
2539 3682 2849 3753 εἰρημένων
2880 3686 2974 3738 καὶ
3005 3688 3131 3748 τοὺς
3164 3688 3364 3753 ἄλλους
3412 3691 3601 3758 λέγειν.
3640 3687 3742 3740 Ἐπὶ

2199 3769 2408 3834 τούτοις
2429 3773 2458 3823 ό
2486 3772 2659 3841 μέγας
2678 3772 3000 3842 δομέστικος
3029 3773 3151 3830 εἷπε
3183 3782 3368 3835 τοιάδε
3391 3798 3405 3812 °
3429 3781 3488 3834 Εί
3511 3781 3603 3851 μὲν
3627 3779 3742 3846 πρ’ς

2202 3860 2536 3931 βαρϐάρους.
2582 3856 2627 3915 ὧ
2685 3863 2946 3931 βασιλεῦ,
2992 3870 3121 3931 τοὺς
3178 3871 3347 3937 φύσει
3402 3872 3674 3939 πολεμίους
3719 3869 3743 3920 ό

2205 3951 2440 4020 πόλεμος
2470 3954 2603 4021 ήμῐν
2624 3949 2714 4025 ἦν,
2746 3955 2902 4009 οὐδὲν
2931 3956 3119 4026 ἓτερον
3147 3959 3257 4013 ἔδει
3287 3965 3529 4027 σκοπεῖν,
3555 3962 3585 4030 ἧ
3617 3962 3743 4019 ὅπως

2203 4040 2272 4111 ἢν
2304 4041 2402 4111 μὲν
2428 4045 2849 4115 περιγενώμεθα
2872 4047 2950 4116 τῷ
2975 4048 3217 4121 πολέμῳ,
3245 4054 3515 4120 ἐπεξιέναι
3539 4056 3625 4105 x21
3644 4050 3743 4103 δια·

2205 4132 2473 4202 φθείρειν,
2513 4134 2676 4203 άρχις
2705 4136 2771 4188 ἂν
2800 4137 2831 4206 ἢ
2860 4140 3215 4208 ὲκτρίψαντες
3248 4146 3567 4215 ποιήσωμεν
3600 4147 3743 4196 Exto-

2205 4219 2332 4286 δὼν,
2361 4221 2395 4289 ἢ
2437 4222 2565 4288 τόγε
2597 4222 2848 4294 δεύτερον
2868 4226 3272 4298 δουλωσάμενοι
3299 4234 3610 4303 ποιήσωμεν
3629 4225 3740 4281 Gito-

2208 4306 2429 4380 φόρους.
2458 4313 2519 4365 Ei
2543 4314 2599 4367 δὲ
2626 4316 2889 4386 ίσόρῤοπα
2919 4319 3050 4386 ήμῑν
3079 4321 3147 4373 τά
3175 4323 3477 4393 πράγματα
3507 4319 3591 4393 ἦν,
3627 4319 3746 4389 πρὸς

532 4405 809 4460 tantulum
846 4404 1117 4457 sollicitus
1139 4442 1155 4466 ,
1187 4418 1255 4456 ne
1284 4401 1429 4470 apud
1466 4401 1672 4455 inferos
1697 4400 1838 4454 inter
1872 4399 2095 4452 damna-

2201 4402 2297 4469 τήν
2365 4402 2547 4456 αὐτῶν
2624 4405 2812 4473 χρείαν
2883 4407 3330 4478 μεθαρμόζεσθαι
3389 4414 3480 4466 καὶ
3545 4409 3738 4468 αὐτούς.

540 4506 628 4549 tos
658 4497 955 4558 referatur,
982 4495 1188 4548 bellum
1233 4495 1338 4547 hoc
1386 4492 1507 4561 paci
1544 4489 1882 4560 anteponat?
1934 4491 2100 4559 Atqui

534 4600 606 4639 ne
640 4585 722 4639 sic
746 4585 971 4652 quidem
996 4586 1156 4639 vobis
1185 4584 1611 4652 imperatoribus
1637 4581 1992 4635 distributum
2021 4592 2103 4635 est

536 4672 839 4740 imperium
866 4710 882 4733 ,
932 4680 992 4724 ut
1018 4671 1159 4724 alter
1202 4681 1446 4725 xestrum
1477 4670 1722 4724 exercitu
1770 4685 1834 4724 ex
1866 4670 2100 4734 oriente,

532 4762 677 4815 alter
706 4776 772 4813 ex
800 4761 1089 4814 occidente
1135 4760 1367 4813 collecto
1416 4759 1615 4815 militet
1643 4778 1656 4813 :
1692 4766 1835 4812 esset
1869 4757 2016 4811 enim
2046 4757 2100 4811 id

537 4850 922 4911 tolerabilius.
952 4850 1219 4904 Romanis
1271 4850 1436 4903 etiam
1485 4849 1566 4903 sic
1616 4845 2098 4909 concurrentibus,

529 4952 593 4995 et
644 4942 795 4994 inter.
824 4954 885 4992 se
926 4939 1345 5008 periiueutibus.
1396 4936 1501 5003 Qui
1550 4946 1729 4991 tamen
1784 4938 1875 4990 illa
1906 4950 2102 4990 conso-

532 5032 736 5088 latione
779 5033 1170 5094 mulcereutur,
1216 5033 1359 5101 quod
1394 5031 1660 5100 perempti
1690 5028 1846 5084 nulla
1879 5044 1975 5083 eos
2005 5043 2100 5082 co-

532 5125 797 5193 gnatione
846 5122 1201 5190 attingerent.
1256 5120 1412 5174 Nune
1464 5121 1518 5173 in
1567 5119 1847 5175 communi
1900 5118 2099 5172 Itoma-

534 5231 735 5269 norum
766 5216 1081 5269 calamitate
1105 5200 1188 5268 ita
1219 5230 1277 5269 se
1309 5231 1395 5269 res
1425 5215 1610 5281 habet,
1641 5214 1856 5282 utipsa:
1881 5212 2098 5270 doums.

534 5304 738 5356 nedum
791 5305 957 5358 urbes
1000 5303 1061 5356 in
1114 5319 1175 5357 se
1205 5304 1394 5356 divisae
1421 5306 1569 5367 sint,
1623 5312 1679 5357 et
1725 5303 1922 5354 fratres
1974 5316 2099 5355 cum

535 5393 801 5448 fratribus
830 5433 844 5455 ,
900 5404 955 5448 et
985 5393 1081 5447 lilii
1108 5410 1237 5447 eum
1288 5393 1607 5462 parentibus
1631 5433 1647 5459 ,
1696 5404 1753 5446 et
1782 5392 1942 5446 amici
1975 5407 2098 5444 eum

535 5482 734 5536 amicis
774 5483 1207 5550 germanissimis
1242 5498 1350 5535 non
1392 5497 1496 5535 suo
1548 5483 1825 5551 ipsorum,
1865 5482 1958 5534 Sed
1995 5483 2096 5533 im-

537 5580 855 5638 peratorum
905 5571 1054 5626 inter
1080 5587 1137 5626 se
1168 5571 1295 5626 odio
1329 5571 1738 5637 depra-lieiittir.
1793 5570 2099 5625 Verisimile

536 5672 706 5729 porro
747 5668 873 5724 est,
918 5661 1183 5729 quosdam
1244 5661 1663 5717 interfectorum
1694 5678 1723 5713 a
1764 5677 1822 5714 se
1881 5675 2095 5728 patrum

2214 4490 2435 4560 Ἐπειδὴ
2457 4492 2513 4545 δέ
2543 4494 2691 4547 ἐστιν
2717 4495 2841 4549 οὔτε
2869 4499 3008 4564 πρέις
3043 4499 3205 4567 φύσει
3234 4503 3524 4573 πολεμίους
3557 4500 3744 4572 βαρὸά·

2203 4598 2352 4653 ρους,
2382 4582 2508 4636 οὔτε
2547 4586 2682 4655 πρὸς
2726 4588 2825 4656 τὴν
2877 4591 3050 4660 αὐτὴν
3112 4592 3212 4661 μὲν
3267 4594 3575 4665 ᾑρημένους
3627 4593 3746 4660 θρη-

2204 4675 2389 4727 σκείαν
2422 4676 2574 4743 ήμτν,
2595 4677 2767 4740 άλλως
2788 4678 2846 4731 δὲ
2873 4681 3165 4750 πολεμίους
3188 4684 3286 4736 καὶ
3318 4685 3425 4738 ὑπὸ
3453 4685 3585 4738 ίδίαν
3604 4694 3743 4733 τετα-

2202 4763 2438 4832 γμένους
2485 4766 2806 4834 ἠγεμονίαν,
2831 4768 2925 4831 οὓς
2961 4770 3028 4823 ἄν
3068 4788 3154 4836 τις
3197 4772 3329 4836 ἴσως
3360 4776 3455 4829 καὶ
3487 4772 3743 4845 βτάζεσθαι

2204 4856 2579 4925 συγχωρήσειε
2606 4856 2950 4927 δυναμένοις.
2982 4861 3117 4915 ἀλλὰ
3145 4863 3283 4934 πρὸς
3319 4865 3617 4933 ὁμοφύλους
3661 4857 3741 4912 καὶ

2201 4945 2600 5011 οἰκειοτάτους,
2632 4946 2716 5010 τίς
2756 4949 2822 5001 ἂν
2868 4950 2991 5003 νοῦν
3036 4950 3195 5022 ἔχων,
3247 4961 3344 5008 καὶ
3394 4958 3591 5025 μικράν
3633 4965 3741 5004 τινα

2204 5034 2526 5102 ποιούμενος
2580 5032 2837 5106 φροντίδα
2890 5043 2998 5104 τοῖς
3049 5046 3107 5093 ἐν
3155 5043 3282 5115 ᾅδου
3328 5046 3628 5104 καταδίκοις
3674 5035 3740 5109 μὴ

2203 5126 2440 5176 συνεῖναι
2466 5164 2507 5189 ,,
2540 5125 2741 5195 μᾶλλον
2794 5130 2859 5182 ἂν
2901 5131 3177 5187 ἀνθέλοιτο
3229 5135 3320 5188 τὸν
3375 5134 3604 5202 πόλεμον
3652 5128 3741 5195 τῆς

2202 5214 2423 5283 εἰρήνης
2448 5229 2465 5278 ς
2507 5218 2749 5283 καίτοιγε
2794 5218 2903 5272 οὐδ’
2954 5220 3098 5274 οὕτω
3142 5226 3579 5297 συμμεμέρισται
3626 5218 3742 5288 ὑμῖν

2201 5305 2312 5365 τοῖς
2360 5303 2640 5372 βασιλεῦσι
2696 5308 2765 5359 τά
2815 5300 2944 5376 τῆς⁸
2963 5312 3159 5382 ἀρχῆς,
3195 5315 3269 5373 ὡς
3313 5314 3405 5366 τὸν
3442 5314 3536 5382 μὲν
3565 5311 3659 5377 τῆς
3684 5310 3741 5360 ἐκ

2200 5394 2293 5461 τῆ,
2327 5394 2401 5447 ἕω
2433 5399 2712 5466 στρατιᾶς,
2740 5399 2838 5470 τῆς
2867 5403 3122 5474 ἑσπερίου
3169 5407 3225 5460 δὲ
3248 5407 3336 5459 τὸν
3382 5408 3563 5476 ἕτερον
3593 5418 3741 5473 στρα-

2201 5484 2384 5550 τηγεῖν
2422 5479 2511 5554 (ἦν
2538 5487 2647 5556 γὰρ
2701 5488 2842 5542 οὕτω
2894 5508 2944 5544 τι
2988 5495 3350 5566 μετριώτερον
3373 5498 3412 5566 ⁸)
3471 5494 3740 5562 Ῥωμαίοις

2204 5572 2303 5641 μὲν
2327 5577 2419 5627 καὶ
2453 5578 2597 5630 οὕτω
2640 5579 2930 5650 Ῥωμαίων
2958 5589 3373 5655 συμπιπτόντων
3414 5590 3504 5641 καὶ
3549 5598 3738 5638 κτεινο-

2205 5664 2399 5733 μένων.
2438 5668 2625 5738 ὐμως
2651 5671 2696 5724 δ’
2720 5672 2813 5726 οὖν
2840 5691 2958 5729 τινα
3001 5681 3350 5751 παραμυθίαν
3392 5680 3451 5733 ’τὸ
3483 5679 3554 5747 μὴ
3585 5689 3736 5729 now-
