3952 6204
449 337 558 401 Ξῖι9

1641 320 1958 384 JOANNIS
1997 314 2521 377 CANTACUZENI
3557 310 3648 370 26’)

457 447 705 517 lnjurins.
730 443 926 510 inquit,
949 441 1217 509 accipere,
1241 447 1296 493 et
1319 436 1657 492 incommoda
1685 435 1882 503 injuste
1899 446 2026 499 per-

2131 428 2350 480 ἐκείνων
2377 425 2604 486 κακοῦν,
2631 424 2661 492 ἢ
2689 425 2890 492 ἀργοὺς
2927 422 3017 474 καὶ
3052 422 3364 490 ἀπράκτους
3408 420 3650 487 καθῆστῠαῖ

456 540 566 608 peti
596 554 624 590 ιι
647 550 997 604 quocunque,
1017 549 1138 586 cum
1166 548 1322 600 atque
1352 531 1548 582 malum
1573 529 1646 580 sit
1672 528 1722 578 in
1746 523 2019 585 omnibus,

453 644 555 698 pro
597 627 842 680 laedentis
889 639 1118 693 persona
1185 633 1362 675 tamen
1412 621 1532 688 plus
1582 617 1831 670 minusve
1897 627 2024 665 cru-

453 719 559 772 ciat
594 716 729 785 (25).
771 715 907 769 Hinc
942 723 1024 769 est
1055 713 1198 782 quod
1245 711 1503 764 mortales
1552 704 2022 775 priestantioribus

452 799 596 862 baud
627 815 848 878 gravate
870 822 926 860 se
947 805 1265 873 subjiciunt,
1297 801 1509 868 illisque
1531 798 1780 851 serviunt
1807 813 1821 848 :
1843 796 1909 847 de
1932 811 2024 862 pa-

455 899 606 952 ribus
624 907 828 957 autem,
845 898 887 950 si
909 895 1220 955 nocuerint,
1246 891 1525 944 vindicare
1540 904 1595 942 se
1613 889 1888 951 postulant
1909 902 1993 940 uia
2008 915 2023 928 -

454 990 690 1058 luntque
730 989 890 1041 etiam
927 980 1438 1050 discrimen'glorire
1464 981 1764 1041 incurrere,
1799 995 1864 1031 ne
1907 993 2022 1032 sero

453 1079 791 1145 viant,quam
821 1077 872 1127 in
889 1073 1171 1142 praesentia
1196 1072 1478 1124 ﬂorentem
1506 1077 1727 1129 statum,
1748 1065 1877 1118 dum
1900 1067 2022 1118 hor‘

456 1167 700 1219 ribiliora
729 1165 1144 1232 pertimescunt.
1167 1161 1282 1216 Jatn
1316 1159 1408 1228 qui
1435 1173 1533 1210 nos
1551 1157 1820 1210 lacessunt
1845 1154 2017 1216 Μωεῂ

451 1269 560 1308 non
592 1254 770 1306 solum
801 1266 906 1303 non
945 1251 1202 1318 majores,
1235 1247 1329 1302 sed
1363 1247 1548 1300 multis
1581 1246 1744 1298 etiam
1775 1244 2021 1313 partibus

450 1341 738 1396 inferiores
768 1341 926 1395 nobis
960 1350 1102 1394 sunt.
1141 1338 1271 1392 Nam
1303 1349 1357 1391 et
1402 1352 1499 1391 vos
1540 1336 1816 1406 principes
1848 1333 2019 1386 nostri

450 1433 664 1488 illorum
709 1447 863 1501 reges
896 1431 1186 1500 prudentia
1210 1470 1226 1494 ,
1279 1429 1478 1482 virtute
1501 1467 1515 1488 ,
1563 1426 1772 1480 bellicis
1809 1424 2022 1477 artibus

451 1526 610 1594 longe
636 1524 988 1589 antecellitis,
1016 1523 1394 1590 ’melioresque
1421 1535 1484 1573 ac
1513 1519 1696 1590 plures
1729 1532 1890 1586 quam
1941 1513 2018 1568 illi

453 1615 623 1674 duces
675 1617 1021 1668 liabetis:et
1071 1614 1122 1667 ei
1170 1611 1380 1680 regioni
1439 1609 1741 1678 imperatis.
1793 1622 1914 1676 qua:
1967 1615 2022 1660 et

453 1708 758 1774 frequentia
811 1705 1116 1775 copiarum,
1165 1714 1220 1756 et
1251 1701 1631 1769 amplitudine,
1684 1714 1746 1752 ac
1791 1713 2022 1752 numero

455 1798 759 1861 civitatum,
788 1805 852 1850 'et
899 1796 1098 1849 annuis
1140 1793 1521 1861 vectigalibus,
1549 1798 1605 1845 et
1641 1790 1790 1843 omni
1820 1804 2020 1857 genere

456 1896 752 1955 apparatus
793 1887 1010 1940 illorum
1042 1886 1320 1955 regionem
1355 1884 1513 1951 longo
1547 1880 1830 1935 intervallo
1861 1895 2022 1949 supe-

457 1985 559 2030 rat.
594 1975 754 2030 Nel‘as
792 1985 876 2030 est
922 1976 1086 2043 igitur
1138 1989 1252 2035 eos,
1301 1987 1627 2042 quamquam
1669 1971 2019 2033 infirmiores,

455 2066 686 2134 spiritus
727 2065 900 2118 nihilo
934 2064 1114 2118 minus
1165 2063 1453 2131 concipere
1487 2071 1545 2115 ut
1578 2060 1738 2114 nobis
1769 2069 2019 2126 noceant,

457 2171 553 2210 vos
585 2170 652 2207 an
679 2171 764 2209 em
801 2155 1042 2224 potentia
1068 2163 1248 2208 vestra
1277 2153 1351 2206 uti
1375 2153 1537 2216 nolle,
1557 2151 1652 2206 sed
1690 2153 1908 2220 impune
1929 2167 2023 2205 eos

457 2246 638 2314 vagari
672 2245 873 2300 sinere.
931 2245 1044 2298 lloc
1075 2261 1226 2314 ergo,
1280 2245 1660 2306 imperatores,
1695 2259 1896 2296 munus
1927 2259 2021 2297 ve-

455 2345 628 2390 strum
661 2351 780 2391 esse
825 2337 1084 2399 arbitror,
1119 2352 1217 2392 eos
1256 2351 1628 2404 compescere.
1659 2337 1814 2401 Quod
1837 2336 1902 2410 ad
1936 2349 2021 2388 me

457 2428 674 2492 attinet,
702 2427 896 2492 lateor,
927 2429 1132 2498 alioqui
1160 2444 1268 2482 non
1306 2429 1538 2481 invitum
1565 2429 1641 2498 (et
1668 2416 1886 2494 merito)
1925 2441 2022 2479 vo-

457 2519 655 2574 luntati
709 2527 902 2574 vestra:
949 2520 1265 2574 inservire:
1299 2519 1368 2574 ad
1420 2520 1526 2574 hoc
1577 2527 1760 2572 autem
1816 2518 2021 2571 bellum

459 2611 606 2679 quod
641 2611 824 2676 instat,
854 2627 960 2665 non
996 2611 1172 2666 solum
1219 2625 1436 2674 manus,
1471 2611 1565 2664 sed
1611 2610 1774 2664 etiam
1814 2610 2019 2677 impen-

459 2717 598 2766 sam,
626 2710 681 2757 et
721 2702 987 2773 quidquid
1033 2703 1166 2756 mihi
1214 2717 1496 2757 servorum
1536 2709 1641 2765 est,
1667 2710 1722 2756 et
1760 2711 2021 2770 quantum

462 2793 756 2845 maximum
781 2807 923 2861 queo
947 2793 1214 2857 studium,
1246 2792 1716 2860 alacritatemque,
1746 2805 1844 2860 pro
1868 2801 2024 2845 tuen-

461 2881 548 2936 dis
581 2881 781 2937 civium
814 2883 1140 2945 commodis,
1173 2894 1228 2938 et
1263 2899 1361 2954 pro
1391 2883 1560 2952 gloria
1585 2882 1828 2936 nominis
1855 2881 2024 2936 vestri

460 2973 711 3028 conferre
738 2985 961 3044 paratus
995 2990 1135 3030 sum.
1170 2973 1340 3040 Quem
1365 2974 1609 3028 animum
1635 2973 1764 3027 item
1799 2973 2026 3041 reliquis

2128 517 2423 581 παντελῶς,
2453 517 2486 584 ἦ
2529 516 2664 584 πρῖς
2698 514 2928 574 σπονδὰς
2955 515 3150 581 χωρεῖν
3203 511 3510 578 πέμψαντας
3541 510 3634 576 πρέ

2127 609 2272 661 σϐει;
2310 609 2495 669 αὐτοῖς
2525 607 2705 674 ἔργοις
2733 603 3130 674 ὁμολογοῦντας
3160 602 3233 663 ὠς
3266 602 3491 667 πάσχειν
3515 588 3656 666 μόνον

2125 699 2425 765 ἐπιτήδειοι
2497 699 2704 760 κακῶς,
2745 696 2928 748 ούκέτι
2978 695 3033 745 δέ
3068 693 3159 744 καὶ
3203 692 3454 759 ἁντιδρᾷν
3487 692 3538 750 ἐς
3572 689 3658 754 μὲν

2123 793 2246 851 τοὺς
2285 789 2571 858 πολεμίους
2608 789 2844 840 δυνατοί.
2902 779 2975 837 υῧ
3010 784 3073 851 δὴ
3135 784 3293 834 ἓνεκα
3321 779 3504 848 δέομαί
3552 795 3657 839 σου,

2126 882 2370 951 βασιλεῦ,
2403 881 2500 950 τὴν
2532 882 2619 932 ἐπ’
2641 880 2869 939 ἐκείνοις
2896 876 2990 928 καὶ
3014 878 3146 943 ἡμῖν
3181 871 3528 940 ἐκστρατείαν
3556 874 3661 920 ἐπι-

2123 972 2359 1040 τρέψαι.
2420 970 2901 1038 τιμωρησαμένοις
2948 966 3004 1018 δὲ
3069 965 3193 1026 τοὺς
3247 961 3534 1028 πολεμίους
3576 951 3662 1026 τῆς

2124 1063 2336 1125 ἀδικίας
2372 1062 2469 1130 τῆς
2509 1064 2586 1123 είς
2631 1062 2798 1131 ἡμᾶς,
2834 1060 2944 1111 τότ’
2977 1059 3078 1124 ἢδη
3111 1055 3225 1124 εἴγε
3270 1054 3506 1122 φαίνοιτο
3530 1054 3664 1104 inat-

2124 1154 2318 1214 τελεῖν,
2343 1153 2442 1215 τὰς
2477 1156 2610 1222 πρὸς
2662 1151 2859 1212 αὐτοὺς
2891 1149 3191 1218 ποιήσομεν
3239 1145 3470 1207 σπονδὰς
3509 1147 3637 1209 ἔγνω

2125 1246 2289 1306 κότας
2322 1244 2562 1314 ἀκριϐῶς
2595 1243 2668 1304 ὡς
2700 1241 3006 1302 ἀλυσιτελὲς
3042 1241 3223 1298 αὐτοῖς
3252 1238 3314 1291 τὺ
3368 1252 3665 1306 προεπιχει·

2085 1404 2092 1414 .
2128 1339 2240 1407 ρεῖν
2267 1338 2418 1405 ἡμῖν.
2453 1334 2688 1388 Τοιαῦτα
2723 1335 2819 1402 μὲν
2851 1335 2878 1386 ὁ
2909 1333 3024 1392 νέος
3053 1331 3242 1400 εἴρηκε
3281 1329 3526 1399 βασιλεὺς
3583 1330 3665 1378 τὸν

2125 1427 2494 1497 πρεσϐύτερον
2531 1427 2668 1496 πρὸς
2712 1425 2804 1478 τὸν
2841 1427 2980 1476 κατὰ
3024 1425 3130 1476 τῶν
3180 1419 3468 1490 βαρϐάρων
3523 1416 3665 1468 πόλε-

2131 1532 2233 1584 μον
2292 1515 2562 1584 ἐξορμῶν.
2604 1513 2799 1582 Παρὼν
2853 1514 2908 1567 δὲ
2945 1515 3040 1567 καὶ
3085 1515 3114 1565 ό
3156 1511 3328 1580 μέγας
3360 1507 3665 1575 δομέστικος

2123 1609 2304 1669 αὐτοῖς
2329 1606 2762 1675 διαλεγομένοις,
2805 1606 2879 1657 Τὸ
2917 1603 3244 1666 ἀδικεῖσθαι,
3279 1595 3427 1662 εἷπε,
3463 1599 3548 1648 καὶ
3577 1611 3665 1646 κα·

2125 1696 2235 1758 κῶς
2268 1697 2500 1765 πάσχειν
2527 1695 2618 1765 ὑφ’
2647 1695 2868 1749 ὁτουοῦν
2895 1697 2956 1748 ἐν
2984 1697 3148 1748 πᾶσιν
3178 1692 3293 1744 ἴσον
3323 1691 3402 1754 ὃν,
3436 1689 3596 1758 μείζω
3635 1685 3664 1754 ἢ

2053 1759 2095 1816 Β
2125 1790 2338 1844 ἐλάσσω
2365 1791 2462 1862 τὴν
2487 1791 2680 1859 ὀδύνην
2710 1788 2861 1860 παρὰ
2894 1789 2954 1842 τὸ
2977 1789 3193 1857 ἀξίωμα
3218 1788 3327 1838 τῶν
3354 1782 3665 1837 ἀδικούντων

2122 1883 2300 1953 φέρει.
2333 1885 2424 1935 Διὸ
2456 1885 2549 1936 ttat
2581 1883 2777 1944 πάντες
2807 1877 3082 1952 ἄνθρωποι
3109 1881 3220 1939 τοῖς
3257 1877 3530 1946 κρείττοσι
3577 1872 3668 1940 μὲν

2121 1974 2460 2028 δουλεύουσιν
2516 1974 2838 2044 ἀνεπαχθῶς
2865 1989 2877 2005 ·
2905 1971 3206 2042 ἀμύνεσθαι
3239 1970 3296 2022 δέ
3327 1966 3532 2034 ἀξιοῦσι
3557 1965 3668 2025 τοὺς

2125 2068 2272 2130 ῐσους
2294 2067 2360 2120 ἂν
2395 2067 2728 2121 ἀδικῶνταιο
2779 2067 2872 2120 καί
2910 2066 3109 2136 μᾶλλόν
3138 2081 3218 2118 τοι
3261 2060 3536 2131 αίροῦνται
3587 2058 3668 2109 τὸν

2123 2156 2368 2210 κίνδυνον
2409 2157 2548 2226 ὑπὲρ
2579 2157 2673 2209 τοῦ
2702 2157 2775 2226 μὴ
2802 2155 3094 2220 δουλεύειν,
3131 2158 3224 2208 καὶ
3277 2155 3376 2222 τῆς
3431 2149 3667 2209 εὐκλείας

2123 2248 2157 2317 ἢ
2185 2248 2284 2316 τὴν
2314 2250 2370 2301 ἐν
2406 2249 2481 2318 τῷ
2512 2248 2712 2301 αὐτίκα
2748 2248 3030 2319 ῥᾳστώνην
3055 2249 3164 2299 δέει
3186 2247 3298 2298 τῶν
3332 2245 3405 2314 μὴ
3441 2242 3668 2310 φοϐερώ-

2120 2353 2254 2406 τερα
2283 2339 2495 2391 παθεῖν.
2527 2339 2590 2390 Οί
2610 2339 2726 2390 νυνὶ
2741 2339 2797 2390 δέ
2821 2339 3179 2406 πολεμοῦντες
3201 2338 3338 2405 ἡμῖν
3354 2336 3546 2396 Μυσοὶ,
3573 2333 3661 2399 οὐχ

2121 2429 2263 2490 ὅπως
2284 2428 2520 2498 μείζους,
2543 2430 2678 2482 ἀλλὰ
2701 2429 2792 2482 καὶ
2819 2431 3119 2498 ἐλάσσουςή
3129 2428 3248 2498 μῶν
3279 2432 3384 2482 εἱσι
3403 2426 3573 2494 πολλῴ
3601 2423 3668 2491 τῷ

2126 2520 2326 2589 μέτρῳ.
2375 2517 2442 2573 Οἵ
2488 2535 2546 2571 τε
2597 2522 2705 2588 γὰρ
2757 2519 3128 2589 βασιλεύοντες
3174 2517 3336 2588 ἡμῶν
3371 2517 3542 2585 ὑμεῖς,
3571 2513 3666 2564 τῶν

2122 2611 2346 2663 ἐκείνων
2378 2611 2638 2679 βασιλεων
2681 2615 2769 2663 καὶ
2798 2615 3056 2682 φρονήσει
3090 2613 3185 2664 καὶ
3213 2609 3406 2680 ἀνδρία
3439 2609 3531 2662 καὶ
3585 2611 3670 2674 ἐμ.

2123 2702 2311 2772 πειρίᾳ
2335 2704 2398 2771 τῇ
2431 2701 2565 2770 πρὸς
2593 2703 2719 2764 τοὺς
2752 2701 3022 2770 πολέμους
3049 2700 3350 2770 ύπερέχετε
3379 2699 3568 2766 πολλῷο
3587 2697 3668 2749 καὶ

2126 2795 2457 2862 στρατηγοῖς
2485 2793 2634 2862 ἔχετε
2667 2793 2902 2862 χρῆσθαι
2940 2792 3278 2844 καὶ-πλείοσι
3301 2791 3392 2844 καὶ
3421 2790 3668 2860 βελτίοσιν

2126 2883 2353 2935 ἐκείνων
2378 2897 2392 2910 ·
2435 2884 2622 2953 χώρας
2652 2901 2712 2936 τε
2765 2885 2960 2953 ἄρχετε
2993 2883 3134 2935 κατὰ
3163 2883 3349 2936 πάντα
3395 2877 3669 2950 ὑπερεχού-

2131 2991 2251 3041 σης,
2287 2973 2381 3026 καὶ
2415 2975 2609 3044 πλήθει
2639 2975 2903 3044 στρατιᾶς
2960 2975 3057 3027 καὶ
3095 2958 3324 3043 μεγέθει
3363 2972 3558 3026 πόλεων
3587 2969 3669 3021 καὶ

461 3076 659 3130 genere
691 3063 1083 3119 illustrioribus
1113 3064 1293 3118 inesse
1331 3063 1461 3116 mihi
1506 3063 1833 3132 persuadeo.
1871 3063 1948 3116 Ac
1979 3062 2022 3117 si

2128 3065 2370 3135 ἀριθμῷ,
2407 3066 2498 3117 καὶ
2528 3066 2816 3133 προσόδοις
2845 3065 3106 3134 ἐτησίοις.
3137 3065 3229 3118 καὶ
3252 3068 3323 3134 τῇ
3361 3065 3493 3134 ἄλλῃ
3519 3077 3671 3113 κατα-

460 3154 620 3210 vobis
644 3156 1142 3226 videtur,jnbeatis
1176 3156 1323 3217 licet,
1359 3163 1415 3209 et
1447 3171 1548 3208 nos
1581 3155 1676 3224 qui
1702 3155 1768 3209 de
1795 3155 2024 3209 consilio

462 3259 674 3312 sumus,
702 3257 1030 3302 conventum
1060 3257 1303 3318 agentes,
1341 3247 1485 3301 inter
1516 3261 1616 3302 nos
1649 3246 1716 3300 de
1745 3245 1848 3301 isto
1884 3246 2025 3301 bello

463 3335 920 3392 deliberationem
960 3336 1310 3392 habebimus.

2130 3159 2319 3226 σκευῇ.
2361 3159 2596 3208 Ἀτοπον
2626 3152 2718 3210 οὖν
2747 3155 2987 3218 ἐκείνους
3023 3157 3121 3225 μὲν
3169 3157 3233 3208 ἐκ
3269 3155 3363 3209 τοῦ
3410 3155 3669 3212 ἐλάττονος

2127 3248 2482 3318 ὁρμωμένους
2512 3250 2659 3316 ἡμᾶς
2693 3248 2918 3309 κακοῦν,
2953 3249 3096 3316 ὑμᾶς
3154 3247 3211 3300 δὶ
3244 3247 3328 3317 μὴ
3358 3245 3580 3317 χρῆσθαι
3608 3243 3666 3308 τῇ

2129 3340 2367 3408 σφετέρᾳ
2397 3339 2576 3391 αὐτῶν
2605 3339 2858 3409 δυνάμει,
2915 3339 3037 3392 ἀλλ’
3060 3340 3156 3409 ἐᾷν
3179 3338 3384 3400 αὐτοὺς
3413 3333 3672 3404 ἀτιμωρή-

2126 3445 2272 3482 του-·.
2303 3429 2473 3482 Τοῦτο
2505 3431 2602 3499 μὲν
2639 3429 2731 3483 οὖν
2779 3430 2909 3499 ὑμῖν
2946 3431 3242 3500 προσήκειν
3276 3429 3514 3499 ἡγοῦμαι
3567 3425 3670 3484 τοῖς

466 3517 798 3591 βασιλεῦσιν.
841 3521 978 3591 Ἐγὼ
1024 3521 1102 3586 δέ,
1137 3521 1229 3576 καὶ
1257 3519 1432 3582 ἄλλως
1461 3519 1561 3590 μὲν
1589 3519 1867 3588 πρόθυμος
1903 3518 2042 3588 πρὸς
2069 3521 2130 3571 τὸ
2166 3526 2275 3584 τοῖς
2306 3523 2718 3592 προστάγμασιν
2757 3523 2911 3590 ὑμῶν
2935 3521 3295 3588 ἐξυπηρετεῖν
3323 3521 3520 3580 δίκαιος
3545 3512 3671 3567 εἶναι

466 3613 752 3682 ὁμολογῶο
787 3613 922 3682 πρὸς
981 3613 1037 3666 δὲ
1067 3615 1158 3666 τὸν
1211 3612 1484 3665 ἐνεστῶτα
1552 3613 1670 3666 νυνὶ
1732 3611 1969 3680 πόλεμον
2037 3615 2247 3664 τουτονὶ
2305 3615 2406 3666 οὐκ
2453 3615 2764 3684 αὐτοχειρίᾳ
2819 3614 3010 3682 μόνον,
3058 3612 3193 3666 ἀλλὰ
3255 3614 3354 3666 καὶ
3412 3611 3670 3680 χρήμασιν

469 3704 622 3771 ἰδίοις
650 3704 744 3758 καὶ
770 3706 1010 3769 οἰκέταις
1031 3706 1172 3775 ὑπέρ
1197 3720 1255 3758 τε
1279 3704 1376 3772 τῆς
1412 3703 1519 3755 τῶν
1585 3703 1871 3772 ὁμοφύλων
1919 3702 2212 3770 ὡφελείας,

2280 3706 2375 3758 καὶ
2432 3706 2530 3774 τῆς
2597 3706 2838 3770 εὐδοξίας
2875 3707 2981 3757 τῶν
3038 3703 3308 3774 βασιλέων
3364 3703 3532 3772 ὑμῶν,
3584 3701 3669 3765 τὴν

461 3797 697 3866 δυνατὴν
749 3797 965 3866 ἕτοιμός
1026 3800 1140 3866 εἰμι
1191 3797 1466 3866 εἰσφέρειν
1524 3797 1622 3849 καὶ
1649 3796 1878 3864 σπονδὴν
1929 3798 2024 3848 καὶ
2065 3797 2396 3865 προθυμίαν.
2431 3796 2630 3866 Οῐομαι
2674 3797 2730 3850 δέ
2799 3799 2900 3850 οὐκ
2965 3797 3126 3850 αὑτὸν
3168 3797 3370 3864 μόνον,
3421 3794 3550 3849 ἀλλὰ
3589 3793 3671 3845 καὶ

465 3891 590 3952 τοὺς
615 3890 807 3951 ἄλλους
835 3890 1035 3960 ὁμοίως
1097 3889 1225 3958 ἐμοὶ
1263 3890 1372 3940 τῶν
1419 3888 1866 3957 ἐπιφανεστέρων
1918 3888 2240 3944 διακεῖσθαι.
2290 3890 2352 3942 Ei
2421 3889 2466 3942 δ’
2534 3889 2662 3960 ὑμῖν
2714 3889 2865 3944 δοκεῖ
2934 3893 3028 3943 καὶ
3092 3893 3460 3957 προστάττετε
3507 3889 3696 3945 τοῦτο,’

468 3982 562 4036 καὶ
596 3981 717 4034 καθ’
750 3981 976 4043 ἑαυτοὺς
1005 3980 1163 4050 ὑμεῖς
1207 3980 1256 4031 οί
1291 3978 1390 4049 τῆς
1431 3976 1738 4048 συγκλήτου
1805 3979 2130 4047 ποιήσαντες
2196 3977 2491 4048 ἐκκλησίαν
2513 3979 2560 4045 ὅ,
2591 3996 2644 4031 τι
2699 3979 2805 4050 χρὴ
2835 3978 3097 4050 πράττειν
3139 3979 3540 4052 βουλευσόμεθα
3560 3977 3673 4046 περὶ

463 4073 620 4130 τοῦδε
645 4071 738 4126 τοῦ
771 4071 1028 4142 πολέμου.

1707 4181 1861 4250 113
1901 4181 2125 4237 CAPUT
2166 4179 2454 4235 XXXVIII.

464 4303 799 4367 Consultatio
843 4291 905 4355 de
941 4301 1073 4356 bello
1124 4303 1175 4355 in
1229 4301 1481 4353 barbaros
1514 4299 1866 4365 suscipiendo.
1915 4297 2186 4351 Pra'clara
2219 4299 2397 4366 magni
2423 4297 2688 4350 domestici
2710 4299 2899 4361 oratio,
2935 4315 3040 4367 qua
3074 4300 3266 4354 bellum
3316 4321 3347 4355 α
3379 4303 3674 4364 necessario,

531 4375 604 4431 ,σὺ
653 4377 864 4426 honesto
933 4381 980 4424 et
1034 4372 1496 4445 faciliusuadetur.
1539 4370 1765 4445 Additur
1798 4385 1900 4445 pro
1945 4369 2144 4445 epilogo
2180 4367 2560 4445 iiberalissima
2614 4369 2909 4445 promissio.
2957 4369 3346 4435 Protostrator,
3391 4383 3439 4426 et
3482 4375 3676 4425 comites

535 4445 766 4514 junimis
817 4437 1150 4518 imperatoris
1171 4441 1318 4518 .idem
1353 4441 1601 4518 sentiunt.
1651 4437 1957 4489 Consiliarii
1997 4439 2220 4518 senioris
2260 4437 2592 4518 dissentiunt,
2647 4439 2906 4515 privatam
2960 4440 3241 4492 utilitatem
3290 4458 3401 4510 pra:
3429 4441 3677 4495 communi

539 4507 853 4633 ξίνῖςίαηιῖε.
881 4509 1092 4562 Laudat
1125 4507 1355 4562 alteram
1391 4517 1618 4578 partem,
1646 4517 1694 4557 et
1727 4522 1975 4574 magnum
2004 4509 2341 4560 domesticum
2377 4509 2592 4572 senior;
2622 4523 2742 4560 suos
2770 4507 3051 4574 vituperat,
3091 4519 3138 4561 et
3179 4507 3299 4562 cunt
3331 4521 3512 4581 nepote
3534 4524 3677 4579 porro

540 4632 544 4633 ν
581 4598 606 4633 e
633 4598 646 4632 ι
684 4596 773 4633 era
803 4619 818 4633 .

545 4694 786 4750 Landata
839 4693 939 4745 viri
998 4689 1266 4746 sententia
1295 4727 1310 4753 ,
1355 4689 1540 4744 senior
1584 4688 1885 4757 imperator
1939 4689 2032 4742 ha-
2066 4719 2106 4774 ο

476 4787 640 4845 bendi
673 4795 894 4841 senatus
927 4785 1018 4838 dat
1047 4783 1348 4852 negotium.
1375 4781 1512 4835 Tum
1545 4790 1598 4835 et
1631 4780 1724 4848 qui
1762 4796 1885 4833 cum
1932 4797 2029 4834 ne-

475 4892 598 4952 pote
624 4879 981 4942 advenerant,
1008 4884 1061 4929 et
1083 4875 1175 4944 qui
1213 4888 1377 4943 penes
1405 4887 1562 4926 avum
1587 4872 1826 4942 Byzantii
1855 4881 2031 4936 erant,

475 4973 727 5030 homines
762 4970 992 5030 nobiles,
1029 4967 1182 5038 jussu
1223 4967 1615 5033 imperatorum
1649 4965 1703 5017 in
1746 4966 1881 5018 aula:
1919 4981 2034 5017 nie-

475 5065 566 5119 tlio
594 5063 659 5116 ad
697 5059 945 5116 consulta
989 5059 1119 5111 dum
1167 5057 1493 5122 considunt;
1525 5054 1852 5124 silentioque
1899 5071 2035 5123 pau-

477 5157 642 5225 lisper
670 5155 835 5236 facto,
863 5147 1106 5222 Byzantii
1135 5145 1496 5202 hortabantur
1522 5145 1760 5214 iunioris
1787 5146 2037 5207 comites,

2215 4690 2636 4752 Ἐπαινέσαντος
2662 4689 2716 4741 δὲ
2755 4688 2846 4742 τοῦ
2896 4691 3266 4762 πρεσϐυτέρου
3312 4695 3568 4763 βασιλέως
3596 4693 3678 4744 καὶ

2135 4782 2527 4850 ἐπιτρέψαντος
2546 4785 2644 4852 τὴν
2679 4781 2897 4851 βουλὴν,
2930 4784 2985 4835 οῖ
3010 4801 3067 4835 τε
3099 4788 3236 4852 μετὰ
3263 4786 3358 4837 τοῦ
3390 4788 3508 4838 νέου
3537 4787 3678 4852 βασι·

2133 4873 2267 4935 λέως
2300 4874 2545 4937 ἐλθόντες
2573 4876 2668 4928 καὶ
2701 4875 2751 4926 οἱ
2809 4875 2889 4946 τῷ
2922 4877 3280 4945 πρεσϐυτέρῳ
3333 4879 3577 4936 συνόντες
3628 4877 3678 4926 ἐν

2137 4963 2414 5034 Βυζαντίῳ
2443 4965 2548 5017 τῶν
2581 4965 2883 5033 ἐπιφανῶν,
2914 4967 3363 5035 προστεταχότων
3408 4969 3512 5020 τῶν
3540 4968 3681 5036 βασι·

2139 5054 2299 5118 λέων,
2333 5057 2390 5106 ἐν
2452 5055 2643 5123 μέσαις
2685 5057 2802 5117 ταῖς
2855 5057 3145 5124 βασιλείοις
3180 5058 3551 5126 ἐκαθέσθησαν
3592 5056 3682 5106 αύ-

2141 5143 2282 5208 λαῖς,
2327 5142 2738 5213 βουλευσόμενοι
2794 5146 2924 5214 περὶ
2966 5145 3059 5199 τοῦ
3113 5148 3372 5219 πολέμου.
3433 5147 3596 5216 Σιγῆς
3629 5146 3681 5196 δὲ

1739 5278 1951 5337 Jacobi
1994 5278 2256 5338 Pootani
2290 5285 2474 5337 notae.

553 5411 665 5479 (2'5)
700 5408 906 5464 Honori
948 5417 1032 5462 est
1085 5403 1488 5479 quodammodo
1531 5418 1559 5456 a
1614 5403 2034 5479 potentioribus,

481 5491 536 5536 et
559 5471 960 5535 ‘illustrioribus
990 5471 1240 5544 accipere
1292 5473 1574 5544 injuriam,
1627 5471 1771 5544 sicut
1802 5472 2034 5544 interlici

482 5566 700 5618 quoque
731 5564 762 5601 a
791 5547 926 5600 viris
957 5541 1190 5618 [ortibus
1216 5553 1271 5597 et
1305 5542 1522 5618 inclytis
1554 5559 1568 5596 ;
1607 5541 1858 5618 videmur
1891 5541 2036 5618 enim

485 5609 626 5673 t'unc'
646 5633 744 5673 nos
765 5630 982 5686 quoque
1014 5615 1070 5667 in
1093 5615 1278 5686 aliquo
1304 5609 1480 5680 pretio
1522 5624 1663 5686 esse,
1693 5609 1811 5662 sine
1837 5609 2039 5686 quibus

484 5691 715 5760 majores
755 5679 912 5740 dum;
946 5698 1067 5754 qua:
1107 5679 1317 5747 vel—int,
1346 5681 1607 5746 consequi
1659 5694 1764 5731 non
1807 5679 2034 5747 possint.

2130 5406 2248 5470 gSed
2280 5405 2401 5460 lzedi
2430 5424 2457 5461 a
2487 5408 2836 5474 contemptis,
2891 5417 2944 5462 et
2977 5407 3203 5476 abjectis
3253 5407 3376 5461 ideo
3397 5404 3541 5458 dolet
3576 5419 3684 5456 ain-

2145 5477 2310 5545 plius.
2348 5479 2474 5544 quia
2501 5494 2624 5530 cum
2654 5476 2852 5544 injuria
2886 5479 2950 5530 ad
2984 5495 3082 5532 nos
3101 5493 3321 5546 quoque
3349 5484 3683 5546 contemptus

2146 5541 2416 5624 pervenit,
2470 5555 2656 5616 utpote
2691 5541 2780 5614 qui
2809 5549 3048 5617 despecti
3085 5541 3348 5600 luetimus
3373 5560 3401 5597 a
3430 5541 3686 5597 \'€|lidl$:i‘

2144 5629 2266 5668 “iis.
