3952 6204
274 265 364 329 2(ἓί

1464 276 2001 336 IUSTO/RMBD“
2047 278 2273 337 LIBER
2317 279 2362 339 ῐ,

3401 284 3506 347 26?.

275 384 560 453 γενομένης
597 385 688 437 ἐπὶ
764 386 979 456 μικρδν,
1011 388 1057 440 οἰ
1120 390 1177 440 ἑν
1207 388 1485 459 Βυζαντίῳ
1516 394 1641 452 τοὺς
1700 390 1836 455 μετὰ

1943 402 1999 444 ιιι
2032 392 2098 444 de
2132 392 2199 445 iis
2230 408 2461 462 quorum
2497 407 2659 448 causa
2691 394 3095 460 convenissent,
3131 395 3397 461 dicerent,
3443 416 3501 454 se

274 476 360 529 τοῦ
386 478 505 530 νέου
546 477 950 546 προύκαλοῦντο
1005 479 1273 547 βασιλέως
1325 481 1578 544 ἐλθόντας
1624 482 1709 549 ἐφ’
1752 479 1834 545 οἷς

275 571 565 639 συνήγαγον
596 569 693 640 τὴν
724 570 1026 651 ἐκκλησίαν
1057 570 1258 639 λέγειν,
1292 572 1367 635 ώς
1394 573 1572 626 αὐτῶν
1608 572 1834 635 ἀτταάν

276 660 496 727 λέγωσιν
527 659 934 728 ἀκουσομένων.
981 661 1238 714 Ἐκείνων
1273 662 1328 714 δὲ
1359 663 1449 715 τὸν
1482 663 1652 732 μέγαν
1679 662 1835 729 δομέ-

274 767 450 803 στικον
484 751 950 821 προτρεπομένων
998 749 1181 817 λέγειν
1213 751 1287 814 ὡς
1321 753 1414 806 καὶ
1444 746 1623 806 αὖτῶν
1652 753 1719 806 τά
1746 752 1851 805 ῐσα’

274 842 355 892 καὶ
385 838 728 908 βουλομένων
784 840 879 891 καὶ
912 840 1272 908 φρονούντων,
1301 842 1329 892 ὀ
1363 841 1534 909 μέγας
1586 841 1835 910 δομέστι-

276 950 360 994 ao;
432 927 554 983 εἰπε
618 931 829 983 τοιάδε·
872 930 1099 995 ’Δνδρες
1151 933 1577 1001 συστρατιῶται,
1632 935 1833 1002 ὲν-ῐσῳ

274 1022 464 1081 πάντες
494 1019 771 1089 ἄνθρωποι
798 1018 1089 1083 δικαιοῦσι,
1120 1018 1200 1088 τῷ
1248 1038 1307 1073 τε
1349 1022 1447 1089 τῆς
1482 1022 1831 1091 ὑπαρχούσης

272 1112 415 1180 δόξης
465 1112 750 1179 ὑφιεμένῳ
802 1111 1119 1179 μέμφεσθαι
1148 1112 1235 1164 διά
1285 1112 1579 1180 μαλακίαν,
1612 1115 1703 1165 καὶ
1741 1115 1834 1165 τὸν

272 1202 363 1271 τῆς
398 1204 473 1271 μή
521 1202 910 1271 προσηκούσης
948 1202 1255 1273 θρασύτητι
1296 1204 1586 1273 ἐφιέμενον
1628 1209 1830 1273 μισεῖν.
1878 1247 1883 1250 ς

274 1294 356 1344 Διὸ
383 1296 478 1345 καὶ
513 1292 700 1356 αὐτὸς,
743 1293 804 1345 οὐ
846 1296 945 1362 τῆς
974 1294 1050 1363 μὴ
1100 1295 1486 1365 προσηκούσης
1511 1296 1642 1363 ἡμῖν
1674 1296 1834 1364 δόξης

277 1382 585 1452 ἀντέχεσθαι
631 1384 985 1453 παρελήλυθα
1037 1386 1482 1456 συμϐουλεύσων,
1542 1387 1676 1439 ἀλλά
1735 1389 1833 1457 τήν

277 1475 369 1528 ὑπὸ
396 1477 507 1529 τῶν
531 1477 813 1546 προγόνων
839 1478 918 1540 εἰς
949 1477 1097 1548 ἡμᾶς
1123 1478 1299 1547 ἀγῶσι
1340 1481 1434 1532 καὶ
1482 1479 1668 1542 πόνοις
1716 1480 1833 1533 δια-

1936 495 2293 549 quacumque
2322 481 2883 536 dixerintaudituros.
2911 482 3048 537 Cum
3078 484 3154 537 illi
3189 485 3286 539 has
3315 498 3501 556 partes

1935 570 2001 624 ad
2042 586 2295 639 magnum
2334 570 2701 626 domesticum
2728 572 3026 637 deferrent,
3058 577 3279 643 quicum
3311 577 3503 632 eadem

1934 660 2138 714 vellent
2155 676 2219 715 ac
2240 663 2776 723 sentirent.exorsus
2802 672 2885 717 est
2907 663 2996 717 ille
3015 665 3159 719 hunc
3180 665 3233 718 in
3248 666 3500 723 modum:

1934 748 2138 804 Omnes
2204 750 2475 813 homines,
2531 753 2635 807 viri
2684 755 3107 819 commilitones,
3157 758 3381 826 adaeque
3417 761 3505 829 ju-

1937 849 2082 894 stum
2111 852 2323 907 rentur,
2366 853 2420 897 et
2448 842 2516 897 de
2541 844 2795 912 prmsenti
2831 846 2999 914 gloria
3033 858 3131 901 Sua
3160 858 3385 917 propter
3422 852 3505 903 ii:-

1938 929 2262 985 fractionem
2319 934 2486 986 animi
2536 934 2890 988 decedentem
2943 940 3350 1005 reprehendere
3386 982 3399 1002 ,
3450 954 3505 997 et

1935 1018 2152 1072 laudem
2208 1020 2312 1073 sibi
2370 1022 2594 1077 minime
2629 1038 2921 1094 congruam
2951 1028 3295 1083 confidenter
3334 1047 3503 1100 appe-

1935 1120 2139 1165 tentem
2170 1113 2442 1167 aversari.
2466 1112 2734 1179 Quocirca
2768 1133 2874 1171 non
2899 1133 2999 1188 ego
3025 1119 3078 1173 in
3108 1122 3347 1175 medium
3378 1139 3505 1191 pro-

1934 1202 2058 1265 deo,
2086 1213 2145 1257 ut
2184 1203 2342 1257 vobis
2374 1205 2560 1272 gloria:
2591 1222 2699 1259 non
2730 1207 2931 1260 debitze
2962 1212 3271 1264 asserenda:
3309 1228 3502 1264 τιιιιιιιπ

1935 1290 2078 1355 sim;
2137 1291 2232 1344 sed
2292 1301 2351 1344 ut
2397 1293 2548 1362 ejus,
2604 1310 2767 1361 quam
2816 1298 3048 1367 majores
3086 1300 3251 1353 vestri
3292 1303 3503 1368 magn's

1934 1382 2383 1437 contentionibus
2410 1384 2799 1456 laboribusque
2827 1397 3035 1456 partam
3090 1390 3156 1443 ad
3194 1406 3290 1443 vos
3320 1400 3501 1445 trans-

1937 1471 2237 1537 miserunt,
2258 1488 2354 1542 per
2382 1473 2649 1540 ignaviam
2679 1477 2745 1530 ad
2777 1494 2864 1532 res
2893 1479 3056 1533 duras
3088 1489 3143 1532 et
3165 1482 3500 1548 periculosas

279 1567 551 1630 σωθεῖσαν,
605 1567 843 1639 ἀτολμίᾳ
898 1572 965 1639 τῇ
1023 1571 1157 1640 πρὸς
1209 1572 1278 1624 τά
1326 1571 1475 1626 δεινά
1512 1572 1722 1626 ἐλάσσω
1757 1573 1833 1643 μὴ

1937 1578 2044 1615 non
2076 1563 2435 1619 obscuranda:
2458 1567 2750 1622 consilium
2782 1564 3111 1636 impértiam.
3144 1570 3221 1624 Ne
3241 1589 3368 1625 vero
3398 1574 3468 1626 mi

283 1662 460 1711 ποιεῖν.
487 1659 575 1728 Μὴ
608 1659 927 1728 θαυμάσητε
961 1661 1017 1713 δὲ
1046 1662 1093 1713 εἰ
1120 1661 1403 1731 βασιλεῦσι
1431 1667 1562 1733 περὶ
1591 1666 1701 1716 τῶν
1726 1683 1836 1718 τοι·

1939 1667 2059 1705 rnm
2092 1655 2326 1722 accidat,
2361 1656 2405 1709 si
2443 1672 2567 1710 cum
2606 1657 2727 1711 talis
2768 1658 3095 1713 deliberatio
3141 1662 3502 1730 imperatores

285 1752 437 1802 οντων
469 1750 816 1818 βουλεύεσθαι
857 1756 1151 1822 προσῆκον,
1188 1754 1349 1817 αὐτὸς
1381 1755 1511 1824 ὑμῖν
1543 1756 1833 1826 προῦθηκα

1937 1744 2149 1809 deceat,
2181 1760 2283 1815 ego
2306 1761 2427 1800 eam
2461 1747 2619 1801 vobis
2652 1765 2974 1819 proponam.
3004 1751 3092 1807 Sic
3122 1754 3266 1807 enim
3294 1762 3497 1819 statuo,

289 1840 368 1911 τὴν
390 1840 602 1912 βουλήν.
640 1841 916 1912 Ἠγοῦμαι
948 1843 1057 1913 γὰρ
1096 1844 1191 1897 κα)⁵
1226 1844 1378 1898 πόλιν
1427 1840 1802 1916 αὐτονομουμέ

1937 1844 1993 1887 ct
2021 1834 2300 1889 civitatem
2328 1836 2580 1902 liberam,
2608 1849 2663 1894 et
2696 1856 2921 1909 regnum
2953 1844 3075 1912 plus
3102 1845 3327 1912 privatis
3352 1862 3502 1899 coin-

294 1951 370 2004 νην
396 1939 485 1989 καὶ
519 1933 799 2004 βασιλείαν
831 1934 1004 1990 πλείω
1032 1937 1157 2000 τοὺς
1195 1936 1415 2001 ἰδιώτας
1442 1915 1673 2007 ὠφελεῖν
1702 1939 1839 2009 σύμ-

1937 1928 2309 1992 modaturum,
2356 1931 2402 1983 si
2434 1924 2786 1986 universum
2844 1933 2973 1987 felix
3024 1935 3098 1988 sit
3152 1951 3217 1989 ac
3262 1940 3500 2001 beatum,

299 2042 452 2079 τασαν
485 2026 848 2097 ὀρθουμένην,
904 2027 938 2097 ἢ
1001 2029 1189 2091 κακῶς
1249 2029 1563 2099 πάσχουσαν
1610 2030 1834 2101 ἀθρόαν,

1937 2031 2099 2085 quam
2140 2018 2185 2072 si
2213 2018 2427 2075 civibus
2459 2019 2668 2075 interea
2705 2022 2934 2091 singulis
2981 2022 3259 2088 felicibus,
3321 2026 3498 2094 ipsum

298 2115 395 2167 καθ’
420 2116 644 2168 ἕκαστον
675 2116 731 2168 δὲ
770 2116 1163 2187 εὐπραγοῦσαν
1206 2119 1314 2172 τῶν
1343 2119 1601 2174 πολιτῶν.
1632 2124 1837 2174 Δυστυ-

1939 2118 2113 2163 tatum
2164 2110 2325 2165 simul
2377 2111 2681 2181 'aﬂligatur.
2736 2113 2870 2167 Nam
2933 2114 3304 2171 infortunatus
3349 2118 3502 2186 quis-

300 2206 389 2276 χῶν
415 2207 507 2276 μὲν
532 2208 641 2276 γὰρ
665 2210 725 2260 ἐν
746 2209 1101 2282 εύπραγούσῃ
1134 2212 1197 2279 τῇ
1254 2211 1475 2280 πατρίδι
1526 2211 1740 2281 μάλιστ’
1769 2212 1835 2263 ἄν

1937 2206 2081 2271 piam
2117 2202 2170 2255 in
2228 2202 2401 2271 patria
2435 2202 2709 2257 fortunata
2744 2205 2954 2271 servari
3003 2205 3255 2260 facillime
3291 2219 3497 2276 queat:

301 2304 365 2352 τις
387 2292 694 2356 διασώζοιτο
714 2311 729 2327 ο
763 2292 828 2347 εὖ
856 2295 913 2348 δὲ
935 2298 1234 2366 φερόμενος
1262 2300 1320 2365 ἐν
1348 2300 1643 2373 ἀτυχούσῃ,
1684 2302 1835 2355 οὐδὲν

1938 2294 2219 2349 fortunato
2242 2303 2426 2348 autem
2453 2296 2506 2347 in
2537 2295 2709 2364 patria
2752 2296 2949 2351 misera
2987 2298 3344 2351 nihilominus
3371 2314 3496 2353 cum

303 2375 436 2450 ἧττον
460 2385 873 2439 συναπόλλυται.
923 2386 1114 2441 Ὁπότε
1148 2383 1244 2444 οὖν
1272 2390 1368 2443 καὶ
1415 2392 1570 2454 πόλις
1614 2394 1705 2443 καὶ
1738 2391 1836 2461 βα-

1937 2385 2060 2439 aliis
2113 2387 2451 2455 pereundum
2495 2396 2600 2443 est.
2646 2386 2874 2453 Quando
2923 2388 3088 2458 igitur
3127 2390 3341 2451 civitas,
3403 2399 3500 2445 aut

304 2475 450 2528 σιλεία
476 2477 606 2547 πρὸς
640 2477 739 2547 μὲν
772 2479 870 2542 τάς
906 2480 1044 2543 ἰδίας
1073 2484 1358 2552 συμφορὰς
1387 2483 1536 2537 οῐατε
1569 2485 1834 2553 ἀντέχειν,

1938 2492 2163 2546 regnum
2212 2491 2340 2532 suas
2373 2478 2442 2531 ab
2478 2493 2536 2532 se
2575 2479 2915 2533 calamitates
2956 2480 3247 2549 prohibere
3295 2490 3497 2551 potest,

306 2558 370 2626 εἷς
388 2565 436 2618 δέ
463 2567 690 2630 ἕκαστος
727 2567 992 2632 ἀδύνατος
1026 2572 1164 2642 πρὸς
1204 2575 1305 2637 τάς
1333 2575 1572 2644 ἐκείνης,
1610 2576 1727 2638 πῶς
1772 2576 1833 2628 οὐ

1938 2575 1994 2622 et
2028 2584 2125 2636 per
2158 2582 2216 2623 se
2248 2568 2628 2637 unusquisque
2682 2571 2934 2640 proprias
2983 2587 3092 2626 non
3148 2583 3347 2641 potest,
3403 2573 3498 2642 qui

306 2660 390 2727 χρὴ
410 2662 558 2712 παντὶ
585 2661 776 2731 τρόπῳ
804 2661 1013 2725 πάντας
1042 2662 1271 2731 ἀμύνειν
1316 2666 1453 2735 αὐτῇ
1480 2683 1495 2730 ;
1531 2665 1568 2720 ἀ
1610 2668 1710 2736 μὲν
1745 2666 1837 2720 οὖν

1941 2659 2158 2713 tandem
2197 2658 2249 2714 ei
2284 2674 2394 2712 non
2433 2662 2581 2713 omni
2632 2660 2843 2715 ratione
2888 2661 2957 2716 ab
2987 2663 3245 2717 omnibus
3273 2678 3503 2718 succur-

303 2751 367 2811 εἰς
393 2751 528 2818 ἡμᾶς
579 2753 608 2805 ό
656 2752 766 2804 τῶν
803 2753 1004 2806 Μυσῶν
1033 2753 1287 2825 ἐξύϐρισε
1329 2756 1601 2826 βασιλεὺς,
1636 2761 1836 2821 πάνιες

1941 2751 2172 2807 rendam
2202 2753 2328 2808 est?
2350 2750 2469 2807 Jam
2514 2767 2635 2822 qua:
2663 2751 2953 2808 Moesorum
2989 2768 3082 2808 rex
3112 2754 3409 2808 insolenter
3449 2756 3502 2808 in

300 2840 545 2909 ἀκηκόατε
573 2845 669 2897 καὶ
695 2844 870 2900 αὐτοί.
896 2846 1018 2898 Τῶν
1050 2846 1227 2900 ἀλλων
1254 2849 1363 2917 γὰρ
1394 2848 1670 2920 λῃστείαις
1694 2867 1834 2919 χρω-

1943 2860 2041 2900 nos
2070 2846 2376 2910 admiserit,
2434 2846 2537 2899 nec
2582 2859 2679 2898 vos
2721 2844 2912 2913 utique
2959 2844 3150 2899 latent.
3204 2845 3337 2899 Nam
3378 2861 3504 2900 eum

302 2925 745 3006 μένων,ῆ“είποτε
782 2940 870 2989 καλ
907 2938 1218 2991 εσόἁλλοιεν
1271 2941 1520 3009 στρατιᾷ.
1564 2941 1693 3011 ἀχρι
1736 2943 1836 3008 τῆς

1941 2933 2227 3002 ιιτωάοιιεε
2259 2932 2374 2997 alii,
2407 2932 2658 3002 quamvis
2681 2945 3078 3000 nonnunquam
3106 2931 3272 2986 etiam
3301 2943 3507 3009 turnia-7

299 3021 450 3091 ἄκρας
483 3027 918 3094 ἀφικνουμένων,
950 3029 1045 3080 καὶ
1081 3027 1200 3096 ἀμα
1243 3027 1321 3098 τῷ
1351 3018 1607 3099 αἴσθησιν
1659 3047 1837 3101 παρα-

1942 3024 2037 3077 tim
2065 3021 2384 3090 irruperint,
2410 3021 2572 3075 simul
2591 3020 2657 3075 ad
2677 3022 2811 3075 lines
2836 3028 3221 3091 pervenerunt,
3238 3029 3291 3073 et
3315 3020 3506 3074 adesse

300 3119 448 3184 σχεῖν,
475 3120 979 3191 ἀποδιδρασκόντων
1007 3122 1086 3184 εἰς
1121 3123 1220 3192 τὴν
1259 3122 1414 3186 ἰδίαν,
1457 3123 1620 3185 αὐτὸς
1646 3123 1836 3192 ὥσπερ

1944 3113 2320 3168 animadversi
2351 3122 2499 3174 sunt.
2536 3112 2592 3166 in
2626 3112 2783 3166 sedes
2816 3126 2944 3166 suas
2976 3110 3223 3178 refugere
3253 3111 3502 3179 soleant;

298 3210 384 3262 οὐκ
403 3212 478 3275 εἰς
510 3200 796 3282 πολεμίαν,
832 3213 947 3267 ἀλλ’
975 3217 1054 3280 εἰς
1094 3214 1192 3285 τήν
1225 3215 1361 3268 ἰδίαν
1392 3215 1710 3286 ποιούμενος
1740 3216 1837 3278 τὰς

1940 3205 2043 3260 iste
2074 3206 2300 3274 perinde
2330 3203 2485 3274 quasi
2516 3219 2625 3258 non
2658 3202 2712 3259 in
2741 3203 3005 3263 hostium.
3035 3201 3130 3257 sed
3164 3203 3222 3258 in
3252 3203 3367 3257 suis
3393 3213 3500 3257 ter-

303 3304 712 3369 στρατοπεδείας,
758 3305 1014 3374 ἀσφαλῶς
1064 3304 1375 3375 καθήμενος
1420 3306 1576 3377 ἐδῄου
1612 3305 1708 3376 τήν
1734 3307 1838 3374 γῆν

1941 3297 2016 3351 ris
2045 3296 2273 3350 haberet
2304 3295 2407 3349 sub
2442 3294 2614 3365 signis
2643 3294 2971 3356 exercitum,
3002 3293 3152 3348 nullo
3185 3304 3333 3349 metu
3372 3294 3509 3348 ﬁnes

297 3393 439 3459 ἡμῶν
467 3396 554 3448 ἐπὶ
576 3396 904 3451 δυοκαίδεκα
925 3397 1183 3468 ἡμέραις.
1212 3397 1323 3451 Καὶ
1349 3398 1588 3468 προῆλθέ
1616 3414 1679 3466 γε
1709 3398 1839 3467 ἀχρι

1940 3396 2161 3442 nostros
2224 3385 2426 3440 insedit
2502 3386 2698 3440 diebus
2752 3385 3040 3440 duodecim
3112 3385 3263 3454 agris
3333 3401 3507 3453 usque

301 3478 462 3551 Βήρας
512 3486 604 3537 καὶ
636 3486 1138 3555 Τραιανουπὸλεως,
1174 3488 1389 3557 τέμνων
1438 3489 1633 3558 αὑτήν.
1678 3488 1744 3540 Εἴ
1764 3505 1842 3557 τῳ

1942 3478 2163 3541 Beram,
2199 3476 2359 3547 ιιι
2390 3486 2448 3531 et
2470 3475 2853 3547 Trajaaniolin
2889 3475 3363 3544 depopulationem
3407 3475 3507 3527 ho-

298 3572 346 3626 δὶ
375 3577 509 3631 δοκεῖ
531 3578 620 3632 διά
650 3580 709 3633 τὸ
735 3581 798 3632 ἐκ
836 3580 1096 3650 προνοίας
1125 3583 1183 3634 ἐν
1224 3585 1345 3645 ταῖς
1375 3583 1562 3636 πόλεσι
1597 3583 1693 3637 καὶ
1730 3585 1841 3647 τοῖς

1941 3572 2141 3627 stiliter
2164 3569 2372 3622 intulit.
2395 3567 2551 3631 Quod
2590 3584 2637 3621 si
2666 3567 2793 3636 quis
2820 3575 2998 3636 putat,
3024 3566 3153 3635 quia
3189 3582 3247 3621 re
3289 3570 3505 3635 provisa

301 3671 559 3738 φρουρίοις
613 3671 683 3724 τά
713 3688 772 3722 τε
835 3669 1157 3741 βοσκήματα
1190 3674 1285 3726 καὶ
1337 3665 1464 3736 τοὺς
1517 3674 1842 3738 ἀνθρώπους

1943 3669 2186 3731 agrestes
2216 3674 2274 3713 se
2306 3674 2428 3712 cum
2476 3658 2785 3728 pecoribus,
2829 3659 3068 3716 castellis
3092 3670 3254 3727 atque
3283 3659 3509 3713 urbibus

302 3756 838 3824 ἐγκατακλεισθέντας
868 3761 1084 3815 ἐλάσσω
1140 3764 1172 3833 ἢ
1237 3763 1405 3833 ἐχρῆν
1459 3762 1711 3830 γενέσθαι
1746 3763 1842 3829 τὴν

1944 3750 2292 3813 incluserint,
2329 3749 2514 3802 minus
2551 3749 2871 3805 detrimenti
2899 3760 3181 3817 acceptum
3198 3764 3320 3803 esse
3346 3765 3506 3817 quam

303 3842 487 3914 ζημίαν
514 3850 737 3902 ἀνεκτὸν
773 3847 934 3915 εἰναι,
986 3850 1118 3904 [στω
1159 3851 1445 3917 ἐξαπατῶν
1487 3854 1697 3905 ἑαυτόν.
1719 3853 1842 3903 Ὲάν

1945 3843 2235 3915 potuisset,
2264 3852 2320 3896 et
2354 3840 2562 3895 idcirco
2598 3840 2879 3895 tolerabile
2898 3839 3093 3906 videri,
3115 3857 3196 3895 me
3219 3841 3308 3895 ille
3343 3843 3507 3893 veho-

1950 3945 2167 3991 menter
2203 3942 2373 3987 errat.
2406 3931 2518 3986 Nisi
2552 3947 2697 3986 nunc
2728 3947 2824 3986 eos
2855 3946 2952 4000 pro
2999 3945 3065 3985 eo
3115 3946 3179 3984 ac
3232 3943 3511 3986 metemur

1946 4025 2349 4097 punivcrimus,
2378 4026 2576 4077 iterum
2608 4038 2670 4077 ac
2706 4023 2929 4077 tertium
2961 4023 3262 4090 irrumpent
3293 4040 3306 4075 :
3332 4037 3511 4087 neque

1945 4117 2123 4173 solum
2164 4115 2444 4170 tenuiores
2479 4115 2627 4168 cives
2655 4115 2769 4167 suis
2794 4113 3146 4167 facultatibus
3169 4114 3507 4183 spoliahunt;

301 4208 716 4281 ἀποστερήσουσι
746 4212 841 4265 καὶ
869 4214 1092 4278 τούτων,
1123 4214 1259 4267 ἀλλά
1300 4214 1396 4267 καὶ
1427 4215 1574 4285 ἡμᾶς
1603 4216 1726 4275 τοὺς
1753 4214 1842 4266 δυ-

1945 4208 2039 4264 sed
2076 4221 2176 4262 nos
2210 4221 2431 4277 quoque
2461 4204 2778 4274 opulentos,
2810 4204 2903 4273 qui
2951 4204 3152 4258 multas
3182 4219 3247 4257 ac
3300 4203 3513 4258 nobiles

302 4302 478 4364 νατοὺς
509 4304 678 4357 πολλά
712 4304 849 4357 καλά
876 4304 1132 4375 κτήματα
1163 4303 1388 4372 ἔχοντας
1427 4307 1571 4358 κατὰ
1600 4304 1699 4373 τὴν
1743 4306 1842 4374 χώ-

1950 4311 2060 4354 ιοια
2114 4299 2337 4368 regione
2374 4294 2750 4367 possessiones
2801 4297 3101 4360 habemus,
3148 4296 3361 4351 damnis
3405 4312 3513 4350 non

307 4406 399 4458 ραν
430 4393 767 4463 ζημιώσουσι
826 4394 1016 4448 πολλά.
1050 4393 1142 4447 Διδ
1186 4394 1252 4464 δὴ
1290 4396 1384 4448 καὶ
1414 4397 1664 4465 παραινῶ
1698 4397 1842 4465 ὑμῖν,

1951 4392 2425 4461 qualibuscunque
2470 4388 2729 4444 adicient.
2764 4389 3129 4455 Quamobrem
3167 4390 3354 4442 hortor
3393 4398 3509 4452 vos,

304 4482 454 4548 ὁμόσε
495 4488 690 4556 χωρεῖν
723 4486 838 4546 τοῖς
893 4484 1192 4555 πολεμίοις,
1231 4485 1306 4555 μὴ
1346 4485 1657 4554 φρονήματι
1687 4486 1842 4554 μόνον

1953 4493 2014 4537 ut
2055 4497 2164 4536 non
2198 4482 2360 4535 modo
2397 4496 2502 4549 qua
2552 4480 2845 4535 altitudine
2891 4479 3079 4544 animi,
3128 4495 3314 4534 verum
3348 4479 3512 4534 etiam

305 4574 404 4625 τῶν
426 4577 717 4644 προγόνων,
750 4576 885 4628 ἀλλά
915 4577 1010 4628 καὶ
1030 4576 1485 4645 καταφρονήματι
1509 4578 1842 4645 χρεομένους.

1949 4589 2054 4643 qua
2081 4573 2300 4627 illorum
2339 4570 2698 4639 despicientia
2744 4572 2978 4642 majores
3009 4572 3177 4625 vestri
3215 4586 3513 4625 consueve—

320 4664 528 4719 Ἐκεῖνοι
557 4684 615 4720 τε
645 4668 756 4737 γὰρ
785 4668 852 4719 ἐκ
882 4667 977 4719 τοῦ
1008 4667 1093 4718 ἀεὶ⁵
1121 4658 1276 4734 νίκᾷν
1311 4667 1436 4729 τοὺς
1458 4668 1697 4728 Μυσοὺς,
1720 4671 1842 4734 ἐχυ-

1950 4674 2099 4725 runt,
2157 4664 2215 4717 in
2276 4663 2466 4716 hostes
2519 4662 2794 4716 feramini.
2839 4662 2972 4716 Nam
3032 4662 3108 4715 illi
3144 4661 3288 4731 quod
3320 4661 3517 4715 Μαιεος

308 4758 534 4826 ματέραν
558 4759 772 4828 ἔχοντες
799 4757 900 4827 τὴν
948 4756 1169 4825 τόλμαν,
1208 4755 1692 4825 καταφρονητικῶς
1713 4756 1842 4825 ἐπῄ-

1948 4770 2166 4824 Semper
2197 4755 2506 4817 vincerent,
2544 4755 2716 4809 tutius
2748 4753 3040 4811 audentes.
3072 4755 3426 4820 contemptim
3457 4754 3512 4809 in

306 4861 427 4899 εσαν
459 4827 655 4914 αὐτοῖς,
691 4849 788 4902 καὶ
814 4849 947 4917 ήμῖν
981 4847 1076 4899 ἐὰν
1121 4846 1220 4913 τῆς
1263 4846 1486 4899 ἐκείνων
1516 4847 1716 4916 ἀρετῆς
1754 4849 1842 4898 καὶ

1951 4868 2047 4909 eos
2078 4854 2444 4908 invadebant:
2477 4854 2794 4921 etnobis,si
2826 4869 3017 4907 eorum
3045 4854 3301 4907 virtutem
3321 4855 3515 4907 alacri-

306 4940 592 5009 προθυμίας
620 4939 879 5009 φανῶμεν
913 4938 1173 5005 ζηλωταὶ,
1205 4938 1266 4990 τὺ
1294 4937 1425 4989 αὐτὸ
1448 4937 1842 5006 ἐξέσται.Ἐχο-

1951 4955 2230 5015 tatemque
2269 4945 2669 5010 mniulabimur,
2726 4945 2869 4999 idem
2919 4944 3127 4999 licebit.
3163 4944 3325 4997 Multa
3356 4958 3518 5011 porro

309 5046 405 5098 μεν
428 5032 481 5083 δὲ
502 5034 595 5085 καὶ
623 5031 792 5083 πολλὰ
818 5030 1052 5098 ἐνέχυρα
1089 5029 1305 5097 ἀσφαλῆ
1343 5028 1435 5082 τοῦ
1464 5030 1842 5097 περιγενέσθαι

1951 5049 2017 5090 ac
2055 5050 2165 5088 non
2213 5034 2380 5089 dubia
2423 5034 2664 5100 victoriae
2696 5033 2920 5103 pignora
2980 5032 3350 5103 suppeditant.
3396 5029 3518 5083 Pri-

307 5119 374 5172 ἂν
394 5123 560 5175 αὐτῶν
597 5125 656 5175 ἐν
680 5121 761 5190 τῷ
789 5121 1012 5189 πολέμῳ
1030 5136 1046 5151 ο
1075 5120 1112 5191 ἥ
1136 5136 1194 5171 τε
1216 5120 1324 5190 γὰρ
1352 5119 1595 5189 ἡμετέρα
1622 5119 1842 5187 στρατιὰ

1952 5141 2101 5180 mum
2139 5127 2285 5179 enim
2322 5124 2494 5196 copiae
2520 5135 2719 5179 nostrae
2752 5124 2985 5194 majores
3011 5132 3161 5176 suttt.
3196 5119 3396 5174 Deinde
3424 5134 3519 5187 ap-

310 5214 516 5274 πλείων.
544 5216 637 5268 καὶ
663 5213 737 5265 τὰ
763 5213 995 5281 πολέμια
1028 5212 1391 5280 κραταιοτίρα
1412 5225 1426 5240 ⁸
1460 5211 1613 5278 ὑμῶν
1659 5226 1718 5261 τε
1748 5209 1842 5277 τῆς

1946 5224 2172 5285 paratus
2196 5215 2420 5283 bellicus
2439 5214 2705 5277 validior;
2738 5214 3003 5281 multique
3026 5211 3096 5266 de
3124 5210 3229 5263 hoc
3258 5221 3517 5262 consessu

309 5304 596 5373 συγκλήτου
629 5304 813 5358 πολλοὶ
838 5304 948 5355 τῶν
979 5302 1203 5355 ἐκείνων
1234 5300 1519 5377 βασιλέων,
1549 5300 1609 5352 ού
1644 5302 1842 5369 φρονή·

1950 5318 2140 5360 nostro
2172 5306 2392 5375 regibus
2417 5305 2656 5377 ipsorum
2683 5314 2737 5359 et
2761 5302 3072 5374 prudentia,
3095 5310 3150 5354 et
3176 5297 3514 5361 fortitudine,

310 5407 393 5443 σει
430 5395 602 5457 μόνον,
631 5393 768 5445 ἀλλά
798 5391 892 5445 καὶ
917 5392 1111 5462 ἀνδρίᾳ
1137 5390 1230 5444 καὶ
1251 5391 1416 5461 πείρᾳ
1435 5392 1500 5460 τῇ
1533 5390 1666 5460 πρὸς
1690 5408 1842 5459 στρα‹

1951 5409 2008 5454 et
2035 5400 2116 5453 rei
2152 5398 2403 5451 militaris
2437 5414 2534 5451 usu
2569 5404 2848 5466 pi-zestant.
2894 5393 3069 5459 Adde,
3110 5391 3254 5461 quod
3290 5388 3522 5459 pecunia

307 5484 487 5551 τηγίας
539 5485 832 5556 ὑπερέχετε
887 5484 1056 5537 πολύ⁶
1093 5486 1342 5553 χρήμασί
1385 5500 1444 5536 τε
1495 5483 1600 5536 οὐκ·
1644 5486 1708 5537 ἐκ
1743 5485 1842 5536 τῶν

1952 5495 2059 5557 qua
2093 5487 2332 5556 publica,
2358 5501 2463 5556 qua
2493 5487 2700 5554 privata
2728 5485 2851 5553 plus
2876 5484 2986 5537 illis
3020 5496 3312 5552 possumus
3339 5497 3353 5533 :
3384 5494 3448 5533 ea
3475 5475 3523 5532 si

309 5575 491 5627 κοινῶν
530 5579 709 5644 μόνον,
769 5577 904 5629 ἀλλά
968 5579 1062 5629 καὶ
1094 5578 1159 5629 ἐκ
1215 5574 1322 5627 τῶν
1378 5575 1524 5628 ἰδίων
1560 5575 1842 5645 ἐρρώμεθα

1955 5580 2060 5635 hoc
2098 5589 2342 5648 tempore
2381 5593 2486 5631 nou
2516 5578 2749 5639 utimur,
2793 5589 2923 5629 num
2966 5572 3188 5644 quando
3216 5586 3339 5627 cum
3374 5582 3530 5625 emo-

313 5666 501 5729 μὶλλον
525 5671 767 5724 ἐκείνων.
801 5665 895 5732 Οἷς
950 5667 998 5720 εἰ
1032 5668 1107 5737 μή
1158 5665 1507 5748 χρησαίμεθα
1522 5665 1663 5748 lviii,
1689 5667 1842 5748 ὁπότε

1954 5670 2201 5725 iumento
2231 5679 2418 5725 nostro
2448 5668 2598 5724 usuri
2631 5668 2824 5736 simus,
2846 5666 3103 5736 equidem
3135 5664 3348 5722 dubito.
3375 5661 3529 5729 Quo~

303 3938 399 4008 γὰρ
423 3942 493 4012 μὴ
524 3940 620 3993 νῦν
669 3942 1117 4013 τιμωρησώμεθα
1162 3945 1361 4008 αὐτοὺς
1385 3944 1569 4009 ἀξίως,
1604 3945 1698 3995 καὶ
1726 3944 1846 3996 δευ-
1880 4002 1883 4007 ἴ

302 4028 453 4096 τέραν
477 4029 698 4100 ἐσϐολήν
725 4034 1037 4101 ποιήσονται
1076 4034 1172 4086 καὶ
1205 4033 1393 4103 τρίτην
1416 4048 1429 4064 ⁸
1464 4035 1557 4086 καὶ
1587 4035 1648 4086 οὐ
1687 4035 1846 4102 μόνον

302 4119 415 4179 τοὺς
444 4120 547 4171 τῶν
575 4122 784 4175 πόλεων
810 4123 1012 4192 δήμους
1031 4125 1127 4177 ἀπ’
1157 4124 1463 4179 ἐλασσόνων
1492 4126 1844 4194 ὁρμωμένους
