  <div class='ocr_page' id='page_1' title='image "/cluster/home/n/w/nwhite01/storage/ocr_20150623/153/hvd.32044073502643/157.png"; bbox 0 0 3952 6204; ppageno 0'>
   <div class='ocr_carea' id='block_1_1' title="bbox 431 280 537 355">
    <p class='ocr_par' dir='ltr' id='par_1_1' title="bbox 431 280 537 355">
     <span class='ocr_line' id='line_1_1' title="bbox 431 280 537 355; baseline -0.009 -14"><span class='ocrx_word' id='word_1_1' title='bbox 431 280 537 355; x_wconf 70' lang='grc' dir='ltr'><strong>εοι</strong></span> 
     </span>
    </p>
   </div>
   <div class='ocr_carea' id='block_1_2' title="bbox 1629 263 2518 330">
    <p class='ocr_par' dir='ltr' id='par_1_2' title="bbox 1629 263 2518 330">
     <span class='ocr_line' id='line_1_2' title="bbox 1629 263 2518 330; baseline -0.01 0"><span class='ocrx_word' id='word_1_2' title='bbox 1629 272 1663 330; x_wconf 86' lang='lat' dir='ltr'>J</span> <span class='ocrx_word' id='word_1_3' title='bbox 1676 263 1955 330; x_wconf 75' lang='lat' dir='ltr'><strong>JANle</strong></span> <span class='ocrx_word' id='word_1_4' title='bbox 1995 265 2379 326; x_wconf 64' lang='lat' dir='ltr'><strong>CANTACUZ</strong></span> <span class='ocrx_word' id='word_1_5' title='bbox 2392 264 2518 322; x_wconf 76' lang='lat' dir='ltr'><strong>ENl</strong></span> 
     </span>
    </p>
   </div>
   <div class='ocr_carea' id='block_1_3' title="bbox 3546 261 3638 322">
    <p class='ocr_par' dir='ltr' id='par_1_3' title="bbox 3546 261 3638 322">
     <span class='ocr_line' id='line_1_3' title="bbox 3546 261 3638 322; baseline 0 -1"><span class='ocrx_word' id='word_1_6' title='bbox 3546 261 3638 322; x_wconf 81' lang='lat' dir='ltr'><strong>30l</strong></span> 
     </span>
    </p>
   </div>
   <div class='ocr_carea' id='block_1_4' title="bbox 429 370 2024 465">
    <p class='ocr_par' dir='ltr' id='par_1_4' title="bbox 429 383 2004 465">
     <span class='ocr_line' id='line_1_4' title="bbox 429 383 2004 465; baseline -0.01 -16"><span class='ocrx_word' id='word_1_7' title='bbox 429 391 684 465; x_wconf 88' lang='lat' dir='ltr'><strong>jeetionis</strong></span> <span class='ocrx_word' id='word_1_8' title='bbox 714 407 869 454; x_wconf 78' lang='lat' dir='ltr'><strong>meze,</strong></span> <span class='ocrx_word' id='word_1_9' title='bbox 917 406 1078 461; x_wconf 90' lang='lat' dir='ltr'><strong>quam</strong></span> <span class='ocrx_word' id='word_1_10' title='bbox 1111 405 1238 457; x_wconf 84' lang='lat' dir='ltr'><strong>erga</strong></span> <span class='ocrx_word' id='word_1_11' title='bbox 1278 402 1401 443; x_wconf 88' lang='lat' dir='ltr'><strong>eum</strong></span> <span class='ocrx_word' id='word_1_12' title='bbox 1438 386 1594 440; x_wconf 87' lang='lat' dir='ltr'><strong>factis</strong></span> <span class='ocrx_word' id='word_1_13' title='bbox 1629 383 1864 445; x_wconf 79' lang='lat' dir='ltr'><strong>ostendi,</strong></span> <span class='ocrx_word' id='word_1_14' title='bbox 1896 397 2004 434; x_wconf 89' lang='lat' dir='ltr'><strong>non</strong></span> 
     </span>
    </p>
   </div>
   <div class='ocr_carea' id='block_1_5' title="bbox 2127 370 3639 465">
    <p class='ocr_par' dir='ltr' id='par_1_5' title="bbox 2127 370 3639 446">
     <span class='ocr_line' id='line_1_5' title="bbox 2127 370 3639 446; baseline -0.006 -15"><span class='ocrx_word' id='word_1_15' title='bbox 2127 378 2388 440; x_wconf 69' lang='grc' dir='ltr'><strong>Ξασιλεῦς,</strong></span> <span class='ocrx_word' id='word_1_16' title='bbox 2425 377 2630 446; x_wconf 75' lang='grc' dir='ltr'><strong>ἤλγησε</strong></span> <span class='ocrx_word' id='word_1_17' title='bbox 2686 375 2792 442; x_wconf 84' lang='grc' dir='ltr'><strong>μὲν,</strong></span> <span class='ocrx_word' id='word_1_18' title='bbox 2824 373 2921 442; x_wconf 80' lang='grc' dir='ltr'><strong>ούχ</strong></span> <span class='ocrx_word' id='word_1_19' title='bbox 2976 373 3182 442; x_wconf 75' lang='grc' dir='ltr'><strong>ἥκιστα</strong></span> <span class='ocrx_word' id='word_1_20' title='bbox 3218 370 3311 423; x_wconf 71' lang='grc' dir='ltr'><strong>ἐπὶ</strong></span> <span class='ocrx_word' id='word_1_21' title='bbox 3345 372 3455 433; x_wconf 83' lang='grc' dir='ltr'><strong>ταῖς</strong></span> <span class='ocrx_word' id='word_1_22' title='bbox 3490 373 3639 439; x_wconf 78' lang='grc' dir='ltr'><strong>ἀγγιο</strong></span> 
     </span>
    </p>
   </div>
   <div class='ocr_carea' id='block_1_6' title="bbox 434 473 1994 554">
    <p class='ocr_par' dir='ltr' id='par_1_6' title="bbox 434 473 1994 554">
     <span class='ocr_line' id='line_1_6' title="bbox 434 473 1994 554; baseline -0.008 -16"><span class='ocrx_word' id='word_1_23' title='bbox 434 501 606 554; x_wconf 89' lang='lat' dir='ltr'><strong>usque</strong></span> <span class='ocrx_word' id='word_1_24' title='bbox 657 484 796 539; x_wconf 88' lang='lat' dir='ltr'><strong>adeo</strong></span> <span class='ocrx_word' id='word_1_25' title='bbox 830 481 1155 549; x_wconf 80' lang='lat' dir='ltr'><strong>deposuisse</strong></span> <span class='ocrx_word' id='word_1_26' title='bbox 1195 478 1536 533; x_wconf 81' lang='lat' dir='ltr'><strong>memoriam.</strong></span> <span class='ocrx_word' id='word_1_27' title='bbox 1572 475 1678 530; x_wconf 88' lang='lat' dir='ltr'><strong>Sed</strong></span> <span class='ocrx_word' id='word_1_28' title='bbox 1707 473 1832 543; x_wconf 86' lang='lat' dir='ltr'><strong>quia</strong></span> <span class='ocrx_word' id='word_1_29' title='bbox 1869 486 1994 540; x_wconf 87' lang='lat' dir='ltr'><strong>pee-</strong></span> 
     </span>
    </p>
   </div>
   <div class='ocr_carea' id='block_1_7' title="bbox 431 567 2000 637">
    <p class='ocr_par' dir='ltr' id='par_1_7' title="bbox 431 567 2000 637">
     <span class='ocr_line' id='line_1_7' title="bbox 431 567 2000 637; baseline -0.01 -7"><span class='ocrx_word' id='word_1_30' title='bbox 431 576 568 630; x_wconf 88' lang='lat' dir='ltr'><strong>catis</strong></span> <span class='ocrx_word' id='word_1_31' title='bbox 593 575 728 628; x_wconf 83' lang='lat' dir='ltr'><strong>meis</strong></span> <span class='ocrx_word' id='word_1_32' title='bbox 763 573 966 627; x_wconf 83' lang='lat' dir='ltr'><strong>factum</strong></span> <span class='ocrx_word' id='word_1_33' title='bbox 1001 580 1107 637; x_wconf 84' lang='lat' dir='ltr'><strong>est,</strong></span> <span class='ocrx_word' id='word_1_34' title='bbox 1143 578 1203 622; x_wconf 93' lang='lat' dir='ltr'><strong>ut</strong></span> <span class='ocrx_word' id='word_1_35' title='bbox 1235 569 1344 623; x_wconf 92' lang='lat' dir='ltr'><strong>huc</strong></span> <span class='ocrx_word' id='word_1_36' title='bbox 1367 567 1772 637; x_wconf 71' lang='lat' dir='ltr'><strong>prolaberetur,</strong></span> <span class='ocrx_word' id='word_1_37' title='bbox 1804 576 2000 630; x_wconf 88' lang='lat' dir='ltr'><strong>meque</strong></span> 
     </span>
    </p>
   </div>
   <div class='ocr_carea' id='block_1_8' title="bbox 433 658 2000 734">
    <p class='ocr_par' dir='ltr' id='par_1_8' title="bbox 433 658 2000 734">
     <span class='ocr_line' id='line_1_8' title="bbox 433 658 2000 734; baseline -0.013 -16"><span class='ocrx_word' id='word_1_38' title='bbox 433 664 715 734; x_wconf 90' lang='lat' dir='ltr'><strong>perjurum</strong></span> <span class='ocrx_word' id='word_1_39' title='bbox 752 671 805 714; x_wconf 92' lang='lat' dir='ltr'><strong>et</strong></span> <span class='ocrx_word' id='word_1_40' title='bbox 840 667 1124 728; x_wconf 83' lang='lat' dir='ltr'><strong>pactorum</strong></span> <span class='ocrx_word' id='word_1_41' title='bbox 1167 665 1681 721; x_wconf 83' lang='lat' dir='ltr'><strong>conventorumque</strong></span> <span class='ocrx_word' id='word_1_42' title='bbox 1747 658 2000 702; x_wconf 88' lang='lat' dir='ltr'><strong>contem-</strong></span> 
     </span>
    </p>
   </div>
   <div class='ocr_carea' id='block_1_9' title="bbox 435 739 2002 821">
    <p class='ocr_par' dir='ltr' id='par_1_9' title="bbox 435 739 2002 821">
     <span class='ocr_line' id='line_1_9' title="bbox 435 739 2002 821; baseline -0.01 -16"><span class='ocrx_word' id='word_1_43' title='bbox 435 758 651 821; x_wconf 83' lang='lat' dir='ltr'><strong>ptorem</strong></span> <span class='ocrx_word' id='word_1_44' title='bbox 695 749 1063 820; x_wconf 89' lang='lat' dir='ltr'><strong>judicaretac</strong></span> <span class='ocrx_word' id='word_1_45' title='bbox 1091 747 1319 808; x_wconf 75' lang='lat' dir='ltr'><strong>diceret,</strong></span> <span class='ocrx_word' id='word_1_46' title='bbox 1365 760 1489 799; x_wconf 91' lang='lat' dir='ltr'><strong>cum</strong></span> <span class='ocrx_word' id='word_1_47' title='bbox 1533 743 1762 812; x_wconf 89' lang='lat' dir='ltr'><strong>probum</strong></span> <span class='ocrx_word' id='word_1_48' title='bbox 1797 739 2002 808; x_wconf 83' lang='lat' dir='ltr'><strong>potius,</strong></span> 
     </span>
    </p>
   </div>
   <div class='ocr_carea' id='block_1_10' title="bbox 440 833 2002 912">
    <p class='ocr_par' dir='ltr' id='par_1_10' title="bbox 440 833 2002 912">
     <span class='ocr_line' id='line_1_10' title="bbox 440 833 2002 912; baseline -0.009 -16"><span class='ocrx_word' id='word_1_49' title='bbox 440 844 609 912; x_wconf 82' lang='lat' dir='ltr'><strong>patris</strong></span> <span class='ocrx_word' id='word_1_50' title='bbox 645 851 946 900; x_wconf 82' lang='lat' dir='ltr'><strong>amantem,</strong></span> <span class='ocrx_word' id='word_1_51' title='bbox 982 838 1199 906; x_wconf 82' lang='lat' dir='ltr'><strong>sibique</strong></span> <span class='ocrx_word' id='word_1_52' title='bbox 1249 833 1714 904; x_wconf 89' lang='lat' dir='ltr'><strong>subjectissimum</strong></span> <span class='ocrx_word' id='word_1_53' title='bbox 1748 839 2002 900; x_wconf 84' lang='lat' dir='ltr'><strong>reputare</strong></span> 
     </span>
    </p>
   </div>
   <div class='ocr_carea' id='block_1_11' title="bbox 439 921 2001 1002">
    <p class='ocr_par' dir='ltr' id='par_1_11' title="bbox 439 921 2001 1002">
     <span class='ocr_line' id='line_1_11' title="bbox 439 921 2001 1002; baseline -0.012 -12"><span class='ocrx_word' id='word_1_54' title='bbox 439 935 743 993; x_wconf 76' lang='lat' dir='ltr'><strong>debuisset,</strong></span> <span class='ocrx_word' id='word_1_55' title='bbox 774 932 1010 1002; x_wconf 74' lang='lat' dir='ltr'><strong>primum</strong></span> <span class='ocrx_word' id='word_1_56' title='bbox 1039 927 1260 995; x_wconf 86' lang='lat' dir='ltr'><strong>quidem</strong></span> <span class='ocrx_word' id='word_1_57' title='bbox 1297 933 1605 996; x_wconf 79' lang='lat' dir='ltr'><strong>opportune</strong></span> <span class='ocrx_word' id='word_1_58' title='bbox 1641 937 1738 977; x_wconf 92' lang='lat' dir='ltr'><strong>vos</strong></span> <span class='ocrx_word' id='word_1_59' title='bbox 1769 921 1877 974; x_wconf 89' lang='lat' dir='ltr'><strong>huc</strong></span> <span class='ocrx_word' id='word_1_60' title='bbox 1905 937 2001 973; x_wconf 88' lang='lat' dir='ltr'><strong>ve-</strong></span> 
     </span>
    </p>
   </div>
   <div class='ocr_carea' id='block_1_12' title="bbox 440 1010 2006 1086">
    <p class='ocr_par' dir='ltr' id='par_1_12' title="bbox 440 1010 2006 1086">
     <span class='ocr_line' id='line_1_12' title="bbox 440 1010 2006 1086; baseline -0.011 -6"><span class='ocrx_word' id='word_1_61' title='bbox 440 1026 588 1080; x_wconf 86' lang='lat' dir='ltr'><strong>nisse</strong></span> <span class='ocrx_word' id='word_1_62' title='bbox 620 1024 884 1084; x_wconf 83' lang='lat' dir='ltr'><strong>arbitror,</strong></span> <span class='ocrx_word' id='word_1_63' title='bbox 934 1019 1082 1072; x_wconf 83' lang='lat' dir='ltr'><strong>viros</strong></span> <span class='ocrx_word' id='word_1_64' title='bbox 1122 1016 1445 1086; x_wconf 87' lang='lat' dir='ltr'><strong>prudentes,</strong></span> <span class='ocrx_word' id='word_1_65' title='bbox 1490 1015 1698 1083; x_wconf 87' lang='lat' dir='ltr'><strong>quique</strong></span> <span class='ocrx_word' id='word_1_66' title='bbox 1747 1010 2006 1065; x_wconf 79' lang='lat' dir='ltr'><strong>facillime</strong></span> 
     </span>
    </p>
   </div>
   <div class='ocr_carea' id='block_1_13' title="bbox 441 1102 2004 1170">
    <p class='ocr_par' dir='ltr' id='par_1_13' title="bbox 441 1102 2004 1170">
     <span class='ocr_line' id='line_1_13' title="bbox 441 1102 2004 1170; baseline -0.012 0"><span class='ocrx_word' id='word_1_67' title='bbox 441 1131 508 1170; x_wconf 79' lang='lat' dir='ltr'><strong>cx</strong></span> <span class='ocrx_word' id='word_1_68' title='bbox 550 1115 802 1168; x_wconf 89' lang='lat' dir='ltr'><strong>oratione</strong></span> <span class='ocrx_word' id='word_1_69' title='bbox 848 1124 966 1164; x_wconf 88' lang='lat' dir='ltr'><strong>mea</strong></span> <span class='ocrx_word' id='word_1_70' title='bbox 1001 1108 1288 1161; x_wconf 78' lang='lat' dir='ltr'><strong>veritatem</strong></span> <span class='ocrx_word' id='word_1_71' title='bbox 1315 1116 1369 1160; x_wconf 78' lang='lat' dir='ltr'><strong>et</strong></span> <span class='ocrx_word' id='word_1_72' title='bbox 1403 1103 1638 1158; x_wconf 75' lang='lat' dir='ltr'><strong>oﬂicium</strong></span> <span class='ocrx_word' id='word_1_73' title='bbox 1673 1102 2004 1156; x_wconf 89' lang='lat' dir='ltr'><strong>intellecturi</strong></span> 
     </span>
    </p>
   </div>
   <div class='ocr_carea' id='block_1_14' title="bbox 443 1190 2005 1268">
    <p class='ocr_par' dir='ltr' id='par_1_14' title="bbox 443 1190 2005 1268">
     <span class='ocr_line' id='line_1_14' title="bbox 443 1190 2005 1268; baseline -0.012 -8"><span class='ocrx_word' id='word_1_74' title='bbox 443 1207 572 1260; x_wconf 89' lang='lat' dir='ltr'><strong>sint.</strong></span> <span class='ocrx_word' id='word_1_75' title='bbox 627 1204 833 1258; x_wconf 82' lang='lat' dir='ltr'><strong>Deinde</strong></span> <span class='ocrx_word' id='word_1_76' title='bbox 895 1202 1198 1268; x_wconf 79' lang='lat' dir='ltr'><strong>interrogo,</strong></span> <span class='ocrx_word' id='word_1_77' title='bbox 1257 1195 1452 1266; x_wconf 90' lang='lat' dir='ltr'><strong>ecquid</strong></span> <span class='ocrx_word' id='word_1_78' title='bbox 1507 1195 1574 1248; x_wconf 88' lang='lat' dir='ltr'><strong>ab</strong></span> <span class='ocrx_word' id='word_1_79' title='bbox 1621 1209 1722 1246; x_wconf 89' lang='lat' dir='ltr'><strong>avo</strong></span> <span class='ocrx_word' id='word_1_80' title='bbox 1782 1205 1904 1246; x_wconf 89' lang='lat' dir='ltr'><strong>meo</strong></span> <span class='ocrx_word' id='word_1_81' title='bbox 1951 1190 2005 1243; x_wconf 91' lang='lat' dir='ltr'><strong>in</strong></span> 
     </span>
    </p>
   </div>
   <div class='ocr_carea' id='block_1_15' title="bbox 446 1282 2006 1361">
    <p class='ocr_par' dir='ltr' id='par_1_15' title="bbox 446 1282 2006 1361">
     <span class='ocr_line' id='line_1_15' title="bbox 446 1282 2006 1361; baseline -0.01 -11"><span class='ocrx_word' id='word_1_82' title='bbox 446 1294 716 1350; x_wconf 78' lang='lat' dir='ltr'><strong>mandatis</strong></span> <span class='ocrx_word' id='word_1_83' title='bbox 749 1291 1104 1361; x_wconf 76' lang='lat' dir='ltr'><strong>acceperitis,</strong></span> <span class='ocrx_word' id='word_1_84' title='bbox 1142 1299 1202 1342; x_wconf 93' lang='lat' dir='ltr'><strong>ut</strong></span> <span class='ocrx_word' id='word_1_85' title='bbox 1253 1287 1321 1341; x_wconf 91' lang='lat' dir='ltr'><strong>de</strong></span> <span class='ocrx_word' id='word_1_86' title='bbox 1354 1286 1574 1355; x_wconf 84' lang='lat' dir='ltr'><strong>injuriis</strong></span> <span class='ocrx_word' id='word_1_87' title='bbox 1604 1286 1681 1340; x_wconf 90' lang='lat' dir='ltr'><strong>illi</strong></span> <span class='ocrx_word' id='word_1_88' title='bbox 1711 1300 1738 1338; x_wconf 91' lang='lat' dir='ltr'><strong>a</strong></span> <span class='ocrx_word' id='word_1_89' title='bbox 1774 1298 1860 1336; x_wconf 88' lang='lat' dir='ltr'><strong>me</strong></span> <span class='ocrx_word' id='word_1_90' title='bbox 1891 1282 2006 1336; x_wconf 86' lang='lat' dir='ltr'><strong>illa-</strong></span> 
     </span>
    </p>
   </div>
   <div class='ocr_carea' id='block_1_16' title="bbox 443 1374 2010 1454">
    <p class='ocr_par' dir='ltr' id='par_1_16' title="bbox 443 1374 2010 1454">
     <span class='ocr_line' id='line_1_16' title="bbox 443 1374 2010 1454; baseline -0.011 -11"><span class='ocrx_word' id='word_1_91' title='bbox 443 1387 513 1443; x_wconf 87' lang='lat' dir='ltr'><strong>tis</strong></span> <span class='ocrx_word' id='word_1_92' title='bbox 537 1402 747 1442; x_wconf 88' lang='lat' dir='ltr'><strong>mceum</strong></span> <span class='ocrx_word' id='word_1_93' title='bbox 773 1381 1152 1454; x_wconf 86' lang='lat' dir='ltr'><strong>expostuletis,</strong></span> <span class='ocrx_word' id='word_1_94' title='bbox 1210 1394 1494 1447; x_wconf 89' lang='lat' dir='ltr'><strong>meamque</strong></span> <span class='ocrx_word' id='word_1_95' title='bbox 1519 1387 1710 1431; x_wconf 91' lang='lat' dir='ltr'><strong>contra</strong></span> <span class='ocrx_word' id='word_1_96' title='bbox 1737 1374 2010 1428; x_wconf 83' lang='lat' dir='ltr'><strong>defensio-</strong></span> 
     </span>
    </p>
   </div>
   <div class='ocr_carea' id='block_1_17' title="bbox 446 1463 2008 1537">
    <p class='ocr_par' dir='ltr' id='par_1_17' title="bbox 446 1463 2008 1537">
     <span class='ocr_line' id='line_1_17' title="bbox 446 1463 2008 1537; baseline -0.01 -4"><span class='ocrx_word' id='word_1_97' title='bbox 446 1495 569 1533; x_wconf 90' lang='lat' dir='ltr'><strong>nem</strong></span> <span class='ocrx_word' id='word_1_98' title='bbox 604 1475 858 1530; x_wconf 89' lang='lat' dir='ltr'><strong>audiatis.</strong></span> <span class='ocrx_word' id='word_1_99' title='bbox 909 1471 1120 1526; x_wconf 87' lang='lat' dir='ltr'><strong>Etenim</strong></span> <span class='ocrx_word' id='word_1_100' title='bbox 1156 1469 1222 1524; x_wconf 89' lang='lat' dir='ltr'><strong>ad</strong></span> <span class='ocrx_word' id='word_1_101' title='bbox 1251 1469 1466 1537; x_wconf 84' lang='lat' dir='ltr'><strong>objecta</strong></span> <span class='ocrx_word' id='word_1_102' title='bbox 1513 1465 1836 1536; x_wconf 83' lang='lat' dir='ltr'><strong>depellenda</strong></span> <span class='ocrx_word' id='word_1_103' title='bbox 1861 1463 2008 1534; x_wconf 93' lang='lat' dir='ltr'><strong>quod</strong></span> 
     </span>
    </p>
   </div>
   <div class='ocr_carea' id='block_1_18' title="bbox 447 1557 2008 1632">
    <p class='ocr_par' dir='ltr' id='par_1_18' title="bbox 447 1557 2008 1632">
     <span class='ocr_line' id='line_1_18' title="bbox 447 1557 2008 1632; baseline -0.01 -9"><span class='ocrx_word' id='word_1_104' title='bbox 447 1569 650 1630; x_wconf 88' lang='lat' dir='ltr'><strong>dicam,</strong></span> <span class='ocrx_word' id='word_1_105' title='bbox 688 1563 1122 1632; x_wconf 79' lang='lat' dir='ltr'><strong>superfuturum,</strong></span> <span class='ocrx_word' id='word_1_106' title='bbox 1183 1559 1384 1614; x_wconf 90' lang='lat' dir='ltr'><strong>nedum</strong></span> <span class='ocrx_word' id='word_1_107' title='bbox 1448 1557 1763 1613; x_wconf 88' lang='lat' dir='ltr'><strong>defuturum</strong></span> <span class='ocrx_word' id='word_1_108' title='bbox 1824 1570 2008 1625; x_wconf 91' lang='lat' dir='ltr'><strong>spero.</strong></span> 
     </span>
    </p>
   </div>
   <div class='ocr_carea' id='block_1_19' title="bbox 451 1651 2008 1728">
    <p class='ocr_par' dir='ltr' id='par_1_19' title="bbox 451 1651 2008 1728">
     <span class='ocr_line' id='line_1_19' title="bbox 451 1651 2008 1728; baseline -0.01 -14"><span class='ocrx_word' id='word_1_109' title='bbox 451 1657 951 1728; x_wconf 81' lang='lat' dir='ltr'><strong>Respondentibus,</strong></span> <span class='ocrx_word' id='word_1_110' title='bbox 1002 1670 1109 1709; x_wconf 93' lang='lat' dir='ltr'><strong>non</strong></span> <span class='ocrx_word' id='word_1_111' title='bbox 1145 1655 1266 1724; x_wconf 88' lang='lat' dir='ltr'><strong>plus</strong></span> <span class='ocrx_word' id='word_1_112' title='bbox 1309 1651 1419 1707; x_wconf 89' lang='lat' dir='ltr'><strong>sibi</strong></span> <span class='ocrx_word' id='word_1_113' title='bbox 1445 1654 1814 1720; x_wconf 59' lang='lat' dir='ltr'><strong>jpraeceptum,</strong></span> <span class='ocrx_word' id='word_1_114' title='bbox 1843 1663 2008 1717; x_wconf 89' lang='lat' dir='ltr'><strong>quam</strong></span> 
     </span>
    </p>
   </div>
   <div class='ocr_carea' id='block_1_20' title="bbox 2099 459 3643 538">
    <p class='ocr_par' dir='ltr' id='par_1_20' title="bbox 2099 459 3643 538">
     <span class='ocr_line' id='line_1_20' title="bbox 2099 459 3643 538; baseline -0.006 -15"><span class='ocrx_word' id='word_1_115' title='bbox 2099 471 2279 532; x_wconf 80' lang='grc' dir='ltr'><strong>λίαις’</strong></span> <span class='ocrx_word' id='word_1_116' title='bbox 2319 468 2518 538; x_wconf 72' lang='grc' dir='ltr'><strong>μικρὸν</strong></span> <span class='ocrx_word' id='word_1_117' title='bbox 2565 467 2619 520; x_wconf 81' lang='grc' dir='ltr'><strong>δέ</strong></span> <span class='ocrx_word' id='word_1_118' title='bbox 2693 466 2965 534; x_wconf 79' lang='grc' dir='ltr'><strong>ἐπισχὼν,</strong></span> <span class='ocrx_word' id='word_1_119' title='bbox 3017 464 3369 534; x_wconf 83' lang='grc' dir='ltr'><strong>Ἐϐουλόμην.</strong></span> <span class='ocrx_word' id='word_1_120' title='bbox 3418 459 3643 531; x_wconf 75' lang='grc' dir='ltr'><strong>εἶπε,μὴ</strong></span> 
     </span>
    </p>
   </div>
   <div class='ocr_carea' id='block_1_21' title="bbox 2099 555 3647 628">
    <p class='ocr_par' dir='ltr' id='par_1_21' title="bbox 2099 555 3647 628">
     <span class='ocr_line' id='line_1_21' title="bbox 2099 555 3647 628; baseline -0.003 -16"><span class='ocrx_word' id='word_1_121' title='bbox 2099 559 2363 612; x_wconf 87' lang='grc' dir='ltr'><strong>τοσοῦτον</strong></span> <span class='ocrx_word' id='word_1_122' title='bbox 2413 559 2704 628; x_wconf 73' lang='grc' dir='ltr'><strong>ἀμνήμονα</strong></span> <span class='ocrx_word' id='word_1_123' title='bbox 2741 557 2832 610; x_wconf 70' lang='grc' dir='ltr'><strong>τὸν</strong></span> <span class='ocrx_word' id='word_1_124' title='bbox 2884 557 3015 625; x_wconf 64' lang='grc' dir='ltr'><strong>ἐμὶν</strong></span> <span class='ocrx_word' id='word_1_125' title='bbox 3057 555 3247 623; x_wconf 86' lang='grc' dir='ltr'><strong>κύριον</strong></span> <span class='ocrx_word' id='word_1_126' title='bbox 3293 556 3388 606; x_wconf 82' lang='grc' dir='ltr'><strong>καὶ</strong></span> <span class='ocrx_word' id='word_1_127' title='bbox 3441 555 3647 622; x_wconf 80' lang='grc' dir='ltr'><strong>βασιλέα</strong></span> 
     </span>
    </p>
   </div>
   <div class='ocr_carea' id='block_1_22' title="bbox 2099 633 3649 718">
    <p class='ocr_par' dir='ltr' id='par_1_22' title="bbox 2099 633 3649 718">
     <span class='ocr_line' id='line_1_22' title="bbox 2099 633 3649 718; baseline -0.02 -6"><span class='ocrx_word' id='word_1_128' title='bbox 2099 641 2166 718; x_wconf 83' lang='grc' dir='ltr'><strong>ἦς</strong></span> <span class='ocrx_word' id='word_1_129' title='bbox 2200 648 2385 717; x_wconf 73' lang='grc' dir='ltr'><strong>ἔργοις</strong></span> <span class='ocrx_word' id='word_1_130' title='bbox 2420 646 2583 708; x_wconf 78' lang='grc' dir='ltr'><strong>αὐτὸς</strong></span> <span class='ocrx_word' id='word_1_131' title='bbox 2628 645 2946 707; x_wconf 73' lang='grc' dir='ltr'><strong>εὐπειθείας</strong></span> <span class='ocrx_word' id='word_1_132' title='bbox 2997 633 3092 696; x_wconf 69' lang='grc' dir='ltr'><strong>καλ</strong></span> <span class='ocrx_word' id='word_1_133' title='bbox 3123 643 3369 704; x_wconf 74' lang='grc' dir='ltr'><strong>δουλείας</strong></span> <span class='ocrx_word' id='word_1_134' title='bbox 3413 641 3540 709; x_wconf 73' lang='grc' dir='ltr'><strong>πρὸς</strong></span> <span class='ocrx_word' id='word_1_135' title='bbox 3569 643 3649 694; x_wconf 62' lang='grc' dir='ltr'><strong>αὖ.</strong></span> 
     </span>
    </p>
   </div>
   <div class='ocr_carea' id='block_1_23' title="bbox 2101 731 3649 805">
    <p class='ocr_par' dir='ltr' id='par_1_23' title="bbox 2101 731 3649 805">
     <span class='ocr_line' id='line_1_23' title="bbox 2101 731 3649 805; baseline -0.006 -15"><span class='ocrx_word' id='word_1_136' title='bbox 2101 738 2194 790; x_wconf 85' lang='grc' dir='ltr'><strong>τὸν</strong></span> <span class='ocrx_word' id='word_1_137' title='bbox 2241 737 2596 805; x_wconf 80' lang='grc' dir='ltr'><strong>ἐνεδειξάμην</strong></span> <span class='ocrx_word' id='word_1_138' title='bbox 2650 735 2885 804; x_wconf 74' lang='grc' dir='ltr'><strong>ὀφθῆναι</strong></span> <span class='ocrx_word' id='word_1_139' title='bbox 2940 732 3056 786; x_wconf 76' lang='grc' dir='ltr'><strong>νῦνο</strong></span> <span class='ocrx_word' id='word_1_140' title='bbox 3090 734 3209 785; x_wconf 78' lang='grc' dir='ltr'><strong>ἐπεὶ</strong></span> <span class='ocrx_word' id='word_1_141' title='bbox 3235 733 3280 786; x_wconf 82' lang='grc' dir='ltr'><strong>δ’</strong></span> <span class='ocrx_word' id='word_1_142' title='bbox 3317 733 3349 801; x_wconf 73' lang='grc' dir='ltr'>ἡ</span> <span class='ocrx_word' id='word_1_143' title='bbox 3389 731 3492 782; x_wconf 82' lang='grc' dir='ltr'><strong>τῶν</strong></span> <span class='ocrx_word' id='word_1_144' title='bbox 3516 732 3649 800; x_wconf 82' lang='grc' dir='ltr'><strong>ἐμῶν</strong></span> 
     </span>
    </p>
   </div>
   <div class='ocr_carea' id='block_1_24' title="bbox 2104 822 3651 899">
    <p class='ocr_par' dir='ltr' id='par_1_24' title="bbox 2104 822 3651 899">
     <span class='ocr_line' id='line_1_24' title="bbox 2104 822 3651 899; baseline -0.006 -18"><span class='ocrx_word' id='word_1_145' title='bbox 2104 827 2519 899; x_wconf 82' lang='grc' dir='ltr'><strong>ἁμαρτημάτων</strong></span> <span class='ocrx_word' id='word_1_146' title='bbox 2557 826 2770 897; x_wconf 79' lang='grc' dir='ltr'><strong>πληθὺς</strong></span> <span class='ocrx_word' id='word_1_147' title='bbox 2804 826 3060 895; x_wconf 80' lang='grc' dir='ltr'><strong>ἐπίορκον</strong></span> <span class='ocrx_word' id='word_1_148' title='bbox 3087 826 3178 876; x_wconf 74' lang='grc' dir='ltr'><strong>καὶ</strong></span> <span class='ocrx_word' id='word_1_149' title='bbox 3209 823 3316 875; x_wconf 81' lang='grc' dir='ltr'><strong>τῶν</strong></span> <span class='ocrx_word' id='word_1_150' title='bbox 3350 823 3482 892; x_wconf 75' lang='grc' dir='ltr'><strong>πρὸς</strong></span> <span class='ocrx_word' id='word_1_151' title='bbox 3505 822 3651 874; x_wconf 71' lang='grc' dir='ltr'><strong>αὑτὸν</strong></span> 
     </span>
    </p>
   </div>
   <div class='ocr_carea' id='block_1_25' title="bbox 2106 916 3652 990">
    <p class='ocr_par' dir='ltr' id='par_1_25' title="bbox 2106 916 3652 990">
     <span class='ocr_line' id='line_1_25' title="bbox 2106 916 3652 990; baseline -0.006 -16"><span class='ocrx_word' id='word_1_152' title='bbox 2106 921 2433 990; x_wconf 85' lang='grc' dir='ltr'><strong>συμϐάσεων</strong></span> <span class='ocrx_word' id='word_1_153' title='bbox 2489 919 2760 989; x_wconf 81' lang='grc' dir='ltr'><strong>ἀθετητὴν</strong></span> <span class='ocrx_word' id='word_1_154' title='bbox 2831 920 2925 972; x_wconf 70' lang='grc' dir='ltr'><strong>καὶ</strong></span> <span class='ocrx_word' id='word_1_155' title='bbox 2989 916 3202 970; x_wconf 72' lang='grc' dir='ltr'><strong>οἴεσθαι</strong></span> <span class='ocrx_word' id='word_1_156' title='bbox 3267 916 3518 968; x_wconf 79' lang='grc' dir='ltr'><strong>ἀνέπεισε</strong></span> <span class='ocrx_word' id='word_1_157' title='bbox 3567 916 3652 966; x_wconf 74' lang='grc' dir='ltr'><strong>καὶ</strong></span> 
     </span>
    </p>
   </div>
   <div class='ocr_carea' id='block_1_26' title="bbox 2105 1005 3656 1080">
    <p class='ocr_par' dir='ltr' id='par_1_26' title="bbox 2105 1005 3656 1080">
     <span class='ocr_line' id='line_1_26' title="bbox 2105 1005 3656 1080; baseline -0.006 -15"><span class='ocrx_word' id='word_1_158' title='bbox 2105 1012 2308 1080; x_wconf 84' lang='grc' dir='ltr'><strong>λέγειν,</strong></span> <span class='ocrx_word' id='word_1_159' title='bbox 2359 1011 2474 1064; x_wconf 83' lang='grc' dir='ltr'><strong>δέον</strong></span> <span class='ocrx_word' id='word_1_160' title='bbox 2514 1010 2835 1080; x_wconf 77' lang='grc' dir='ltr'><strong>εὐγνώμονα</strong></span> <span class='ocrx_word' id='word_1_161' title='bbox 2877 1011 2971 1062; x_wconf 71' lang='grc' dir='ltr'><strong>καὶ</strong></span> <span class='ocrx_word' id='word_1_162' title='bbox 3021 1010 3360 1077; x_wconf 73' lang='grc' dir='ltr'><strong>φιλοπάτορα</strong></span> <span class='ocrx_word' id='word_1_163' title='bbox 3398 1008 3487 1059; x_wconf 68' lang='grc' dir='ltr'><strong>καὶ</strong></span> <span class='ocrx_word' id='word_1_164' title='bbox 3522 1005 3656 1074; x_wconf 79' lang='grc' dir='ltr'><strong>αύτῷ</strong></span> 
     </span>
    </p>
   </div>
   <div class='ocr_carea' id='block_1_27' title="bbox 2106 1102 3656 1172">
    <p class='ocr_par' dir='ltr' id='par_1_27' title="bbox 2106 1102 3656 1172">
     <span class='ocr_line' id='line_1_27' title="bbox 2106 1102 3656 1172; baseline -0.005 -14"><span class='ocrx_word' id='word_1_165' title='bbox 2106 1104 2404 1158; x_wconf 79' lang='grc' dir='ltr'><strong>ὑπείκοντα</strong></span> <span class='ocrx_word' id='word_1_166' title='bbox 2443 1104 2763 1172; x_wconf 76' lang='grc' dir='ltr'><strong>λογίζεσθαι</strong></span> <span class='ocrx_word' id='word_1_167' title='bbox 2807 1104 3008 1162; x_wconf 75' lang='grc' dir='ltr'><strong>πάντα,</strong></span> <span class='ocrx_word' id='word_1_168' title='bbox 3051 1102 3273 1172; x_wconf 77' lang='grc' dir='ltr'><strong>πρῶτον</strong></span> <span class='ocrx_word' id='word_1_169' title='bbox 3315 1102 3411 1168; x_wconf 80' lang='grc' dir='ltr'><strong>μὲν</strong></span> <span class='ocrx_word' id='word_1_170' title='bbox 3461 1102 3515 1151; x_wconf 90' lang='grc' dir='ltr'><strong>ἐν</strong></span> <span class='ocrx_word' id='word_1_171' title='bbox 3545 1115 3656 1151; x_wconf 83' lang='grc' dir='ltr'><strong>και-</strong></span> 
     </span>
    </p>
   </div>
   <div class='ocr_carea' id='block_1_28' title="bbox 2109 1191 3656 1265">
    <p class='ocr_par' dir='ltr' id='par_1_28' title="bbox 2109 1191 3656 1265">
     <span class='ocr_line' id='line_1_28' title="bbox 2109 1191 3656 1265; baseline -0.004 -18"><span class='ocrx_word' id='word_1_172' title='bbox 2109 1196 2210 1265; x_wconf 83' lang='grc' dir='ltr'><strong>ρίῳ</strong></span> <span class='ocrx_word' id='word_1_173' title='bbox 2262 1197 2446 1265; x_wconf 73' lang='grc' dir='ltr'><strong>οἴομαι</strong></span> <span class='ocrx_word' id='word_1_174' title='bbox 2488 1195 2585 1264; x_wconf 79' lang='grc' dir='ltr'><strong>τὴν</strong></span> <span class='ocrx_word' id='word_1_175' title='bbox 2635 1196 2772 1264; x_wconf 73' lang='grc' dir='ltr'><strong>πρὸς</strong></span> <span class='ocrx_word' id='word_1_176' title='bbox 2808 1193 2907 1261; x_wconf 82' lang='grc' dir='ltr'><strong>ἐμὲ</strong></span> <span class='ocrx_word' id='word_1_177' title='bbox 2942 1195 3096 1263; x_wconf 74' lang='grc' dir='ltr'><strong>ὑμῶν</strong></span> <span class='ocrx_word' id='word_1_178' title='bbox 3131 1193 3318 1261; x_wconf 72' lang='grc' dir='ltr'><strong>ἄφιξιν</strong></span> <span class='ocrx_word' id='word_1_179' title='bbox 3347 1191 3656 1259; x_wconf 76' lang='grc' dir='ltr'><strong>γεγενῆσθαι</strong></span> 
     </span>
    </p>
   </div>
   <div class='ocr_carea' id='block_1_29' title="bbox 2113 1280 3659 1354">
    <p class='ocr_par' dir='ltr' id='par_1_29' title="bbox 2113 1280 3659 1354">
     <span class='ocr_line' id='line_1_29' title="bbox 2113 1280 3659 1354; baseline -0.006 -15"><span class='ocrx_word' id='word_1_180' title='bbox 2113 1287 2350 1339; x_wconf 81' lang='grc' dir='ltr'><strong>συνετῶν</strong></span> <span class='ocrx_word' id='word_1_181' title='bbox 2403 1287 2573 1339; x_wconf 74' lang='grc' dir='ltr'><strong>ὄντων</strong></span> <span class='ocrx_word' id='word_1_182' title='bbox 2626 1288 2717 1340; x_wconf 74' lang='grc' dir='ltr'><strong>καὶ</strong></span> <span class='ocrx_word' id='word_1_183' title='bbox 2773 1286 3092 1354; x_wconf 79' lang='grc' dir='ltr'><strong>δυναμένων</strong></span> <span class='ocrx_word' id='word_1_184' title='bbox 3145 1286 3381 1354; x_wconf 78' lang='grc' dir='ltr'><strong>μάλιστα</strong></span> <span class='ocrx_word' id='word_1_185' title='bbox 3422 1283 3525 1334; x_wconf 73' lang='grc' dir='ltr'><strong>ἀπὸ</strong></span> <span class='ocrx_word' id='word_1_186' title='bbox 3561 1280 3659 1332; x_wconf 75' lang='grc' dir='ltr'><strong>τῶν</strong></span> 
     </span>
    </p>
   </div>
   <div class='ocr_carea' id='block_1_30' title="bbox 2107 1373 3656 1447">
    <p class='ocr_par' dir='ltr' id='par_1_30' title="bbox 2107 1373 3656 1447">
     <span class='ocr_line' id='line_1_30' title="bbox 2107 1373 3656 1447; baseline -0.005 -18"><span class='ocrx_word' id='word_1_187' title='bbox 2107 1376 2418 1446; x_wconf 81' lang='grc' dir='ltr'><strong>λεγομένων</strong></span> <span class='ocrx_word' id='word_1_188' title='bbox 2439 1377 2506 1428; x_wconf 71' lang='grc' dir='ltr'><strong>τὰ</strong></span> <span class='ocrx_word' id='word_1_189' title='bbox 2527 1375 2701 1447; x_wconf 80' lang='grc' dir='ltr'><strong>ἀληθῆ</strong></span> <span class='ocrx_word' id='word_1_190' title='bbox 2737 1376 2833 1429; x_wconf 72' lang='grc' dir='ltr'><strong>καὶ</strong></span> <span class='ocrx_word' id='word_1_191' title='bbox 2858 1376 2925 1428; x_wconf 69' lang='grc' dir='ltr'><strong>τὰ</strong></span> <span class='ocrx_word' id='word_1_192' title='bbox 2943 1377 3130 1428; x_wconf 87' lang='grc' dir='ltr'><strong>δέοντα</strong></span> <span class='ocrx_word' id='word_1_193' title='bbox 3165 1377 3431 1426; x_wconf 78' lang='grc' dir='ltr'><strong>συνεῖναι·</strong></span> <span class='ocrx_word' id='word_1_194' title='bbox 3465 1373 3656 1437; x_wconf 80' lang='grc' dir='ltr'><strong>ἔπειτα,</strong></span> 
     </span>
    </p>
   </div>
   <div class='ocr_carea' id='block_1_31' title="bbox 2110 1464 3659 1538">
    <p class='ocr_par' dir='ltr' id='par_1_31' title="bbox 2110 1464 3659 1538">
     <span class='ocr_line' id='line_1_31' title="bbox 2110 1464 3659 1538; baseline -0.004 -16"><span class='ocrx_word' id='word_1_195' title='bbox 2110 1470 2299 1538; x_wconf 84' lang='grc' dir='ltr'><strong>ἐρωτῶ</strong></span> <span class='ocrx_word' id='word_1_196' title='bbox 2340 1471 2388 1521; x_wconf 83' lang='grc' dir='ltr'><strong>εί</strong></span> <span class='ocrx_word' id='word_1_197' title='bbox 2439 1471 2530 1522; x_wconf 66' lang='grc' dir='ltr'><strong>καὶ</strong></span> <span class='ocrx_word' id='word_1_198' title='bbox 2573 1469 2722 1538; x_wconf 76' lang='grc' dir='ltr'><strong>παρα</strong></span> <span class='ocrx_word' id='word_1_199' title='bbox 2767 1467 2858 1520; x_wconf 86' lang='grc' dir='ltr'><strong>τοῦ</strong></span> <span class='ocrx_word' id='word_1_200' title='bbox 2893 1466 3028 1537; x_wconf 84' lang='grc' dir='ltr'><strong>ἐμοῦ</strong></span> <span class='ocrx_word' id='word_1_201' title='bbox 3063 1466 3256 1535; x_wconf 81' lang='grc' dir='ltr'><strong>κυρίου</strong></span> <span class='ocrx_word' id='word_1_202' title='bbox 3283 1467 3378 1518; x_wconf 70' lang='grc' dir='ltr'><strong>καὶ</strong></span> <span class='ocrx_word' id='word_1_203' title='bbox 3414 1464 3659 1534; x_wconf 84' lang='grc' dir='ltr'><strong>βασιλέως</strong></span> 
     </span>
    </p>
   </div>
   <div class='ocr_carea' id='block_1_32' title="bbox 2117 1553 3660 1630">
    <p class='ocr_par' dir='ltr' id='par_1_32' title="bbox 2117 1553 3660 1630">
     <span class='ocr_line' id='line_1_32' title="bbox 2117 1553 3660 1630; baseline -0.005 -16"><span class='ocrx_word' id='word_1_204' title='bbox 2117 1561 2522 1630; x_wconf 74' lang='grc' dir='ltr'><strong>ἐπιτέτραπται</strong></span> <span class='ocrx_word' id='word_1_205' title='bbox 2579 1561 2741 1628; x_wconf 81' lang='grc' dir='ltr'><strong>ύμῖν,</strong></span> <span class='ocrx_word' id='word_1_206' title='bbox 2801 1553 2924 1612; x_wconf 71' lang='grc' dir='ltr'><strong>ἅτε</strong></span> <span class='ocrx_word' id='word_1_207' title='bbox 2958 1559 3198 1626; x_wconf 72' lang='grc' dir='ltr'><strong>ἡδῖκηκα</strong></span> <span class='ocrx_word' id='word_1_208' title='bbox 3249 1558 3535 1622; x_wconf 53' lang='grc' dir='ltr'><strong>ἐκκαλεῖν,</strong></span> <span class='ocrx_word' id='word_1_209' title='bbox 3579 1559 3660 1608; x_wconf 74' lang='grc' dir='ltr'><strong>καὶ</strong></span> 
     </span>
    </p>
   </div>
   <div class='ocr_carea' id='block_1_33' title="bbox 2114 1644 3660 1718">
    <p class='ocr_par' dir='ltr' id='par_1_33' title="bbox 2114 1644 3660 1718">
     <span class='ocr_line' id='line_1_33' title="bbox 2114 1644 3660 1718; baseline -0.006 -12"><span class='ocrx_word' id='word_1_210' title='bbox 2114 1653 2318 1705; x_wconf 78' lang='grc' dir='ltr'><strong>τούτων</strong></span> <span class='ocrx_word' id='word_1_211' title='bbox 2351 1653 2449 1718; x_wconf 74' lang='grc' dir='ltr'><strong>τὴν</strong></span> <span class='ocrx_word' id='word_1_212' title='bbox 2485 1650 2782 1716; x_wconf 78' lang='grc' dir='ltr'><strong>ἀπολογίαν</strong></span> <span class='ocrx_word' id='word_1_213' title='bbox 2814 1649 3065 1716; x_wconf 78' lang='grc' dir='ltr'><strong>δέχεσθαι</strong></span> <span class='ocrx_word' id='word_1_214' title='bbox 3102 1647 3412 1710; x_wconf 68' lang='grc' dir='ltr'><strong>διεξιόντος.</strong></span> <span class='ocrx_word' id='word_1_215' title='bbox 3446 1644 3660 1706; x_wconf 78' lang='grc' dir='ltr'><strong>Ἐλπίζω</strong></span> 
     </span>
    </p>
   </div>
   <div class='ocr_carea' id='block_1_34' title="bbox 450 1735 2024 1814">
    <p class='ocr_par' dir='ltr' id='par_1_34' title="bbox 450 1740 2012 1814">
     <span class='ocr_line' id='line_1_34' title="bbox 450 1740 2012 1814; baseline -0.008 -10"><span class='ocrx_word' id='word_1_216' title='bbox 450 1759 511 1804; x_wconf 89' lang='lat' dir='ltr'><strong>ut</strong></span> <span class='ocrx_word' id='word_1_217' title='bbox 545 1749 594 1803; x_wconf 89' lang='lat' dir='ltr'><strong>ei</strong></span> <span class='ocrx_word' id='word_1_218' title='bbox 629 1746 1041 1809; x_wconf 87' lang='lat' dir='ltr'><strong>denuntiarent,</strong></span> <span class='ocrx_word' id='word_1_219' title='bbox 1098 1759 1167 1798; x_wconf 82' lang='lat' dir='ltr'><strong>ne</strong></span> <span class='ocrx_word' id='word_1_220' title='bbox 1219 1743 1534 1814; x_wconf 79' lang='lat' dir='ltr'><strong>Byzantium</strong></span> <span class='ocrx_word' id='word_1_221' title='bbox 1595 1740 2012 1810; x_wconf 76' lang='lat' dir='ltr'><strong>ingrederetur,</strong></span> 
     </span>
    </p>
   </div>
   <div class='ocr_carea' id='block_1_35' title="bbox 2127 1735 3664 1814">
    <p class='ocr_par' dir='ltr' id='par_1_35' title="bbox 2127 1735 3664 1812">
     <span class='ocr_line' id='line_1_35' title="bbox 2127 1735 3664 1812; baseline -0.006 -17"><span class='ocrx_word' id='word_1_222' title='bbox 2127 1745 2224 1812; x_wconf 71' lang='grc' dir='ltr'><strong>γὰρ</strong></span> <span class='ocrx_word' id='word_1_223' title='bbox 2261 1744 2322 1795; x_wconf 92' lang='grc' dir='ltr'><strong>ἐκ</strong></span> <span class='ocrx_word' id='word_1_224' title='bbox 2370 1741 2565 1794; x_wconf 75' lang='grc' dir='ltr'><strong>πολλοῦ</strong></span> <span class='ocrx_word' id='word_1_225' title='bbox 2602 1741 2696 1793; x_wconf 88' lang='grc' dir='ltr'><strong>τοῦ</strong></span> <span class='ocrx_word' id='word_1_226' title='bbox 2735 1741 3021 1810; x_wconf 73' lang='grc' dir='ltr'><strong>περιόντος</strong></span> <span class='ocrx_word' id='word_1_227' title='bbox 3056 1737 3434 1790; x_wconf 70' lang='grc' dir='ltr'><strong>ἀποδύσασθαι</strong></span> <span class='ocrx_word' id='word_1_228' title='bbox 3474 1735 3537 1787; x_wconf 81' lang='grc' dir='ltr'><strong>τὰ</strong></span> <span class='ocrx_word' id='word_1_229' title='bbox 3585 1735 3664 1800; x_wconf 65' lang='lat' dir='ltr'><strong>Ey-</strong></span> 
     </span>
    </p>
   </div>
   <div class='ocr_carea' id='block_1_36' title="bbox 453 1831 2011 1909">
    <p class='ocr_par' dir='ltr' id='par_1_36' title="bbox 453 1831 2011 1909">
     <span class='ocr_line' id='line_1_36' title="bbox 453 1831 2011 1909; baseline -0.006 -15"><span class='ocrx_word' id='word_1_230' title='bbox 453 1840 748 1909; x_wconf 88' lang='lat' dir='ltr'><strong>stalimquc</strong></span> <span class='ocrx_word' id='word_1_231' title='bbox 808 1847 1221 1892; x_wconf 77' lang='lat' dir='ltr'><strong>reverterentur</strong></span> <span class='ocrx_word' id='word_1_232' title='bbox 1262 1834 1637 1888; x_wconf 82' lang='lat' dir='ltr'><strong>:Rennntiate</strong></span> <span class='ocrx_word' id='word_1_233' title='bbox 1681 1831 1868 1902; x_wconf 79' lang='lat' dir='ltr'><strong>igitur,</strong></span> <span class='ocrx_word' id='word_1_234' title='bbox 1916 1833 2011 1894; x_wconf 85' lang='lat' dir='ltr'><strong>ait,</strong></span> 
     </span>
    </p>
   </div>
   <div class='ocr_carea' id='block_1_37' title="bbox 452 1923 2016 1999">
    <p class='ocr_par' dir='ltr' id='par_1_37' title="bbox 452 1923 2016 1999">
     <span class='ocr_line' id='line_1_37' title="bbox 452 1923 2016 1999; baseline -0.007 -13"><span class='ocrx_word' id='word_1_235' title='bbox 452 1932 677 1986; x_wconf 90' lang='lat' dir='ltr'><strong>domino</strong></span> <span class='ocrx_word' id='word_1_236' title='bbox 700 1945 822 1985; x_wconf 91' lang='lat' dir='ltr'><strong>meo</strong></span> <span class='ocrx_word' id='word_1_237' title='bbox 853 1939 908 1984; x_wconf 92' lang='lat' dir='ltr'><strong>et</strong></span> <span class='ocrx_word' id='word_1_238' title='bbox 939 1927 1277 1999; x_wconf 87' lang='lat' dir='ltr'><strong>imperatori,</strong></span> <span class='ocrx_word' id='word_1_239' title='bbox 1310 1940 1396 1980; x_wconf 89' lang='lat' dir='ltr'><strong>me</strong></span> <span class='ocrx_word' id='word_1_240' title='bbox 1421 1925 1593 1980; x_wconf 86' lang='lat' dir='ltr'><strong>Deum</strong></span> <span class='ocrx_word' id='word_1_241' title='bbox 1623 1923 1870 1978; x_wconf 77' lang='lat' dir='ltr'><strong>veritatis</strong></span> <span class='ocrx_word' id='word_1_242' title='bbox 1891 1923 2016 1976; x_wconf 85' lang='lat' dir='ltr'><strong>vin-</strong></span> 
     </span>
    </p>
   </div>
   <div class='ocr_carea' id='block_1_38' title="bbox 453 2015 2016 2091">
    <p class='ocr_par' dir='ltr' id='par_1_38' title="bbox 453 2015 2016 2091">
     <span class='ocr_line' id='line_1_38' title="bbox 453 2015 2016 2091; baseline -0.006 -14"><span class='ocrx_word' id='word_1_243' title='bbox 453 2024 656 2088; x_wconf 90' lang='lat' dir='ltr'><strong>dicem,</strong></span> <span class='ocrx_word' id='word_1_244' title='bbox 680 2031 839 2091; x_wconf 86' lang='lat' dir='ltr'><strong>atque</strong></span> <span class='ocrx_word' id='word_1_245' title='bbox 856 2022 992 2075; x_wconf 91' lang='lat' dir='ltr'><strong>adeo</strong></span> <span class='ocrx_word' id='word_1_246' title='bbox 1014 2021 1186 2088; x_wconf 84' lang='lat' dir='ltr'><strong>ipsam</strong></span> <span class='ocrx_word' id='word_1_247' title='bbox 1210 2018 1492 2072; x_wconf 87' lang='lat' dir='ltr'><strong>veritatem</strong></span> <span class='ocrx_word' id='word_1_248' title='bbox 1513 2017 1652 2086; x_wconf 72' lang='lat' dir='ltr'><strong>(ipse</strong></span> <span class='ocrx_word' id='word_1_249' title='bbox 1667 2015 1810 2069; x_wconf 74' lang='lat' dir='ltr'><strong>enini</strong></span> <span class='ocrx_word' id='word_1_250' title='bbox 1834 2024 2016 2078; x_wconf 89' lang='lat' dir='ltr'><strong>etest,</strong></span> 
     </span>
    </p>
   </div>
   <div class='ocr_carea' id='block_1_39' title="bbox 455 2107 2020 2178">
    <p class='ocr_par' dir='ltr' id='par_1_39' title="bbox 455 2107 2020 2178">
     <span class='ocr_line' id='line_1_39' title="bbox 455 2107 2020 2178; baseline -0.005 -12"><span class='ocrx_word' id='word_1_251' title='bbox 455 2122 512 2167; x_wconf 90' lang='lat' dir='ltr'><strong>et</strong></span> <span class='ocrx_word' id='word_1_252' title='bbox 536 2110 848 2165; x_wconf 86' lang='lat' dir='ltr'><strong>nominatur</strong></span> <span class='ocrx_word' id='word_1_253' title='bbox 863 2109 1089 2178; x_wconf 86' lang='lat' dir='ltr'><strong>veritas)</strong></span> <span class='ocrx_word' id='word_1_254' title='bbox 1114 2107 1322 2171; x_wconf 86' lang='lat' dir='ltr'><strong>testari,</strong></span> <span class='ocrx_word' id='word_1_255' title='bbox 1340 2120 1424 2160; x_wconf 91' lang='lat' dir='ltr'><strong>me</strong></span> <span class='ocrx_word' id='word_1_256' title='bbox 1444 2114 1719 2173; x_wconf 86' lang='lat' dir='ltr'><strong>nequeant</strong></span> <span class='ocrx_word' id='word_1_257' title='bbox 1735 2119 1819 2168; x_wconf 89' lang='lat' dir='ltr'><strong>ea,</strong></span> <span class='ocrx_word' id='word_1_258' title='bbox 1844 2119 2020 2172; x_wconf 88' lang='lat' dir='ltr'><strong>neque</strong></span> 
     </span>
    </p>
   </div>
   <div class='ocr_carea' id='block_1_40' title="bbox 457 2192 2020 2267">
    <p class='ocr_par' dir='ltr' id='par_1_40' title="bbox 457 2192 2020 2267">
     <span class='ocr_line' id='line_1_40' title="bbox 457 2192 2020 2267; baseline -0.007 -12"><span class='ocrx_word' id='word_1_259' title='bbox 457 2203 620 2256; x_wconf 90' lang='lat' dir='ltr'><strong>modo</strong></span> <span class='ocrx_word' id='word_1_260' title='bbox 648 2200 791 2255; x_wconf 92' lang='lat' dir='ltr'><strong>bello</strong></span> <span class='ocrx_word' id='word_1_261' title='bbox 821 2210 927 2253; x_wconf 88' lang='lat' dir='ltr'><strong>tam</strong></span> <span class='ocrx_word' id='word_1_262' title='bbox 961 2199 1146 2267; x_wconf 92' lang='lat' dir='ltr'><strong>inique</strong></span> <span class='ocrx_word' id='word_1_263' title='bbox 1175 2197 1497 2265; x_wconf 87' lang='lat' dir='ltr'><strong>appetitum,</strong></span> <span class='ocrx_word' id='word_1_264' title='bbox 1536 2193 1669 2247; x_wconf 86' lang='lat' dir='ltr'><strong>mihi</strong></span> <span class='ocrx_word' id='word_1_265' title='bbox 1699 2193 1929 2262; x_wconf 85' lang='lat' dir='ltr'><strong>alicujus</strong></span> <span class='ocrx_word' id='word_1_266' title='bbox 1965 2192 2020 2244; x_wconf 93' lang='lat' dir='ltr'><strong>in</strong></span> 
     </span>
    </p>
   </div>
   <div class='ocr_carea' id='block_1_41' title="bbox 458 2281 2021 2360">
    <p class='ocr_par' dir='ltr' id='par_1_41' title="bbox 458 2281 2021 2360">
     <span class='ocr_line' id='line_1_41' title="bbox 458 2281 2021 2360; baseline -0.007 -16"><span class='ocrx_word' id='word_1_267' title='bbox 458 2292 636 2360; x_wconf 86' lang='lat' dir='ltr'><strong>ipsum</strong></span> <span class='ocrx_word' id='word_1_268' title='bbox 658 2289 932 2350; x_wconf 75' lang='lat' dir='ltr'><strong>criminis,</strong></span> <span class='ocrx_word' id='word_1_269' title='bbox 958 2303 1054 2342; x_wconf 88' lang='lat' dir='ltr'><strong>seu</strong></span> <span class='ocrx_word' id='word_1_270' title='bbox 1080 2301 1161 2350; x_wconf 92' lang='lat' dir='ltr'><strong>re,</strong></span> <span class='ocrx_word' id='word_1_271' title='bbox 1179 2301 1274 2339; x_wconf 88' lang='lat' dir='ltr'><strong>seu</strong></span> <span class='ocrx_word' id='word_1_272' title='bbox 1294 2284 1464 2338; x_wconf 87' lang='lat' dir='ltr'><strong>verbo</strong></span> <span class='ocrx_word' id='word_1_273' title='bbox 1480 2282 1708 2355; x_wconf 64' lang='lat' dir='ltr'><strong>admissi</strong></span> <span class='ocrx_word' id='word_1_274' title='bbox 1737 2281 2021 2335; x_wconf 89' lang='lat' dir='ltr'><strong>conscium</strong></span> 
     </span>
    </p>
   </div>
   <div class='ocr_carea' id='block_1_42' title="bbox 455 2373 2024 2445">
    <p class='ocr_par' dir='ltr' id='par_1_42' title="bbox 455 2373 2024 2445">
     <span class='ocr_line' id='line_1_42' title="bbox 455 2373 2024 2445; baseline -0.009 -7"><span class='ocrx_word' id='word_1_275' title='bbox 455 2399 599 2445; x_wconf 85' lang='lat' dir='ltr'><strong>esse,</strong></span> <span class='ocrx_word' id='word_1_276' title='bbox 635 2391 730 2436; x_wconf 87' lang='lat' dir='ltr'><strong>aut</strong></span> <span class='ocrx_word' id='word_1_277' title='bbox 784 2380 976 2434; x_wconf 81' lang='lat' dir='ltr'><strong>fuisse.</strong></span> <span class='ocrx_word' id='word_1_278' title='bbox 1026 2377 1208 2444; x_wconf 87' lang='lat' dir='ltr'><strong>Quare</strong></span> <span class='ocrx_word' id='word_1_279' title='bbox 1242 2376 1498 2444; x_wconf 84' lang='lat' dir='ltr'><strong>illumper</strong></span> <span class='ocrx_word' id='word_1_280' title='bbox 1533 2375 1700 2427; x_wconf 84' lang='lat' dir='ltr'><strong>Deum</strong></span> <span class='ocrx_word' id='word_1_281' title='bbox 1740 2373 2024 2425; x_wconf 77' lang='lat' dir='ltr'><strong>immorta-</strong></span> 
     </span>
    </p>
   </div>
   <div class='ocr_carea' id='block_1_43' title="bbox 458 2462 2020 2536">
    <p class='ocr_par' dir='ltr' id='par_1_43' title="bbox 458 2462 2020 2536">
     <span class='ocr_line' id='line_1_43' title="bbox 458 2462 2020 2536; baseline -0.009 -8"><span class='ocrx_word' id='word_1_282' title='bbox 458 2477 565 2529; x_wconf 89' lang='lat' dir='ltr'><strong>lem</strong></span> <span class='ocrx_word' id='word_1_283' title='bbox 595 2473 848 2535; x_wconf 73' lang='lat' dir='ltr'><strong>obsecro,</strong></span> <span class='ocrx_word' id='word_1_284' title='bbox 876 2479 934 2524; x_wconf 92' lang='lat' dir='ltr'><strong>ut</strong></span> <span class='ocrx_word' id='word_1_285' title='bbox 959 2470 1096 2524; x_wconf 89' lang='lat' dir='ltr'><strong>iram</strong></span> <span class='ocrx_word' id='word_1_286' title='bbox 1128 2469 1386 2536; x_wconf 86' lang='lat' dir='ltr'><strong>deponat,</strong></span> <span class='ocrx_word' id='word_1_287' title='bbox 1407 2463 1566 2534; x_wconf 60' lang='lat'><strong>135.</strong></span> <span class='ocrx_word' id='word_1_288' title='bbox 1589 2479 1758 2533; x_wconf 88' lang='lat' dir='ltr'><strong>seque</strong></span> <span class='ocrx_word' id='word_1_289' title='bbox 1779 2463 1844 2516; x_wconf 91' lang='lat' dir='ltr'><strong>ad</strong></span> <span class='ocrx_word' id='word_1_290' title='bbox 1877 2462 2020 2516; x_wconf 88' lang='lat' dir='ltr'><strong>leni-</strong></span> 
     </span>
    </p>
   </div>
   <div class='ocr_carea' id='block_1_44' title="bbox 463 2554 2023 2630">
    <p class='ocr_par' dir='ltr' id='par_1_44' title="bbox 463 2554 2023 2630">
     <span class='ocr_line' id='line_1_44' title="bbox 463 2554 2023 2630; baseline -0.01 -10"><span class='ocrx_word' id='word_1_291' title='bbox 463 2572 631 2621; x_wconf 88' lang='lat' dir='ltr'><strong>tatem</strong></span> <span class='ocrx_word' id='word_1_292' title='bbox 659 2563 770 2625; x_wconf 89' lang='lat' dir='ltr'><strong>det,</strong></span> <span class='ocrx_word' id='word_1_293' title='bbox 794 2577 859 2616; x_wconf 89' lang='lat' dir='ltr'><strong>ac</strong></span> <span class='ocrx_word' id='word_1_294' title='bbox 896 2576 966 2615; x_wconf 91' lang='lat' dir='ltr'><strong>ne</strong></span> <span class='ocrx_word' id='word_1_295' title='bbox 1013 2559 1146 2630; x_wconf 90' lang='lat' dir='ltr'><strong>quid</strong></span> <span class='ocrx_word' id='word_1_296' title='bbox 1195 2567 1396 2628; x_wconf 75' lang='lat' dir='ltr'><strong>pra-ter</strong></span> <span class='ocrx_word' id='word_1_297' title='bbox 1454 2571 1670 2624; x_wconf 61' lang='lat' dir='ltr'><strong>aequum</strong></span> <span class='ocrx_word' id='word_1_298' title='bbox 1717 2564 1771 2609; x_wconf 90' lang='lat' dir='ltr'><strong>et</strong></span> <span class='ocrx_word' id='word_1_299' title='bbox 1821 2554 2023 2608; x_wconf 92' lang='lat' dir='ltr'><strong>bonum</strong></span> 
     </span>
    </p>
   </div>
   <div class='ocr_carea' id='block_1_45' title="bbox 460 2646 2025 2719">
    <p class='ocr_par' dir='ltr' id='par_1_45' title="bbox 460 2646 2025 2719">
     <span class='ocr_line' id='line_1_45' title="bbox 460 2646 2025 2719; baseline -0.009 -9"><span class='ocrx_word' id='word_1_300' title='bbox 460 2663 714 2710; x_wconf 89' lang='lat' dir='ltr'><strong>attentet.</strong></span> <span class='ocrx_word' id='word_1_301' title='bbox 745 2651 900 2719; x_wconf 87' lang='lat' dir='ltr'><strong>Quod</strong></span> <span class='ocrx_word' id='word_1_302' title='bbox 931 2651 976 2705; x_wconf 88' lang='lat' dir='ltr'><strong>si</strong></span> <span class='ocrx_word' id='word_1_303' title='bbox 999 2648 1402 2705; x_wconf 76' lang='lat' dir='ltr'><strong>caeodzetuonis</strong></span> <span class='ocrx_word' id='word_1_304' title='bbox 1428 2646 1759 2716; x_wconf 82' lang='lat' dir='ltr'><strong>malignitas,</strong></span> <span class='ocrx_word' id='word_1_305' title='bbox 1794 2654 2025 2714; x_wconf 85' lang='lat' dir='ltr'><strong>prepter</strong></span> 
     </span>
    </p>
   </div>
   <div class='ocr_carea' id='block_1_46' title="bbox 460 2734 2027 2816">
    <p class='ocr_par' dir='ltr' id='par_1_46' title="bbox 460 2734 2027 2816">
     <span class='ocr_line' id='line_1_46' title="bbox 460 2734 2027 2816; baseline -0.008 -18"><span class='ocrx_word' id='word_1_306' title='bbox 460 2759 624 2816; x_wconf 89' lang='lat' dir='ltr'><strong>quam</strong></span> <span class='ocrx_word' id='word_1_307' title='bbox 673 2743 872 2797; x_wconf 87' lang='lat' dir='ltr'><strong>multas</strong></span> <span class='ocrx_word' id='word_1_308' title='bbox 916 2741 1076 2795; x_wconf 79' lang='lat' dir='ltr'><strong>toties</strong></span> <span class='ocrx_word' id='word_1_309' title='bbox 1115 2753 1390 2795; x_wconf 64' lang='lat' dir='ltr'><strong>aerumnas</strong></span> <span class='ocrx_word' id='word_1_310' title='bbox 1425 2735 1652 2807; x_wconf 89' lang='lat' dir='ltr'><strong>pertuli,</strong></span> <span class='ocrx_word' id='word_1_311' title='bbox 1686 2743 1926 2804; x_wconf 87' lang='lat' dir='ltr'><strong>paratam</strong></span> <span class='ocrx_word' id='word_1_312' title='bbox 1959 2734 2027 2786; x_wconf 84' lang='lat' dir='ltr'><strong>ad</strong></span> 
     </span>
    </p>
   </div>
   <div class='ocr_carea' id='block_1_47' title="bbox 460 2822 2028 2908">
    <p class='ocr_par' dir='ltr' id='par_1_47' title="bbox 460 2822 2028 2908">
     <span class='ocr_line' id='line_1_47' title="bbox 460 2822 2028 2908; baseline -0.01 -18"><span class='ocrx_word' id='word_1_313' title='bbox 460 2839 584 2908; x_wconf 89' lang='lat' dir='ltr'><strong>ejus</strong></span> <span class='ocrx_word' id='word_1_314' title='bbox 617 2843 810 2894; x_wconf 70' lang='lat' dir='ltr'><strong>mltum</strong></span> <span class='ocrx_word' id='word_1_315' title='bbox 862 2832 1202 2886; x_wconf 87' lang='lat' dir='ltr'><strong>voluntatem</strong></span> <span class='ocrx_word' id='word_1_316' title='bbox 1261 2843 1438 2882; x_wconf 88' lang='lat' dir='ltr'><strong>meam</strong></span> <span class='ocrx_word' id='word_1_317' title='bbox 1502 2826 1726 2897; x_wconf 88' lang='lat' dir='ltr'><strong>(quam,</strong></span> <span class='ocrx_word' id='word_1_318' title='bbox 1780 2822 2028 2894; x_wconf 83' lang='lat' dir='ltr'><strong>quoties-</strong></span> 
     </span>
    </p>
   </div>
   <div class='ocr_carea' id='block_1_48' title="bbox 463 2914 2019 2997">
    <p class='ocr_par' dir='ltr' id='par_1_48' title="bbox 463 2914 2019 2997">
     <span class='ocr_line' id='line_1_48' title="bbox 463 2914 2019 2997; baseline -0.01 -14"><span class='ocrx_word' id='word_1_319' title='bbox 463 2940 681 2997; x_wconf 89' lang='lat' dir='ltr'><strong>cunque</strong></span> <span class='ocrx_word' id='word_1_320' title='bbox 730 2924 946 2980; x_wconf 89' lang='lat' dir='ltr'><strong>occasio</strong></span> <span class='ocrx_word' id='word_1_321' title='bbox 993 2923 1117 2987; x_wconf 88' lang='lat' dir='ltr'><strong>fuit,</strong></span> <span class='ocrx_word' id='word_1_322' title='bbox 1159 2936 1271 2991; x_wconf 74' lang='lat' dir='ltr'><strong>pra:</strong></span> <span class='ocrx_word' id='word_1_323' title='bbox 1308 2935 1394 2973; x_wconf 88' lang='lat' dir='ltr'><strong>me</strong></span> <span class='ocrx_word' id='word_1_324' title='bbox 1446 2919 1568 2988; x_wconf 90' lang='lat' dir='ltr'><strong>tuli)</strong></span> <span class='ocrx_word' id='word_1_325' title='bbox 1598 2932 1663 2972; x_wconf 73' lang='lat' dir='ltr'><strong>ex</strong></span> <span class='ocrx_word' id='word_1_326' title='bbox 1704 2917 1892 2970; x_wconf 91' lang='lat' dir='ltr'><strong>animo</strong></span> <span class='ocrx_word' id='word_1_327' title='bbox 1939 2914 2019 2969; x_wconf 92' lang='lat' dir='ltr'><strong>illi</strong></span> 
     </span>
    </p>
   </div>
   <div class='ocr_carea' id='block_1_49' title="bbox 464 3006 2029 3082">
    <p class='ocr_par' dir='ltr' id='par_1_49' title="bbox 464 3006 2029 3082">
     <span class='ocr_line' id='line_1_49' title="bbox 464 3006 2029 3082; baseline -0.01 -7"><span class='ocrx_word' id='word_1_328' title='bbox 464 3021 732 3082; x_wconf 79' lang='lat' dir='ltr'><strong>excussit,</strong></span> <span class='ocrx_word' id='word_1_329' title='bbox 805 3014 1273 3072; x_wconf 84' lang='lat' dir='ltr'><strong>obtrectatoribus</strong></span> <span class='ocrx_word' id='word_1_330' title='bbox 1325 3021 1508 3066; x_wconf 89' lang='lat' dir='ltr'><strong>autem</strong></span> <span class='ocrx_word' id='word_1_331' title='bbox 1571 3020 1623 3064; x_wconf 91' lang='lat' dir='ltr'><strong>et</strong></span> <span class='ocrx_word' id='word_1_332' title='bbox 1675 3006 2029 3078; x_wconf 80' lang='lat' dir='ltr'><strong>syeophantis</strong></span> 
     </span>
    </p>
   </div>
   <div class='ocr_carea' id='block_1_50' title="bbox 2119 1827 3662 1903">
    <p class='ocr_par' dir='ltr' id='par_1_50' title="bbox 2119 1827 3662 1903">
     <span class='ocr_line' id='line_1_50' title="bbox 2119 1827 3662 1903; baseline -0.006 -17"><span class='ocrx_word' id='word_1_333' title='bbox 2119 1833 2394 1903; x_wconf 74' lang='grc' dir='ltr'><strong>κλήματα.</strong></span> <span class='ocrx_word' id='word_1_334' title='bbox 2439 1832 2558 1885; x_wconf 87' lang='grc' dir='ltr'><strong>Τὦν</strong></span> <span class='ocrx_word' id='word_1_335' title='bbox 2591 1834 2646 1885; x_wconf 78' lang='grc' dir='ltr'><strong>δέ</strong></span> <span class='ocrx_word' id='word_1_336' title='bbox 2686 1832 2951 1884; x_wconf 81' lang='grc' dir='ltr'><strong>εἰπόντων</strong></span> <span class='ocrx_word' id='word_1_337' title='bbox 2996 1831 3159 1900; x_wconf 77' lang='grc' dir='ltr'><strong>μηδὲν</strong></span> <span class='ocrx_word' id='word_1_338' title='bbox 3199 1830 3362 1881; x_wconf 86' lang='grc' dir='ltr'><strong>πλέον</strong></span> <span class='ocrx_word' id='word_1_339' title='bbox 3398 1827 3662 1894; x_wconf 81' lang='grc' dir='ltr'><strong>ἐπιτετράο</strong></span> 
     </span>
    </p>
   </div>
   <div class='ocr_carea' id='block_1_51' title="bbox 2121 1920 3662 1994">
    <p class='ocr_par' dir='ltr' id='par_1_51' title="bbox 2121 1920 3662 1994">
     <span class='ocr_line' id='line_1_51' title="bbox 2121 1920 3662 1994; baseline -0.006 -16"><span class='ocrx_word' id='word_1_340' title='bbox 2121 1927 2254 1994; x_wconf 75' lang='grc' dir='ltr'><strong>φθαι</strong></span> <span class='ocrx_word' id='word_1_341' title='bbox 2325 1926 2356 1994; x_wconf 75' lang='grc' dir='ltr'><strong>ἦ</strong></span> <span class='ocrx_word' id='word_1_342' title='bbox 2414 1927 2537 1976; x_wconf 73' lang='grc' dir='ltr'><strong>ὅσον</strong></span> <span class='ocrx_word' id='word_1_343' title='bbox 2598 1925 2670 1993; x_wconf 79' lang='grc' dir='ltr'><strong>μὴ</strong></span> <span class='ocrx_word' id='word_1_344' title='bbox 2737 1924 2815 1986; x_wconf 87' lang='grc' dir='ltr'><strong>είς</strong></span> <span class='ocrx_word' id='word_1_345' title='bbox 2883 1923 3182 1986; x_wconf 76' lang='grc' dir='ltr'><strong>Βυζάντιον</strong></span> <span class='ocrx_word' id='word_1_346' title='bbox 3245 1920 3662 1988; x_wconf 57' lang='grc' dir='ltr'><strong>ἀπαγγελανττς</strong></span> 
     </span>
    </p>
   </div>
   <div class='ocr_carea' id='block_1_52' title="bbox 2118 2011 3660 2086">
    <p class='ocr_par' dir='ltr' id='par_1_52' title="bbox 2118 2011 3660 2086">
     <span class='ocr_line' id='line_1_52' title="bbox 2118 2011 3660 2086; baseline -0.008 -16"><span class='ocrx_word' id='word_1_347' title='bbox 2118 2019 2295 2086; x_wconf 71' lang='grc' dir='ltr'><strong>ἥκειν,</strong></span> <span class='ocrx_word' id='word_1_348' title='bbox 2350 2013 2506 2078; x_wconf 68' lang='grc' dir='ltr'><strong>αὖθις</strong></span> <span class='ocrx_word' id='word_1_349' title='bbox 2566 2016 2958 2085; x_wconf 72' lang='grc' dir='ltr'><strong>ἀναστρέφειν,</strong></span> <span class='ocrx_word' id='word_1_350' title='bbox 3033 2014 3432 2082; x_wconf 75' lang='grc' dir='ltr'><strong>Ἀπαγγείλατε</strong></span> <span class='ocrx_word' id='word_1_351' title='bbox 3473 2011 3660 2072; x_wconf 70' lang='grc' dir='ltr'><strong>τοίιυν,</strong></span> 
     </span>
    </p>
   </div>
   <div class='ocr_carea' id='block_1_53' title="bbox 2121 2099 3664 2176">
    <p class='ocr_par' dir='ltr' id='par_1_53' title="bbox 2121 2099 3664 2176">
     <span class='ocr_line' id='line_1_53' title="bbox 2121 2099 3664 2176; baseline -0.01 -12"><span class='ocrx_word' id='word_1_352' title='bbox 2121 2108 2249 2176; x_wconf 73' lang='grc' dir='ltr'><strong>ἔφη,</strong></span> <span class='ocrx_word' id='word_1_353' title='bbox 2288 2106 2364 2174; x_wconf 83' lang='grc' dir='ltr'><strong>τῷ</strong></span> <span class='ocrx_word' id='word_1_354' title='bbox 2395 2106 2513 2173; x_wconf 81' lang='grc' dir='ltr'><strong>ἐμῷ</strong></span> <span class='ocrx_word' id='word_1_355' title='bbox 2547 2106 2829 2176; x_wconf 82' lang='grc' dir='ltr'><strong>κυρίῳκαὶ</strong></span> <span class='ocrx_word' id='word_1_356' title='bbox 2862 2105 3092 2174; x_wconf 77' lang='grc' dir='ltr'><strong>βασιλεῖ,</strong></span> <span class='ocrx_word' id='word_1_357' title='bbox 3119 2107 3204 2157; x_wconf 80' lang='grc' dir='ltr'><strong>ὅτι</strong></span> <span class='ocrx_word' id='word_1_358' title='bbox 3245 2103 3334 2157; x_wconf 73' lang='grc' dir='ltr'><strong>τὸν</strong></span> <span class='ocrx_word' id='word_1_359' title='bbox 3363 2103 3549 2170; x_wconf 79' lang='grc' dir='ltr'><strong>ἔφορον</strong></span> <span class='ocrx_word' id='word_1_360' title='bbox 3578 2099 3664 2164; x_wconf 69' lang='grc' dir='ltr'><strong>τῆς</strong></span> 
     </span>
    </p>
   </div>
   <div class='ocr_carea' id='block_1_54' title="bbox 2123 2193 3663 2267">
    <p class='ocr_par' dir='ltr' id='par_1_54' title="bbox 2123 2193 3663 2267">
     <span class='ocr_line' id='line_1_54' title="bbox 2123 2193 3663 2267; baseline -0.005 -16"><span class='ocrx_word' id='word_1_361' title='bbox 2123 2197 2382 2267; x_wconf 79' lang='grc' dir='ltr'><strong>ἀληθείας</strong></span> <span class='ocrx_word' id='word_1_362' title='bbox 2419 2198 2868 2267; x_wconf 75' lang='grc' dir='ltr'><strong>ἐπιμαρτύρομαι</strong></span> <span class='ocrx_word' id='word_1_363' title='bbox 2913 2197 3072 2258; x_wconf 68' lang='grc' dir='ltr'><strong>Θεὸν,</strong></span> <span class='ocrx_word' id='word_1_364' title='bbox 3101 2198 3192 2259; x_wconf 66' lang='grc' dir='ltr'><strong>καὶ</strong></span> <span class='ocrx_word' id='word_1_365' title='bbox 3239 2197 3401 2248; x_wconf 69' lang='grc' dir='ltr'><strong>αὑτὸν</strong></span> <span class='ocrx_word' id='word_1_366' title='bbox 3426 2193 3663 2263; x_wconf 72' lang='grc' dir='ltr'><strong>ἀλήθειαν</strong></span> 
     </span>
    </p>
   </div>
   <div class='ocr_carea' id='block_1_55' title="bbox 2125 2282 3665 2355">
    <p class='ocr_par' dir='ltr' id='par_1_55' title="bbox 2125 2282 3665 2355">
     <span class='ocr_line' id='line_1_55' title="bbox 2125 2282 3665 2355; baseline -0.006 -13"><span class='ocrx_word' id='word_1_367' title='bbox 2125 2287 2462 2355; x_wconf 80' lang='grc' dir='ltr'><strong>καλούμενον</strong></span> <span class='ocrx_word' id='word_1_368' title='bbox 2488 2289 2582 2340; x_wconf 77' lang='grc' dir='ltr'><strong>καὶ</strong></span> <span class='ocrx_word' id='word_1_369' title='bbox 2617 2289 2764 2348; x_wconf 76' lang='grc' dir='ltr'><strong>ὄντα,</strong></span> <span class='ocrx_word' id='word_1_370' title='bbox 2796 2288 2870 2349; x_wconf 78' lang='grc' dir='ltr'><strong>ὡς</strong></span> <span class='ocrx_word' id='word_1_371' title='bbox 2902 2287 3026 2338; x_wconf 72' lang='grc' dir='ltr'><strong>οὔτε</strong></span> <span class='ocrx_word' id='word_1_372' title='bbox 3061 2287 3356 2355; x_wconf 66' lang='grc' dir='ltr'><strong>πρότερον,</strong></span> <span class='ocrx_word' id='word_1_373' title='bbox 3385 2286 3494 2337; x_wconf 69' lang='grc' dir='ltr'><strong>οὔτ’</strong></span> <span class='ocrx_word' id='word_1_374' title='bbox 3527 2287 3579 2337; x_wconf 88' lang='grc' dir='ltr'><strong>ἐν</strong></span> <span class='ocrx_word' id='word_1_375' title='bbox 3600 2282 3665 2349; x_wconf 85' lang='grc' dir='ltr'><strong>τῷ</strong></span> 
     </span>
    </p>
   </div>
   <div class='ocr_carea' id='block_1_56' title="bbox 2123 2374 3664 2447">
    <p class='ocr_par' dir='ltr' id='par_1_56' title="bbox 2123 2374 3664 2447">
     <span class='ocr_line' id='line_1_56' title="bbox 2123 2374 3664 2447; baseline -0.005 -14"><span class='ocrx_word' id='word_1_376' title='bbox 2123 2380 2220 2433; x_wconf 86' lang='grc' dir='ltr'><strong>νῦν</strong></span> <span class='ocrx_word' id='word_1_377' title='bbox 2253 2379 2453 2440; x_wconf 82' lang='grc' dir='ltr'><strong>ἀδίκως</strong></span> <span class='ocrx_word' id='word_1_378' title='bbox 2514 2381 2640 2430; x_wconf 79' lang='grc' dir='ltr'><strong>κατ’</strong></span> <span class='ocrx_word' id='word_1_379' title='bbox 2698 2378 2832 2446; x_wconf 84' lang='grc' dir='ltr'><strong>ἐμοῦ</strong></span> <span class='ocrx_word' id='word_1_380' title='bbox 2903 2379 3213 2447; x_wconf 74' lang='grc' dir='ltr'><strong>κινουμένῳ</strong></span> <span class='ocrx_word' id='word_1_381' title='bbox 3273 2378 3511 2446; x_wconf 84' lang='grc' dir='ltr'><strong>πολέμῳ,</strong></span> <span class='ocrx_word' id='word_1_382' title='bbox 3564 2374 3664 2427; x_wconf 77' lang='grc' dir='ltr'><strong>οὔτ’</strong></span> 
     </span>
    </p>
   </div>
   <div class='ocr_carea' id='block_1_57' title="bbox 2124 2465 3682 2538">
    <p class='ocr_par' dir='ltr' id='par_1_57' title="bbox 2124 2465 3682 2538">
     <span class='ocr_line' id='line_1_57' title="bbox 2124 2465 3682 2538; baseline -0.003 -18"><span class='ocrx_word' id='word_1_383' title='bbox 2124 2469 2311 2538; x_wconf 79' lang='grc' dir='ltr'><strong>ἔργοις</strong></span> <span class='ocrx_word' id='word_1_384' title='bbox 2365 2467 2488 2520; x_wconf 69' lang='grc' dir='ltr'><strong>οὗτε</strong></span> <span class='ocrx_word' id='word_1_385' title='bbox 2542 2468 2649 2538; x_wconf 74' lang='grc' dir='ltr'><strong>μὴν</strong></span> <span class='ocrx_word' id='word_1_386' title='bbox 2709 2470 2764 2519; x_wconf 88' lang='grc' dir='ltr'><strong>ἐν</strong></span> <span class='ocrx_word' id='word_1_387' title='bbox 2799 2469 3044 2537; x_wconf 72' lang='grc' dir='ltr'><strong>ῥήμασιν</strong></span> <span class='ocrx_word' id='word_1_388' title='bbox 3091 2468 3318 2536; x_wconf 80' lang='grc' dir='ltr'><strong>ἐμαυτῷ</strong></span> <span class='ocrx_word' id='word_1_389' title='bbox 3370 2484 3421 2520; x_wconf 89' lang='grc' dir='ltr'><strong>τι</strong></span> <span class='ocrx_word' id='word_1_390' title='bbox 3471 2465 3682 2518; x_wconf 76' lang='grc' dir='ltr'><strong>σύνοιδα.</strong></span> 
     </span>
    </p>
   </div>
   <div class='ocr_carea' id='block_1_58' title="bbox 2128 2556 3664 2629">
    <p class='ocr_par' dir='ltr' id='par_1_58' title="bbox 2128 2556 3664 2629">
     <span class='ocr_line' id='line_1_58' title="bbox 2128 2556 3664 2629; baseline -0.003 -18"><span class='ocrx_word' id='word_1_391' title='bbox 2128 2560 2526 2629; x_wconf 79' lang='grc' dir='ltr'><strong>πεπραγμένον</strong></span> <span class='ocrx_word' id='word_1_392' title='bbox 2578 2559 2719 2612; x_wconf 85' lang='grc' dir='ltr'><strong>κατά</strong></span> <span class='ocrx_word' id='word_1_393' title='bbox 2770 2559 2890 2611; x_wconf 88' lang='grc' dir='ltr'><strong>σοῦ.</strong></span> <span class='ocrx_word' id='word_1_394' title='bbox 2945 2560 3034 2610; x_wconf 72' lang='grc' dir='ltr'><strong>Διδ</strong></span> <span class='ocrx_word' id='word_1_395' title='bbox 3085 2560 3179 2611; x_wconf 77' lang='grc' dir='ltr'><strong>καὶ</strong></span> <span class='ocrx_word' id='word_1_396' title='bbox 3232 2559 3416 2628; x_wconf 78' lang='grc' dir='ltr'><strong>ἱκέτης</strong></span> <span class='ocrx_word' id='word_1_397' title='bbox 3465 2556 3664 2626; x_wconf 84' lang='grc' dir='ltr'><strong>γίνομαί</strong></span> 
     </span>
    </p>
   </div>
   <div class='ocr_carea' id='block_1_59' title="bbox 2129 2648 3664 2719">
    <p class='ocr_par' dir='ltr' id='par_1_59' title="bbox 2129 2648 3664 2719">
     <span class='ocr_line' id='line_1_59' title="bbox 2129 2648 3664 2719; baseline -0.003 -17"><span class='ocrx_word' id='word_1_398' title='bbox 2129 2667 2225 2702; x_wconf 88' lang='grc' dir='ltr'><strong>σου</strong></span> <span class='ocrx_word' id='word_1_399' title='bbox 2259 2650 2394 2716; x_wconf 73' lang='grc' dir='ltr'><strong>πρὸς</strong></span> <span class='ocrx_word' id='word_1_400' title='bbox 2427 2649 2592 2702; x_wconf 62' lang='grc' dir='ltr'><strong>αἰτοῦ</strong></span> <span class='ocrx_word' id='word_1_401' title='bbox 2633 2649 2729 2701; x_wconf 90' lang='grc' dir='ltr'><strong>τοῦ</strong></span> <span class='ocrx_word' id='word_1_402' title='bbox 2771 2649 2933 2714; x_wconf 76' lang='grc' dir='ltr'><strong>θεοῦ,</strong></span> <span class='ocrx_word' id='word_1_403' title='bbox 2965 2650 3026 2701; x_wconf 76' lang='grc' dir='ltr'><strong>τὸ</strong></span> <span class='ocrx_word' id='word_1_404' title='bbox 3058 2651 3379 2719; x_wconf 68' lang='grc' dir='ltr'><strong>ὀργίζεσθαι</strong></span> <span class='ocrx_word' id='word_1_405' title='bbox 3420 2648 3664 2714; x_wconf 79' lang='grc' dir='ltr'><strong>ἀποθέμε-</strong></span> 
     </span>
    </p>
   </div>
   <div class='ocr_carea' id='block_1_60' title="bbox 2127 2736 3662 2811">
    <p class='ocr_par' dir='ltr' id='par_1_60' title="bbox 2127 2736 3662 2811">
     <span class='ocr_line' id='line_1_60' title="bbox 2127 2736 3662 2811; baseline -0.005 -15"><span class='ocrx_word' id='word_1_406' title='bbox 2127 2761 2241 2805; x_wconf 90' lang='grc' dir='ltr'><strong>νον,</strong></span> <span class='ocrx_word' id='word_1_407' title='bbox 2284 2741 2596 2811; x_wconf 77' lang='grc' dir='ltr'><strong>συμπαθείᾳ</strong></span> <span class='ocrx_word' id='word_1_408' title='bbox 2655 2740 2964 2811; x_wconf 84' lang='grc' dir='ltr'><strong>χρήσασθαι</strong></span> <span class='ocrx_word' id='word_1_409' title='bbox 3013 2740 3108 2792; x_wconf 81' lang='grc' dir='ltr'><strong>καὶ</strong></span> <span class='ocrx_word' id='word_1_410' title='bbox 3143 2742 3434 2810; x_wconf 73' lang='grc' dir='ltr'><strong>πραότητι,</strong></span> <span class='ocrx_word' id='word_1_411' title='bbox 3469 2742 3554 2793; x_wconf 69' lang='grc' dir='ltr'><strong>καὶ</strong></span> <span class='ocrx_word' id='word_1_412' title='bbox 3584 2736 3662 2790; x_wconf 81' lang='grc' dir='ltr'><strong>τοῦ</strong></span> 
     </span>
    </p>
   </div>
   <div class='ocr_carea' id='block_1_61' title="bbox 2126 2829 3663 2902">
    <p class='ocr_par' dir='ltr' id='par_1_61' title="bbox 2126 2829 3663 2902">
     <span class='ocr_line' id='line_1_61' title="bbox 2126 2829 3663 2902; baseline -0.003 -16"><span class='ocrx_word' id='word_1_413' title='bbox 2126 2833 2337 2886; x_wconf 81' lang='grc' dir='ltr'><strong>δικαίου</strong></span> <span class='ocrx_word' id='word_1_414' title='bbox 2378 2833 2472 2886; x_wconf 72' lang='grc' dir='ltr'><strong>καὶ</strong></span> <span class='ocrx_word' id='word_1_415' title='bbox 2522 2831 2929 2895; x_wconf 75' lang='grc' dir='ltr'><strong>λυσιτελοῦντος</strong></span> <span class='ocrx_word' id='word_1_416' title='bbox 2977 2833 3082 2898; x_wconf 77' lang='grc' dir='ltr'><strong>ἔξω</strong></span> <span class='ocrx_word' id='word_1_417' title='bbox 3129 2837 3312 2886; x_wconf 84' lang='grc' dir='ltr'><strong>ποιεῖν</strong></span> <span class='ocrx_word' id='word_1_418' title='bbox 3346 2833 3522 2902; x_wconf 85' lang='grc' dir='ltr'><strong>μηδέν.</strong></span> <span class='ocrx_word' id='word_1_419' title='bbox 3550 2829 3663 2882; x_wconf 68' lang='grc' dir='ltr'><strong>Είδ*</strong></span> 
     </span>
    </p>
   </div>
   <div class='ocr_carea' id='block_1_62' title="bbox 2129 2923 3667 2996">
    <p class='ocr_par' dir='ltr' id='par_1_62' title="bbox 2129 2923 3667 2996">
     <span class='ocr_line' id='line_1_62' title="bbox 2129 2923 3667 2996; baseline -0.005 -16"><span class='ocrx_word' id='word_1_420' title='bbox 2129 2925 2239 2996; x_wconf 82' lang='grc' dir='ltr'><strong>ἄρα.</strong></span> <span class='ocrx_word' id='word_1_421' title='bbox 2273 2923 2365 2977; x_wconf 86' lang='grc' dir='ltr'><strong>τοῦ</strong></span> <span class='ocrx_word' id='word_1_422' title='bbox 2421 2923 2678 2992; x_wconf 78' lang='grc' dir='ltr'><strong>δαίμονος</strong></span> <span class='ocrx_word' id='word_1_423' title='bbox 2707 2927 2738 2993; x_wconf 83' lang='grc' dir='ltr'>ὴ</span> <span class='ocrx_word' id='word_1_424' title='bbox 2772 2925 3092 2994; x_wconf 83' lang='grc' dir='ltr'><strong>δυσμένεια,</strong></span> <span class='ocrx_word' id='word_1_425' title='bbox 3123 2924 3191 2977; x_wconf 87' lang='grc' dir='ltr'><strong>δι’</strong></span> <span class='ocrx_word' id='word_1_426' title='bbox 3231 2927 3297 2996; x_wconf 75' lang='grc' dir='ltr'><strong>ἦν</strong></span> <span class='ocrx_word' id='word_1_427' title='bbox 3329 2924 3578 2984; x_wconf 76' lang='grc' dir='ltr'><strong>πολλάκις</strong></span> <span class='ocrx_word' id='word_1_428' title='bbox 3617 2923 3667 2972; x_wconf 84' lang='grc' dir='ltr'><strong>ἐν</strong></span> 
     </span>
    </p>
   </div>
   <div class='ocr_carea' id='block_1_63' title="bbox 2134 3011 3668 3086">
    <p class='ocr_par' dir='ltr' id='par_1_63' title="bbox 2134 3011 3668 3086">
     <span class='ocr_line' id='line_1_63' title="bbox 2134 3011 3668 3086; baseline -0.005 -16"><span class='ocrx_word' id='word_1_429' title='bbox 2134 3017 2327 3078; x_wconf 77' lang='grc' dir='ltr'><strong>κακοῖς</strong></span> <span class='ocrx_word' id='word_1_430' title='bbox 2375 3014 2860 3086; x_wconf 77' lang='grc' dir='ltr'><strong>τεταλαιπώρηκα,</strong></span> <span class='ocrx_word' id='word_1_431' title='bbox 2917 3015 3018 3084; x_wconf 83' lang='grc' dir='ltr'><strong>τῆς</strong></span> <span class='ocrx_word' id='word_1_432' title='bbox 3051 3017 3150 3083; x_wconf 84' lang='grc' dir='ltr'><strong>μέν</strong></span> <span class='ocrx_word' id='word_1_433' title='bbox 3182 3016 3433 3076; x_wconf 76' lang='grc' dir='ltr'><strong>δουλείας</strong></span> <span class='ocrx_word' id='word_1_434' title='bbox 3473 3014 3558 3067; x_wconf 73' lang='grc' dir='ltr'><strong>καὶ</strong></span> <span class='ocrx_word' id='word_1_435' title='bbox 3592 3011 3668 3063; x_wconf 76' lang='grc' dir='ltr'><strong>εύο</strong></span> 
     </span>
    </p>
   </div>
   <div class='ocr_carea' id='block_1_64' title="bbox 464 3079 2024 3179">
    <p class='ocr_par' dir='ltr' id='par_1_64' title="bbox 464 3097 2024 3173">
     <span class='ocr_line' id='line_1_64' title="bbox 464 3097 2024 3173; baseline -0.011 -7"><span class='ocrx_word' id='word_1_436' title='bbox 464 3127 627 3166; x_wconf 90' lang='lat' dir='ltr'><strong>aures</strong></span> <span class='ocrx_word' id='word_1_437' title='bbox 669 3110 822 3173; x_wconf 90' lang='lat' dir='ltr'><strong>dare,</strong></span> <span class='ocrx_word' id='word_1_438' title='bbox 872 3115 926 3162; x_wconf 90' lang='lat' dir='ltr'><strong>et</strong></span> <span class='ocrx_word' id='word_1_439' title='bbox 974 3105 1144 3160; x_wconf 88' lang='lat' dir='ltr'><strong>armis</strong></span> <span class='ocrx_word' id='word_1_440' title='bbox 1183 3120 1269 3159; x_wconf 90' lang='lat' dir='ltr'><strong>me</strong></span> <span class='ocrx_word' id='word_1_441' title='bbox 1301 3101 1562 3173; x_wconf 87' lang='lat' dir='ltr'><strong>persequi</strong></span> <span class='ocrx_word' id='word_1_442' title='bbox 1595 3099 1893 3170; x_wconf 88' lang='lat' dir='ltr'><strong>persuasit,</strong></span> <span class='ocrx_word' id='word_1_443' title='bbox 1928 3097 2024 3150; x_wconf 86' lang='lat' dir='ltr'><strong>ite-</strong></span> 
     </span>
    </p>
   </div>
   <div class='ocr_carea' id='block_1_65' title="bbox 2127 3079 3670 3179">
    <p class='ocr_par' dir='ltr' id='par_1_65' title="bbox 2136 3079 3670 3179">
     <span class='ocr_line' id='line_1_65' title="bbox 2136 3079 3670 3179; baseline -0.002 -19"><span class='ocrx_word' id='word_1_444' title='bbox 2136 3107 2383 3169; x_wconf 80' lang='grc' dir='ltr'><strong>πειθείας</strong></span> <span class='ocrx_word' id='word_1_445' title='bbox 2414 3109 2479 3178; x_wconf 73' lang='grc' dir='ltr'><strong>ἣν</strong></span> <span class='ocrx_word' id='word_1_446' title='bbox 2515 3079 2706 3176; x_wconf 69' lang='grc' dir='ltr'><strong>ἔργοις</strong></span> <span class='ocrx_word' id='word_1_447' title='bbox 2735 3079 2916 3170; x_wconf 75' lang='grc' dir='ltr'><strong>αὐτοῖς</strong></span> <span class='ocrx_word' id='word_1_448' title='bbox 2949 3079 3319 3179; x_wconf 70' lang='grc' dir='ltr'><strong>ἐπεδειξάμην</strong></span> <span class='ocrx_word' id='word_1_449' title='bbox 3354 3111 3410 3161; x_wconf 80' lang='grc' dir='ltr'><strong>ἐν</strong></span> <span class='ocrx_word' id='word_1_450' title='bbox 3435 3103 3670 3172; x_wconf 86' lang='grc' dir='ltr'><strong>παντὶτῷ</strong></span> 
     </span>
    </p>
   </div>
   <div class='ocr_carea' id='block_1_66' title="bbox 465 3187 2027 3264">
    <p class='ocr_par' dir='ltr' id='par_1_66' title="bbox 465 3187 2027 3264">
     <span class='ocr_line' id='line_1_66' title="bbox 465 3187 2027 3264; baseline -0.01 -9"><span class='ocrx_word' id='word_1_451' title='bbox 465 3217 588 3256; x_wconf 87' lang='lat' dir='ltr'><strong>rum</strong></span> <span class='ocrx_word' id='word_1_452' title='bbox 620 3215 744 3264; x_wconf 91' lang='lat' dir='ltr'><strong>oro,</strong></span> <span class='ocrx_word' id='word_1_453' title='bbox 797 3214 867 3251; x_wconf 89' lang='lat' dir='ltr'><strong>ne</strong></span> <span class='ocrx_word' id='word_1_454' title='bbox 909 3196 1116 3251; x_wconf 90' lang='lat' dir='ltr'><strong>indicta</strong></span> <span class='ocrx_word' id='word_1_455' title='bbox 1167 3209 1330 3248; x_wconf 86' lang='lat' dir='ltr'><strong>causa</strong></span> <span class='ocrx_word' id='word_1_456' title='bbox 1385 3208 1470 3247; x_wconf 90' lang='lat' dir='ltr'><strong>me</strong></span> <span class='ocrx_word' id='word_1_457' title='bbox 1510 3189 1863 3253; x_wconf 85' lang='lat' dir='ltr'><strong>condemnet,</strong></span> <span class='ocrx_word' id='word_1_458' title='bbox 1932 3187 2027 3242; x_wconf 81' lang='lat' dir='ltr'><strong>sed</strong></span> 
     </span>
    </p>
   </div>
   <div class='ocr_carea' id='block_1_67' title="bbox 465 3277 2026 3360">
    <p class='ocr_par' dir='ltr' id='par_1_67' title="bbox 465 3277 2026 3360">
     <span class='ocr_line' id='line_1_67' title="bbox 465 3277 2026 3360; baseline -0.01 -13"><span class='ocrx_word' id='word_1_459' title='bbox 465 3293 696 3347; x_wconf 89' lang='lat' dir='ltr'><strong>erimina</strong></span> <span class='ocrx_word' id='word_1_460' title='bbox 733 3289 993 3360; x_wconf 85' lang='lat' dir='ltr'><strong>proferat,</strong></span> <span class='ocrx_word' id='word_1_461' title='bbox 1025 3285 1358 3341; x_wconf 80' lang='lat' dir='ltr'><strong>defendendi</strong></span> <span class='ocrx_word' id='word_1_462' title='bbox 1395 3284 1576 3338; x_wconf 91' lang='lat' dir='ltr'><strong>locum</strong></span> <span class='ocrx_word' id='word_1_463' title='bbox 1619 3281 1919 3349; x_wconf 89' lang='lat' dir='ltr'><strong>relinquat.</strong></span> <span class='ocrx_word' id='word_1_464' title='bbox 1971 3277 2026 3332; x_wconf 91' lang='lat' dir='ltr'><strong>Si</strong></span> 
     </span>
    </p>
   </div>
   <div class='ocr_carea' id='block_1_68' title="bbox 469 3369 2026 3444">
    <p class='ocr_par' dir='ltr' id='par_1_68' title="bbox 469 3369 2026 3444">
     <span class='ocr_line' id='line_1_68' title="bbox 469 3369 2026 3444; baseline -0.008 -8"><span class='ocrx_word' id='word_1_465' title='bbox 469 3381 721 3438; x_wconf 79' lang='lat' dir='ltr'><strong>refutatis</strong></span> <span class='ocrx_word' id='word_1_466' title='bbox 751 3380 859 3434; x_wconf 84' lang='lat' dir='ltr'><strong>illis</strong></span> <span class='ocrx_word' id='word_1_467' title='bbox 892 3377 1295 3433; x_wconf 85' lang='lat' dir='ltr'><strong>damnationem</strong></span> <span class='ocrx_word' id='word_1_468' title='bbox 1330 3375 1594 3444; x_wconf 82' lang='lat' dir='ltr'><strong>etlugero,</strong></span> <span class='ocrx_word' id='word_1_469' title='bbox 1621 3371 1757 3425; x_wconf 90' lang='lat' dir='ltr'><strong>bene</strong></span> <span class='ocrx_word' id='word_1_470' title='bbox 1810 3369 1976 3423; x_wconf 87' lang='lat' dir='ltr'><strong>habet</strong></span> <span class='ocrx_word' id='word_1_471' title='bbox 2011 3387 2026 3424; x_wconf 91' lang='lat'><strong>:</strong></span> 
     </span>
    </p>
   </div>
   <div class='ocr_carea' id='block_1_69' title="bbox 469 3463 2033 3544">
    <p class='ocr_par' dir='ltr' id='par_1_69' title="bbox 469 3463 2033 3544">
     <span class='ocr_line' id='line_1_69' title="bbox 469 3463 2033 3544; baseline -0.01 -16"><span class='ocrx_word' id='word_1_472' title='bbox 469 3475 552 3528; x_wconf 85' lang='lat' dir='ltr'><strong>sin</strong></span> <span class='ocrx_word' id='word_1_473' title='bbox 586 3469 830 3544; x_wconf 81' lang='lat' dir='ltr'><strong>perfidus</strong></span> <span class='ocrx_word' id='word_1_474' title='bbox 853 3480 910 3524; x_wconf 92' lang='lat' dir='ltr'><strong>et</strong></span> <span class='ocrx_word' id='word_1_475' title='bbox 939 3468 1264 3539; x_wconf 63' lang='lat' dir='ltr'><strong>foedifragos</strong></span> <span class='ocrx_word' id='word_1_476' title='bbox 1293 3468 1550 3521; x_wconf 85' lang='lat' dir='ltr'><strong>inventus</strong></span> <span class='ocrx_word' id='word_1_477' title='bbox 1608 3463 1788 3526; x_wconf 88' lang='lat' dir='ltr'><strong>fuero,</strong></span> <span class='ocrx_word' id='word_1_478' title='bbox 1831 3477 1900 3516; x_wconf 90' lang='lat' dir='ltr'><strong>ne</strong></span> <span class='ocrx_word' id='word_1_479' title='bbox 1939 3475 2033 3513; x_wconf 83' lang='lat' dir='ltr'><strong>ve-</strong></span> 
     </span>
    </p>
   </div>
   <div class='ocr_carea' id='block_1_70' title="bbox 469 3554 2031 3628">
    <p class='ocr_par' dir='ltr' id='par_1_70' title="bbox 469 3554 2031 3628">
     <span class='ocr_line' id='line_1_70' title="bbox 469 3554 2031 3628; baseline -0.008 -10"><span class='ocrx_word' id='word_1_480' title='bbox 469 3567 616 3618; x_wconf 83' lang='lat' dir='ltr'><strong>niam</strong></span> <span class='ocrx_word' id='word_1_481' title='bbox 648 3578 993 3627; x_wconf 80' lang='lat' dir='ltr'><strong>eonsequar,</strong></span> <span class='ocrx_word' id='word_1_482' title='bbox 1047 3571 1104 3615; x_wconf 87' lang='lat' dir='ltr'><strong>et</strong></span> <span class='ocrx_word' id='word_1_483' title='bbox 1156 3561 1268 3614; x_wconf 85' lang='lat' dir='ltr'><strong>vel-</strong></span> <span class='ocrx_word' id='word_1_484' title='bbox 1306 3573 1392 3612; x_wconf 85' lang='lat' dir='ltr'><strong>me</strong></span> <span class='ocrx_word' id='word_1_485' title='bbox 1417 3557 1629 3628; x_wconf 87' lang='lat' dir='ltr'><strong>judice,</strong></span> <span class='ocrx_word' id='word_1_486' title='bbox 1675 3554 2031 3625; x_wconf 74' lang='lat' dir='ltr'><strong>quantumvis</strong></span> 
     </span>
    </p>
   </div>
   <div class='ocr_carea' id='block_1_71' title="bbox 471 3645 2035 3727">
    <p class='ocr_par' dir='ltr' id='par_1_71' title="bbox 471 3645 2035 3727">
     <span class='ocr_line' id='line_1_71' title="bbox 471 3645 2035 3727; baseline -0.009 -16"><span class='ocrx_word' id='word_1_487' title='bbox 471 3672 666 3727; x_wconf 79' lang='lat' dir='ltr'><strong>magno</strong></span> <span class='ocrx_word' id='word_1_488' title='bbox 691 3656 976 3725; x_wconf 74' lang='lat' dir='ltr'><strong>supplicio</strong></span> <span class='ocrx_word' id='word_1_489' title='bbox 1005 3653 1228 3708; x_wconf 90' lang='lat' dir='ltr'><strong>multer.</strong></span> <span class='ocrx_word' id='word_1_490' title='bbox 1262 3652 1385 3707; x_wconf 81' lang='lat' dir='ltr'><strong>Haec</strong></span> <span class='ocrx_word' id='word_1_491' title='bbox 1418 3665 1591 3720; x_wconf 87' lang='lat' dir='ltr'><strong>nepos</strong></span> <span class='ocrx_word' id='word_1_492' title='bbox 1623 3663 1745 3702; x_wconf 90' lang='lat' dir='ltr'><strong>avo.</strong></span> <span class='ocrx_word' id='word_1_493' title='bbox 1778 3645 2035 3713; x_wconf 71' lang='lat' dir='ltr'><strong>Quazren-</strong></span> 
     </span>
    </p>
   </div>
   <div class='ocr_carea' id='block_1_72' title="bbox 468 3738 2034 3816">
    <p class='ocr_par' dir='ltr' id='par_1_72' title="bbox 468 3738 2034 3816">
     <span class='ocr_line' id='line_1_72' title="bbox 468 3738 2034 3816; baseline -0.008 -13"><span class='ocrx_word' id='word_1_494' title='bbox 468 3749 616 3804; x_wconf 88' lang='lat' dir='ltr'><strong>tibus</strong></span> <span class='ocrx_word' id='word_1_495' title='bbox 645 3748 828 3802; x_wconf 86' lang='lat' dir='ltr'><strong>adhuc</strong></span> <span class='ocrx_word' id='word_1_496' title='bbox 855 3747 1069 3814; x_wconf 74' lang='lat' dir='ltr'><strong>legatis,</strong></span> <span class='ocrx_word' id='word_1_497' title='bbox 1104 3744 1714 3816; x_wconf 88' lang='lat' dir='ltr'><strong>eequidjuramentum,</strong></span> <span class='ocrx_word' id='word_1_498' title='bbox 1757 3738 1902 3809; x_wconf 88' lang='lat' dir='ltr'><strong>quod</strong></span> <span class='ocrx_word' id='word_1_499' title='bbox 1931 3751 2034 3791; x_wconf 80' lang='lat' dir='ltr'><strong>avo</strong></span> 
     </span>
    </p>
   </div>
   <div class='ocr_carea' id='block_1_73' title="bbox 463 3828 2036 3914">
    <p class='ocr_par' dir='ltr' id='par_1_73' title="bbox 463 3828 2036 3914">
     <span class='ocr_line' id='line_1_73' title="bbox 463 3828 2036 3914; baseline -0.009 -18"><span class='ocrx_word' id='word_1_500' title='bbox 463 3841 696 3914; x_wconf 89' lang='lat' dir='ltr'><strong>jurarit,</strong></span> <span class='ocrx_word' id='word_1_501' title='bbox 734 3839 941 3893; x_wconf 87' lang='lat' dir='ltr'><strong>nullam</strong></span> <span class='ocrx_word' id='word_1_502' title='bbox 977 3847 1190 3907; x_wconf 87' lang='lat' dir='ltr'><strong>partem</strong></span> <span class='ocrx_word' id='word_1_503' title='bbox 1227 3835 1490 3890; x_wconf 83' lang='lat' dir='ltr'><strong>violarit:</strong></span> <span class='ocrx_word' id='word_1_504' title='bbox 1524 3833 1650 3897; x_wconf 89' lang='lat' dir='ltr'><strong>rati,</strong></span> <span class='ocrx_word' id='word_1_505' title='bbox 1683 3847 1790 3886; x_wconf 90' lang='lat' dir='ltr'><strong>non</strong></span> <span class='ocrx_word' id='word_1_506' title='bbox 1815 3828 2036 3883; x_wconf 81' lang='lat' dir='ltr'><strong>dill&#39;ieile</strong></span> 
     </span>
    </p>
   </div>
   <div class='ocr_carea' id='block_1_74' title="bbox 470 3922 2035 3996">
    <p class='ocr_par' dir='ltr' id='par_1_74' title="bbox 470 3922 2035 3996">
     <span class='ocr_line' id='line_1_74' title="bbox 470 3922 2035 3996; baseline -0.008 -11"><span class='ocrx_word' id='word_1_507' title='bbox 470 3927 889 3985; x_wconf 90' lang='lat' dir='ltr'><strong>reconciliatum</strong></span> <span class='ocrx_word' id='word_1_508' title='bbox 937 3927 1007 3983; x_wconf 90' lang='lat' dir='ltr'><strong>iri</strong></span> <span class='ocrx_word' id='word_1_509' title='bbox 1050 3941 1263 3990; x_wconf 89' lang='lat' dir='ltr'><strong>senem,</strong></span> <span class='ocrx_word' id='word_1_510' title='bbox 1295 3926 1342 3981; x_wconf 89' lang='lat' dir='ltr'><strong>si</strong></span> <span class='ocrx_word' id='word_1_511' title='bbox 1389 3922 1754 3996; x_wconf 70' lang='lat' dir='ltr'><strong>iurisiurandi</strong></span> <span class='ocrx_word' id='word_1_512' title='bbox 1788 3931 2035 3975; x_wconf 88' lang='lat' dir='ltr'><strong>tenacem</strong></span> 
     </span>
    </p>
   </div>
   <div class='ocr_carea' id='block_1_75' title="bbox 475 4013 2039 4090">
    <p class='ocr_par' dir='ltr' id='par_1_75' title="bbox 475 4013 2039 4090">
     <span class='ocr_line' id='line_1_75' title="bbox 475 4013 2039 4090; baseline -0.013 -7"><span class='ocrx_word' id='word_1_513' title='bbox 475 4037 599 4083; x_wconf 83' lang='lat' dir='ltr'><strong>esse</strong></span> <span class='ocrx_word' id='word_1_514' title='bbox 635 4021 912 4089; x_wconf 77' lang='lat' dir='ltr'><strong>audierit;</strong></span> <span class='ocrx_word' id='word_1_515' title='bbox 950 4021 1425 4090; x_wconf 81' lang='lat' dir='ltr'><strong>conﬁrmanteque</strong></span> <span class='ocrx_word' id='word_1_516' title='bbox 1460 4017 1574 4079; x_wconf 93' lang='lat' dir='ltr'><strong>illo,</strong></span> <span class='ocrx_word' id='word_1_517' title='bbox 1616 4030 1674 4070; x_wconf 91' lang='lat' dir='ltr'><strong>se</strong></span> <span class='ocrx_word' id='word_1_518' title='bbox 1712 4013 1778 4068; x_wconf 86' lang='lat' dir='ltr'><strong>ad</strong></span> <span class='ocrx_word' id='word_1_519' title='bbox 1811 4013 1863 4067; x_wconf 91' lang='lat' dir='ltr'><strong>id</strong></span> <span class='ocrx_word' id='word_1_520' title='bbox 1898 4021 2039 4066; x_wconf 87' lang='lat' dir='ltr'><strong>tem-</strong></span> 
     </span>
    </p>
   </div>
   <div class='ocr_carea' id='block_1_76' title="bbox 473 4104 2038 4186">
    <p class='ocr_par' dir='ltr' id='par_1_76' title="bbox 473 4104 2038 4186">
     <span class='ocr_line' id='line_1_76' title="bbox 473 4104 2038 4186; baseline -0.009 -16"><span class='ocrx_word' id='word_1_521' title='bbox 473 4131 579 4186; x_wconf 87' lang='lat' dir='ltr'><strong>pus</strong></span> <span class='ocrx_word' id='word_1_522' title='bbox 609 4130 781 4185; x_wconf 86' lang='lat' dir='ltr'><strong>usque</strong></span> <span class='ocrx_word' id='word_1_523' title='bbox 815 4111 956 4166; x_wconf 87' lang='lat' dir='ltr'><strong>nihil</strong></span> <span class='ocrx_word' id='word_1_524' title='bbox 987 4109 1178 4165; x_wconf 65' lang='lat' dir='ltr'><strong>foederi</strong></span> <span class='ocrx_word' id='word_1_525' title='bbox 1201 4107 1541 4163; x_wconf 83' lang='lat' dir='ltr'><strong>contrarium</strong></span> <span class='ocrx_word' id='word_1_526' title='bbox 1567 4105 1767 4175; x_wconf 80' lang='lat' dir='ltr'><strong>egisse,</strong></span> <span class='ocrx_word' id='word_1_527' title='bbox 1791 4104 2038 4157; x_wconf 64' lang='lat' dir='ltr'><strong>laetantes</strong></span> 
     </span>
    </p>
   </div>
   <div class='ocr_carea' id='block_1_77' title="bbox 473 4193 2038 4282">
    <p class='ocr_par' dir='ltr' id='par_1_77' title="bbox 473 4193 2038 4282">
     <span class='ocr_line' id='line_1_77' title="bbox 473 4193 2038 4282; baseline -0.011 -21"><span class='ocrx_word' id='word_1_528' title='bbox 473 4221 538 4261; x_wconf 90' lang='lat' dir='ltr'><strong>ac</strong></span> <span class='ocrx_word' id='word_1_529' title='bbox 576 4205 718 4282; x_wconf 68' lang='lat' dir='ltr'><strong>bene</strong></span> <span class='ocrx_word' id='word_1_530' title='bbox 759 4212 1066 4273; x_wconf 85' lang='lat' dir='ltr'><strong>sperantes,</strong></span> <span class='ocrx_word' id='word_1_531' title='bbox 1090 4200 1290 4254; x_wconf 91' lang='lat' dir='ltr'><strong>bellum</strong></span> <span class='ocrx_word' id='word_1_532' title='bbox 1317 4199 1554 4268; x_wconf 87' lang='lat' dir='ltr'><strong>sopitum</strong></span> <span class='ocrx_word' id='word_1_533' title='bbox 1595 4196 1690 4259; x_wconf 91' lang='lat' dir='ltr'><strong>iri,</strong></span> <span class='ocrx_word' id='word_1_534' title='bbox 1717 4193 2038 4263; x_wconf 80' lang='lat' dir='ltr'><strong>Byzantium</strong></span> 
     </span>
    </p>
   </div>
   <div class='ocr_carea' id='block_1_78' title="bbox 475 4283 2036 4366">
    <p class='ocr_par' dir='ltr' id='par_1_78' title="bbox 475 4283 2036 4366">
     <span class='ocr_line' id='line_1_78' title="bbox 475 4283 2036 4366; baseline -0.012 -14"><span class='ocrx_word' id='word_1_535' title='bbox 475 4299 800 4366; x_wconf 84' lang='lat' dir='ltr'><strong>repetivere.</strong></span> <span class='ocrx_word' id='word_1_536' title='bbox 832 4295 1034 4348; x_wconf 86' lang='lat' dir='ltr'><strong>Verum</strong></span> <span class='ocrx_word' id='word_1_537' title='bbox 1072 4291 1235 4346; x_wconf 87' lang='lat' dir='ltr'><strong>aliter</strong></span> <span class='ocrx_word' id='word_1_538' title='bbox 1269 4289 1470 4342; x_wconf 90' lang='lat' dir='ltr'><strong>accidit</strong></span> <span class='ocrx_word' id='word_1_539' title='bbox 1515 4302 1677 4356; x_wconf 90' lang='lat' dir='ltr'><strong>quam</strong></span> <span class='ocrx_word' id='word_1_540' title='bbox 1718 4283 2036 4353; x_wconf 84' lang='lat' dir='ltr'><strong>sperabant.</strong></span> 
     </span>
    </p>
   </div>
   <div class='ocr_carea' id='block_1_79' title="bbox 2136 3199 3671 3270">
    <p class='ocr_par' dir='ltr' id='par_1_79' title="bbox 2136 3199 3671 3270">
     <span class='ocr_line' id='line_1_79' title="bbox 2136 3199 3671 3270; baseline -0.003 -18"><span class='ocrx_word' id='word_1_541' title='bbox 2136 3200 2476 3270; x_wconf 78' lang='grc' dir='ltr'><strong>παρασχόντι</strong></span> <span class='ocrx_word' id='word_1_542' title='bbox 2530 3199 2948 3268; x_wconf 78' lang='grc' dir='ltr'><strong>παρεσκεύασεν</strong></span> <span class='ocrx_word' id='word_1_543' title='bbox 2983 3199 3362 3268; x_wconf 75' lang='grc' dir='ltr'><strong>ἐπιλελῆσθαι,</strong></span> <span class='ocrx_word' id='word_1_544' title='bbox 3430 3203 3534 3261; x_wconf 84' lang='grc' dir='ltr'><strong>τοῖς</strong></span> <span class='ocrx_word' id='word_1_545' title='bbox 3574 3199 3671 3249; x_wconf 79' lang='grc' dir='ltr'><strong>δια-</strong></span> 
     </span>
    </p>
   </div>
   <div class='ocr_carea' id='block_1_80' title="bbox 2132 3290 3670 3359">
    <p class='ocr_par' dir='ltr' id='par_1_80' title="bbox 2132 3290 3670 3359">
     <span class='ocr_line' id='line_1_80' title="bbox 2132 3290 3670 3359; baseline -0.004 -17"><span class='ocrx_word' id='word_1_546' title='bbox 2132 3290 2386 3343; x_wconf 69' lang='grc' dir='ltr'><strong>ϐάλλουσι</strong></span> <span class='ocrx_word' id='word_1_547' title='bbox 2417 3292 2472 3343; x_wconf 87' lang='grc' dir='ltr'><strong>δὲ</strong></span> <span class='ocrx_word' id='word_1_548' title='bbox 2523 3293 2615 3342; x_wconf 74' lang='grc' dir='ltr'><strong>καὶ</strong></span> <span class='ocrx_word' id='word_1_549' title='bbox 2641 3290 3070 3357; x_wconf 63' lang='grc' dir='ltr'><strong>συκοφαντοῦσιν</strong></span> <span class='ocrx_word' id='word_1_550' title='bbox 3101 3293 3364 3344; x_wconf 81' lang='grc' dir='ltr'><strong>ἀνέπεισε</strong></span> <span class='ocrx_word' id='word_1_551' title='bbox 3387 3290 3670 3359; x_wconf 74' lang='grc' dir='ltr'><strong>προσέχειν,</strong></span> 
     </span>
    </p>
   </div>
   <div class='ocr_carea' id='block_1_81' title="bbox 2134 3377 3671 3449">
    <p class='ocr_par' dir='ltr' id='par_1_81' title="bbox 2134 3377 3671 3449">
     <span class='ocr_line' id='line_1_81' title="bbox 2134 3377 3671 3449; baseline -0.001 -18"><span class='ocrx_word' id='word_1_552' title='bbox 2134 3378 2345 3432; x_wconf 73' lang='grc' dir='ltr'><strong>καὶτὸν</strong></span> <span class='ocrx_word' id='word_1_553' title='bbox 2368 3378 2492 3430; x_wconf 85' lang='grc' dir='ltr'><strong>κατ’</strong></span> <span class='ocrx_word' id='word_1_554' title='bbox 2526 3377 2660 3448; x_wconf 87' lang='grc' dir='ltr'><strong>ἐμοῦ</strong></span> <span class='ocrx_word' id='word_1_555' title='bbox 2703 3380 2940 3448; x_wconf 87' lang='grc' dir='ltr'><strong>πόλεμον</strong></span> <span class='ocrx_word' id='word_1_556' title='bbox 2969 3382 3161 3444; x_wconf 87' lang='grc' dir='ltr'><strong>κινεῖ-·,</strong></span> <span class='ocrx_word' id='word_1_557' title='bbox 3191 3379 3388 3449; x_wconf 85' lang='grc' dir='ltr'><strong>δέομαι</strong></span> <span class='ocrx_word' id='word_1_558' title='bbox 3434 3378 3576 3438; x_wconf 76' lang='grc' dir='ltr'><strong>αὖθις</strong></span> <span class='ocrx_word' id='word_1_559' title='bbox 3606 3377 3671 3444; x_wconf 82' lang='grc' dir='ltr'><strong>μὴ</strong></span> 
     </span>
    </p>
   </div>
   <div class='ocr_carea' id='block_1_82' title="bbox 2133 3468 3672 3540">
    <p class='ocr_par' dir='ltr' id='par_1_82' title="bbox 2133 3468 3672 3540">
     <span class='ocr_line' id='line_1_82' title="bbox 2133 3468 3672 3540; baseline -0.003 -18"><span class='ocrx_word' id='word_1_560' title='bbox 2133 3472 2350 3540; x_wconf 80' lang='grc' dir='ltr'><strong>ἐρήμην</strong></span> <span class='ocrx_word' id='word_1_561' title='bbox 2383 3470 2526 3522; x_wconf 72' lang='grc' dir='ltr'><strong>οὕτω</strong></span> <span class='ocrx_word' id='word_1_562' title='bbox 2563 3469 3073 3540; x_wconf 68' lang='grc' dir='ltr'><strong>καταψηφίσασθαι·</strong></span> <span class='ocrx_word' id='word_1_563' title='bbox 3108 3471 3252 3524; x_wconf 71' lang='grc' dir='ltr'><strong>ἀλλὰ</strong></span> <span class='ocrx_word' id='word_1_564' title='bbox 3296 3474 3362 3526; x_wconf 79' lang='grc' dir='ltr'><strong>τά</strong></span> <span class='ocrx_word' id='word_1_565' title='bbox 3409 3489 3464 3523; x_wconf 89' lang='grc' dir='ltr'><strong>τε</strong></span> <span class='ocrx_word' id='word_1_566' title='bbox 3499 3468 3672 3537; x_wconf 77' lang='grc' dir='ltr'><strong>ἐγκλήο</strong></span> 
     </span>
    </p>
   </div>
   <div class='ocr_carea' id='block_1_83' title="bbox 2139 3557 3670 3634">
    <p class='ocr_par' dir='ltr' id='par_1_83' title="bbox 2139 3557 3670 3634">
     <span class='ocr_line' id='line_1_83' title="bbox 2139 3557 3670 3634; baseline -0.005 -19"><span class='ocrx_word' id='word_1_567' title='bbox 2139 3579 2289 3632; x_wconf 87' lang='grc' dir='ltr'><strong>ματα</strong></span> <span class='ocrx_word' id='word_1_568' title='bbox 2317 3561 2578 3626; x_wconf 77' lang='grc' dir='ltr'><strong>δηλῶσαι,</strong></span> <span class='ocrx_word' id='word_1_569' title='bbox 2627 3565 2720 3614; x_wconf 74' lang='grc' dir='ltr'><strong>καὶ</strong></span> <span class='ocrx_word' id='word_1_570' title='bbox 2749 3563 2913 3614; x_wconf 81' lang='grc' dir='ltr'><strong>τόπον</strong></span> <span class='ocrx_word' id='word_1_571' title='bbox 2943 3562 3246 3628; x_wconf 65' lang='grc' dir='ltr'><strong>ἀπολογίας</strong></span> <span class='ocrx_word' id='word_1_572' title='bbox 3277 3563 3582 3634; x_wconf 78' lang='grc' dir='ltr'><strong>παρασχεῖν.</strong></span> <span class='ocrx_word' id='word_1_573' title='bbox 3619 3557 3670 3609; x_wconf 85' lang='grc' dir='ltr'><strong>Εἰ</strong></span> 
     </span>
    </p>
   </div>
   <div class='ocr_carea' id='block_1_84' title="bbox 2139 3651 3673 3726">
    <p class='ocr_par' dir='ltr' id='par_1_84' title="bbox 2139 3651 3673 3726">
     <span class='ocr_line' id='line_1_84' title="bbox 2139 3651 3673 3726; baseline -0.002 -20"><span class='ocrx_word' id='word_1_574' title='bbox 2139 3657 2238 3725; x_wconf 79' lang='grc' dir='ltr'><strong>μὲν</strong></span> <span class='ocrx_word' id='word_1_575' title='bbox 2276 3651 2371 3708; x_wconf 82' lang='grc' dir='ltr'><strong>οῦν</strong></span> <span class='ocrx_word' id='word_1_576' title='bbox 2400 3655 2647 3722; x_wconf 60' lang='grc' dir='ltr'><strong>διαφύγω</strong></span> <span class='ocrx_word' id='word_1_577' title='bbox 2683 3653 2781 3724; x_wconf 76' lang='grc' dir='ltr'><strong>τὴν</strong></span> <span class='ocrx_word' id='word_1_578' title='bbox 2825 3655 3003 3724; x_wconf 82' lang='grc' dir='ltr'><strong>δίκην,</strong></span> <span class='ocrx_word' id='word_1_579' title='bbox 3042 3657 3108 3707; x_wconf 80' lang='grc' dir='ltr'><strong>τά</strong></span> <span class='ocrx_word' id='word_1_580' title='bbox 3134 3656 3456 3726; x_wconf 73' lang='grc' dir='ltr'><strong>ἐγκλήματα</strong></span> <span class='ocrx_word' id='word_1_581' title='bbox 3493 3654 3673 3706; x_wconf 69' lang='grc' dir='ltr'><strong>ἀπολυ-</strong></span> 
     </span>
    </p>
   </div>
   <div class='ocr_carea' id='block_1_85' title="bbox 2137 3743 3672 3818">
    <p class='ocr_par' dir='ltr' id='par_1_85' title="bbox 2137 3743 3672 3818">
     <span class='ocr_line' id='line_1_85' title="bbox 2137 3743 3672 3818; baseline -0.004 -18"><span class='ocrx_word' id='word_1_582' title='bbox 2137 3748 2373 3818; x_wconf 84' lang='grc' dir='ltr'><strong>σάμενος</strong></span> <span class='ocrx_word' id='word_1_583' title='bbox 2397 3789 2411 3813; x_wconf 91' lang='grc'><strong>,</strong></span> <span class='ocrx_word' id='word_1_584' title='bbox 2446 3743 2507 3800; x_wconf 87' lang='grc' dir='ltr'><strong>εῦ</strong></span> <span class='ocrx_word' id='word_1_585' title='bbox 2551 3747 2619 3800; x_wconf 85' lang='grc' dir='ltr'><strong>ἂν</strong></span> <span class='ocrx_word' id='word_1_586' title='bbox 2653 3746 2788 3816; x_wconf 73' lang='grc' dir='ltr'><strong>ἔχοι·</strong></span> <span class='ocrx_word' id='word_1_587' title='bbox 2834 3748 2900 3800; x_wconf 78' lang='grc' dir='ltr'><strong>ἂν</strong></span> <span class='ocrx_word' id='word_1_588' title='bbox 2931 3747 2972 3798; x_wconf 75' lang='grc' dir='ltr'><strong>δ’</strong></span> <span class='ocrx_word' id='word_1_589' title='bbox 3009 3748 3288 3818; x_wconf 83' lang='grc' dir='ltr'><strong>ἐπιορκῶν</strong></span> <span class='ocrx_word' id='word_1_590' title='bbox 3322 3748 3433 3801; x_wconf 85' lang='grc' dir='ltr'><strong>ἀλῶ</strong></span> <span class='ocrx_word' id='word_1_591' title='bbox 3468 3747 3554 3800; x_wconf 81' lang='grc' dir='ltr'><strong>καὶ</strong></span> <span class='ocrx_word' id='word_1_592' title='bbox 3578 3760 3672 3795; x_wconf 86' lang='grc' dir='ltr'><strong>πα·</strong></span> 
     </span>
    </p>
   </div>
   <div class='ocr_carea' id='block_1_86' title="bbox 2139 3835 3672 3911">
    <p class='ocr_par' dir='ltr' id='par_1_86' title="bbox 2139 3835 3672 3911">
     <span class='ocr_line' id='line_1_86' title="bbox 2139 3835 3672 3911; baseline -0.003 -20"><span class='ocrx_word' id='word_1_593' title='bbox 2139 3840 2481 3911; x_wconf 86' lang='grc' dir='ltr'><strong>ρασπονδῶν,</strong></span> <span class='ocrx_word' id='word_1_594' title='bbox 2512 3839 2768 3908; x_wconf 69' lang='grc' dir='ltr'><strong>οὐδεμιᾶς</strong></span> <span class='ocrx_word' id='word_1_595' title='bbox 2802 3839 2941 3904; x_wconf 78' lang='grc' dir='ltr'><strong>ἀξιῶ</strong></span> <span class='ocrx_word' id='word_1_596' title='bbox 2968 3843 3152 3908; x_wconf 69' lang='grc' dir='ltr'><strong>τυχεῖν</strong></span> <span class='ocrx_word' id='word_1_597' title='bbox 3182 3841 3530 3908; x_wconf 75' lang='grc' dir='ltr'><strong>συγγνώμης,</strong></span> <span class='ocrx_word' id='word_1_598' title='bbox 3555 3835 3672 3890; x_wconf 71' lang='grc' dir='ltr'><strong>ἀλλὰ</strong></span> 
     </span>
    </p>
   </div>
   <div class='ocr_carea' id='block_1_87' title="bbox 2138 3928 3674 4000">
    <p class='ocr_par' dir='ltr' id='par_1_87' title="bbox 2138 3928 3674 4000">
     <span class='ocr_line' id='line_1_87' title="bbox 2138 3928 3674 4000; baseline -0.003 -17"><span class='ocrx_word' id='word_1_599' title='bbox 2138 3932 2247 3983; x_wconf 78' lang='grc' dir='ltr'><strong>πᾶν</strong></span> <span class='ocrx_word' id='word_1_600' title='bbox 2275 3929 2456 3984; x_wconf 78' lang='grc' dir='ltr'><strong>ὁτιοῦν</strong></span> <span class='ocrx_word' id='word_1_601' title='bbox 2488 3930 2720 3999; x_wconf 84' lang='grc' dir='ltr'><strong>πάσχειν</strong></span> <span class='ocrx_word' id='word_1_602' title='bbox 2771 3930 2936 3992; x_wconf 78' lang='grc' dir='ltr'><strong>αὐτὸς</strong></span> <span class='ocrx_word' id='word_1_603' title='bbox 2991 3930 3269 4000; x_wconf 73' lang='grc' dir='ltr'><strong>τιμῶμαι.</strong></span> <span class='ocrx_word' id='word_1_604' title='bbox 3305 3931 3558 3992; x_wconf 69' lang='grc' dir='ltr'><strong>Βασιλεὺς</strong></span> <span class='ocrx_word' id='word_1_605' title='bbox 3589 3928 3674 3997; x_wconf 80' lang='grc' dir='ltr'><strong>μὲν</strong></span> 
     </span>
    </p>
   </div>
   <div class='ocr_carea' id='block_1_88' title="bbox 2138 4020 3676 4092">
    <p class='ocr_par' dir='ltr' id='par_1_88' title="bbox 2138 4020 3676 4092">
     <span class='ocr_line' id='line_1_88' title="bbox 2138 4020 3676 4092; baseline -0.003 -18"><span class='ocrx_word' id='word_1_606' title='bbox 2138 4021 2232 4076; x_wconf 79' lang='grc' dir='ltr'><strong>οὖν</strong></span> <span class='ocrx_word' id='word_1_607' title='bbox 2261 4024 2288 4075; x_wconf 85' lang='grc' dir='ltr'>ὁ</span> <span class='ocrx_word' id='word_1_608' title='bbox 2315 4022 2436 4085; x_wconf 86' lang='grc' dir='ltr'><strong>νέος</strong></span> <span class='ocrx_word' id='word_1_609' title='bbox 2475 4023 2588 4084; x_wconf 85' lang='grc' dir='ltr'><strong>τοῖς</strong></span> <span class='ocrx_word' id='word_1_610' title='bbox 2643 4022 2909 4088; x_wconf 86' lang='grc' dir='ltr'><strong>πρέσϐεσι</strong></span> <span class='ocrx_word' id='word_1_611' title='bbox 2955 4023 3034 4092; x_wconf 87' lang='grc' dir='ltr'><strong>τῷ</strong></span> <span class='ocrx_word' id='word_1_612' title='bbox 3078 4025 3292 4091; x_wconf 80' lang='grc' dir='ltr'><strong>πάππῳ</strong></span> <span class='ocrx_word' id='word_1_613' title='bbox 3330 4022 3543 4075; x_wconf 87' lang='grc' dir='ltr'><strong>τοιαῦτα</strong></span> <span class='ocrx_word' id='word_1_614' title='bbox 3573 4020 3676 4070; x_wconf 79' lang='grc' dir='ltr'><strong>ἐκέ-</strong></span> 
     </span>
    </p>
   </div>
   <div class='ocr_carea' id='block_1_89' title="bbox 2139 4111 3677 4180">
    <p class='ocr_par' dir='ltr' id='par_1_89' title="bbox 2139 4111 3677 4180">
     <span class='ocr_line' id='line_1_89' title="bbox 2139 4111 3677 4180; baseline -0.003 -15"><span class='ocrx_word' id='word_1_615' title='bbox 2139 4113 2295 4166; x_wconf 84' lang='grc' dir='ltr'><strong>λευεν</strong></span> <span class='ocrx_word' id='word_1_616' title='bbox 2333 4111 2722 4180; x_wconf 82' lang='grc' dir='ltr'><strong>ἀπαγγέλλειν·</strong></span> <span class='ocrx_word' id='word_1_617' title='bbox 2753 4113 2801 4164; x_wconf 80' lang='grc' dir='ltr'><strong>οί</strong></span> <span class='ocrx_word' id='word_1_618' title='bbox 2841 4113 2884 4164; x_wconf 76' lang='grc' dir='ltr'><strong>δ’</strong></span> <span class='ocrx_word' id='word_1_619' title='bbox 2936 4113 3309 4166; x_wconf 78' lang='grc' dir='ltr'><strong>ἐπυνθάνοντο</strong></span> <span class='ocrx_word' id='word_1_620' title='bbox 3338 4114 3491 4176; x_wconf 77' lang='grc' dir='ltr'><strong>αὖθις</strong></span> <span class='ocrx_word' id='word_1_621' title='bbox 3517 4113 3560 4164; x_wconf 81' lang='grc' dir='ltr'><strong>εί</strong></span> <span class='ocrx_word' id='word_1_622' title='bbox 3587 4127 3677 4178; x_wconf 81' lang='grc' dir='ltr'><strong>μη-</strong></span> 
     </span>
    </p>
   </div>
   <div class='ocr_carea' id='block_1_90' title="bbox 2138 4202 3676 4275">
    <p class='ocr_par' dir='ltr' id='par_1_90' title="bbox 2138 4202 3676 4275">
     <span class='ocr_line' id='line_1_90' title="bbox 2138 4202 3676 4275; baseline -0.003 -19"><span class='ocrx_word' id='word_1_623' title='bbox 2138 4203 2227 4256; x_wconf 77' lang='grc' dir='ltr'><strong>δὲν</strong></span> <span class='ocrx_word' id='word_1_624' title='bbox 2277 4202 2459 4272; x_wconf 81' lang='grc' dir='ltr'><strong>ἐαυτῷ</strong></span> <span class='ocrx_word' id='word_1_625' title='bbox 2492 4203 2702 4256; x_wconf 82' lang='grc' dir='ltr'><strong>σύνοιδε</strong></span> <span class='ocrx_word' id='word_1_626' title='bbox 2736 4203 2863 4266; x_wconf 66' lang='grc' dir='ltr'><strong>τοὺς</strong></span> <span class='ocrx_word' id='word_1_627' title='bbox 2904 4204 3040 4275; x_wconf 77' lang='grc' dir='ltr'><strong>πρὸς</strong></span> <span class='ocrx_word' id='word_1_628' title='bbox 3083 4204 3307 4274; x_wconf 80' lang='grc' dir='ltr'><strong>βασιλέα</strong></span> <span class='ocrx_word' id='word_1_629' title='bbox 3341 4208 3430 4258; x_wconf 76' lang='grc' dir='ltr'><strong>τὸν</strong></span> <span class='ocrx_word' id='word_1_630' title='bbox 3481 4205 3676 4256; x_wconf 83' lang='grc' dir='ltr'><strong>πάππον</strong></span> 
     </span>
    </p>
   </div>
   <div class='ocr_carea' id='block_1_91' title="bbox 2141 4293 3679 4368">
    <p class='ocr_par' dir='ltr' id='par_1_91' title="bbox 2141 4293 3679 4368">
     <span class='ocr_line' id='line_1_91' title="bbox 2141 4293 3679 4368; baseline -0.003 -22"><span class='ocrx_word' id='word_1_631' title='bbox 2141 4294 2550 4363; x_wconf 79' lang='grc' dir='ltr'><strong>γεγενημένους</strong></span> <span class='ocrx_word' id='word_1_632' title='bbox 2596 4295 2794 4364; x_wconf 79' lang='grc' dir='ltr'><strong>ὅρκους</strong></span> <span class='ocrx_word' id='word_1_633' title='bbox 2854 4296 3282 4366; x_wconf 78' lang='grc' dir='ltr'><strong>παραϐεϐηκὼς,</strong></span> <span class='ocrx_word' id='word_1_634' title='bbox 3323 4300 3549 4368; x_wconf 72' lang='grc' dir='ltr'><strong>οἰόμενοι</strong></span> <span class='ocrx_word' id='word_1_635' title='bbox 3577 4293 3679 4344; x_wconf 81' lang='grc' dir='ltr'><strong>πετ-</strong></span> 
     </span>
    </p>
   </div>
   <div class='ocr_carea' id='block_1_92' title="bbox 474 4372 2024 4460">
    <p class='ocr_par' dir='ltr' id='par_1_92' title="bbox 474 4372 2024 4455">
     <span class='ocr_line' id='line_1_92' title="bbox 474 4372 2024 4455; baseline -0.01 -13"><span class='ocrx_word' id='word_1_636' title='bbox 474 4385 750 4455; x_wconf 78' lang='lat' dir='ltr'><strong>Expositis</strong></span> <span class='ocrx_word' id='word_1_637' title='bbox 786 4397 1026 4452; x_wconf 79' lang='lat' dir='ltr'><strong>namque.</strong></span> <span class='ocrx_word' id='word_1_638' title='bbox 1055 4381 1257 4450; x_wconf 90' lang='lat' dir='ltr'><strong>quibus</strong></span> <span class='ocrx_word' id='word_1_639' title='bbox 1284 4379 1471 4450; x_wconf 89' lang='lat' dir='ltr'><strong>junior</strong></span> <span class='ocrx_word' id='word_1_640' title='bbox 1492 4377 1636 4446; x_wconf 90' lang='lat' dir='ltr'><strong>rupti</strong></span> <span class='ocrx_word' id='word_1_641' title='bbox 1658 4375 1885 4430; x_wconf 72' lang='lat' dir='ltr'><strong>fmderis</strong></span> <span class='ocrx_word' id='word_1_642' title='bbox 1925 4372 2024 4428; x_wconf 29' lang='lat' dir='ltr'><strong>cul‘</strong></span> 
     </span>
    </p>
   </div>
   <div class='ocr_carea' id='block_1_93' title="bbox 2127 4372 3678 4460">
    <p class='ocr_par' dir='ltr' id='par_1_93' title="bbox 2146 4385 3678 4460">
     <span class='ocr_line' id='line_1_93' title="bbox 2146 4385 3678 4460; baseline -0.002 -21"><span class='ocrx_word' id='word_1_643' title='bbox 2146 4403 2238 4439; x_wconf 87' lang='grc' dir='ltr'><strong>σαι</strong></span> <span class='ocrx_word' id='word_1_644' title='bbox 2263 4385 2338 4444; x_wconf 76' lang='grc' dir='ltr'><strong>,ἂν</strong></span> <span class='ocrx_word' id='word_1_645' title='bbox 2367 4385 2597 4455; x_wconf 79' lang='grc' dir='ltr'><strong>βασιλέα</strong></span> <span class='ocrx_word' id='word_1_646' title='bbox 2633 4387 2832 4457; x_wconf 76' lang='grc' dir='ltr'><strong>ῥαδίως</strong></span> <span class='ocrx_word' id='word_1_647' title='bbox 2866 4388 3227 4442; x_wconf 80' lang='grc' dir='ltr'><strong>διαλύσασθαι</strong></span> <span class='ocrx_word' id='word_1_648' title='bbox 3261 4391 3396 4460; x_wconf 79' lang='grc' dir='ltr'><strong>πρὸς</strong></span> <span class='ocrx_word' id='word_1_649' title='bbox 3426 4388 3513 4441; x_wconf 71' lang='grc' dir='ltr'><strong>τὸν</strong></span> <span class='ocrx_word' id='word_1_650' title='bbox 3541 4386 3678 4452; x_wconf 76' lang='grc' dir='ltr'><strong>ἔγγο-</strong></span> 
     </span>
    </p>
   </div>
   <div class='ocr_carea' id='block_1_94' title="bbox 477 4465 2042 4548">
    <p class='ocr_par' dir='ltr' id='par_1_94' title="bbox 477 4465 2042 4548">
     <span class='ocr_line' id='line_1_94' title="bbox 477 4465 2042 4548; baseline -0.01 -16"><span class='ocrx_word' id='word_1_651' title='bbox 477 4493 600 4548; x_wconf 90' lang='lat' dir='ltr'><strong>pam</strong></span> <span class='ocrx_word' id='word_1_652' title='bbox 645 4477 713 4531; x_wconf 89' lang='lat' dir='ltr'><strong>ab</strong></span> <span class='ocrx_word' id='word_1_653' title='bbox 770 4491 828 4529; x_wconf 82' lang='lat' dir='ltr'><strong>se</strong></span> <span class='ocrx_word' id='word_1_654' title='bbox 873 4474 1136 4528; x_wconf 76' lang='lat' dir='ltr'><strong>amolitus</strong></span> <span class='ocrx_word' id='word_1_655' title='bbox 1187 4483 1365 4535; x_wconf 89' lang='lat' dir='ltr'><strong>esset,</strong></span> <span class='ocrx_word' id='word_1_656' title='bbox 1421 4469 1592 4524; x_wconf 86' lang='lat' dir='ltr'><strong>nihilo</strong></span> <span class='ocrx_word' id='word_1_657' title='bbox 1634 4466 1805 4537; x_wconf 80' lang='lat' dir='ltr'><strong>magis</strong></span> <span class='ocrx_word' id='word_1_658' title='bbox 1856 4465 2042 4522; x_wconf 89' lang='lat' dir='ltr'><strong>senior</strong></span> 
     </span>
    </p>
   </div>
   <div class='ocr_carea' id='block_1_95' title="bbox 477 4558 2043 4637">
    <p class='ocr_par' dir='ltr' id='par_1_95' title="bbox 477 4558 2043 4637">
     <span class='ocr_line' id='line_1_95' title="bbox 477 4558 2043 4637; baseline -0.008 -15"><span class='ocrx_word' id='word_1_659' title='bbox 477 4570 613 4623; x_wconf 90' lang='lat' dir='ltr'><strong>iram</strong></span> <span class='ocrx_word' id='word_1_660' title='bbox 641 4568 846 4637; x_wconf 91' lang='lat' dir='ltr'><strong>posuit.</strong></span> <span class='ocrx_word' id='word_1_661' title='bbox 878 4565 936 4619; x_wconf 88' lang='lat' dir='ltr'><strong>Et</strong></span> <span class='ocrx_word' id='word_1_662' title='bbox 969 4565 1164 4633; x_wconf 79' lang='lat' dir='ltr'><strong>legatis</strong></span> <span class='ocrx_word' id='word_1_663' title='bbox 1193 4563 1416 4632; x_wconf 89' lang='lat' dir='ltr'><strong>quidem</strong></span> <span class='ocrx_word' id='word_1_664' title='bbox 1448 4559 1584 4614; x_wconf 87' lang='lat' dir='ltr'><strong>nihil</strong></span> <span class='ocrx_word' id='word_1_665' title='bbox 1605 4558 1911 4628; x_wconf 88' lang='lat' dir='ltr'><strong>respondit,</strong></span> <span class='ocrx_word' id='word_1_666' title='bbox 1948 4571 2043 4626; x_wconf 88' lang='lat' dir='ltr'><strong>pa-</strong></span> 
     </span>
    </p>
   </div>
   <div class='ocr_carea' id='block_1_96' title="bbox 479 4653 2039 4724">
    <p class='ocr_par' dir='ltr' id='par_1_96' title="bbox 479 4653 2039 4724">
     <span class='ocr_line' id='line_1_96' title="bbox 479 4653 2039 4724; baseline -0.008 -9"><span class='ocrx_word' id='word_1_667' title='bbox 479 4658 732 4715; x_wconf 69' lang='lat' dir='ltr'><strong>triarehze</strong></span> <span class='ocrx_word' id='word_1_668' title='bbox 776 4673 910 4711; x_wconf 84' lang='lat' dir='ltr'><strong>vero</strong></span> <span class='ocrx_word' id='word_1_669' title='bbox 946 4655 1123 4711; x_wconf 70' lang='lat' dir='ltr'><strong>Esaia:</strong></span> <span class='ocrx_word' id='word_1_670' title='bbox 1169 4653 1452 4724; x_wconf 67' lang='lat' dir='ltr'><strong>praecepit,</strong></span> <span class='ocrx_word' id='word_1_671' title='bbox 1485 4663 1546 4706; x_wconf 86' lang='lat' dir='ltr'><strong>ut</strong></span> <span class='ocrx_word' id='word_1_672' title='bbox 1575 4653 1718 4705; x_wconf 90' lang='lat' dir='ltr'><strong>inter</strong></span> <span class='ocrx_word' id='word_1_673' title='bbox 1757 4664 2039 4704; x_wconf 88' lang='lat' dir='ltr'><strong>sacrorum</strong></span> 
     </span>
    </p>
   </div>
   <div class='ocr_carea' id='block_1_97' title="bbox 479 4741 2044 4816">
    <p class='ocr_par' dir='ltr' id='par_1_97' title="bbox 479 4741 2044 4816">
     <span class='ocr_line' id='line_1_97' title="bbox 479 4741 2044 4816; baseline -0.007 -12"><span class='ocrx_word' id='word_1_674' title='bbox 479 4748 772 4811; x_wconf 68' lang='lat' dir='ltr'><strong>solt-mnia,</strong></span> <span class='ocrx_word' id='word_1_675' title='bbox 823 4763 1001 4816; x_wconf 90' lang='lat' dir='ltr'><strong>neque</strong></span> <span class='ocrx_word' id='word_1_676' title='bbox 1056 4748 1110 4800; x_wconf 91' lang='lat' dir='ltr'><strong>in</strong></span> <span class='ocrx_word' id='word_1_677' title='bbox 1143 4745 1380 4814; x_wconf 64' lang='lat' dir='ltr'><strong>Sophim,</strong></span> <span class='ocrx_word' id='word_1_678' title='bbox 1415 4759 1596 4813; x_wconf 90' lang='lat' dir='ltr'><strong>neque</strong></span> <span class='ocrx_word' id='word_1_679' title='bbox 1650 4743 1702 4796; x_wconf 90' lang='lat' dir='ltr'><strong>in</strong></span> <span class='ocrx_word' id='word_1_680' title='bbox 1738 4741 1860 4795; x_wconf 90' lang='lat' dir='ltr'><strong>aliis</strong></span> <span class='ocrx_word' id='word_1_681' title='bbox 1909 4749 2044 4794; x_wconf 89' lang='lat' dir='ltr'><strong>tem-</strong></span> 
     </span>
    </p>
   </div>
   <div class='ocr_carea' id='block_1_98' title="bbox 478 4831 2041 4910">
    <p class='ocr_par' dir='ltr' id='par_1_98' title="bbox 478 4831 2041 4910">
     <span class='ocr_line' id='line_1_98' title="bbox 478 4831 2041 4910; baseline -0.004 -18"><span class='ocrx_word' id='word_1_682' title='bbox 478 4842 583 4910; x_wconf 79' lang='lat' dir='ltr'><strong>plis</strong></span> <span class='ocrx_word' id='word_1_683' title='bbox 613 4840 733 4909; x_wconf 88' lang='lat' dir='ltr'><strong>ejus</strong></span> <span class='ocrx_word' id='word_1_684' title='bbox 787 4854 986 4893; x_wconf 90' lang='lat' dir='ltr'><strong>nomen</strong></span> <span class='ocrx_word' id='word_1_685' title='bbox 1043 4837 1131 4893; x_wconf 92' lang='lat' dir='ltr'><strong>edi</strong></span> <span class='ocrx_word' id='word_1_686' title='bbox 1186 4838 1391 4891; x_wconf 89' lang='lat' dir='ltr'><strong>sineret</strong></span> <span class='ocrx_word' id='word_1_687' title='bbox 1429 4853 1444 4902; x_wconf 91' lang='lat'><strong>;</strong></span> <span class='ocrx_word' id='word_1_688' title='bbox 1496 4850 1620 4890; x_wconf 91' lang='lat' dir='ltr'><strong>nam</strong></span> <span class='ocrx_word' id='word_1_689' title='bbox 1667 4843 1720 4886; x_wconf 91' lang='lat' dir='ltr'><strong>et</strong></span> <span class='ocrx_word' id='word_1_690' title='bbox 1755 4834 1808 4886; x_wconf 93' lang='lat' dir='ltr'><strong>in</strong></span> <span class='ocrx_word' id='word_1_691' title='bbox 1841 4831 2041 4902; x_wconf 81' lang='lat' dir='ltr'><strong>palatio</strong></span> 
     </span>
    </p>
   </div>
   <div class='ocr_carea' id='block_1_99' title="bbox 477 4923 2041 5002">
    <p class='ocr_par' dir='ltr' id='par_1_99' title="bbox 477 4923 2041 5002">
     <span class='ocr_line' id='line_1_99' title="bbox 477 4923 2041 5002; baseline -0.004 -17"><span class='ocrx_word' id='word_1_692' title='bbox 477 4934 598 5002; x_wconf 84' lang='lat' dir='ltr'><strong>ejus</strong></span> <span class='ocrx_word' id='word_1_693' title='bbox 643 4930 966 4985; x_wconf 87' lang='lat' dir='ltr'><strong>memoriam</strong></span> <span class='ocrx_word' id='word_1_694' title='bbox 1021 4944 1052 4984; x_wconf 91' lang='lat' dir='ltr'><strong>e</strong></span> <span class='ocrx_word' id='word_1_695' title='bbox 1094 4929 1266 4983; x_wconf 90' lang='lat' dir='ltr'><strong>sacris</strong></span> <span class='ocrx_word' id='word_1_696' title='bbox 1291 4929 1519 4996; x_wconf 86' lang='lat' dir='ltr'><strong>ejectam</strong></span> <span class='ocrx_word' id='word_1_697' title='bbox 1547 4941 1685 4980; x_wconf 85' lang='lat' dir='ltr'><strong>esse.</strong></span> <span class='ocrx_word' id='word_1_698' title='bbox 1723 4923 2041 4978; x_wconf 86' lang='lat' dir='ltr'><strong>Patriareha</strong></span> 
     </span>
    </p>
   </div>
   <div class='ocr_carea' id='block_1_100' title="bbox 479 5017 2041 5096">
    <p class='ocr_par' dir='ltr' id='par_1_100' title="bbox 479 5017 2041 5096">
     <span class='ocr_line' id='line_1_100' title="bbox 479 5017 2041 5096; baseline -0.006 -17"><span class='ocrx_word' id='word_1_699' title='bbox 479 5024 640 5096; x_wconf 88' lang='lat' dir='ltr'><strong>hujus</strong></span> <span class='ocrx_word' id='word_1_700' title='bbox 670 5023 749 5077; x_wconf 92' lang='lat' dir='ltr'><strong>rei</strong></span> <span class='ocrx_word' id='word_1_701' title='bbox 783 5037 1001 5076; x_wconf 88' lang='lat' dir='ltr'><strong>causam</strong></span> <span class='ocrx_word' id='word_1_702' title='bbox 1043 5021 1334 5096; x_wconf 76' lang='lat' dir='ltr'><strong>sciscitari.</strong></span> <span class='ocrx_word' id='word_1_703' title='bbox 1369 5019 1502 5073; x_wconf 85' lang='lat' dir='ltr'><strong>Nam</strong></span> <span class='ocrx_word' id='word_1_704' title='bbox 1538 5018 1582 5072; x_wconf 91' lang='lat' dir='ltr'><strong>si</strong></span> <span class='ocrx_word' id='word_1_705' title='bbox 1609 5018 1692 5072; x_wconf 88' lang='lat' dir='ltr'><strong>vel</strong></span> <span class='ocrx_word' id='word_1_706' title='bbox 1740 5017 1796 5071; x_wconf 93' lang='lat' dir='ltr'><strong>in</strong></span> <span class='ocrx_word' id='word_1_707' title='bbox 1845 5017 2041 5086; x_wconf 82' lang='lat' dir='ltr'><strong>dogma</strong></span> 
     </span>
    </p>
   </div>
   <div class='ocr_carea' id='block_1_101' title="bbox 479 5094 2043 5186">
    <p class='ocr_par' dir='ltr' id='par_1_101' title="bbox 479 5094 2043 5186">
     <span class='ocr_line' id='line_1_101' title="bbox 479 5094 2043 5186; baseline -0.006 -15"><span class='ocrx_word' id='word_1_708' title='bbox 479 5094 699 5186; x_wconf 73' lang='lat' dir='ltr'><strong>aliquod</strong></span> <span class='ocrx_word' id='word_1_709' title='bbox 722 5114 790 5168; x_wconf 89' lang='lat' dir='ltr'><strong>ab</strong></span> <span class='ocrx_word' id='word_1_710' title='bbox 824 5113 1080 5168; x_wconf 64' lang='lat' dir='ltr'><strong>Ecclesia:</strong></span> <span class='ocrx_word' id='word_1_711' title='bbox 1115 5094 1332 5182; x_wconf 66' lang='lat' dir='ltr'><strong>plaeiﬁs</strong></span> <span class='ocrx_word' id='word_1_712' title='bbox 1367 5111 1646 5165; x_wconf 87' lang='lat' dir='ltr'><strong>diversum</strong></span> <span class='ocrx_word' id='word_1_713' title='bbox 1701 5108 2043 5178; x_wconf 68' lang='lat' dir='ltr'><strong>praecipitas-</strong></span> 
     </span>
    </p>
   </div>
   <div class='ocr_carea' id='block_1_102' title="bbox 481 5202 2042 5276">
    <p class='ocr_par' dir='ltr' id='par_1_102' title="bbox 481 5202 2042 5276">
     <span class='ocr_line' id='line_1_102' title="bbox 481 5202 2042 5276; baseline -0.007 -13"><span class='ocrx_word' id='word_1_714' title='bbox 481 5219 587 5276; x_wconf 91' lang='lat' dir='ltr'><strong>set,</strong></span> <span class='ocrx_word' id='word_1_715' title='bbox 620 5223 690 5262; x_wconf 87' lang='lat' dir='ltr'><strong>ne</strong></span> <span class='ocrx_word' id='word_1_716' title='bbox 741 5207 820 5262; x_wconf 93' lang='lat' dir='ltr'><strong>sic</strong></span> <span class='ocrx_word' id='word_1_717' title='bbox 851 5205 1097 5276; x_wconf 90' lang='lat' dir='ltr'><strong>quidem,</strong></span> <span class='ocrx_word' id='word_1_718' title='bbox 1132 5204 1268 5257; x_wconf 90' lang='lat' dir='ltr'><strong>citra</strong></span> <span class='ocrx_word' id='word_1_719' title='bbox 1302 5202 1734 5256; x_wconf 89' lang='lat' dir='ltr'><strong>admonitionem</strong></span> <span class='ocrx_word' id='word_1_720' title='bbox 1769 5209 1824 5254; x_wconf 85' lang='lat' dir='ltr'><strong>et</strong></span> <span class='ocrx_word' id='word_1_721' title='bbox 1873 5215 2042 5254; x_wconf 86' lang='lat' dir='ltr'><strong>cona-</strong></span> 
     </span>
    </p>
   </div>
   <div class='ocr_carea' id='block_1_103' title="bbox 484 5293 2040 5370">
    <p class='ocr_par' dir='ltr' id='par_1_103' title="bbox 484 5293 2040 5370">
     <span class='ocr_line' id='line_1_103' title="bbox 484 5293 2040 5370; baseline -0.006 -15"><span class='ocrx_word' id='word_1_722' title='bbox 484 5314 598 5356; x_wconf 90' lang='lat' dir='ltr'><strong>tum</strong></span> <span class='ocrx_word' id='word_1_723' title='bbox 629 5301 748 5370; x_wconf 84' lang='lat' dir='ltr'><strong>ejus</strong></span> <span class='ocrx_word' id='word_1_724' title='bbox 785 5297 1034 5360; x_wconf 90' lang='lat' dir='ltr'><strong>sanandi,</strong></span> <span class='ocrx_word' id='word_1_725' title='bbox 1068 5311 1099 5350; x_wconf 93' lang='lat' dir='ltr'><strong>e</strong></span> <span class='ocrx_word' id='word_1_726' title='bbox 1143 5297 1316 5351; x_wconf 86' lang='lat' dir='ltr'><strong>sacris</strong></span> <span class='ocrx_word' id='word_1_727' title='bbox 1365 5294 1602 5364; x_wconf 89' lang='lat' dir='ltr'><strong>ejectum</strong></span> <span class='ocrx_word' id='word_1_728' title='bbox 1660 5293 1811 5347; x_wconf 88' lang='lat' dir='ltr'><strong>illius</strong></span> <span class='ocrx_word' id='word_1_729' title='bbox 1841 5307 2040 5346; x_wconf 85' lang='lat' dir='ltr'><strong>nomen</strong></span> 
     </span>
    </p>
   </div>
   <div class='ocr_carea' id='block_1_104' title="bbox 482 5383 2044 5460">
    <p class='ocr_par' dir='ltr' id='par_1_104' title="bbox 482 5383 2044 5460">
     <span class='ocr_line' id='line_1_104' title="bbox 482 5383 2044 5460; baseline -0.008 -14"><span class='ocrx_word' id='word_1_730' title='bbox 482 5393 815 5460; x_wconf 84' lang='lat' dir='ltr'><strong>oportuisse.</strong></span> <span class='ocrx_word' id='word_1_731' title='bbox 853 5390 998 5455; x_wconf 79' lang='lat' dir='ltr'><strong>Quin</strong></span> <span class='ocrx_word' id='word_1_732' title='bbox 1028 5387 1294 5457; x_wconf 91' lang='lat' dir='ltr'><strong>seipsum,</strong></span> <span class='ocrx_word' id='word_1_733' title='bbox 1325 5401 1357 5440; x_wconf 87' lang='lat' dir='ltr'><strong>a</strong></span> <span class='ocrx_word' id='word_1_734' title='bbox 1396 5386 1507 5440; x_wconf 92' lang='lat' dir='ltr'><strong>Deo</strong></span> <span class='ocrx_word' id='word_1_735' title='bbox 1544 5399 1826 5438; x_wconf 88' lang='lat' dir='ltr'><strong>sacrorum</strong></span> <span class='ocrx_word' id='word_1_736' title='bbox 1856 5383 2044 5436; x_wconf 86' lang='lat' dir='ltr'><strong>Eccle-</strong></span> 
     </span>
    </p>
   </div>
   <div class='ocr_carea' id='block_1_105' title="bbox 489 5475 2042 5548">
    <p class='ocr_par' dir='ltr' id='par_1_105' title="bbox 489 5475 2042 5548">
     <span class='ocr_line' id='line_1_105' title="bbox 489 5475 2042 5548; baseline -0.008 -15"><span class='ocrx_word' id='word_1_737' title='bbox 489 5481 585 5533; x_wconf 63' lang='lat' dir='ltr'><strong>siae</strong></span> <span class='ocrx_word' id='word_1_738' title='bbox 616 5480 934 5548; x_wconf 73' lang='lat' dir='ltr'><strong>dogmatqu</strong></span> <span class='ocrx_word' id='word_1_739' title='bbox 975 5477 1274 5531; x_wconf 86' lang='lat' dir='ltr'><strong>antistitem</strong></span> <span class='ocrx_word' id='word_1_740' title='bbox 1329 5475 1750 5539; x_wconf 87' lang='lat' dir='ltr'><strong>animarumque</strong></span> <span class='ocrx_word' id='word_1_741' title='bbox 1780 5486 2042 5538; x_wconf 87' lang='lat' dir='ltr'><strong>procura-</strong></span> 
     </span>
    </p>
   </div>
   <div class='ocr_carea' id='block_1_106' title="bbox 486 5563 2042 5636">
    <p class='ocr_par' dir='ltr' id='par_1_106' title="bbox 486 5563 2042 5636">
     <span class='ocr_line' id='line_1_106' title="bbox 486 5563 2042 5636; baseline -0.006 -14"><span class='ocrx_word' id='word_1_742' title='bbox 486 5580 661 5623; x_wconf 87' lang='lat' dir='ltr'><strong>torem</strong></span> <span class='ocrx_word' id='word_1_743' title='bbox 699 5571 1034 5631; x_wconf 90' lang='lat' dir='ltr'><strong>institutum,</strong></span> <span class='ocrx_word' id='word_1_744' title='bbox 1070 5584 1177 5622; x_wconf 90' lang='lat' dir='ltr'><strong>non</strong></span> <span class='ocrx_word' id='word_1_745' title='bbox 1216 5566 1484 5636; x_wconf 76' lang='lat' dir='ltr'><strong>Rhegium</strong></span> <span class='ocrx_word' id='word_1_746' title='bbox 1513 5564 1697 5627; x_wconf 91' lang='lat' dir='ltr'><strong>modo,</strong></span> <span class='ocrx_word' id='word_1_747' title='bbox 1739 5564 1829 5616; x_wconf 90' lang='lat' dir='ltr'><strong>ubi</strong></span> <span class='ocrx_word' id='word_1_748' title='bbox 1852 5563 2042 5631; x_wconf 88' lang='lat' dir='ltr'><strong>junior</strong></span> 
     </span>
    </p>
   </div>
   <div class='ocr_carea' id='block_1_107' title="bbox 486 5655 2040 5724">
    <p class='ocr_par' dir='ltr' id='par_1_107' title="bbox 486 5655 2040 5724">
     <span class='ocr_line' id='line_1_107' title="bbox 486 5655 2040 5724; baseline -0.006 -12"><span class='ocrx_word' id='word_1_749' title='bbox 486 5667 649 5724; x_wconf 84' lang='lat' dir='ltr'><strong>esset,</strong></span> <span class='ocrx_word' id='word_1_750' title='bbox 687 5661 778 5713; x_wconf 89' lang='lat' dir='ltr'><strong>sed</strong></span> <span class='ocrx_word' id='word_1_751' title='bbox 839 5661 902 5711; x_wconf 88' lang='lat' dir='ltr'><strong>ad</strong></span> <span class='ocrx_word' id='word_1_752' title='bbox 964 5659 1186 5711; x_wconf 85' lang='lat' dir='ltr'><strong>ultimas</strong></span> <span class='ocrx_word' id='word_1_753' title='bbox 1217 5667 1395 5712; x_wconf 84' lang='lat' dir='ltr'><strong>terras</strong></span> <span class='ocrx_word' id='word_1_754' title='bbox 1427 5659 1589 5711; x_wconf 91' lang='lat' dir='ltr'><strong>etiam</strong></span> <span class='ocrx_word' id='word_1_755' title='bbox 1621 5670 1716 5724; x_wconf 79' lang='lat' dir='ltr'><strong>pro</strong></span> <span class='ocrx_word' id='word_1_756' title='bbox 1756 5656 1940 5706; x_wconf 81' lang='lat' dir='ltr'><strong>anima</strong></span> <span class='ocrx_word' id='word_1_757' title='bbox 1989 5655 2040 5706; x_wconf 88' lang='lat' dir='ltr'><strong>in</strong></span> 
     </span>
    </p>
   </div>
   <div class='ocr_carea' id='block_1_108' title="bbox 2140 4473 3677 4548">
    <p class='ocr_par' dir='ltr' id='par_1_108' title="bbox 2140 4473 3677 4548">
     <span class='ocr_line' id='line_1_108' title="bbox 2140 4473 3677 4548; baseline -0.001 -18"><span class='ocrx_word' id='word_1_758' title='bbox 2140 4495 2252 4542; x_wconf 90' lang='lat' dir='ltr'><strong>vov,</strong></span> <span class='ocrx_word' id='word_1_759' title='bbox 2301 4479 2348 4530; x_wconf 80' lang='grc' dir='ltr'><strong>εί</strong></span> <span class='ocrx_word' id='word_1_760' title='bbox 2393 4477 2559 4548; x_wconf 79' lang='grc' dir='ltr'><strong>μηδὲν</strong></span> <span class='ocrx_word' id='word_1_761' title='bbox 2607 4478 2963 4548; x_wconf 81' lang='grc' dir='ltr'><strong>ἐπιορκοῦντα</strong></span> <span class='ocrx_word' id='word_1_762' title='bbox 3013 4480 3239 4534; x_wconf 84' lang='grc' dir='ltr'><strong>πύθοιτο</strong></span> <span class='ocrx_word' id='word_1_763' title='bbox 3270 4481 3457 4534; x_wconf 74' lang='grc' dir='ltr'><strong>αὐτόν.</strong></span> <span class='ocrx_word' id='word_1_764' title='bbox 3491 4477 3589 4530; x_wconf 85' lang='grc' dir='ltr'><strong>Τοῦ</strong></span> <span class='ocrx_word' id='word_1_765' title='bbox 3628 4473 3677 4525; x_wconf 70' lang='grc' dir='ltr'><strong>δὲ</strong></span> 
     </span>
    </p>
   </div>
   <div class='ocr_carea' id='block_1_109' title="bbox 2144 4568 3678 4644">
    <p class='ocr_par' dir='ltr' id='par_1_109' title="bbox 2144 4568 3678 4644">
     <span class='ocr_line' id='line_1_109' title="bbox 2144 4568 3678 4644; baseline -0.003 -22"><span class='ocrx_word' id='word_1_766' title='bbox 2144 4570 2564 4640; x_wconf 82' lang='grc' dir='ltr'><strong>ίσχυρισαμένου</strong></span> <span class='ocrx_word' id='word_1_767' title='bbox 2611 4571 2742 4640; x_wconf 79' lang='grc' dir='ltr'><strong>ἄχρι</strong></span> <span class='ocrx_word' id='word_1_768' title='bbox 2803 4571 2924 4623; x_wconf 86' lang='grc' dir='ltr'><strong>τότε</strong></span> <span class='ocrx_word' id='word_1_769' title='bbox 2987 4573 3494 4644; x_wconf 75' lang='grc' dir='ltr'><strong>παρεσπονδηκέναι</strong></span> <span class='ocrx_word' id='word_1_770' title='bbox 3527 4568 3678 4636; x_wconf 71' lang='grc' dir='ltr'><strong>μηδα-</strong></span> 
     </span>
    </p>
   </div>
   <div class='ocr_carea' id='block_1_110' title="bbox 2145 4660 3674 4732">
    <p class='ocr_par' dir='ltr' id='par_1_110' title="bbox 2145 4660 3674 4732">
     <span class='ocr_line' id='line_1_110' title="bbox 2145 4660 3674 4732; baseline -0.012 -9"><span class='ocrx_word' id='word_1_771' title='bbox 2145 4660 2281 4730; x_wconf 70' lang='grc' dir='ltr'><strong>μῶς,</strong></span> <span class='ocrx_word' id='word_1_772' title='bbox 2313 4660 2596 4730; x_wconf 78' lang='grc' dir='ltr'><strong>χαίροντες</strong></span> <span class='ocrx_word' id='word_1_773' title='bbox 2620 4663 2700 4724; x_wconf 72' lang='grc' dir='ltr'><strong>εἰς</strong></span> <span class='ocrx_word' id='word_1_774' title='bbox 2733 4661 3028 4725; x_wconf 77' lang='grc' dir='ltr'><strong>Βυζάντιον</strong></span> <span class='ocrx_word' id='word_1_775' title='bbox 3061 4665 3359 4732; x_wconf 73' lang='grc' dir='ltr'><strong>ἐπανῆκον,</strong></span> <span class='ocrx_word' id='word_1_776' title='bbox 3389 4660 3674 4722; x_wconf 73' lang='grc' dir='ltr'><strong>ἐλπίζοντες</strong></span> 
     </span>
    </p>
   </div>
   <div class='ocr_carea' id='block_1_111' title="bbox 2140 4751 3678 4822">
    <p class='ocr_par' dir='ltr' id='par_1_111' title="bbox 2140 4751 3678 4822">
     <span class='ocr_line' id='line_1_111' title="bbox 2140 4751 3678 4822; baseline 0 -20"><span class='ocrx_word' id='word_1_777' title='bbox 2140 4752 2231 4802; x_wconf 75' lang='grc' dir='ltr'><strong>τὸν</strong></span> <span class='ocrx_word' id='word_1_778' title='bbox 2266 4751 2502 4820; x_wconf 74' lang='grc' dir='ltr'><strong>πόλεμον</strong></span> <span class='ocrx_word' id='word_1_779' title='bbox 2533 4752 2642 4804; x_wconf 83' lang='grc' dir='ltr'><strong>τῶν</strong></span> <span class='ocrx_word' id='word_1_780' title='bbox 2679 4752 2946 4822; x_wconf 79' lang='grc' dir='ltr'><strong>βασιλέων</strong></span> <span class='ocrx_word' id='word_1_781' title='bbox 2979 4755 3325 4807; x_wconf 83' lang='grc' dir='ltr'><strong>καταλύσειν⁸</strong></span> <span class='ocrx_word' id='word_1_782' title='bbox 3350 4757 3407 4806; x_wconf 75' lang='grc' dir='ltr'><strong>τὸ</strong></span> <span class='ocrx_word' id='word_1_783' title='bbox 3454 4753 3501 4805; x_wconf 80' lang='grc' dir='ltr'><strong>δ’</strong></span> <span class='ocrx_word' id='word_1_784' title='bbox 3542 4753 3678 4802; x_wconf 55' lang='grc' dir='ltr'><strong>ἐναι-</strong></span> 
     </span>
    </p>
   </div>
   <div class='ocr_carea' id='block_1_112' title="bbox 2141 4840 3676 4913">
    <p class='ocr_par' dir='ltr' id='par_1_112' title="bbox 2141 4840 3676 4913">
     <span class='ocr_line' id='line_1_112' title="bbox 2141 4840 3676 4913; baseline 0.001 -21"><span class='ocrx_word' id='word_1_785' title='bbox 2141 4841 2267 4904; x_wconf 80' lang='grc' dir='ltr'><strong>τίως</strong></span> <span class='ocrx_word' id='word_1_786' title='bbox 2323 4843 2568 4912; x_wconf 70' lang='grc' dir='ltr'><strong>ἀπέϐηῆ</strong></span> <span class='ocrx_word' id='word_1_787' title='bbox 2627 4844 3003 4913; x_wconf 78' lang='grc' dir='ltr'><strong>προσεδόκων.</strong></span> <span class='ocrx_word' id='word_1_788' title='bbox 3073 4845 3540 4912; x_wconf 79' lang='grc' dir='ltr'><strong>Ἀπαγγειλάντων</strong></span> <span class='ocrx_word' id='word_1_789' title='bbox 3582 4840 3676 4907; x_wconf 74' lang='grc' dir='ltr'><strong>γὰρ</strong></span> 
     </span>
    </p>
   </div>
   <div class='ocr_carea' id='block_1_113' title="bbox 2141 4929 3674 5007">
    <p class='ocr_par' dir='ltr' id='par_1_113' title="bbox 2141 4929 3674 5007">
     <span class='ocr_line' id='line_1_113' title="bbox 2141 4929 3674 5007; baseline -0.005 -21"><span class='ocrx_word' id='word_1_790' title='bbox 2141 4936 2239 4986; x_wconf 78' lang='grc' dir='ltr'><strong>ὅσα</strong></span> <span class='ocrx_word' id='word_1_791' title='bbox 2276 4933 2528 5003; x_wconf 72' lang='grc' dir='ltr'><strong>βασιλεὺς</strong></span> <span class='ocrx_word' id='word_1_792' title='bbox 2571 4936 2599 4986; x_wconf 85' lang='grc' dir='ltr'><strong>ὁ</strong></span> <span class='ocrx_word' id='word_1_793' title='bbox 2633 4935 2750 4996; x_wconf 90' lang='grc' dir='ltr'><strong>νέος</strong></span> <span class='ocrx_word' id='word_1_794' title='bbox 2792 4935 2929 5004; x_wconf 79' lang='grc' dir='ltr'><strong>πρὸς</strong></span> <span class='ocrx_word' id='word_1_795' title='bbox 2975 4936 3036 4986; x_wconf 69' lang='grc' dir='ltr'><strong>τὸ</strong></span> <span class='ocrx_word' id='word_1_796' title='bbox 3081 4936 3156 5007; x_wconf 83' lang='grc' dir='ltr'><strong>μὴ</strong></span> <span class='ocrx_word' id='word_1_797' title='bbox 3189 4929 3674 5005; x_wconf 75' lang='grc' dir='ltr'><strong>παρεσπονδηκέναι</strong></span> 
     </span>
    </p>
   </div>
   <div class='ocr_carea' id='block_1_114' title="bbox 2141 5020 3677 5096">
    <p class='ocr_par' dir='ltr' id='par_1_114' title="bbox 2141 5020 3677 5096">
     <span class='ocr_line' id='line_1_114' title="bbox 2141 5020 3677 5096; baseline -0.003 -18"><span class='ocrx_word' id='word_1_798' title='bbox 2141 5027 2517 5096; x_wconf 83' lang='grc' dir='ltr'><strong>παραιτεῖται,</strong></span> <span class='ocrx_word' id='word_1_799' title='bbox 2563 5024 2718 5075; x_wconf 74' lang='grc' dir='ltr'><strong>οὐδὲν</strong></span> <span class='ocrx_word' id='word_1_800' title='bbox 2761 5025 2971 5092; x_wconf 81' lang='grc' dir='ltr'><strong>μᾶλλον</strong></span> <span class='ocrx_word' id='word_1_801' title='bbox 3013 5025 3040 5077; x_wconf 83' lang='grc' dir='ltr'>ὁ</span> <span class='ocrx_word' id='word_1_802' title='bbox 3098 5026 3465 5095; x_wconf 83' lang='grc' dir='ltr'><strong>πρεσϐύτερος</strong></span> <span class='ocrx_word' id='word_1_803' title='bbox 3517 5020 3677 5088; x_wconf 70' lang='grc' dir='ltr'><strong>ὑφῆκε</strong></span> 
     </span>
    </p>
   </div>
   <div class='ocr_carea' id='block_1_115' title="bbox 2142 5110 3678 5187">
    <p class='ocr_par' dir='ltr' id='par_1_115' title="bbox 2142 5110 3678 5187">
     <span class='ocr_line' id='line_1_115' title="bbox 2142 5110 3678 5187; baseline -0.005 -19"><span class='ocrx_word' id='word_1_804' title='bbox 2142 5117 2245 5184; x_wconf 81' lang='grc' dir='ltr'><strong>τῆς</strong></span> <span class='ocrx_word' id='word_1_805' title='bbox 2291 5116 2484 5184; x_wconf 75' lang='grc' dir='ltr'><strong>ὀργῆς.</strong></span> <span class='ocrx_word' id='word_1_806' title='bbox 2530 5115 2671 5167; x_wconf 79' lang='grc' dir='ltr'><strong>Ἀλλ’</strong></span> <span class='ocrx_word' id='word_1_807' title='bbox 2721 5117 2952 5178; x_wconf 80' lang='grc' dir='ltr'><strong>ἐκείνοις</strong></span> <span class='ocrx_word' id='word_1_808' title='bbox 3005 5119 3102 5185; x_wconf 72' lang='grc' dir='ltr'><strong>μὲν</strong></span> <span class='ocrx_word' id='word_1_809' title='bbox 3151 5119 3480 5187; x_wconf 82' lang='grc' dir='ltr'><strong>ἀπεκρίνατο</strong></span> <span class='ocrx_word' id='word_1_810' title='bbox 3520 5110 3678 5170; x_wconf 77' lang='grc' dir='ltr'><strong>οὐδὲν,</strong></span> 
     </span>
    </p>
   </div>
   <div class='ocr_carea' id='block_1_116' title="bbox 2140 5201 3679 5278">
    <p class='ocr_par' dir='ltr' id='par_1_116' title="bbox 2140 5201 3679 5278">
     <span class='ocr_line' id='line_1_116' title="bbox 2140 5201 3679 5278; baseline -0.005 -19"><span class='ocrx_word' id='word_1_811' title='bbox 2140 5207 2218 5276; x_wconf 85' lang='grc' dir='ltr'><strong>τῷ</strong></span> <span class='ocrx_word' id='word_1_812' title='bbox 2269 5205 2582 5278; x_wconf 69' lang='grc' dir='ltr'><strong>πατριάργῃ</strong></span> <span class='ocrx_word' id='word_1_813' title='bbox 2631 5205 2686 5257; x_wconf 85' lang='grc' dir='ltr'><strong>δὲ</strong></span> <span class='ocrx_word' id='word_1_814' title='bbox 2733 5206 2931 5278; x_wconf 61' lang='grc' dir='ltr'><strong>Ἡσαΐᾳ⁵</strong></span> <span class='ocrx_word' id='word_1_815' title='bbox 2977 5209 3039 5260; x_wconf 82' lang='grc' dir='ltr'><strong>τὸ</strong></span> <span class='ocrx_word' id='word_1_816' title='bbox 3094 5207 3448 5278; x_wconf 75' lang='grc' dir='ltr'><strong>μνημονεύειν</strong></span> <span class='ocrx_word' id='word_1_817' title='bbox 3493 5207 3547 5257; x_wconf 84' lang='grc' dir='ltr'><strong>ἐν</strong></span> <span class='ocrx_word' id='word_1_818' title='bbox 3570 5201 3679 5260; x_wconf 75' lang='grc' dir='ltr'><strong>ταῖς</strong></span> 
     </span>
    </p>
   </div>
   <div class='ocr_carea' id='block_1_117' title="bbox 2145 5287 3676 5369">
    <p class='ocr_par' dir='ltr' id='par_1_117' title="bbox 2145 5287 3676 5369">
     <span class='ocr_line' id='line_1_117' title="bbox 2145 5287 3676 5369; baseline -0.001 -21"><span class='ocrx_word' id='word_1_819' title='bbox 2145 5297 2563 5368; x_wconf 86' lang='grc' dir='ltr'><strong>ίεροτελεστίαις</strong></span> <span class='ocrx_word' id='word_1_820' title='bbox 2625 5296 2720 5350; x_wconf 91' lang='grc' dir='ltr'><strong>τοῦ</strong></span> <span class='ocrx_word' id='word_1_821' title='bbox 2772 5299 3020 5366; x_wconf 65' lang='grc' dir='ltr'><strong>ἐγγόνου,</strong></span> <span class='ocrx_word' id='word_1_822' title='bbox 3059 5301 3184 5369; x_wconf 74' lang='grc' dir='ltr'><strong>μήτ’</strong></span> <span class='ocrx_word' id='word_1_823' title='bbox 3232 5301 3289 5350; x_wconf 85' lang='grc' dir='ltr'><strong>ὲν</strong></span> <span class='ocrx_word' id='word_1_824' title='bbox 3335 5298 3412 5362; x_wconf 85' lang='grc' dir='ltr'><strong>τῷ</strong></span> <span class='ocrx_word' id='word_1_825' title='bbox 3457 5297 3548 5364; x_wconf 74' lang='grc' dir='ltr'><strong>τῆς</strong></span> <span class='ocrx_word' id='word_1_826' title='bbox 3593 5287 3676 5343; x_wconf 68' lang='grc' dir='ltr'><strong>τοῦ</strong></span> 
     </span>
    </p>
   </div>
   <div class='ocr_carea' id='block_1_118' title="bbox 2142 5385 3677 5458">
    <p class='ocr_par' dir='ltr' id='par_1_118' title="bbox 2142 5385 3677 5458">
     <span class='ocr_line' id='line_1_118' title="bbox 2142 5385 3677 5458; baseline -0.001 -19"><span class='ocrx_word' id='word_1_827' title='bbox 2142 5388 2278 5440; x_wconf 82' lang='grc' dir='ltr'><strong>Θεοῦ</strong></span> <span class='ocrx_word' id='word_1_828' title='bbox 2313 5387 2503 5454; x_wconf 76' lang='grc' dir='ltr'><strong>σοφίας</strong></span> <span class='ocrx_word' id='word_1_829' title='bbox 2535 5387 2660 5458; x_wconf 82' lang='grc' dir='ltr'><strong>νεῷ,</strong></span> <span class='ocrx_word' id='word_1_830' title='bbox 2701 5390 2826 5458; x_wconf 80' lang='grc' dir='ltr'><strong>μήτ’</strong></span> <span class='ocrx_word' id='word_1_831' title='bbox 2861 5393 2917 5442; x_wconf 82' lang='grc' dir='ltr'><strong>ἐν</strong></span> <span class='ocrx_word' id='word_1_832' title='bbox 2952 5394 3062 5454; x_wconf 84' lang='grc' dir='ltr'><strong>τοῖς</strong></span> <span class='ocrx_word' id='word_1_833' title='bbox 3087 5392 3264 5453; x_wconf 81' lang='grc' dir='ltr'><strong>ἄλλοις</strong></span> <span class='ocrx_word' id='word_1_834' title='bbox 3289 5391 3448 5458; x_wconf 70' lang='grc' dir='ltr'><strong>ἱεροῖς</strong></span> <span class='ocrx_word' id='word_1_835' title='bbox 3475 5385 3677 5437; x_wconf 78' lang='grc' dir='ltr'><strong>ἐκέλευε</strong></span> 
     </span>
    </p>
   </div>
   <div class='ocr_carea' id='block_1_119' title="bbox 2145 5471 3676 5552">
    <p class='ocr_par' dir='ltr' id='par_1_119' title="bbox 2145 5471 3676 5552">
     <span class='ocr_line' id='line_1_119' title="bbox 2145 5471 3676 5552; baseline -0.016 -4"><span class='ocrx_word' id='word_1_836' title='bbox 2145 5482 2472 5547; x_wconf 74' lang='grc' dir='ltr'><strong>συγχωρεῖν.</strong></span> <span class='ocrx_word' id='word_1_837' title='bbox 2501 5481 2610 5533; x_wconf 72' lang='grc' dir='ltr'><strong>Καὶ</strong></span> <span class='ocrx_word' id='word_1_838' title='bbox 2656 5482 2838 5533; x_wconf 68' lang='grc' dir='ltr'><strong>αὐτῶν</strong></span> <span class='ocrx_word' id='word_1_839' title='bbox 2869 5485 2976 5550; x_wconf 79' lang='grc' dir='ltr'><strong>γὰρ</strong></span> <span class='ocrx_word' id='word_1_840' title='bbox 3007 5485 3115 5535; x_wconf 81' lang='grc' dir='ltr'><strong>τῶν</strong></span> <span class='ocrx_word' id='word_1_841' title='bbox 3143 5487 3200 5535; x_wconf 88' lang='grc' dir='ltr'><strong>ἐν</strong></span> <span class='ocrx_word' id='word_1_842' title='bbox 3229 5481 3509 5552; x_wconf 83' lang='grc' dir='ltr'><strong>βασιλείοις</strong></span> <span class='ocrx_word' id='word_1_843' title='bbox 3533 5471 3676 5542; x_wconf 78' lang='grc' dir='ltr'><strong>ίερῶν</strong></span> 
     </span>
    </p>
   </div>
   <div class='ocr_carea' id='block_1_120' title="bbox 2145 5565 3677 5641">
    <p class='ocr_par' dir='ltr' id='par_1_120' title="bbox 2145 5565 3677 5641">
     <span class='ocr_line' id='line_1_120' title="bbox 2145 5565 3677 5641; baseline 0.008 -25"><span class='ocrx_word' id='word_1_844' title='bbox 2145 5566 2549 5636; x_wconf 78' lang='grc' dir='ltr'><strong>ἀπεληλακέναι</strong></span> <span class='ocrx_word' id='word_1_845' title='bbox 2587 5568 2684 5635; x_wconf 82' lang='grc' dir='ltr'><strong>τὴν</strong></span> <span class='ocrx_word' id='word_1_846' title='bbox 2715 5568 2902 5623; x_wconf 76' lang='grc' dir='ltr'><strong>τούτου</strong></span> <span class='ocrx_word' id='word_1_847' title='bbox 2953 5573 3196 5641; x_wconf 71' lang='grc' dir='ltr'><strong>μνήμην.</strong></span> <span class='ocrx_word' id='word_1_848' title='bbox 3255 5573 3310 5623; x_wconf 87' lang='grc' dir='ltr'>Ὀ</span> <span class='ocrx_word' id='word_1_849' title='bbox 3354 5565 3677 5635; x_wconf 71' lang='grc' dir='ltr'><strong>πατριάρχης</strong></span> 
     </span>
    </p>
   </div>
   <div class='ocr_carea' id='block_1_121' title="bbox 2145 5646 3675 5727">
    <p class='ocr_par' dir='ltr' id='par_1_121' title="bbox 2145 5646 3675 5727">
     <span class='ocr_line' id='line_1_121' title="bbox 2145 5646 3675 5727; baseline -0.001 -23"><span class='ocrx_word' id='word_1_850' title='bbox 2145 5655 2199 5705; x_wconf 75' lang='grc' dir='ltr'><strong>δε</strong></span> <span class='ocrx_word' id='word_1_851' title='bbox 2226 5653 2324 5723; x_wconf 80' lang='grc' dir='ltr'><strong>τὴν</strong></span> <span class='ocrx_word' id='word_1_852' title='bbox 2355 5655 2537 5707; x_wconf 78' lang='grc' dir='ltr'><strong>αἰτίαν</strong></span> <span class='ocrx_word' id='word_1_853' title='bbox 2577 5656 2766 5725; x_wconf 66' lang='grc' dir='ltr'><strong>ἠρώτα</strong></span> <span class='ocrx_word' id='word_1_854' title='bbox 2792 5658 2858 5709; x_wconf 79' lang='grc' dir='ltr'><strong>δι’</strong></span> <span class='ocrx_word' id='word_1_855' title='bbox 2885 5660 2948 5727; x_wconf 67' lang='grc' dir='ltr'><strong>ἣν</strong></span> <span class='ocrx_word' id='word_1_856' title='bbox 2976 5660 3037 5711; x_wconf 76' lang='grc' dir='ltr'><strong>ἂν</strong></span> <span class='ocrx_word' id='word_1_857' title='bbox 3065 5660 3375 5713; x_wconf 72' lang='grc' dir='ltr'><strong>ἐκϐάλλοιτο</strong></span> <span class='ocrx_word' id='word_1_858' title='bbox 3403 5655 3503 5706; x_wconf 80' lang='grc' dir='ltr'><strong>τῶν</strong></span> <span class='ocrx_word' id='word_1_859' title='bbox 3535 5646 3675 5716; x_wconf 57' lang='grc' dir='ltr'><strong>ἱερῶν</strong></span> 
     </span>
    </p>
   </div>
  </div>
