3952 6204
529 325 641 385 illi

1709 384 1711 386 _
1746 315 2068 376 JOANNIS
2101 315 2628 378 CANTACUZENI
3652 325 3736 389 332

539 437 736 492 ιιιηιτῑο
791 443 999 488 tantum
1035 447 1108 487 res
1143 429 1442 486 dissolvere
1476 447 1490 483 :
1525 427 1758 500 proinde
1804 445 1902 499 pro
1958 429 2117 499 copia

2230 430 2276 484 δὲ
2306 431 2371 485 ἂν
2393 433 2486 486 καὶ
2518 430 2768 500 βασιλεὺς
2801 397 3034 504 ἐθελήσῃ
3053 432 3160 486 τῶν
3186 433 3536 505 ὀφειλομένων
3561 445 3741 511 χρημά-

537 544 690 583 .nttnc
739 526 1074 595 acciperent,
1125 523 1396 591 reliquum
1453 521 1518 575 ad
1570 521 1715 576 diem
1781 521 2112 591 praefinitam

540 619 844 690 accepturi.
887 617 942 672 Si
1003 617 1110 670 hoc
1154 613 1373 669 difﬁcile
1415 613 1642 684 putatis,
1689 613 1893 683 excipit
1946 612 2120 680 impe-

542 724 712 777 rator,
747 712 910 765 etiam
945 708 1175 764 dimidio
1228 707 1476 769 remisso,
1511 715 1706 774 quarta
1754 713 1930 775 parte,
1967 707 2120 774 pacis

540 814 595 859 et
625 802 934 856 concordia:
967 814 1153 860 causa,
1185 798 1429 852 contenti
1469 797 1695 850 erimus.
1738 798 1858 862 Quo
1906 797 2115 860 audito,

541 893 784 964 episcopi
817 907 940 948 eum
965 899 1026 945 ut
1049 907 1078 944 a
1103 889 1333 958 pecunia
1354 875 2117 953 invictum'commendarunt,

520 984 1068 1062 Lspoponderuntque
1099 982 1237 1034 citra
1288 979 1720 1034 controversiam
1770 989 1980 1049 partem
2037 979 2119 1033 di-

542 1085 683 1129 ctam
727 1075 966 1127 solutum
1013 1070 1101 1124 iri.
1153 1070 1479 1138 Imperator,
1537 1077 1596 1122 ut
1657 1069 1710 1122 iu
1767 1069 1874 1123 hoc
1931 1084 2119 1123 secum

544 1166 806 1220 facientes
835 1165 993 1229 vidit,
1011 1163 1202 1217 volens
1223 1171 1476 1216 constare
1493 1160 1765 1222 omnibus,
1801 1175 1860 1214 se
1883 1159 2122 1214 libenter

543 1257 669 1311 belli
707 1255 935 1312 tollendi
967 1270 1135 1309 causa
1163 1253 1230 1308 de
1258 1254 1381 1322 jure
1415 1268 1518 1306 suo
1561 1251 1726 1306 etiam
1769 1253 1823 1306 in
1879 1252 1947 1306 iis
2001 1266 2124 1322 qua

541 1358 729 1405 essent
771 1348 1016 1403 omnium
1067 1346 1418 1400 confessione
1470 1343 1932 1408 moderatissima,
1959 1343 2121 1399 dece-

541 1443 674 1496 dere
709 1459 722 1493 :
754 1440 1006 1510 Oportet,
1052 1438 1251 1508 inquit,
1301 1446 1357 1492 et
1387 1437 1580 1502 vobis,
1643 1437 1853 1500 Patres,
1907 1435 1975 1490 de
2033 1436 2122 1490 via

541 1534 699 1588 fessis
719 1541 774 1587 et
802 1533 971 1587 totius
993 1531 1102 1586 diei
1131 1529 1314 1584 inedia
1351 1531 1582 1592 vexatis,
1622 1530 1854 1598 gratiam
1882 1527 2122 1597 aliquam

546 1625 868 1694 rependere.
906 1624 1092 1692 Itaque
1115 1630 1172 1677 et
1219 1631 1468 1690 quartam
1524 1631 1738 1690 partem
1790 1621 1990 1674 debitae
2029 1635 2125 1689 pe-

543 1713 719 1766 cuniae
751 1711 805 1765 in
834 1712 1065 1781 gratiam
1096 1719 1337 1764 vestram
1373 1710 1629 1773 remitto;
1666 1718 1721 1762 et
1746 1710 1813 1763 ab
1838 1725 1941 1762 avo
1982 1708 2119 1763 nihil

2220 538 2334 589 των
2380 524 2449 575 τὰ
2495 523 2672 593 ήμίση
2707 522 3007 576 ἀποδοῦναι
3037 526 3105 594 τῇ
3144 526 3388 596 στρατιᾷ,
3436 527 3655 592 ἐκείνους
3690 549 3740 586 τε

2224 613 2395 684 μηδὲν
2428 613 2590 668 πλέον
2623 614 3204 685 πολυπραγμονήσειν,
3256 616 3744 688 άγαπήσαντας,καὶ

2221 702 2369 770 ὑμᾶς
2397 703 2506 754 τῶν
2537 704 2602 756 ὲκ
2631 701 2724 754 τοῦ
2767 702 3009 772 πολέμου
3043 703 3509 774 προσδοκωμένων
3535 707 3744 762 ἀπαλλά-

2222 791 2411 858 ξεσθαι
2444 792 2652 847 κακῶν.
2697 793 2975 846 Εἰπόντων
3008 793 3065 847 δὲ
3102 793 3210 846 τῶν
3240 796 3537 867 ἀρχιερέων
3563 797 3629 860 ὡς
3669 798 3745 854 νῦν

2223 884 2327 953 μὲν
2375 884 2476 936 οὐκ
2515 883 2582 937 ἂν
2620 884 2710 952 εἰη
2742 885 2929 954 ῥᾴδιον
2969 884 3174 957 ἀπορίᾳ
3211 888 3507 956 χρημάτων
3545 890 3746 944 τοσαῦτα

2221 972 2353 1027 ὅντα
2389 975 2738 1046 ἀποδοθῆναι,
2767 976 2870 1030 ὅσα
2901 976 2946 1028 δ’
2966 976 3032 1030 άν
3060 977 3152 1046 ἐξῇ
3175 977 3432 1040 λαϐόντας
3455 977 3563 1042 νῦν,
3587 979 3646 1032 τὰ
3663 980 3751 1033 λει-

2223 1067 2436 1138 πόμενα
2465 1067 2798 1136 κομίσασθαι
2830 1067 3008 1137 χρόνῳ
3039 1067 3214 1138 ρητῷο
3241 1068 3467 1134 Οὐκοῦν,
3489 1071 3515 1122 ὁ
3535 1069 3749 1139 βασιλεὺς

2222 1157 2351 1227 ἔφη,
2384 1160 2434 1212 εἰ
2464 1159 2623 1212 τοῦτο
2652 1160 2915 1230 δυσχερὲς
2941 1161 3111 1225 δοκεῖ,
3148 1161 3242 1214 καὶ
3274 1161 3340 1213 τὰ
3372 1162 3540 1231 ήμίση
3564 1163 3752 1216 καταλιο

2224 1250 2420 1311 πάντες
2453 1249 2682 1313 τούτων,
2714 1249 2792 1319 τῷ
2834 1251 3087 1321 τετάρτῳ
3136 1251 3312 1322 μορίῳ
3349 1251 3440 1304 τοῦ
3473 1253 3587 1305 ὅλου
3616 1256 3750 1323 ἀρκε-

2225 1341 2580 1411 σθησόμεθα,
2627 1342 2724 1411 τῆς
2766 1343 2994 1413 εἰρήνης
3035 1345 3130 1397 καὶ
3171 1349 3273 1413 τῆς
3321 1346 3564 1416 ὁμονοίας
3601 1346 3749 1415 χάριν.

2223 1436 2288 1489 ΟΞ
2311 1435 2369 1488 δὲ
2406 1436 2748 1500 ἀκούσαντες
2779 1437 3052 1507 ἐπῄνεσάν
3099 1453 3160 1489 τε
3205 1437 3281 1497 ὡς
3313 1439 3542 1508 κρείττω
3569 1441 3750 1508 χρημά-

2221 1543 2332 1579 των
2361 1526 2452 1579 τδν
2482 1526 2730 1595 βασιλέα,
2783 1529 2879 1580 καὶ
2911 1528 3300 1599 ἀναμφιϐόλως
3330 1530 3556 1595 ἔφασκον
3598 1531 3752 1583 ἀποδι-

2223 1617 2490 1688 θήσεσθαι
2523 1618 2592 1670 τά
2620 1619 2914 1688 εἰρημέναο
2947 1619 3022 1682 ὡς
3050 1621 3106 1672 δὲ
3134 1617 3277 1674 εἶδεν
3314 1620 3404 1674 ἐπὶ
3433 1622 3628 1686 τούτοις
3655 1641 3754 1674 συν-

2225 1708 2510 1778 θεμένους,
2552 1709 2877 1780 βουλόμενος
2905 1711 2933 1763 ὁ
2967 1711 3244 1782 βασιλεὺς,
3290 1713 3366 1776 ὡς
3405 1714 3497 1767 καὶ
3531 1714 3626 1766 τῶν
3647 1717 3754 1766 πᾶσι

547 1805 727 1872 exigo,
776 1803 882 1857 nisi
946 1802 1094 1872 quod
1150 1811 1453 1870 quarstores
1501 1801 1749 1856 confictis
1795 1800 2125 1870 quibusdam

2230 1803 2533 1856 δοκούντων
2581 1806 2970 1874 μετριωτάτων
3019 1805 3109 1859 διὰ
3137 1805 3198 1859 τὸ
3236 1805 3330 1858 τὸν
3363 1806 3588 1874 πόλεμον
3617 1823 3754 1859 κατα-

542 1897 724 1952 causis
749 1897 1078 1964 imperatore
1103 1894 1428 1948 defraudato
1460 1895 1563 1948 sibi
1601 1895 1862 1958 retinent,
1896 1893 1948 1946 id
1975 1893 2122 1962 quod

543 1988 764 2057 probari
824 1988 1118 2056 perspicue
1175 1995 1378 2055 potest,
1430 1995 1488 2040 ut
1538 1988 1676 2040 hanc
1722 2001 1994 2039 summam
2055 1984 2122 2039 ad

541 2081 920 2149 qualecunque
975 2079 1228 2132 solatium
1264 2073 1338 2132 in
1381 2078 1608 2133 militem
1642 2077 1988 2146 dispertiam.
2041 2077 2122 2132 Ne

543 2184 725 2226 tamen
758 2187 853 2225 vos
879 2171 1172 2224 admiratio
1222 2171 1426 2238 capiat,
1481 2169 1784 2237 quomodo.
1833 2185 1957 2224 cum
1998 2179 2124 2224 ante

543 2263 886 2326 atlirmarim,
917 2277 1027 2316 non
1071 2271 1328 2330 Oportere
1384 2261 1434 2312 in
1472 2260 1666 2314 alienis
1717 2261 1956 2316 miseriis
2006 2276 2122 2314 nta-

546 2356 963 2427 gnanimitatem
1021 2363 1323 2411 ostentare.
1395 2352 1552 2421 150
1613 2368 1761 2407 nunc
1821 2354 1960 2407 adeo
2015 2369 2124 2408 non

547 2455 916 2516 repugnanter
943 2445 1130 2500 debita
1160 2443 1430 2497 militibus
1480 2443 1752 2511 stipendia
1795 2443 2122 2500 condonem.

547 2539 605 2593 Si
634 2551 868 2605 namque
890 2533 957 2589 de
987 2545 1186 2589 caetero
1209 2549 1275 2587 ex
1304 2533 1512 2588 (uadere.
1533 2533 1827 2586 constituta
1850 2533 2122 2602 stipendia

544 2627 952 2697 pet-solventur,
987 2640 1108 2693 quae
1133 2633 1555 2691 ex'antegresso
1597 2629 1846 2690 tempore
1883 2623 1992 2677 illis
2023 2624 2122 2677 deo

539 2721 769 2783 bentur,
801 2733 900 2788 pro
927 2718 1129 2771 eximio
1164 2729 1352 2768 amore
1389 2729 1498 2782 quo
1544 2727 1645 2772 me
1683 2714 1938 2781 diligunt,
1988 2715 2123 2768 mihi

547 2812 849 2866 remittent.
898 2808 1166 2863 Praterea
1219 2806 1407 2869 timeo,
1457 2820 1524 2858 ne
1568 2814 1796 2874 propter
1843 2806 1959 2858 haec.
2019 2820 2124 2874 pax

548 2905 857 2965 differatur,
886 2902 1281 2968 videamurque
1333 2897 1586 2952 consulto
1630 2897 1831 2951 bellum
1876 2897 2119 2952 trahere.

550 2998 732 3066 Quare
763 2996 927 3050 etiam
965 2993 1170 3047 idcirco
1202 2992 1557 3068 quaestionem
1610 2997 1665 3041 et
1709 2989 2122 3058 ambiguitatem

546 3104 768 3144 omnem
802 3084 1218 3142 rescindendam
1245 3081 1453 3150 putavi,
1476 3079 1765 3148 potiusque
1789 3082 1923 3134 meis
1945 3081 2125 3150 gravis

527 3192 604 3238 .et
659 3178 1043 3235 incommodus
1101 3174 1298 3238 videri,
1345 3188 1510 3243 quam
1557 3172 1702 3226 bello
1745 3187 1932 3225 ansam
1991 3172 2124 3225 dare

530 3273 719 3334 volui,
750 3270 843 3324 His
869 3269 1032 3323 dictis
1081 3265 1235 3320 missi
1264 3282 1293 3318 a
1321 3249 1545 3318 seniore
1582 3263 1849 3333 episcopi,
1897 3279 1961 3317 ac
2002 3279 2128 3331 pro-

535 3377 704 3418 .ceres
727 3370 942 3415 tantam
969 3358 1140 3412 animi
1165 3353 1514 3411 altitudinem
1537 3354 1815 3416 admirati,
1840 3363 1896 3407 et
1925 3354 1996 3407 ob
2017 3362 2126 3407 tam

550 3454 879 3526 praeclarum
906 3451 1057 3522 pacis
1083 3449 1421 3504 desiderium
1471 3446 1663 3516 gratiis
1703 3446 1842 3500 actis
1890 3446 2129 3516 singula-

553 3547 726 3610 ribus,
754 3545 969 3601 hilares
997 3543 1217 3595 dornum
1252 3538 1519 3592 redeundi
1555 3537 1765 3591 veniam
1793 3536 2126 3606 petiverunt;

553 3646 682 3704 rati.
727 3641 891 3697 simul
946 3647 1064 3695 acta
1112 3651 1216 3691 avo
1265 3634 1693 3698 renuntiassent,
1749 3648 1938 3703 pacem
1992 3633 2128 3686 nihil

538 3746 979 3802 tremoraturum.
1006 3732 1150 3802 Ergo
1183 3729 1508 3784 reditionem
1535 3727 1642 3782 illis
1672 3728 1958 3797 permittit,
1985 3740 2038 3781 et
2062 3728 2132 3781 ad

543 3843 712 3882 avum
743 3822 1103 3878 haecferenda
1127 3819 1426 3876 committit
1454 3839 1467 3872 :
1495 3819 1667 3884 Quam
1701 3819 1942 3872 studiose
1967 3829 2131 3886 atque

548 3917 783 3986 impigre
837 3913 1114 3967 elaborem
1177 3918 1238 3963 ut
1290 3921 1346 3962 tu
1396 3907 1766 3978 principatum
1824 3909 2130 3962 Romanum

553 4015 763 4066 teneas,
819 4005 963 4056 Deus
1005 4002 1184 4065 novit,
1237 4015 1403 4068 quem
1437 4000 1577 4053 nihil
1605 3999 1778 4064 latet;
1810 4009 1866 4053 et
1901 4008 1958 4051 tu
1991 4000 2130 4066 ipse,

554 4099 598 4150 si
635 4098 802 4161 voles,
835 4097 1127 4149 testabere.
1157 4091 1288 4145 Nam
1319 4107 1444 4145 cum
1477 4090 1801 4160 potuissem,
1844 4090 1888 4142 si
1939 4089 2134 4144 libuis-

556 4199 659 4251 set,
686 4188 844 4242 bellis
862 4183 1243 4255 superioribus
1261 4191 1358 4236 aut
1378 4192 1494 4236 toto
1526 4181 1780 4249 imperio,
1805 4189 1900 4233 aut
1929 4182 2133 4247 majore

560 4281 708 4335 illius
754 4289 908 4347 parte
958 4275 1241 4344 potiunda,
1269 4273 1373 4342 tibi
1411 4285 1699 4325 mterorem
1755 4271 1887 4326 dare
1955 4271 2130 4334 nolui,

556 4374 874 4443 iustumque
901 4365 1230 4430 existimavi,
1274 4363 1370 4417 tibi
1403 4379 1470 4418 eo
1499 4371 1560 4415 ut
1601 4363 1840 4431 parenti,
1886 4363 2131 4432 quandiu

2228 1895 2483 1964 λυθῆναι,
2533 1895 2818 1959 ἐξίσταται
2861 1895 3026 1959 ἑκὼν,
3075 1896 3310 1966 ποιῆσαι
3363 1895 3753 1966 φανερὸν,Δέον,

2226 1981 2358 2051 ἐφη,
2392 1983 2488 2034 καὶ
2511 1983 2642 2051 ὑμῖν
2669 1985 2812 2037 κατά
2837 2001 2897 2036 τε
2925 1985 3021 2055 τὴν
3049 1985 3168 2037 ὁδὸν
3199 1987 3532 2057 πεπονηκόσι
3557 1986 3641 2040 καί
3661 1988 3758 2038 am-

2224 2075 2316 2144 τίᾳ
2358 2075 2989 2146 προσταλαιπωρήσασιν
3039 2077 3172 2148 ὅλην
3223 2078 3326 2150 τὴν
3371 2079 3578 2150 ἡμέραν
3622 2078 3755 2147 χάριν

2227 2166 2553 2219 καταθεῖναί
2601 2183 2748 2222 τινα·
2784 2166 2987 2221 οὐκοῦν
3029 2169 3124 2221 καὶ
3150 2168 3211 2220 τὸ
3237 2169 3491 2239 τέταρτον
3514 2169 3611 2220 τῶν
3638 2170 3759 2234 ὀφει-

2224 2255 2469 2325 λομένων
2499 2261 2803 2329 χρημάτων
2851 2259 3056 2330 ἀφίημι
3105 2259 3264 2330 ὑμῶν
3298 2261 3474 2331 χάριν,
3514 2261 3598 2313 καὶ
3633 2260 3757 2312 οὐδὲν

2227 2353 2374 2421 παρὰ
2409 2353 2674 2422 βασιλέως
2698 2353 2916 2406 ἀπαιτῶ
2943 2352 3084 2423 πλὴν
3106 2353 3206 2406 ὅσα
3233 2354 3287 2405 οἰ
3320 2353 3386 2406 τά
3411 2352 3628 2422 δημόσια
3655 2351 3757 2404 διοι·

2227 2443 2450 2505 κοῦντες
2481 2443 2662 2505 αἰτίας
2708 2444 2864 2505 τινὰς
2909 2443 3254 2513 πλασάμενοι
3286 2444 3518 2512 ψευδεῖς,
3555 2443 3756 2495 ἀποστε-

2231 2535 2497 2606 ρήσαντες
2529 2535 2796 2604 βασιλέως
2829 2536 3050 2606 ἔχουσιν
3079 2537 3260 2599 αὐτοὶ,
3297 2535 3606 2598 ἀποδείξεως
3633 2547 3760 2600 γενο-

2230 2627 2402 2697 μένης
2431 2629 2721 2700 ἐναργοῦς,
2751 2629 2926 2682 ταῦτα
2953 2629 3187 2682 λαϐόντα
3216 2630 3496 2696 διανεῖμαι
3533 2629 3591 2696 τῇ
3624 2641 3759 2693 στρα-

2225 2720 2317 2789 τιᾷ
2345 2724 2547 2792 μικρᾶς
2579 2724 2739 2776 ἕνεκά
2767 2739 2911 2786 τινος
2956 2722 3334 2792 παραμυθίας.
3367 2722 3456 2790 Μὴ
3483 2719 3755 2787 θαυμάσητε

2225 2809 2282 2862 δὲ
2313 2812 2362 2862 εἰ
2391 2811 2630 2881 περὶτοῦ
2658 2813 2734 2882 μὴ
2761 2813 2871 2864 δεῖν
2902 2814 2994 2864 ὲπί
3018 2813 3138 2874 ταῖς
3162 2812 3250 2863 ἑτέ
3261 2828 3374 2882 ρων
3398 2808 3756 2879 κακοπραγίαις

2226 2899 2413 2970 ἕτερον
2447 2903 2849 2973 μεγαλοψυχεῖν
2880 2905 2976 2957 καὶ
3005 2904 3437 2972 φιλοτιμεῖσθαι.
3471 2902 3624 2955 πολλὰ
3651 2899 3757 2967 πρό-

2224 3008 2384 3061 τερον
2417 2993 2608 3060 εἰπὼν,
2643 2994 2739 3048 νῦν
2782 2994 2924 3048 οὕτω
2970 2995 3167 3066 ῥᾳδίως
3206 2995 3278 3049 τὰ
3299 2998 3413 3060 τοῖς
3451 2993 3759 3065 στρατιώταις

2227 3083 2553 3154 ὀφειλόμενα
2598 3087 2862 3155 χρήματα
2909 3087 3198 3156 πρόειμαι.
3264 3087 3396 3141 Ἐάν
3434 3087 3538 3156 γὰρ
3579 3088 3649 3147 εἰς
3687 3081 3761 3134 τὸν

2229 3172 2426 3244 ἐφεξῆς
2456 3175 2646 3244 χρόνον
2677 3175 2819 3229 κατὰ
2858 3176 2987 3239 τοὺς
3017 3176 3217 3246 ὅρκους
3261 3180 3359 3230 καὶ
3389 3177 3485 3240 τάς
3528 3174 3762 3242 συνθήκας

2225 3265 2262 3329 ἡ
2291 3267 2602 3334 τεταγμένη
2654 3267 2962 3338 μισθοφορά
2992 3269 3305 3339 παρέχηται
3331 3269 3528 3332 αὐτοῖς,
3564 3267 3763 3331 1163m-

2230 3358 2432 3428 λόμενα
2459 3363 2547 3414 επὶ
2570 3363 2648 3432 τῷ
2669 3361 2895 3431 προτοῦ,
2922 3363 3063 3416 πάνυ
3098 3362 3388 3431 φιλοῦντες
3412 3365 3530 3433 ἐμοὶ
3551 3358 3765 3432 χαριοῦν-
3873 3420 3876 3424 _

2230 3467 2319 3502 ται
2349 3453 2550 3522 χρόνῳ.
2585 3453 2797 3516 Ἀλλως
2836 3471 2896 3506 τε
2933 3455 3115 3508 ἔδεισα
3164 3457 3238 3526 μή
3285 3475 3370 3519 τις
3398 3460 3487 3509 καὶ
3520 3457 3601 3509 διὰ
3625 3444 3766 3505 milia

2231 3544 2457 3610 γένηται
2509 3541 2747 3612 ἀναϐολή
2800 3545 2938 3613 πρὸς
2978 3545 3077 3614 τὴν
3123 3547 3377 3617 εἰρήνην,
3421 3546 3515 3600 καί
3562 3544 3766 3608 δόξωμεν

2236 3632 2437 3700 μᾶλλον
2467 3631 2783 3702 ἐξεπίτηδες
2831 3633 2921 3687 τὸν
2953 3632 3188 3705 πόλεμον
3232 3637 3532 3706 αἱρεῖσθαι.
3573 3631 3768 3686 Καὶδιὶι

2233 3726 2388 3778 τοῦτο
2413 3725 2520 3777 δεῖν
2545 3726 2755 3797 ᾠήθην,
2791 3729 2898 3781 πᾶν
2920 3727 3144 3798 ζήτημα
3169 3728 3266 3781 καὶ
3304 3729 3624 3800 ἀμφιϐολίαν
3641 3722 3768 3789 ποιῆ-

2236 3836 2326 3872 σαι
2382 3820 2647 3886 ἐκποδὼν,
2695 3823 2789 3874 καὶ
2831 3821 3037 3890 μᾶλλον
3068 3825 3181 3883 τοῖς
3219 3823 3518 3892 ἡμετέροις
3565 3819 3767 3889 φανῆναι

2235 3911 2492 3982 φορτικὸς
2539 3913 2633 3964 καί
2660 3912 2926 3982 ἐπαχθής,
2973 3912 3004 3980 ἢ
3047 3913 3183 3981 πρὸς
3213 3914 3308 3966 τὸν
3345 3914 3576 3981 πόλεμον
3617 3909 3768 3963 αἰτίαν

2236 4005 2564 4074 παρασχεῖν.
2598 4003 2833 4056 Τοιαῦτα
2868 4002 3132 4072 βασιλέως
3171 4005 3427 4068 εἰπόντος
3458 4005 3548 4058 τοῦ
3573 4004 3699 4062 νέου,
3730 3999 3771 4050 οἱ

2237 4093 2388 4159 παρά
2419 4092 2513 4144 τοῦ
2565 4093 2941 4162 πρεσϐυτέρου
2973 4095 3382 4165 ἀπεσταλμένοι
3417 4095 3677 4166 ἀρχιερεῖς
3696 4090 3774 4143 καὶ

2238 4177 2615 4246 συγκλητικοὶ,
2686 4180 3066 4250 θαυμάσαντες
3118 4183 3216 4252 τῆς
3265 4185 3660 4254 μεγαλοψυχίας
3699 4179 3774 4231 τὸν

2238 4267 2483 4336 βασιλέα,
2535 4270 2753 4323 καὶτοῦ
2818 4272 3027 4342 σφόδρα
3070 4271 3214 4326 οὕτω
3243 4276 3344 4346 τὴν
3387 4278 3603 4348 εἰρήνην
3631 4274 3774 4344 αἰρεῖο

2238 4358 2382 4420 σθαι,
2403 4360 2564 4429 χάριν
2582 4363 3016 4431 ὁμολογήσαντες
3033 4364 3256 4435 πολλὴν,
3280 4368 3563 4438 χαίροντες
3581 4364 3776 4438 ᾐτοῦντο

561 4464 616 4515 in
648 4462 756 4515 vita
786 4473 1058 4520 maneres,
1079 4460 1304 4511 cedere.
1327 4455 1515 4526 Neque
1538 4469 1669 4509 vero
1694 4455 1813 4508 sine
1854 4455 2127 4509 laboribus

2232 4449 2329 4520 τὴν
2361 4452 2618 4506 ἐπάνοδον
2642 4455 3031 4525 ἐπιτραπῆναι,
3053 4456 3367 4525 νομίζοντες
3392 4463 3468 4525 ὡς
3490 4464 3600 4530 ἄμα
3631 4459 3699 4523 τῴ
3720 4455 3776 4508 τὰ

563 4550 935 4618 periculisque
983 4549 1144 4603 cessi.
1191 4548 1326 4602 Cum
1382 4547 1531 4600 enim
1578 4547 1980 4601 commilitones
2025 4549 2131 4602 mei

564 4657 754 4696 omnes
779 4641 907 4695 belli
939 4640 1112 4692 aleam
1146 4654 1210 4693 ac
1249 4639 1468 4693 labores
1527 4638 1846 4708 subiissent,
1889 4640 2132 4706 praemiis

564 4740 746 4787 autem
780 4741 835 4785 et
880 4730 1184 4785 honoribus
1207 4737 1458 4783 carerent
1503 4730 1520 4795 (
1553 4726 1698 4796 quod
1722 4742 1823 4795 ego
1865 4734 1956 4780 tua
1982 4728 2131 4798 jussa

564 4832 806 4888 secutus,
837 4837 1025 4892 pacem
1061 4821 1236 4875 libens
1261 4821 1680 4888 complecterer,
1719 4819 1928 4888 tibique
1968 4819 2135 4872 relin-

566 4929 790 4985 querem
813 4912 1159 4982 omnia,qua:
1182 4911 1285 4981 ipsi
1325 4910 1490 4963 armis
1525 4910 1934 4978 acquisieranl).
1959 4911 2138 4964 utrin-

567 5021 673 5077 que
725 5005 1121 5060 conturbabar.
1173 5003 1304 5056 Nam
1358 5000 1633 5055 adducere
1683 5000 1804 5055 illos
1861 5000 1929 5053 ad
1982 5017 2134 5055 arma

567 5097 892 5157 deponenda
925 5094 1146 5149 diﬂicile
1192 5099 1330 5152 erat,
1386 5106 1510 5145 cum
1555 5105 1614 5144 se
1647 5090 1792 5160 justa
1837 5089 2136 5158 praedicare

566 5190 965 5253 ass'everarent,
999 5195 1055 5240 et
1085 5188 1139 5240 in
1172 5186 1387 5238 hostem
1433 5184 1513 5236 ire
1545 5183 1660 5251 lege
1691 5182 1889 5236 bellica
1921 5197 2138 5251 semper

566 5283 928 5354 postularent.
967 5277 1157 5332 Invitis
1204 5285 1386 5328 autem
1446 5274 1553 5327 illis
1601 5271 1880 5340 quidpiam
1937 5272 2135 5335 facere,

573 5383 722 5428 metu
781 5387 893 5426 non
940 5369 1189 5424 vacabat.
1245 5367 1326 5421 Ex
1365 5364 1606 5419 amicitia
1653 5364 1858 5416 etenim
1889 5362 2140 5431 pluribus

568 5463 706 5518 mihi
737 5461 1118 5526 militantibus,
1151 5467 1206 5515 et
1242 5472 1359 5526 spe,
1415 5454 1722 5524 principem
1755 5452 2023 5506 beneﬁcio
2055 5467 2142 5506 re-

570 5569 921 5624 sponsurum,
977 5553 1024 5606 si
1081 5548 1544 5620 quemadmodum
1585 5544 1687 5613 ipsi
1735 5544 1993 5599 volebant
2038 5557 2142 5612 pax

572 5646 710 5700 facta
762 5660 872 5697 non
926 5643 1102 5711 essetf,
1156 5624 1584 5694 consentaneum
1633 5645 1753 5689 erat
1820 5650 1935 5699 eos,
1984 5635 2143 5689 malis

565 5740 851 5800 cedentes,
877 5733 940 5788 ad
965 5730 1306 5787 adversarios
1331 5743 1430 5798 pro
1455 5726 1619 5782 sociis
1641 5740 1959 5780 accessuros
1985 5741 1997 5779 :
2023 5740 2144 5796 quae

2235 4543 2601 4612 πεπραγμένα
2627 4545 2962 4614 ἀπαγγεῖλαι
2985 4549 3217 4618 βασιλεῖ,
3237 4550 3470 4620 κώλυμα
3485 4550 3629 4606 οὐδὲν
3649 4549 3777 4599 ἔσται

2232 4635 2297 4703 τῇ
2353 4633 2544 4704 εἰρήνῃ
2598 4635 2738 4690 ὥστε
2790 4635 2952 4692 εἶναι.
3017 4640 3280 4702 Ἐκείνοις
3329 4641 3432 4711 μὲν
3478 4636 3567 4696 οὖν
3614 4638 3776 4702 ὥσπερ

2234 4723 2463 4794 ᾐτοῦντο
2507 4726 2813 4796 ἐπέτρεπεν
2856 4729 3194 4783 ἐπανελθεῖν
3239 4729 3310 4783 δι’
3361 4733 3540 4785 αὐτῶν
3568 4730 3621 4783 δὲ
3662 4727 3778 4793 πρὸς

2238 4814 2462 4884 βασιλέα
2498 4816 2587 4871 τὸν
2627 4818 2850 4870 πάππον
2886 4819 3252 4889 ἑπρεσϐεύετο
3297 4822 3500 4876 τοιάδε·
3545 4820 3649 4890 Τὴν
3690 4815 3776 4886 μὲν

2236 4905 2376 4978 ἐμήν
2398 4907 2533 4977 πρὸς
2556 4909 2615 4960 τὸ
2642 4909 2700 4963 σὲ
2725 4909 2823 4978 τὴν
2838 4908 3119 4979 Ῥωμαίων
3145 4910 3288 4980 ἔχειν
3319 4911 3608 4982 ἠγεμονίαν
3637 4923 3780 4961 σπον-

2237 4996 2332 5064 δήν
2363 5011 2421 5047 τε
2453 4997 2547 5048 καὶ
2582 4995 2914 5065 προθυμίαν,
2943 4995 3078 5058 Θεός
3119 5015 3177 5049 τε
3218 4993 3326 5050 οἶδε
3366 4997 3544 5058 καλῶς
3572 4998 3600 5048 ὁ
3630 4993 3781 5045 πάντα

2240 5087 2416 5150 εἰδὼς,
2461 5088 2555 5140 καὶ
2599 5088 2763 5149 αὐτὸς
2817 5088 3420 5159 ἂνὲπιμαρτυρήσαις.
3476 5089 3622 5141 Ἐνδν
3664 5083 3780 5152 γὰρ,

2239 5178 2352 5244 εῐγε
2385 5177 2706 5247 ἐϐουλόμην,
2739 5179 2798 5232 σὲ
2833 5179 3025 5231 λυπεῖν
3049 5181 3142 5233 καί
3175 5179 3318 5232 κατὰ
3342 5181 3468 5240 τοὺς
3510 5176 3782 5248 προτέρους

2241 5269 2510 5337 πολέμους
2535 5269 2568 5338 ἢ
2599 5271 2894 5339 συμπάσης
2923 5270 2954 5339 ἢ
2979 5271 3075 5340 τῆς
3099 5269 3340 5332 πλείονος
3365 5270 3539 5342 ἀρχῆς
3561 5267 3780 5338 κρατεῖν»

2242 5360 2342 5415 οὐκ
2375 5359 2617 5430 ἠθέλησα
2646 5360 2787 5414 έκὼν
2813 5375 2828 5391 θ
2854 5361 2988 5413 άλλά
3018 5361 3101 5414 σοὶ
3146 5363 3381 5430 νομίζων
3415 5360 3574 5424 εἰναι,
3600 5360 3784 5411 δίκαιιν

2242 5449 2559 5514 ἐξίστασθαι
2591 5452 2792 5521 ταύτης
2823 5451 2937 5504 ϐντι
2965 5449 3132 5521 πατρὶ
3164 5450 3268 5513 ἕως
3301 5451 3365 5504 ἂν
3397 5453 3612 5520 περιῇς.
3642 5443 3780 5500 δυνά-

2246 5558 2406 5612 μενος
2438 5545 2755 5611 κατασχεῖν,
2790 5542 3157 5612 παρεχώρησα
3178 5541 3320 5596 ἑκὼν
3352 5537 3492 5596 εἰναι
3523 5541 3613 5595 καὶ
3644 5531 3781 5590 τοῦτό

2245 5649 2308 5701 γε
2335 5635 2434 5686 οὑκ
2461 5632 2591 5686 ἄνευ
2622 5633 2801 5685 πόνων
2831 5630 2928 5685 καὶ
2959 5630 3238 5686 κινδύνων.
3271 5629 3390 5684 Τῶν
3424 5632 3530 5699 γάρ
3554 5630 3646 5683 σὺν
3676 5623 3782 5692 ἐμοὶ

2246 5725 2671 5797 πολεμουμένων
2721 5725 2936 5782 πάντων
2980 5724 3106 5786 τοὺς
3150 5723 3252 5794 μὲν
3300 5721 3495 5784 πόνους
3536 5721 3624 5775 καὶ
3671 5717 3781 5775 τοὺς
