3952 6204
273 287 373 350 333
1453 291 1834 352 HISTORIA?

1919 291 1997 351 HI
2041 289 2269 350 LIBER
2310 290 2356 349 ῐ.
3376 286 3480 350 334

274 402 542 466 κινδύνους
575 403 633 456 ὲν
660 403 738 473 τῷ
761 403 1026 475 πολεμεῖν
1057 403 1464 474 ὑφισταμένων,
1495 407 1604 461 τῶν
1644 405 1822 460 άθλων

1926 419 2016 460 res
2051 404 2342 458 discrimen
2395 401 2526 455 mibi
2580 399 2993 472 periculumque
3039 400 3335 458 attulisset.
3367 402 3480 474 Ego

273 495 320 549 δί
358 496 448 548 καὶ
482 495 588 549 τῶν
616 495 797 567 γερῶν
825 499 1320 567 ἀποστερουμένων
1353 498 1462 569 (διὰ
1503 499 1565 551 τὸ
1594 499 1695 568 ἐμὲ
1727 499 1820 552 σοῦ

1926 509 2057 548 vero
2102 504 2162 548 ut
2209 493 2305 547 tibi
2359 492 2711 562 gratificarer,
2764 492 3092 561 persuadere
3146 492 3252 548 illis
3296 496 3482 549 enisus

280 586 695 655 προστάττοντος
724 588 888 651 εὐθὺς
929 590 1166 659 ἄσμενον
1201 593 1403 660 χωρεῖν
1437 590 1574 661 πρὸς
1603 591 1703 661 τὴν
1749 591 1827 643 εἰ-

1926 597 2069 646 sum,
2102 597 2212 636 uno
2258 589 2352 635 aut
2381 581 2598 636 duobus
2646 581 3030 651 adjuvantibus
3082 582 3212 653 (9i),
3258 590 3315 637 et
3366 599 3486 654 quae

264 679 458 747 κρήνην,
489 679 584 730 καὶ
625 678 847 732 πάντων
879 697 962 733 σοι
999 684 1355 751 παραχωρεῖν
1395 675 1470 736 ὧν
1528 683 1825 752 ἐκτήσαντο

1930 673 2187 728 timebam
2231 673 2552 741 contempsi,
2602 672 2916 736 arbitratus.
2961 672 3006 726 si
3048 671 3204 729 factis
3259 673 3354 728 tibi
3404 690 3489 730 me

280 766 422 818 αὐτοὶ
448 766 774 836 κρατοῦντες
795 770 854 821 ἓν
884 769 962 838 τῷ
982 770 1250 840 πολέμῳ),
1284 771 1675 842 ἀμφοτέρωθεν
1703 773 1832 840 ἐμοὶ

1929 764 2524 826 benevolentissimutn,
2579 763 3176 834 perturbatisslmisque
3224 768 3489 836 tempori-

285 857 550 910 συνέϐαινε
579 858 638 910 τὸ
666 859 1035 930 θορυϐεῖσθαι.
1071 862 1146 914 Τό
1191 879 1252 915 τε
1283 863 1392 932 γὰρ
1425 862 1636 915 πείθειν
1662 879 1835 917 κατα-

1932 855 2033 909 bus
2065 871 2170 908 non
2201 854 2472 917 hostilem,
2499 855 2592 909 sed
2622 855 2856 908 amicum
2891 854 2944 908 in
2971 863 3021 910 te
3039 855 3279 910 animum
3304 865 3491 911 osten-

268 903 458 999 γθέσθαι
497 946 587 1000 τὸν
613 903 871 1018 πόλει-μον,
910 903 1172 1003 ἐπίπονον
1202 903 1829 1022 ξνίξιῖτξξιηδῖξςᾷῖξ

1932 947 2158 1011 dissem,
2189 946 2464 1000 confidere
2497 960 2654 1013 posse
2688 945 2849 999 etiam
2883 945 3069 999 odium
3099 945 3152 1000 in
3202 963 3288 1001 me
3341 955 3491 1001 tuum

287 1055 390 1106 γειν
437 1039 890 1109 ἰσχυριζομένων,
933 1034 1030 1095 καὶ
1100 1043 1260 1112 μέχρι
1309 1042 1510 1104 παντὸς
1555 1042 1834 1106 ἐπεξιέναι

1933 1047 2282 1092 sanaturum.
2325 1036 2476 1105 151
2512 1036 2666 1102 Quod
2699 1050 2848 1089 nunc
2879 1050 3060 1100 secus,
3108 1054 3270 1108 quam
3314 1039 3489 1100 rebar,

286 1131 398 1192 τοὺς
429 1130 801 1199 πολεμοῦντας
841 1133 1136 1198 ἀξιούντων
1167 1134 1408 1202 πολέμου
1446 1133 1596 1202 νόμῳ
1631 1150 1644 1165 ο
1680 1135 1740 1185 τό
1774 1149 1833 1184 τε

1934 1126 2152 1179 videtur
2183 1126 2450 1178 evenisse.
2499 1123 2692 1178 Omnia
2743 1124 3016 1192 siquidem
3074 1125 3185 1191 illa,
3235 1127 3495 1196 quodque

290 1221 519 1274 ἀκόντων
544 1222 722 1275 αὐτῶν
749 1241 802 1275 τι
840 1228 1040 1291 ποιεῖν,
1081 1227 1180 1278 ούκ
1213 1226 1388 1288 ἀδεές.
1417 1225 1573 1295 Φιλίᾳ
1604 1227 1712 1293 γὰρ
1739 1224 1834 1290 ξυ-

1936 1227 2233 1270 summum‘
2272 1224 2377 1278 est,
2429 1214 2714 1268 veritatem
2763 1214 2936 1282 ipsam
2999 1229 3097 1284 pro
3159 1216 3328 1271 nihilo
3393 1219 3497 1270 du-

292 1311 686 1379 στρατευόντων
711 1315 822 1367 τῶν
850 1315 1135 1380 πλειόνων,
1167 1317 1263 1369 καὶ
1292 1317 1470 1371 ἐλπίδι
1512 1317 1608 1370 τοῦ
1638 1318 1838 1387 ἄρξαν-

1938 1320 2088 1368 cens,
2156 1305 2474 1358 hominibus
2528 1311 2708 1354 autem
2776 1304 3070 1371 perversis,
3125 1313 3180 1358 et
3225 1303 3499 1358 mendaci-

290 1419 348 1455 τα
371 1403 807 1474 ἀντευποιήσειν,
837 1406 884 1457 εἰ
913 1407 988 1475 μὴ
1013 1407 1212 1478 γνώμῃ
1237 1407 1415 1460 αὐτῶν
1448 1408 1744 1477 ἐπράττετο
1769 1410 1838 1462 τά

1938 1395 2137 1464 loquis,
2163 1411 2271 1448 non
2306 1393 2620 1462 reipublicae
2642 1398 3034 1461 emolumenta,
3063 1394 3157 1449 sed
3215 1409 3312 1449 sua
3349 1396 3499 1464 ipso-

290 1494 378 1557 τῆς
402 1494 647 1563 εἰρήνης,
679 1494 828 1558 εξκδς
865 1492 934 1566 ἦν
962 1499 1161 1560 αὐτοὺς
1204 1501 1689 1570 περικακήσαντας
1733 1513 1841 1570 χωλ-

1939 1502 2063 1542 rum
2114 1486 2436 1556 compendia
2497 1487 2836 1542 sectantibus
2892 1488 3050 1542 fidem
3101 1487 3324 1553 habens,
3357 1485 3500 1542 bello

296 1585 398 1653 ρεῖν
427 1585 562 1654 πρὸς
611 1587 739 1648 τοὺς
775 1588 1070 1655 ἐναντίους,
1111 1590 1249 1661 ὅπερ
1295 1592 1598 1656 ἀκινδύνως
1643 1595 1742 1646 οὐκ
1775 1593 1840 1648 ἂν

1941 1595 2028 1635 me
2063 1587 2272 1633 tentare
2304 1577 2548 1632 voluisti.
2579 1576 2677 1632 Ast
2707 1593 2805 1648 ego
2832 1579 3080 1647 quamvis
3115 1579 3238 1649 jure
3269 1580 3499 1647 Optimo,

293 1675 582 1744 ἐπράττετο
623 1677 764 1745 ὲμοίι
817 1677 956 1744 Ἐγὼ
999 1680 1055 1732 δὲ
1081 1681 1177 1734 τοῦ
1221 1681 1288 1734 τὰ
1315 1683 1446 1750 φίλα
1473 1683 1635 1738 ἕνεκα
1670 1685 1843 1755 πράτ-

1943 1679 2202 1739 tanquam
2269 1668 2419 1738 prior
2479 1668 2692 1723 insidiis
2751 1669 3064 1737 appetitus,
3132 1678 3503 1738 temeratoque

292 1742 398 1817 τειν
427 1781 531 1828 σοι,
557 1742 682 1827 τούς
724 1783 783 1818 τε
823 1742 1018 1831 πόνους
1063 1742 1378 1842 ὑφιστάμην
1418 1775 1476 1824 ὲν
1515 1771 1592 1842 τῷ
1632 1742 1842 1826 πείθειν

1942 1761 2152 1817 [uadere
2168 1760 2420 1823 violatus,
2444 1760 2752 1828 promptius
2773 1774 2836 1814 ac
2866 1761 3016 1829 prius
3043 1775 3191 1813 arma
3219 1775 3503 1829 capessere

296 1853 406 1915 ἑνός
439 1870 582 1917 τινος
616 1855 649 1925 ἢ
677 1856 770 1909 καὶ
798 1856 892 1909 δύο
913 1860 1344 1929 συναιρομένων,
1379 1862 1474 1914 καὶ
1495 1862 1601 1915 τῶν
1633 1863 1844 1932 ὑφορω-

1944 1862 2224 1922 poteram;
2263 1864 2444 1906 tamen
2475 1850 2685 1918 pudore
2717 1868 2845 1922 erga
2880 1861 2953 1916 te,
2982 1860 3035 1906 et
3059 1853 3207 1922 pacis
3234 1853 3503 1907 desiderio

299 1939 465 2008 μένων
506 1941 772 1995 κινδύνων
834 1948 1226 2015 κατεφρόνουν,
1269 1948 1510 2018 νομίζων
1555 1950 1623 2004 ἂν
1661 1950 1844 2013 αὐτοῖς

1945 1945 2279 2008 incredibili,
2313 1949 2536 1998 tertium
2565 1945 2676 2015 jam
2705 1960 2946 1999 mensem
2983 1945 3072 1999 hic
3104 1954 3349 2009 contero,
3381 1960 3503 2012 sup.

299 2030 467 2099 ῐργοις
509 2031 815 2102 ἀποδειχθῶ
846 2033 1033 2099 εὔνους
1066 2038 1123 2100 ἐς
1169 2037 1241 2090 τὰ
1276 2039 1514 2108 μάλιστά
1541 2056 1624 2092 σοι
1662 2040 1757 2092 καὶ
1788 2042 1846 2092 ὲν

1942 2038 2172 2108 plicans,
2198 2045 2253 2091 et
2288 2035 2421 2090 iram
2455 2044 2602 2088 tuam
2636 2035 2956 2104 deprecans.
2979 2035 3135 2091 Nunc
3174 2051 3296 2090 cum
3329 2037 3498 2092 venis-

298 2124 400 2184 τοῖς
423 2124 808 2190 κατεπείγουσι
833 2129 1042 2194 καιροῖς
1072 2128 1132 2181 ού
1167 2129 1462 2200 πελεμίως,
1493 2131 1627 2185 ἀλλὰ
1656 2131 1846 2200 φιλίως

1945 2138 2086 2191 sent,
2123 2143 2262 2196 quos
2291 2126 2358 2179 ad
2388 2126 2748 2180 exercendam
2788 2125 2856 2179 de
2894 2141 2980 2180 me
3008 2127 3360 2194 quaestionem
3407 2125 3499 2178 nti~

301 2213 651 2282 διακείμενος,
680 2215 956 2289 θαρρῆσαι
981 2219 1045 2272 ἂν
1062 2221 1188 2290 ἐμοὶ
1213 2221 1309 2273 καὶ⁵
1329 2223 1426 2290 τὴν
1449 2223 1648 2292 ἔχθραν
1676 2239 1848 2277 κατα-

1945 2219 2087 2282 sisti,
2122 2216 2320 2287 gaudio
2352 2216 2571 2277 exsilui,
2610 2215 2752 2284 quod
2788 2225 2998 2284 tempus
3037 2215 3142 2268 mel
3180 2214 3502 2269 defendendi

300 2305 448 2357 λῦσαι
472 2306 533 2357 τὸ
561 2307 606 2358 δ’
637 2308 895 2372 ἐναντίως
924 2310 1047 2380 ἔχον
1077 2311 1171 2364 νῦν
1217 2313 1250 2384 ἢ
1300 2314 1650 2383 προσεδόκων
1687 2315 1846 2378 αὐτὸς

1945 2319 2140 2364 nactus
2174 2321 2374 2362 essem.
2413 2306 2473 2359 1n
2504 2314 2774 2359 conventu
2806 2320 2970 2374 porro
3013 2303 3080 2358 ad
3125 2305 3299 2373 capita
3345 2319 3502 2358 accu-

303 2394 506 2461 ὀρᾶται.
539 2395 724 2448 Πάντα
755 2398 862 2467 γὰρ
890 2400 1092 2464 ἐκεῖνα,
1125 2401 1240 2465 καὶ,
1275 2403 1335 2456 τὺ
1370 2404 1651 2473 μέγιστον,
1680 2404 1848 2476 αὐτὴν

1948 2401 2176 2457 sationis
2204 2413 2334 2452 vere
2357 2413 2420 2450 ac
2437 2397 2586 2465 juste
2617 2394 2878 2464 respondi
2904 2411 2920 2461 ;
2953 2393 3019 2448 de
3046 2409 3157 2464 quo
3213 2395 3315 2464 ipsi
3364 2394 3505 2464 apud

309 2484 551 2553 ἀλήθειαν
581 2487 804 2554 θέμενος
830 2493 885 2542 ὲν
908 2493 1102 2559 οὐδενὶ,
1127 2493 1436 2564 ἀνθρώποις
1464 2497 1522 2550 δὲ
1538 2497 1848 2568 διεφθορόσι

1947 2499 2002 2545 te
2027 2489 2426 2545 memorabunt.
2468 2485 2706 2538 Rursum
2734 2495 2785 2539 te
2807 2499 2924 2546 oro,
2953 2484 3266 2554 imperator,
3293 2493 3350 2537 ut
3374 2499 3505 2538 neve

301 2577 393 2664 1καὶ
414 2575 877 2664 ψευδομένοιςηκαὶ
903 2581 1068 2650 μηδὲν
1092 2585 1154 2648 ἐξ
1171 2575 1247 2638 ὧν
1272 2585 1339 2639 ἂν
1369 2588 1438 2641 τά
1466 2590 1620 2642 κοινὰ
1643 2590 1850 2659 βέλτιον

1950 2599 2072 2653 ηοε,
2089 2599 2224 2639 neve
2246 2583 2516 2638 Romanos
2538 2579 2696 2641 alios,
2719 2577 2888 2632 nostri
2909 2593 3068 2632 causa
3097 2577 3294 2632 acerba
3317 2591 3505 2646 perpe-

302 2666 474 2755 ζσχοίη,
512 2667 628 2720 ἀλλ’
657 2669 714 2734 ἐξ
745 2663 817 2722 ὧν
847 2669 912 2723 ἂν
945 2673 1052 2744 ἰδίᾳ
1080 2691 1131 2726 τι
1157 2675 1488 2748 ὠφεληθεῖεν
1513 2681 1690 2743 αὐτοὶ,
1729 2697 1850 2733 σκο-

1952 2677 1990 2731 ιί
2006 2691 2069 2730 ac
2085 2666 2239 2746 perdi
2257 2676 2436 2738 sinas;
2469 2672 2562 2726 sed
2585 2669 2778 2725 diebus
2806 2677 2929 2723 octo
2950 2668 3078 2738 quid
3098 2683 3234 2737 opus
3253 2667 3505 2722 sitconsi«

313 2753 460 2842 ποῦσι
507 2757 766 2823 πεισθεὶς,
809 2759 958 2813 εἵλου
1014 2762 1214 2830 μᾶλλον
1255 2767 1514 2836 πολεμεῖν
1544 2770 1668 2838 ὲμοί
1692 2785 1704 2799 ·
1742 2767 1853 2836 ἑγὼ

1951 2776 2134 2838 deres,
2176 2782 2433 2842 tuamque
2458 2771 2618 2826 nobis
2646 2769 2975 2824 sententiam
3003 2768 3267 2822 declares.
3295 2767 3351 2822 Si
3384 2767 3510 2832 Deo.

313 2841 361 2894 δὲ
386 2845 558 2897 καίτοι
600 2845 805 2909 δίκαιος
859 2847 956 2912 ὢν,
986 2846 1076 2903 οἷα
1113 2855 1700 2926 προεπιδουλευόμενος
1758 2857 1854 2910 καὶ

1953 2867 2102 2938 pacis
2133 2841 2374 2926 auctore,
2410 2861 2742 2932 approbante
2776 2860 3041 2930 placidam
3067 2859 3122 2913 in
3155 2873 3254 2913 nos
3280 2867 3511 2913 mentem

314 2936 867 3018 παρασπονδούμενος,
895 2941 1254 3013 ιὲτοιμότερον
1301 2946 1438 3016 πρὸς
1468 2947 1560 3000 τὸν
1615 2948 1854 3018 πόλεμον

1955 2959 2220 3021 indueris,
2254 2969 2552 3026 pacemque
2598 2951 2925 3020 susceperis,
2960 2951 3097 3006 bene
3138 2949 3303 3004 facies
3342 2948 3513 3004 modis

311 3028 687 3135 xw‘psiv,‘ai60i'
713 3045 770 3081 τε
823 3033 887 3099 τῇ
924 3033 1052 3100 περὶ
1092 3034 1152 3086 σὲ
1200 3035 1295 3088 καὶ
1346 3036 1494 3105 πόθῳ
1524 3039 1736 3107 άσχέτῳ
1775 3039 1854 3108 τῷ

1955 3049 2228 3105 omnibus.
2259 3047 2355 3100 Sin
2392 3052 2737 3114 peccatorum
2768 3050 3080 3096 nostrorum
3112 3038 3428 3101 multitudo,
3463 3047 3514 3091 et

311 3117 432 3184 πρὸς
482 3118 581 3186 τὴν
629 3120 874 3190 εἰρήνην,
918 3123 1106 3189 τρίτον
1157 3124 1258 3193 ήδη
1302 3126 1447 3196 μῆνα
1481 3129 1728 3197 κάθημαι
1771 3129 1856 3180 ὲν-

1958 3144 2177 3195 incensa
2202 3136 2419 3192 videndi
2448 3135 2699 3190 interitus
2723 3130 2892 3186 nostri
2921 3128 3193 3198 cupiditas
3239 3126 3421 3196 potius
3464 3125 3515 3182 in

318 3207 504 3272 ταῦθα,
540 3210 797 3264 ἱκετεύων
827 3212 924 3264 καὶ
953 3216 1387 3284 παραιτούμενος
1417 3217 1516 3286 τὴν
1542 3218 1638 3288 σὴν
1664 3220 1855 3288 ὀργήν.

1959 3233 2158 3286 bellum
2189 3242 2240 3283 te
2277 3228 2609 3298 praecipitem
2645 3231 2824 3296 agent,
2856 3223 3020 3276 etiam
3072 3222 3150 3274 sic
3201 3217 3420 3272 modum
3467 3227 3516 3270 te

310 3295 436 3348 Novi
449 3298 500 3350 δὲ
515 3299 622 3350 τῶν
641 3301 742 3352 ὑπὸ
762 3302 853 3354 σοῦ
878 3303 1175 3373 ἀρχιερέων
1195 3307 1406 3360 καὶτῶν
1424 3307 1599 3362 ἄλλων
1622 3309 1858 3378 συγκληο

1958 3323 2168 3378 docebo
2222 3319 2617 3375 validissimum
2685 3330 2772 3369 me
2829 3314 2994 3368 armis
3049 3302 3416 3381 Oppugnandi,
3461 3319 3515 3361 ut

311 3389 467 3478 τικῶν
500 3392 952 3459 ἀπεσταλμένων,
979 3395 1072 3446 ἐπὶ
1101 3394 1160 3446 τδ
1195 3396 1262 3448 τὰ
1293 3397 1618 3466 ἐγκλήματα
1644 3399 1712 3454 τὰ
1750 3401 1858 3469 ὲμὰ

1959 3413 2242 3474 citissime.
2279 3411 2530 3478 citraque
2557 3404 2859 3476 periculum
2912 3400 3175 3456 molestiis
3218 3398 3519 3452 absolvare.

311 3477 552 3540 ἐξετάσαι
607 3481 873 3548 ἡκόντων,
912 3483 1072 3545 αὐτὸς
1109 3485 1209 3554 μὲν
1257 3487 1462 3556 πολλῆς
1518 3489 1859 3560 ἐνεπλήσθην

1959 3505 2102 3558 Deus
2150 3504 2421 3556 bonorum
2495 3496 2740 3551 omnium
2803 3491 3198 3561 suppeditator,
3254 3489 3414 3542 Pater
3467 3495 3520 3542 et

313 3567 514 3659 ᾗδονῆς,
550 3568 623 3629 ὡς
664 3572 856 3640 καιρὸν
899 3573 1196 3640 ἀπολογίας
1233 3577 1514 3646 εύρηκώς’
1564 3579 1860 3646 ἐκκλησίας

1959 3595 2221 3648 Dominus
2250 3604 2437 3659 regum
2468 3586 2732 3647 omnium,
2765 3580 3145 3636 admirabilem
3194 3578 3292 3631 tibi
3337 3586 3391 3631 et
3441 3577 3510 3629 in-

392 3660 706 3753 γενομένης,
753 3660 850 3753 τὴν
879 3662 1174 3730 ἀπολογίαν
1208 3665 1291 3733 ἐφ’
1345 3662 1424 3730 οἷς
1463 3667 1857 3738 ὲνεκαλούμηνο

1960 3656 2374 3753 expugnabilem
2406 3678 2701 3746 potentiam
2737 3672 2907 3737 dedit,
2947 3668 3035 3723 cui
3068 3683 3175 3722 non
3212 3667 3387 3723 solum
3433 3681 3521 3720 re-

316 3749 480 3820 ἀληθῆ
518 3754 610 3804 καὶ
639 3752 852 3805 δικαίαν
901 3754 1268 3827 ἐποιησάμην.
1311 3758 1377 3811 Ἀ
1435 3760 1533 3827 μὲν
1577 3758 1671 3813 οὖν
1709 3756 1860 3814 εἰπον

1962 3749 2175 3834 sistere,
2212 3767 2306 3822 sed
2362 3773 2551 3820 contra
2589 3777 2751 3832 quam
2801 3775 2871 3814 ne
2921 3757 3121 3812 intueri
3168 3755 3387 3826 quidem
3438 3768 3523 3807 me

318 3837 534 3932 exposta
554 3840 911 3932 .5YX3JHLG‘td,
941 3845 1094 3896 αὐτοὶ
1135 3846 1380 3908 ἐλθόντες
1413 3847 1819 3914 ἀπαγγελοῦσιν
1842 3863 1857 3880 ο

1964 3876 2117 3932 posse
2145 3859 2337 3914 fateor.
2375 3857 2466 3909 Εει
2489 3861 2670 3906 autem
2711 3852 2847 3915 ha'c,
2881 3848 3025 3918 quod
3071 3856 3128 3901 tu
3175 3846 3430 3900 dominus
3470 3853 3525 3899 et

320 3925 420 4022 ἐγω
447 3926 489 3978 δ’
517 3927 676 3992 αὖθις
715 3930 808 3981 σοῦ
835 3932 1047 4000 δέομαι,
1089 3935 1331 4004 βασιλεῦ,
1363 3938 1491 4006 μήθ’
1525 3940 1690 4008 ἡμᾶς,
1723 3941 1861 4009 μήτε

1964 3925 2136 4022 pater,
2169 3963 2268 4018 ego
2296 3946 2462 4009 ﬁlius,
2495 3955 2550 3999 et
2574 3957 2765 3997 servus
2807 3941 3055 3996 omnino.
3107 3942 3218 3991 Hac
3267 3952 3395 3990 usus
3431 3951 3525 4006 po-

317 4017 432 4105 τοὺς
466 4018 658 4081 ἄλλους
687 4021 946 4088 περιιδεῖν
978 4023 1285 4092 Ῥωμαίους
1308 4027 1396 4080 διὰ
1423 4029 1514 4080 τὸν
1537 4031 1673 4098 πρὸς
1699 4031 1862 4101 ἀλλή-

1964 4017 2154 4102 tentia,
2178 4017 2332 4093 brevi
2364 4051 2486 4105 quae
2514 4033 2756 4088 volueris
2793 4032 2981 4086 omnia
3031 4028 3263 4083 feliciter
3301 4027 3525 4082 ellicies.

319 4103 432 4198 λους
463 4109 617 4177 ἡμῶν
662 4110 892 4180 πόλεμον
927 4113 1350 4183 φθειρομένους·
1385 4117 1501 4170 ἀλλ’
1537 4121 1595 4171 ὲν
1629 4121 1864 4190 ἡμέραις

1964 4132 2019 4187 Si
2045 4131 2191 4185 enim
2216 4103 2465 4198 iusseris,
2491 4133 2552 4179 ut
2583 4133 2760 4198 pater,
2800 4138 2888 4177 me
2937 4121 3085 4184 boia,
3122 4135 3218 4174 seu
3258 4114 3525 4190 [collaria]

321 4196 472 4263 ὀκτὼ,
508 4200 576 4255 τά
618 4217 675 4252 τε
713 4201 900 4254 δέοντα
947 4202 1273 4272 σκέψασθαι,
1315 4208 1410 4260 καὶ
1435 4210 1566 4276 ἡμῖν
1615 4211 1690 4272 ὼς
1720 4212 1864 4279 ἔχεις

1964 4221 2018 4276 in
2040 4196 2240 4284 collum
2264 4218 2462 4287 injecta
2488 4196 2696 4278 venire,
2720 4222 2775 4268 et
2810 4213 2922 4266 illic
2950 4226 3225 4266 carcerem
3253 4208 3524 4270 habitare.

321 4289 530 4380 γνώμης
560 4289 817 4359 δηλῶσαι.
838 4294 933 4344 Ἂν
961 4295 1060 4362 μὲν
1081 4291 1174 4349 οὖν
1196 4297 1290 4350 καὶ
1321 4298 1461 4351 Θεοῦ
1488 4299 1586 4352 τοῦ
1623 4301 1861 4371 χορηγοῦ

1969 4311 2230 4380 imperata
2263 4304 2668 4377 promptissime
2697 4317 2985 4372 exsequar.
3018 4301 3157 4366 Quid
3191 4309 3374 4354 autem
3406 4298 3530 4351 dico

318 4379 410 4448 τῆς
441 4383 664 4449 εἰρήνης
697 4383 1144 4448 συνευδοκοῦντος
1178 4389 1478 4457 πραότερον
1507 4390 1638 4458 ἡμῖν
1671 4392 1857 4445 διατε-

1970 4401 2034 4456 de
2064 4412 2306 4462 carcere,
2333 4407 2389 4450 et
2435 4394 2696 4450 collaria?
2747 4393 2791 4447 si
2840 4393 2975 4462 quid
3032 4390 3181 4445 aliud
3230 4390 3396 4444 etiam
3444 4386 3531 4442 vel

321 4468 434 4539 θῇς,
465 4475 557 4525 καὶ
592 4471 795 4542 μᾶλλον
829 4474 971 4526 ἕλοιο
1010 4476 1108 4544 τὴν
1136 4477 1384 4548 εἰρήνην,
1431 4483 1772 4550 πανταχόθεν
1801 4481 1867 4534 ἂν

1972 4486 2549 4557 ignominiosissimum
2580 4482 2947 4544 mandaveris,
2969 4481 3236 4552 perferam
3264 4479 3533 4543 hilariter,

321 4557 424 4630 ιχοι
453 4563 652 4625 καλῶς.
687 4563 788 4616 Ἂν
828 4565 874 4618 δ’
925 4568 958 4636 ἡ
1009 4567 1120 4619 τῶν
1143 4569 1426 4638 ἡμετέρων
1451 4572 1866 4641 ἁμαρτημάτων

1972 4580 2027 4634 Si
2057 4579 2161 4632 bac
2185 4576 2426 4646 potentia
2451 4574 2675 4636 omissa.
2729 4572 2796 4626 ad
2848 4574 3072 4626 alteram
3127 4581 3179 4626 te
3225 4579 3533 4632 convertes.

323 4651 538 4720 πληθὺς,
579 4653 675 4705 καὶ
735 4654 794 4706 τὸ
849 4656 1087 4723 μάλιστα
1135 4658 1418 4727 βούλεσθαι
1467 4662 1866 4732 διαφθαρέντας

1974 4683 2131 4738 quant
2171 4667 2379 4736 pridem
2427 4662 2543 4725 tibi,
2594 4662 2826 4716 credens
2860 4671 2911 4715 te
2965 4661 3158 4721 latere,
3204 4668 3260 4713 et
3313 4674 3535 4736 sperans

322 4741 455 4812 ἡμᾶς
482 4746 631 4809 ἰδεῖν,
660 4745 794 4814 πρὸς
828 4746 887 4798 τὸ
913 4747 1170 4816 πολεμεῖν
1203 4750 1402 4818 μᾶλλον
1427 4753 1865 4821 παρασκευάσω-

1972 4760 2112 4814 bello
2173 4749 2260 4811 me
2301 4755 2700 4817 confecturum,
2748 4753 3030 4823 paravisti,
3088 4767 3283 4811 vereor
3330 4751 3533 4813 dicere,

323 4848 402 4884 σιν
420 4833 680 4904 ὁρμῆσαι,
712 4832 806 4889 καὶ
835 4836 1007 4899 οὕτως
1034 4838 1143 4905 ἐγώ
1159 4856 1243 4893 σοι
1278 4841 1482 4910 τρόπον
1513 4843 1866 4912 ὑφηγήσομαι

1974 4850 2063 4906 sed
2092 4849 2265 4903 dicam
2303 4857 2504 4907 tamen,
2559 4859 2773 4908 vereor,
2820 4858 2889 4896 ne
2936 4853 2996 4895 ut
3041 4841 3194 4904 alias,
3245 4840 3325 4894 sic
3374 4838 3535 4890 modo

325 4922 660 4993 ἰσχυρότατον
696 4926 789 4979 τοῦ
817 4928 951 4997 πρὸς
979 4929 1076 4998 ἐμὲ
1104 4931 1344 5000 πολέμου
1367 4947 1382 4962 ο
1421 4932 1497 4995 ὡς
1544 4934 1610 4986 ἂν
1637 4935 1870 5003 τάχιστά

1970 4942 2109 4994 male
2142 4939 2241 4992 tibi
2301 4935 2646 4991 consuluisse
2699 4933 2818 5002 ipso
2868 4940 3066 4992 eventu
3101 4927 3529 4996 depreliendare.

322 5027 377 5062 τε
401 5021 486 5065 καὶ
511 5017 685 5086 χωρὶς
709 5016 972 5072 κινδύνων
1001 5023 1340 5088 πραγμάτων
1359 5021 1715 5094 ἀπαλλαγῇς.
1737 5025 1869 5087 Θεὸς

1975 5032 2125 5084 Tunc
2158 5031 2324 5099 igitur
2364 5037 2419 5081 et
2446 5025 2555 5079 Deo
2596 5025 2648 5077 in
2699 5024 2909 5093 primis,
2960 5031 3016 5076 et
3055 5021 3139 5074 liis
3191 5015 3536 5075 amicissimis

322 5099 603 5194 5.10pqyo;
655 5107 876 5160 πάντων
918 5108 1028 5160 τῶν
1061 5111 1307 5176 ἀγαθῶν,
1345 5113 1373 5164 ό
1406 5113 1594 5183 Πατὴρ
1629 5114 1869 5178 πάντων,

1973 5120 2110 5172 meis
2139 5116 2543 5187 adjuvantibus,
2578 5112 2733 5189 152
2767 5110 2948 5164 multis
2977 5107 3270 5163 sudoribus
3298 5121 3361 5158 ac
3389 5103 3533 5156 labo-

322 5194 410 5241 καὶ
434 5193 630 5263 Κύριος
649 5194 758 5248 τῶν
775 5195 1062 5265 βασιλέων,
1090 5199 1300 5270 ἄμαχόν
1315 5218 1436 5255 τινα
1454 5204 1547 5255 καὶ
1568 5201 1872 5272 θαυμασίαν

1975 5207 2146 5270 ribus,
2179 5223 2286 5260 non
2313 5206 2457 5275 quod
2499 5214 2556 5260 tu
2597 5204 2897 5270 singulare,
2943 5211 2998 5254 et
3039 5199 3103 5252 ad
3144 5194 3536 5266 perliciendum

322 5284 612 5355 παρέσχετο
631 5287 863 5358 δύναμίν
893 5306 978 5342 σοι
1003 5305 1018 5320 ο
1049 5291 1184 5362 πρὸς
1211 5295 1278 5362 ἣν
1303 5293 1400 5362 οὐχ
1428 5293 1511 5347 ὃτι
1539 5309 1600 5362 γε
1623 5293 1876 5364 άντιστῆ-

1977 5296 2354 5350 difficillimum
2394 5309 2531 5364 opus
2555 5293 2925 5355 existitnabas,
2961 5288 3055 5344 sed
3095 5285 3242 5362 quod
3291 5285 3346 5340 in
3394 5282 3538 5352 cogi-

1531 5432 1749 5496 Jacobi
1783 5434 2047 5495 Pontani
2081 5442 2269 5496 notis.

305 5549 1098 5679 'miigalzcgggﬁmiomestico,
1153 5567 1220 5615 et
1262 5565 1682 5629 protostratore.
1742 5554 1881 5612 \’lde
1922 5548 2086 5633 supra
2147 5573 2266 5629 cap.
2316 5555 2405 5613 52.
2449 5555 2556 5612 Sed
2604 5569 2700 5611 eos
2754 5562 2975 5658 propter
3021 5551 3280 5609 invidiam
3315 5561 3414 5606 avo
3443 5557 3545 5604 no-
