3952 6204
269 323 363 388 337
1435 319 1985 386 HISTORIARUM
2024 321 2254 385 LIBER
2293 323 2342 384 Ι.
3411 319 3517 383 338

269 433 354 492 οὖν
389 437 586 510 ἡμέραι
625 435 924 508 παρῆλθον,
956 438 1052 492 καὶ
1081 439 1179 509 τῆς
1227 436 1528 507 πρεσϐείας
1573 437 1733 505 λόγος
1758 429 1826 504 ἦν

1948 433 2279 498 inluserant,
2303 432 2454 489 nulla
2488 432 2712 489 interim
2735 430 3026 503 legationis
3049 431 3329 489 mentione
3351 432 3512 501 facta,

270 528 455 591 οὐδείς.
491 526 817 598 ’Δχθὸμενος
862 529 920 582 δὲ
953 527 982 580 δ
1043 528 1404 599 πατριάρχης
1454 528 1550 582 ἐπὶ
1603 530 1672 598 τῇ
1733 525 1828 580 τοῦ

1948 547 2058 588 :um
2095 526 2411 601 patriarcha
2446 524 2596 580 diem
2625 523 2866 594 proferri
2897 539 3044 595 aegre
3080 524 3289 589 ferens,
3318 525 3511 582 admo-

270 619 450 690 χρόνου
477 618 806 688 παρατάσει,
844 621 1129 690 μεμήνυκε
1162 619 1302 690 πρὸς
1332 618 1579 690 βασιλέα,
1620 619 1697 681 ὥς
1734 617 1832 684 Ἐξ

1948 629 2043 688 iet,
2081 621 2229 676 diem
2250 615 2596 685 sextumjam
2623 615 2977 684 prateriisse,
3005 631 3110 671 nee
3137 617 3320 672 adhuc
3352 619 3516 688 quid-

276 713 483 782 ἡμερῶν
503 712 921 784 παρελθουσῶν,
946 713 1100 767 οὐδὲν
1132 713 1286 784 παρὰ
1307 712 1420 766 τῶν
1447 714 1588 783 πρὸς
1607 710 1833 782 βασιλέα

1948 726 2099 782 luam
2149 709 2218 764 ab
2255 707 2534 779 episcopis
2583 706 2651 762 ad
2687 715 2945 776 nepotem
2983 706 3168 761 missis
3197 723 3322 762 eum
3355 709 3512 764 audi-

276 804 359 857 τδν
379 803 598 872 έγγσνον
626 805 720 857 τὸν
747 805 840 858 σὺν
867 803 1301 874 ἀπεσταλμένων
1338 803 1646 874 ἀρχιερέων
1697 802 1836 856 ἐπύ-

1948 803 2104 857 visse.
2133 799 2408 870 Oportere
2448 800 2640 870 igitur,
2671 799 2896 868 quando
2919 798 3056 853 satis
3083 799 3178 853 diu
3210 800 3520 855 deliberas-

278 893 382 947 θου.
407 896 535 946 Δέον
558 889 674 958 οὖν,
710 894 838 947 ἐπεὶ
867 898 958 946 καὶ
980 896 1009 947 ό
1035 895 1226 966 χρόνος
1251 891 1388 961 πρὸς
1411 890 1696 960 διάσκεψιν
1718 893 1836 944 ίκαρ

1948 902 2043 959 tet,
2100 891 2296 946 audire
2323 890 2459 960 quid
2497 890 2772 947 dicerent.
2804 889 3102 944 Facturum
3134 904 3195 944 se
3221 891 3518 960 promittit.

276 982 378 1044 νὸς.
418 983 682 1036 πυθέσθαι
704 983 889 1037 αὐτῶν
910 984 938 1036 ὅ
969 1001 1026 1038 τι
1058 983 1328 1050 λέγουσιν.
1365 981 1426 1036 ’0
1456 982 1514 1034 δὲ
1567 984 1834 1053 ἐπηγγεί-

1948 984 2189 1038 l‘otidem
2221 981 2416 1036 diebus
2449 981 2673 1050 elapsis,
2726 996 2949 1036 rursum
2985 981 3154 1036 mittit
3180 983 3518 1050 patriarcha.

280 1075 395 1127 λατο
422 1075 688 1144 ποιήσειν,
721 1075 810 1138 Ὠς
857 1075 906 1128 δ’
940 1074 1125 1144 ἕτεραι
1169 1073 1431 1127 τοσαῦται
1459 1073 1839 1144 διεληλύθασιν

1948 1090 2140 1146 rogans
2204 1088 2276 1128 ne
2325 1073 2402 1126 ila
2449 1081 2667 1140 tempus
2691 1079 2896 1125 tereret
2929 1088 2943 1124 :
2978 1071 3074 1125 sed
3108 1071 3523 1141 archiepiscopo

281 1166 492 1234 ἡμέραι,
527 1166 624 1218 καὶ
657 1165 816 1232 λόγος
842 1166 1019 1230 οὐδεὶς
1038 1165 1251 1234 εγίνετο
1269 1165 1475 1230 αὐτῶν,
1504 1165 1668 1222 πάλιν
1694 1167 1837 1236 πέμ-

1948 1176 1992 1222 ει
2035 1167 2311 1236 episcopis
2335 1164 2640 1225 accersitis.
2671 1177 2783 1231 quo
2811 1172 2972 1232 pacto
3005 1177 3064 1217 se
3100 1178 3274 1232 nepos
3315 1165 3522 1220 defen-
3576 1233 3582 1239 _

286 1257 380 1326 ψας
417 1257 445 1308 ὁ
503 1257 875 1326 πατριάρχης,
929 1258 1101 1310 ἐδεῖτο
1133 1255 1231 1308 τοῦ
1292 1255 1560 1326 βασιλέως
1584 1257 1660 1328 μὴ
1695 1256 1841 1312 οὕτω

1948 1257 2131 1321 disset,
2177 1261 2557 1325 cognosceret,
2603 1254 2840 1322 indeque
2873 1253 3086 1308 videret
3125 1254 3259 1323 quid
3295 1255 3350 1309 in
3406 1271 3522 1312 rem

285 1346 546 1417 τρίσεσθαι
591 1347 685 1400 τὸν
726 1348 948 1418 καιρόν
989 1347 1126 1401 ἀλλά
1167 1348 1259 1400 τόν
1301 1365 1364 1401 τε
1408 1349 1841 1419 ἀρχιεπίσκοπον

1948 1349 2242 1404 Romanam
2303 1356 2472 1401 esset.
2531 1345 2867 1414 Respondet,
2921 1346 3055 1399 nulli
3106 1361 3298 1402 eorum
3353 1347 3523 1403 licere

289 1438 783 1508 μετακαλεσάμενον
812 1438 1057 1500 καὶτοὺς
1095 1439 1288 1502 ἄλλους
1319 1441 1600 1512 ἀρχιερεῖς
1637 1444 1664 1496 ὃ
1695 1460 1750 1496 τι
1781 1460 1841 1496 τε

1948 1439 2222 1508 inquirere
2298 1454 2537 1507 quonam
2595 1437 2758 1491 modo
2798 1437 2917 1506 ipse
2955 1438 3181 1491 domum
3217 1454 3396 1501 suam,
3425 1455 3523 1495 seu

286 1533 310 1581 ὁ
326 1531 533 1598 ἐγγονος
547 1530 899 1598 ἀπολογεῖται
916 1531 1168 1597 ἀκοῦσαι,
1193 1535 1288 1585 καὶ
1310 1533 1472 1586 αὑτὸν
1501 1534 1841 1604 σκεψάμενον

1948 1545 2031 1584 res
2077 1529 2406 1583 domesticas
2459 1529 2817 1593 moderetur;
2857 1527 2962 1582 sibi
3016 1527 3162 1581 enim
3197 1543 3345 1583 cura:
3382 1530 3522 1595 lore,

286 1623 339 1685 ἐξ
358 1624 525 1675 αὐτῶν
549 1623 620 1675 τὰ
664 1622 1050 1676 λυσιτελοῦντα
1075 1624 1366 1693 Ῥωμαίοις
1391 1628 1583 1679 ποιεῖν.
1601 1626 1660 1682 ’0
1694 1626 1847 1697 βασι-η

289 1714 399 1775 λεὺς
423 1713 477 1767 δὲ
501 1713 861 1784 ἀπεκρίνατο,
885 1716 1078 1785 μηδενὶ
1098 1715 1264 1768 αὑτὸν
1285 1715 1486 1780 ἐξεῖναι
1518 1719 1839 1791 ἀνερευνᾷν,

287 1804 416 1865 ὅπως
449 1804 515 1858 τὰ
539 1806 663 1857 κατ’
696 1800 850 1858 οῐκσν
884 1807 1192 1876 πράγματα
1230 1807 1504 1875 διεξάγειν
1538 1809 1686 1880 αὐτῷ
1727 1813 1836 1883 γὰρ

293 1895 524 1964 μελήσειν
547 1897 707 1948 ὁπότε
739 1896 835 1950 καὶ
862 1897 1182 1959 δπωςάύτὰ
1216 1898 1327 1952 δέοι
1369 1901 1696 1970 οἰκονομεῖν.
1731 1904 1840 1956 Αύ-

290 1986 367 2039 τδν
395 1986 446 2039 δὲ
471 1989 824 2058 πατριάρχην
866 1989 1014 2051 ὄντα,
1056 1990 1166 2043 τῶν
1197 1991 1679 2060 ἑκκλησιαστικῶν
1724 1996 1840 2050 lxi-

290 2079 425 2132 λευεν
460 2080 676 2150 ἔχεσθαι
715 2083 1050 2151 φροντίδων,
1100 2081 1210 2135 τῶν
1261 2084 1458 2138 κοινῶν
1494 2085 1552 2138 δὲ
1608 2088 1840 2143 καὶτῶν

297 2167 564 2236 βασιλικῶν
620 2171 928 2240 ἀπέχεσθαι
972 2170 1342 2241 πραγμάτων.
1373 2174 1613 2228 Τοιαῦτα
1681 2177 1782 2246 μὲν
1811 2179 1841 2232 ό

296 2255 526 2323 βασιλεὺς
588 2257 833 2328 εῖρηκεν,
868 2258 1115 2329 οἰόμενος
1158 2260 1250 2313 τδν
1291 2265 1642 2335 πατριάρχην
1672 2285 1842 2322 κατα-

203 2423 216 2432 ,
293 2345 548 2432 πτήξαντα
577 2347 704 2409 τοὺς
744 2347 958 2415 λόγους,
1007 2349 1211 2415 μᾶλλον
1252 2350 1319 2404 ἂν
1360 2353 1714 2410 ἀσπάσασθαι
1742 2359 1842 2429 τὴν

294 2431 582 2504 σιωῆνκο
613 2436 696 2500 δὲ,
734 2439 815 2500 είς
841 2441 944 2507 τὴν
970 2439 1268 2508 ὑστεραίαν
1301 2443 1530 2498 τοιαῦτα
1563 2448 1657 2499 καὶ
1681 2447 1843 2513 αὐτὸς

294 2526 553 2593 μεμήνυκε
587 2527 726 2597 πρὸς
767 2526 1028 2596 βασιλέα·
1061 2530 1341 2597 Κράτιστε
1391 2532 1642 2603 βασιλεῦ,
1677 2537 1738 2590 τὸ
1772 2539 1843 2593 τὰ

287 2615 456 2670 δέοντα
493 2621 782 2689 παραινεῖν
818 2620 915 2673 καὶ
944 2621 1341 2690 συμϐουλεύειν
1385 2625 1481 2678 καὶ
1524 2625 1605 2680 ἔτι
1634 2644 1844 2699 προσαο

288 2708 565 2773 ναγκάζειν
605 2711 892 2780 πράττειν,
923 2711 1041 2765 οὗθ’
1099 2712 1242 2766 ἑκὼν
1277 2717 1596 2786 προήσομαι
1653 2720 1842 2788 αὐτὸς,

288 2799 388 2851 οὔτ’
411 2801 576 2868 ἀκων,
622 2802 732 2855 δέει
756 2802 1008 2871 ληφθείς.
1044 2805 1106 2856 El
1133 2805 1180 2858 δ’
1223 2807 1385 2869 αὐτὸς
1415 2809 1639 2882 τοιαύτῃ
1669 2813 1843 2882 συζῆν

287 2892 375 2960 by.)
402 2892 801 2966 ἀπραγμοσύνῃ
841 2896 1033 2960 ἀξιοῖς,
1060 2895 1200 2949 ὥστε
1237 2897 1314 2969 μὴ
1343 2899 1679 2968 φθέγγεσθαι
1714 2905 1844 2975 μήτ’

285 2983 486 3037 ἀκούειν
519 2986 655 3055 μήτε
676 2987 830 3056 δρᾷν,
863 2987 1030 3056 ἐχρῆν
1059 2987 1192 3057 πρὶν
1212 2989 1310 3056 τῆς
1354 2988 1684 3062 Ἐκκλησίας
1712 3012 1846 3064 προ-

1944 1621 2189 1691 quando,
2231 1635 2412 1690 quave
2465 1620 2682 1673 ratione
2730 1620 2851 1673 illas
2883 1619 3239 1674 administret
3268 1635 3284 1674 :
3318 1621 3523 1689 ipsum,

1949 1723 2008 1768 ut
2051 1714 2449 1786 patriarcham,
2482 1714 2894 1769 ecclesiasticas
2943 1723 3383 1776 curas‘versare,
3412 1724 3467 1768 et
3493 1729 3525 1767 a

1943 1805 2190 1876 politicis
2237 1806 2752 1876 imperatorumque
2798 1803 3036 1872 negotiis
3089 1804 3374 1858 abstinere
3425 1805 3526 1858 de-

1944 1897 2099 1952 bere.
2141 1897 2296 1952 Talia
2349 1895 2697 1950 denuntiavit
2748 1895 3073 1964 imperator,
3106 1894 3254 1963 quod
3292 1895 3526 1964 patriar-

1945 1987 2103 2040 cham
2135 2000 2199 2041 ea
2229 1985 2652 2040 denuntiatione
2689 1983 3066 2048 terrel'actum,
3095 1983 3360 2041 libentius
3393 1985 3526 2042 taci-

1946 2085 2133 2131 turum
2162 2077 2470 2132 conlideret
2495 2115 2509 2140 ,
2540 2076 2634 2147 qui
2663 2077 2916 2145 sequenti
2954 2077 3075 2132 luce
3108 2094 3208 2148 per
3234 2079 3524 2132 internun-

1949 2166 2084 2219 tium
2119 2167 2201 2220 sic
2252 2165 2537 2236 respondit
2570 2184 2583 2220 :
2627 2166 2765 2236 Ego,
2798 2167 3106 2236 imperator
3149 2169 3355 2236 optime
3386 2169 3522 2236 (9‘2),

1947 2256 2182 2324 hortari,
2200 2260 2452 2324 suadere,
2471 2266 2526 2312 et
2543 2273 2736 2327 cogere
2756 2258 2982 2326 insuper
3000 2258 3065 2312 ad
3085 2257 3322 2312 cilicium
3347 2276 3526 2327 neque

1945 2349 2156 2412 volens,
2197 2364 2377 2420 neque
2412 2349 2623 2404 invitus
2653 2349 2936 2419 (nimirum
2970 2350 3015 2402 si
3058 2350 3522 2419 comprehendar)

1946 2440 2381 2512 praetermittam.
2418 2440 2574 2508 Quod
2610 2441 2656 2495 si
2703 2449 2756 2496 tu
2802 2440 2858 2494 in
2889 2441 2983 2495 tali
3013 2440 3126 2495 otio
3155 2441 3286 2495 mibi
3319 2441 3526 2512 degen-

1947 2532 2079 2586 dum
2131 2533 2397 2602 Opinare,
2447 2541 2510 2587 ut
2551 2547 2653 2587 nec
2700 2533 2887 2602 lingua
2933 2540 3076 2596 utar,
3126 2547 3230 2586 nec
3275 2533 3526 2597 auribus,

1948 2639 2052 2680 nec
2097 2625 2293 2692 oculis,
2344 2625 2397 2679 id
2450 2624 2587 2678 mihi
2621 2633 2916 2694 antequam
2945 2623 3201 2679 Ecclesiae
3238 2623 3401 2694 hujus
3431 2639 3529 2678 an-

1951 2715 2106 2770 tistes
2128 2715 2358 2785 legerer,
2385 2714 2702 2784 signiﬁcare
2729 2714 2994 2770 debuisti.
3023 2715 3079 2768 Si
3109 2723 3224 2769 tum
3257 2729 3358 2784 ego
3386 2729 3529 2785 quo-

1949 2818 2056 2874 que
2097 2803 2174 2874 gid
2231 2819 2332 2874 pro
2375 2819 2534 2873 aequo
2594 2810 2652 2859 et
2704 2803 2854 2859 bono
2902 2803 3324 2875 probavissem,
3381 2819 3530 2859 nunc

1949 2911 2176 2951 necesse
2230 2895 2490 2951 haberem
2543 2895 2676 2951 boni
2725 2897 3016 2952 consulere
3069 2914 3083 2950 :
3128 2896 3216 2951 sin
3246 2897 3396 2952 aliud
3428 2912 3527 2966 pa-

1953 2987 2248 3042 triarcham
2295 2987 2496 3042 decere
2527 2987 2890 3058 iudicassem,
2921 2987 3101 3054 alteri,
3133 2989 3224 3043 cui
3255 2990 3382 3044 talis
3415 2989 3529 3046 vita

291 3074 474 3144 στάτην
525 3077 918 3146 προϐαλέσθαι,
980 3079 1196 3132 είπείνό
1248 3080 1354 3133 κᾶν
1391 3081 1516 3151 μὲν
1545 3085 1642 3138 καὶ
1692 3085 1841 3158 αὐτῷ

1951 3079 2231 3149 proposita
2293 3077 2518 3144 fuisset,
2569 3079 2828 3135 thronum
2891 3081 3207 3138 cessissem.
3255 3080 3527 3148 Quoniam

295 3184 374 3235 μοι
395 3170 484 3222 καὶ
509 3169 698 3223 δίκαια
724 3170 899 3224 ταύτά
917 3172 1011 3225 καὶ
1039 3173 1419 3228 λυσιτελοῦντα
1448 3176 1644 3245 ἐδόκει,
1684 3180 1844 3252 στέρο

290 3275 396 3325 γειν
416 3257 482 3332 ἦν
509 3262 721 3333 ἀνάγκη
749 3262 880 3317 νῦν·
944 3264 1011 3319 ἂν
1037 3266 1087 3319 δ’
1147 3266 1310 3336 ἕτερα
1350 3269 1601 3338 ἐνόμιζον
1639 3274 1848 3344 προσήο

292 3366 396 3402 κειν
421 3353 757 3424 πατριάρχῃ,
793 3353 1156 3425 παρεχώρουν
1184 3356 1250 3410 ἂν
1277 3357 1363 3409 ἑτέ
1375 3375 1450 3428 ρῳ
1479 3359 1589 3412 τῶν
1611 3361 1840 3429 Θρόνων,

291 3439 417 3494 οὕτω
459 3442 556 3514 ζῇν
590 3447 987 3516 προῃρημένῳ.
1025 3446 1184 3498 Ἐπεὶ
1238 3445 1296 3500 δὲ
1351 3447 1488 3501 Θεοῦ
1550 3449 1736 3520 χάριτι
1778 3452 1840 3505 οὐ

289 3529 386 3581 τῶν
409 3531 578 3601 ὀρθῶν
624 3533 726 3602 τῆς
768 3532 1099 3604 Ἐκκλησίας
1133 3535 1425 3604 δογμάτων
1456 3539 1844 3612 προῦέΰλημαι

295 3623 455 3690 μόνον,
487 3623 617 3677 ἀλλά
653 3624 751 3678 καὶ
796 3625 904 3678 τῶν
938 3623 1316 3697 ἀδικουμένων
1361 3628 1691 3698 προΐσταθαι
1745 3633 1844 3687 καὶ

295 3714 608 3785 ὑπερμαχεῖν
638 3716 889 3786 ἀνάγκην
916 3717 1045 3786 ἔχω.
1082 3714 1194 3781 τοῖς
1224 3721 1436 3773 ἀδικεῖν
1463 3722 1710 3777 ἐθέλουσι
1744 3726 1841 3779 καὶ

294 3805 613 3860 πλεονεκτεῖν
639 3809 700 3860 οὐ
734 3808 1016 3877 παύσομαι
1042 3809 1442 3879 διαφερόμενος
1485 3814 1581 3867 καὶ
1630 3816 1842 3868 ἀντιλέ·

295 3909 412 3961 γων,
440 3897 500 3948 ἀν
540 3915 598 3950 τε
632 3898 743 3951 τῶν
793 3897 1144 3966 φαυλοτάτων
1171 3901 1315 3956 τινὲς
1347 3895 1504 3967 ὦσιν,
1540 3905 1606 3958 ἄν
1635 3922 1696 3958 τε
1731 3908 1840 3962 τῶν

293 3985 681 4059 ύπρλάμπριον
706 3990 799 4042 καὶ
818 3991 898 4052 είς
924 3991 1056 4042 αὐτὸ
1089 3989 1154 4043 τὸ
1183 3992 1488 4062 ἀκρότατον
1517 3997 1840 4069 ἀφιγμένων

291 4079 378 4147 τῆς
403 4080 670 4149 εὐτυχίας,
718 4081 813 4133 καὶ
854 4081 1058 4151 μᾶλλον
1091 4083 1230 4150 πρὸς
1269 4086 1542 4155 ἐκείνους,
1577 4091 1690 4162 ὅσῳ
1738 4096 1838 4148 καὶ

290 4172 352 4221 τά
376 4171 680 4240 ἀδικήματα
711 4171 906 4239 μείζω,
951 4175 1046 4226 καὶ
1091 4175 1228 4250 πρὸς
1263 4177 1520 4241 πλείονας
1567 4180 1838 4252 ἐξάγοντα

291 4260 379 4331 τὴν
427 4262 645 4332 βλάϐην.
684 4264 745 4316 El
785 4263 896 4333 γὰρ
943 4264 1235 4336 μέλλοιμεν
1289 4271 1403 4332 τοῖς
1465 4263 1565 4340 μέν
1621 4281 1842 4348 μικροῖς

294 4354 450 4424 μικρά
483 4372 602 4407 τινα
646 4355 898 4409 ἀδικοῦσι
953 4359 1114 4427 μόνον
1151 4359 1408 4426 ἐγκαλεῖν
1445 4365 1540 4415 καὶ
1588 4366 1688 4435 τὴν
1715 4369 1838 4422 ἀδι-

293 4445 402 4497 κίαν
429 4447 726 4511 ὀνειδίζειν,
767 4450 903 4518 πρὸς
935 4450 990 4502 δὲ
1021 4451 1147 4512 τοὺς
1182 4453 1476 4520 μεγίστους
1505 4457 1602 4511 καὶ
1627 4458 1696 4512 τά
1743 4463 1843 4531 μέ-

289 4550 435 4601 γιστα
464 4538 804 4605 βλάπτοντας
832 4540 1049 4604 ἑκόντες
1073 4541 1226 4603 ὄντες
1257 4541 1343 4596 διὰ
1373 4543 1434 4596 τὸ
1464 4546 1681 4616 ἀξίωμα
1719 4567 1848 4603 σιω-

292 4631 388 4682 πᾶν
433 4635 525 4685 καὶ
592 4632 726 4701 μηδὲ
779 4631 1005 4702 γρύζειν
1062 4633 1294 4704 τολμᾷν,
1352 4635 1508 4688 οὐδὲν
1565 4639 1846 4712 διοίσομεν

292 4722 475 4792 ίατρῶν
504 4724 614 4778 τῶν
643 4726 774 4793 περὶ
802 4725 994 4796 τρίχας
1027 4725 1128 4793 μὲν
1163 4726 1258 4777 καὶ
1297 4727 1498 4797 ὄνυχας
1537 4731 1848 4804 ἡσχολημέ-

289 4832 397 4882 νων,
429 4819 518 4871 καὶ
547 4820 645 4889 τὴν
685 4817 884 4888 τέχνην
915 4819 972 4868 ὲν
999 4818 1186 4880 αὐτοῖς
1219 4817 1715 4890 ἐπιδεικνυμένων,
1750 4826 1848 4880 ἐὰν

1952 3180 2137 3226 autem
2189 3171 2376 3226 divino
2429 3185 2658 3227 munere
2710 3187 2819 3227 non
2861 3173 3039 3228 solum
3085 3188 3398 3242 germanam
3423 3174 3529 3231 Ec-

1952 3263 2134 3318 clesia
2162 3263 2474 3319 doctrinam
2503 3264 2765 3332 defendo,
2800 3266 2894 3321 sed
2933 3267 3101 3322 etiam
3130 3267 3386 3336 iniuriam
3410 3283 3533 3337 pas-

1954 3355 2032 3409 sis
2085 3356 2443 3425 patrocinari,
2484 3371 2788 3427 eorumque
2820 3360 3048 3412 tutelam
3098 3373 3294 3429 gerere
3329 3359 3529 3426 debeo,

1952 3446 2234 3502 adversari
2307 3457 2363 3503 et
2406 3449 2792 3504 contradicere
2844 3449 2932 3504 his
2984 3465 3093 3504 non
3145 3451 3398 3516 cessabo,
3433 3452 3529 3524 qui

1951 3538 2165 3592 deserta
2208 3541 2486 3609 aequitate,
2542 3541 2666 3610 plus
2716 3539 2888 3595 nimio
2919 3540 3026 3595 sibi
3065 3551 3364 3612 arrogant,
3411 3543 3531 3599 sive

1951 3628 2026 3682 illi
2057 3629 2254 3692 infimi,
2291 3631 2408 3685 sive
2447 3629 2607 3702 154
2634 3631 2838 3686 summi
2883 3631 3096 3687 ordinis
3129 3640 3186 3686 et
3219 3633 3529 3690 beatissimi

1951 3720 2179 3775 fuerint.
2232 3720 2414 3791 Atque
2457 3722 2576 3776 istis
2619 3720 2844 3790 quidem
2874 3721 3287 3787 vehementius,
3320 3733 3528 3792 quanto

1949 3813 2211 3868 videlicet
2249 3828 2440 3868 eorum
2492 3813 2708 3884 injuriae
2753 3815 3010 3887 majores,
3059 3824 3115 3869 et
3148 3814 3402 3885 pluribus
3433 3816 3532 3873 de-

1955 3905 2292 3960 trimentosae
2327 3914 2477 3960 sunt.
2522 3906 2580 3959 Si
2621 3906 2769 3960 enim
2812 3907 3082 3960 obscuros
3142 3908 3529 3964 tantummodo

1951 4007 2006 4054 et
2049 3998 2261 4053 modice
2306 3997 2599 4068 injuriosos
2631 3998 2687 4052 in
2727 3997 2818 4068 jus
2842 3997 3186 4064 vocabimus,
3217 4007 3274 4053 et
3311 3999 3531 4069 injusti-

1954 4090 2083 4145 tiam
2112 4088 2221 4144 illis
2245 4087 2722 4156 exprobraDlmus,
2756 4087 3050 4142 adversum
3075 4104 3319 4144 summos
3341 4102 3527 4144 autem

1954 4197 2166 4236 summe
2212 4188 2498 4244 nocentes,
2539 4194 2736 4233 eorum
2786 4179 3136 4250 Splendorem
3177 4179 3529 4238 dignitatem-

1952 4290 2057 4344 que
2082 4273 2328 4337 reveriti,
2365 4273 2564 4328 mutire
2591 4287 2700 4326 non
2733 4272 3084 4336 audebimus,
3122 4271 3258 4326 nihil
3285 4288 3316 4324 a
3352 4271 3530 4325 medi-

1953 4368 2032 4423 cis
2084 4366 2423 4428 diﬂ'eremus.
2470 4364 2565 4435 qui
2605 4363 2660 4418 in
2707 4363 2922 4434 capillis
2952 4372 3008 4416 et
3058 4363 3333 4432 unguibus
3362 4379 3522 4419 occu-

1947 4459 2093 4528 pati,
2131 4473 2283 4511 suam
2336 4456 2408 4511 ibi
2462 4455 2750 4511 scientiam
2789 4462 3088 4510 ostentant.
3132 4455 3229 4509 Sin
3301 4456 3527 4512 morbus

1945 4550 2261 4618 arripuerit,
2292 4550 2386 4618 qui
2421 4557 2594 4602 totum
2622 4544 2828 4601 animal
2855 4547 3071 4616 perdat,
3115 4547 3166 4600 ei
3197 4545 3526 4615 depellenda

1945 4640 2084 4694 nihil
2127 4640 2364 4703 faenum;
2410 4637 2531 4704 sed,
2559 4637 2604 4691 si
2638 4652 2745 4690 una
2776 4651 2902 4691 cum
2939 4635 3062 4689 aliis
3093 4635 3369 4701 sedentes,
3404 4638 3526 4708 ejus

1947 4733 2232 4788 interitqu
2262 4729 2556 4800 aspiciant,
2591 4727 2840 4786 sullicere
2873 4727 3240 4783 arbitrantur.
3269 4729 3381 4784 Nec
3410 4745 3520 4783 mc-

1947 4823 2210 4879 diocriter
2249 4821 2442 4884 miror,
2487 4820 2618 4874 dum
2657 4819 2943 4882 recordor,
2969 4819 3200 4888 jussisse
3231 4827 3304 4884 te,
3339 4827 3398 4872 ut
3434 4835 3523 4874 res

286 4905 342 4969 ei
364 4924 412 4960 τι
438 4910 647 4979 νόσημα
669 4911 1004 4982 παρεμπέσῃ
1033 4909 1111 4980 τῷ
1137 4909 1260 4981 ζὼῳ
1288 4912 1687 4984 λυμαινόμενον
1718 4920 1841 4989 ὅλῳ,

1948 4915 2197 4972 Ecclesiae
2242 4928 2464 4977 curem,
2519 4912 2736 4980 illisque
2779 4909 2910 4964 solis
2952 4925 3162 4978 vacem,
3243 4919 3295 4964 te
3323 4925 3424 4982 pro
3459 4910 3526 4964 li-

292 5000 464 5055 τούτου
507 5004 563 5057 δὲ
627 5003 902 5074 μηδεμίαν
961 5004 1224 5070 πρόνοιαν
1288 5011 1670 5077 ποιουμένων,
1730 5013 1841 5066 ἀλλ’

1948 5003 2130 5059 bidine
2183 5002 2476 5070 imperium
2527 5015 2716 5070 regere
2767 5000 2967 5054 sinam.
2998 4999 3189 5054 Simile
3213 4999 3359 5052 enim
3395 5011 3517 5064 est,

293 5091 588 5162 ἡγουμένων
620 5096 813 5165 ἀρκεῖν
855 5094 969 5162 εἴγε
1019 5095 1115 5149 καὶ
1150 5097 1303 5150 αὐτοὶ
1353 5099 1656 5170 καθήμενοι
1705 5104 1843 5174 μετὰ

1943 5107 2004 5153 ut
2040 5095 2086 5152 si
2115 5111 2317 5168 corpus
2349 5097 2545 5152 anima:
2568 5095 2775 5149 diceret
2806 5113 2819 5148 :
2870 5095 3271 5148 Communione
3303 5103 3358 5148 et
3386 5109 3522 5148 cuu-

294 5182 386 5235 τῶν
417 5185 585 5240 ἄλλων
616 5186 995 5254 ἀπολλύμενον
1047 5187 1242 5257 δρῷεν.
1282 5189 1428 5258 Ἐγὼ
1459 5192 1515 5244 δὲ
1567 5196 1659 5246 καὶ
1702 5199 1841 5250 πάνυ

1948 5192 2222 5262 iunctione
2265 5200 2354 5244 tua
2391 5205 2504 5244 non
2552 5187 2787 5258 indigeo,
2835 5203 3014 5256 neque
3059 5187 3113 5240 in
3148 5185 3314 5242 rebus
3344 5201 3508 5256 aguu~

296 5273 538 5344 θαυμάζω
572 5282 921 5349 μεμνημένος
945 5279 1020 5342 ὡς
1046 5281 1349 5344 ἐκέλευσας
1378 5283 1479 5352 ἐμὲ
1512 5287 1614 5354 μὲν
1643 5287 1712 5340 τὰ
1745 5291 1841 5359 τῆς

1948 5287 2021 5342 dis
2075 5283 2456 5340 administram
2526 5292 2582 5336 et
2628 5278 2951 5350 adiutricem
3003 5277 3270 5343 sustineo,
3326 5295 3516 5336 verum

305 5366 608 5444 Ἑκκλησίας
664 5374 924 5444 πράττειν
977 5375 1235 5445 καὶπερὶ
1289 5376 1430 5430 αὐτὰ
1495 5378 1836 5451 ἠσχολῆσοαι

1937 5398 2035 5454 per
2088 5394 2197 5444 me,
2251 5386 2312 5431 ut
2362 5383 2555 5448 potero
2599 5381 2655 5428 et
2698 5371 2946 5438 voluero,
2987 5371 3207 5439 negotia
3240 5387 3364 5428 mea
3394 5389 3517 5445 ρι-ο-

1494 5502 1709 5564 Jacobi
1754 5503 2016 5567 Pontaui
2054 5508 2239 5564 notae.

351 5594 453 5669 (92)
485 5584 669 5654 Oratio
731 5597 1058 5669 patriarchae
1113 5597 1385 5669 libertatis
1444 5602 1830 5658 ecclesiastica
1937 5613 2044 5667 cat,

1937 5665 2878 5740 'l‘hessalonicamcontaminatum,
2925 5665 3079 5719 aditu
3131 5667 3316 5740 templi
3351 5665 3515 5724 ausus

1939 5750 2024 5798 est
2057 5739 2367 5804 prohibere.
2403 5736 2727 5806 Nicephoru
2763 5735 2859 5790 lib.
2891 5751 2985 5804 xu,
3008 5753 3128 5810 cap.
3157 5737 3244 5795 Ill.

293 5661 580 5727 ple'niSsiiiia
629 5661 750 5728 est:
795 5669 1041 5736 m'hique
1094 5668 1239 5722 illam
1271 5669 1380 5724 divi
1415 5672 1689 5725 Ambrosii
1731 5674 1829 5724 acl-

293 5737 850 5794 tcrsusTlieodosium
900 5739 1214 5793 libertatem
1271 5741 1323 5792 iu
1375 5749 1610 5795 mentem
1674 5757 1828 5794 revo-

2097 5616 2207 5671 qua
2248 5597 2416 5671 illum
2465 5605 2546 5651 tot
2593 5593 2834 5671 caedibus
2907 5592 3313 5671 innocentium
3371 5596 3514 5667 apud
