3952 6204
431 291 538 357 339

1607 295 1641 355 Ι
1647 293 1852 356 OANN
1859 294 1934 354 IS
1971 293 2359 356 CANTACUZ
2371 295 2464 356 EN
2475 293 2501 354 Ι

3520 303 3610 368 340

429 401 668 466 curabo;
709 408 766 456 tu
815 398 911 456 tibi
945 408 1036 455 tua
1081 407 1294 460 curato.
1339 399 1606 472 Omnibus
1641 401 1822 470 itaque
1862 416 1989 470 pec-

2112 402 2258 461 ιόνα,
2289 404 2347 456 σὲ
2379 403 2435 456 δὲ
2470 403 2564 472 sev
2595 401 2740 465 ὅπως
2769 401 2836 456 ἂν
2856 402 2985 472 δοκῇ
3011 403 3076 456 τά
3098 401 3194 473 τῆς
3218 403 3479 473 βασιλείας
3503 410 3614 463 διοι-

433 492 687 548 cantibus
757 505 1051 546 commune
1096 489 1401 544 remedium
1443 491 1600 545 dolor
1643 492 1714 546 de
1755 493 1995 561 peccatis

433 582 826 651 praescribitur,
861 581 976 635 sive
1003 581 1056 634 in
1087 581 1280 644 Deum,
1315 582 1429 636 sive
1467 582 1522 635 in
1550 581 1802 650 homines
1822 581 1997 640 oﬂ‘en—

433 689 554 728 sum
607 672 698 725 sit.
749 670 912 740 Atqui
961 686 1122 726 nemo
1164 671 1478 740 resipiscet,
1529 673 1581 724 tti
1624 672 1775 739 prius
1835 672 1996 740 culpa

435 765 615 834 agnita
665 762 844 830 seipso
897 761 1233 815 moderatior
1259 761 1522 827 evaserit,
1553 760 1632 814 illi
1671 775 1728 814 se
1759 759 1996 814 submit-

438 865 580 915 tens,
628 853 718 922 qui
767 867 825 906 se
873 851 942 906 ab
983 851 1102 920 ipso
1134 851 1318 904 laasum
1348 858 1522 918 putat.
1559 849 1672 903 Hoc
1703 858 1809 912 est,
1848 850 1994 915 quod

434 951 689 1012 nepotem
717 950 870 994 tuum
905 947 961 993 et
993 941 1144 1008 prius
1177 939 1298 1008 plus
1325 953 1506 1006 aequo,
1537 946 1594 993 et
1623 953 1769 992 nunc
1797 952 1998 992 cumu-

436 1033 700 1088 latissime
735 1031 928 1084 fecisse
967 1039 1204 1085 constat.
1247 1027 1380 1082 Nam
1410 1044 1533 1083 cum
1570 1029 1841 1097 potuisset
1867 1037 1999 1084 tunc

434 1138 620 1194 parem
681 1121 1023 1191 principatus
1066 1112 1297 1175 Romani
1349 1127 1560 1188 partem
1623 1119 1720 1172 tibi
1763 1118 1996 1174 ablatam

434 1213 736 1282 possidere,
781 1221 959 1264 tamen
992 1211 1194 1276 noluit,
1248 1209 1343 1263 sed
1391 1209 1490 1262 tibi
1529 1224 1586 1264 se
1627 1209 1882 1278 subjecit,
1914 1208 2000 1262 id-

435 1319 545 1371 que
601 1318 724 1356 cum
789 1301 934 1356 bello
976 1285 1360 1355 ulciscendum
1409 1299 1546 1353 nihil
1594 1299 1934 1368 peccavisset
1983 1316 1996 1350 :

437 1392 693 1462 quodque
743 1399 908 1459 caput
942 1398 1044 1450 est.
1082 1405 1213 1457 pace
1237 1389 1528 1442 conciliata
1557 1387 1626 1441 ad
1665 1396 1716 1442 te
1747 1387 1998 1453 veniens,

437 1485 494 1536 in
560 1498 725 1550 equo,
781 1493 840 1534 ut
875 1489 1016 1542 erat,
1049 1481 1275 1548 propius
1299 1479 1641 1548 adequitare,
1670 1486 1730 1532 ut
1759 1479 2000 1548 impera-

438 1583 586 1625 tores
630 1571 826 1631 solent,
868 1569 1152 1638 pepercit:
1204 1567 1461 1637 pedester
1502 1578 1684 1622 autem
1723 1578 1774 1623 te
1804 1568 2000 1623 adora-

438 1662 537 1725 vit,
570 1672 832 1729 tuumque
861 1661 1080 1728 pedem,
1100 1674 1362 1729 expresso
1388 1659 1747 1728 subjectionis
1771 1659 1994 1723 indicio,

439 1753 714 1806 osculatus
756 1761 861 1805 est.
901 1751 969 1805 Et
1003 1765 1148 1804 nunc
1173 1759 1296 1819 post
1332 1750 1534 1805 bellum
1563 1751 1669 1805 hoc
1698 1750 1996 1805 excitatum
2026 1731 2076 1792 Β

440 1844 630 1896 tandiu
693 1841 868 1908 sedet,
923 1842 1247 1910 suppliciter
1297 1857 1480 1904 orans,
1525 1857 1594 1894 ne
1631 1856 1819 1910 pacem
1859 1841 1998 1895 velis

440 1933 674 1987 irritam.
713 1933 998 2002 Episc0pis
1032 1941 1086 1986 et
1130 1932 1470 2002 primoribus
1495 1933 1593 2004 abs
1619 1941 1668 1986 te
1693 1933 1874 1987 missis
1890 1932 2002 2001 pri-

441 2040 589 2078 mum
621 2023 841 2093 quidem
876 2023 1097 2092 c0piose
1121 2023 1380 2086 ostendit,
1422 2023 1558 2076 nihil
1589 2039 1645 2077 se
1673 2023 1998 2093 injuriarum

440 2113 714 2179 intulisse,
733 2115 862 2184 quin
891 2113 1076 2183 potius
1105 2113 1407 2182 accepisse,
1430 2123 1486 2166 et
1508 2114 2001 2168 obtrectationibus

441 2206 770 2274 exagitatam
795 2204 982 2260 fuisse.
1019 2203 1220 2259 Deinde
1244 2205 1390 2272 pacis
1413 2204 1801 2258 conservanda:
1828 2205 2000 2258 multa

443 2296 581 2350 dixit
641 2295 881 2363 fecitque
926 2294 1319 2358 memorabilia,
1369 2303 1425 2348 et
1453 2294 1623 2348 multa
1651 2294 1717 2347 ad
1747 2303 1798 2348 te
1828 2293 2006 2362 perfe-

441 2386 615 2443 renda
665 2386 978 2451 commisit;
1033 2385 1235 2456 quibus
1277 2385 1504 2450 auditis,
1555 2394 1611 2439 et
1644 2385 1758 2440 Deo
1803 2385 2004 2454 gratias

440 2479 552 2551 egi.
593 2478 686 2549 qui
731 2477 822 2533 tali
858 2493 983 2532 eum
1035 2476 1330 2546 prudentia
1371 2485 1637 2541 ornasset,
1689 2483 1745 2529 et
1780 2475 1846 2529 de
1875 2491 2004 2544 pro-

443 2571 615 2626 bitate
652 2569 906 2624 eumdem
939 2568 1311 2624 commendavi
1349 2584 1363 2622 :
1391 2572 1467 2622 'ac
1499 2575 1551 2621 te
1576 2566 1768 2622 iisdem
1801 2566 2004 2620 auditis

444 2663 558 2718 Deo
595 2662 797 2732 gratias
835 2661 1011 2731 egisse
1041 2659 1327 2730 opinabar,
1365 2657 1520 2728 155
1560 2657 1850 2726 missisque
1888 2671 2008 2711 cer-

445 2753 518 2807 tis
550 2751 889 2814 hominibus,
925 2750 1095 2805 lilium
1124 2748 1192 2802 ad
1227 2757 1279 2802 te
1306 2747 1711 2817 quamprimum
1732 2745 2008 2800 adducen-

447 2843 579 2898 dum
613 2841 889 2896 curavisse
911 2879 927 2904 ,
967 2840 1110 2894 mala
1145 2839 1486 2893 imminentia
1517 2837 1856 2907 profligasse,
1890 2850 2008 2889 om-

445 2949 548 2989 nes
589 2932 775 2986 lretitia
816 2943 872 2988 et
910 2931 1258 3002 iucunditate
1298 2931 1520 2999 propter
1568 2929 1808 2982 futuram
1859 2927 2008 2981 inter

448 3038 550 3078 vos
589 3021 944 3077 concordiam
979 3021 1363 3091 complevisse.
1397 3020 1466 3074 At
1491 3028 1545 3074 tu
1571 3036 1681 3074 non
1714 3019 1876 3072 modo
1904 3017 2007 3071 bo-

450 3127 572 3165 rum
620 3110 757 3164 nihil
799 3110 1100 3180 praestitisti
1155 3125 1171 3176 ;
1229 3109 1326 3164 scd
1360 3109 1587 3180 insuper
1618 3109 1879 3177 frugifera
1923 3122 2008 3162 me

449 3200 826 3256 consulentem
863 3201 1135 3270 repulisti,
1170 3209 1223 3254 et
1258 3209 1456 3263 tacere,
1491 3199 1797 3265 alienisque
1845 3212 2012 3266 nego-

451 3292 546 3348 tiis
594 3307 705 3346 non
754 3292 1060 3348 immiscere
1105 3292 1338 3362 jussisti.
1377 3290 1512 3346 Cum
1548 3301 1727 3344 autem
1768 3289 2012 3343 muneris

450 3398 517 3438 ac
565 3381 726 3437 ollicii
774 3382 878 3436 mei
912 3383 984 3437 sit
1043 3397 1336 3452 oppressos
1379 3381 1520 3437 tueri
1563 3389 1727 3450 atque
1749 3377 2011 3452 adjuvare

449 3487 718 3548 quantum
765 3492 984 3547 queam,
1029 3477 1264 3548 idipsum
1315 3492 1415 3546 pro
1462 3488 1663 3546 nepote
1709 3485 1802 3530 tuo
1837 3476 2012 3544 impe-

451 3577 635 3622 ratore
669 3567 962 3637 praestabo,
1007 3575 1266 3637 tantoque
1297 3567 1470 3636 magis
1489 3566 1782 3635 praestabo,
1803 3573 2010 3634 quanto

451 3658 552 3713 abs
600 3667 651 3714 te
693 3657 940 3728 iniquius
987 3667 1255 3713 tractatus
1299 3666 1430 3714 est:
1471 3672 1633 3728 quam
1665 3657 2011 3725 iniquitatem

453 3765 564 3804 non
594 3749 686 3804 ille
717 3749 900 3814 modo,
936 3748 1030 3804 sed
1065 3749 1431 3804 Romanorum
1463 3748 1790 3803 universitas
1820 3745 2009 3802 sentit.

452 3838 627 3907 Quem
669 3855 771 3910 ego
819 3840 1024 3908 (minus
1065 3839 1212 3894 istuc
1251 3854 1415 3910 quam
1461 3850 1658 3894 caetera
1699 3838 1865 3892 silere
1893 3852 2015 3908 pos—

453 3931 597 4004 sum)
635 3941 728 3987 tuo
757 3931 1016 3987 mandato
1049 3933 1214 4002 paulo
1241 3941 1368 3987 ante
1395 3931 1532 3986 meis
1556 3930 1810 3986 manibus
1837 3929 2013 3998 impc-

454 4032 718 4088 ratorem,
773 4025 910 4078 adeo
955 4023 1200 4094 legitime
1267 4030 1322 4076 et
1360 4024 1524 4093 juste,
1570 4031 1622 4076 te
1654 4020 2015 4076 libentissimo

455 4114 582 4168 unxi
621 4125 676 4168 et
702 4114 1045 4178 consecravi,
1081 4129 1207 4166 eum
1245 4128 1392 4167 nunc
1428 4112 1526 4166 abs
1557 4121 1608 4166 te
1637 4112 1714 4165 sic
1745 4111 1893 4164 nulla
1917 4125 2014 4164 sua

455 4205 615 4274 culpa
661 4205 878 4273 expelli,
915 4205 1190 4274 quomodo
1218 4205 1425 4274 justum
1462 4203 1580 4256 est?
1619 4211 1713 4255 aut
1740 4201 2016 4270 quomodo

455 4310 564 4348 non
622 4293 807 4346 multis
864 4291 1180 4362 perdendus
1234 4306 1410 4346 essem
1461 4291 1804 4352 fulminibus,
1859 4289 1904 4342 si
1958 4287 2015 4340 in

2097 496 2232 546 κεῖν.
2285 493 2678 563 Παραπλήσιον
2712 493 2820 561 γάρ
2873 495 3021 545 ἐστιν
3054 492 3254 564 ὥσπερ
3279 496 3340 548 ἂν
3385 498 3509 566 πρὸς
3534 501 3616 570 τὴν

2095 582 2274 652 ψυχὴν
2304 583 2448 636 εἴποι
2477 583 2539 636 τὸ
2571 584 2751 653 σῶμα,
2785 584 2861 637 Ού
2895 584 3089 652 δέομαι
3119 586 3216 654 τῆς
3249 589 3513 652 κοινωνίας
3536 595 3616 644 καὶ

2099 673 2202 741 τῆς
2252 673 2550 741 συναφείας
2593 673 2695 741 τῆς
2747 676 2864 742 σῆς,
2926 674 3046 726 οὐδὲ
3096 675 3352 744 συνεργὸν
3407 677 3529 746 πρὸς
3563 681 3620 731 τὰ

2097 767 2450 837 πραττόμενα
2507 766 2765 836 βούλομαι
2791 765 2960 835 ἔχειν.
3004 767 3142 818 ’Δλλ’
3178 766 3286 834 ἐγὼ
3315 767 3405 836 μὲν
3437 768 3503 830 ώς
3527 765 3620 822 οἶόν

2095 853 2210 930 τεῇ
2246 860 2345 912 καὶ
2381 857 2676 927 βούλωμαι,
2697 856 2959 924 διοικήσω
2985 858 3134 926 τὶμά
3157 874 3172 891 ο
3219 859 3282 911 σὺ
3313 858 3366 910 δὲ
3399 860 3621 929 φρόντιζε

2100 952 2230 1019 περὶ
2264 949 2372 1002 τῶν
2406 950 2570 1002 ίδίων.
2605 949 2746 1002 Πᾶτι
2793 951 2892 1016 μὲν
2925 948 3020 1002 οὖν
3064 946 3424 1017 ἁμαρτάνουσι
3456 947 3623 1017 ὥσπερ

2099 1059 2152 1094 τι
2189 1040 2370 1094 κοινὸν
2397 1039 2688 1108 φάρμακον
2715 1037 2779 1091 τδ
2807 1039 3089 1107 μετανοεῖν
3120 1036 3212 1089 ἐπὶ
3242 1039 3351 1099 τοῖς
3400 1037 3626 1106 πεπλημ-
3718 1100 3723 1106 _

2103 1131 2426 1200 μελημένοις
2453 1129 2632 1197 ἐδόθη.
2661 1128 2728 1182 ἀν
2779 1145 2837 1180 τε
2888 1127 3024 1195 πρὸς
3053 1127 3184 1180 Θεὸν
3211 1126 3275 1181 ἀν
3293 1143 3349 1179 τε
3386 1126 3512 1195 πρὸς
3540 1128 3625 1180 ἀνο

2101 1222 2352 1294 θρώπους
2379 1223 2411 1290 ή
2452 1219 2796 1289 πλημμέλεια
2823 1216 2882 1288 ᾗ.
2913 1219 3029 1272 Ούκ
3062 1218 3128 1270 ἂν
3159 1217 3214 1271 δὲ
3253 1217 3531 1287 μεταγνοίη
3554 1235 3628 1280 τις

2102 1313 2169 1368 ἀν
2202 1310 2277 1380 μὴ
2305 1310 2570 1379 πρότερον
2600 1307 2904 1362 ὑπεύθυνον
2948 1306 3176 1375 νομίσας
3201 1306 3390 1358 ἑαυτὸν
3421 1305 3629 1375 μετριώο

2100 1404 2260 1474 τερός
2289 1419 2348 1454 τε
2383 1400 2608 1470 γένηται
2632 1399 2845 1464 ἑαυτοῦ,
2869 1400 2962 1452 καὶ
2990 1397 3170 1467 φέρων
3202 1399 3386 1452 ἑαυτὸν
3409 1398 3481 1467 τῷ
3513 1399 3626 1467 παρ’

2103 1497 2270 1550 αὐτοῦ
2303 1493 2547 1548 δοκοῦντι
2568 1491 2862 1562 ἠδικῆσθαι
2886 1490 3202 1560 ὑποχείριον
3231 1491 3445 1562 ποιήσῃ.
3483 1487 3632 1540 Τοῦτο

2100 1587 2283 1642 τοίνυν
2313 1583 2566 1655 βασιλεὺς
2599 1584 2628 1635 ὁ
2664 1584 2756 1644 σὸς
2775 1580 2999 1649 ἔγγονος
3028 1579 3295 1650 πρότερόν
3323 1596 3381 1632 τε
3411 1579 3633 1647 φαίνεται

2101 1677 2355 1746 ποιήσας,
2380 1675 2476 1728 καὶ
2503 1671 2702 1742 μᾶλλον
2727 1670 2760 1739 ἢ
2790 1669 3058 1740 προσῆκε,
3089 1669 3183 1722 καὶ
3204 1668 3296 1721 νῦν
3319 1668 3413 1738 ούχ
3435 1668 3633 1737 ἥκιστα.

2107 1764 2217 1818 Kal
2249 1763 2356 1832 γὰρ
2382 1763 2504 1815 τότε
2539 1759 2838 1830 δυνάμενος
2892 1759 3058 1828 εῐπερ
3089 1757 3349 1827 ὴὸούλετο
3397 1757 3491 1824 τῆς
3524 1754 3638 1808 Ῥω-

2111 1858 2286 1926 μαίων
2316 1852 2615 1922 ἡγεμονίας
2667 1851 2768 1903 οὐκ
2815 1849 3037 1903 ἔλαττον
3088 1849 3252 1918 μέρος
3297 1846 3637 1912 παρασπάσας

2108 1946 2273 2014 ἔχειν,
2326 1942 2424 1994 ούκ
2468 1939 2771 2009 ἠθέλησενο
2801 1937 2939 1990 ἀλλά
2989 1937 3173 2007 φέρων
3205 1936 3395 1989 ἑαυτὸν
3437 1933 3636 1998 ἐπέταξε

2109 2054 2212 2092 σοι.
2250 2033 2547 2088 καὶταῦτα
2591 2030 2866 2100 μηδεμίαν
2908 2029 3092 2082 αἰτίαν
3131 2028 3268 2096 πρὸς
3305 2027 3395 2080 τὸν
3426 2027 3636 2093 πόλεμον

2108 2129 2315 2182 ἐκεῖνον
2339 2122 2656 2193 παρασχών.
2687 2122 2799 2174 Καὶ
2823 2121 2883 2174 τὸ
2913 2123 3189 2190 μέγιστον,
3219 2120 3300 2172 ὅτι
3328 2119 3426 2187 τῆς
3447 2117 3641 2186 εἰρήνης

2107 2218 2431 2288 γενομένης,
2467 2214 2605 2282 πρὸς
2653 2211 2713 2265 σὲ
2764 2211 2957 2275 ἐλθὼν,
2999 2211 3099 2264 υύκ
3129 2209 3394 2281 ἠθέλησεν
3434 2205 3642 2274 ῐφιππός

2110 2327 2190 2363 σοι
2213 2304 2550 2378 προσελθεῖν,
2589 2300 2778 2370 ὥσπερ
2812 2300 2977 2369 νόμος
3005 2301 3120 2362 τοῖς
3171 2295 3494 2366 βασιλεῦσιν,
3529 2290 3646 2344 ἀλλά

2111 2396 2249 2467 πεζῇ
2280 2412 2341 2448 τε
2378 2391 2755 2464 προσεκύνησε
2799 2389 2894 2442 καὶ
2925 2387 3217 2458 ἠσπάσατό
3267 2403 3357 2439 σου
3389 2385 3475 2438 τὸν
3505 2379 3642 2441 πόδα,

2110 2489 2248 2558 ὅπερ
2277 2484 2521 2544 δουλείας
2545 2479 2808 2549 ἀκριϐοῦς
2837 2481 3140 2549 τεκμήριον
3187 2475 3276 2548 ἦν.
3305 2478 3412 2531 Καὶ
3451 2473 3539 2528 νῦν
3564 2469 3643 2524 τοῦ

2111 2578 2346 2648 πολέμου
2382 2575 2701 2643 κινουμένου
2719 2571 2954 2636 τουτουί,
2988 2571 3247 2625 τοσοῦτον
3277 2569 3458 2640 χρόνον
3499 2562 3649 2629 καθή·

2113 2687 2274 2742 μενος
2304 2666 2478 2722 δεῖταί
2506 2683 2602 2718 σου
2637 2663 2712 2734 μὴ
2737 2663 2832 2734 τὴν
2863 2664 3088 2734 είρήνην
3109 2661 3434 2716 καταλῦσαι.
3465 2655 3647 2742 Ἔλθὸνο

2112 2739 2221 2811 των
2253 2755 2313 2809 δὲ
2370 2752 2464 2806 καλ⁵
2516 2752 2627 2804 τῶν
2653 2750 2959 2821 ἀρχιερέων
3017 2748 3113 2802 καὶ
3174 2743 3542 2816 συγκλητικῶν
3568 2739 3648 2802 οὓς

2113 2844 2365 2916 ῑπεμψας
2390 2842 2527 2913 πρὸς
2559 2841 2744 2907 αὑτὸν,
2775 2840 2996 2910 πρῶτον
3023 2840 3124 2910 μὲν
3177 2838 3456 2905 ἀπέδειξεν
3483 2831 3648 2888 ἑαυτὸν

2117 2937 2285 3009 μηδὲν
2312 2932 2606 2988 ἀδικοῦντα
2660 2930 2801 3002 μετά
2847 2929 3048 2983 πολλοῦ
3087 2929 3187 2984 τοῦ
3225 2927 3515 2998 περιόντος,
3551 2918 3648 3009 cur

2114 3007 2468 3096 ἀδικούμενον
2524 3025 2620 3077 καὶ
2683 3019 3221 3090 συκοφαντούμενον,
3262 3019 3445 3072 ἔπειτα
3489 3014 3541 3068 δὲ
3570 3007 3653 3065 καῖ

2110 3118 2204 3172 τοῦ
2267 3116 2342 3188 μὴ
2393 3115 2622 3183 λυθῆναι
2708 3111 2808 3183 τήν
2864 3112 3088 3182 εἰρήνην
3139 3107 3268 3162 είπὲ
3300 3126 3357 3162 τε
3395 3104 3552 3159 πολλά
3571 3101 3652 3154 καὶ

2112 3211 2348 3282 ἔπραξεν
2377 3209 2504 3274 ἀξια
2529 3209 2690 3276 λόγου
2716 3220 2730 3236 °
2765 3206 2862 3260 καὶ
2908 3203 3046 3274 πρὸς
3077 3203 3136 3256 σὲ
3175 3205 3452 3274 μεμήνυκε
3481 3196 3649 3258 πολλὰ,

2111 3301 2255 3372 ἅπερ
2309 3300 2471 3362 αὑτός
2522 3316 2583 3352 τε
2617 3299 2855 3359 ἀκούσας
2887 3294 3004 3364 Θεῷ
3051 3311 3112 3346 τε
3173 3294 3532 3364 εὐχαρίστησα
3584 3285 3652 3352 τῷ

2112 3391 2370 3461 τοιαύτην
2422 3388 2571 3459 αὐτῷ
2630 3387 2845 3441 σύνεσιν
2889 3384 3273 3456 χαρισαμένῳ,
3331 3383 3421 3436 καὶ
3471 3381 3652 3434 ἐκεῖνον

2113 3484 2354 3555 ἐπῄνεσα
2376 3483 2476 3549 τῆς
2495 3479 2922 3547 καλοκαγαθίας,
2951 3478 3045 3531 καὶ
3073 3478 3130 3530 σὲ
3149 3476 3478 3545 ἐλογιζόμην
3501 3470 3653 3526 ταῦτα

2114 3577 2442 3645 πυθόμενον,
2476 3570 2598 3641 Θεῷ
2629 3587 2690 3624 τε
2739 3569 2901 3639 χάριν
2927 3567 3270 3636 ὁμολογῆσαι
3309 3568 3401 3620 καὶ
3441 3563 3528 3617 τὸν
3553 3561 3654 3612 υίίρν

2114 3665 2407 3736 πέμψαντα
2434 3662 2521 3715 διὰ
2543 3660 2736 3730 τάχους
2765 3658 2996 3728 ἀγαγεῖν
3025 3657 3170 3726 πρὸς
3207 3654 3454 3718 σεαυτὸν,
3477 3651 3567 3705 καὶ
3594 3646 3655 3700 τὰ

2116 3753 2546 3825 προσδοκώμενα
2593 3748 2833 3819 δυσχερῆ
2865 3747 3049 3811 λῦσαι,
3091 3749 3190 3800 καὶ
3240 3743 3568 3814 εὐφροσύνης
3598 3737 3654 3790 ἀ-

2115 3862 2324 3908 παντας
2367 3843 2463 3897 καὶ
2493 3841 2762 3910 θυμηδίας
2806 3839 3087 3907 ὲμπλῆσαι
3143 3837 3244 3908 τῆς
3275 3837 3368 3889 ἐπὶ
3395 3835 3458 3902 τῇ
3487 3830 3655 3901 είρήνῃ

2115 3940 2221 3994 τῶν
2247 3935 2511 4007 βασιλέων
2537 3935 2694 4004 ήμῶν
2727 3929 3118 4000 γενησομένης.
3141 3926 3216 3982 Σὺ
3240 3927 3287 3982 δ’
3310 3928 3371 3980 οὐ
3398 3926 3550 3997 μόνον
3570 3920 3659 3974 ούκ

2117 4032 2382 4099 ἐποίησας
2433 4025 2672 4079 τοιοῦτον
2714 4023 2887 4087 οὐδὲν,
2923 4021 3060 4076 ἀλλά
3113 4023 3213 4074 καὶ
3261 4020 3360 4090 ἐμὲ
3385 4020 3452 4073 τὰ
3490 4016 3660 4068 δέοντα

2119 4118 2560 4191 συμϐουλεύοντα
2594 4115 2824 4178 ἀπώσω,
2875 4115 2972 4168 καὶ
2999 4113 3212 4182 σιωπᾷν
3239 4111 3548 4169 ἐκέλευσας,
3576 4103 3660 4156 καὶ

2124 4210 2198 4280 μὴ
2255 4204 2724 4279 περιεργάζεσθαι
2779 4203 2847 4256 τὰ
2898 4203 2973 4272 μὴ
3023 4204 3394 4272 προσήκοντα.
3434 4199 3580 4266 Ἐμοὶ
3611 4193 3663 4245 δὲ

2119 4303 2367 4374 ἀνάγκην
2411 4298 2586 4368 ἔχοντι
2638 4295 2745 4347 τῶν
2777 4292 3145 4363 ἀδικουμένων
3177 4289 3540 4363 προΐστασθαι
3580 4283 3664 4374 καλ

457 4392 608 4436 tanto
651 4383 858 4438 scelere
898 4382 1140 4451 linguam
1189 4380 1470 4434 occlusum
1513 4380 1795 4449 gererem?
1835 4378 2009 4444 Quare

2123 4372 2337 4458 βοηθεῖν
2368 4386 2556 4449 αὐτοῖς
2601 4385 2701 4452 ὅση
2729 4383 2983 4452 δύναμις,
3013 4384 3108 4434 καὶ⁵
3143 4383 3284 4452 ὑπὲρ
3331 4379 3584 4452 βασιλέως
3612 4372 3664 4424 τὸ

456 4473 637 4526 denuo
661 4480 712 4525 te
745 4487 840 4540 per
875 4472 1045 4541 ipsam
1083 4471 1372 4525 veritatem
1405 4470 1659 4531 obsecro,
1687 4477 1747 4523 ut
1769 4469 1821 4523 in
1848 4468 2010 4532 viain,

460 4562 604 4616 unde
651 4576 1033 4630 perversorum
1087 4561 1402 4616 mortalium
1450 4575 1618 4629 opera
1652 4561 1901 4614 detortus
1925 4575 2016 4624 es,

457 4653 569 4706 cito
619 4651 814 4706 redeas
841 4669 860 4709 ι
889 4667 1029 4708 neve
1062 4652 1410 4708 mendacium
1438 4653 1656 4706 veritati
1693 4651 2019 4721 praeponde-

461 4757 584 4796 rare
631 4741 798 4796 sinas.
840 4741 964 4796 Hiec
1003 4743 1317 4813 patriarcha
1359 4743 1701 4813 imperatori,
1732 4743 2021 4797 internun-

379 4831 390 4840 '
461 4832 554 4888 tiis
604 4831 866 4904 Gregorio
915 4833 1110 4890 Cutala
1153 4835 1611 4906 chartOphylacc,
1654 4845 1708 4888 et
1749 4843 2023 4889 monaste-

461 4925 669 4978 riorum
723 4925 953 4994 praeside
983 4925 1296 4996 Cyberiota.
1332 4925 1462 4992 Quae
1491 4941 1613 4980 cum
1646 4926 1911 4993 audisset,
1945 4926 2028 4979 in-

464 5014 733 5068 tolerabili
777 5015 856 5069 ira
885 5015 1162 5081 eﬂerbuit,
1197 5018 1568 5086 praecepitque
1603 5017 1726 5070 illos
1753 5017 1806 5070 in
1837 5032 2024 5072 carce-

462 5120 576 5158 rcnt
608 5106 788 5160 statim
831 5108 1060 5173 abduci,
1096 5107 1386 5161 Macarium
1433 5107 1716 5162 Serrarum
1747 5116 2026 5176 metropo-

461 5191 614 5248 litam
661 5194 715 5250 in
767 5198 974 5266 palatio
1012 5199 1116 5253 sub
1151 5199 1398 5253 custodia
1431 5201 1628 5264 teneri,
1661 5198 2025 5268 patriarcham

461 5285 798 5353 patrial-chio
826 5289 1082 5358 ejectum,
1103 5287 1159 5342 in
1188 5287 1538 5358 Manganensi
1561 5287 1892 5344 monasterio
1915 5301 2030 5340 ma-

462 5391 593 5430 nere
640 5377 773 5446 (93),
827 5385 883 5432 ct
934 5379 1002 5433 ad
1056 5395 1181 5434 eum
1225 5381 1500 5436 neminem
1554 5394 1780 5449 prorsus
1829 5378 2028 5432 admit-

2117 4480 2248 4534 αὐτὸ
2292 4477 2537 4548 ποιήσω’
2569 4478 2664 4530 καὶ
2695 4474 2894 4546 μᾶλλον
2945 4473 3084 4545 ὑπὲρ
3113 4476 3330 4537 τούτου,
3351 4474 3459 4543 ὅσῳ
3485 4467 3575 4524 καὶ
3606 4463 3667 4516 τὰ

2125 4573 2361 4644 μέγιστα
2401 4569 2703 4623 ἀδικεῖται·
2737 4566 2832 4620 καὶ
2864 4566 2964 4620 οὐκ
3011 4568 3092 4629 είς
3139 4566 3305 4618 αὑτὸν
3359 4567 3535 4635 μόνον,
3563 4550 3665 4613 ἀλλ*

2121 4663 2204 4725 είς
2235 4661 2444 4721 πάντας
2483 4656 2790 4728 Ῥωμαίους
2820 4659 2921 4726 τῆς
2968 4656 3048 4718 εἰς
3110 4655 3279 4709 αὐτὸν
3329 4653 3540 4714 ἀδικίας
3566 4649 3670 4702 δια-

2123 4749 2450 4818 ϐαινούσης·
2485 4746 2512 4799 ὃ
2538 4747 2592 4799 δέ
2623 4762 2691 4815 με
2717 4744 2825 4798 τῶν
2860 4743 3035 4798 ἄλλων
3082 4744 3285 4814 μᾶλλον
3318 4744 3419 4798 ούκ
3451 4743 3513 4811 ἑᾷ
3551 4754 3671 4791 σιω-

2124 4841 2252 4909 πᾷν,
2285 4839 2367 4892 ὃτι
2420 4853 2518 4890 σου
2547 4835 2955 4906 προστάξαντος
3011 4835 3178 4903 ὀλίγῳ
3212 4835 3478 4904 πρότερον
3521 4826 3670 4889 αὐτὸς

2122 4929 2291 4983 αὐτὸν
2316 4927 2511 4998 ἔχρισα
2542 4927 2791 4996 βασιλέα.
2841 4927 2947 4980 Τὸν
2977 4922 3068 4980 οὖν
3096 4925 3240 4980 οὕτω
3290 4925 3536 4996 νομίμως
3586 4919 3670 4974 καὶ

2123 5018 2348 5077 δικαίως
2376 5018 2470 5070 καὶ
2501 5017 2644 5070 κατά
2670 5017 2898 5088 γνώμην
2927 5021 3027 5090 σὴν
3050 5022 3418 5091 γεγενημένον
3462 5013 3671 5089 βασιλέα

2124 5109 2219 5164 νῦν
2254 5107 2676 5174 ἀπελαύνεσθαι,
2714 5109 2810 5164 καὶ
2848 5111 3019 5166 ταῦτα
3064 5114 3151 5166 ἐπ’
3201 5112 3429 5183 οὐδεμιᾷ
3470 5103 3672 5180 προφά·

2125 5215 2231 5265 σει,
2272 5200 2374 5252 πού
2419 5200 2659 5262 δίκαιον;
2703 5201 2885 5273 ἥπῶς
2935 5205 3036 5258 οὐκ
3081 5204 3147 5256 ἂν
3176 5203 3491 5273 νομισθείην
3532 5199 3672 5264 ἄξιος

2125 5287 2336 5340 πολλῶν
2370 5289 2674 5357 κεραυνῶν,
2699 5289 2793 5342 ἐπὶ
2832 5291 3060 5364 τοιαύτῃ
3107 5293 3424 5363 παρανομίᾳ
3459 5283 3672 5342 σιωπῶν

2124 5378 2320 5442 αύτός;
2357 5379 2456 5430 Διὰ
2512 5379 2669 5432 τοῦτο
2729 5380 2824 5434 σοῦ
2862 5382 2952 5434 καὶ
3000 5378 3154 5444 αὖθις
3187 5381 3376 5452 δέομαι
3420 5379 3554 5450 πρὸς
3580 5374 3672 5443 τῆς

1700 5492 1916 5555 Jacobi
1959 5493 2220 5553 Pontani
2250 5501 2436 5556 notua.

537 5588 648 5663 (θῆ)
703 5589 816 5646 Hoc
865 5592 1042 5663 ipsum
1073 5607 1300 5663 narrans
1327 5591 1596 5663 Gregoras
1626 5593 1723 5646 lib.
1755 5607 1831 5663 ix,
1885 5606 2019 5663 con-

467 5655 801 5730 jurationem
859 5655 1182 5730 patriarcha:
1223 5673 1275 5719 et
1321 5655 1704 5731 episcoporum
1751 5661 1805 5714 in
1838 5661 2030 5728 _senio~

2131 5607 2242 5646 rem
2276 5593 2657 5661 imperatorem
2682 5592 2980 5660 praimittit,
3011 5591 3065 5647 itt
3089 5607 3251 5661 quam
3273 5590 3438 5661 etiam
3467 5584 3670 5661 nobiles

2138 5658 2480 5717 adduxerim.
2526 5658 2791 5718 Praeterea
2841 5658 3210 5722 natriarcliam
3297 5658 3465 5716 sacris
3512 5658 3672 5711 inter-
