3952 6204
200 299 277 360 311
1335 274 1884 342 HISTORIARUM
1924 269 2155 334 LIBER
2203 269 2254 330 Ι.

3311 249 3421 314 312

195 409 430 480 ἀληθείας
461 407 656 477 αὐτῆς,
687 406 741 460 ετ
785 422 837 460 τι
877 407 971 460 καὶ
1004 405 1326 476 παρεσύρης
1358 402 1610 462 πεισθεὶς
1645 401 1739 454 ἀν-
1774 401 1788 453 1

1913 387 2348 460 (94):prol’ectos
2363 396 2497 440 vero
2527 381 2594 436 ad
2627 388 2882 448 nepotem
2909 376 3416 446 episeopos,neque

196 503 414 573 θρώποις
441 498 780 569 διεφθορόσι,
809 499 1033 567 ταχεῖαν
1085 495 1420 567 ποιήσασθαι
1458 493 1559 562 τὴν
1594 491 1742 557 διόρ-

1847 487 1994 556 ipsos
2005 483 2214 536 aedibus
2235 478 2347 535 suis
2372 477 2565 547 pedem
2585 473 2801 533 cﬂ'erre,
2817 483 2994 536 neque
3011 467 3074 520 ad
3093 465 3216 517 illos
3233 475 3420 529 quem—

201 554 366 649 Oiimv.
396 592 486 645 καὶ
511 549 583 661 pri)
610 549 687 659 τῷ
717 549 914 660 ᾡέύδεῖ
934 590 1078 643 κατὰ
1104 549 1212 658 τῆς.
1233 587 1494 656 ἀληθείας
1515 549 1743 654 ¹ἰσχύσαι

1891 590 2009 629 nam
2055 573 2349 628 ventitare.
2393 567 2559 622 Facta
2606 562 2673 617 ad
2729 563 2848 630 ejus
2886 555 3176 610 arbitrium
3210 549 3416 604 omnia.

200 683 360 737 δοῦναι
385 684 573 752 ῥοπήν.
617 681 856 735 Τοιαῦτα
887 681 986 749 μὲν
1010 682 1039 734 6
1072 680 1424 750 πατριάρχης
1457 676 1743 750 μεμήνυκε

205 776 318 844 πρὸς
347 772 596 843 βασιλέα,
636 774 907 842 μηνυταῖς
940 772 1290 840 χρησάμενος
1336 767 1412 837 τῷ
1440 783 1500 819 τε
1532 781 1746 836 χαρτο-

205 866 385 935 φύλακι
415 863 705 935 Γρηγορίῳ
733 863 813 934 τῷ
875 862 1151 932 Κουτάλῃ.
1184 861 1282 913 καὶ
1318 858 1396 930 τῷ
1428 858 1539 910 τῶν
1585 872 1750 925 μοναο

1849 671 2054 727 Diebus
2099 663 2414 737 quindecim
2451 676 2480 715 a
2508 672 2731 714 recessu
2763 656 3072 722 legatorum
3102 639 3421 702 transactis,

1850 779 1974 818 cum
2007 775 2187 830 neque
2220 757 2288 811 ab
2325 770 2452 817 avo,
2493 765 2677 820 neque
2702 764 2731 802 a
2762 742 3071 815 patriarcha
3100 745 3430 806 responsum

1851 853 2163 912 aﬂerretur,
2205 847 2340 902 nihil
2390 843 2520 899 boni
2579 857 2644 894 ex
2697 839 2804 892 hoc
2854 832 3075 890 silentio
3123 826 3439 896 conjiciens.

207 929 417 1027 empimv
458 929 699 1026 ’ἄρχοντι
747 929 828 1022 τὶς)
889 929 1239 1024 Κυϐεριιθτῃ.
1297 929 1568 1012 Ἀκούσας
1611 949 1669 1002 δὲ
1721 947 1750 998 6

1891 944 2068 1005 llliOl‘,
2125 955 2250 995 cum
2295 950 2494 1006 magno
2553 929 2856 986 domestico
2914 933 2969 978 et
3026 929 3423 992 protostratore

211 1049 455 1120 βασιλεὺς.
487 1046 652 1116 θυμῷ
687 1063 749 1100 τε
785 1045 993 1116 ἐλήφθη
1034 1044 1219 1097 οὐκέτι
1287 1040 1625 1110 ἀνασχετῶς,
1658 1038 1752 1092 καὶ

210 1139 514 1210 προσέταξεν
537 1137 700 1198 εὐθὺς
729 1134 857 1198 τοὺς
887 1137 986 1205 μὲν
1012 1135 1360 1205 μηνύσαντας
1386 1133 1510 1194 τοὺς
1557 1131 1754 1197 λόγους

210 1234 275 1294 εις
320 1231 700 1298 δεσμωτήριον
761 1227 1148 1298 ἐμϐληθῆναι·
1208 1224 1501 1293 Μακάριον
1549 1223 1606 1275 δὲ
1663 1224 1757 1275 τὸν

217 1316 591 1387 μητροπολίτην
633 1316 854 1387 Σερῤὦν
888 1317 946 1367 ἐν
977 1316 1088 1373 τοῖς
1121 1312 1419 1382 βασιλείοις
1470 1311 1563 1363 καὶ
1596 1309 1759 1362 αὑτὸν

218 1411 302 1462 ὑπὸ
358 1409 570 1479 φρουρᾷ
609 1402 776 1464 εἶναι.
827 1408 933 1460 Τὸν
991 1406 1178 1476 μέντοι
1229 1408 1610 1476 πατριάρχην,
1663 1400 1760 1455 τοῦ

219 1498 586 1568 πατριαρχείου
618 1496 976 1565 ἐκϐληθέντα.
1017 1497 1074 1549 ὲν
1103 1497 1168 1565 τῇ
1211 1497 1348 1565 μονῇ
1394 1493 1502 1546 τῶν
1533 1489 1758 1557 Μαγκά-

221 1611 308 1645 νων
338 1593 593 1663 ἀπρόῖτον
636 1593 848 1660 μένειν.
891 1590 1032 1652 Τοὺς
1069 1588 1126 1641 δὲ
1156 1587 1292 1660 πρὸς
1325 1586 1417 1639 τδν
1451 1586 1576 1638 νέον
1615 1582 1768 1653 βασι-

223 1685 304 1738 iéa
327 1684 803 1755 παραγενομένους
837 1680 1158 1752 ἀρχιερέας,
1193 1677 1318 1749 μήτ’
1358 1677 1555 1738 αὐτοὺς
1581 1673 1767 1745 προῖέ-
1796 1717 1840 1772 Β

227 1797 300 1832 ναι
323 1780 423 1831 τῶν
458 1777 645 1831 οἰκιῶν
677 1776 885 1838 αὐτῶν,
937 1774 1066 1844 μήθ’
1108 1771 1330 1840 ἐτέρους
1376 1768 1506 1840 παρ’
1565 1767 1766 1827 αὐτοὺς

229 1871 415 1940 φοιτᾷν.
449 1868 634 1922 Ταῦτα
695 1867 796 1934 μὲν
852 1859 946 1918 οὗν
1087 1859 1426 1932 προσέταξεν
1465 1856 1684 1926 ἐγένετο
1740 1858 1768 1909 6

233 1960 480 2042 βασιλεύς.
512 1959 670 2014 Μετὰ
697 1957 756 2010 δὲ
805 1956 907 2027 τὴν
960 1956 1026 2007 ὲκ
1062 1952 1158 2007 τοῦ
1196 1953 1319 2004 νέου
1361 1947 1626 2020 βασιλέως
1660 1945 1770 1999 τῶν

235 2040 487 2121 πρέσϐεων
520 2048 897 2119 ἀναχώρησιν,
934 2045 1098 2100 πέντε
1127 2044 1264 2114 πρὸς
1296 2045 1418 2105 ταῖς
1465 2041 1596 2093 δέκα
1638 2040 1775 2109 ἠμε-

236 2143 328 2213 ρὼν
352 2141 741 2211 διηνυσμένων,
786 2138 912 2192 ἐπεὶ
959 2138 1097 2208 μήτε
1146 2135 1299 2206 παρὰ
1347 2132 1616 2204 βασιλέως
1679 2128 1772 2184 τοῦ

233 2231 611 2304 πρεσϐυτέρου,
659 2231 797 2301 μήτε
844 2228 941 2282 τοῦ
999 2228 1343 2300 πατριάρχου
1387 2225 1653 2292 ἀπολογία
1691 2239 1777 2286 τις

234 2324 438 2392 ἀφίκετο
473 2321 609 2393 πρὸς
647 2319 835 2385 αὐτὸν,
862 2320 964 2373 οὐκ
1001 2319 1089 2372 ἐπ’
1113 2316 1310 2386 ἀγαθῷ
1342 2314 1778 2385 τεκμαιρόμενος

233 2413 354 2469 εἶναι
394 2417 490 2485 τὴν
528 2413 709 2484 σιγὴν,
745 2413 864 2484 ἅμα
921 2411 998 2482 τῷ
1045 2411 1272 2483 μεγάλῳ
1310 2408 1622 2480 δομεστίκῳ
1682 2405 1780 2460 καὶ

236 2507 658 2579 πρωτοστράτορι
693 2504 1058 2572 ἐϐουλεύοντο,
1099 2505 1153 2557 τί
1207 2503 1318 2558 δέοι
1370 2504 1562 2557 ποιεῖν.
1611 2495 1783 2553 Εἶπεν

237 2594 314 2650 οὖν
345 2598 372 2649 6
404 2599 576 2666 μέγας
624 2596 973 2665 δομέστικος,
1030 2593 1230 2648 Οὐκέτι
1275 2593 1416 2654 δέον,
1449 2584 1494 2645 ὧ
1538 2586 1781 2659 βασιλεῦ,

239 2689 529 2758 ἀπράκτους
558 2686 864 2756 καθῆσθαι,
891 2685 1010 2739 ἀλλ’
1037 2685 1205 2756 ἔργου
1233 2684 1475 2755 ἔχεσθαι.
1505 2682 1642 2736 Οὐδὲ
1679 2681 1786 2751 γὰρ

241 2778 306 2832 ἔτι
339 2776 479 2844 τινκ
537 2780 732 2845 ἐνδεῖν,
762 2779 790 2832 ὃ
828 2779 1146 2850 πράξαντας
1197 2777 1354 2839 ἐλπὶς
1398 2776 1489 2829 τὸν
1548 2775 1788 2844 πόλεμον

241 2869 543 2925 καταλῦσαι.
571 2871 640 2924 ’0
670 2886 730 2923 τε
765 2869 875 2939 γὰρ
923 2869 1118 2939 χρόνος
1159 2867 1220 2921 ὃν
1273 2867 1508 2920 ἐνταῦθα
1547 2866 1793 2936 καθήμε-

241 2977 310 3013 νοι
338 2960 562 3030 δεόμεθα
597 2960 884 3030 βασιλέως,
933 2959 1191 3014 τοσοῦτον
1223 2959 1541 3028 ὕπερήλασε
1592 2959 1688 3011 καὶ
1732 2956 1793 3010 τὸ

1855 1007 1985 1104 quid
2035 1030 2306 1102 agendum
2349 1036 2534 1090 esset,
2568 1019 3026 1078 deliberationem
3054 1013 3314 1068 instituit.
3352 1007 3430 1062 lbi

1857 1139 2090 1194 magnus
2133 1121 2493 1182 domesticus,
2530 1131 2639 1171 non
2668 1115 2812 1168 ultra
2840 1108 3168 1170 sedendum,
3202 1103 3295 1158 sed
3323 1116 3437 1155 ma-

1859 1231 1962 1270 nus
2000 1213 2154 1283 operi
2203 1208 2620 1273 admoliendas;
2668 1206 2807 1259 nihil
2859 1203 3005 1258 enim
3055 1208 3266 1254 restare
3319 1211 3446 1248 am--

1861 1307 2026 1376 plius,
2073 1319 2182 1373 quo
2232 1302 2301 1356 ab
2350 1301 2483 1370 ipsis
2528 1298 2794 1367 praestito,
2847 1293 3053 1352 bellum
3114 1289 3447 1359 quieturum

1863 1411 1990 1467 spes
2041 1396 2134 1450 sit.
2175 1393 2310 1448 Nam
2341 1401 2396 1446 et
2434 1398 2652 1460 tempus
2679 1403 2790 1454 quo
2817 1385 2905 1439 hic
2934 1387 3305 1441 morarentur,
3337 1378 3440 1430 im-

1864 1498 2179 1560 peratorem
2219 1500 2383 1540 avum
2431 1484 2730 1553 rogitantes
2755 1521 2769 1545 ,
2822 1491 2996 1545 usque
3033 1489 3100 1528 eo
3141 1470 3436 1528 terminum

1869 1578 2192 1641 excessisse,
2232 1585 2294 1630 ut
2323 1575 2434 1640 jam
2470 1573 2686 1640 longior
2715 1564 3053 1636 exspectatio
3086 1576 3193 1616 non
3221 1571 3445 1627 magna-

1874 1670 2108 1725 nimitati
2146 1683 2210 1722 ac
2244 1666 2570 1725 tolerantiae,
2603 1661 2763 1731 156
2787 1658 2881 1713 sed
2915 1649 3352 1711 consternationi
3386 1648 3448 1702 in

1870 1765 2034 1818 rebus
2083 1760 2292 1823 arduis,
2320 1769 2393 1814 ‘et
2441 1755 2671 1826 ignaviae
2712 1752 2911 1806 merito
2947 1745 3238 1804 tribuenda
3266 1743 3452 1795 videa-

1872 1865 1962 1910 tur
2003 1872 2018 1924 ;
2067 1862 2122 1908 et
2167 1865 2362 1907 omnes
2413 1847 2574 1902 cilicii
2629 1853 2813 1914 partes
2864 1855 2992 1910 erga
3021 1839 3174 1893 illum
3203 1835 3449 1903 expletas

1870 1923 2012 2009 esse,
2059 1960 2185 2000 cum
2234 1952 2291 1996 et
2337 1947 2496 1995 antea
2552 1936 2715 1992 toties
2766 1949 2864 2002 per
2905 1933 3134 2000 legatos,
3186 1935 3248 1980 ut
3276 1923 3452 1994 pactis

1874 2037 2162 2093 conventis
2211 2041 2424 2096 staret,
2471 2029 2540 2083 ab
2589 2042 2658 2082 eo
2697 2024 2976 2095 petiverit,
3048 2030 3104 2074 et
3145 2031 3291 2071 nunc
3326 2029 3452 2068 cum

1877 2129 1946 2183 iis
1983 2128 2079 2196 qui
2122 2126 2277 2180 illinc
2323 2126 2596 2177 venerant
2641 2117 2859 2187 legatis,
2894 2125 3240 2184 quaecunque
3275 2105 3460 2176 potuit

1877 2223 2150 2293 quispiam
2203 2218 2354 2288 pacis
2405 2214 2645 2284 cupidus
2673 2221 2727 2266 et
2762 2211 2853 2264 hic
2883 2221 3067 2264 coram
3111 2206 3328 2258 locutus
3359 2200 3453 2258 sit.

1879 2292 1934 2369 et
1996 2327 2093 2382 per
2141 2308 2364 2365 eosdem
2419 2321 2545 2360 cum
2597 2306 2717 2372 ipso
2763 2299 2946 2353 adhuc
2993 2295 3188 2366 egerit.
3216 2292 3462 2360 Tempus

1880 2381 2126 2472 elapsum
2171 2407 2295 2467 post
2329 2397 2548 2451 illorum
2579 2393 2909 2454 discessum,
2941 2387 3007 2441 ad
3043 2383 3368 2454 capiendum
3401 2381 3461 2434 in

1884 2469 1990 2546 hoc
2032 2488 2252 2557 negotio
2298 2483 2618 2545 consilium,
2658 2478 3008 2544 dandamque
3045 2469 3462 2541 responsionem

1887 2582 1954 2648 (si
2007 2575 2138 2650 quid
2188 2577 2534 2631 moderatum
2589 2572 2875 2642 cogitaret)
2909 2565 3161 2623 sulﬁcere
3195 2561 3463 2632 potuisse.
3548 2591 3555 2597 -

1889 2672 1994 2728 Sed
2041 2678 2192 2725 tanto
2238 2664 2527 2721 intervallo
2575 2672 2794 2724 tacere,
2834 2662 3161 2726 argumento
3193 2667 3314 2706 esse
3345 2666 3466 2703 ma-

1890 2764 2087 2818 nifesto
2111 2799 2127 2822 ,
2178 2773 2368 2829 pacem
2423 2751 2730 2824 repudiari,
2764 2749 2987 2816 1bel|um
3033 2752 3285 2814 apertum
3317 2739 3469 2809 cogi-

1893 2855 1996 2911 tari
2045 2873 2059 2910 :
2102 2852 2156 2907 id
2198 2849 2346 2921 quod
2378 2849 2542 2904 etiam
2597 2861 2664 2900 ex
2716 2859 2777 2898 re
2830 2843 2948 2911 ipsa
2999 2854 3108 2893 non
3147 2836 3312 2890 dubia
3336 2848 3474 2888 con-

1889 2946 2101 3016 jectura
2156 2940 2430 3012 quispiam
2489 2945 2834 3005 assequatur.
2897 2929 3000 2996 Qui
3051 2927 3198 2983 enim
3260 2931 3478 2979 tantum

243 3052 365 3116 δέον,
391 3016 516 3106 δέατ’
548 3016 650 3123 ήδη
682 3052 744 3104 οὐ
779 3016 1153 3122 μεγαλοψυχία
1185 3054 1280 3106 καὶ
1307 3016 1582 3120 καρτερία
1613 3051 1646 3119 ἡ
1669 3051 1788 3102 ἐπι-

1899 3032 2162 3101 temporis
2199 3031 2254 3084 in
2294 3037 2560 3098 apparatu
2613 3023 2832 3079 militari
2873 3016 3317 3086 consumpserit,
3361 3022 3476 3069 tam

246 3145 388 3196 πλέον
421 3144 754 3214 παράτασις,
786 3143 905 3196 ἀλλ’
935 3143 1200 3211 ἔκπληξις
1230 3142 1368 3210 πρὸς
1407 3145 1475 3195 τὰ
1517 3141 1667 3194 δεινὰ
1699 3141 1795 3194 καὶ

247 3235 453 3306 ἀτολμία
500 3235 653 3301 δόξαι
693 3235 758 3288 ἄν
813 3251 922 3286 τισι
969 3234 1200 3295 δικαίως
1227 3247 1241 3262 ·
1280 3233 1419 3303 πρός
1456 3249 1514 3284 τε
1567 3233 1795 3302 βασιλέα

253 3326 386 3379 οὐδὲν
409 3328 436 3380 ὃ
460 3345 511 3381 τι
536 3326 948 3397 παραλέλοιπας
985 3327 1094 3378 τῶν
1125 3325 1374 3378 δεόντων.
1396 3325 1555 3378 Ἀλλὰ
1598 3325 1798 3394 πρότε-

255 3418 334 3488 ρόν
359 3436 415 3471 τε
465 3419 728 3480 πολλάκις
777 3417 1138 3488 ἐπρεσϐεύσω
1171 3417 1308 3486 πρὸς
1345 3417 1509 3469 αὐτὸν
1539 3416 1797 3486 δεόμενος

256 3510 320 3578 μὴ
343 3510 636 3563 καταλῦσαι
674 3509 777 3579 τὴν
803 3509 1053 3580 εἰρήνην,
1087 3509 1180 3561 καὶ
1212 3507 1307 3561 νῦν
1337 3507 1476 3577 πρὸς
1501 3508 1630 3570 τοὺς
1657 3510 1800 3561 ἐκεῖ·

254 3599 333 3651 θεν
356 3603 684 3671 ἀφιγμένους
717 3601 976 3670 πρέσϐεις
1011 3601 1111 3653 ὅσα
1143 3596 1210 3669 ἦν
1263 3597 1664 3669 ἐπιθυμοῦντος
1701 3597 1801 3668 τὴν

251 3689 476 3760 εἰρήνην,
507 3691 746 3745 ἐνταῦθα
793 3708 852 3745 τε
886 3686 1068 3753 εἴπας,
1099 3691 1196 3743 καὶ
1248 3690 1386 3758 πρὸς
1437 3691 1644 3742 ἐκεῖνον
1692 3689 1802 3741 διε-

253 3781 576 3847 πρεσὸεὑσω.
624 3783 693 3836 '0
723 3799 786 3834 τε
847 3781 1134 3848 παρελθὼν
1167 3781 1357 3851 χρόνος
1402 3781 1541 3851 μετὰ
1583 3780 1646 3833 τὸ
1674 3781 1802 3844 τοὺς

254 3872 492 3939 πρέσϐεις
550 3873 805 3926 ἐντεῦθεν
837 3872 1119 3937 ἀπελθεῖν,
1175 3872 1365 3935 ἱκανὸς
1419 3873 1513 3924 καὶ
1547 3872 1679 3941 περὶ
1707 3872 1802 3938 τοῦ

256 3963 561 4033 πράγματος
620 3963 843 4033 βασιλέα
895 3963 1295 4032 διασκέψασθαι
1356 3964 1451 4016 καὶ
1502 3963 1805 4032 ἀπολογίαν

253 4053 438 4119 δοῦναι,
462 4057 514 4108 εἴ
537 4072 592 4108 τι
627 4053 996 4125 μετριώτερον
1015 4055 1287 4107 διενοεῖτο.
1309 4055 1382 4105 Τὸ
1409 4053 1453 4106 δ’
1483 4057 1540 4107 ὲν
1564 4054 1807 4126 τοσούτῳ

143 4195 150 4201 .
254 4145 414 4215 χρόνῳ
452 4146 603 4216 παρὰ
653 4144 919 4215 βασιλέως
967 4146 1090 4198 τινὰ
1138 4143 1443 4212 ἀπολογίαν
1497 4146 1574 4214 μὴ
1607 4145 1806 4212 ἐλθεῖν,

252 4237 537 4306 τεκμήριον
567 4237 799 4306 ἐναργὲς
845 4237 940 4289 τοῦ
974 4235 1048 4305 μὴ
1074 4233 1476 4305 προσδέξασθαι
1506 4235 1606 4304 τὴν
1649 4238 1806 4309 εἰρή-

254 4342 364 4396 νην,
395 4330 526 4383 ἀλλὰ
565 4330 702 4398 πρὸς
744 4331 835 4382 τὸν
869 4330 1106 4398 πόλεμον
1149 4328 1250 4399 ήδη
1284 4327 1538 4398 φανερῶς
1582 4332 1806 4400 χωρεῖν.

257 4419 362 4472 Καὶ
384 4419 538 4474 τοῦτο
561 4421 627 4475 ἄν
653 4439 738 4484 τις
769 4422 864 4473 καὶ
889 4421 948 4484 ἐξ
975 4418 1141 4472 αὑτοῦ
1173 4419 1266 4472 τοῦ
1321 4419 1646 4488 πράγματος
1684 4437 1811 4476 στο-

1897 3126 2102 3181 multos
2137 3138 2200 3177 ea
2235 3121 2412 3192 gratia
2459 3119 2516 3173 in
2555 3117 2900 3184 occidentem
2929 3112 3176 3168 emiserit
3199 3151 3215 3176 ,
3250 3117 3311 3164 ut
3345 3123 3473 3163 cum

1897 3200 2161 3277 venisset,
2206 3211 2392 3265 omnia
2445 3208 2657 3263 aﬂ'atim
2706 3205 3163 3275 suppeditarent,
3210 3215 3338 3271 spes
3369 3199 3479 3252 sibi

1900 3305 2028 3360 inde
2074 3303 2304 3372 injectas
2351 3298 2497 3352 haud
2534 3297 2692 3352 facile
2737 3295 3135 3366 projecturum.
3164 3290 3348 3357 Quare
3377 3304 3480 3344 nec

1900 3396 2037 3464 ipsis
2077 3393 2282 3448 bonum
2320 3400 2536 3460 tempus
2567 3388 2732 3444 inerti
2767 3387 2880 3462 otio
2913 3384 3351 3456 transigendum,
3381 3383 3480 3438 sed

1901 3486 2156 3554 pacejam
2174 3485 2481 3552 deSperata,
2504 3481 2570 3534 ad
2591 3477 3015 3549 propulsandam
3038 3475 3480 3532 adversariorum

1901 3576 2014 3630 vim
2055 3575 2296 3644 undique
2335 3572 2582 3628 subsidia
2605 3570 2996 3639 comparanda.
3041 3568 3340 3636 Excipiens
3371 3580 3485 3620 ma-

1903 3683 2071 3741 gnum
2139 3667 2502 3720 domesticum
2573 3671 2936 3731 protostrator
2985 3660 3176 3713 eadem
3231 3658 3487 3712 hortatus

1903 3770 2007 3817 est.
2070 3757 2151 3822 Si,
2205 3756 2420 3824 inquit,
2466 3757 2856 3824 imperatorem
2909 3761 3102 3806 contra
3151 3765 3254 3805 nos
3278 3749 3488 3804 bellum

1905 3852 2119 3926 pridem
2168 3849 2580 3910 machinatum,
2623 3854 2679 3899 et
2726 3845 2970 3913 undique
3019 3844 3208 3912 copias
3259 3843 3312 3896 in
3351 3843 3485 3896 illud

1907 3944 2235 4002 contrahere
2270 3942 2669 4011 ignoraremus,
2695 3937 3259 4007 circumspiciendum
3294 3934 3493 3990 fuisset

1908 4037 2220 4106 diligenter,
2279 4049 2348 4087 ne
2399 4033 2516 4100 ipso
2564 4045 2754 4099 pacem
2802 4038 3145 4098 capessente,
3196 4043 3297 4082 nos
3318 4027 3488 4082 stulte

1911 4129 2114 4184 bellum
2162 4126 2591 4194 inceptaremus.
2635 4122 2742 4177 Sed
2800 4122 3058 4190 quoniam
3114 4120 3285 4176 multa
3326 4119 3491 4175 nobis

1910 4219 2180 4291 liquidutn
2231 4217 2462 4276 faciunt,
2509 4229 2614 4269 nec
2669 4214 2900 4282 ipsemet
2944 4212 3175 4267 inliciari
3214 4213 3407 4282 possit,
3438 4227 3498 4268 se

1919 4310 2092 4366 armis
2149 4311 2273 4363 istis
2324 4319 2547 4361 causam
2605 4313 2662 4359 et
2705 4311 2870 4372 caput
2917 4318 3064 4368 esse,
3115 4318 3214 4356 nos
3274 4318 3498 4372 quoque

1921 4405 2289 4472 undecunque
2335 4399 2545 4454 utilitas
2586 4397 2768 4467 aliqua
2808 4396 3098 4458 aﬂ'ulserit,
3142 4411 3204 4450 ea
3239 4397 3320 4451 uti
3365 4411 3498 4450 con-

262 4510 474 4576 χὰσαιτο
537 4512 822 4581 ἀσφαλῶς.
867 4510 926 4566 '0
973 4513 1082 4581 γὰρ
1116 4513 1173 4563 ἐν
1221 4510 1466 4581 τοσούτῳ
1520 4511 1698 4582 χρόνῳ
1750 4531 1788 4566 τ.

1922 4497 2094 4554 venit.
2137 4495 2248 4565 Ipsi
2293 4507 2516 4563 quoque
2566 4488 2893 4559 imperatori
2931 4488 3138 4556 juniori
3185 4488 3255 4543 de
3303 4499 3503 4545 caetero

266 4602 392 4670 πρὸς
428 4605 516 4658 τὸν
553 4578 794 4671 πόλεμον
845 4578 1271 4676 ἐξαρτυόμενος,
1317 4603 1412 4657 καὶ
1439 4578 1735 4668 τοσούτους
1764 4605 1788 4656 ἐ

1925 4605 2037 4644 non
2069 4584 2460 4650 cunctandum,
2513 4579 2609 4636 sed
2636 4596 2667 4635 e
2696 4579 2818 4634 loco
2847 4578 3163 4632 abeundum
3189 4578 3500 4646 videbatur,

271 4669 391 4746 αὗτδ
417 4696 569 4750 τοῦτο
605 4669 746 4767 πρός
766 4697 865 4766 τὴν
891 4669 1132 4764 ἑσπέραν
1172 4693 1463 4764 ἐκπέμψας
1497 4693 1572 4756 ὡς
1630 4694 1694 4748 ἂν
1722 4693 1782 4765 ἐχ

1927 4682 2184 4750 belloque
2212 4676 2455 4748 gerendo
2485 4672 2877 4728 insistendum.
2910 4669 3260 4726 Admonebat
3295 4680 3502 4738 tamen,

275 4788 490 4856 χρῆσθαι
521 4790 736 4861 μεγάλῃ
764 4790 1090 4860 παρασκευῇ
1137 4788 1274 4858 πρὸς
1313 4785 1480 4839 αὐτὸν
1526 4789 1827 4853 καταστὰς,

277 4879 366 4930 οὐκ
389 4880 449 4932 ἂν
487 4882 684 4952 ῥαδίως
712 4885 810 4942 τὰς
865 4879 1081 4932 ἐκεῖθεν
1133 4879 1372 4949 πρόηται
1423 4877 1666 4940 ἐλπίδας.
1725 4878 1818 4930 Διὸ

282 4969 387 5024 οὐδὲ
414 4975 550 5042 ἡμᾶς
580 4974 898 5042 ἀπράκτους
938 4971 1019 5023 δεῖ
1043 4969 1336 5042 καθῆσθαι,
1374 4968 1509 5022 ἀλλὰ
1545 4967 1823 5037 πανταχόι

1931 4789 2083 4844 spem
2111 4773 2262 4842 pacis
2297 4783 2404 4822 non
2444 4765 2695 4820 funditus
2725 4764 3112 4834 abjiciendam,
3146 4763 3242 4818 sed
3277 4763 3379 4834 ipsi
3411 4781 3506 4834 per

1936 4874 2135 4928 semet,
2187 4878 2313 4918 cum
2374 4860 2696 4931 Byzantium
2741 4858 3146 4925 pervenissent,
3199 4872 3320 4912 eam
3358 4867 3509 4926 pete-

1935 4968 2078 5014 rent.
2113 4961 2191 5011 Ac
2220 4954 2489 5025 siquidem
2527 4968 2621 5006 eos
2653 4950 2871 5004 reveriti
2900 4948 3198 5004 adversarii
3233 4951 3300 5003 ab
3337 4951 3511 5005 armis

286 5064 364 5117 θεν
404 5039 782 5134 ἀνπεγνωκότας
812 5063 909 5132 τὴν
961 5039 1204 5134 εἰρήνην,
1243 5061 1378 5133 πρὸς
1413 5062 1475 5113 τὸ
1527 5059 1788 5132 ἀμύνεσθε

1936 5049 2308 5110 disredercnt,
2340 5045 2624 5098 inventum
2660 5057 2781 5096 esse
2814 5039 2958 5109 quod
2994 5039 3386 5108 quarrebatur:
3422 5041 3504 5094 sin

288 5159 780 5230 παρασκευάζεσθαι
825 5159 952 5222 τοὺς
1001 5155 1280 5220 ἐπιόντας.
1320 5151 1559 5207 Τοιαῦτα
1607 5151 1701 5204 τοῦ
1737 5168 1834 5221 με-

1939 5145 2122 5199 minus
2155 5180 2170 5204 ,
2198 5137 2379 5194 testati
2408 5136 2579 5190 Deum
2618 5133 2875 5202 ipsosque
2916 5129 3229 5200 Byzantios,
3264 5143 3323 5184 se
3343 5129 3505 5183 enixe

1490 5264 1710 5329 Jacobi
1747 5256 2012 5326 Pontani
2051 5263 2238 5318 notas.

290 5403 474 5458 dixisse
520 5405 800 5465 omnibus.
837 5400 1195 5472 quijunioris
1226 5396 1578 5472 imperatoris
1625 5407 1826 5472 nomen
1933 5386 2002 5440 de

294 5483 536 5539 tacerent,
561 5490 626 5528 ac
655 5464 903 5529 debitum
953 5464 1274 5540 imperatori
1307 5464 1595 5540 'honorem
1628 5464 1830 5516 habere

293 5536 612 5598 recusarent.
648 5536 1160 5597 Excommunicasse
1199 5539 1364 5593 etiam
1414 5536 1660 5588 adversas
1704 5547 1832 5600 par-

2030 5380 2366 5454 patriarcha.

2009 5436 2120 5524 (ῧί)
2156 5436 2432 5519 Intcrprcs
2473 5449 2606 5524 legit
2659 5446 2979 5524 ἀπρόσιτον,
3031 5439 3125 5497 sed
3162 5438 3254 5524 hic
3277 5446 3331 5491 et
3357 5436 3515 5524 apud

1935 5507 2231 5592 Gregolram
2261 5507 2652 5592 estdatpo'ivtov,
2690 5507 2872 5578 id'csl,
2908 5513 3054 5568 foras
3083 5507 3392 5581 prodeundi
3437 5507 3511 5561 li-

295 5613 356 5664 tis
398 5615 722 5675 sacerdotes,
754 5628 784 5665 a
813 5611 1016 5681 quibus
1042 5589 1442 5681 vicissimncum
1473 5589 1718 5681 factione
1734 5617 1831 5653 sua
1935 5589 2175 5652 centiam
2200 5607 2306 5644 non
2339 5589 2662 5644 habentem.

295 5673 783 5738 excommunicatus
825 5673 918 5736 sit.
949 5680 1158 5736 lbidcm
1206 5677 1550 5750 querimonia
1597 5673 1838 5729 senioris
