3952 6204
522 271 624 332 3i?

1683 274 2001 334 JOANNIS
2035 273 2564 334 CANTACUZENI
3609 283 3693 346 348

524 377 640 454 ipse
681 392 846 454 caput
875 385 1185 440 devoraret.
1239 385 1324 440 Ad
1361 386 1464 442 hoc
1501 387 1729 442 verbum
1780 389 2076 443 subridens

2187 387 2344 442 αὐτοῦ
2413 389 2572 442 πόλιν
2638 388 2942 457 περιποιεῖν
3012 386 3189 457 ἐαυτῷ
3237 387 3563 452 έξατκιτῶντα
3618 396 3693 446 καὶ

523 473 617 528 ille
649 491 663 528 :
693 474 879 543 Atqui,
908 474 1109 539 Marce,
1141 475 1339 543 inquit,
1370 490 1480 529 non
1521 486 1605 530 est
1638 487 1696 531 ut
1729 478 1835 532 hoc
1869 481 2066 547 possit.

524 562 658 618 Nam
689 564 846 618 vivus
871 580 1051 618 meum
1085 565 1256 634 ipsius
1280 575 1445 636 caput
1468 567 1731 622 devorare
1764 583 2003 636 nequeo,
2027 576 2084 623 et

525 658 778 706 mortuus
830 654 1002 706 multo
1059 655 1238 707 minus
1289 655 1544 722 quivere,
1592 665 1655 709 ut
1707 664 1758 710 te
1809 657 2083 722 utrimque

526 741 817 794 mentitum
853 750 1135 810 appareat.
1162 744 1239 797 Ac
1271 744 1454 796 Marco
1481 739 1704 811 qufdem
1742 745 1935 800 ludens
1958 747 2081 799 talia

526 830 1102 898 responditzhiarula:
1159 843 1342 886 autem
1395 848 1496 886 suo
1539 834 1761 889 nomine
1807 851 1910 889 avo
1967 837 2084 890 haec

526 920 810 975 referenda
866 921 1058 975 dedit:
1087 922 1239 975 Scire
1274 921 1443 976 Deum
1493 924 1694 992 ipsum,
1727 927 1868 980 scire
1916 927 2082 980 etiam

525 1024 609 1072 se,
644 1010 788 1077 quod
841 1027 928 1064 res
965 1011 1095 1079 ipsa:
1133 1021 1424 1077 testentur,
1455 1014 1593 1067 nihil
1637 1031 1695 1069 se
1742 1016 1908 1069 studii
1973 1017 2085 1070 ala-
2122 1088 2125 1092 ι

524 1101 847 1168 critatisque
874 1101 938 1154 ad
976 1117 1038 1155 ea
1083 1118 1204 1171 quae
1235 1104 1322 1157 ille
1354 1105 1688 1167 mandasset,
1717 1107 1930 1176 sibique
1966 1109 2084 1175 pla-

523 1207 648 1243 cere
674 1192 1027 1256 ostendisset,
1065 1196 1413 1263 exsequenda
1458 1199 1889 1265 praetermisisse.
1929 1200 2088 1270 159

523 1281 878 1337 Existimasse
904 1299 1067 1351 porro
1093 1301 1218 1339 eum
1249 1302 1468 1355 quoque
1495 1291 1611 1344 haec
1637 1305 1747 1357 pra:
1775 1291 1898 1344 aliis
1921 1292 2082 1355 seire,

525 1381 583 1425 ut
609 1375 917 1440 oportebat.
949 1375 1054 1429 Sed
1091 1379 1348 1445 quoniam
1382 1379 1643 1436 daemonis
1676 1383 1906 1452 alicujus
1948 1384 2088 1438 invi-

525 1463 613 1517 dia
645 1465 717 1517 ita
750 1478 1128 1536 comparatum
1158 1471 1254 1533 sit,
1298 1481 1358 1524 ut
1392 1473 1594 1526 amoris
1627 1483 1791 1543 atque
1823 1477 2084 1531 obedien-

527 1555 566 1604 ti
586 1573 614 1600 ι·
659 1555 894 1610 antehac
946 1573 1059 1612 sua:
1109 1573 1234 1629 erga
1299 1561 1478 1629 ipsum
1531 1573 1851 1631 argumenta
1907 1567 2087 1619 ventis

527 1645 833 1711 tradiderit,
871 1649 1334 1720 schphantisque
1400 1667 1463 1706 ac
1491 1654 1722 1722 perditis
1765 1656 2084 1711 hominibus

523 1738 844 1811 auscultans
888 1740 1080 1807 (multa
1128 1741 1284 1809 prius
1317 1741 1611 1798 adversum
1655 1761 1714 1800 se
1764 1748 2079 1812 meditatus,

526 1827 903 1898 insidioseque
943 1831 1189 1894 molitus,
1221 1843 1282 1888 ut
1318 1843 1506 1902 pateat
1535 1851 1603 1890 ex
1649 1825 1968 1908 interceptis
2000 1841 2089 1892 lit-

525 1919 682 1981 teris,
715 1933 852 1987 quas
887 1935 986 1989 per
1025 1921 1317 1992 episcopos
1352 1935 1694 1984 revertentes
1737 1928 1818 1982 illi
1852 1930 2086 2000 miserit)

524 2005 726 2061 bellum
761 2011 1064 2077 renovarit;
1097 2021 1152 2068 et
1176 2029 1302 2069 eum
1331 2031 1473 2086 saepe
1494 2019 1841 2090 multumque
1864 2039 2085 2094 rogans,

524 2097 607 2149 uti
639 2113 829 2165 pacem
865 2102 1164 2169 acciperet,
1198 2120 1306 2159 non
1337 2107 1668 2176 impetrarit.
1699 2122 1754 2165 et
1788 2129 1934 2169 nunc
1959 2131 2085 2171 cum

521 2185 632 2241 huc
669 2191 916 2254 veniens,
955 2208 1132 2260 genua
1169 2197 1288 2264 ejus
1321 2200 1604 2268 amplexus
1649 2201 1741 2266 sit,
1786 2213 1842 2258 et
1889 2215 1947 2260 ut
1983 2224 2086 2277 pax

520 2281 969 2348 constitueretur,
1001 2284 1138 2338 nihil
1186 2300 1293 2340 non
1331 2291 1579 2352 tentarit,
1629 2292 1746 2361 ipse
1790 2305 1974 2351 tamen
2023 2314 2083 2354 se

521 2372 766 2422 nondum
800 2369 1046 2440 fregerit,
1081 2374 1175 2428 sed
1209 2377 1512 2444 supplicem
1538 2397 1596 2435 re
1628 2383 1828 2441 infecta
1858 2388 2084 2444 dimise-

523 2459 617 2521 rit.
675 2470 732 2516 et
776 2471 1033 2532 tanquam
1091 2483 1189 2522 vas
1243 2471 1438 2526 inutile
1488 2473 1770 2544 abjeeerit,
1822 2496 2085 2551 spemque

523 2566 675 2605 suam
718 2552 773 2606 in
807 2556 1016 2623 pardali
1072 2558 1378 2626 collocarit,
1409 2578 1570 2632 quam
1613 2568 1844 2623 solutam
1890 2582 2084 2628 contra

524 2656 584 2696 se
631 2643 940 2713 immiserit,
977 2649 1101 2704 ideo
1145 2666 1332 2720 pacem
1377 2663 1431 2708 et
1479 2655 1625 2712 dicta
1672 2669 1896 2730 propter
1938 2663 2086 2718 illam

523 2748 870 2794 sacramenta
915 2739 1025 2794 Deo
1057 2756 1115 2797 se
1163 2744 1506 2801 committere
1552 2750 1675 2817 (per
1703 2766 1866 2820 quem
1909 2754 2086 2823 iurata

527 2827 786 2896 religiose
831 2829 1014 2886 adhuc
1043 2835 1252 2903 servet)
1289 2844 1345 2890 et
1392 2851 1583 2894 omnes
1619 2855 1708 2896 res
1745 2857 1870 2899 suas
1909 2844 1964 2898 in
1999 2846 2088 2915 ju-

528 2923 675 2968 stum
703 2915 946 2971 omnium
967 2919 1207 2988 judicem
1242 2923 1472 2991 referre,
1498 2927 1721 2996 jamque
1753 2932 2083 2988 necessitate

525 3005 885 3059 constrictum
917 3008 1060 3063 bello
1092 3025 1311 3067 manum
1346 3014 1651 3085 implicare.
1678 3017 1967 3076 Conlidere
2001 3038 2087 3078 se-
2111 3026 2156 3090 C

529 3092 706 3166 ipsum
751 3115 968 3170 quoque
1001 3105 1296 3159 amentiam
1325 3123 1476 3161 suam
1521 3109 1670 3164 brevi
1713 3115 2084 3181 cogniturum,

525 3197 583 3243 et
611 3207 678 3244 ex
709 3195 924 3247 eventis
949 3207 1387 3265 perspecturum.
1417 3216 1479 3254 ea
1502 3202 1730 3272 elegisse
1766 3220 1888 3274 qua:
1912 3207 2088 3262 vitare

529 3280 586 3334 in
619 3283 828 3350 primis,
877 3300 942 3338 ea
985 3287 1275 3356 reliquisse
1317 3306 1438 3359 quae
1487 3301 1600 3345 toto
1631 3303 1851 3362 pectore
1893 3311 2088 3350 conse-

527 3372 666 3426 ctari
699 3374 1100 3446 complectique
1133 3379 1435 3434 debuisset.
1489 3380 1612 3437 Haec
1655 3383 1802 3439 fatus
1833 3387 1902 3440 de
1941 3403 2086 3456 equo

529 3456 837 3522 descendit,
871 3472 927 3518 et
956 3468 1206 3534 quamvis
1251 3467 1534 3523 absentem
1565 3485 1747 3534 avum,
1802 3473 1911 3528 ritu
1956 3490 2092 3529 con-

528 3558 688 3604 sueto
719 3563 1015 3610 veneratus
1047 3566 1130 3611 est
1163 3574 1176 3610 :
1207 3572 1272 3612 ac
1298 3557 1532 3613 Marules
1563 3561 1794 3628 perinde
1827 3573 1885 3616 ut
1915 3565 2087 3632 prius,

527 3652 654 3693 cum
688 3641 907 3696 silentio
943 3643 1013 3700 de
1049 3645 1321 3701 moenibus
1356 3658 1519 3717 caput
1558 3649 1610 3703 ei
1640 3651 1911 3706 submisit.
1954 3655 2090 3710 Aliis

527 3728 730 3785 deinde
765 3731 818 3785 in
857 3748 1014 3787 muro
1047 3735 1322 3790 stantibus
1369 3738 1642 3804 salutatis,
1674 3738 1962 3809 discessit;
2000 3760 2091 3798 ve-

527 3819 803 3891 niensque
866 3823 1208 3894 Selybriam,
1268 3829 1664 3898 rempublicam
1718 3846 1818 3886 suo
1879 3834 2090 3902 judicio

529 3908 806 3976 formavit,
841 3921 898 3968 et
949 3915 1204 3985 praefecto
1252 3917 1454 3973 ibidem
1491 3918 1788 3986 declarato,
1835 3923 2092 3995 Didymo-

528 4002 736 4058 ticbum
782 4004 939 4071 abiit,
991 4007 1184 4062 relicto
1221 4008 1480 4080 Selybriae
1524 4010 1855 4080 Apocaucho
1894 4030 2089 4085 magno

527 4094 890 4159 cubiculario,
931 4105 991 4150 ut
1016 4097 1061 4151 si
1093 4097 1222 4166 quid
1255 4114 1392 4168 opus
1417 4109 1563 4154 esset
1586 4105 1900 4158 securitatis
1925 4121 2089 4160 causa

530 4183 585 4237 id
617 4187 1000 4250 constitueret,
1031 4197 1086 4242 et
1118 4187 1182 4241 ad
1217 4204 1279 4242 se
1308 4189 1550 4256 veniret;
1588 4192 1734 4259 quod
1774 4193 1854 4248 eis
1887 4210 2088 4263 paucos

528 4272 647 4328 dies
685 4275 887 4329 factum
916 4285 1023 4331 est.
1060 4275 1347 4331 Exercitus
1379 4277 1444 4331 ad
1486 4277 1927 4350 Didymoticbum
1959 4299 2090 4338 eon-

2185 479 2590 548 παραπείθοντα
2633 479 2722 531 τὸν
2789 479 3180 548 προστυχόντα.
3231 477 3364 531 Οῦτε
3419 478 3516 549 γὰρ
3565 481 3694 534 αὐτὸν

2182 568 2402 621 δυνατὸν
2429 569 2519 620 ἐπὶ
2545 569 2604 621 τὸ
2634 564 2808 638 τεῖχός
2839 567 3032 632 ὲλθεῖν,
3069 566 3182 620 οὔτ’
3219 569 3361 636 αὐτῷ
3388 569 3480 639 τὴν
3526 571 3694 623 εἴσοδον

2186 661 2561 729 συγχωρῆσαι,
2615 659 2730 712 ἀλλ’
2762 659 2882 712 οὐδὲ
2947 659 3052 729 μὴν
3110 659 3199 712 τὸν
3258 659 3393 711 θεῖον
3447 660 3578 730 αὐτῷ
3623 663 3695 714 τὸν

2184 751 2480 820 Μαρκέσην
2507 749 2820 803 ἀποστελεῖν
2842 750 2975 819 πρὸς
3004 751 3190 803 αὐτόν.
3220 749 3442 818 Πλησίον
3467 751 3519 804 δὲ
3561 751 3695 804 αὐτοῦ

2187 841 2440 910 θίαρούλη
2479 841 2572 893 καὶ
2602 841 2824 911 Μάρκος
2847 858 2928 903 τις
2949 841 3315 911 Καὸαλλάριος
3340 842 3697 910 ὠνομασμένος,

2184 935 2212 985 ὁ
2239 931 2613 1000 Κοὸαλλαρίου
2647 931 2740 983 τοῦ
2773 931 2952 999 Βάρδα
3005 930 3197 995 ἑστὼς,
3252 933 3315 983 ὲκ
3359 930 3462 983 τῶν
3507 933 3700 985 οἰκετῶν

2184 1024 2276 1075 τοῦ
2299 1021 2666 1092 πρεσϐυτέρου
2714 1021 2976 1090 βασιλέως
3025 1020 3123 1084 ὣν,
3183 1023 3383 1083 σκαιῶς
3434 1023 3520 1074 καὶ
3566 1023 3702 1076 ἀπαι-

2183 1111 2384 1174 δεύτως
2445 1112 2581 1181 πρὸς
2637 1112 2858 1180 βασιλέα
2899 1110 2990 1164 τδν
3050 1112 3169 1164 νέον
3217 1106 3387 1176 εἶπεν,
3437 1114 3702 1182 ἀποχωρεῖν

2184 1203 2294 1254 τῶν
2326 1202 2555 1265 ἐνθένδε,
2590 1203 2719 1271 πρὶν
2751 1201 3163 1272 κατεδηδοκέναι
3189 1203 3287 1272 τὴν
3350 1203 3573 1271 κεφαλὴν
3623 1202 3702 1272 τὴν

2187 1293 2402 1346 ἑαυτοῦ.
2451 1293 2581 1346 Ἡδὺ
2621 1293 2678 1346 δὲ
2707 1292 2940 1360 γελάσας
2975 1295 3004 1345 ὁ
3032 1292 3285 1361 βασιλεὺς
3322 1295 3410 1345 ἔπι
3437 1294 3510 1362 τῷ
3559 1294 3700 1361 λόγῳ,

2201 1382 2341 1434 Ἀλλ’
2371 1383 2469 1434 οὐκ
2499 1383 2564 1435 ἂν
2595 1382 2680 1449 εῐη
2733 1382 2976 1444 δυνατὸν,
3009 1379 3180 1449 εἶπεν,
3223 1377 3266 1436 ὦ
3305 1385 3512 1454 Μάρκε,
3551 1384 3700 1441 τοῦτο,

2188 1474 2306 1528 Ζῶν
2355 1492 2411 1527 τε
2445 1475 2554 1545 γὰρ
2592 1476 2691 1527 οὐκ
2723 1476 2788 1527 ἂν
2827 1476 3206 1544 καταφάγοιμι
3241 1477 3337 1545 τὴν
3398 1475 3523 1528 ἰδίαν
3556 1493 3702 1543 κεφα·

2186 1565 2306 1634 λήν.
2350 1566 2458 1618 Καὶ
2507 1564 2839 1618 ἀποθανόντα
2889 1564 3089 1634 ὁμοίως
3132 1562 3529 1632 ἀδυνατώτερον
3573 1561 3703 1616 τοῦτο

2190 1655 2451 1724 πράττειν
2479 1671 2494 1686 ⁸
2525 1654 2664 1708 ὥστε
2705 1671 2762 1706 σε
2813 1654 3136 1722 συμϐαίνειν
3190 1653 3284 1706 καὶ
3335 1652 3702 1722 ἀμφωτέρωθεν

2188 1746 2470 1815 ἐψεῦσθαι.
2515 1746 2659 1816 Πρὸς
2725 1747 2822 1814 μέν
2884 1740 2977 1798 οὖν
3039 1745 3266 1815 Μάρκον
3317 1743 3533 1796 τοιαῦτα
3597 1743 3703 1795 παί-

2187 1840 2296 1904 ζων
2382 1838 2608 1908 εἴρηκεν
2679 1837 2707 1888 ὀ
2783 1837 3076 1906 βασιλεὺς.
3146 1836 3241 1888 τὸν
3316 1834 3592 1904 Μαρούλην
3660 1831 3706 1884 δὲ

2186 1928 2438 1984 ἐκέλευεν
2472 1931 2547 1990 ὡς
2580 1926 2640 1992 ἔξ
2682 1927 2844 1981 αὐτοῦ
2893 1927 3120 1980 τοιαῦτα
3171 1925 3529 1994 ἀπαγγέλλειν
3582 1921 3708 1993 ﬂam-

2186 2016 2288 2081 λεῖ,
2321 2016 2408 2079 Ὠς
2435 2017 2595 2079 αὐτὸς
2623 2016 2690 2069 ἂν
2720 2017 2884 2085 εἰδείη
2913 2015 3066 2081 Θεὸς,
3088 2009 3207 2067 οἰδα
3236 2013 3293 2066 δὲ
3325 2015 3412 2067 καὶ
3433 2013 3600 2074 αὐτὸς,
3631 2012 3708 2063 καὶ

2187 2108 2365 2162 αὐτῶν
2408 2109 2528 2178 ἐμοὶ
2576 2106 3190 2176 συνεπιμαρτυροῦντων
3231 2107 3338 2159 τῶν
3380 2105 3706 2174 πραγμάτων,

2185 2195 2260 2258 ὡς
2293 2195 2442 2248 οὐδὲν
2484 2196 2729 2247 ἐνέλιπον
2785 2193 3095 2264 προθυμίας
3129 2193 3254 2246 οὐδὲ
3279 2192 3509 2260 σπουδῆς
3553 2193 3624 2251 είς
3659 2190 3707 2242 τὸ

2185 2285 2496 2356 πράττεινᾶ
2525 2303 2583 2338 τε
2618 2285 2978 2348 προσέταττες
3001 2286 3092 2336 καὶ
3117 2279 3186 2354 ἦν
3222 2302 3303 2336 σοι
3333 2283 3469 2336 κατὰ
3493 2280 3708 2350 γνώμην,

2185 2377 2510 2446 ἐλογιζόμην
2565 2376 2608 2427 δ’
2653 2376 2735 2428 ὅτι
2765 2377 2860 2428 καὶ
2899 2377 2963 2428 σύ
3000 2374 3204 2445 μᾶλλον
3257 2375 3323 2428 ἂν
3359 2374 3549 2443 εἰδείης
3594 2373 3708 2424 αὐτὰ

2183 2464 2294 2518 τῶν
2317 2465 2513 2529 ἀλλων,
2545 2463 2715 2534 ἔχρῆν
2750 2464 2879 2533 γάρ.
2924 2464 3078 2516 Ἐπεὶ
3105 2463 3152 2516 δ’
3174 2462 3320 2517 οὕτω
3347 2465 3412 2516 τὰ
3447 2462 3709 2533 πράγματα

2185 2554 2442 2626 φθονερός
2480 2571 2562 2617 τις
2595 2554 2960 2607 συνεσκεύασε
2993 2554 3228 2624 δαίμων,
3285 2557 3378 2608 καὶ
3425 2547 3498 2610 ὧν
3532 2554 3620 2624 μὶν
3661 2553 3710 2605 έν

2184 2647 2297 2707 τοῖς
2323 2643 2664 2714 παρασχοῦσι
2696 2645 2912 2715 καιροῖς
2936 2644 3147 2707 εὐνοίας
3177 2644 3297 2714 ἅμα
3321 2644 3416 2698 καὶ
3437 2642 3708 2704 εὐπειθείας

2183 2733 2284 2803 τῆς
2315 2734 2449 2804 πρὸς
2481 2735 2540 2788 σε
2581 2734 2959 2805 ἔπιδέδειγμαι
3005 2735 3152 2805 ἔργῳ
3193 2735 3480 2797 ἐπελάθου,
3531 2730 3712 2801 ἀνθρὼ-

2187 2842 2310 2889 ποις
2343 2824 2400 2878 δὲ
2441 2826 2810 2894 συκοφάνταις
2841 2835 2937 2879 καὶ
2972 2827 3196 2896 φθόροις
3247 2826 3489 2888 πεισθεὶς
3516 2824 3710 2893 κεκίνη-

2185 2917 2286 2980 κας
2315 2915 2472 2976 αὖθις
2500 2917 2592 2970 τὸν
2629 2917 2862 2985 πόλεμον
2887 2918 2976 2970 τὸν
3015 2916 3153 2987 πρὸς
3209 2917 3312 2985 ἐμὲ
3371 2915 3555 2988 (πολλά
3599 2913 3708 2983 πρό-

2187 3023 2342 3076 τερον
2394 3006 2488 3061 καὶ
2563 3005 2992 3077 βουλευσάμενος
3051 3008 3146 3061 καὶ
3208 3008 3543 3068 συσκευάσας
3610 3002 3712 3058 κατ’

2189 3097 2344 3168 ἐμοῦ,
2379 3097 2454 3161 ὡς
2485 3097 2699 3164 ἐγένετο
2726 3098 3031 3164 καταφανὲς
3062 3097 3188 3165 ἐμοὶ
3241 3100 3306 3152 ὲκ
3337 3099 3442 3150 τῶν
3505 3094 3712 3148 ἑαλωκό-

2186 3203 2294 3239 των
2339 3187 2704 3256 γραμμάτων,
2746 3187 2782 3240 ἀ
2812 3187 2906 3239 καὶ
2932 3187 3070 3255 μετά
3123 3188 3234 3240 τῶν
3266 3188 3400 3258 πρὸς
3431 3187 3528 3257 ἐμὲ
3558 3183 3714 3236 ἐλθόν-

2185 3295 2295 3330 των
2350 3278 2651 3347 άρχιερέων
2685 3275 2908 3346 ἔπεμψά
2939 3277 3066 3342 σοι),
3126 3280 3224 3331 καὶ
3273 3279 3440 3332 πολλά
3486 3274 3714 3334 πολλάκις

2186 3369 2322 3440 ἐμοῦ
2382 3370 2666 3438 δεηθέντος
2721 3369 2782 3422 οὐ
2833 3370 3144 3438 προσεδέξω
3204 3371 3309 3440 τὴν
3354 3371 3586 3440 εἰρήνην,
3636 3365 3716 3417 καὶ

2186 3462 2282 3516 νῦν
2321 3462 2567 3526 ἐλθόντος
2620 3461 2870 3515 ἐνταυθοῖ
2907 3463 3000 3515 καὶ
3030 3463 3343 3531 ἁπτομένου
3386 3480 3479 3516 σου
3507 3460 3607 3513 τῶν
3633 3471 3710 3524 γο-

2185 3551 2381 3615 νάτων,
2417 3551 2513 3604 καὶ
2546 3550 2724 3604 πάντα
2752 3551 3085 3620 πράττοντος
3118 3549 3267 3604 ὥστε
3299 3551 3396 3620 τὴν
3424 3551 3631 3620 εἰρήνην
3654 3540 3714 3598 εί-

2185 3659 2294 3704 ναι,
2327 3642 2475 3695 οὐδὲν
2509 3641 2709 3710 μᾶλλον
2758 3642 2972 3712 ὐφῆκας
3007 3641 3106 3710 τῆς
3147 3641 3343 3713 ὀργῆς,
3393 3641 3504 3695 ἀλλ’
3533 3641 3716 3708 ἀπρακο

2185 3751 2275 3786 τον
2305 3732 2638 3802 ἀπεπέμψω,
2671 3732 2860 3802 ὥσπερ
2892 3750 2946 3786 τι
2983 3732 3177 3796 σκεῦος
3211 3735 3487 3806 ἄχρηστον
3515 3727 3718 3799 ἀπορρίο

2184 3827 2313 3896 ψας.
2359 3827 2634 3888 Ἥλπικας
2672 3825 2717 3878 δ’
2765 3827 2857 3878 ἐπὶ
2885 3826 2984 3897 τὴν
3016 3825 3314 3896 δεδεμένην
3368 3823 3617 3894 πάρδαλιν
3663 3819 3718 3884 ἣν

2185 3915 2381 3979 ἔλυσας
2412 3918 2531 3970 κατ’
2556 3915 2714 3986 ἐμοῦ,
2751 3916 2857 3969 ἰδοὺ
2889 3917 2989 3988 τὴν
3029 3917 3126 3986 μὲν
3150 3917 3384 3987 εἰρήνην
3410 3917 3500 3969 καὶ
3523 3913 3638 3974 τοὺς
3661 3906 3718 3961 δι’

2186 4004 2355 4075 αὐτὴν
2393 4005 2802 4074 γεγενημένους
2869 4005 3064 4075 ὅρκους
3119 4006 3469 4074 παραδίδωμι
3507 4001 3639 4070 Θεῷ,
3669 3997 3719 4048 ὃν

2185 4096 2348 4158 αὐτὸς
2377 4096 2610 4165 εὐορκῶ,
2642 4096 2818 4149 πάντα
2843 4095 2900 4148 δὲ
2939 4095 3018 4162 τῷ
3045 4095 3224 4149 πάντα
3257 4097 3482 4158 δικαίως
3505 4093 3720 4164 κρίνοντι

2185 4186 2406 4250 ἀναθεὶς
2434 4187 2502 4241 τά
2547 4185 2669 4240 κατ’
2697 4186 2818 4258 ἐμὲ,
2855 4187 3172 4254 ἀναγκαίως
3201 4187 3304 4257 ἤδη
3345 4187 3479 4256 πρὸς
3533 4185 3615 4236 τὸν
3642 4181 3721 4232 πό·

2184 4276 2351 4346 λεμον
2390 4278 2573 4347 χωρῶ.
2624 4277 2870 4331 Πέποιθα
2916 4277 2974 4330 δὲ
3021 4277 3096 4340 ὡς
3153 4277 3342 4345 ὀλίγου
3391 4273 3724 4346 παρελθόντος

529 4365 741 4434 gregari
768 4366 977 4434 jusws.
1015 4366 1137 4420 Non
1185 4365 1258 4420 ita
1294 4367 1480 4422 multis
1523 4347 1826 4441 interjeetis
1867 4373 2085 4442 diebus,

2191 4369 2402 4438 χρόνον,
2433 4369 2546 4422 οὐδ’
2583 4368 2747 4431 αὐτὸς
2775 4369 3064 4437 ἀγνοήσεις
3090 4369 3190 4439 τὴν
3218 4370 3481 4422 ἀδουλίαν
3525 4368 3616 4435 τὴν
3644 4379 3723 4414 νυ·

529 4453 804 4521 quierant
834 4455 889 4508 in
923 4455 1158 4510 Thracia
1179 4455 1454 4512 affuerunt
1486 4473 1695 4526 omnes,
1713 4470 1867 4517 extra
1897 4463 2091 4521 Coma-

529 4557 725 4597 norum
763 4544 927 4612 paulo
959 4546 1139 4601 minus
1165 4547 1274 4600 duo
1306 4547 1494 4614 millia,
1525 4550 1620 4618 qui
1648 4566 1679 4606 e
1707 4551 1970 4609 Dalmatia
1994 4556 2092 4611 Mi-

531 4631 738 4686 chaelis
762 4635 982 4689 secundi
1007 4643 1182 4690 castra
1205 4637 1379 4691 secuti
1407 4635 1640 4695 fuerant.
1692 4640 1886 4697 Edicto
1921 4644 2092 4714 impe-

532 4723 734 4778 ratoris
790 4724 1024 4780 senioris
1066 4725 1415 4784 Andronicus
1445 4728 1729 4798 Tornices,
1769 4741 1825 4787 et
1874 4733 2087 4789 Manuel

531 4813 780 4869 Lascaris
801 4813 1032 4870 Thracia
1067 4816 1226 4886 pulsi,
1254 4817 1307 4871 in
1337 4818 1529 4874 insulis
1552 4820 1780 4889 Lemno,
1802 4822 1983 4878 Thaso
2033 4835 2090 4880 et

530 4905 706 4960 Lesbo
723 4922 781 4961 se
795 4907 1215 4963 collocaveram.
1233 4909 1420 4964 Exsilii
1443 4911 1604 4982 hujus
1621 4928 1786 4968 causa
1805 4916 2089 4971 manifesta

531 5009 640 5049 non
667 4998 931 5051 exstabat.
960 4996 1274 5066 Ferebatur,
1297 5015 1390 5056 eos
1421 5019 1546 5058 eum
1573 5003 1896 5075 Scytharum
1921 5016 2092 5062 satra-

531 5087 616 5155 pis
639 5087 976 5141 clandestina
996 5088 1252 5144 habuisse
1281 5091 1572 5160 colloquia,
1608 5093 1686 5146 uti
1717 5094 1771 5146 in
1798 5094 2090 5148 Thraciam

530 5179 715 5246 copias
750 5179 1050 5243 mitterent,
1091 5195 1306 5249 unaque
1333 5195 1454 5234 cum
1491 5192 1689 5237 caetera
1717 5171 1909 5252 praeda
1944 5185 2091 5254 ipsos

531 5280 652 5320 cum
675 5269 996 5339 coniugibus
1021 5269 1178 5339 160
1227 5279 1389 5340 atque
1409 5271 1598 5326 liberis
1621 5289 1677 5325 se
1699 5274 1805 5328 illis
1831 5274 2092 5330 dedentes

532 5373 716 5412 secum
748 5359 1105 5416 abducerent.
1121 5361 1294 5431 Hujus
1324 5362 1568 5416 criminis
1590 5364 1734 5417 nulla
1761 5376 1877 5418 erat
1897 5366 2094 5434 proba-

535 5449 630 5502 tio.
653 5448 829 5514 Quare
848 5451 1036 5520 junior
1056 5453 1355 5522 imperator
1370 5469 1466 5509 eos
1487 5455 1678 5510 exsilio
1703 5457 1963 5511 multatos
1982 5473 2089 5511 non

535 5554 725 5606 parum
775 5539 1196 5611 indignabatur;
1234 5544 1441 5599 ferebat
1505 5553 1685 5599 tamen
1749 5545 1973 5613 tacitus,
2023 5563 2094 5601 ne

532 5628 663 5696 quid
710 5630 780 5686 ab
825 5633 910 5688 avi
953 5636 1224 5691 sententia
1263 5635 1577 5702 discrepare
1606 5636 1898 5692 videretur.

2188 4461 2241 4514 νί
2269 4475 2284 4490 ’
2323 4458 2440 4513 ἀλλ’
2465 4461 2528 4512 ἔκ
2552 4459 2661 4511 τῶν
2695 4458 3039 4528 πραγμάτων
3076 4456 3257 4511 αὐτῶν
3288 4458 3508 4528 μαθήσῃ
3535 4451 3722 4522 σαφῶς.

2186 4551 2263 4616 ὡς
2289 4543 2364 4606 ὧν
2397 4549 2496 4621 μὶν
2522 4549 2854 4619 ἀποσχέσθαι
2922 4548 3052 4616 ἔδει,
3094 4548 3274 4602 ταῦτα
3326 4548 3591 4619 προείλου,
3627 4542 3726 4596 ab!

2188 4643 2411 4714 ἔκρινας
2458 4641 2804 4704 καταλιπεῖν,
2853 4639 3060 4692 τούτων
3116 4635 3185 4709 ἦν
3259 4639 3472 4708 βέλτιον
3529 4631 3724 4705 ἔχεσθαι

2190 4737 2351 4788 παντὶ
2401 4734 2596 4787 σθένει.
2629 4732 2869 4784 Τοιαῦτα
2918 4730 3172 4799 βασιλεὺς
3203 4732 3232 4784 δ
3266 4733 3385 4793 νέος
3439 4729 3619 4789 εἰπὼν,
3644 4740 3729 4777 κα-

2187 4825 2358 4888 ταϐὰς
2387 4822 2481 4876 τοῦ
2512 4824 2702 4887 ἵππου,
2735 4841 2737 4843 ·
2765 4820 3094 4892 προσεκύνει
3126 4822 3220 4872 καὶ
3249 4822 3461 4873 ἀπόντα
3487 4818 3575 4870 τὸν
3599 4815 3728 4866 πάπρ

2191 4935 2290 4971 πον
2321 4919 2414 4969 καὶ
2447 4915 2689 4986 βασιλέα.
2725 4915 2832 4966 Καὶ
2861 4913 2890 4965 ό
2918 4911 3213 4983 Μαροωιης
3244 4913 3303 4964 δὲ
3329 4911 3528 4982 ὁμοίως
3557 4910 3728 4972 ὥσπερ

2190 5011 2288 5063 καὶ
2318 5009 2576 5078 πρότερον
2610 5007 2716 5059 ἀπὸ
2749 5005 2842 5058 τοῦ
2871 5005 3087 5073 τείχους
3143 5006 3269 5074 σιγῇ
3301 5006 3400 5074 τὴν
3441 4997 3730 5071 προσκύνη-

2192 5116 2276 5152 σιν
2309 5099 2534 5168 παρεῖχε
2567 5097 2645 5166 τῷ
2680 5097 2784 5164 νέῳ
2811 5094 3039 5164 βασιλεῖ.
3073 5090 3205 5147 Εἶτα
3253 5097 3350 5147 καὶ
3387 5095 3512 5155 τοὺς
3556 5089 3728 5146 ἄλλους

2189 5191 2315 5252 τοὺς
2375 5187 2482 5241 ἀπὸ
2539 5185 2632 5240 τοῦ
2686 5186 2898 5255 τείχους
2960 5186 3353 5252 ἀσπασάμενος
3402 5185 3430 5236 δ
3477 5179 3728 5253 βασιλεὺς,

2192 5277 2537 5346 ἀνεχώρησεν
2570 5273 2800 5338 ἐκεῖθεν,
2829 5273 2926 5325 καὶ
2949 5267 3113 5343 ἦλθεν
3167 5273 3246 5333 εἰς
3277 5270 3602 5339 Σηλυϐρίαν.
3635 5262 3730 5316 Καὶ

2193 5368 2470 5436 διοικήσας
2513 5363 2581 5418 τά
2605 5357 2778 5435 ἔκεῖῇ
2829 5362 2977 5433 αὐτῷ
3021 5363 3196 5414 ἐδόκει
3231 5362 3433 5430 ἄριστα
3465 5360 3624 5428 ἔχειν,
3647 5353 3730 5404 καὶ

2195 5461 2428 5529 ἄρχοντα
2455 5457 2751 5526 ἐπιστήσας
2788 5455 3193 5526 Σηλυϐριανοῖς,
3217 5449 3383 5524 ἦλθεν
3417 5456 3494 5515 εἱς
3523 5444 3731 5516 Διδυμό-

2198 5563 2392 5615 τειχον,
2427 5544 2738 5598 καταλιπὼν
2759 5545 2816 5596 ὲν
2841 5543 3110 5614 Σηλυσρίᾳ
3137 5541 3623 5612 παρακοιμὼμενον
3651 5536 3730 5586 τὸν

2207 5638 2564 5707 Ἀπόκιυχον,
2598 5635 2692 5700 ὡς’
2738 5637 2800 5691 ἂν
2829 5635 2884 5688 εἴ
2914 5651 2965 5688 τι
3028 5634 3325 5704 ἀσφαλείας
3372 5633 3536 5688 ἐνέδει
3583 5627 3733 5697 Σηλυ-
