3952 6204
148 333 244 396 349

1305 335 1853 401 IIISTORIARUM
1895 342 2127 404 LIBER
2178 343 2229 409 Ι.

3291 349 3393 410 350

146 424 288 488 cpia:
318 419 479 476 ἕνεκα
529 423 1044 493 καταστησάμενος,
1074 421 1342 493 ἀφίκηται
1372 422 1538 477 πάλιν
1574 422 1710 492 πρὸς
1757 427 1942 495 αὑτὸν,
1973 431 2002 483 6
2057 433 2156 486 καὶ
2211 433 2471 502 ἐποίησεν
2527 433 2727 502 ὀλίγων
2772 432 3002 504 ἡμερῶν
3035 437 3185 490 εῖσω.
3221 436 3389 490 Βασι-

145 527 259 584 λεὺς
309 528 354 580 δ’
393 532 450 580 ιν
499 531 870 602 Διδυμοτειχφ
926 531 1264 602 προσέταξεν
1336 531 1690 601 ἀθροίζεσθαι
1736 525 1836 594 τὴν
1876 527 2134 596 στρατιάν
2165 543 2180 558 ’
2215 527 2310 579 καὶ
2355 527 2418 580 οὐ
2465 527 2688 590 πολλαῖς
2741 527 2972 600 ὕστερον
3037 530 3298 598 ἡμέραις,
3340 529 3387 579 oi

147 626 276 679 κιτᾶ
308 625 524 695 θρᾴκην
551 627 819 696 συνῆλθον
848 630 1052 690 πάντες
1119 627 1264 698 πλὴν
1288 627 1398 680 τῶν
1433 627 1726 691 Κομάνων,
1763 624 1857 687 οὒς
1906 624 2074 693 ὀλίγῳ
2121 623 2383 684 ἐλάσσους
2444 623 2608 684 ϐντας
2650 623 2944 692 δισχιλίους
2994 623 3086 676 τὸν
3137 625 3368 693 ἀριθμὸν

149 712 294 782 (ἦσαν
393 689 536 768 οὗτοι
590 717 642 767 oi
669 689 732 770 έκ
767 718 1086 786 Δαλματίας
1131 689 1229 787 τῷ.
1283 717 1496 786 βασιλεῖ
1527 689 1933 786 προσελθόντες
1984 689 2206 783 Μιχαὴλ
2231 713 2310 782 τῷ
2339 714 2602 783 δευτέρῳ)
2634 689 3041 783 προστάξαντος
3112 689 3204 768 τοῦ
3256 689 3391 785 ripe:

155 803 394 870 chrépo-a
444 805 706 875 βασιλέως
762 811 790 861 6
867 809 1137 878 Τορνίκης
1200 807 1525 876 Δνδρόνικος
1581 806 1676 858 καὶ
1725 804 2059 872 ὀΛάσκαρις
2102 803 2360 870 Mavoth
2392 804 2701 870 ἀνέστησάν
2764 821 2819 856 τε
2854 806 2961 856 ἀπὸ
3007 803 3254 875 Θρᾴκης,
3298 804 3389 857 καὶ

157 899 257 958 ταῖς
288 899 464 964 νήσοις
500 899 710 967 Λήμνῳ
773 899 868 951 καὶ
933 899 1098 966 Θάσῳ
1149 899 1534 966 έγκατῴκισαν
1581 897 1674 948 καὶ
1703 897 1769 964 τῇ
1809 895 2019 962 Λέσξῳ.
2073 893 2231 945 Δίτία
2261 894 2315 945 δὲ
2357 889 2424 962 ἦν
2456 894 2552 962 τῆς
2582 894 2934 955 ἀναστάσεως
2970 895 3168 956 αὐτῶν,
3235 895 3384 966 εὔδη-

157 991 232 1048 λος
266 989 380 1057 μὲν,
447 991 672 1059 οὐδεμία
703 1010 720 1026 θ
767 993 987 1061 ἐλέγετο
1012 993 1066 1046 δὲ
1123 992 1199 1054 ὡς
1231 992 1484 1060 βασιλεὺς
1531 989 1755 1042 πύθοιτο
1787 989 1914 1056 περὶ
1947 987 2126 1040 αὐτῶν
2155 988 2229 1050 ῶς
2259 987 2445 1057 κρύφα
2474 987 2804 1059 διαλεχθεῖεν
2843 991 2982 1058 πρὸς
3012 988 3140 1049 τοὺς
3188 988 3390 1056 σατρά-

161 1098 251 1144 tta;
298 1083 398 1134 τῶν
442 1083 687 1148 Σκυθῶν,
723 1085 808 1138 ἵνα
869 1085 1140 1155 στρατιὰν·
1201 1084 1524 1154 πέμψαντες
1584 1081 1795 1134 ἐκεῖθεν
1866 1083 2001 1150 μετὰ
2053 1079 2154 1147 τῆς
2201 1079 2363 1148 ἄλλης
2417 1080 2566 1142 λείας
2630 1083 2960 1148 ἀπαγάγωσι
3027 1083 3118 1132 καὶ
3190 1079 3390 1133 αὐτοὺς

165 1180 282 1248 api;
329 1177 420 1248 τὴν
483 1178 758 1249 Σκυθικὴν
825 1181 1330 1250 προσχωρήσαντας
1382 1177 1496 1245 ἅμα
1555 1175 1769 1243 γυναιξὶ
1803 1175 1894 1225 καὶ
1943 1174 2171 1234 τέκνοις.
2245 1172 2545 1236 ’Δπκδειξις
2585 1173 2641 1225 δὲ
2684 1169 2750 1243 ἦν
2801 1175 2898 1241 τῆς
2955 1173 3135 1234 αίτίας
3186 1173 3390 1240 ταύτης

167 1271 380 1338 οὐδεμία.
443 1269 533 1320 Διὸ
566 1271 662 1322 καὶ
715 1270 970 1339 βασιλεὺς
1029 1272 1057 1322 6
1107 1271 1227 1331 νέος
1281 1268 1661 1337 ὲδεσχέραινεν
1705 1267 1764 1318 οὐ
1834 1264 2072 1333 μετρίως
2151 1264 2331 1316 αὐτῶν
2399 1265 2795 1334 ἀνισταμένων.
2840 1267 3075 1334 Ἤνεγκε
3140 1265 3196 1318 δὲ
3232 1270 3383 1336 σιγῇ,

170 1366 234 1434 τῷ
283 1367 350 1436 μὴ
431 1365 608 1418 δοκεῖν
673 1365 894 1421 ἐναντία
977 1364 1269 1437 βούλεσθαι
1343 1366 1409 1433 τῇ
1485 1361 1751 1432 βασιλέως
1791 1360 2009 1432 γνώμῃ.

1574 1477 1801 1533 CAPUT
1845 1477 1954 1531 LII.

174 1573 490 1628 Protostrator
526 1572 763 1628 Thracia.-
796 1581 992 1640 prator
1017 1582 1251 1626 creatur.
1280 1571 1608 1626 Anduonicns
1639 1585 1794 1636 nepos
1841 1587 1958 1640 cum
1995 1588 2185 1640 magno
2217 1573 2495 1626 domestico
2529 1580 2577 1622 et
2618 1579 2772 1638 parte
2805 1572 3074 1639 copiarum
3126 1571 3179 1622 in
3212 1569 3392 1624 Maca-

232 1646 418 1696 doniam
449 1661 564 1697 cum
593 1638 822 1697 hostibus
855 1645 1191 1712 conﬂicturus
1222 1645 1351 1697 abit.
1390 1647 1616 1712 illatrent
1649 1638 2237 1712 apudGratianopolin
2266 1644 2482 1696 invenit.
2515 1641 2576 1694 In
2611 1644 2780 1694 hostes
2825 1638 2932 1691 itur
2963 1641 3106 1712 :‘qui
3153 1641 3390 1712 timentes

229 1717 330 1772 sibi.
372 1713 562 1766 Pheras
607 1715 917 1765 concedunt.
953 1707 1188 1764 'Ziclmat
1243 1712 1463 1764 deditio.
1525 1707 1711 1780 Hostes
1749 1707 1930 1780 Pheris
1965 1711 2048 1780 _nd
2103 1727 2334 1780 pugnam
2383 1712 2502 1764 elici
2549 1727 2653 1763 non
2711 1719 2946 1778 possunt.
2985 1707 3061 1762 De
3110 1709 3390 1780 postulatis

229 1785 513 1852 pra-standis
541 1799 598 1836 se
625 1791 912 1846 excusant;
952 1781 1274 1834 Domesticus
1302 1778 1648 1833 recedendum
1687 1779 1898 1831 suadet.
1953 1777 2209 1833 lic/cnam
2241 1781 2481 1835 redeunt.

242 1899 376 1952 Ἐπεὶ
409 1899 461 1950 δὲ
494 1897 850 1967 συνήθροιστο
879 1899 912 1967 ὴ
947 1897 1172 1966 στρατιὰ
1194 1935 1208 1958 ,
1240 1896 1332 1948 τὸν
1367 1896 1464 1965 μὲν
1498 1910 1707 1963 πρωτο-

1893 1895 2146 1950 Exercitu
2173 1897 2286 1966 jam
2315 1905 2664 1966 congregato,
2700 1897 2995 1965 imperator
3028 1903 3390 1966 protostrato-

180 1991 408 2060 ατράτορα
429 1990 695 2060 βασιλεὺς
725 1990 821 2060 τῆς
853 1989 1076 2060 Θρᾴκης
1109 1989 1386 2054 ἀπέδειξεν
1420 1989 1710 2056 ἐπίτροπον

180 2083 343 2149 πάσης.
385 2079 696 2133 καταλιπὼν
744 2079 892 2150 αὑτῷ
942 2080 1034 2133 καὶ
1091 2079 1253 2148 μέρος
1301 2079 1399 2146 τῆς
1453 2079 1710 2146 στρατιᾶς

182 2169 291 2224 ὥστε
313 2171 555 2224 δύνασθαι
584 2171 719 2240 πρὸς
745 2171 869 2232 τοὺς
899 2172 960 2222 ἐκ
989 2168 1283 2233 Βυζαντίου
1313 2168 1577 2236 ἀντέχειν.
1605 2167 1714 2218 Αὑ-

183 2261 251 2323 si;
273 2261 320 2312 δὲ
347 2261 454 2328 ἅμα
477 2259 554 2330 τῷ
587 2259 812 2328 μεγάλῳ
841 2259 1144 2328 δομεστίκῳ
1170 2258 1268 2325 τὴν
1297 2257 1574 2309 ἐπίλοιπον
1603 2273 1711 2308 πα-

191 2351 393 2420 ραλαϐὼν
416 2352 548 2420 προς
575 2341 917 2404 Μακεδονίαν
945 2350 1158 2419 έχώρει,
1184 2349 1258 2411 ὼς
1289 2350 1405 2400 ἐκεῖ
1437 2347 1604 2416 μαχού
1616 2363 1712 2414 με-

189 2457 256 2504 νος
281 2445 374 2504 τοῖς
412 2445 471 2495 ὲκ
501 2442 600 2511 τῆς
638 2442 877 2510 ἑσπέρας
910 2441 1003 2493 τοῦ
1040 2439 1410 2510 πρεσϐυτέρου
1448 2437 1711 2506 βασιλέως

191 2535 480 2603 στρατηγοῖς.
517 2532 784 2586 Ἐπύθετο
823 2534 930 2603 γὰρ
969 2533 1166 2594 αὐτοὺς
1207 2532 1270 2584 ἐκ
1303 2532 1408 2583 τῶν
1443 2531 1710 2591 ἑσπερὲων

191 2624 354 2675 πόλεων
374 2626 624 2692 στρατιὰν
642 2626 743 2678 οὐκ
766 2624 1243 2692 εὐκαταφρόνητον
1267 2621 1708 2691 συνηθροικότας,

190 2715 279 2780 ἅμα
300 2714 349 2768 δὲ
375 2717 465 2768 καὶ
491 2715 777 2786 Τριϐαλῶν
806 2717 906 2768 οὐκ
935 2714 1124 2782 ὀλίγην
1154 2714 1474 2783 συμμαχίαν
1503 2713 1708 2780 ἐπαγο-

191 2805 342 2873 μένους
383 2809 574 2878 χωρεῖν
619 2807 741 2859 κατ’
769 2805 957 2860 αὑτοῦ.
1001 2805 1258 2859 Βασιλίδα
1303 2805 1358 2858 δὲ
1403 2805 1500 2876 τὴν
1547 2803 1712 2857 αὐτοῦ

187 2897 388 2966 γαμετὴν
411 2899 467 2950 έν
491 2897 861 2967 Διδυμοτείχῳ
891 2897 1280 2950 καταλέλοιπεν
1308 2896 1424 2965 ἅμα
1449 2898 1513 2965 τῇ
1543 2893 1709 2947 αὑτοῦ

187 2986 277 3057 θείᾳ
303 2988 542 3059 Θεοδώρᾳ
569 2990 638 3058 τῇ
673 2986 1096 3058 Καντακουζηνῇ
1129 2990 1195 3057 τῇ
1227 2987 1322 3040 τοῦ
1359 2986 1594 3055 μεγάλου
1629 2986 1713 3039 δο-

187 3081 401 3148 μεστίκου
443 3080 629 3148 μητρί.
661 3077 956 3147 Γενόμενος
994 3079 1050 3131 δὲ
1091 3079 1149 3131 ἐν
1184 3079 1517 3146 Γρατζιάνου
1557 3077 1712 3130 πόλει

1819 2002 1935 2041 rem
1972 1987 2242 2041 univerSte
2278 1987 2523 2042 Thracia:
2567 1989 2826 2056 praeﬁcit;
2862 1996 3070 2056 partem
3104 1989 3386 2056 copiarum

1817 2080 1883 2133 ad
1922 2080 2240 2150 Byzantinis
2264 2080 2686 2150 erumpentibus
2727 2079 3098 2133 resistendum
3141 2080 3190 2132 ei
3235 2081 3390 2133 attri-
3450 2107 3461 2118 ο

1818 2173 1978 2236 buit;
2033 2188 2154 2225 cum
2217 2175 2386 2227 altera
2441 2182 2596 2242 parte
2665 2181 2721 2225 et
2762 2187 2957 2240 magno
2993 2171 3294 2224 domestico
3331 2173 3386 2226 in

1817 2265 2187 2320 Macedoniam
2227 2265 2418 2324 tendit,
2464 2263 2537 2317 ibi
2590 2279 2720 2317 cum
2756 2263 2993 2316 ducibus
3042 2263 3277 2316 senioris
3319 2279 3387 2316 ex

1817 2355 2107 2410 occidente
2141 2354 2293 2422 signa
2339 2353 2669 2414 collaturus,
2704 2369 2844 2421 quos
2877 2367 2943 2406 ex
2975 2352 3204 2406 urbibus
3243 2352 3389 2406 occi-

1818 2447 2132 2501 dentalibus
2177 2462 2286 2500 nou
2323 2444 2728 2499 contemnendo
2769 2445 3002 2498 collecto
3044 2444 3284 2512 agmine,
3331 2451 3386 2496 et

1817 2553 1941 2591 cum
1972 2536 2338 2590 Triballorum
2373 2549 2483 2587 non
2517 2533 2749 2587 modicis
2781 2533 3000 2586 auxiliis
3026 2548 3083 2584 se
3107 2547 3388 2600 oppugna-

1819 2641 1933 2686 tum
1987 2628 2176 2681 venire
2223 2627 2593 2680 intellexerat.
2642 2627 2876 2682 Uxorem
2930 2626 3226 2692 Augustam
3259 2640 3384 2678 cum

1815 2717 2144 2773 consobrina
2191 2716 2480 2770 Theodora
2524 2716 2929 2778 Cantacuzena,
2985 2717 3162 2785 magni
3197 2716 3382 2771 dome-

1819 2809 1942 2864 stici
1975 2818 2171 2870 matre,
2203 2806 2574 2877 Didymoticlti
2611 2805 2892 2874 relinquit.
2923 2805 3216 2873 Postquam
3253 2803 3384 2860 Gra-

1819 2900 2121 2968 tianopolin
2165 2899 2218 2953 in
2264 2898 2464 2951 ﬁnibus
2494 2897 2742 2952 Thraciae
2774 2897 3012 2966 positam
3049 2895 3248 2964 attigit,
3281 2895 3379 2950 Xe-

1817 3009 1945 3047 nam
1984 3003 2212 3047 matrem
2250 2990 2683 3060 imperatricem,
2727 3006 2884 3044 suum
2932 2988 3192 3059 Byzantio
3243 2987 3383 3042 redi-

1822 3095 1936 3140 tum
1960 3085 2388 3156 praestolantem,
2415 3084 2649 3138 invenit.
2667 3083 2802 3136 Nam
2828 3083 3128 3136 etiamnum
3153 3081 3386 3136 durante

186 3171 284 3236 περὶ
306 3170 518 3232 ἐκϐολὰς
545 3170 646 3238 τῆς
673 3169 895 3240 Θρᾴκης
925 3171 1156 3241 κειμένῃ
1179 3210 1192 3233 ,
1221 3169 1388 3240 Ξένην
1413 3169 1578 3222 αὐτοῦ
1613 3187 1713 3238 μη-

1820 3177 2051 3240 lmdere,
2105 3192 2133 3228 a
2185 3188 2482 3243 prosocero
2529 3173 2862 3241 imperatore
2895 3172 3274 3235 contenderat,
3328 3180 3388 3227 ut

182 3260 285 3330 τέρα
307 3260 394 3331 τὴν
424 3260 672 3331 βασιλίδα
699 3261 801 3330 τὴν
831 3261 894 3313 ὲκ
926 3260 1222 3323 Βυζαντίου
1255 3261 1512 3314 ἐπάνοδον
1542 3259 1708 3312 αὐτοῦ

1819 3266 1920 3321 sibi
1961 3266 2026 3320 ad
2071 3264 2465 3319 monasterium
2491 3262 2920 3322 Thessalonicae,
2969 3261 3022 3314 in
3058 3275 3166 3330 quo
3199 3276 3388 3316 mona-

183 3351 536 3420 περιμένουσαν
570 3345 748 3420 εὗρεν.
785 3351 934 3420 Αὕτη
969 3350 1096 3420 γὰρ,
1134 3351 1214 3403 ἔτι
1247 3351 1356 3403 τῶν
1391 3351 1526 3421 πρὸς
1549 3351 1715 3421 ἀλλή-

183 3441 279 3503 λους
305 3445 407 3507 τοῖς
439 3442 720 3510 βασιλεῦσι
758 3443 1000 3495 σπονδῶν
1034 3443 1241 3509 οὐσῶν,
1281 3444 1416 3514 πρὸς
1452 3443 1716 3513 βασιλέως

182 3531 380 3602 ᾐτήσατο
398 3534 489 3586 τοῦ
518 3531 785 3601 κηδεστοῦ
815 3532 951 3602 πρὸς
977 3533 1378 3601 Θεσσαλονίκην
1401 3535 1459 3586 ὲν
1481 3526 1525 3601 ᾧ
1553 3551 1718 3604 φρον-

180 3626 404 3694 τιστηρίῳ
431 3625 492 3678 τδ
529 3624 820 3694 μοναχικδν
852 3624 1168 3694 ὴμφιάσατο
1203 3623 1392 3693 σχῆμα
1423 3625 1586 3677 πάλιν
1619 3626 1716 3677 ὲπ-

179 3713 385 3769 ανελθεῖν
409 3730 422 3744 ο
455 3716 564 3767 καὶ,
591 3714 901 3786 ἐπετράπη.
947 3713 1034 3776 Ὠς
1066 3713 1122 3766 δὲ
1163 3714 1364 3783 μεταξὺ
1399 3715 1499 3784 τῆς
1531 3714 1651 3768 ὁδοῦ
1686 3717 1714 3769 ὁ

179 3803 291 3872 πρὸς
319 3804 569 3874 mum;
601 3805 712 3857 τῶν
746 3804 1011 3874 βασιλέοιν
1043 3803 1278 3868 πόλεμος
1312 3805 1674 3876 ἁνερῤιπίσθη
1696 3845 1712 3870 ,

179 3891 359 3963 Ιμεινιν
404 3897 461 3949 ἐν
511 3897 552 3948 Γ
557 3896 846 3965 ρατζιάνου
900 3895 1126 3948 δείσασα
1175 3895 1274 3965 τὴν
1326 3896 1556 3960 ἀταξίαν
1606 3897 1714 3952 τῶν

180 3984 432 4056 ἑσπερίων.
468 3988 559 4051 Ὠς
591 3987 701 4058 γὰρ
727 3986 968 4057 ἠγγέλθη
1001 3988 1183 4051 αὐτοῖς
1215 3988 1297 4040 ὅτι
1328 3987 1631 4042 διελέλυντο
1659 3991 1713 4043 oti

183 4077 394 4141 στωνδαὶ,
423 4079 548 4140 τοὺς
577 4077 656 4146 τῷ
686 4078 794 4148 νέῳ
826 4077 1039 4148 βασιλεῖ
1067 4078 1496 4148 προσκειμένους
1529 4074 1715 4149 εἷρξαν

181 4179 226 4218 τι
257 4168 446 4230 πάντας
485 4172 580 4223 καὶ
619 4165 765 4240 εἶχον
797 4171 855 4222 ὲν
889 4172 1101 4240 φρουρᾷ
1127 4185 1141 4200 ο
1178 4171 1390 4241 ἡμέρας
1432 4171 1488 4224 δὲ
1527 4173 1714 4240 ὀλίγας

180 4255 272 4326 ἅμα
296 4263 354 4331 τῇ
387 4263 554 4332 μητρὶ
583 4261 873 4332 διατρίψας
901 4261 1087 4326 αὑτοῦ,
1122 4262 1245 4314 ἐπεὶ
1274 4264 1306 4332 ἡ
1340 4265 1402 4314 ὲκ
1429 4263 1526 4332 τῆς
1555 4263 1714 4316 ἐσπέ-

181 4361 262 4414 ρις
286 4352 504 4421 στρατιὰ
532 4352 774 4422 ἠγγέλθη
807 4369 869 4404 πε
881 4351 933 4422 pi
959 4353 1186 4423 Δράμαν
1209 4357 1305 4408 καὶ
1324 4355 1424 4423 τὴν
1445 4353 1712 4410 Φιλίππου

179 4440 330 4505 πόλεις
355 4443 731 4507 Μακεδονικὰς
759 4443 1339 4512 ἐστρατοπεδευκέναι,
1374 4445 1493 4515 Θεῷ
1526 4446 1617 4499 καὶ
1646 4448 1710 4517 τῇ

1817 3358 2013 3412 sticutn
2063 3356 2330 3409 induisset
2377 3355 2648 3417 habitum,
2699 3353 2881 3408 redire
2931 3352 3015 3407 fas
3060 3361 3240 3419 esset;
3275 3368 3387 3423 quo

1815 3459 1944 3503 voto
1983 3447 2153 3516 potita
2191 3457 2294 3501 est.
2322 3447 2457 3499 Dum
2489 3457 2673 3517 autem
2703 3443 3096 3512 proﬁciscitur,
3127 3443 3272 3498 bello
3304 3445 3386 3498 in—

1816 3547 1902 3592 ter
1941 3537 2302 3606 imperatores
2347 3537 2646 3598 concitato,
2691 3533 3091 3602 Gratianopoli,
3123 3533 3389 3588 Occiden-

1818 3628 2008 3682 talium
2052 3627 2344 3679 tumultum
2387 3634 2442 3679 et
2493 3624 2850 3679 insolentiam
2890 3632 3144 3677 metuens
3185 3623 3388 3678 substi-

1817 3719 1903 3772 tit.
1963 3716 2160 3770 Statim
2209 3716 2357 3770 enim
2417 3724 2584 3783 atque
2638 3716 2953 3768 nuntiatutn
3019 3723 3142 3776 est,
3203 3713 3385 3769 [cadus

1817 3808 2069 3879 periisse,
2103 3815 2373 3876 quotquot
2406 3807 2576 3862 rebus
2619 3805 2864 3878 iunioris
2893 3805 3032 3860 bene
3066 3805 3382 3874 cupiebant,

1818 3898 1872 3952 in
1907 3897 2213 3952 custodiam
2250 3896 2363 3950 dati
2399 3906 2549 3952 sunt.
2596 3895 2792 3950 Paucis
2821 3911 2989 3967 porro
3029 3896 3226 3950 diebus
3260 3911 3384 3950 cum

1814 3997 1990 4043 matre
2019 3987 2380 4056 consumptis,
2412 3987 2505 4041 ubi
2537 3989 2766 4042 nuntius
2805 3988 3003 4042 allatus
3029 3996 3133 4052 est,
3175 3988 3388 4043 exerci-

1817 4089 1930 4133 tum
1959 4079 2354 4133 occidentalem
2389 4079 2532 4133 circa
2570 4079 2822 4131 Dramam
2856 4087 2913 4132 et
2952 4076 3235 4146 Philippos
3274 4064 3386 4131 Ma;

1815 4171 2058 4226 cedoniae
2096 4171 2292 4240 oppida
2342 4170 2746 4233 castramelari,
2795 4169 2968 4224 Deum
3015 4169 3241 4238 ejusque
3285 4168 3386 4222 Pa-

1815 4271 2026 4315 rentem
2072 4259 2436 4314 castissimam
2487 4269 2890 4329 comprecatus,
2940 4268 2996 4314 et
3048 4257 3381 4314 sacriﬁcium

1813 4353 1993 4408 laudis
2016 4353 2212 4407 iisdem
2247 4353 2592 4414 sacriﬁcans,
2617 4351 3209 4422 jussitjusjurandum,
3233 4349 3382 4421 quod

1818 4461 1950 4500 avus
1985 4447 2037 4500 in
2069 4445 2276 4501 laedere
2303 4445 2606 4500 sanciendo
2631 4445 2844 4515 jurarat
2871 4453 2924 4498 et
2951 4459 3171 4498 servare
3201 4458 3258 4498 se
3287 4458 3387 4512 pu-

177 4535 398 4606 πανάγνῳ
434 4535 599 4589 αὑτοῦ
645 4539 816 4608 μητρὶ
852 4537 1170 4605 εὐξάμενος,
1206 4538 1299 4590 καὶ
1339 4538 1532 4592 θυσίαν
1567 4539 1710 4593 αίνέ-

1820 4539 1987 4600 tabat,
2029 4537 2085 4591 in
2115 4537 2318 4591 vexillo
2346 4536 2634 4605 suspendi,
2668 4544 2723 4588 et
2771 4545 2917 4589 recta
2951 4534 3005 4588 in
3046 4534 3234 4590 hostes
3259 4549 3388 4604 pro-

179 4639 292 4687 σεως
321 4626 495 4690 αὐτοῖς
529 4627 698 4689 θύσας
719 4667 734 4690 ,
766 4630 891 4689 τοὺς
923 4629 1016 4680 ἐπὶ
1044 4630 1164 4692 ταῖς
1198 4630 1451 4693 σπονδαῖς
1484 4647 1716 4701 γεγενη-

179 4715 344 4780 μένους
369 4717 457 4770 τοῦ
489 4717 862 4788 πρεσϐυτέρου
899 4717 1162 4788 βασιλέως
1187 4720 1404 4792 ὅρκους,
1433 4719 1526 4783 οὒς
1553 4722 1715 4784 αὐτὸς

176 4801 291 4872 ᾤετο
322 4808 558 4878 εὐορκεῖν
579 4848 594 4871 ,
633 4809 920 4863 ἐκέλευσεν
953 4811 1046 4864 ἐπὶ
1078 4808 1178 4878 τῆς
1215 4813 1455 4881 σημαίας
1488 4812 1715 4865 ἀναθέν-

178 4911 260 4960 τας
302 4899 419 4952 εὐθὺ
467 4903 666 4972 χωρεῖν
709 4901 820 4953 τῶν
867 4903 1162 4972 πολεμίων.
1207 4903 1612 4974 Ἐστρατήγουν
1658 4903 1714 4956 δὲ

178 4986 326 5042 αὐτῶν
348 4992 374 5043 ὅ
396 5007 452 5044 τε
477 4990 571 5044 τοῦ
600 4991 972 5062 πρεσϐυτέρου
1005 4993 1270 5062 βασιλέως
1298 4993 1518 5062 ἀνεψιὸς
1555 4992 1714 5046 Ἀσά-

180 5092 256 5146 νης
280 5079 514 5150 Μιχαὴλ,
543 5084 640 5136 καὶ
666 5083 694 5133 6
725 5081 966 5152 ὕπαρχος
995 5084 1317 5154 Μονομάχος
1337 5122 1351 5148 ,
1379 5086 1474 5138 καὶ
1502 5084 1530 5136 6
1563 5101 1714 5154 πρω-

179 5169 505 5240 τοϐεστιάριος
543 5173 904 5242 Παλαιολόγος
939 5176 1284 5246 Λνδρόνικος,
1315 5176 1429 5241 ικαὶ
1465 5177 1560 5228 ἐπὶ
1591 5177 1715 5228 τού-

180 5273 268 5322 τοις
294 5264 593 5334 Δημήτριος
624 5265 652 5316 6
678 5265 944 5334 δεσπότης
971 5267 1006 5318 ὅ
1023 5266 1117 5319 τοῦ
1150 5267 1415 5336 βασιλέως
1446 5268 1580 5331 υἱός.
1606 5265 1713 5320 Τοῦ

182 5347 226 5400 δι
247 5351 304 5404 ὲκ
325 5355 423 5407 τῶν
450 5355 736 5424 Τριϐαλῶν
765 5356 1116 5427 συμμαχικοῦ
1147 5357 1468 5413 δυοκαίδεκα
1494 5359 1710 5427 ταγμά-

182 5453 267 5492 των
288 5443 466 5511 ὅντων,
495 5448 523 5499 6
551 5446 768 5518 Χρέλης
795 5450 1122 5519 ἐστρατήγει
1144 5489 1161 5514 ,
1187 5451 1295 5504 τῶν
1321 5469 1378 5505 τε
1407 5452 1557 5522 παρὰ
1581 5452 1713 5522 Τρι-

184 5525 332 5594 ϐαλοῖς
358 5533 691 5605 εὐπατριδῶν
720 5539 818 5590 καὶ
846 5537 1069 5609 ἀνδρίας
1100 5542 1195 5594 καὶ
1223 5542 1516 5612 ἐμπειρίας
1548 5560 1714 5614 στρα-

176 5621 380 5692 τηγικῆς
412 5624 479 5678 τὰ
517 5626 710 5696 πρῶτα
753 5627 935 5697 φέρων
968 5629 1098 5702 παρ’
1126 5631 1330 5695 αὐτοῖς.
1359 5633 1511 5702 Ἀμα
1547 5633 1604 5688 δὲ
1637 5634 1716 5705 τῷ

182 5709 396 5778 ᾰψασθαι
413 5716 509 5787 τῆς
530 5719 617 5772 ἐπ’
637 5717 879 5781 ἐκείνους
897 5717 1036 5788 ὁδοῦ,
1062 5725 1090 5777 6
1112 5721 1362 5794 βασιλεὺς
1385 5725 1716 5792 πρόσταγμα

1815 4630 2036 4694 cedere,
2087 4644 2320 4697 quorum
2376 4627 2568 4691 duces,
2621 4627 2974 4694 imperatoris
3022 4625 3260 4680 senioris
3312 4641 3382 4680 ex

1813 4733 2001 4774 sorore
2058 4716 2247 4779 ﬁlius,
2301 4715 2528 4769 Michael
2587 4717 2815 4778 Asanes,
2874 4724 2932 4767 et
2994 4711 3384 4766 Monomachus

1812 4809 2124 4879 praefectus,
2156 4807 2310 4877 161
2347 4817 2404 4861 et
2432 4805 2784 4860 Andronicus
2824 4803 3159 4872 Palaaologus
3201 4811 3412 4868 proto-'

1813 4900 2127 4962 vestiarius,
2163 4915 2226 4953 ac
2263 4908 2384 4968 post
2424 4913 2521 4952 eos
2561 4897 2872 4952 Demetrius
2911 4897 3160 4966 despota,
3210 4896 3384 4962 impe-

1814 4995 2015 5050 ratoris
2055 4994 2236 5060 ﬁlius;
2290 4992 2662 5046 Triballorum
2711 4991 3000 5045 duodecim
3053 4988 3380 5044 cohortibus

1809 5089 2035 5145 Chreles
2066 5098 2331 5157 praeerat;
2376 5087 2469 5154 qui
2521 5085 2662 5139 inter
2717 5083 2926 5138 nobiles
2976 5097 3086 5135 sua:
3139 5077 3380 5133 nationis

1810 5179 2140 5233 fortitudine
2201 5186 2258 5231 et
2302 5176 2522 5231 bellicis
2561 5175 2823 5229 laudibus
2869 5170 3231 5226 antecellebat
3264 5182 3382 5220 om-

1811 5271 1996 5324 nibus.
2028 5268 2203 5323 Simul
2242 5278 2426 5322 autem
2457 5267 2602 5320 viam
2644 5264 2874 5334 ingressi
2905 5269 3053 5324 sunt,
3083 5260 3378 5328 imperator

1806 5361 1991 5430 junior
2042 5359 2358 5429 huiusmodi
2407 5357 2726 5411 mandatum
2774 5355 2842 5408 ad
2887 5367 2982 5408 eos
3033 5351 3200 5404 mittit
3244 5369 3258 5404 :
3306 5347 3374 5402 Mi

1813 5461 2006 5522 patrue
2052 5451 2306 5520 despota,
2367 5459 2422 5503 et
2472 5463 2572 5501 vos
2625 5446 2845 5517 cognati
2891 5445 3020 5519 mei,
3068 5444 3376 5514 reliquique

1813 5542 2093 5612 principes
2131 5540 2432 5602 exercitus,
2479 5546 2743 5606 quantam
2771 5535 3209 5599 venerationem,
3249 5539 3381 5616 ohe-

1813 5634 2097 5697 dientiant,
2133 5642 2189 5688 et
2227 5645 2470 5686 amorem
2501 5644 2602 5684 avo
2634 5644 2756 5684 meo
2785 5629 3056 5685 hactenus
3095 5629 3380 5700 impende-

1816 5724 1942 5790 rim,
1989 5732 2046 5778 et
2073 5721 2349 5791 quomodo
2394 5720 2598 5778 bellum
2628 5735 2659 5776 a
2693 5734 2780 5776 mc
2811 5734 3158 5784 nequaquam
3189 5729 3371 5776 ortum
