3952 6204
559 303 661 366 351

1723 299 2052 364 IOANNIS
2091 295 2620 359 CANTACUZENI
3644 305 3728 369 352

559 415 654 479 sit.
705 411 799 466 sed
823 423 1039 466 omnem
1073 412 1256 480 potius
1281 411 1336 465 in
1361 425 1429 466 eo
1452 409 1838 480 cogitationem
1864 409 2117 467 locarim.

2239 409 2482 478 πέπομφε
2525 407 2661 478 πρὸς
2700 407 2896 471 αὐτοὺς
2941 407 3200 480 περιέχον
3224 408 3480 464 τοιαῦτα·
3511 412 3616 468 Bait
3649 436 3728 486 μου

564 519 891 572 omnemque
945 504 1256 558 machinam
1317 503 1612 566 moverim,
1679 510 1741 555 ut
1798 500 1850 555 id
1900 501 2125 554 omnino

567 595 776 648 nullum
826 607 992 659 esset,
1043 595 1209 659 Deus,
1235 609 1397 663 quem
1447 593 1590 647 nihil
1617 593 1776 662 fugit.
1829 591 2007 652 nov-it.
2063 601 2121 644 et

561 695 780 754 egomet
815 685 950 738 mihi
1002 699 1123 739 sum
1159 685 1432 739 conscius.
1471 685 1861 752 Imperatorem
1905 683 2125 752 quidem

561 775 628 828 ad
667 775 848 830 (trdus
893 775 1248 834 servandum.
1282 788 1600 842 quanquam
1626 773 1840 827 crebris
1871 771 2128 825 obsecra-

564 867 810 920 tionibus
838 864 1064 918 ﬂectere
1099 879 1205 917 non
1237 863 1410 932 potui.
1447 861 1647 915 fretum
1678 861 1982 929 promissis,
2007 874 2127 929 qua:

562 972 660 1009 vos
703 956 753 1008 ei
806 957 858 1008 in
889 961 1054 1022 caput
1093 969 1274 1008 meum
1318 953 1570 1007 dedistis.
1605 952 1808 1006 Audit.)
1852 962 2034 1006 autem
2068 959 2127 1004 ct

565 1061 659 1098 vos
698 1047 860 1098 rebus
889 1029 1327 1098 occidentalibus
1357 1059 1453 1109 pro
1484 1057 1695 1096 summa
1729 1041 2126 1095 commoditate

566 1147 745 1190 iestra
777 1137 1046 1189 ordinatis
1087 1152 1240 1190 nunc
1277 1151 1448 1202 usque
1481 1135 1729 1187 Dramam
1759 1141 1816 1185 et
1843 1132 2128 1199 Philippos

560 1227 768 1288 venire.
808 1229 1120 1294 suspicatus
1158 1242 1277 1279 sum
1316 1227 1368 1278 id
1395 1227 1538 1294 quod
1574 1233 1679 1286 est.
1715 1224 1823 1277 huc
1857 1238 1940 1276 me
1979 1238 2128 1290 qua-

561 1317 726 1368 situm
779 1323 1095 1368 adventare.
1149 1317 1286 1378 Quia
1323 1331 1451 1368 vero
1498 1325 1656 1369 aetate
1707 1330 1825 1368 sum
1879 1313 2126 1374 inferior,

567 1405 707 1457 Laud
759 1405 1126 1469 fasjudicavi,
1165 1405 1218 1457 in
1249 1404 1481 1458 Thracia
1528 1403 1801 1456 manendo
1831 1401 2015 1470 plures
2052 1400 2132 1452 la-

563 1496 729 1550 bores
767 1496 925 1549 vobis
973 1511 1180 1557 creare.
1233 1497 1326 1548 sed
1361 1495 1558 1548 vexillo
1609 1509 1732 1547 meo
1779 1487 2131 1561 imperatoris

566 1597 996 1649 sacramentum.
1053 1601 1160 1653 quo
1205 1585 1260 1638 in
1307 1585 1515 1639 laedere.
1563 1585 1701 1638 mihi
1741 1599 1800 1638 se
1846 1582 2126 1652 obligavit.

563 1680 932 1748 suspendens.
960 1679 1103 1732 viam
1142 1679 1208 1734 ad
1239 1695 1336 1733 vos
1367 1679 1661 1732 ducentem
1688 1676 1982 1747 capessivi,
2016 1691 2129 1728 ma-

2226 501 2462 568 δεσπότη
2496 500 2591 552 καὶ
2624 499 2782 570 ὑμεῖς
2815 498 2947 552 θεῖοί
2985 517 3086 569 μου
3125 503 3221 556 καὶ
3249 501 3298 554 οῑ
3330 502 3496 556 λοιποὶ
3523 506 3733 576 ἄρχοντες

2226 589 2327 660 τῆς
2363 591 2622 660 στρατιᾶς
2640 629 2657 652 ,
2691 590 2882 644 όποίαν
2910 607 3030 643 τινα
3059 591 3372 647 εὐπείθειαν
3403 593 3491 647 καὶ
3519 596 3632 648 αίδῶ
3659 604 3736 654 καὶ

2228 678 2408 748 φιλίαν
2439 679 2575 749 πρὸς
2606 678 2696 732 τὸν
2730 679 2860 750 ἐμὸν
2895 679 3118 733 πάππον
3154 681 3248 733 καὶ
3286 681 3498 750 βασιλέα
3531 685 3582 737 ὲν
3608 688 3736 740 παντὶ

2228 768 2305 838 τῷ
2363 769 2696 838 παρασχόντι
2747 769 3176 839 ὲπεδεικνύμην,
3229 773 3374 834 ὅπως
3418 788 3475 826 τι
3527 774 3738 841 οὐδεμίαν

2227 857 2376 927 αὐτῷ
2407 861 2684 929 παρέσχον
2711 859 2967 931 ἀφορμὴν
2998 861 3259 930 πολέμου,
3290 861 3424 915 ἀλλὰ
3457 864 3634 931 μᾶλλον
3658 868 3742 919 ni-

2229 965 2329 1003 σαν
2364 948 2609 1003 ἐπίνοιαν
2649 949 2876 1019 ὲκίνησα
2916 953 3014 1005 καὶ
3053 951 3306 1023 μηχανὴν
3344 951 3479 1006 ὥστε
3521 956 3636 1022 μηδὲ
3666 957 3741 1027 τὴν

2227 1039 2404 1109 ἀρχὴν
2435 1039 2720 1108 κινηθῆναι
2748 1043 2838 1093 τὸν
2866 1040 3102 1110 πόλεμον
3131 1043 3376 1107 τουτονὶ,
3407 1043 3529 1106 Θεός
3553 1062 3605 1096 τε
3633 1042 3743 1102 οἶδεν

2228 1133 2256 1182 ὁ
2286 1131 2462 1182 πάντα
2492 1128 2648 1192 εἰδὼς
2668 1172 2684 1193 ,
2717 1132 2808 1183 καὶ
2838 1131 3001 1192 adeo;
3034 1131 3252 1185 σύνοιδα
3283 1133 3521 1201 ἐμαυτῷ.
3553 1134 3744 1188 Βασιλέα

2231 1220 2334 1286 μὲν
2361 1218 2452 1271 οὖν
2505 1221 2690 1272 πεῖσαι
2715 1223 2836 1282 ταῖς
2868 1222 3165 1284 συνθήκαις
3196 1224 3449 1292 ἐμμένειν
3473 1224 3566 1276 οὐκ
3587 1225 3746 1295 ἠδυνή-

2231 1308 2353 1376 θην,
2391 1307 2563 1361 πολλὰ
2593 1308 2828 1378 δεηθεὶς,
2858 1311 2979 1371 ταῖς
3009 1309 3361 1378 έπαγγελιαις
3389 1313 3674 1380 πεποιθότα,
3697 1316 3746 1378 ἃς

2229 1395 2378 1466 αὐτῷ
2419 1397 2821 1466 ἐπηγγείλασθε
2856 1399 3016 1468 ὑμεῖς
3049 1399 3172 1453 κατ’
3203 1400 3358 1470 ἐμοῦ.
3399 1403 3675 1472 Πυθόμενος
3702 1405 3746 1458 δὲ

2230 1487 2324 1538 καὶ
2363 1487 2507 1555 ὑμᾶς
2543 1487 2612 1540 τὰ
2653 1488 2791 1541 κατὰ
2824 1489 2921 1559 τὴν
2955 1491 3197 1560 ἑσπέραν
3228 1492 3304 1552 ὡς
3340 1490 3405 1544 ἂν
3438 1493 3557 1561 ὑμῖν
3586 1494 3747 1561 ἄριστα

2229 1575 2375 1648 εἶχεν
2405 1579 2936 1648 οίκονομησαμόνους
2971 1581 3063 1634 νῦν
3093 1581 3254 1650 ήκειν
3285 1584 3409 1653 ἄχρι
3445 1585 3645 1654 Δράμας
3676 1588 3750 1640 καὶ

2230 1671 2330 1739 τῆς
2357 1671 2658 1736 Φιλίππου,
2688 1673 2824 1743 ὅπερ
2854 1675 3002 1729 ἐστὶν
3030 1675 3341 1747 ὑπενόησα,
3373 1676 3469 1744 έμὲ
3498 1677 3749 1746 ζητοῦντας

565 1786 695 1824 num
733 1770 823 1823 ubi
859 1771 1218 1825 occurrissem
1254 1777 1635 1824 couserturus.
1683 1768 1743 1822 Id
1785 1783 1908 1822 cum
1941 1767 2128 1820 sciatis

2239 1761 2356 1832 Ξχρι
2383 1762 2572 1816 τούτου
2599 1741 2804 1816 ἑλθεῖνξ
2832 1763 2986 1820 Ἐπεὶ
3009 1766 3064 1818 δὲ
3091 1741 3361 1834 νεώτερος
3384 1741 3530 1836 υμῶν
3548 1741 3652 1836 ⁷ἐγὼ
3672 1767 3750 1836 τὴν

566 1863 754 1927 modo,
799 1865 866 1916 ad
913 1879 1146 1930 pugnam
1199 1877 1296 1915 vos
1337 1863 1609 1931 expedite.
1657 1860 1763 1915 Ista
1820 1860 1873 1914 in
1928 1858 2129 1913 litteris

566 1951 890 2020 imperator.
937 1953 1018 2006 Illi
1055 1968 1112 2005 se
1147 1952 1479 2004 infirmiores
1505 1949 1842 2020 judicantes,
1877 1963 2036 2016 quam
2070 1958 2130 2004 ut

567 2045 684 2094 acie
720 2042 1087 2104 decertarent.
1117 2043 1513 2110 audientesque
1553 2041 1943 2109 imperatorem
1986 2038 2131 2092 Xan-

568 2131 738 2182 thiam
797 2134 1124 2194 accessisse,
1182 2132 1494 2185 consultum
1558 2131 1676 2184 fore
1743 2130 2127 2193 decreverunt,

571 2224 739 2272 motis
769 2222 963 2275 castris
999 2223 1106 2275 alio
1149 2237 1206 2276 se
1239 2222 1563 2275 transferre.
1597 2222 1769 2288 Igitur
1799 2222 2003 2274 Pheras
2034 2235 2130 2289 pe.-

567 2319 688 2364 tunt
719 2351 732 2372 ,
770 2321 823 2364 et
855 2313 999 2379 quod
1040 2314 1172 2365 urbs
1195 2328 1256 2366 ea
1289 2311 1622 2366 ﬁrmissimis
1662 2322 1813 2380 septa
1857 2311 2130 2366 tnmnibus

567 2413 737 2460 esset.
771 2413 1032 2471 tantoque
1069 2405 1337 2457 exercitui
1367 2414 1731 2457 commeatum
1783 2404 2132 2472 suppeditare

566 2492 796 2562 largiter
826 2503 1046 2561 posset.
1088 2504 1143 2548 et
1191 2495 1318 2564 quia
1354 2495 1668 2563 sperabant,
1715 2495 2127 2563 imperatorem.

570 2583 660 2635 ubi
706 2585 1073 2638 intellexisset
1121 2600 1218 2638 eos
1250 2585 1439 2640 urbem
1490 2586 1635 2640 illam
1670 2601 1770 2655 pro
1797 2585 1991 2639 castris
2039 2585 2133 2637 ha-

569 2672 722 2735 bere.
780 2689 1108 2742 annonaque
1160 2683 1216 2727 et
1267 2675 1482 2742 reliquo
1531 2684 1838 2728 commeatu
1889 2672 2130 2736 aﬂluere.

571 2773 904 2816 metuentem
942 2779 1009 2817 ne
1032 2778 1062 2816 e
1088 2765 1283 2818 castris
1311 2763 1449 2817 adeo
1482 2764 1706 2818 munitis
1757 2770 2128 2832 erumperent,

569 2850 904 2919 Christopoli
957 2868 1300 2908 mansurum.
1332 2855 1435 2920 Qui
1469 2863 1530 2907 ut
1553 2853 1927 2922 Christopolin
1959 2853 2131 2919 venit,

567 2950 623 2994 et
645 2957 740 2995 eos
771 2943 967 2997 Pheris
1005 2959 1062 2998 se
1088 2945 1389 2999 credidisse
1422 2946 1655 3014 accepit.
1693 2944 1945 3014 persequi
1978 2944 2133 2998 insti-

2229 1855 2443 1924 ἠλικίαν
2488 1855 2547 1906 οὐ
2596 1853 2713 1907 δέον
2763 1855 3096 1927 ἐλογισάμην
3144 1857 3317 1920 αἴτιος
3367 1859 3490 1927 ὑμῖν
3532 1859 3752 1912 πλειόνων

2229 1945 2480 2015 γενέσθαι
2513 1945 2690 2000 πόνων
2720 1949 2813 2000 ἐπὶ
2841 1948 2938 2016 τῆς
2967 1948 3192 2020 Θρᾴκης
3227 1949 3422 2018 μένων,
3453 1950 3541 2003 ἐπὶ
3565 1953 3650 2018 τῆς
3677 1966 3753 2020 ση-

2232 2037 2396 2105 μαίας
2426 2037 2523 2106 τῆς
2556 2038 2693 2106 ἐμῆς
2723 2039 2850 2103 τοὺς
2879 2037 2974 2092 τοῦ
3009 2040 3274 2109 βασιλέως
3308 2042 3498 2110 ὅρκους
3534 2042 3749 2103 ἀναθεὶς.

2229 2125 2321 2190 οὒς
2366 2129 2457 2180 ἐπὶ
2498 2131 2616 2192 ταῖς
2661 2129 2956 2200 συνθήκαις
2999 2131 3297 2201 ὀμώμοκεν
3336 2135 3480 2202 ἐμοὶ,
3519 2133 3609 2203 τῆς
3644 2133 3752 2203 πρὸς

2233 2220 2376 2289 ὑμᾶς
2405 2219 2677 2291 φερούσης
2706 2221 2951 2291 ἡψάμην,
2979 2222 3056 2285 ὡς
3086 2225 3334 2294 ὅπουπερ
3363 2224 3426 2278 ἂν
3454 2226 3644 2294 ἐντύχω
3669 2240 3753 2294 μα-

2231 2312 2492 2381 χούμενος
2526 2313 2656 2382 ὑμῖν
2680 2329 2693 2344 ⁸
2728 2313 2756 2366 ὃ
2791 2314 2854 2382 δὴ
2889 2315 2984 2368 καὶ
3018 2315 3180 2383 ὑμεῖς
3214 2315 3414 2378 ειδότες
3445 2316 3539 2387 ήδη
3560 2355 3575 2379 ,
3607 2331 3752 2384 παρα·

2233 2403 2576 2457 σκευάσασθε
2625 2405 2761 2473 πρὸς
2811 2404 3014 2474 μάχην.
3061 2404 3302 2458 Τοιαῦτα
3357 2406 3452 2475 μὲν
3497 2406 3665 2476 ἐδήλου
3698 2405 3754 2456 τὰ

2231 2495 2556 2564 γράμματα.
2588 2496 2650 2548 ΟΞ
2683 2494 2727 2548 δ’
2778 2497 2899 2548 ἐπεὶ
2929 2496 3180 2564 ἔγνωσαν
3208 2496 3454 2550 ἀδύνατοι
3484 2492 3608 2548 εἶναι
3633 2497 3752 2548 ἀντι-

2232 2585 2649 2655 παρατάξασθαι
2681 2586 2814 2656 πρδς
2847 2587 3062 2658 μάχην,
3093 2588 3361 2654 δπύθοντο
3388 2588 3440 2642 δὲ
3471 2588 3619 2658 μέχρι
3643 2587 3754 2640 Ξαν-

2234 2676 2382 2740 θείας
2421 2677 2643 2746 βασιλέα
2677 2678 2975 2746 ἐφθακέναι
2998 2716 3014 2742 ,
3044 2679 3143 2732 οὐκ
3181 2681 3356 2733 έδόκει
3390 2680 3656 2734 λυσιτελεῖν
3681 2680 3753 2732 ἐπὶ

2231 2763 2330 2832 τῆς
2359 2764 2528 2833 αὐτῆς
2560 2765 2748 2832 μένειν
2779 2767 3228 2836 στρατοπεδείας,
3258 2767 3375 2821 ἀλλ’
3399 2770 3612 2838 ἄραντες
3636 2769 3755 2820 £st-

2234 2851 2346 2914 θεν,
2375 2847 2536 2923 ἦλθον
2569 2854 2647 2916 είς
2675 2853 2852 2922 Φεράς
2875 2869 2892 2885 ο
2926 2853 3041 2924 ἅμα
3075 2855 3176 2923 μὲν
3212 2857 3305 2908 καὶ
3327 2855 3416 2908 διὰ
3439 2857 3496 2908 τὸ
3520 2859 3609 2924 τὴν
3635 2853 3757 2905 πόλιν

2234 2945 2438 3012 ὀχυρὰν
2469 2939 2607 2997 εἶναι
2639 2947 3071 3014 καρτερωτάτων
3101 2948 3305 3016 τειχῶν
3338 2947 3656 3024 περιϐολαῖς,
3679 2945 3754 2996 καὶ

568 3032 695 3093 tuit.
753 3043 809 3085 et
866 3035 931 3086 ad
976 3035 1239 3104 oppidum
1296 3035 1502 3090 Zichua
1561 3036 1913 3105 appellatum.
1965 3029 2134 3104 prope

2239 3034 2493 3102 ἀφθονίαν
2541 3033 2648 3087 τῶν
2699 3035 3020 3104 ἐπιτηδείων
3072 3037 3386 3106 δυναμένην
3435 3037 3662 3106 χορηγεῖν
3702 3035 3756 3100 τῇ

570 3125 798 3181 Pheras.
831 3127 1140 3178 exercitum
1165 3125 1415 3180 adduxit.
1453 3126 1667 3180 Zichnii
1697 3127 1804 3195 jam
1837 3134 1984 3188 ante.
2025 3125 2130 3179 im-

572 3217 790 3285 pulsore
836 3217 1027 3273 Alexio
1067 3218 1429 3286 Zamplacone
1474 3234 1672 3286 magno
1703 3219 1920 3288 pappia.
1959 3219 2056 3288 qui
2103 3235 2134 3275 e

569 3307 906 3377 Christopoli
959 3311 1178 3363 occulte
1214 3326 1339 3364 cum
1395 3310 1531 3379 ipsis
1566 3319 1772 3379 egerat.
1824 3312 2027 3364 animis
2067 3311 2134 3365 ad

569 3397 846 3464 iuniorem
897 3399 1281 3468 imperatorem
1332 3399 1669 3453 defecerant.
1727 3399 1794 3452 Et
1840 3399 1968 3468 quia
2021 3411 2136 3453 tum

572 3501 681 3542 non
729 3503 844 3557 spe.
892 3489 985 3544 sed
1022 3490 1196 3542 oculis
1248 3489 1378 3558 ipsis
1424 3500 1634 3543 certum
1685 3490 1943 3544 videbant
1988 3491 2141 3544 auxi-

572 3577 730 3640 lium.
759 3579 1036 3647 propalam
1071 3579 1226 3648 162
1259 3579 1324 3631 ad
1373 3595 1498 3632 eum
1529 3579 1713 3634 dedita
1749 3580 1883 3634 urbe
1913 3583 2142 3678 transie-

571 3679 725 3724 runt.
785 3669 1083 3724 Transacto
1139 3672 1214 3724 ibi
1273 3670 1444 3724 biduo
1491 3672 1557 3725 ad
1615 3673 1998 3736 reﬁciendum,
2054 3669 2140 3726 Fe-

577 3760 988 3830 creandumque
1021 3775 1088 3815 ex
1135 3762 1345 3818 itineris
1375 3762 1588 3826 labore,
1653 3778 1718 3816 ex
1749 3763 2054 3828 pluviarum
2089 3764 2142 3817 el

574 3851 796 3923 {rigoris
831 3853 1029 3923 injuria
1079 3855 1308 3908 militem
1337 3856 1566 3924 (quippe
1606 3869 1792 3909 mense
1833 3855 2142 3920 Januario),

574 3943 664 4000 die
709 3947 869 3998 tertio
918 3949 1054 4000 bene
1110 3961 1270 4000 mane
1320 3947 1537 4015 signum
1574 3947 1640 4000 ad
1698 3961 1845 4000 arma
1879 3947 2144 4014 capienda

575 4037 688 4091 dari
714 4037 895 4106 jussit.
930 4036 1068 4089 Tum
1117 4037 1401 4090 instructis
1433 4038 1583 4091 velut
1618 4036 1682 4088 ad
1730 4051 1961 4104 pugnam
1997 4035 2146 4090 ordi-

575 4141 610 4179 ιι
639 4128 761 4186 bus.
815 4127 1118 4194 composite
1152 4137 1206 4180 et
1237 4143 1360 4180 eum
1409 4127 1628 4180 silentio
1665 4127 1998 4188 incedentes,
2033 4142 2141 4181 non

575 4220 768 4286 procul
819 4219 1026 4280 Pheris,
1088 4219 1312 4270 lluviolo
1367 4217 1652 4270 Libobisto
1704 4217 2042 4280 transmisso,
2088 4217 2142 4271 in

577 4313 888 4377 procinctu.
919 4318 1174 4376 tanquam
1198 4323 1321 4361 cum
1352 4307 1506 4360 hoste
1531 4307 1642 4376 jam
1664 4307 1774 4374 jam
1804 4305 2139 4369 dimicaturi.

2243 3126 2474 3196 στρατιᾷ
2500 3125 2734 3196 τοσαύτῃ
2762 3125 2918 3198 οὔσῃ,
2946 3126 3062 3195 αμα
3091 3127 3148 3180 δὲ
3185 3127 3498 3192 ἐλπίσαντες
3523 3128 3607 3180 καὶ
3630 3125 3757 3193 βασι-

2241 3218 2338 3270 λέα
2359 3257 2373 3279 .
2404 3217 2472 3271 ἂν
2501 3217 2701 3280 αὐτοὺς
2735 3217 2970 3289 πύθηται
3005 3217 3200 3290 ὥσπερ
3234 3219 3570 3290 στρατοπέδῳ
3596 3221 3650 3285 τῇ
3678 3217 3760 3267 θε-

2245 3308 2412 3377 ραίων
2434 3307 2772 3377 χρωμένους,
2791 3309 2886 3362 καὶ
2907 3309 3166 3377 ἀφθονίαν
3194 3312 3414 3381 ἔχοντας
3437 3310 3590 3367 σίτου.
3607 3309 3760 3375 ὥσπερ

2243 3397 2694 3453 ἀποδειλιάσαντα
2725 3399 2782 3451 τὸ
2811 3398 2870 3462 ἐξ
2895 3398 3092 3468 ὀχυρυῦ
3119 3401 3322 3465 αὐτοὺς
3347 3399 3601 3471 ὁρμᾶσθαι
3627 3413 3760 3466 στρε·

2243 3488 2499 3552 τοπέδου,
2531 3490 2665 3556 πρὸς
2697 3483 3091 3557 Χριστούπολιν
3125 3494 3332 3558 μενεῖν.
3365 3491 3606 3550 Βασιλεὺς
3630 3488 3678 3541 δὲ
3700 3485 3764 3548 ὡς

2247 3581 2465 3648 ἐγένετο
2494 3581 2552 3632 έν
2581 3580 3007 3649 Χριστουπόλει,
3043 3583 3166 3634 ἐπεὶ
3196 3583 3429 3636 ἐπύθετο
3453 3583 3631 3643 αὐτοὺς
3657 3582 3761 3641 ἀφι-

2245 3687 2317 3739 γμ
2332 3673 2482 3733 ένους
2521 3671 2602 3731 εις
2641 3669 2839 3738 Φερὰς,
2879 3670 2968 3740 ᾔει
3007 3674 3102 3726 καὶ
3140 3672 3308 3738 αὐτὸς
3346 3673 3519 3727 αὐτῶν
3552 3671 3760 3725 κατόπιν.

2248 3762 2357 3814 Καὶ
2386 3762 2876 3830 ἐστρατοπέδευσεν
2904 3765 2961 3816 ὲν
2993 3764 3252 3835 πολιχνίῳ
3279 3766 3384 3819 τινὶ
3413 3765 3569 3840 Ζῖχγα
3597 3777 3765 3832 «posse

2247 3853 2592 3923 γορευομένῳ
2621 3855 2789 3921 ἐγγὺς
2813 3855 3019 3923 Φερῶν.
3055 3858 3118 3908 Οί
3149 3857 3206 3912 δὲ
3238 3860 3460 3929 Ζίχνιοι,
3492 3858 3577 3910 καὶ
3605 3855 3768 3924 spicu-

2251 3959 2342 4012 ρον
2379 3943 2476 4013 μὲν
2510 3941 2878 4010 ἀφεστηκότες
2913 3943 3012 4013 ήδη
3048 3947 3165 4006 ταῖς
3203 3945 3452 4015 γνώμαις
3487 3943 3612 4012 πρὸς
3645 3940 3770 4008 βασι·

2248 4033 2344 4086 λέα
2373 4035 2464 4087 τὸν
2494 4033 2613 4086 νέον
2633 4074 2647 4097 ,
2686 4031 2925 4099 ’Δλεξίου
2963 4033 3412 4104 Τζαμπλάκωνος
3441 4034 3532 4087 τοῦ
3567 4029 3770 4103 μεγάλου

2249 4124 2454 4176 παπίου
2501 4124 2787 4192 ινάγοντος
2836 4128 2970 4194 πρὸς
3015 4124 3205 4188 τοῦτο,
3255 4127 3321 4178 ἐκ
3369 4119 3771 4195 Χριστουπόλεως

2250 4214 2434 4284 κρύφα
2465 4215 2600 4286 πρὸς
2631 4213 2792 4268 αὑτὸν
2825 4215 3239 4284 διαλεγομένου,
3271 4219 3396 4269 τότε
3415 4199 3481 4270 ’δὲ
3509 4215 3600 4269 οὐκ
3627 4212 3677 4262 έν
3700 4207 3772 4259 ἑλ-

2253 4307 2454 4379 ιιιίσινἰ
2485 4306 2598 4358 ἀλλ’
2626 4307 2683 4357 ὲν
2728 4305 2932 4374 βεϐαίῳ
2975 4306 3074 4376 ἤδη
3114 4305 3214 4375 τὴν
3257 4305 3506 4376 βοήθειαν
3543 4301 3770 4373 δρῶντες.

579 4415 674 4466 per
705 4400 846 4451 diem
895 4398 1286 4451 constiterunt.
1332 4397 1403 4452 Ut
1452 4411 1614 4450 nemo
1641 4405 1830 4448 contra
1872 4396 2025 4460 exiit,
2057 4412 2135 4451 ca-

2247 4399 2560 4466 ἁπέσ.ησαν
2605 4397 2927 4462 ἀναφανδὸν,
2976 4399 3091 4448 καὶ’
3121 4395 3334 4467 βασιλεῖ
3383 4392 3774 4465 προσεχώρησαν

578 4488 708 4540 stris
759 4486 958 4540 ibidem
1013 4487 1204 4555 positis
1257 4496 1472 4541 noctem
1521 4485 1814 4539 duxerunt.
1856 4484 1971 4550 Qua
2026 4487 2142 4554 ipsa

575 4587 738 4629 nocte
792 4579 1071 4644 copiarum
1125 4577 1560 4631 Occidentalium
1622 4577 1825 4636 duces.
1882 4577 2142 4642 adjuncto

577 4667 739 4719 etiam
771 4651 968 4720 Chrele
1000 4667 1369 4721 Triballorum
1411 4667 1663 4729 ductore.
1690 4667 1759 4720 de
1789 4683 1966 4737 pugna
1997 4684 2144 4720 com-

567 4758 844 4824 .mittenda
895 4757 1294 4824 disceptarunt.
1341 4759 1652 4822 Decretum,
1704 4760 1757 4814 id
1809 4775 1988 4828 neque
2035 4760 2144 4814 R0-

581 4849 782 4908 manis.
835 4863 1014 4912 neque
1062 4849 1227 4902 sociis
1262 4850 1400 4903 bene
1449 4866 1730 4905 casurum.
1783 4851 1998 4904 Etenim
2033 4860 2141 4904 tam

582 4949 735 4992 ratus
760 4939 917 5000 ordo.
947 4940 1251 5006 silentium,
1279 4951 1335 4994 et
1366 4943 1652 4995 tolerantia
1681 4942 2142 5008 adversariorum,

584 5049 690 5086 non
741 5048 966 5101 parvum
1019 5034 1099 5088 eis
1145 5035 1394 5087 timorem
1445 5035 1787 5098 incutiebat;
1829 5036 2145 5090 arbitranti-

583 5123 707 5182 bus.
743 5138 846 5176 non
881 5139 975 5177 eos
1025 5131 1131 5177 tam
1180 5123 1414 5178 mirifico
1449 5124 1654 5192 impetu
1693 5125 1758 5179 ad
1789 5126 2141 5194 pugnandum

579 5227 704 5265 cum
733 5213 1006 5282 pluribus,
1036 5221 1088 5266 et
1115 5227 1266 5266 suam
1300 5215 1540 5283 ipsorqu
1566 5215 1754 5268 urbem
1782 5216 2144 5270 insidentibus

582 5302 715 5356 ferri
745 5303 1006 5370 potuisse,
1043 5303 1096 5354 ni
1125 5304 1275 5371 prius
1297 5319 1481 5358 secum
1514 5306 1674 5373 plane
1701 5307 2142 5371 constituissent,

583 5393 640 5446 iu
703 5395 900 5459 ιιι-(ΒΙἰο
958 5401 1052 5446 aut
1092 5391 1333 5456 vincere,
1385 5405 1478 5448 aut
1534 5397 1880 5450 occumbere.
1937 5397 2147 5451 Placuit

585 5481 754 5548 igitur
796 5486 938 5535 intra
967 5497 1154 5534 muros
1185 5497 1243 5536 se
1269 5485 1574 5548 continere.
1615 5486 1806 5539 urbem
1839 5487 2143 5548 custodire.

585 5582 643 5624 et
673 5572 1018 5625 obsidionem
1053 5574 1309 5636 tolerare.
1361 5592 1423 5629 ac
1461 5577 1505 5628 si
1558 5578 1856 5644 imperator
1886 5577 1980 5630 diu
2033 5577 2146 5630 illic

585 5662 835 5716 haesurus
858 5677 968 5716 non
996 5671 1161 5718 esset.
1188 5663 1455 5719 Pestridie
1478 5676 1664 5721 exorta
1698 5668 1820 5722 luce
1851 5670 2147 5736 imperator

2247 4491 2325 4556 τῷ
2356 4490 2484 4558 νέῳ,
2516 4487 2610 4539 καὶ
2643 4487 2703 4538 τὸ
2739 4487 2973 4554 πόλισμα
3008 4486 3372 4555 ἐνεχείρισαν.
3413 4478 3774 4555 Στρατοπεδεύ-

2250 4595 2348 4642 σας
2379 4578 2433 4630 δὲ
2460 4579 2487 4630 ό
2517 4575 2767 4646 βασιλεὺς
2798 4577 2854 4626 έν
2882 4575 3048 4644 Ζίχνᾳ
3076 4577 3290 4647 ἡμέρας
3320 4576 3436 4638 δύο,
3462 4576 3533 4637 ὡς
3565 4575 3626 4626 ἂν
3652 4570 3706 4622 ἐκ
3729 4582 3776 4618 τε

2247 4668 2357 4720 τῶν
2393 4666 2488 4734 τῆς
2531 4666 2835 4733 ὁδοιπορίας
2880 4666 3055 4717 πόνων
3093 4667 3185 4717 καὶ
3225 4665 3332 4718 τῶν
3377 4665 3547 4718 ὑετῶν
3578 4659 3776 4714 καὶτῶν

2249 4760 2530 4829 χειμώνων
2567 4760 2599 4826 ἡ
2642 4759 2870 4826 στρατιᾶ
2909 4759 3284 4825 ἁνακτήσηται
3322 4759 3556 4826 ἑιυτήνο
3591 4751 3652 4824 ἢν
3687 4752 3776 4817 γὰρ

2249 4851 2310 4919 δὴ
2347 4852 2490 4904 κατὰ
2527 4851 2669 4918 μῆνα
2703 4850 3031 4917 Ἰανουάριον
3061 4851 3094 4918 η
3126 4849 3221 4902 τοῦ
3254 4851 3522 4920 χειμῶνος
3554 4845 3663 4914 ὥρα
3684 4859 3696 4872 ⁸
3721 4841 3774 4906 τῇ

2249 4939 2404 5010 τρίτῃ
2437 4940 2550 5008 ἅμα
2582 4939 2655 5007 ἕῳ
2685 4938 3000 5002 ὁπλίζεσθαι
3031 4939 3128 5008 τὴν
3159 4941 3422 5009 στρατιὰν
3451 4941 3512 5007 τῇ
3547 4935 3776 4997 σάλπιγγι

2249 5029 2502 5080 ἐκέλευσε
2555 5028 2813 5096 σημῆναι.
2855 5029 3006 5080 Ἐπεὶ
3053 5028 3109 5080 δὲ
3158 5029 3475 5096 περιέθεντο
3525 5027 3589 5079 τὰ
3635 5021 3771 5079 ὅπλα.

2249 5119 2540 5187 ταξάμενοι
2580 5120 2653 5178 ὡς
2698 5122 2752 5180 ἐς
2797 5119 2997 5188 μάχην,
3033 5118 3200 5187 ᾔεσαν
3237 5120 3519 5188 εὐκόσμως
3557 5118 3664 5184 ἅμα
3701 5110 3778 5163 καὶ

2254 5209 2389 5280 μετὰ
2421 5209 2601 5277 σιγῆς.
2633 5208 2718 5270 Ὠς
2747 5209 2802 5260 δὲ
2831 5210 3076 5274 ἐγένοντο
3104 5211 3268 5276 ἐγγὺς
3292 5209 3499 5278 Φερῶν,
3526 5201 3778 5258 διαδὰντες

2251 5299 2515 5368 ποτάμιόν
2541 5316 2592 5350 τι
2622 5298 2913 5366 λεγόμενον
2941 5297 3281 5364 Δισοόιστὸν,
3311 5300 3542 5370 ἔστησαν
3568 5305 3777 5363 παρατε-

2249 5389 2507 5455 ταγμένοι
2539 5387 2613 5450 ὡς
2648 5391 2759 5450 τοῖς
2796 5389 3059 5451 ἐναντίοις
3093 5389 3515 5458 συμϐαλοῦντες.
3551 5387 3652 5440 Καὶ
3681 5383 3776 5446 διη-

2256 5480 2617 5550 μερεύσαντες
2646 5482 2792 5542 ἐκεῖ,
2820 5480 2941 5534 ἐπεὶ
2966 5481 3139 5546 οὐδεὶς
3167 5483 3348 5543 αὐτοῖς
3380 5473 3771 5543 ἁντεπεξῆλθενο

2253 5572 2814 5640 ὲστρατοπεδεύσαντό
2857 5589 2913 5626 τε
2953 5575 3042 5626 καὶ
3082 5573 3524 5642 διενυκτέρευσαν
3565 5565 3686 5619 ἐκεῖ·
3721 5559 3772 5611 0⁸

2254 5663 2308 5716 δὲ
2345 5664 2439 5734 τῆς
2471 5663 2726 5733 ἑσπερίου
2763 5665 3022 5734 στρατιᾶς
3059 5665 3321 5734 ἡγεμόνες
3351 5658 3772 5732 ὲιιιιλησιάσαντες
