3952 6204
280 296 362 360 357
1423 282 1976 352 HISTORIARUM
2014 281 2258 344 LIBER
2297 283 2348 344 Ι.

285 407 418 461 Ἐπεὶ
454 407 513 459 δὲ
543 405 838 475 ἐπεγένετο
882 405 917 475 ἡ
949 403 1068 470 νὺξ,
1098 401 1447 471 ἀναστρέψας
1475 400 1568 468 ἀφ’
1603 392 1672 470 ἦς
1707 400 1831 450 ἔπος

1952 394 2055 460 εει)
2107 393 2375 448 exercitui
2433 393 2502 449 ab
2551 393 2712 463 equis
2767 392 3128 458 descendere,
3180 393 3518 462 paulumque
3622 443 3627 448 .

280 497 442 569 ρεύετο
475 495 618 562 ὁδοῦ,
652 497 892 565 ἧλαυνεν
940 497 1034 548 ἐπὶ
1077 493 1477 562 Θεσσαλονίκην
1506 480 1618 544 ’διὰ
1660 489 1832 557 Στρυ-

282 590 436 659 μόνος.
466 589 576 642 Καὶ
600 587 792 649 διαϐὰς
826 587 920 640 τὸν
951 585 1200 656 ποταμὸν
1247 576 1474 637 κατὰτὸ
1502 579 1836 650 Μαρμάριον

278 677 823 749 προσαγορευόμενον,
877 676 1075 745 μικρδν
1128 674 1384 726 ἐκέλευσε
1423 670 1522 741 τὴν
1560 669 1830 739 στρατιὰν

281 771 437 838 τυχεῖν
462 766 781 836 ἀναπαύλης
807 766 1158 829 καταϐάντας
1189 767 1297 818 ἀπὸ
1321 763 1433 816 τῶν
1462 762 1666 822 ἵππων,
1706 760 1838 811 ἀνα-

285 859 600 928 παυσάμενοι
651 858 708 911 δὲ
742 859 956 928 τίχοντο
1010 857 1174 910 πάλιν
1202 856 1303 922 τῆς
1339 854 1513 921 αὐτῆς
1551 851 1694 914 ὀδοῦ,
1738 850 1836 902 καὶ

285 953 360 1019 τήν
387 966 444 1002 τε
493 948 758 1002 ἐπιοῦσαν
827 949 928 1002 καὶ
978 948 1078 1018 τὴν
1127 947 1298 999 νύκτα
1347 945 1444 1016 τὴν
1499 942 1615 1012 μετ’
1660 942 1833 1009 αὐτὴν

285 1039 594 1102 ὁδεύσαντες,
628 1039 748 1108 ἅμα
787 1039 865 1110 ἕῳ
893 1039 1037 1092 κατά
1063 1037 1164 1108 τὴν
1200 1036 1395 1106 τρίτην
1443 1030 1585 1105 ἦσαν
1615 1036 1672 1086 ἑν
1695 1033 1840 1100 Χορο

287 1134 469 1186 ταίτου.
507 1131 584 1200 Τῇ
612 1129 920 1200 προτεραίᾳ
950 1129 1006 1181 δὲ
1035 1129 1226 1196 αὐτῆς,
1262 1127 1419 1197 φήμη
1455 1143 1542 1190 τις
1581 1124 1672 1178 διὰ
1698 1123 1838 1176 Θεσ-

289 1224 544 1292 σαλονίκης
591 1220 757 1290 διῄει,
783 1220 882 1288 πῶς
927 1219 1182 1289 βασιλεὺς
1213 1219 1242 1270 ὁ
1273 1218 1417 1280 νέος,
1463 1216 1526 1270 τό
1573 1232 1633 1268 τε
1670 1214 1838 1284 Ζίχνα

288 1309 377 1368 εἷλε
419 1313 808 1383 προχωρῆσαν,
853 1309 950 1362 καὶ
983 1311 1065 1371 είς
1102 1310 1281 1377 Φερὰς
1312 1307 1483 1360 ἐλθὼν
1521 1306 1622 1375 τὴν
1651 1307 1715 1358 ὲκ
1739 1305 1841 1373 τῆς

289 1403 502 1472 ῖσπέρας
543 1401 807 1470 στρατιὰν
852 1399 968 1469 ἅμα
1007 1397 1333 1469 ’Τριϐαλλοῖς
1374 1398 1488 1459 τοῖς
1524 1394 1841 1464 συμμάχοις

290 1493 688 1562 ίγκατέκλεισεν
747 1492 901 1553 ἐντὸς
936 1491 1159 1560 τειχῶν,
1214 1489 1348 1561 μηδὲ
1385 1486 1842 1558 ἀντοφθαλμῆσαι

289 1564 616 1655 δυνηθέντας⁹
661 1581 969 1646 ἀναζεύξας
1003 1581 1060 1633 δὲ
1114 1580 1278 1634 πάλιν
1304 1583 1385 1644 είς
1415 1579 1602 1648 Ζίχνα,
1651 1579 1743 1631 τόν
1780 1594 1840 1630 τε

289 1672 760 1746 παρακοιμώμενον
794 1673 1156 1742 ’Δπὸκαυχον,
1188 1673 1281 1725 καὶ
1329 1671 1564 1735 Ἀλέξιον
1590 1669 1682 1724 τὸν
1728 1672 1842 1722 Πα-

3410 281 3517 346 358

1937 485 2287 553 requiescere
2343 487 2630 556 praecepit.
2681 485 2782 542 Ubi
2824 487 3244 555 requieveruut,
3294 501 3514 538 rursum

1941 574 2099 644 165
2143 583 2325 643 empto
2362 575 2634 630 instantes
2689 575 2903 640 itineri,
2938 574 3296 642 sequentiqne
3329 575 3418 628 die
3456 589 3520 628 ac

1938 678 2100 718 nocte
2165 673 2480 733 pergentes,
2535 665 2696 719 tertia
2764 665 2888 719 luce
2951 664 3197 718 diluculo
3255 663 3520 718 Chortteti

1919 753 2187 810 fuerunt.
2249 757 2430 811 Pridie
2463 765 2645 810 autem
2700 771 2887 810 rumor
2939 773 3034 824 per
3075 754 3520 809 Thessalonicam

1937 844 2256 912 distulerat,
2311 847 2703 916 imperatorem
2738 847 3015 916 juniorem
3051 857 3109 902 et
3147 848 3410 903 Zichnam
3463 863 3523 904 se

1939 936 2233 992 dedentem
2271 939 2584 1006 recepisse;
2619 947 2675 992 et
2714 940 2924 992 Pheras
2975 955 3100 993 cum
3151 941 3522 1002 adventaSSo-t,

1941 1028 2312 1082 occidentales
2370 1028 2576 1095 cupias,
2634 1044 2758 1082 cum
2834 1029 3206 1084 'l'riballorum
3274 1028 3524 1084 subsidio

1943 1135 2134 1174 muros
2167 1119 2526 1179 conclusisse.
2558 1135 2681 1187 quae
2711 1135 2813 1175 nec
2853 1134 3137 1188 aspectum
3185 1122 3306 1189 ejus
3360 1121 3530 1175 sustir

1945 1212 2236 1275 nuissrnt;
2271 1224 2549 1263 reversum
2587 1209 2874 1273 Zichnam,
2913 1210 3305 1279 Apocauchum
3346 1226 3376 1264 a
3430 1226 3529 1264 cus

1945 1301 2168 1365 biculis,
2217 1309 2274 1356 et
2322 1300 2574 1356 Alexium
2630 1301 2995 1370 Palaaologum
3052 1318 3118 1356 eo
3155 1302 3409 1366 misisse;
3470 1301 3527 1354 in

1943 1395 2181 1462 speciem
2216 1392 2467 1461 quidem,
2523 1402 2583 1446 ut
2633 1394 2700 1446 ad
2753 1393 3070 1462 praefectum
3121 1392 3163 1446 Τ
3172 1392 3528 1447 hessalonica:

1942 1484 2257 1541 Chumnum
2315 1501 2575 1554 magnum
2634 1487 3163 1554 stratopcdarcham,
3215 1494 3271 1539 et
3324 1494 3530 1539 metro-

1943 1578 2250 1649 politanum
2289 1578 2497 1647 legatos
2519 1617 2534 1641 ,
2570 1580 2746 1647 reipsa
2783 1586 2844 1632 ut
2879 1593 3004 1631 cum
3034 1592 3256 1631 suarum
3289 1577 3527 1646 partium

1945 1665 2212 1720 studiosis
2263 1666 2667 1720 clandestinum
2725 1678 2978 1721 sererent
3029 1668 3368 1736 colloquium
3400 1708 3412 1728 ,
3449 1668 3528 1720 si-

286 1767 536 1832 λαιολύγον
563 1765 860 1833 πέπομφεν
899 1763 1162 1826 ἐνταῦθα,
1189 1763 1463 1833 πρόφασιν
1490 1762 1586 1832 μὲν
1613 1761 1685 1824 ὡς
1709 1760 1845 1830 πρὸς

1952 1757 2174 1825 mulque
2207 1757 2626 1825 specularentur
2679 1768 2935 1824 possetne
2964 1759 3066 1812 sub
3102 1758 3367 1814 ditionem
3402 1761 3532 1814 sub-

289 1860 366 1911 τὸν
393 1854 821 1926 ἐπιτροπεύοντα
866 1854 1275 1922 Θεσσαλονίκης
1323 1855 1498 1923 μέγαν
1544 1867 1846 1922 στρατοπε-

289 1950 472 2019 ὃάρχην
499 1950 593 2000 τὸν
614 1947 888 2017 Χοῦμνον,
908 1948 1004 2000 καὶ
1032 1947 1124 2000 τὸν
1154 1946 1560 2017 μητροπολίτην
1586 1947 1848 2014 διαπρεσ-

293 2040 625 2109 ϐευομένους.
664 2037 750 2110 Τῇ
791 2039 836 2091 δ’
855 2037 1086 2108 ἀληθεία
1103 2041 1216 2102 τοῖς
1245 2040 1314 2091 τὰ
1337 2037 1518 2092 αὐτῶν
1542 2037 1845 2106 πράττουσι

289 2130 453 2199 κρύφα
478 2129 918 2198 διαλεξομένους,
955 2131 1048 2183 καὶ
1077 2129 1194 2198 ἆμα
1218 2128 1767 2189 κατασκοπεύσοντας
1799 2126 1847 2178 εί

291 2221 711 2291 Θεασσαλονίκην
739 2220 1124 2289 ὑπαγαγέσθαι
1161 2219 1406 2273 δυνατόν.
1435 2217 1595 2289 Παρὰ
1623 2217 1723 2289 μὲν
1756 2215 1848 2270 οὖν

292 2315 379 2381 τῆς
408 2314 588 2382 φήμης
609 2312 838 2366 τοιαῦτα
855 2313 1242 2382 διεθρυλλεῖτο.
1267 2310 1442 2365 [Ιολλά
1466 2311 1522 2364 δὲ
1552 2310 1849 2379 ἀνερευνή-

298 2406 426 2466 σαςὸ
466 2398 739 2472 Χοῡμνος,
770 2401 910 2456 ὥστε
945 2404 1037 2456 τὸν
1072 2403 1485 2472 ἀπαγγείλαντα
1525 2403 1592 2454 τά
1625 2401 1851 2454 τοιαῦτα

296 2495 533 2565 ἐξευρεῖν,
569 2499 670 2547 οὐκ
697 2493 964 2566 ἠδυνήθη.
997 2495 1187 2564 Ὅμως
1232 2495 1287 2546 δὲ
1329 2494 1506 2547 ἐδόκει
1553 2491 1850 2545 λυσιτελεῖν

302 2583 431 2650 αὐτῷ
482 2600 538 2636 τε
587 2585 687 2638 καὶ
743 2584 1137 2656 μητροπολίτῃ,
1189 2587 1271 2648 εἰς
1301 2585 1400 2654 τὴν
1447 2583 1738 2654 ὑστεραίαν
1771 2585 1851 2645 είς

300 2673 599 2744 Χορταὶτου,
636 2677 726 2730 τὸν
748 2677 1150 2748 μητροπολίτην
1178 2677 1518 2743 ὲλθόντα,τόν
1537 2694 1593 2728 τε
1621 2678 1854 2730 Παλαιο-

297 2765 436 2834 λόγον
448 2767 685 2832 Ἀλέξιον
715 2769 808 2821 καί
831 2769 919 2821 τὸν
942 2767 1550 2838 παρακοιμώμενον,τὺν
1580 2768 1854 2822 Ἀπόκαυ-

301 2874 406 2926 χον,
436 2859 546 2926 εἴγε
569 2860 747 2930 ἀληθῆ
773 2861 842 2914 τά
873 2861 1003 2932 περὶ
1044 2860 1224 2914 αὐτῶν
1253 2860 1711 2932 διαθρυλληθέντα
1744 2861 1851 2928 εἴη,

301 2947 369 3012 ὡς
389 2949 600 3018 βασιλέα
620 2953 982 3022 ἀναστρέφειν
1005 2952 1277 3018 κελεύειν,·
1301 2951 1374 3014 ὡς
1408 2953 1468 3005 οὐ
1496 2950 1856 3021 συγχωρηθη-

312 3041 529 3111 σομένης
571 3044 756 3106 αὐτοῖς
786 3043 885 3112 τῆς
925 3045 1005 3106 εἰς
1059 3044 1464 3114 Θεσσαλονίκην
1519 3043 1749 3096 εἰσόδου.
1791 3043 1853 3095 Εἰ

299 3129 340 3182 δ’
380 3133 643 3187 ἀπειθοῖεν
667 3137 761 3188 καὶ
798 3135 1070 3204 βιάζοιντο
1115 3137 1212 3206 τὴν
1250 3136 1457 3204 ἄφιξιν,
1511 3150 1853 3205 προαναφω-

301 3225 400 3277 νεῖν
415 3224 612 3288 αὐτοῖς,
645 3225 720 3288 ὡς
748 3226 1133 3296 είρχθήσονται
1160 3227 1614 3289 ἐπιϐουλεύοντες
1645 3227 1850 3288 αὐτοῖς,

304 3316 390 3366 καὶ
417 3315 722 3386 βουλόμενοι
755 3315 1157 3388 Θεσσαλονίκην
1197 3319 1510 3389 ἀποστῆσαι
1564 3319 1852 3389 βασιλέως.

306 3404 524 3458 Τοιαῦτα
551 3408 600 3458 οἱ
631 3405 731 3475 μὲν
759 3409 891 3476 περὶ
923 3407 1030 3461 τῶν
1058 3409 1433 3462 ἀκουσθέντων
1463 3408 1856 3461 ὲὸουλεύσαντο

304 3496 563 3564 πράττειν.
599 3499 750 3567 ’Δμα
775 3498 832 3551 δὲ
868 3499 941 3568 ἕῳ
962 3501 1041 3562 είς
1062 3501 1160 3569 τὴν
1191 3502 1454 3553 ἐπιοῦσαν
1479 3501 1506 3553 6
1527 3501 1858 3570 μητροπολί-

302 3601 394 3655 της
427 3589 518 3658 μὲν
554 3590 695 3642 κατά
739 3591 810 3643 τὸν
834 3590 1110 3660 σύνθημα,
1141 3592 1242 3661 τὴν
1297 3593 1378 3655 είς
1404 3594 1708 3663 Χορταίτου
1743 3593 1852 3664 ᾔει,

304 3678 330 3726 ὁ
353 3676 403 3728 δὲ
430 3696 487 3745 γε
510 3678 616 3732 Χοῦ
627 3697 757 3749 μνος
785 3680 902 3750 ἅμα
927 3684 1066 3744 τοῖς·
1093 3683 1231 3752 ἀμφ’
1259 3683 1440 3746 αὑτὸν,
1465 3682 1566 3753 τῆς
1590 3700 1858 3750 προσαγο-

307 3771 580 3838 ρευομένης
612 3771 722 3824 τῶν
761 3771 1092 3841 Ἀσωμάτων
1125 3771 1302 3842 πύλης
1345 3772 1598 3838 ιξελθὼν,
1635 3772 1664 3826 ὃ
1707 3789 1758 3825 τι
1789 3773 1856 3825 ἂν

308 3859 521 3930 ἁποῦαίη
558 3863 747 3914 ἵστατο
772 3863 1128 3929 ἀποσκοπῶν,
1157 3866 1253 3917 καὶ
1279 3867 1311 3934 ὴ
1339 3865 1492 3928 πόλις
1525 3866 1674 3917 πᾶσα
1699 3863 1856 3934 μετὲ-

307 3962 435 4016 ωρος
480 3950 612 4020 πρὸς
660 3950 759 4018 τὰς
812 3951 999 4022 φήμας
1024 3949 1112 4024 ἦν.
1156 3955 1279 4015 Τοῖς
1311 3954 1496 4022 μέντοι
1526 3953 1743 4008 δοκοῦσι
1789 3954 1858 4007 ca:

309 4037 553 4105 βασιλέως
576 4043 670 4095 τοῦ
704 4044 824 4096 νέου
857 4047 1144 4115 πράττειν,
1179 4050 1476 4119 προείρητο
1509 4051 1646 4119 μήτε
1670 4049 1857 4110 ὅπλοις

309 4133 430 4200 μήτε
449 4134 628 4197 ἵπποις
649 4135 908 4204 χρῆσθαι,
930 4137 1043 4189 ἀλλ’
1070 4137 1102 4208 ἢ
1130 4137 1299 4201 οἴκοις
1330 4141 1631 4209 διατρίὸειν
1651 4141 1683 4210 ἢ
1718 4141 1855 4210 πεζῇ

307 4221 396 4273 καὶ
423 4223 592 4278 ὅπλων
625 4227 874 4294 προϊέναι
916 4227 1106 4296 χωρίς.
1139 4229 1271 4281 Τότε
1302 4230 1357 4283 δὲ
1385 4231 1478 4283 καλ⁸
1523 4233 1702 4295 αὐτοὶ,
1734 4231 1858 4283 ἐπεὶ

310 4315 627 4383 πανταχόθεν
687 4317 757 4368 τά
814 4317 1084 4386 βασιλέως
1145 4319 1530 4390 διεθρυλλεῖτο,
1587 4323 1684 4376 ἐπὶ
1745 4325 1852 4374 τῶν

1940 1848 2096 1918 iungi
2129 1849 2346 1903 civitas.
2383 1848 2504 1902 Haec
2547 1848 2774 1917 quidem
2830 1849 2977 1905 fama
3011 1850 3484 1906 disseminabatur
3513 1869 3532 1918 ;

1945 1941 2105 2010 cujus
2163 1949 2446 1994 auctorem
2498 1941 2806 2007 Chumnus,
2862 1943 3077 1997 tametsi
3131 1944 3300 1999 multa
3351 1945 3532 2014 inqui-

1945 2031 2146 2086 sitione
2214 2031 2482 2097 adhibita,
2529 2033 2778 2088 invenire
2838 2048 2948 2086 non
2994 2035 3193 2102 potuit.
3238 2035 3533 2090 Nihilomi-

1946 2133 2054 2173 nus
2103 2134 2170 2173 ex
2223 2135 2282 2174 re
2321 2136 2418 2174 sua
2450 2130 2507 2175 et
2547 2122 2960 2191 metropolitani
3003 2124 3251 2177 futurum
3289 2125 3531 2191 censuit,

1951 2208 1998 2262 si
2040 2209 2129 2263 ille
2160 2219 2387 2277 postero
2441 2211 2529 2266 die
2566 2211 2908 2267 Chortaetum
2943 2213 3244 2282 profectus,
3279 2215 3532 2269 Alexium

1951 2300 2315 2370 Palaeologum
2348 2311 2406 2357 et
2457 2303 2847 2373 Apocauchum
2886 2306 2972 2375 (si
3012 2321 3174 2360 verus
3198 2318 3340 2360 esset
3371 2306 3534 2361 dissi-

1952 2402 2113 2459 patus
2144 2393 2372 2462 rumor)
2405 2394 2470 2448 ad
2526 2396 2914 2465 imperatorem
2960 2398 3313 2453 retrocedere
3343 2399 3502 2452 horta

1954 2496 2140 2555 retur;
2174 2505 2281 2543 non
2330 2489 2477 2544 enim
2511 2491 2953 2546 Thessalonicam
2999 2493 3298 2549 admissum
3344 2495 3433 2548 iri.
3475 2493 3530 2548 Si

1957 2579 2299 2648 refragantes
2327 2596 2394 2635 eo
2425 2597 2640 2636 summa
2667 2585 2716 2638 vi
2742 2583 3166 2652 contenderent,
3189 2585 3532 2654 praediceret,

1956 2676 2221 2739 tauquam
2282 2672 2658 2742 insidiatores,
2713 2684 2770 2730 et
2827 2677 3016 2730 urbem
3072 2677 3140 2730 ab
3202 2678 3534 2747 imperatore

1953 2774 2205 2817 avertere
2265 2765 2590 2828 studentes.
2645 2767 2699 2821 iu
2758 2783 3034 2823 carcerem
3103 2768 3531 2824 contradendas.

1958 2853 2084 2909 Haec
2111 2854 2192 2908 illi
2222 2870 2391 2925 super
2421 2857 2630 2912 auditis
2665 2857 2849 2913 facere
2912 2861 2966 2914 in
3025 2860 3272 2915 animum
3301 2861 3535 2916 induxe-

1959 2956 2113 3000 runt.
2171 2947 2266 3001 Die
2295 2948 2493 3012 altero,
2532 2950 2651 3004 sole
2686 2951 2915 3015 recenti,
2975 2953 3437 3021 metr0politanus
3467 2968 3533 3007 ex

1955 3038 2210 3091 condicto
2258 3039 2402 3092 viam
2447 3037 2787 3095 Chortaztum
2821 3056 3013 3096 versus
3037 3043 3302 3112 arripuit;
3335 3041 3529 3098 Chom-

1956 3143 2062 3182 nus
2089 3143 2214 3183 cum
2246 3131 2508 3184 comitatu
2545 3147 2644 3186 suo
2673 3144 2828 3202 porta
2868 3150 2991 3202 qua:
3035 3136 3372 3202 ’Δσωμάτων
3427 3135 3534 3206 [lu-

1957 3222 2378 3293 corporcorum]
2418 3233 2668 3290 vocatur,
2726 3241 3007 3294 egressus,
3049 3243 3233 3281 rerum
3274 3238 3532 3282 eventum

1957 3314 2306 3368 observabat.
2373 3317 2449 3370 Ac
2483 3327 2593 3370 tota
2633 3321 2767 3372 urbs
2794 3334 2823 3371 a
2856 3320 2997 3374 fama
3035 3321 3331 3389 pendebat.
3367 3323 3534 3374 Caete-

1956 3419 2076 3456 rum
2110 3403 2177 3456 iis
2204 3404 2298 3473 qui
2334 3404 2403 3458 ab
2464 3405 2796 3475 imperatore
2834 3409 3165 3462 videbantur
3207 3425 3348 3473 esse,
3384 3411 3531 3464 indi-

1955 3503 2104 3547 ctum
2139 3505 2280 3554 erat.
2314 3510 2456 3550 neve
2485 3497 2677 3561 annis,
2713 3514 2850 3551 neve
2889 3500 3049 3568 equis
3084 3509 3405 3565 uterentur;
3437 3502 3532 3555 sed

1954 3593 2048 3640 aut
2099 3585 2240 3638 intra
2275 3587 2516 3654 parietes
2546 3603 2603 3641 se
2637 3592 3024 3654 continerent,
3062 3601 3158 3643 aut
3192 3589 3312 3644 sine
3353 3591 3533 3659 equis,

1956 3692 2019 3732 ac
2049 3676 2167 3731 sine
2215 3678 2384 3730 armis
2433 3677 2486 3730 in
2539 3678 2816 3746 publicum
2853 3681 3154 3748 prodirent.
3188 3681 3292 3748 Qui
3319 3691 3374 3738 et
3407 3684 3534 3754 ipsi,

1955 3765 2403 3834 quandoquidem
2448 3767 2720 3823 adventus
2752 3769 3104 3837 imperatoris
3147 3773 3393 3826 omnium
3422 3789 3534 3828 ser—

1955 3853 2212 3908 monibus
2268 3855 2673 3920 celebrabatur,
2735 3860 2908 3911 muris
2964 3871 3134 3927 portae
3185 3864 3298 3930 jam
3372 3863 3535 3918 dicta:

1955 3943 2294 4006 conscensis,
2346 3958 2529 3996 rerum
2587 3945 2792 3999 exitum
2833 3948 3076 4002 inermes
3113 3952 3532 4020 exsyectabant.

1957 4035 2298 4103 Metropolita
2332 4045 2390 4090 ut
2417 4036 2696 4092 Chortazto
2720 4041 3128 4109 propinquat-it.
3158 4044 3458 4113 improviso
3478 4047 3531 4099 in

1958 4126 2348 4194 imperatorem
2388 4127 2637 4182 incidens
2663 4129 2969 4199 obstupuit,
3004 4145 3060 4185 et
3093 4132 3532 4202 intempestivam

1958 4217 2352 4287 profectionem
2376 4232 2530 4271 suam
2563 4219 2854 4274 incusavit.
2890 4221 3169 4298 Salutatus
3197 4226 3265 4278 ab
3296 4227 3536 4295 impera-

1959 4319 2099 4374 tore,
2148 4309 2266 4378 ipse
2315 4312 2606 4379 repentino
2646 4312 2892 4380 periculo
2929 4315 3246 4380 eXterritus,
3283 4317 3535 4386 nihilque

307 4402 485 4468 τειχῶν
515 4404 608 4474 τῆς
640 4406 810 4475 αὐτῆς
839 4407 1014 4477 πύλης
1054 4409 1367 4472 ἀνελθόντες
1397 4412 1618 4465 ἄνοπλοι
1645 4411 1744 4478 τὴν
1771 4412 1850 4464 ἐκ·

1961 4400 2320 4470 respondens,
2357 4417 2522 4470 quam
2577 4403 2832 4456 celeriter
2893 4407 3094 4472 potuit,
3136 4421 3194 4460 se
3235 4397 3532 4476 proripuit,

310 4489 454 4544 ϐασιν
486 4497 806 4566 περιέμενον
851 4498 958 4556 τῶν
1016 4500 1382 4570 πραγμάτωνέ
1426 4501 1485 4555 Ὀ
1529 4503 1710 4571 μέντοι
1746 4519 1855 4572 μη-

309 4583 635 4653 τροπολίτης,
663 4587 784 4639 ἐπεὶ
812 4587 980 4654 ἐγγὺς
1000 4591 1218 4656 ἐγένετο
1238 4591 1562 4660 Χορταίτου,
1595 4593 1861 4662 ἀπροσδο-

309 4671 476 4738 κήτως
495 4675 732 4744 ἐντυχὼν
755 4675 832 4745 τῷ
856 4679 966 4747 νέῳ
996 4677 1226 4746 βασιλεῖ,
1260 4681 1633 4750 ὲξεπέπληκτό
1660 4698 1716 4732 τε
1765 4683 1860 4734 καὶ

308 4761 399 4828 τῆς
419 4764 645 4831 delicto;
669 4768 1054 4838 κατεμέμφετο
1069 4770 1164 4840 τὴν
1183 4772 1457 4842 ἀκαιρίαν.
1478 4771 1856 4842 Προσαγορεύο

311 4868 450 4917 οντος
475 4857 528 4910 δὲ
561 4859 726 4913 αὑτὸν
745 4860 1032 4930 βασιλέως,
1062 4865 1222 4927 αὐτὸς
1253 4867 1385 4934 πρὸς
1412 4866 1504 4918 τὸν
1530 4868 1595 4920 ὲκ
1621 4865 1714 4918 τοῦ
1735 4867 1860 4936 αἰφ-

319 4945 470 4999 νιδίου
519 4951 766 5002 κίνδυνον
818 4951 1162 5020 θορυϐηθεὶς,
1215 4954 1350 5022 μηδὲ
1399 4956 1857 5025 ἀντιπροσειπὼν,

310 5034 524 5103 ἠλαυνεν
555 5039 630 5102 ὡς
665 5035 779 5110 εἶχε
808 5042 1005 5111 τάχους
1036 5042 1173 5109 πρὸς
1210 5043 1308 5112 τὴν
1339 5045 1512 5112 πόλιν,
1547 5047 1644 5116 τὴν
1675 5046 1861 5113 ἔφοδον

313 5126 553 5193 μηνύσων
592 5129 880 5196 βασιλέως.
929 5133 1126 5184 Εἵπετο
1174 5132 1220 5185 δ’
1261 5135 1409 5203 αὐτῷ
1441 5145 1530 5187 καί.
1555 5137 1582 5188 ὁ
1607 5136 1863 5205 βασιλεὺς

309 5217 689 5286 συντονώτερον
721 5219 948 5288 βαδίζων
995 5235 1011 5251 '
1041 5222 1093 5273 οἱ
1139 5221 1194 5276 δὲ
1222 5223 1292 5276 τὰ
1319 5225 1484 5277 αὐτοῦ
1534 5227 1864 5294 πράττ,ντες

302 5306 411 5366 τοῖς
449 5307 685 5375 τείχεσιν
729 5310 1052 5375 ἐφεστῶτες,
1105 5313 1227 5364 ἐπεὶ
1286 5315 1393 5366 ἀπὸ
1450 5316 1558 5367 τῶν
1605 5315 1863 5386 σημαιῶν

303 5391 540 5460 ἔγνωσαν
561 5395 784 5464 βασιλέα
810 5397 1211 5468 προσελαύνειν,
1236 5401 1714 5472 ἀναθαρσήσαντες
1745 5405 1864 5456 ἑπι-

1958 4494 2076 4562 ejus
2116 4494 2183 4547 ad
2217 4495 2409 4548 urbem
2443 4509 2723 4548 accessum
2761 4497 3136 4558 nuntiaturus.
3188 4498 3536 4568 Seliuebatur

1967 4586 2128 4656 166
2190 4585 2530 4640 contentiore
2577 4602 2770 4655 gressu
2825 4589 3170 4658 imperator;
3205 4592 3365 4661 cujus
3416 4591 3537 4644 fau-

1965 4687 2114 4731 tores
2144 4677 2200 4730 in
2238 4675 2410 4729 muris
2444 4685 2704 4740 astantes,
2740 4689 3030 4748 postquam
3053 4695 3085 4733 e
3111 4681 3322 4736 vexillis
3353 4683 3533 4750 ipsum

1964 4766 2284 4835 adequitare
2314 4765 2648 4833 didicerunt,
2679 4781 2894 4839 sumpta
2939 4772 3188 4833 audacia,
3220 4775 3271 4826 in
3303 4789 3398 4828 eos
3438 4774 3532 4843 qui

1965 4866 2121 4912 extra
2180 4867 2391 4926 portam
2442 4867 2621 4922 erant,
2685 4857 3076 4928 lapidationem
3135 4863 3427 4918 faciebant.
3489 4865 3531 4918 li

1963 4950 2216 5004 hostibus
2271 4948 2405 5002 foris
2460 4951 2864 5019 ingruentibus.
2920 4965 2975 5008 et
3025 4958 3119 5023 qui
3176 4956 3324 5010 intus
3375 4969 3532 5011 erant

1964 5049 2150 5108 aperte
2230 5040 2474 5096 inimicis
2524 5052 2688 5111 atque
2745 5045 2980 5108 infestis,
3039 5046 3346 5100 nescientes
3398 5049 3531 5117 quid

1961 5139 2206 5200 agerent,
2238 5130 2384 5186 intro
2431 5147 2489 5186 se
2543 5133 2836 5201 recipiunt,
2870 5146 3057 5204 portas
3099 5138 3416 5193 occludunt.
3466 5139 3535 5193 Et

1960 5221 2088 5290 quia
2117 5221 2185 5275 de
2214 5237 2368 5275 muro
2384 5237 2512 5276 saxa
2537 5223 2869 5291 jacientibus
2899 5228 3158 5281 resistere
3192 5229 3528 5297 nequibant,

1961 5313 2017 5366 in
2068 5311 2250 5382 fugam
2302 5313 2578 5379 conversi,
2635 5329 2837 5378 arcem,
2877 5327 2934 5370 ut
2982 5317 3106 5370 inde
3149 5333 3204 5371 se
3235 5319 3532 5384 a‘efensuri,

1961 5412 2234 5474 occupant
2294 5404 2429 5475 (99).
2495 5404 2620 5461 Arci
2679 5397 2945 5478 Georgius
2995 5409 3228 5480 Lyzicus
3281 5422 3533 5482 praeerat,

1521 5519 1735 5580 Jacobi
1772 5518 2038 5583 Pontani
2075 5523 2262 5578 notae.

377 5606 700 5686 ’Δκρρπολιχ
741 5610 954 5686 duobus
1023 5613 1204 5671 verbis
1283 5618 1558 5686 expressit
1630 5617 1860 5674 Latinus

301 5677 586 5746 poeta—VII
625 5678 883 5738 ,Επεὶἀά

2044 5617 2176 5693 Urbe
2202 5617 2310 5693 [uit
2343 5634 2548 5693 summa
2581 5619 2864 5693 Laurentis
2907 5623 3052 5693 regia
3082 5623 3214 5682 Pici.

2058 5688 2400 5756 ’Δκρόπολις,
2435 5691 2609 5758 inquit
2657 5688 3085 5763 Etymolngicon,
3114 5695 3408 5767 καρόπολίς
3451 5715 3537 5762 τις
