3952 6204
477 187 576 247 367

1649 169 1980 234 JOANNIS
2015 167 2546 230 CANTACUZENI

3578 168 3665 231 3ίὸ

474 313 600 354 eum
632 293 977 366 primoribus
1013 304 1154 362 quos
1208 301 1396 344 secum
1440 285 1786 351 adduxerat,
1838 283 2045 354 quiqttc

2156 278 2242 334 θεν
2305 279 2491 342 εὐθύς.
2557 279 2670 332 Καὶ
2727 278 2807 344 είς
2853 274 3108 348 βασίλεια
3162 233 3358 344 έλθὼν,
3404 276 3678 336 ὲεουλιύεττ

473 387 884 445 Thessalonicae
931 393 1133 448 erant,
1179 397 1292 453 quo
1342 381 1688 451 potissimum
1741 378 1850 432 iret
1916 390 2049 430 eon-

474 480 724 540 sultavit,
751 477 974 548 quando
1004 490 1095 530 res
1120 485 1342 542 cogeret
1371 489 1478 527 non
1508 471 1818 542 quiescere.
1846 467 2050 523 Omnes

474 575 794 628 Berrlimatn
823 569 1066 625 eundum
1090 566 1416 622 suadebant.
1448 564 1676 632 Magnus
1713 559 2050 614 domesticus

475 667 796 722 Berrhmam
831 660 1193 718 omittendam
1221 699 1236 724 ,
1279 657 1539 712 Edessam
1566 697 1580 718 ,
1619 662 1674 709 et
1709 652 1836 706 inde
1861 652 2053 705 Casto-

477 759 617 812 riant
667 757 773 810 iter
804 753 1154 825 dirigendum
1193 750 1498 812 censebat,
1538 746 1721 800 causis
1750 742 2050 813 adjunctis,

482 863 683 918 nempe
746 845 1084 900 Demetrium
1137 841 1462 910 despotam,
1515 845 1570 892 et
1624 833 2050 889 Monomachum

477 941 804 1012 praefectum
835 979 848 1001 ,
903 940 963 990 et
991 936 1220 992 Rauletn
1275 932 1544 986 lsaaeium
1591 928 1795 982 habere
1835 925 2056 980 Edessa:

481 1048 681 1087 uxores
717 1045 845 1084 suas
880 1043 1004 1083 cum
1061 1025 1252 1080 liberis
1283 1064 1296 1088 ,
1333 1037 1570 1091 esseque
1619 1026 2052 1074 consentaneum

478 1135 538 1180 ut
565 1124 713 1178 omni
742 1121 923 1176 studio
952 1129 1267 1188 conatuqtte
1295 1115 1569 1179 adhibito,
1589 1120 1643 1166 et
1670 1113 1865 1166 horum
1889 1124 2055 1164 causa

478 1233 597 1271 eam
626 1215 970 1284 sultigerent,
1003 1220 1057 1265 et
1083 1210 1233 1280 quia,
1255 1223 1383 1262 cum
1413 1207 1483 1260 sit
1513 1220 1741 1275 parvum
1766 1202 2054 1273 oppidum,

477 1315 673 1362 natura
715 1317 771 1360 et
803 1304 1066 1375 operibus
1099 1301 1318 1354 ﬁrmum
1349 1342 1362 1364 ,
1405 1297 1564 1352 facile
1613 1305 1804 1350 contra
1841 1295 2054 1349 hostem

477 1398 701 1453 delendi
743 1411 924 1466 posse.
960 1393 1025 1446 Et
1059 1391 1312 1462 quamvis
1335 1405 1455 1445 eam
1489 1387 1565 1442 illi
1592 1385 2056 1458 praeoccuparint,

477 1503 547 1542 ne
578 1487 659 1541 sic
689 1483 910 1553 quidem
953 1481 1306 1550 eﬂ‘ugituram
1333 1517 1348 1543 ,
1395 1477 1530 1547 quin
1566 1479 1634 1531 ab
1662 1475 1797 1546 ipsis
1829 1475 2060 1544 recipia-

477 1587 569 1630 tur
600 1595 614 1640 ;
653 1576 852 1629 multas
886 1583 1070 1627 tamen
1122 1572 1174 1624 in
1203 1571 1320 1641 ejus
1356 1567 1651 1623 obsidione
1685 1565 2056 1630 dilﬁcultates,

476 1683 537 1722 ac
560 1667 800 1729 labores,
832 1674 886 1718 et
915 1664 1009 1717 diu
1035 1704 1047 1728 ,
1097 1659 1419 1717 subeundos
1463 1657 1604 1712 fore.
1639 1658 1694 1712 Si
1726 1672 1860 1712 vero
1909 1669 2056 1710 nunc

477 1756 904 1818 advenerimus,
954 1751 1164 1822 inquit,
1223 1749 1317 1820 qui
1376 1748 1488 1802 illic
1541 1757 1711 1811 sunt,
1748 1747 1970 1817 opibus,
2001 1755 2055 1800 et

476 1845 812 1900 auctoritate
876 1843 1195 1914 principes,
1233 1839 1610 1908 {plebeiosque
1663 1854 1728 1892 ac
1777 1838 2057 1892 tenuiores

479 1947 699 1992 versant
730 1952 839 2005 quo
892 1934 1045 1988 lubet
1072 1973 1086 1997 ,
1129 1948 1253 1988 cum
1285 1933 1397 2002 jam
1432 1930 1644 2000 pridem
1689 1930 1803 1985 sint
1832 1931 1885 1984 in
1917 1929 2056 1983 ami-

477 2032 558 2085 cis
605 2030 742 2085 meis
773 2071 789 2094 ,
846 2027 1256 2098 promptissime
1309 2025 1630 2096 oppidulum
1669 2023 1906 2077 tradent.
1939 2021 2056 2076 lmo

478 2141 610 2179 vero
639 2124 804 2176 etiam
843 2130 1140 2190 antequam
1167 2134 1234 2174 eo
1264 2119 1605 2183 venerimus,
1635 2115 1682 2170 si
1707 2112 2056 2184 imperatoris

476 2213 731 2270 mandata
767 2230 891 2268 eum
949 2212 1146 2266 litteris
1195 2209 1333 2264 meis
1381 2207 1740 2278 acceperint,
1777 2205 1930 2260 omni
1969 2219 2056 2257 ra-

481 2311 630 2363 tione
663 2308 732 2362 iis
764 2321 957 2377 parere
986 2306 1272 2358 enitentur
1299 2321 1310 2355 :
1342 2312 1397 2356 et
1444 2301 1488 2355 si
1524 2301 1648 2370 quis
1680 2300 1748 2354 de
1777 2297 2056 2369 praedictis

477 2403 716 2457 ducibus
745 2400 812 2454 ad
843 2415 938 2453 eos
967 2397 1288 2461 accesserit,
1319 2411 1444 2450 eum
1479 2393 1627 2449 haud
1663 2393 2055 2447 intromittent.

477 2495 784 2550 t'Lastoriam
837 2501 1018 2546 autem
1070 2501 1126 2546 et
1178 2490 1398 2560 ipsam,
1446 2495 1672 2558 pr0pter
1718 2485 1898 2540 lacum
1946 2495 2056 2553 quo

479 2590 719 2659 cingitur
790 2585 1243 2648 munitissimam,
1319 2581 1580 2653 Angelus,
1644 2576 2055 2650 protovestiarii

477 2700 669 2754 gener,
707 2690 1012 2752 procurat;
1073 2678 1168 2749 qui
1206 2675 1342 2732 mihi
1375 2684 1431 2730 et
1469 2675 1798 2747 cognatione
1831 2673 2058 2742 propin-

479 2777 783 2844 quis-simus
813 2783 918 2836 est,
955 2779 1011 2826 et
1041 2780 1102 2826 ut
1128 2769 1410 2824 educatori
1461 2783 1525 2822 ac
1569 2768 1830 2836 magistro
1868 2779 1969 2819 suo
2000 2763 2055 2817 in

480 2881 538 2918 re
566 2865 763 2918 bellica
795 2861 1026 2931 gratiam
1055 2899 1070 2925 ,
1105 2858 1595 2926 obedientiamque
1629 2870 1741 2910 nou
1772 2855 2053 2924 vulgarem

479 2956 688 3011 debet:
730 2970 794 3007 ac
835 2962 1058 3023 propter
1107 2948 1574 3005 necessitudinem
1630 2955 1876 3001 mutuam
1927 2961 2057 3016 pro-

479 3045 884 3107 tovcstiarium,
917 3041 1177 3112 quamvis
1207 3037 1757 3101 socerumJacillime
1774 3036 2053 3099 deserens,

477 3136 643 3191 nobis
677 3135 943 3204 Oppidum
977 3131 1318 3187 dedet.Cttm
1354 3131 1454 3186 ista
1486 3129 2056 3192 obtinuerimus,Ber-

477 3228 690 3280 rhmitm
725 3227 868 3280 ultro
892 3240 951 3279 se
1005 3223 1248 3288 dedent;
1289 3237 1429 3293 quos
1481 3221 1646 3276 etiam
1685 3221 1846 3292 169
1871 3219 2058 3291 'pritts-

477 3336 640 3389 quam
673 3313 803 3372 .h;e‘c
836 3325 1194 3388 peragantur,
1227 3329 1370 3380 cras,
1419 3322 1514 3368 aut
1578 3313 1810 3384 perinde
1865 3313 2053 3367 urbem

480 3427 634 3465 suam
669 3412 1001 3464 transditum
1036 3418 1308 3463 venturos
1342 3407 1618 3460 existimo.
1659 3405 1797 3460 lluic
1821 3406 2055 3460 consilio

483 3504 817 3573 subscripsit
843 3504 1028 3556 Statim
1083 3502 1403 3568 imperator,
1438 3501 1644 3568 aliique
1672 3498 1908 3567 idipsum
1939 3498 2058 3552 lau-

481 3599 676 3650 dantes
708 3596 1113 3666 approbarunt.
1143 3595 1376 3663 Jamque
1402 3592 1592 3656 ﬁxum,
1624 3607 1686 3646 ac
1723 3602 1900 3644 ratum
1938 3598 2058 3644 erat

481 3691 743 3745 Edessam
783 3699 1007 3760 petere,
1043 3699 1095 3742 et
1141 3689 1290 3743 illico
1332 3697 1440 3741 tam
1489 3687 1661 3757 ipsius
1706 3687 2058 3757 imperatoris

482 3786 763 3848 mandata,
808 3798 974 3853 quam
1016 3779 1202 3848 magni
1253 3779 1542 3835 domestici
1579 3781 1780 3835 litterae
1829 3795 1928 3850 per
1973 3780 2054 3832 ci-

483 3877 786 3930 tatissimos
817 3875 1034 3944 equites
1079 3888 1145 3927 co
1171 3914 1185 3939 ,
1231 3881 1287 3926 et
1327 3873 1490 3926 simul
1537 3871 1842 3926 Castoriam
1875 3871 2058 3926 mitte-

483 3966 705 4019 bantur.
723 3963 902 4034 Atque
932 3962 1179 4034 Angelus
1204 3961 1426 4031 quidem
1456 3962 1715 4016 Castoris:
1741 3959 2054 4031 prmfectus,

482 4074 609 4112 mox
670 4057 792 4112 urbi
843 4055 1106 4110 custodes
1153 4054 1442 4120 adhibuit,
1493 4065 1684 4122 utpote
1736 4052 2055 4121 imperatori

2155 371 2297 441 μετὰ
2353 372 2464 425 τῶν
2517 373 2576 423 ὲν
2616 371 2767 424 τέλει
2803 370 2915 424 τῶν
2948 386 3006 423 τε
3057 369 3372 440 ἀφιγμένων
3404 371 3492 425 σὺν
3538 375 3679 446 αὐτῷ,

2153 464 2253 516 καὶ
2283 463 2335 517 οῖ
2365 459 2508 536 ἦσαν
2555 464 2614 518 ἐν
2661 461 3067 534 Θεσσαλονίκῃ,
3101 462 3229 516 ὅποι
3261 461 3364 533 χρὴ
3393 464 3680 533 τραπέσθαι,

2152 541 2346 625 causa
2377 557 2446 608 τὰ
2470 555 2783 627 πράγματα
2817 553 3136 624 ἠνάγκαζον
3163 553 3238 623 μὴ
3264 555 3501 623 ἠρεμεῖν.
3521 557 3576 608 Οἱ
3603 556 3682 624 μὲν

2153 644 2250 702 οὖν
2287 647 2441 702 ἄλλοι
2470 649 2678 711 πάντες
2712 649 2796 711 είς
2833 644 3109 718 Βέρροιαν
3151 645 3493 699 ἐϐουλεύοντο
3519 648 3683 715 ἐλθεῖν,

2155 741 2183 793 ό
2230 741 2407 811 μέγας
2457 741 2512 793 δὲ
2565 740 2897 810 δομέστικος
2944 739 3216 810 Βέρῤοιαν
3271 739 3366 809 μὲν
3405 739 3574 806 ἔλεγεν
3592 744 3684 811 ὲᾷν,

2156 835 2235 896 είς
2271 833 2543 886 Ἔδεσσαν
2597 831 2656 885 δὲ
2707 831 2906 896 ἐλθεῖν,
2942 831 3202 885 κάκεῖθεν
3252 832 3334 893 είς
3387 832 3686 902 Καστορίαν.

2158 925 2480 994 Προσετίθει
2510 923 2566 976 δὲ
2598 925 2695 977 καὶ
2721 925 2822 987 τὰς
2854 924 3058 986 αἰτίας.
3094 912 3270 988 λέγων
3300 923 3392 986 ὡς,
3423 924 3506 976 ὅτε
3526 925 3686 978 δεσπὸ-

2156 1032 2256 1084 της
2309 1016 2649 1086 Δημήτριος,
2687 1015 2784 1068 καὶ
2845 1014 3094 1084 ἔπαρχος
3133 1015 3161 1066 ό
3216 1013 3541 1084 Μονομάχος,
3568 1015 3692 1069 καὶὸ

2170 1105 2366 1158 Ῥαοὺλ
2407 1106 2702 1172 ἰσαάκιος,
2732 1108 2833 1169 τὰς
2854 1107 3124 1173 γυναῖκας
3153 1105 3253 1159 καὶ
3294 1106 3483 1168 παῖδας
3508 1106 3694 1175 ἔχοντες

2159 1200 2217 1252 ἐν
2253 1201 2620 1270 Ἐδεσσηνοῖς,
2653 1201 2803 1264 εἰκὸς
2851 1201 3004 1271 πάσῃ
3055 1201 3258 1270 σπουδῇ
3295 1201 3586 1272 χρήσασθαι
3617 1203 3692 1252 xi

2163 1297 2382 1363 μηχανῇ
2421 1292 2566 1346 ὥστε
2618 1298 2919 1366 κατασχεῖν
2970 1295 3132 1350 αὑτά.
3171 1295 3324 1358 Ἀμα
3372 1295 3467 1363 μὲν
3498 1295 3693 1348 καὶτῶν

2160 1385 2438 1454 γυναικών
2468 1385 2633 1438 ἓνεκα
2683 1385 2781 1440 καὶ
2815 1386 3050 1452 τέκνων,
3101 1386 3219 1456 ἅμα
3252 1387 3296 1440 δ’
3320 1387 3400 1440 ὅτι
3437 1388 3616 1458 μικρόν
3645 1405 3691 1441 τε

2161 1478 2220 1532 ὃν
2251 1479 2310 1531 τὸ
2347 1479 2590 1550 πόλισμα
2629 1479 2723 1533 καὶ
2755 1480 3031 1550 καρτερὸν
3055 1481 3166 1532 ἀπό
3191 1496 3250 1533 τε
3279 1481 3476 1550 τειχῶν
3508 1482 3693 1548 καὶτῆς

2164 1573 2260 1625 τοῦ
2326 1573 2495 1628 τόπου
2538 1573 2916 1641 κατασκευῆς,
2955 1573 3140 1644 ῥᾴδιόν
3173 1575 3322 1626 ἐστιν
3349 1573 3426 1636 είς
3455 1572 3691 1642 φυλακήν.

2083 1639 2128 1697 Β
2159 1661 2281 1714 Κᾶν
2303 1661 2592 1729 φθάσωσιν
2623 1661 2756 1714 αὐτὸ
2784 1639 3220 1732 προκατασχεῖν,
3250 1639 3581 1730 διαφεύξεται
3611 1639 3692 1730 μὲν

2157 1755 2267 1808 οὐδ’
2299 1753 2445 1807 οὕτω
2479 1754 2540 1808 τὺ
2579 1755 2654 1826 μὴ
2697 1755 2905 1809 ἁλῶναι
2958 1754 3096 1827 παρ’
3144 1755 3328 1825 ἡμῶν.
3384 1745 3602 1825 Παρέξει
3645 1754 3691 1805 δὲ

2159 1844 2362 1914 πολλὴν
2393 1843 2492 1914 τὴν
2521 1845 2848 1916 δυσχέρειαν
2883 1845 2978 1899 καὶ
3010 1845 3114 1917 τὴν
3154 1846 3348 1916 τριϐὴν
3378 1846 3468 1900 καὶ
3494 1845 3578 1898 τὸν
3614 1847 3694 1896 πό.

2157 1954 2248 1990 νον
2286 1940 2343 1991 ἐν
2385 1938 2462 2008 τῷ
2499 1937 2936 2008 πολιορκεῖσθαι.
2985 1937 3114 1992 Ἐὰν
3167 1939 3225 1992 δὲ
3279 1939 3373 1993 νῦν
3403 1937 3692 2008 παραγενώ-

2161 2028 2303 2096 μεθα
2333 2031 2516 2099 ἡμεῖς,
2553 2030 2604 2082 οἱ
2633 2029 2826 2083 αὐτόθι
2847 2029 3224 2083 δυνατώτατοι
3253 2029 3349 2084 καὶ
3377 2032 3497 2094 τοὺς
3524 2029 3692 2091 ἄλλους

2158 2121 2385 2190 ἄγοντες
2438 2123 2534 2176 καὶ
2585 2123 2850 2196 φέροντες
2880 2118 2937 2176 οἶ
2975 2123 3043 2176 ἂν
3087 2121 3409 2191 βούλωνται,
3436 2123 3496 2174 ὲκ
3525 2121 3691 2175 πολλοῦ

2158 2215 2518 2284 προκείμενοι
2552 2215 2677 2284 ἐμοὶ
2730 2215 2908 2284 ῥᾷστα
2963 2213 3350 2283 παραδώσουσι
3403 2212 3458 2264 τὸ
3486 2211 3697 2279 πόλισμα
3722 2220 3733 2232 ⁸

2158 2305 2315 2374 ἡμῖν.
2348 2304 2570 2357 Μᾶλλον
2595 2303 2650 2357 δὲ
2673 2305 2769 2357 καὶ
2795 2303 2928 2373 πρὶν
2959 2305 3107 2373 ἡμᾶς
3132 2303 3296 2374 ἥκειν
3321 2305 3454 2362 ἐκεῖ,
3475 2301 3536 2354 ἂν
3564 2301 3706 2370 βασιο,

2157 2396 2300 2457 λέως
2350 2413 2408 2449 τε
2459 2395 2865 2466 προστάγματα
2917 2399 3013 2450 καὶ
3063 2397 3374 2466 γράμματα
3421 2396 3522 2466 ἐμὰ
3580 2394 3695 2466 πρὸς

2159 2487 2360 2553 αὐτοὺς
2416 2488 2560 2560 ἥξει,
2606 2489 2670 2542 ὲκ
2715 2489 2916 2552 παντὸς
2970 2490 3181 2560 τρόπου
3240 2489 3589 2543 σπουδάσουσι
3638 2489 3694 2541 τὰ

2159 2581 2503 2652 κελευόμενα
2561 2582 2759 2636 ποιεῖν.
2797 2582 2914 2636 Κάν
2968 2599 3054 2646 τις
3104 2585 3202 2636 καὶ
3253 2584 3360 2637 τῶν
3423 2583 3695 2653 είρημένων

2159 2673 2433 2743 ἀφίκηται
2532 2672 2674 2742 πρὸς
2743 2674 2968 2738 αὐτοὺς,
3034 2674 3138 2728 ούκ
3219 2677 3286 2729 ἂν
3363 2675 3693 2740 εἰσδέξωνται.

2161 2764 2478 2834 Καστορίας
2510 2764 2568 2818 δὲ
2601 2765 2696 2818 καὶ
2733 2766 2904 2837 αὐτῆς
2947 2766 3306 2840 ὀχυρωτάτης
3349 2768 3508 2838 οῦσης
3546 2766 3696 2820 διὰτὸ

2160 2857 2501 2928 πανταχόθεν
2535 2857 2968 2929 περικλύζεσθαι
3017 2861 3082 2930 τῇ
3125 2859 3317 2931 λίμνῃ,
3347 2863 3372 2913 ὁ
3395 2860 3482 2913 τοῦ
3509 2875 3692 2930 πρωτο-

2161 2951 2479 3021 6εστιαρίου
2527 2950 2783 3022 γαμϐρὸς
2807 2951 2836 3003 ό
2865 2951 3158 3020 Ἄγγελος,
3209 2954 3402 3024 ἄρχει·
3435 2953 3488 3014 ὃς
3516 2953 3622 3023 ὲμοί
3648 2967 3695 3001 τε

2159 3044 2395 3112 ἔγγιστα
2434 3047 2707 3114 προσήκει
2742 3042 2889 3098 κατὰ
2919 3045 3098 3113 γένος,
3132 3046 3229 3099 καὶ
3261 3045 3460 3116 πολλὴν
3485 3045 3597 3116 ἐμοὶ
3615 3043 3696 3112 τὴν

2158 3136 2371 3189 εὔνοιαν
2406 3140 2501 3190 καὶ
2553 3139 2656 3206 τὴν
2713 3137 3034 3190 εὐπείθειαν
3063 3139 3298 3208 ὀφείλει,
3340 3138 3696 3210 ἐκθρεψαμένῳ

2157 3245 2218 3280 τε
2256 3227 2441 3290 αὑτὸν,
2473 3227 2564 3280 καὶ
2620 3226 2688 3280 τὰ
2751 3226 2992 3294 πολέμια
3030 3226 3344 3293 διδάξαντιί
3367 3229 3458 3281 καὶ
3496 3227 3576 3280 διὰ
3615 3222 3696 3292 τὴν

2158 3324 2294 3392 πρδς
2325 3323 2424 3394 ἐμὲ
2469 3323 2680 3392 φιλίαν,
2723 3325 2897 3394 ῥᾷστα
2933 3325 3439 3394 πρωτοϐεστιάριον
3465 3323 3526 3376 ἂν
3555 3317 3698 3388 πρόη-

2157 3407 2245 3466 ται
2294 3414 2384 3466 τὸν
2434 3413 2730 3483 κηδεστὴν,
2773 3415 2868 3467 καὶ
2912 3415 3046 3484 ἡμῖν
3082 3415 3184 3486 τὴν
3237 3416 3390 3468 πόλιν
3435 3410 3691 3484 παραδοίη.

2159 3504 2348 3559 Ταῦτα
2387 3507 2444 3560 δὲ
2493 3507 2628 3576 ἡμῖν
2676 3507 3073 3577 κατασχοῦσιν,
3114 3510 3446 3578 αὑτόκλητοι
3477 3521 3696 3577 προσχω-

2160 3600 2417 3667 ρήσουσιν
2471 3599 2520 3651 οἱ
2581 3598 2917 3669 Βερῤοιῶται
2943 3615 2955 3628 ·
2997 3599 3141 3652 δοκῶ
3179 3619 3272 3670 μοι
3309 3601 3365 3653 δὲ
3405 3599 3588 3660 αὐτοὺς
3618 3595 3696 3647 καὶ

2159 3692 2288 3759 πρὶν
2323 3690 2496 3743 ταῦτα
2547 3692 2629 3754 είς
2662 3690 2840 3758 πέρας
2895 3691 3078 3762 ἣκειν,
3107 3692 3189 3756 είς
3224 3692 3326 3764 τὴν
3362 3689 3638 3759 ὑστεραίαν
3667 3683 3694 3754 ἢ

2158 3785 2254 3836 καὶ
2307 3781 2502 3852 τρίτην
2557 3781 2778 3853 ἡμέραν
2826 3783 2894 3837 ἂν
2948 3782 3128 3836 ἐλθεῖν
3173 3783 3586 3855 παραδώσοντας
3613 3777 3696 3846 τὴν

2161 3874 2335 3927 πόλιν.
2373 3873 2616 3928 Τοιαῦτα
2650 3875 2750 3928 τοῦ
2801 3875 3043 3943 μεγάλου
3074 3876 3400 3946 δομεστίκου
3432 3875 3696 3946 βουλευσα-

2163 3968 2354 4036 μένου,
2391 3967 2418 4020 ὅ
2453 3984 2512 4019 τε
2544 3966 2808 4036 βασιλεὺς
2848 3967 3105 4021 συνέθετο
3140 3969 3325 4035 εὐθὺς,
3370 3968 3459 4022 καὶ
3496 3966 3540 4018 οῖ
3568 3962 3697 4019 ἄλλοι

2161 4058 2691 4128 συνεπεψηφίζοντο,
2757 4061 3166 4125 ἐπαινέσαντες
3222 4062 3323 4132 τὴν
3375 4059 3582 4132 βουλὴν,
3620 4055 3700 4108 καὶ

2083 2981 2126 3038 C

485 4150 809 4206 adventanti
867 4149 1206 4204 deditionem
1259 4149 1530 4202 facturus.
1571 4146 1676 4201 Sed
1713 4146 1803 4215 qui
1840 4145 2053 4199 Edessa:

2157 4152 2472 4220 ἐκεκύρωτο
2495 4152 2595 4223 τὴν
2620 4153 2716 4206 ἐπὶ
2739 4153 3014 4206 Ἔδεσσαν
3038 4153 3198 4208 ῖέναι.
3221 4154 3430 4208 Αὐτίκα
3463 4169 3518 4204 τε
3550 4162 3696 4218 προσ·

484 4243 727 4312 potcntia
779 4240 1135 4303 eminebant,
1189 4239 1376 4308 Angeli
1426 4237 1726 4307 Rhadipori
1775 4237 2053 4306 cognomi-

2157 4243 2416 4312 τάγματα
2473 4243 2745 4313 βασιλέως
2798 4247 2894 4298 καὶ
2953 4245 3048 4299 τοῦ
3103 4247 3348 4315 μεγάλου
3397 4239 3695 4314 δομεστίκνιυ

483 4336 621 4396 nati,
661 4337 860 4388 fratres
896 4329 1196 4400 trigemini,
1232 4340 1284 4382 et
1325 4329 1600 4391 Lascaris,
1635 4327 1876 4396 acceptis
1903 4343 2053 4381 man-

2163 4336 2470 4406 γράμματα
2492 4336 2593 4396 ,διὰ
2631 4337 2991 4408 ταχυδρόμων
3035 4338 3256 4391 ἱππέων
3287 4338 3422 4410 πρός
3447 4353 3504 4388 τε
3537 4331 3698 4386 Ἐδεσ-

483 4427 624 4478 datis
656 4465 668 4483 ,
718 4423 856 4477 citra
895 4419 1446 4491 procrastinationem
1475 4459 1490 4483 ,
1525 4419 1672 4489 quod
1697 4427 1752 4474 et
1815 4419 2054 4488 populus

483 4519 800 4572 Edessenus
825 4513 892 4567 ab
917 4529 1109 4568 eorum
1134 4520 1270 4567 nutu
1303 4511 1738 4580 auctoritateque
1758 4509 2054 4580 pendebat,

483 4623 688 4662 uxores
757 4606 923 4658 trium
988 4619 1178 4659 eorum
1236 4618 1376 4674 quos
1432 4617 1597 4674 supra
1651 4603 2054 4657 nominavimus

484 4703 732 4767 ipsarum
789 4697 999 4750 aedibus
1051 4695 1610 4766 eircumseripsernnt
1639 4735 1656 4760 ,
1704 4703 1760 4750 et
1805 4695 2054 4750 excubiis

483 4789 996 4843 circumdederunt.
1056 4787 1226 4842 Paulo
1279 4798 1404 4857 post
1451 4788 1808 4843 advenientes
1845 4789 2050 4851 mariti,

481 4898 606 4936 cum
641 4880 946 4935 Edessenos
976 4880 1031 4933 in
1067 4895 1125 4934 se
1155 4880 1540 4943 insurrexissc,
1580 4895 1817 4948 suasque
1851 4881 2050 4933 mulie-

482 4991 571 5028 res
617 4972 903 5027 conelusas
952 4971 1314 5034 invenissent,
1350 4971 1531 5040 fugam
1576 4970 1643 5024 ad
1683 4970 2049 5024 Triballorutn

482 5066 787 5136 principem
833 5064 1104 5117 fecerunt.
1149 5063 1284 5116 Nam
1329 5077 1452 5116 cum
1505 5061 1686 5117 adhuc
1727 5061 1918 5116 Pheris
1953 5077 2052 5114 au-

480 5160 730 5221 dissent,
787 5155 1176 5224 imperatorem
1229 5153 1679 5207 Thessalonicam
1733 5152 1836 5205 iter
1865 5168 2047 5206 susce-

480 5252 648 5320 pisse,
683 5262 791 5301 non
824 5246 996 5299 levem
1041 5245 1095 5298 in
1149 5244 1400 5298 timorem
1452 5253 1736 5307 venerant,
1771 5244 1961 5297 urbem
1993 5258 2051 5299 se

482 5343 559 5394 illi
594 5337 991 5410 permissnram
1023 5353 1036 5387 :
1068 5336 1135 5389 ad
1169 5351 1352 5390 arcem
1397 5346 1575 5390 tamen
1603 5336 1773 5388 tntius
1807 5335 2050 5388 retinen-

479 5444 602 5484 dam
646 5437 922 5482 trecentos
949 5427 1348 5482 submiserunt.
1384 5427 1596 5482 Deinde
1623 5425 1714 5478 ubi
1760 5425 2052 5479 Thessalo-

479 5523 659 5576 nieam
693 5535 749 5573 se
779 5520 882 5573 sub
939 5520 1292 5589 imperatoris
1341 5528 1672 5589 potestatem
1722 5506 2046 5586 subiecisse,

479 5624 533 5669 et
564 5612 686 5667 illos
709 5618 986 5665 trecentos
1013 5612 1212 5680 partim
1241 5612 1454 5666 occisos
1505 5612 1701 5680 partim
1735 5618 1923 5678 captos
1956 5611 2042 5662 in-

2162 4442 2262 4478 σαν
2289 4424 2658 4495 ἐπέμφθησαν
2687 4427 2783 4480 καῖ⁸
2819 4426 3158 4496 Καστορίαν.
3196 4429 3307 4482 Καὶ
3339 4426 3588 4494 Ἀγγελος
3614 4420 3698 4491 μὲν

2157 4516 2185 4566 ό
2228 4514 2544 4582 Καστορίας
2597 4515 2900 4585 ἐπίτροπος
2957 4515 3119 4578 εὐθὺς
3164 4519 3263 4586 την
3296 4518 3450 4570 πόλιν
3490 4511 3594 4583 εἶχε
3621 4508 3698 4562 διὰ

2159 4606 2429 4675 φρουρᾶςν
2465 4605 2542 4668 ὡς
2568 4605 2781 4674 βασιλεῖ
2805 4606 2886 4676 τῷ
2921 4606 3051 4677 νέῳ,
3075 4609 3203 4660 ὅταν
3223 4608 3512 4676 Ὰφίκηται,
3543 4618 3698 4669 παρα-

2156 4697 2365 4751 δώσων.
2410 4698 2473 4750 Οί
2515 4698 2562 4750 δ’
2611 4697 2669 4750 ὲν
2719 4697 2946 4770 Ἐδέσσῃ
2993 4698 3238 4766 δυνατοὶ,
3289 4701 3344 4752 οῖ
3371 4715 3427 4751 τε
3463 4692 3694 4762 Ἄγγελοι

2143 4771 2476 4859 ὟΡαδίποροι
2507 4786 2962 4859 ἐπικεκλημένοι,
2997 4793 3150 4861 τρεῖς
3173 4792 3324 4856 ὅντες
3351 4789 3581 4856 ἀδελφοὶ,
3615 4782 3695 4836 καὶ

2157 4881 2184 4930 ὁ
2218 4880 2529 4950 Λάσκαρις,
2562 4883 2686 4933 ἐπεὶ
2725 4881 2792 4933 τὰ
2827 4883 3236 4952 προστάγματα
3288 4883 3530 4950 ἐδέξαντο
3559 4878 3694 4947 pact-

2153 4969 2312 5040 λέῳς,
2352 4971 2624 5040 μηδεμίαν
2678 4974 3046 5042 ποιησάμενοι
3075 4975 3372 5046 ἀναϐολὴν,
3411 4976 3526 5026 ἐπεὶ
3557 4967 3691 5022 καὶὸ

2152 5062 2324 5133 δῆμος
2366 5063 2707 5132 Ἐδεσσηνῶν
2759 5067 2860 5134 τῆς
2910 5066 3093 5120 αὐτῶν
3150 5069 3415 5139 ἐξήρτητο
3464 5063 3691 5131 γνώμης,

2153 5160 2254 5226 τήν
2295 5174 2355 5208 τε
2393 5157 2718 5226 βασίλισσαν
2778 5159 2879 5228 τὴν
2928 5163 3242 5232 Δημητρίου
3301 5160 3390 5214 τοῦ
3448 5156 3687 5212 δεσπότου

2155 5248 2427 5319 γαμετὴν,
2463 5249 2558 5302 καὶ
2593 5249 2692 5320 τὴν
2713 5253 2959 5321 ἐπάρχου
2987 5253 3083 5308 τοῦ
3116 5254 3440 5323 Μο-νομάχου
3485 5250 3572 5303 καὶ
3601 5244 3686 5313 τὴν

2166 5337 2358 5390 Ῥαουλ
2381 5338 2719 5409 περιώρισαν
2751 5342 2807 5392 ὲν
2840 5341 3042 5407 οἰκίαις
3079 5345 3175 5398 καὶ
3203 5343 3516 5412 ἐφύλαττον,
3547 5351 3688 5403 περι’

2156 5433 2454 5499 στήσαντες
2489 5433 2764 5503 φρουράν.
2791 5435 2945 5488 Μετά
2991 5437 3277 5513 μικρὸνιδὲ
3306 5439 3352 5488 οῖ
3381 5433 3560 5502 ἄνδρες
3598 5428 3684 5481 αὖ·

2149 5521 2258 5572 τῶν
2290 5520 2557 5588 ἐλθόντες,
2586 5526 2712 5579 ἐπεὶ
2763 5527 3022 5596 εὕρισκον
3061 5527 3411 5596 Ἐδεσσηνούς
3446 5541 3501 5578 τε
3528 5517 3685 5575 αὐτῶν

2151 5611 2553 5679 ἀφεστηκότας,
2594 5616 2688 5666 καὶ
2725 5615 2989 5685 ἠχθείσας
3029 5619 3126 5683 τὰς
3183 5621 3467 5689 γυναῖκας,
3497 5605 3682 5680 τραπό-
