3952 6204
249 403 353 464 3Ἱῖ
1416 397 1959 457 lllS'I‘Dlll.\RUM
2000 393 2230 456 LlBEli
2273 397 2316 459 Γ.

3386 388 3494 450 371

246 520 354 589 diu:
398 519 459 572 δέ
492 516 520 569 ὅ
556 515 730 588 μέγας
774 514 1096 586 δομέστικος
1145 511 1253 566 τῶν
1306 511 1648 564 πιστοτάτων
1676 511 1820 563 οἰκε-

1953 509 2100 580 gitur
2132 525 2360 578 magnus
2403 507 2762 562 domesticus
2796 513 2853 560 et
2902 502 3088 558 verbis
3128 501 3334 572 gratias
3361 499 3494 570 egit,

248 612 359 665 τῶν
397 627 542 675 τινα,
595 607 984 678 ὑφηγουμένου
1028 604 1121 658 τοῦ
1176 605 1558 675 μεμηνυκότος
1590 603 1658 656 τά
1691 603 1825 673 χρή-

251 717 420 769 ματα.
452 699 596 768 ἤχθη
647 698 787 768 πρὸς
845 696 1010 750 αὐτὸν
1061 697 1120 749 ἐν
1153 694 1276 748 δυσὶ
1318 695 1620 758 κιϐωτῐοις,
1651 696 1709 747 ἐν
1743 690 1825 756 οἷς

244 786 316 859 ἦν
349 789 575 858 ἀγγεῖόν
622 807 678 842 τι
721 791 785 842 ἐκ
843 786 1054 858 χαλκοῦ
1106 787 1479 857 πεποιημένον
1528 786 1825 856 δισχιλίους

245 885 349 936 καὶ
387 883 620 951 μυρίους
666 881 790 953 ἕχον
831 879 1091 951 χρυσοῦς·
1125 880 1218 932 καὶ
1270 860 1468 943 ζῶναιξ
1509 878 1604 931 καὶ¹
1643 875 1826 928 ἐκπώ-

251 993 404 1046 ματα
446 979 509 1029 ἐκ
548 974 754 1046 χρυσοῦ
791 973 1168 1044 πεποιημένα·
1197 972 1293 1025 καὶ
1323 971 1562 1042 ἄργυρος
1587 970 1824 1040 ἄσημος,

230 1070 347 1123 ,καὶ
381 1070 687 1136 γυναικεῖοι
723 1068 944 1138 κόσμοι,
980 1067 1075 1118 καὶ
1101 1063 1414 1134 ’ἕτερ”ᾶττα
1451 1079 1830 1132 τετρακισμυ-

248 1161 386 1230 ρίων
422 1159 554 1224 ἄξια
600 1160 865 1230 χρυσίων.
905 1157 996 1228 Τῷ
1039 1157 1140 1226 μέν
1174 1153 1268 1210 οὖν
1308 1155 1376 1208 τὰ
1423 1156 1685 1226 χρήματα
1734 1170 1829 1221 με-

249 1250 547 1319 μηνυκότι,
587 1249 772 1316 λόγοις
805 1264 866 1300 τε
916 1245 945 1299 δ
987 1246 1164 1316 μέγας
1199 1245 1525 1314 δομέστικος
1555 1242 1828 1312 ὡμολόγει

243 1341 516 1410 χάριτας,
552 1339 647 1390 καὶ
690 1336 873 1406 ἔργοις
910 1337 1084 1389 ἐποίει
1126 1332 1211 1390 εὖ.
1263 1334 1484 1388 Βασιλεῖ
1511 1330 1566 1386 δέ
1600 1332 1830 1404 προσελ-

244 1429 477 1494 θὼν,’τά
500 1445 560 1482 τε
593 1429 856 1500 χρήματα
889 1429 1127 1497 ἐμήνυεν
1157 1426 1232 1488 ὡς
1265 1425 1548 1496 εὕρηνται,
1583 1425 1676 1478 καὶ
1707 1424 1832 1495 ἐδή-

244 1521 349 1575 λου
397 1520 612 1573 καὶτὸν
655 1517 917 1588 ἀριθμόν.
949 1515 1229 1578 Βασιλέως
1261 1514 1338 1578 δὲ,
1373 1513 1613 1578 Οὐκοῦν,
1647 1512 1831 1566 εἰπόν-

240 1633 366 1680 τος,
411 1614 475 1668 σέ
529 1613 621 1666 τὸν
684 1609 961 1682 εὑρηκότα
1022 1609 1236 1663 δίκαιον
1290 1608 1457 1678 ἔχειν.
1538 1606 1682 1658 Ἀλλ’
1707 1605 1832 1659 οὗτε

245 1708 549 1777 πρότερον,
577 1700 732 1758 εἶπεν
764 1702 953 1767 αὐτὸς,
979 1703 1037 1755 ἐν
1073 1703 1187 1766 τοῖς
1219 1699 1316 1754 τοῦ
1349 1698 1592 1768 πολέμου
1621 1696 1836 1768 καιροῖς

241 1796 379 1849 οὔτε
424 1792 599 1846 πλείω
639 1790 755 1846 οὔτ’
783 1790 995 1845 ἐλάττω
1025 1790 1288 1862 χρήματα
1324 1787 1634 1857 ἀφειλόμην
1666 1785 1835 1853 τινος,

1932 610 1987 656 et
2016 601 2180 657 rebus
2211 599 2506 656 benefecit.
2531 599 2816 654 Conveuto
2844 598 3196 667 imperatore.
3229 594 3298 648 de
3337 609 3502 662 pecu-

1931 690 2021 746 nia
2049 733 2062 756 ,
2120 689 2395 760 quomodo
2437 689 2696 750 inventa,
2746 697 2802 742 et
2855 701 3019 756 quam
3073 683 3297 754 grandis
3329 689 3513 744 esset,

1930 785 2195 840 narravit.
2227 783 2366 837 Tum
2399 783 2697 851 imperator
2726 796 2740 832 :
2773 779 2930 849 172
2983 778 3124 846 Ergo
3158 785 3212 830 tu
3247 775 3502 828 inventor

1931 872 2034 928 ista
2083 874 2180 928 tibi
2236 872 2444 928 habeas
2485 873 2600 943 (4),
2639 881 2701 925 ut
2726 872 2933 941 justum
2973 878 3079 923 est.
3107 866 3294 937 Atqui.
3323 865 3504 933 inquit

1931 965 2287 1024 domesticus.
2334 980 2434 1020 nec
2466 973 2627 1018 antea
2677 962 2807 1017 belli
2856 969 3101 1029 tempore
3134 959 3220 1014 vel
3254 957 3502 1021 multam,

1929 1059 2018 1112 vel
2084 1057 2354 1111 modicam
2403 1056 2728 1126 cujusquam
2781 1052 2880 1105 tuli
2933 1049 3260 1120 pecuniam,
3315 1063 3508 1116 quem-

1933 1150 2228 1205 admodum
2269 1155 2383 1202 tute
2411 1146 2610 1209 nostri,
2659 1157 2761 1198 nec
2794 1142 2862 1196 ab
2899 1141 3001 1196 ista
3034 1140 3198 1194 modo
3228 1138 3372 1192 vinci
3416 1153 3510 1190 ve-

1932 1243 2052 1298 lim.
2089 1241 2245 1296 Haud
2285 1241 2488 1294 mirum
2539 1252 2604 1292 ac
2651 1252 2875 1299 novum,
2909 1235 3133 1305 subjicit
3180 1234 3506 1302 imperator,

1934 1351 2058 1390 cum
2090 1335 2261 1390 multa
2307 1333 2400 1387 alii
2445 1331 2542 1386 tibi
2582 1329 2954 1392 abstulerint,
3003 1327 3275 1397 praecipue
3320 1332 3508 1394 proto-

1933 1423 2316 1487 vestiarius,si
2350 1421 2590 1477 vicissim
2623 1435 2795 1490 pauca
2822 1417 3066 1488 quaedam
3096 1432 3160 1471 ex
3194 1417 3318 1487 ejus
3344 1414 3510 1469 rebus

1936 1516 2005 1571 ad
2043 1526 2192 1570 tuam
2231 1514 2526 1569 utilitatem
2558 1511 2808 1566 redeant.
2837 1509 3078 1564 Rursum
3119 1505 3460 1561 domesticus
3493 1522 3516 1557 ι

1936 1607 2051 1662 Hoc
2082 1621 2213 1662 vero
2250 1606 2446 1660 mirum
2485 1603 2640 1667 foret,
2671 1601 2713 1656 si
2743 1610 2844 1665 tot,
2886 1596 3298 1670 praesertimque
3335 1597 3516 1649 altero

1939 1700 2108 1761 bello,
2144 1679 2495 1754 detrimentis
2526 1693 2596 1748 ab
2631 1693 2739 1748 illis
2768 1691 3017 1755 allectus,
3047 1688 3301 1760 quamvis
3331 1687 3510 1741 oblata

1939 1791 2230 1846 occasione
2262 1805 2362 1859 par
2413 1787 2625 1842 referre
2661 1783 2929 1839 noluisset
2954 1783 3170 1848 ,‘nunc
3213 1777 3514 1849 pecuniolze

242 1887 446 1954 ὥσπερ
485 1879 641 1937 οἶσθα
688 1881 785 1935 καὶ
835 1855 1185 1943 αὐτός’-*οὗτε
1217 1855 1447 1933 ίτούτων
1492 1855 1558 1931 ἂν
1592 1855 1833 1946 γόφθείῃν

1948 1898 2107 1939 causa
2152 1883 2410 1951 antiquos
2464 1893 2645 1934 mores
2697 1890 2830 1931 suos
2876 1875 2930 1928 in
2970 1873 3126 1942 pejus
3175 1871 3512 1930 immutaret,

240 1979 437 2048 ῆττων
476 1974 594 2028 νῦν,
641 1971 785 2026 Ἀλλ’
818 1973 994 2036 οὐδὲν,
1027 1970 1157 2040 ἔφη,
1210 1969 1526 2039 θαυμαστὸν
1551 2011 1564 2035 ,
1612 1968 1642 2022 5
1675 1969 1832 2040 βασι-

240 2071 402 2135 λεῦς,
439 2070 491 2123 εί
518 2066 691 2122 πολλὰ
730 2066 824 2121 ὑπ’
853 2065 1033 2120 αὐτῶν
1059 2059 1442 2137 ἀφῃρημένος,
1474 2063 1568 2117 καὶ
1598 2062 1831 2132 μάλιστα

242 2160 768 2236 πρωτοὸεστιαρίου
794 2156 1038 2224 τουτουῖ,
1068 2157 1227 2225 ὀλίγα
1257 2155 1396 2210 άττα
1429 2157 1492 2208 ἐκ
1532 2155 1640 2208 τῶν
1665 2151 1830 2223 αὐτοῦ

242 2253 617 2324 ὠφεληθήσῃ.
679 2250 826 2304 Δύτδ
885 2248 987 2318 μὲν
1044 2242 1139 2302 οὖν
1193 2245 1353 2302 τοῦτο
1401 2245 1629 2315 μᾶλλον,
1685 2239 1830 2309 εἷπε,

245 2346 610 2418 θαυμαστὸν,
636 2344 686 2397 εί
710 2343 883 2398 πολλὰ
919 2341 1012 2395 ὑπ’
1035 2340 1239 2403 αὐτῶν,
1290 2338 1386 2397 καὶ
1422 2336 1660 2407 μάλιστα
1692 2336 1836 2388 κατά

245 2441 347 2492 τὸν
411 2437 666 2506 δεύτερον
719 2433 958 2502 πόλεμον
1009 2428 1336 2500 ζημιωθεὶς,
1387 2425 1584 2497 καιροῦ
1659 2441 1837 2494 παρα-

251 2532 496 2600 σχόντος
550 2529 653 2582 ούκ
709 2526 960 2598 ἠθέλησα
1019 2520 1332 2594 ἀμύνασθαι
1366 2522 1482 2582 τοῖς
1524 2518 1680 2583 ἴσοις,
1719 2519 1838 2571 νυνὶ

247 2624 303 2675 δὲ
347 2621 554 2688 ὀλίγων
584 2619 751 2672 ἕνεκα
800 2615 1126 2688 χρημάτων,
1164 2612 1225 2666 τό
1271 2629 1330 2664 τε
1377 2609 1437 2674 ἐξ
1486 2609 1663 2679 ἀρχῆς
1705 2603 1839 2678 ἦθος

249 2708 566 2780 διαφθερῶ,
609 2707 702 2761 καὶ
734 2707 913 2776 ἥττων
942 2703 1132 2758 ἀδίκου
1172 2702 1461 2770 λήμματος
1493 2698 1589 2752 καὶ
1615 2696 1839 2768 κέρδους

250 2800 319 2854 ἂν
350 2799 515 2866 φανῶ
543 2815 558 2830 ’
606 2796 743 2850 ἀλλά
792 2795 997 2866 μᾶλλον
1039 2791 1182 2845 αὐτὰ
1217 2788 1586 2860 στρατιώταις
1617 2789 1711 2841 καὶ
1746 2787 1840 2842 άλ-

251 2892 377 2957 λοις
411 2889 494 2955 οἷς
517 2891 584 2944 ἂν
611 2890 804 2960 ἐθέλῃς
832 2888 1098 2941 κέλευσον
1134 2882 1547 2954 διανεμηθῆναι.
1577 2879 1841 2942 Βασιλεὺς

256 2989 367 3055 μὲν
425 2983 519 3036 οὖν
561 2983 809 3036 ἐπείθετο
840 2980 1084 3043 εἰπόντι,
1138 2976 1234 3030 καὶ
1279 2976 1368 3027 τὸν
1398 2973 1601 3044 χρυσὸν
1626 2974 1749 3034 ὅσος
1775 2966 1844 3041 ἦν

257 3078 528 3131 ἐκέλευσε
583 3073 984 3144 διανεμηθῆναι
1033 3073 1101 3142 τῇ
1171 3070 1425 3139 στρατιᾷ.
1476 3068 1620 3120 Ὅσα
1658 3066 1716 3119 δὲ
1775 3061 1845 3134 ἦν

261 3169 511 3230 ἔπιτλα,
539 3167 637 3219 καί
667 3184 791 3219 τινα
839 3167 903 3217 ἐκ
955 3162 1064 3217 τῶν
1095 3162 1334 3224 σκευῶν,
1365 3159 1476 3214 τῶν
1507 3156 1848 3228 εὐπατριδῶν

260 3260 488 3327 διεδόθη
528 3258 662 3311 τισί·
697 3257 794 3311 καὶ
826 3256 896 3309 τά
934 3255 1242 3325 λειπόμενα
1276 3251 1352 3321 τῷ
1389 3248 1656 3322 βασιλικῷ
1687 3265 1851 3318 προσ-

265 3353 418 3423 ήχθη
452 3349 719 3421 ταμιείῳ.
756 3346 933 3401 Ὀκτὼ
959 3347 1014 3401 δὲ
1048 3346 1290 3418 ἡμέραις
1319 3347 1388 3415 τῇ
1419 3343 1631 3413 Ἀχρίδι
1670 3341 1850 3394 ἐνδια-

264 3445 550 3516 τρίψαντα
597 3441 831 3513 βασιλέα
855 3480 868 3503 .
913 3441 967 3495 οῐ
995 3457 1057 3494 τε
1096 3441 1196 3503 τὰς
1242 3437 1529 3500 Δεαϐὁλεις
1556 3437 1852 3506 νεμόμενοι

279 3538 544 3592 ’Δλόανοὶ
603 3536 842 3605 νομάδες
868 3572 884 3599 ,
930 3535 1025 3588 καὶ
1076 3535 1124 3586 οἱ
1169 3531 1267 3594 τὰς
1315 3528 1651 3592 Κολωνείας,
1688 3527 1767 3581 ἐτι
1797 3527 1854 3580 δέ

272 3634 375 3686 καὶ
411 3633 461 3685 οἱ
501 3631 750 3701 Ἀχρίδος
785 3627 975 3695 ἐγγὺς,
1003 3615 1422 3697 προσεκύνησαν
1460 3622 1729 3686 ἐλθόντες,
1759 3621 1878 3686 καὶ,

270 3723 560 3778 δουλεύειν
597 3718 1000 3793 ἐπηγγείλαντο
1035 3715 1354 3789 προθύμως.
1391 3715 1530 3777 Τοὺς
1567 3713 1624 3766 δὲ
1665 3713 1856 3784 πόρρω

270 3812 730 3884 κατῳκισμένους
760 3811 897 3882 πρὸς
930 3811 1215 3880 ἐσχατιαῖς
1264 3808 1364 3877 τῆς
1408 3805 1697 3876 Ῥωμαίων
1726 3806 1858 3874 ἠγεα

277 3905 496 3977 μονίας,
533 3904 844 3974 γράμματα
883 3900 1071 3955 ἐκάλει
1120 3896 1376 3970 βασιλικὰ
1409 3897 1548 3966 πρὸς
1581 3894 1855 3948 Θεσσαλο-

278 3999 448 4068 νίκην
509 3996 687 4048 ἐλθεῖν
722 4033 740 4058 ,
795 3992 872 4056 ὡς
921 3989 1406 4060 προσκυνήσοντας
1457 3987 1594 4039 ἐκεῖ.
1641 3985 1856 4059 Καὶ.ού

277 4087 468 4156 πολλῷ
501 4087 732 4155 ὕστερον
759 4081 944 4155 ἦλθον.
985 4082 1044 4136 Ὀ
1080 4081 1266 4151 μέντοι
1304 4079 1528 4149 Κρά).ης
1549 4076 1667 4148 ἅμα
1701 4092 1860 4146 στρα-

277 4178 359 4247 τῷ
393 4177 558 4231 παντὶ
581 4173 660 4241 τῷ
699 4171 792 4227 ὑπ’
824 4170 1007 4234 αὐτὸν,
1038 4172 1097 4224 ὲν
1120 4168 1395 4240 μεθορίοις
1437 4169 1537 4237 τῆς
1576 4166 1742 4220 αὑτοῦ
1765 4167 1860 4220 καὶ⁹

291 4267 588 4340 Ῥωμαίων
620 4264 917 4336 ἡγεμονίας
972 4262 1070 4327 ὣν,
1123 4261 1229 4316 ὑπὸ
1286 4260 1388 4332 μὲν
1444 4259 1554 4314 τῶν
1607 4258 1900 4328 φυγάδων.

296 4361 588 4430 Ῥωμαίων
635 4358 910 4428 ὁσημέραι
971 4353 1334 4426 παρεκαλείτο
1399 4351 1542 4405 κατὰ
1601 4350 1862 4422 βασιλέως

285 4455 486 4519 ἐλθεῖν,
530 4453 627 4512 κα).
675 4451 856 4520 μάχην
881 4447 1193 4501 συνάπτεινο
1226 4445 1470 4521 ὑπήκουε
1501 4442 1558 4496 δέ
1591 4443 1885 4510 οὐδαμῶς..

1937 1983 1995 2031 et
2070 1972 2263 2044 iniquo
2327 1984 2558 2026 munere
2617 1983 2684 2024 ac
2745 1968 2902 2022 lucro
2957 1963 3138 2019 minor
3188 1969 3513 2032 appareret;

1942 2065 2053 2120 imo
2106 2062 2396 2118 enimvero
2448 2060 2636 2131 potius
2669 2056 2944 2112 militibus
2965 2093 2980 2119 ,
3006 2062 3062 2110 et
3089 2053 3212 2109 aliis
3241 2093 3258 2119 ,
3315 2050 3518 2121 quibus

1941 2156 2202 2226 placeret,
2223 2152 2444 2224 juberet
2467 2148 2746 2204 distribui.
2772 2147 2976 2202 Morem
2999 2143 3169 2215 gessit
3192 2144 3510 2212 imperator,

1941 2252 1998 2299 et
2037 2259 2319 2298 nummum
2350 2255 2642 2296 aureorum
2672 2247 2940 2310 quantum
2983 2245 3130 2290 esset
3181 2235 3236 2288 in
3287 2234 3514 2288 militem

1942 2332 2224 2403 dispertiri
2257 2331 2570 2396 mandavit;
2599 2329 2884 2399 supellex,
2928 2335 2987 2383 et
3013 2340 3140 2380 vasa
3173 2323 3386 2393 aliquot
3414 2338 3516 2376 no-

1942 2427 2151 2483 bilibus
2190 2422 2520 2495 quibusdam
2556 2421 2801 2486 donata,
2843 2419 3057 2489 reliqua
3087 2418 3142 2472 in
3190 2415 3378 2470 ﬁscum
3397 2413 3518 2467 oitn-

1945 2511 2218 2590 peratoris
2249 2515 2398 2570 illata
2443 2523 2612 2578 sunt,
2657 2527 2817 2582 quem
2854 2519 2976 2581 post
3007 2507 3292 2565 octiduum
3321 2505 3519 2560 Acltri-

1945 2613 2068 2668 dem
2108 2610 2397 2668 adoratum
2444 2615 2716 2661 venerunt
2757 2612 2998 2676 agrestes
3027 2601 3266 2666 Albani,
3313 2599 3520 2670 quique
3549 2625 3563 2634 --

1947 2703 2242 2764 Dcabolcs,
2277 2701 2481 2770 quique
2523 2696 2803 2756 Colonias.
2828 2706 2884 2751 et
2911 2695 3006 2765 qui
3045 2695 3199 2765 juxta
3227 2680 3548 2747 Achridem-U

1950 2795 2247 2855 habitant,
2276 2805 2335 2847 se
2384 2796 2640 2860 prompte
2688 2787 2737 2842 ei
2785 2787 3063 2858 perituros
3111 2784 3552 2854 promittentes..

1950 2886 2202 2956 Longius
2234 2890 2417 2938 autem
2448 2922 2464 2946 ,
2503 2880 2558 2933 in
2588 2878 2798 2934 ultimis
2842 2877 3100 2933 videlicet
3148 2874 3520 2930 Romanorum

1953 2978 2158 3034 tinibus
2187 2978 2524 3042 incolentes,
2579 2975 2773 3030 litterae
2819 2964 3546 3041 imperatoriae»Thessalo--

1953 3068 2133 3122 nicam
2158 3109 2172 3131 ,
2207 3067 2284 3122 ibi
2313 3068 2576 3137 obsequia
2625 3080 2723 3122 sua
2768 3058 3071 3124 honorifice
3102 3055 3379 3111 delaturos
3431 3067 3522 3105 ac-
3554 3085 3556 3087 ›

1954 3156 2320 3221 cersiverunt,
2362 3157 2455 3228 qui
2485 3156 2638 3212 brevi
2668 3154 2985 3211 adfuerunt.
3016 3148 3134 3204 lam
3163 3143 3526 3217 vero_Crales
3558 3179 3570 3184 -

1952 3263 2081 3304 cum
2117 3258 2234 3305 toto
2264 3250 2479 3339 agmine
2510 3265 2611 3305 suo
2656 3249 2712 3304 in
2738 3237 2989 3302 conﬁniis
3012 3238 3348 3300 consistens,
3373 3250 3404 3288 a
3444 3235 3528 3288 tu-

1953 3341 2138 3413 gitivis
2187 3327 2468 3397 Romanis
2503 3340 2752 3412 quotidie
2800 3337 2866 3392 ad
2910 3334 3174 3406 prmlium.
3201 3345 3328 3384 cum
3358 3327 3538 3397 itttpe-'
3619 3369 3626 3373 .
3667 3410 3681 3426 .

1960 3428 2149 3488 rator'e
2178 3433 2641 3488 committendum
2695 3427 3126 3505 sollieitabatur;
3175 3420 3308 3490 qui,
3346 3418 3527 3472 infau-

1955 3535 2103 3581 stum
2141 3525 2448 3580 formidans
2473 3524 2708 3589 exitum,
2735 3533 3080 3591 nequaquam
3113 3529 3209 3569 eos
3234 3511 3525 3574 audiebat;

1959 3615 2191 3671 Chreles
2225 3617 2300 3670 illi
2336 3616 2390 3670 in
2429 3613 2843 3686 exspectatione
2894 3617 3012 3664 erat
3031 3648 3055 3672 ,ι
3093 3604 3186 3674 qui
3217 3601 3410 3658 Pheris
3435 3592 3531 3653 ad-

1956 3723 2180 3763 versum
2227 3708 2623 3776 imperatorem
2672 3704 2944 3772 iuniorem
2972 3695 3236 3753 Romanis
3262 3691 3529 3746 auxilium
3564 3726 3578 3743 .,

1958 3798 2171 3864 ferens,
2209 3796 2457 3852 nondum
2502 3789 2766 3850 redierat.
2808 3791 2890 3845 Ex
2937 3803 3039 3850 eo,
3080 3785 3150 3840 de
3197 3784 3530 3852 imperatore

1958 3891 2189 3961 ejusque
2227 3888 2471 3944 exercitu
2497 3927 2512 3954 ,
2565 3882 2910 3940 invadendus
2959 3885 3108 3935 esset
3145 3889 3250 3930 nec
3295 3887 3403 3935 ne,
3446 3871 3551 3924 ine.

1961 3983 2215 4052 telligere
2263 3978 2543 4050 cupiebat.
2579 3977 2916 4033 Prwsentem
2941 3973 3063 4043 jam
3106 3971 3528 4040 percunctatur,

1961 4071 2169 4142 ecquid
2227 4067 2635 4138 conﬂigendum
2694 4073 2872 4136 putet.
2895 4110 2910 4114 ..
2933 4060 3028 4116 llle
3101 4056 3534 4128 pacem-potius

1966 4162 2318 4234 agitandum,
2363 4175 2466 4215 nec
2491 4158 2697 4214 bellum
2725 4194 2740 4220 ,
2774 4153 2920 4224 quod
2963 4150 3145 4207 adhuc
3188 4148 3400 4202 nullum
3436 4147 3529 4210 sit,

1964 4256 2098 4320 sibi,
2126 4255 2352 4314 suisque
2396 4247 2791 4306 accersendum
2817 4245 3068 4299 hortatur
3094 4261 3108 4297 :
3146 4241 3531 4310 imperatorem

1967 4347 2144 4417 ipsum
2173 4343 2369 4399 Pheris
2392 4357 2452 4396 se
2477 4339 2703 4402 vidisse,
2739 4336 3027 4391 ducentem
3068 4331 3257 4402 copias
3285 4328 3533 4399 exiguas,
3562 4380 3578 4386 .,

1967 4453 2158 4492 verum
2188 4435 2243 4489 in
2269 4443 2386 4488 arte
2411 4431 2636 4486 militari
2668 4437 2954 4498 tantopere
2976 4422 3546 4493 cxercitatas,equis--

287 4514 483 4607 δεδιὼς⁷
529 4542 606 4614 μὴ
647 4514 706 4595 ού
755 4514 906 4594 ’ἐὰτά
957 4537 1184 4608 γνώμην
1239 4535 1388 4606 αὐτῷ
1420 4519 1503 4589 τὰ
1555 4535 1847 4606 πράγματα

1969 4544 2116 4601 que,
2162 4536 2218 4583 et
2269 4525 2436 4581 armis
2463 4532 2572 4578 tam
2626 4520 2830 4576 eximie
2890 4519 3265 4581 instructas,..
3303 4524 3366 4568 ut
3417 4514 3539 4568 solo

294 4637 544 4708 χωρήσῃ·
574 4632 868 4703 περιέμενε
900 4630 957 4684 δὲ
989 4629 1081 4684 τὸν
1109 4627 1344 4698 Χρέλην,
1370 4627 1427 4690 ὃς
1451 4622 1524 4698 ἦν
1559 4628 1618 4681 ἐν
1649 4627 1866 4693 Φεραῖς,

1970 4624 2192 4689 aspectu
2248 4621 2517 4670 terrorem
2572 4610 2906 4689 incuterent.
2961 4604 3040 4658 Ad
3090 4603 3239 4668 hoc,
3287 4610 3398 4656 tam
3430 4617 3540 4656 .se-

193 4785 198 4793 ,
298 4687 599 4799 ἶΚῖίἷηλαίοις
649 4687 792 4782 κατὰ
836 4724 930 4780 τοῦ
961 4724 1086 4778 νέου
1114 4687 1382 4793 βασιλέως
1409 4687 1738 4791 συμμαχῶν·
1767 4687 1843 4791 (ἔτ

1968 4687 2092 4762 date
2118 4747 2133 4771 ,
2189 4717 2243 4760 et
2289 4704 2542 4759 ordinate
2598 4687 2939 4755 duces'suos
2972 4702 3304 4766 sequentes,
3327 4703 3386 4747 ut
3431 4707 3576 4746 non.

299 4823 405 4891 γὰρ
438 4820 638 4889 ἀπῆν),
665 4817 796 4887 παρ’
827 4814 994 4870 αὑτοῦ
1056 4814 1188 4883 περὶ
1232 4811 1494 4882 βασιλέως
1523 4810 1616 4863 καὶ
1657 4810 1754 4880 τῆς
1779 4808 1872 4861 ὑπ’

303 4914 460 4965 αὑτὸν
516 4905 1146 4986 στρατιᾶςξβουλόμενος
1190 4901 1460 4955 πυθέσθαι
1496 4901 1544 4952 εί
1582 4901 1868 4969 ἐπιχειρη-

1971 4800 2178 4855 multos
2219 4795 2318 4853 sed
2370 4809 2542 4849 unum
2591 4792 2860 4848 duntaxat
2908 4803 3030 4845 esse
3063 4785 3284 4843 credas.
3344 4783 3575 4838 Ῥειτοί-η

1972 4893 2188 4962 pientes
2249 4889 2380 4942 item
2465 4885 2709 4948 audire,
2774 4891 2834 4937 et
2901 4888 3173 4953 praecepta
3243 4875 3535 4932 conﬁcere.

305 4964 396 5054 τέα
434 5002 545 5070 εἴη,
664 4964 776 5068 μήξ
801 4964 1065 5051 ,δεπεὶιδέ
1090 4964 1310 5065 άῖξῖκτο,
1344 4964 1847 5045 ἐπυνθάνετο-αύτοὶ

1979 4984 2214 5038 Tantum
2256 4990 2438 5036 autem
2497 4977 2821 5033 fortitudine
2864 4984 2922 5031 et
2973 4972 3204 5028 audacia
3241 4964 3579 5031 excellere»

307 5091 333 5140 ὁ
378 5059 686 5156 Κράληξεί
722 5059 858 5156 πρὸς
902 5059 1151 5155 βασιλέα.⁷
1178 5080 1513 5152 πολεμητέον
1566 5079 1674 5150 εἴη.
1727 5079 1788 5132 '0
1817 5079 1844 5131 δ

1979 5085 2039 5130 ut
2081 5074 2333 5144 quamvis
2379 5085 2614 5127 numero
2644 5066 2979 5124 adversariis
3011 5065 3184 5118 multo
3225 5059 3540 5119 inferiores,
3650 5107 3656 5113 .

315 5180 714 5241 συνεϐούλευεν,
765 5179 987 5246 εἰρήνην
1027 5171 1241 5245 μᾶλλον
1297 5173 1473 5237 άγειν,
1530 5171 1624 5223 καὶ
1664 5168 1739 5239 μὴ
1785 5167 1875 5220 τὸν

313 5273 402 5324 οὐκ
428 5273 558 5324 θντα
590 5271 826 5338 πόλεμον
857 5266 1034 5334 ἑαυτῷ
1063 5267 1158 5319 καὶ
1199 5265 1464 5336 ὑπηκόοις
1489 5261 1739 5330 ἐπάγειν.
1772 5260 1878 5312 Βα-

1960 5166 2137 5236 ’173
2168 5179 2264 5218 eos
2289 5163 2362 5218 ad
2390 5161 2580 5216 urbem
2611 5159 2856 5231 ipsorum
2885 5156 3030 5210 nulla
3052 5152 3270 5223 penitus
3293 5157 3542 5203 conster-

1977 5259 2236 5320 natione,
2303 5264 2395 5309 aut
2454 5251 2753 5308 formidine
2815 5255 3193 5318 sequerentur,
3254 5250 3312 5294 et
3371 5251 3542 5307 prope

315 5363 454 5418 σιλέα
477 5365 590 5433 γάρ
614 5331 780 5424 αύτδς
813 5331 1084 5428 ἔλεγεν-ἐν
1115 5331 1312 5428 Φεραῖς
1343 5355 1648 5425 ἑωρακέναι
1671 5351 1847 5420 ἄγοντι

1976 5351 2211 5413 Pheras,
2238 5345 2494 5417 quoacie
2514 5358 2638 5399 cum
2673 5341 2780 5396 illis
2810 5336 3161 5398 dimicarent,
3191 5331 3337 5386 divm
3369 5337 3543 5384 totum

319 5453 410 5523 μὲν
441 5455 671 5525 στρατὸν
697 5453 759 5506 οὐ
783 5449 1142 5515 πάνυιπολῦν,
1167 5449 1423 5502 τοσοῦτον
1448 5447 1505 5500 δέ
1549 5447 1614 5498 τά
1639 5443 1847 5514 πολέμι‹

1978 5443 2082 5498 sub
2117 5441 2286 5512 signis
2320 5447 2551 5500 starent,
2589 5433 2734 5506 pleni
2760 5429 2955 5486 Martio
2985 5426 3180 5497 spiritu
3226 5424 3436 5480 hostem
3474 5419 3545 5473 ad

1007 5615 1020 5626 .
1542 5559 1757 5621 Jacobi
1795 5559 2059 5622 Pontani
2102 5564 2288 5618 notua.

387 5674 459 5744 (ι)
513 5671 755 5728 Observa
797 5670 1115 5744 praclarum
1157 5664 1468 5744 exemplum
1523 5663 1665 5744 grati
1712 5663 1881 5742 animi
1981 5667 2222 5744 poterat...
2256 5656 2374 5711 Non
2400 5651 2584 5744 quivis
2616 5656 2824 5744 tantum
2859 5645 2978 5701 auri
3012 5657 3272 5701 acervum
3320 5641 3569 5697 irretore-

327 5745 372 5795 in
393 5733 734 5808 imperatore
759 5760 772 5806 ;
799 5733 992 5810 'magui
1025 5749 1207 5810 autem
1239 5737 1293 5789 in
1322 5733 1523 5804 magno
1553 5733 1880 5810 domestico.

327 5814 424 5881 qui.
443 5801 732 5882 pecuniam
761 5801 930 5872 totum
962 5807 1238 5878 repudiat,
1267 5801 1436 5876 quam
1455 5802 1705 5872 accipere
1729 5801 1878 5870 juste

1982 5721 2052 5787 iis
2083 5728 2258 5785 oculis
2285 5721 2663 5796 spectavisset.
