4010 6190
82 6014 85 6107 L

420 194 455 217 Ι

431 289 535 351 375
1628 284 1946 347 JUANNIS
1986 278 2515 343 CANTACUZENI
3584 276 3678 338 3’76

433 411 710 455 certamen
767 407 1151 466 provocantes.
1204 397 1588 467 Quos’contra
1627 410 1749 448 cum
1798 391 1996 447 eil'crrc

2117 388 2500 456 ιξησκημένον,
2533 384 2625 437 καὶ
2654 384 2841 445 ἵπποις
2876 399 2934 434 τε
2966 383 3057 435 καὶ
3088 381 3285 444 ὅπλοις
3321 381 3679 452 διακεκοσμη-

424 492 628 563 pedem
659 490 891 545 auderet
940 506 1120 551 nemo.
1165 490 1476 544 declinasse
1525 486 1829 557 paululum,
1857 491 1912 537 et
1948 482 2001 535 in

432 585 643 653 campis
694 591 1066 654 pernoctasse.
1110 582 1403 644 Postridie,
1431 589 1553 634 orto
1596 580 1737 642 sole,
1772 592 2002 658 rursum

434 681 675 728 armatos
705 682 760 729 et
784 674 1082 743 dispositos
1106 672 1172 727 ad
1197 669 1666 742 congrediendum
1698 670 1885 724 hostes
1909 682 2008 738 per

436 765 841 821 internuntium
873 765 1076 821 elicere
1122 764 1379 820 voluisse.
1411 762 1514 830 Qui
1549 774 1673 817 cum
1712 776 1904 816 eorum
1938 773 2007 813 ne

434 857 650 910 vultum
694 855 918 922 quidem
974 856 1202 917 ferrent.
1253 869 1601 924 pugnamque
1650 851 2010 923 praecisc‘de-

434 956 758 1012 trectarent,
790 955 996 1016 quanto
1021 945 1130 1001 dici
1177 954 1359 1016 potest
1397 945 1611 1009 ordine,
1651 944 2007 1000 etmodestia

434 1038 697 1092 Zichnam
748 1025 1092 1107 repetivisse.
1134 1037 1324 1106 Itaque
1358 1051 1484 1092 cum
1516 1036 1758 1091 exercitu
1786 1038 1866 1090 sic
1890 1052 2010 1091 om-

437 1128 675 1181 nimodis
713 1126 1022 1196 composito
1056 1133 1111 1179 et
1139 1129 1435 1190 instructo,
1470 1137 1537 1178 ac
1566 1122 1737 1178 duces
1769 1122 2009 1178 habente

435 1219 748 1288 complures
773 1215 938 1287 atque
977 1216 1248 1288 egregios,
1277 1216 1396 1271 sine
1443 1215 1769 1271 necessitate
1809 1221 1870 1268 ut
1916 1213 2011 1273 de—

347 1359 349 1362 ,
436 1320 731 1380 pugnetur,
767 1323 1052 1375 nunquam
1106 1323 1164 1362 se
1207 1317 1487 1362 auctorem
1537 1306 1806 1361 futurum.
1853 1304 2009 1361 Adde

437 1405 583 1474 quod
633 1404 1003 1459 occidentales
1053 1403 1225 1474 copia:
1265 1402 1396 1471 ipsa:
1426 1418 1645 1471 quoque
1678 1417 1778 1455 nec
1808 1416 2009 1469 parvae,

434 1501 491 1547 et
521 1506 632 1545 non
668 1491 990 1555 instrenum,
1019 1505 1142 1544 cum
1180 1489 1529 1560 imperatoris
1558 1504 1754 1560 agmen
1775 1488 2013 1544 adauxe-

439 1581 572 1643 rint,
605 1589 667 1634 ut
715 1579 819 1649 ipsi
870 1581 938 1634 ab
976 1580 1081 1635 hoc
1124 1579 1266 1634 bello
1300 1580 1601 1633 abhorrere
1655 1594 1719 1634 ac
1761 1578 2012 1647 ro-fngere

437 1672 617 1742 magis
644 1670 906 1736 debeant,
944 1670 1249 1726 effecerint.
1280 1671 1406 1726 Haec
1436 1673 1614 1726 oratio
1652 1671 1821 1733 Crali,
1851 1681 2013 1725 cane-

2114 483 2272 553 μένον
2298 480 2615 552 ἐκπρεπῶς,
2647 479 2721 543 ὡς
2749 478 3011 546 ἔκπληξιν
3037 477 3134 530 καὶ
3171 476 3285 529 ἀπὸ
3324 476 3493 547 μόνης
3521 476 3681 548 ὂψεως

2109 572 2391 645 παρέχειν.
2422 569 2577 624 Οὕτω
2611 570 2666 622 δὲ
2712 567 2995 639 ἀθορύϐως
3041 570 3140 622 καὶ
3182 568 3469 630 εὐτάκτως
3496 568 3686 636 ἑπόμε-

2110 680 2201 716 νον
2251 665 2362 725 τοῖς
2413 658 2699 730 ἡγεμόσιν,
2728 657 2803 721 ὡς
2832 658 3010 711 δοκεῖν
3056 657 3120 709 οὐ
3162 656 3423 721 πολλοὺς,
3458 653 3570 706 ἀλλ’
3596 654 3685 706 ἕνα

2110 758 2260 823 ὄντα,
2304 757 2414 811 τῶν
2441 774 2500 809 τε
2534 750 3020 826 παραγγελμάτων
3053 745 3313 812 ἀκούειν,
3359 745 3456 798 καὶ
3490 745 3721 819 σπουδῇ

2112 850 2181 904 τὰ
2213 849 2554 917 κελευόμενα
2584 846 2785 899 ποιεῖν.
2837 832 3180 911 Ἀνδρίαξὸὶ
3206 836 3479 890 ’τοσοῦτον
3513 837 3686 899 αὐτοῖς

2112 941 2363 1012 περίεστι
2413 939 2508 992 καὶ
2558 936 2788 1006 τόλμης,
2824 933 2901 995 ὡς
2931 931 3107 985 καίτοι
3145 928 3263 982 τῶν
3299 924 3689 994 ἀντιτεταγμέο

2112 1047 2220 1085 νων
2278 1027 2429 1090 ὅντες
2486 1025 2750 1087 ἐλάσσους
2796 1019 2999 1091 πολλῷ,
3050 1018 3150 1073 καὶ
3211 1016 3469 1078 ἐπιόντες
3517 1014 3687 1077 αὐτοῖς

2113 1121 2266 1191 παρὰ
2297 1119 2453 1172 πόλιν
2500 1116 2708 1170 οἰκείαν
2738 1100 3378 1186 στρατοπεδευομένους,
3407 1104 3533 1160 οὔτε
3564 1105 3692 1159 εδει·-

2116 1228 2214 1266 σαν
2237 1209 2360 1265 οὔτε
2378 1207 2794 1281 ἐθορυϐήθησαν
2825 1203 3099 1272 οὐδαμῶς.
3137 1200 3310 1254 Ἀλλά
3347 1198 3517 1268 ἐγγὺς
3550 1196 3691 1266 γενό·

2119 1318 2270 1373 μενοι
2296 1299 2482 1373 Φερῶν
2506 1300 2629 1353 ὅσον
2665 1294 3179 1365 συναναμίγνυσθαι
3214 1293 3430 1354 αὐτοῖς,
3465 1289 3689 1357 ἔστησαν

2113 1393 2372 1462 ἀνάπλεῳ
2417 1391 2596 1461 ὁρμῆς
2626 1388 2718 1463 ’διὰ
2749 1386 2930 1456 πάσης
2970 1387 3069 1454 τῆς
3121 1382 3351 1453 ἡμέρας
3384 1378 3691 1461 ⁴προκαλούιι

2119 1504 2271 1557 psunt
2300 1486 2357 1548 ἐς
2391 1480 2595 1553 μάχην.
2627 1479 2782 1535 Ἐπεὶ
2828 1479 2884 1531 δὲ
2914 1477 3092 1535 οὐδεὶς
3128 1475 3324 1537 αὐτοῖς
3357 1470 3688 1541 ἀντεπεξῄει,

2119 1578 2317 1649 μικρὸν
2359 1575 2727 1640 ἐκκλίναντες,
2773 1571 3067 1642 ηὐλίσαντο
3112 1567 3217 1638 τὴν
3280 1566 3477 1619 νύκτα.
3511 1565 3617 1617 Καὶ
3638 1564 3690 1626 ἐς

2115 1671 2214 1741 τὴν
2241 1666 2535 1738 ὑστεραίαν
2558 1664 2720 1720 πάλιν
2752 1661 3092 1732 φραξάμενοι
3130 1661 3253 1729 ἅμα
3282 1657 3384 1728 ἕῳ,
3418 1656 3494 1720 ὡς
3516 1657 3568 1719 ές
3598 1656 3692 1725 μὰο

440 1734 628 1830 risque
661 1734 899 1816 ducibus
935 1762 1096 1815 fidem
1133 1760 1284 1815 fecit.
1328 1760 1393 1814 Et
1423 1775 1734 1830 quanquam
1764 1760 1888 1815 belli
1920 1776 2012 1831 ge-

2118 1734 2218 1832 χην
2247 1734 2480 1830 ἔστη-σαν
2508 1753 3014 1827 παρατεταγμένοι,
3044 1750 3143 1804 καὶ
3179 1749 3532 1820 πέμψαντες,
3556 1746 3689 1815 ἡμᾶς

437 1851 593 1904 rendi
626 1852 961 1905 voluntatem
998 1851 1368 1919 deponerent,
1398 1851 1449 1904 in
1484 1851 1675 1905 iisdem
1710 1852 1905 1907 castris
1932 1852 2016 1905 ni-

439 1940 745 1997 hilominus
797 1932 1215 2012 pcrmanebant.
1262 1943 1566 2011 Imperator
1621 1943 1858 1997 Acbride
1892 1951 2013 2009 post

440 2032 587 2089 diem
615 2046 867 2089 octavum
902 2034 1212 2097 discedens,
1247 2034 1441 2089 relicta
1487 2033 1735 2089 Castoria
1765 2035 1820 2088 in
1852 2033 2011 2089 Pela-

439 2125 655 2196 goniam
680 2127 831 2178 venit
863 2143 876 2179 :
910 2133 964 2179 et
992 2132 1050 2178 ut
1079 2123 1278 2193 oppida
1316 2126 1405 2179 illa
1439 2135 1802 2196 cmteramque
1836 2128 2015 2194 regio-

441 2231 566 2271 nem
612 2216 903 2284 reciperet,
933 2224 989 2270 et
1028 2225 1210 2281 utne,
1267 2217 1395 2286 quia
1445 2218 1658 2272 Cralem
1709 2220 1764 2272 in
1812 2218 2016 2274 ﬁnibus

443 2304 662 2374 imperii
709 2303 794 2358 sui
829 2306 1209 2359 castrametari
1267 2317 1574 2377 acceperat,
1637 2308 1757 2374 ejus
1815 2307 2014 2362 timore

439 2395 548 2451 iter
578 2395 709 2450 illud
742 2395 1019 2451 devitasse
1047 2397 1347 2452 videretur.
1393 2399 1625 2452 Romani
1675 2398 1914 2468 fugitivi,
1954 2408 2042 2452 ut'

439 2488 832 2556 imperatorem
890 2489 1240 2560 Pelagoniam
1304 2506 1527 2561 pergere
1582 2499 2011 2562 compererunt,

436 2576 596 2635 Crale
630 2587 926 2644 convento,
966 2594 1093 2634 eum
1145 2580 1211 2635 ad
1252 2580 1569 2636 conﬂictum
1622 2598 1746 2637 cum
1780 2582 1874 2639 illo
1899 2582 2013 2653 jam

440 2671 625 2725 vicino
654 2671 946 2727 acuebant.
975 2672 1280 2742 Respondit
1303 2673 1508 2738 Crales,
1540 2676 1645 2730 nisi
1671 2675 1764 2732 ille
1795 2691 1854 2732 se
1884 2676 2016 2731 ado-

444 2760 647 2825 riatur,
664 2775 843 2839 neque
860 2776 1029 2829 nunc,
1050 2777 1228 2833 neque
1248 2764 1479 2834 posthac
1495 2781 1619 2820 cum
1644 2782 1710 2822 eo
1728 2767 2014 2838 depugna-

444 2860 655 2905 turum.
692 2851 845 2922 Ipsis
859 2864 1063 2922 quanta
1094 2855 1337 2923 potuerit
1364 2857 1584 2921 auxilia,
1604 2858 1895 2913 duodecim
1924 2874 2015 2913 co-

442 2942 633 2999 hortes
649 2959 771 2998 cum
795 2942 1035 2999 tribunis
1050 2946 1259 3001 Pheras
1273 2945 1506 3001 misisse.
1528 2947 1683 3002 Nunc
1699 2964 1756 3004 se
1775 2949 1827 3003 id
1849 2950 2011 3004 etiam

443 3034 650 3090 idcirco
679 3034 883 3090 factum
907 3036 1074 3100 nolle,
1102 3036 1246 3106 quod
1279 3051 1406 3092 eum
1428 3039 1596 3093 armis
1625 3038 2011 3095 offendendum
2044 3071 2084 3127 ο

443 3127 810 3196 susceperit,a
826 3143 941 3196 quo
960 3127 1077 3197 ipse
1101 3129 1307 3183 nullam
1328 3130 1567 3186 senserit
1597 3130 1874 3201 iniuriam.
1909 3132 2017 3187 Ro-

446 3235 737 3275 manorum
777 3220 1137 3289 imperatores
1165 3223 1312 3276 inter
1350 3238 1408 3277 se
1438 3224 1743 3286 discordes,
1778 3225 2016 3280 scituros

449 3315 644 3382 utique
680 3330 789 3387 per,
812 3329 893 3379 se,
926 3314 1203 3383 quomodo
1231 3314 1437 3371 bellum
1470 3324 1664 3371 mutuo
1704 3326 1914 3387 gerant.
1962 3326 2017 3372 et

446 3405 1124 3482 quatenusconsentiant,
1176 3421 1236 3461 se
1275 3421 1303 3460 a
1340 3414 1538 3461 neutro
1593 3407 1806 3475 laesum,
1840 3408 2017 3463 donec

449 3497 649 3568 injuste
674 3497 927 3558 la-datur.
952 3508 1211 3553 neutrum
1237 3500 1406 3554 armis
1424 3511 1867 3570 persecuturum.
1902 3503 2014 3557 Re-

444 3589 589 3643 maui
615 3589 719 3644 hoc
743 3605 1028 3659 responso,
1049 3605 1145 3660 spe
1172 3606 1295 3660 quae
1317 3591 1430 3647 sola
1458 3606 1741 3661 supererat
1763 3594 2014 3658 cadente,

445 3680 635 3736 turbas
664 3681 812 3736 ciere
842 3681 1189 3746 insolentius,
1216 3697 1320 3738 nec
1352 3683 1603 3740 desinere
1634 3686 1801 3741 multa
1829 3696 1884 3742 et
1906 3688 2014 3743 acri

440 3774 798 3828 contentione
833 3788 1025 3845 urgere
1050 3784 1219 3844 atque
1249 3775 1534 3845 impellere
1565 3778 1889 3847 principem,
1915 3780 2017 3833 ob-

446 3867 767 3935 testarique,
805 3881 874 3922 ne
914 3867 1072 3921 inulti
1123 3867 1587 3938 relinquerentur.
1624 3871 1783 3942 174.
1807 3871 2018 3938 Quibus

445 3955 672 4011 Triballi
703 3973 960 4029 proceres
991 3966 1107 4012 tum
1150 3970 1451 4029 prwsentes
1479 3979 1491 4014 :
1535 3962 1702 4029 Heus,
1735 3964 2013 4031 inquiunt,

445 4048 577 4117 quid
616 4064 755 4117 opus
782 4059 951 4104 estet
981 4064 1078 4104 vos
1116 4049 1318 4105 frustra
1348 4067 1411 4105 ac
1448 4063 1655 4107 temere
1706 4053 2014 4125 defetigari,

445 4156 567 4209 qum
599 4141 713 4194 lieri
746 4142 1026 4209 nequ'eunt
1061 4149 1432 4209 attentantcs;
1473 4153 1528 4197 et
1560 4159 1659 4198 nos
1689 4144 2014 4211 obtundere,

445 4245 568 4298 quae
598 4230 849 4299 prastari
878 4230 958 4283 fas
987 4246 1094 4284 non
1123 4244 1230 4296 est,
1265 4233 1660 4289 obsecrantes?
1687 4236 1840 4289 Bello
1871 4237 2017 4289 inter

446 4323 807 4392 imperatores
838 4320 1089 4377 dominos
1120 4333 1340 4379 vestros
1371 4325 1630 4395 excitato,
1670 4342 1767 4382 vos
1796 4342 2014 4382 omnem

2116 1850 2526 1924 προύκαλοῦντο
2567 1849 2624 1912 ές
2677 1847 2775 1919 τὴν
2815 1845 3014 1915 μάχην.
3062 1843 3260 1912 Ἱιμῶν
3296 1842 3357 1894 δὲ
3394 1839 3515 1894 οὐδὲ
3552 1839 3690 1892 ἀντι-

2116 1945 2338 1999 ϐλέπειν
2372 1942 2781 2013 ὑπομενόντων,
2820 1940 2912 1993 καὶ
2949 1936 3208 2007 φανερῶς
3241 1937 3346 2006 την
3384 1926 3688 2001 συμπλοκὴν

2114 2035 2534 2106 ἀπειπαμένων,
2586 2031 3027 2102 ἀναστρέψαντες
3064 2026 3189 2099 μεθ’
3226 2029 3364 2090 ὅσης
3406 2024 3473 2077 ἂν
3528 2024 3689 2082 εἴποις

2114 2130 2212 2200 τῆς
2248 2127 2523 2192 εὐταξίας,
2563 2120 3129 2191 ἐστρατοπεδεύσαντο
3181 2119 3243 2171 ἐν
3278 2118 3475 2186 Ζίχνα.
3523 2115 3598 2183 Τῇ
3628 2112 3687 2181 δὴ

2115 2222 2259 2275 οὕτω
2286 2218 2622 2287 πανταχόθεν
2659 2212 3155 2283 συγκεκροτημένη
3196 2209 3455 2280 στρατιᾷ,
3479 2207 3568 2260 καὶ
3594 2204 3687 2257 ὑπὸ

2117 2312 2447 2381 στρατηγοῖς
2470 2308 2718 2379 ἀγομένῃ
2738 2305 2954 2367 πολλοῖς
2975 2322 3034 2356 τε
3054 2306 3150 2356 καὶ
3174 2303 3428 2369 ἀγαθοῖς,
3456 2300 3686 2365 ἀνάγκης

2115 2404 2283 2473 χωρὶς
2333 2402 2435 2455 οὐκ
2483 2399 2549 2453 ἂν
2607 2399 3033 2469 συγχωρήσαιμι
3088 2392 3514 2464 συμπλέκεσθαι
3564 2386 3682 2454 ἐγώ.

2117 2495 2252 2547 Νυνὶ
2284 2492 2341 2546 δὲ
2381 2492 2478 2545 καὶ
2513 2491 2612 2560 τῆς
2640 2488 2901 2559 ἑσπερίου
2936 2488 3209 2557 στρατιᾶς
3246 2484 3468 2553 ἀπάσης
3500 2479 3682 2548 πολλῆς

2118 2604 2175 2639 τε
2227 2585 2321 2638 καὶ
2355 2584 2527 2653 αὐτῆς
2559 2581 2654 2635 καὶ¹
2702 2579 2915 2649 ἀγαθῆς
2956 2577 3126 2649 οὗσης
3166 2573 3684 2647 προσκεχωρηκυίας

2119 2677 2353 2749 βασιλεῖ,
2378 2670 2460 2729 ἔτι
2493 2673 2695 2745 μᾶλλον
2725 2671 3053 2752 ἀπορώτερα
3078 2673 3150 2725 τά
3172 2671 3311 2741 πρὸς
3339 2670 3431 2722 τὸν
3464 2666 3682 2752 πόλεμον

2106 2745 2296 2822 ἀὐτῶν
2358 2756 2687 2836 καθέστηκε.
2744 2746 2984 2820 Τοιαῦτα
3041 2764 3296 2827 είπόντος
3353 2759 3448 2814 τοῦ
3493 2745 3679 2828 Χρέλη,

2116 2860 2145 2913 ὃ
2172 2876 2232 2911 τε
2269 2856 2493 2928 Κράλης
2545 2854 2795 2909 ἐπείθετο
2850 2855 2948 2908 καὶ
3000 2855 3050 2906 οἱ
3097 2852 3255 2906 ἄλλοι
3295 2848 3564 2922 ἡγεμόνες
3594 2844 3683 2912 τῆς

2120 2949 2417 3019 στρατιᾶς,
2468 2945 2564 3000 καὶ
2619 2946 2722 3016 ἤδη
2778 2945 3083 3015 ἀπέσχοντο
3145 2945 3273 3007 ταῖς
3306 2941 3553 3013 γνώμαις
3596 2932 3682 2987 τοῦ

2116 3040 2258 3110 πρὸς
2311 3037 2537 3110 βασιλέα
2572 3034 2865 3108 πολεμεῖνξ
2914 3036 3109 3105 έμενον
3167 3034 3227 3089 δὲ
3276 3035 3428 3106 ὅμως
3467 3029 3557 3084 ἐπὶ
3592 3025 3681 3095 τῆς

2119 3133 2292 3204 αὐτῆς
2329 3127 2775 3202 στρατοπεδείας.
2808 3128 3075 3204 Βασιλεὺς
3118 3126 3181 3181 δὲ
3215 3129 3281 3181 ὲκ
3311 3125 3414 3195 τῆς
3458 3116 3681 3191 ’Δχρῐδος

2124 3224 2265 3295 μετά
2295 3222 2490 3291 ὀγδόην
2533 3222 2750 3292 ἡμέραν
2800 3221 2965 3292 ἄρας,
3010 3217 3180 3289 ἦλθεν
3226 3220 3309 3283 είς
3340 3211 3678 3287 Πελαγρνιαν.

2118 3314 2217 3389 τὴν
2259 3319 2340 3378 εἰς
2372 3316 2684 3391 Καστορίαν
2721 3313 2960 3368 ἐκλιπὼν
3006 3314 3145 3378 ὁδὸν,
3178 3315 3298 3383 ἅμα
3344 3312 3443 3382 μὲν
3478 3306 3561 3362 ῐνά
3599 3301 3681 3356 καὶ

2118 3411 2190 3467 τὰ
2220 3413 2333 3464 ἐκεῖ
2358 3410 2786 3480 περιποιήσηται
2825 3406 3078 3475 πολίχνια
3113 3406 3212 3458 καὶ
3252 3405 3357 3474 τὴν
3388 3400 3550 3468 ἄλλην
3586 3394 3682 3465 χὼ-

2121 3521 2243 3575 ραν,
2277 3503 2417 3573 ἅμα,
2451 3501 2520 3564 δ’,
2560 3500 2683 3554 ἐπεὶ
2729 3500 2823 3554 καὶ
2860 3498 2952 3551 τὸν
2998 3497 3231 3569 Κράλην
3281 3500 3341 3550 έν
3377 3493 3542 3566 ὁρίοις
3590 3486 3682 3540 πύ-

2121 3596 2266 3649 θοιτο
2299 3594 2400 3663 τῆς
2430 3593 2697 3663 σφετέρας
2730 3591 2909 3662 ἀρχῆς
2949 3585 3113 3655 εἷναι,
3149 3590 3238 3645 ἴνα
3274 3588 3351 3659 μὴ
3380 3582 3557 3650 δοκοίη
3590 3577 3679 3647 φό-
3720 3628 3729 3635 .

2120 3686 2200 3755 δῳ
2233 3686 2310 3756 τῷ
2344 3685 2480 3757 πρὸς
2521 3684 2686 3737 αὐτὸν
2725 3681 3066 3752 ἀποσχέσθαι
3124 3680 3229 3750 τῆς
3283 3678 3429 3735 ὁδοῦ.
3479 3676 3540 3728 Oi
3589 3670 3677 3739 μέν

2119 3799 2203 3832 τοι
2266 3777 2559 3849 Ῥωμαίων
2608 3776 2850 3844 φυγάδες
2891 3774 2969 3839 ὡς
3000 3772 3273 3826 ἐπύθοντο
3314 3770 3404 3835 διὰ
3451 3765 3676 3828 Πελαγα-

2120 3871 2241 3934 νίας
2279 3870 2414 3924 ίέναι
2455 3866 2704 3936 βασιλέα,
2731 3866 2808 3937 τῷ
2838 3864 3031 3937 Κράλῃ
3069 3854 3422 3935 προσιόντες,
3454 3857 3679 3928 ἠνάγκα-

2121 3964 2213 4026 ζον
2261 3961 2681 4031 συμπλέκεσθαι
2736 3958 2950 4030 βασιλεῖ
2995 3957 3098 4028 ήδη
3159 3958 3222 4011 οὐ
3265 3956 3401 4009 πολὺ
3437 3952 3677 4019 ἀπέχοντι

2120 4051 2321 4107 αὐτῶν.
2381 4050 2440 4104 '0
2491 4050 2715 4122 Κράλης
2746 4050 2801 4102 δὲ
2840 4048 3201 4119 ἀπεκρίνατο,
3247 4048 3388 4119 μήτε
3427 4043 3521 4097 νῦν
3554 4039 3675 4111 μήτε

2121 4142 2367 4206 εἰσαῦθις
2423 4140 2567 4195 ἑκὼν
2608 4142 2945 4211 πολεμήσειν
2990 4140 3227 4212 βασιλεῖ,
3265 4140 3363 4194 ἐὰν
3405 4137 3479 4208 μὴ
3529 4132 3677 4192 αὐτὸς

2120 4226 2249 4306 έπίῃ
2268 4250 2283 4264 ·
2316 4233 2499 4295 αὐτοῖς
2526 4232 2581 4284 δὲ
2610 4231 2709 4303 τὴν
2738 4231 2969 4300 δυνατὴν
3000 4231 3262 4301 βοήθειαν
3293 4224 3674 4297 εἰσενηνέχθαιι

2122 4326 2452 4380 δυοκαίδεκα
2478 4325 2736 4394 τάγματα
2763 4324 2881 4392 ἅμα
2913 4325 3244 4393 στρατηγοῖς
3276 4318 3676 4388 παρασχόμενος

444 4412 770 4467 offensionis
798 4412 1145 4469 occasionem
1179 4416 1391 4481 tollere,
1418 4433 1716 4491 pacemque
1759 4422 1933 4488 vobis,
1966 4431 2016 4476 ct

2126 4423 2185 4474 ἐν
2251 4421 2450 4492 Φεραῖς
2503 4421 2687 4483 αὺτοῖς
2735 4421 3069 4491 ἐπικουρεῖν.
3100 4420 3350 4492 Nunc:
3398 4414 3544 4483 αὐτῷ
3592 4408 3676 4462 καὶ

448 4503 571 4557 aliis
598 4505 748 4557 omni
784 4504 996 4559 ratione
1031 4509 1329 4565 conciliare
1376 4512 1721 4582 opponebat,
1776 4514 2018 4570 scientes

447 4595 686 4664 idipsum
721 4606 777 4650 et
809 4596 1260 4664 imperatoribus,
1312 4610 1369 4656 et
1418 4602 1595 4665 vobis,
1640 4613 1695 4659 et
1736 4607 2018 4662 communi

446 4686 818 4742 Romanorum
847 4689 1273 4747 conducturum.
1296 4694 1460 4765 Atqui
1489 4699 1832 4752 contrarium
1864 4715 2021 4768 pror-
2042 4734 2054 4739 -

448 4795 545 4833 sus
578 4788 630 4832 et
656 4779 760 4848 ipsi
793 4780 1191 4850 designabatis,
1213 4793 1269 4839 et
1299 4787 1438 4841 alios
1465 4777 1858 4844 hortabamini.
1889 4790 2020 4845 Om-

447 4886 545 4931 nes
576 4870 844 4941 siquidem
879 4871 1130 4929 civitates
1156 4874 1434 4944 obeundo,
1466 4894 1617 4934 arma
1646 4896 1769 4935 eum
1801 4883 2018 4937 seniore

449 4964 783 5033 imperatore
818 4964 1086 5022 adversus
1122 4967 1401 5037 juniorem
1434 4971 1850 5043 conjungentes,
1891 4990 2015 5029 cum

449 5053 695 5109 miriﬁcis
714 5054 1044 5122 Quibusdam
1066 5058 1529 5139 promissionibus
1546 5062 1852 5118 laudabatis
1880 5083 1893 5118 :
1922 5081 2018 5122 eos

449 5156 632 5199 autem
667 5147 759 5215 qui
802 5162 988 5216 pacem
1018 5150 1359 5217 praeferrent,
1391 5162 1448 5208 et
1470 5155 1607 5210 alios
1644 5155 1712 5210 ad
1743 5173 1863 5211 eam
1895 5157 2018 5211 alli-

448 5241 657 5298 cerent,
694 5234 846 5288 velut
874 5249 904 5287 a
950 5235 1170 5305 juniore
1227 5249 1437 5295 stantes
1487 5257 1641 5312 atque
1678 5243 1732 5298 in
1764 5244 2016 5301 hostibus

447 5324 762 5388 ducebatis,
793 5341 857 5381 ac
896 5327 1103 5382 bellum
1149 5346 1248 5400 per
1287 5333 1368 5388 fas
1414 5343 1471 5388 et
1521 5335 1677 5389 nefas
1717 5339 2015 5393 ascendere

446 5413 821 5468 eonabamiui.
854 5412 923 5469 Ut
951 5415 1119 5486 igitur
1153 5428 1284 5472 tunc
1314 5421 1561 5477 studiose
1605 5436 1905 5481 sementem
1937 5426 2018 5481 fe-

449 5504 624 5568 cistis,
656 5503 731 5558 ita
757 5520 906 5560 nunc
938 5521 1170 5563 messem
1189 5511 1468 5579 gravidam
1501 5514 1714 5569 metite.
1734 5515 1848 5571 Nos
1869 5516 2015 5573 Crali

452 5592 697 5661 despota‘.
716 5605 904 5652 nostro
923 5597 1333 5669 denuntiamus,
1365 5612 1426 5660 tu
1454 5603 1840 5675 imperatorem
1872 5608 2016 5664 bello

453 5686 605 5759 prior
645 5702 715 5743 ne
766 5688 1030 5762 offendat,
1076 5710 1373 5766 secumque
1428 5709 1664 5769 reputet,
1699 5700 2014 5757 hominibus

2119 4512 2313 4567 τούτου
2343 4512 2506 4566 ἕνεκα
2541 4512 2899 4581 μεταμέλειν,
2935 4513 3017 4569 ὅτι
3041 4510 3182 4583 πρὸς
3207 4511 3361 4565 οὐδὲν
3393 4502 3676 4577 ἠδικηκότα

2121 4604 2361 4676 πόλεμον
2425 4605 2598 4676 ἤρατο
2652 4602 2712 4668 ἐξ
2734 4603 2918 4667 αίτίας
2991 4604 3276 4674 οὐδεμιᾶς.
3330 4597 3582 4657 Βασιλέα;
3624 4592 3673 4644 δὲ

2134 4696 2426 4766 Ῥωμαίων
2454 4696 2591 4766 πρὸς
2633 4694 2895 4765 ἀλλήλους
2927 4695 3377 4766 διαφερομένους,
3404 4689 3592 4749 αὐτοὺς
3617 4682 3674 4738 ἂν

2123 4789 2354 4849 εἰδέναι,
2382 4786 2530 4849 ὅπως
2572 4802 2630 4837 τε
2684 4785 3086 4855 πολεμήσουσιν
3129 4785 3404 4856 ἀλλήλοις,
3436 4781 3525 4834 καὶ
3554 4773 3674 4827 καθ-

2121 4879 2203 4931 ότι
2244 4865 2636 4948 ξυμϐήσονται,
2670 4877 2768 4946 ἐμὲ
2801 4877 2859 4929 δὲ
2903 4877 3072 4947 μηδὲν
3111 4876 3206 4930 ὑπ’
3236 4875 3447 4935 οὐδενὸς
3495 4868 3671 4940 ἠδικηο

2125 4973 2310 5040 μένον,
2364 4969 2476 5022 οὐδ’
2515 4968 2681 5021 αὐτὸν
2738 4967 3071 5039 πολεμήσειν
3109 4969 3321 5030 οὐδενὶ,
3356 4966 3459 5029 ἓως
3503 4961 3567 5015 ἂν
3601 4954 3669 5026 μὴ

2122 5061 2419 5131 ἀδικῶμαι.
2451 5061 2514 5112 Οἱ
2551 5058 2651 5130 μὲν
2680 5058 2774 5114 οὖν
2807 5058 3063 5129 τοιαύτης
3094 5061 3346 5130 τυχόντες
3373 5056 3469 5124 τῆς
3493 5047 3671 5107 ἀπολορ

2120 5154 2270 5224 γίας,
2307 5155 2401 5207 καὶ
2424 5152 2524 5222 τῆς
2557 5153 2726 5222 μόνης
2754 5152 3196 5222 ὑπολειπομένης
3226 5147 3436 5208 ἐλπίδος
3468 5142 3668 5197 σϐεννυ-

2125 5247 2316 5317 μένης.
2364 5242 2723 5314 ἐθορυϐοῦντο
2772 5243 3038 5315 σφοδρῶς.
3092 5246 3167 5297 Οὐ
3226 5242 3331 5315 μὴν
3386 5237 3666 5303 ἀπέσχοντο
3758 5292 3781 5301 ’

2120 5335 2216 5391 τοῦ
2242 5337 2317 5406 μὴ
2352 5336 2562 5405 σφόδρα
2588 5335 2733 5406 μετά
2758 5334 2998 5406 σπουδῆς
3028 5335 3232 5407 πολλῆς
3252 5334 3388 5405 πρὸς
3416 5329 3502 5382 τὸν
3535 5318 3662 5399 ut}

2124 5428 2389 5499 βασιλέως
2434 5428 2671 5497 πόλεμον
2706 5426 2797 5481 τὸν
2834 5424 3058 5499 Κράλην
3083 5426 3324 5499 ἐξορμᾷν
3350 5436 3367 5452 ⁶
3394 5418 3592 5475 πείθειν
3609 5410 3661 5463 δὲ

2084 5516 2465 5589 ,ἐπιχειροῦσι
2515 5518 2609 5572 καὶ
2645 5517 2922 5587 δεομένοις
2976 5518 3052 5590 μὴ
3085 5520 3181 5589 ιᾷν
3230 5514 3421 5575 αὐτοὺς
3472 5509 3660 5574 ἀτιμυν

2125 5612 2346 5683 Pilum;-
2400 5610 2555 5664 Ἐπεὶ
2616 5612 2712 5666 καὶ
2762 5610 2871 5664 τῶν
2915 5611 3204 5683 Τριϐαλῶν
3235 5606 3485 5679 παρῆσαν
3513 5596 3560 5650 oi
3603 5593 3656 5645 ιν

2120 5704 2283 5772 τέλει,
2318 5704 2391 5757 Οὐ
2427 5705 2564 5770 δέον,
2610 5700 2782 5769 εἷπον,
2816 5699 2861 5759 ὦ
2909 5698 3078 5771 οὗτοι,
3114 5704 3310 5766 αὐτούς
3341 5717 3392 5752 τε
3425 5693 3534 5761 εἰκῇ
3571 5683 3649 5739 καὶ
