4010 6190
313 380 410 444 381
499 391 503 404 '

1477 393 2017 460 HISTORIARUM
2060 403 2291 464 LIBER
2326 405 2369 468 Ῑ.

3455 421 3560 485 382

314 498 701 568 ὑπερσχπῖντες,
764 498 1062 570 ἐτρέψαντό
1146 519 1203 554 τε
1282 505 1410 568 τοὺς
1491 508 1883 580 ἀντιτεταγμέ-

1987 524 2220 584 perator'
2259 516 2369 571 Deo
2402 515 2612 587 gratias
2636 518 2768 589 egit,
2806 534 3220 592 conversusque
3266 524 3333 579 ad
3375 541 3560 586 astan-

313 607 458 653 νους,
513 594 606 645 καὶ
660 590 758 661 τὴν
802 591 986 656 δίωξιν
1026 595 1355 664 ἐποιήσαντο
1381 598 1510 668 ἄχρι
1559 599 1880 665 Βυζαντίου.

313 682 424 734 Καὶ
459 681 587 743 τοὺς
617 683 716 750 μὲν
742 683 1076 736 ἀπέκτειναν
1127 685 1328 752 αὐτῶν,
1361 691 1486 750 τοὺς
1509 688 1563 750 δὲ
1603 694 1700 744 καὶ
1741 687 1884 746 εἷλον

309 772 520 837 ζῶντας
549 773 688 842 πλὴν
715 773 915 842 ὀλίγων
939 777 1053 828 ὅσοι
1082 777 1424 849 διεσώθησαν
1450 781 1529 844 εἰς
1553 782 1650 852 τὴν
1685 783 1840 837 πόλιν
1865 799 1879 815 ⁸

311 866 454 918 ἑάλω
503 865 693 928 δέοκαὶ
726 867 754 918 ό
807 869 1140 943 στρατηγός.
1194 869 1306 923 Καὶ
1368 873 1690 941 νικήσαντες
1729 891 1887 944 περι-

313 955 521 1023 φανῶς,
560 956 919 1026 ἀνεχώρησαν
959 958 1048 1010 ἐπ’
1095 958 1272 1014 οἴκου.
1303 961 1524 1015 Τούτων
1579 963 1636 1016 δὲ
1691 965 1886 1032 ἀγγελ-

317 1047 536 1108 θέντων,
571 1047 669 1116 τῆς
710 1049 810 1118 μὲν
837 1047 994 1117 νίκης
1017 1049 1180 1103 ἕνεκα
1211 1053 1240 1104 ό
1271 1052 1526 1122 βασιλεὺς
1553 1041 1886 1126 εὐχαριστη-

319 1139 460 1207 ρεους
517 1138 684 1206 εὐχάς
719 1140 991 1194 ἀπεδίδου
1023 1141 1143 1211 Θεῴ
1169 1158 1184 1172 ο
1228 1144 1590 1216 ἐπιστραφεὶς
1644 1147 1700 1214 δέ
1751 1150 1886 1216 πρὸς

320 1230 437 1292 τοὺς
467 1231 761 1299 παρόντας,
787 1232 972 1286 πολλοὶ
997 1233 1054 1285 δὲ
1088 1230 1256 1304 ἦσαν,
1301 1236 1362 1288 οὑ
1421 1238 1625 1307 μᾶλλον
1658 1240 1881 1308 ἥδεσθαι

324 1321 417 1391 ἔφη
477 1323 867 1390 κρατησάντων
914 1323 1024 1376 τῶν
1084 1329 1447 1399 σφετέρων.ἢ
1503 1332 1627 1384 ὅσον
1657 1334 1878 1388 ἀνιᾶται

327 1417 409 1467 ἐπὶ
431 1417 493 1491 τῇ
522 1414 629 1467 τῶν
658 1415 1136 1484 ἀντιτεταγμένων
1167 1418 1334 1490 ἥσσῃ.
1361 1419 1437 1472 Οὐ
1471 1421 1581 1491 γάρ
1613 1422 1774 1489 μόνον
1800 1424 1882 1476 ὃτι

337 1487 578 1573 Ῥωμαῖοι
607 1505 660 1557 oi
688 1505 968 1570 πεσόντες,
999 1505 1096 1570 οὓς
1133 1487 1313 1579 ἐχρῆν.
1336 1511 1396 1562 οὗ
1420 1487 1560 1582 πρὸς
1589 1487 1880 1584 ἀλλήλους,

324 1592 427 1644 ἀλλ’
460 1593 598 1662 ὑπὲρ
623 1592 871 1661 ἀλλήλων
912 1593 1212 1664 βαρϐάροις
1259 1598 1605 1666 μαχομένους
1641 1599 1884 1673 ἀποθνή-

326 1699 484 1744 σκειν,
538 1683 750 1736 δίκαιον
796 1683 1002 1752 ἀλγεῖν,
1035 1684 1153 1738 ἀλλ’
1205 1685 1289 1738 ὅτι
1341 1684 1461 1749 δέος
1503 1687 1579 1758 μὴ
1623 1692 1718 1744 καὶ
1773 1691 1885 1745 τῶν

320 1770 652 1823 οἰκειοτάτων
673 1771 870 1842 τινέςῆ
907 1771 1019 1824 τῶν
1048 1772 1219 1838 φίλων
1241 1769 1386 1844 ἦσαν
1408 1775 1458 1828 oi
1492 1776 1880 1842 ἀποθανόντες,

1985 602 2122 656 tium
2166 603 2560 673 frequentiam,
2611 622 2719 660 non
2751 607 2924 677 magis
2965 622 3025 663 se
3067 611 3298 666 victoria
3330 628 3556 670 suorum

1984 696 2259 751 exsultare
2290 696 2578 752 confessus
2607 708 2707 761 est,
2735 703 2901 768 quium
2932 701 3275 768 contristari,
3303 705 3562 760 adversa-

1985 786 2100 841 rios
2127 797 2415 856 superatos
2437 804 2578 843 esse.
2607 790 2726 845 Non
2757 791 2905 845 enim
2942 792 3013 845 ob
3040 792 3147 848 hoc
3179 799 3558 852 tantummodo

1981 877 2132 945 justo
2163 878 2354 933 dolore
2401 881 2570 950 tangi,
2621 883 2770 950 quod
2813 883 2906 952 qui
2946 885 3282 941 cecidissent
3317 889 3545 943 Romani

1985 967 2238 1033 fuissent,
2272 984 2381 1023 non
2406 971 2553 1024 inter
2584 986 2664 1038 se,
2696 972 2790 1027 sed
2824 989 2924 1043 pro
2955 990 3012 1029 se
3037 986 3231 1031 mutuo
3263 977 3554 1034 adversum

1984 1054 2256 1112 Barbaros
2291 1060 2624 1116 decertando
2679 1065 3010 1121 occumbere
3042 1070 3418 1136 oportuisset;
3456 1071 3554 1126 sed

1985 1147 2128 1216 quod
2159 1148 2484 1213 timendum,
2518 1168 2586 1208 ne
2626 1155 2846 1224 quidam
2884 1158 2937 1211 in
2968 1173 3160 1213 eorum
3197 1178 3426 1217 numero
3463 1174 3571 1218 aut'

1984 1238 2169 1299 amici,
2193 1241 2596 1297 necessitudine
2622 1247 3082 1316 coniunctissima}
3099 1249 3322 1306 fuerint.
3345 1253 3559 1308 Postre-

1985 1343 2095 1393 mo,
2128 1339 2222 1384 aut
2245 1332 2390 1400 quod
2410 1349 2518 1387 non
2540 1349 2571 1388 α
2590 1334 2844 1392 Barbaris
2859 1349 3049 1394 natura
3069 1341 3343 1407 hostibus,
3363 1345 3458 1398 sed
3478 1346 3546 1398 ab

1983 1422 2332 1478 amicissimis
2356 1424 2517 1479 deleti
2543 1425 2759 1494 sint.§Et
2778 1429 2996 1497 opinor,
3012 1431 3210 1500 inquit,
3234 1449 3334 1488 nos
3361 1450 3552 1490 eorum

1976 1515 2212 1580 'similes,
2263 1515 2358 1584 qui
2406 1515 2619 1571 insania
2657 1532 2722 1572 ac
2755 1518 2942 1574 furore
2980 1524 3210 1591 perciti,
3251 1540 3381 1580 suas
3410 1527 3553 1596 ipso-

1985 1623 2106 1660 rum
2133 1621 2329 1662 carnes
2355 1608 2835 1675 commanducant,
2867 1626 3007 1680 quos
3036 1613 3106 1667 ob
3140 1615 3451 1670 alimoniam
3481 1627 3557 1672 te-

1984 1697 2266 1751 terrimam
2298 1713 2409 1752 non
2457 1699 2706 1765 laudare,
2756 1701 2852 1756 sed
2905 1703 3153 1757 miserari
3201 1703 3418 1774 aequum
3448 1719 3553 1763 est.

1985 1787 2056 1842 Et
2089 1788 2237 1858 quod
2265 1791 2438 1860 majus
2473 1790 2744 1861 profecto,
2774 1792 2902 1861 quia
2945 1809 3057 1848 non
3108 1793 3425 1850 Graecorum
3469 1814 3559 1852 so-

322 1867 410 1920 καὶ
463 1862 668 1933 τρίτον,
708 1863 974 1937 61t_o'bx‘
1033 1864 1138 1917 ὑπὸ
1200 1863 1492 1938 βαρϐάρων
1553 1867 1662 1920 τῶν
1721 1869 1882 1936 φύσει

1987 1881 2120 1944 Ιυω,
2147 1893 2204 1937 et
2239 1883 2627 1947 Barbarorum,
2655 1884 2722 1938 ad
2757 1901 2895 1955 quos
2926 1887 3006 1941 rei
3043 1887 3190 1949 fama,
3229 1892 3554 1959 pervaserit,

323 1956 600 2025 πολεμίων,
657 1955 777 2010 ἀλλ’
824 1957 918 2025 ὑφ’
979 1957 1137 2026 ἡμῶν
1194 1959 1506 2012 ἀνάλωνται
1575 1960 1687 2014 τῶν
1736 1962 1881 2015 πάνυ

320 2044 629 2113 φιλούντων.
672 2047 783 2100 Καὶ
841 2046 1078 2100 ἐοικέναι
1142 2048 1293 2118 ἡμᾶς
1341 2049 1550 2118 νομίζω
1600 2052 1716 2115 τοῖς
1775 2051 1883 2106 ὑπὸ

323 2135 506 2205 μανίας
553 2137 662 2189 τῶν
722 2137 872 2190 ἰδίων
918 2138 1142 2208 σαρκῶν
1191 2140 1654 2211 ἐμφορουμένοις,
1683 2141 1732 2195 οἳ
1780 2143 1882 2196 οὐκ

322 2229 665 2294 ἐπαινεῖσθαι,
733 2228 848 2281 ἀλλ’
903 2229 1174 2283 ἐλεεῖσθαι
1225 2230 1425 2285 δίκαιοι
1505 2235 1607 2300 τῆς
1677 2234 1881 2288 ἀτόπου

320 2317 533 2385 τροφῆς.
588 2317 700 2370 Καὶ
733 2316 794 2368 τὸ
838 2317 902 2386 δὴ
946 2315 1154 2384 μεῖζον,
1201 2318 1284 2370 δτι
1314 2320 1411 2388 οὐχ
1463 2321 1570 2374 ὑπὸ
1614 2320 1882 2392 Ἐλλήνων

327 2405 472 2474 μόνον
499 2406 594 2458 καὶ
615 2405 912 2476 βαρϐάρων
929 2405 1039 2459 τῶν
1060 2406 1368 2461 ἀκουόντων
1387 2408 1585 2462 δίκαιοι
1604 2410 1882 2478 μισεῖσθαι

322 2498 409 2567 τῆς
439 2499 515 2560 εἰς
538 2498 804 2569 ἀλλήλους
825 2498 1199 2569 παρανομίας,
1239 2499 1358 2554 ἀλλ’
1378 2499 1585 2570 ἄδηλον
1614 2500 1670 2553 ετ
1690 2518 1743 2554 τι
1789 2503 1883 2557 καὶ

324 2591 421 2644 τῶν
467 2592 769 2662 γινομένων
823 2591 1045 2662 ἀρέσκει
1094 2591 1235 2662 Θεῷ,
1261 2591 1355 2645 καὶ
1397 2593 1471 2662 μὴ
1504 2593 1700 2662 ἐπίσης
1743 2594 1797 2647 οῖ
1821 2611 1882 2648 τε

329 2685 642 2754 ἀμυνόμενοι
697 2684 793 2738 καὶ
840 2685 890 2737 οἰ
936 2685 1188 2746 ἐπιόντες
1235 2684 1376 2750 ἄξιοι
1419 2684 1700 2754 τιμωριῶν
1750 2689 1882 2757 παρ’

327 2774 461 2842 αὐτῷ
482 2777 662 2845 κριτῇ.
712 2774 1046 2844 Ἐϐουλόμην
1072 2775 1181 2845 μὲν
1205 2774 1299 2828 οὖν
1331 2775 1405 2846 μὴ
1434 2775 1542 2829 ἀπὸ
1568 2777 1880 2849 Ῥωμαίων,

328 2868 428 2920 ἀλλ’
473 2869 579 2922 ἀπὺ
639 2867 932 2938 βαρϐάρων
974 2869 1268 2937 ἐστηκέναι
1327 2868 1390 2921 τὺ
1444 2869 1706 2940 τρόπαιον
1765 2873 1884 2935 τοῖς

329 2962 621 3030 ἡμετέροις,
643 2961 732 3015 ἵνα
767 2952 914 3031 εἶχον
945 2961 1043 3029 τῆς
1072 2959 1228 3028 νίκης
1258 2960 1507 3032 καθαρὰν
1535 2962 1635 3031 τὴν
1663 2962 1880 3034 ἡδονήν.

339 3053 628 3123 Ἐπειδὴδέ
684 3051 828 3106 οὕτω
875 3053 944 3105 τά
985 3052 1230 3122 ἡμέτερα
1261 3053 1366 3106 ὑπὸ
1425 3053 1687 3124 φθονεροῦ
1739 3072 1884 3118 τινος

1983 1972 2134 2036 odio,
2183 1982 2408 2043 propter
2455 1983 2707 2028 mutuum
2754 1975 2936 2030 scelus
2978 1977 3128 2047 digni
3167 1979 3409 2040 erimus:
3458 1981 3556 2035 sed

1983 2062 2227 2118 dubitari
2263 2072 2464 2133 potest,
2500 2079 2569 2118 an
2603 2065 2903 2134 quidquam
2947 2067 3144 2122 harum
3182 2068 3292 2124 Deo
3321 2051 3558 2139 placeat,

1981 2164 2039 2210 et
2068 2170 2177 2209 non
2207 2171 2362 2225 teque
2391 2171 2451 2210 se
2481 2164 2722 2221 tuentes,
2757 2167 2819 2212 ut
2850 2158 3171 2214 invadentes
3195 2160 3340 2229 apud
3377 2161 3554 2228 ipsum

1977 2247 2218 2318 judicem
2271 2262 2460 2316 poenas
2505 2248 2898 2302 commeruisse
2959 2233 3270 2303 vide'autur.
3329 2250 3558 2304 Nostros

1985 2337 2152 2407 igitur
2178 2353 2286 2393 non
2337 2338 2407 2392 de
2458 2338 2744 2405 Romanis,
2776 2339 2873 2393 sed
2904 2338 2972 2393 de
3007 2338 3259 2394 Barbaris
3291 2348 3556 2409 tropaeum

1982 2431 2224 2484 erexisse
2270 2429 2487 2496 vellem,
2531 2437 2593 2484 ut
2632 2445 2664 2485 e
2705 2431 2935 2486 victoria
2965 2446 3065 2486 sua
3112 2431 3384 2502 liquidum
3445 2434 3560 2487 sin-

1983 2536 2283 2591 cerumque
2309 2521 2572 2592 gaudium
2599 2522 2968 2592 perciperent.
3000 2523 3108 2579 Sed
3149 2525 3410 2595 quoniam
3450 2526 3559 2583 dae-

1983 2612 2164 2666 monis
2189 2611 2424 2682 alicujus
2446 2610 2749 2666 invidentia
2775 2612 2980 2667 factum
3011 2621 3119 2680 est,
3158 2623 3218 2668 ut
3247 2618 3361 2685 ipsa
3387 2616 3557 2671 etiam

1981 2702 2213 2757 victoria
2236 2702 2456 2758 dolendi
2482 2703 2768 2758 materiam
2798 2705 2958 2761 nobis
2978 2706 3307 2777 porrigeret,
3332 2704 3558 2762 Numinl

1983 2795 2188 2866 gratias
2211 2811 2435 2865 magnas
2464 2810 2588 2865 ago,
2616 2811 2725 2850 non
2755 2797 2919 2852 modo
2962 2798 3108 2868 quod
3153 2800 3290 2852 meis
3336 2799 3401 2852 ad
3437 2799 3560 2852 vin-

1984 2886 2219 2943 cendum
2247 2896 2446 2957 prazsto
2479 2887 2602 2950 fuit,
2633 2904 2823 2943 verum
2851 2891 3014 2944 etiam
3043 2889 3187 2960 quod
3241 2891 3386 2945 bello
3427 2889 3560 2944 huic

1983 2986 2174 3034 auctor
2197 2981 2345 3035 nulla
2367 2996 2430 3034 ex
2461 2989 2616 3048 parte
2639 2980 2963 3035 exstiterim.
2990 2983 3306 3038 Exstiterim
3331 2991 3514 3037 autem
3533 2982 3559 3035 ?

1989 3069 2100 3122 imo
2131 3077 2190 3123 et
2228 3083 2296 3124 eo
2335 3083 2365 3121 a
2415 3067 2689 3136 principio
2741 3069 2980 3122 conllato
3032 3073 3200 3125 multa
3248 3078 3555 3126 memoratu

329 3143 564 3211 δαίμονος
595 3143 1027 3213 συνεσκευάσθη,
1048 3143 1122 3206 ὡς
1160 3143 1254 3197 καὶ
1283 3142 1382 3212 τὴν
1403 3145 1565 3214 νίκην
1589 3145 1883 3214 ἀλγηδόνος

1993 3163 2157 3233 digna
2209 3170 2265 3217 et
2315 3155 2451 3225 di'xi,
2492 3171 2546 3214 et
2591 3158 2715 3223 feci,
2747 3159 2984 3227 majores
3031 3160 3350 3224 obsecrans,
3382 3170 3444 3215 ut
3488 3177 3557 3215 eo

328 3233 492 3284 αἰτίαν
565 3234 853 3303 φαίνεσθαι
929 3234 1084 3303 ἡμῖν,
1161 3233 1390 3304 χάριτας
1469 3233 1720 3303 ὁμολογῶ
1810 3235 1884 3304 τῷ

1991 3260 2383 3324 temperarent,
2422 3250 2641 3307 tametsi
2677 3252 2728 3304 in
2758 3265 2922 3320 aqua,
2965 3250 3109 3319 quod
3146 3250 3372 3315 dicitur,
3399 3249 3555 3303 vide-

329 3325 596 3395 Κρείττονι
626 3327 850 3390 πολλὰς,
876 3326 936 3378 οὐ
978 3325 1138 3395 μόνον
1163 3327 1246 3379 ὅτι
1280 3329 1392 3391 τοῖς
1430 3328 1584 3398 ἐμοῖς
1615 3329 1885 3400 συνήρατο

329 3417 450 3487 πρὸς
479 3419 578 3485 τὴν
610 3418 784 3489 νίκην,
805 3417 922 3471 ἀλλ’
955 3419 1039 3472 ὅτι
1071 3420 1165 3471 καλ⁸
1197 3419 1472 3490 μηδεμίαν
1503 3403 1684 3473 αἰτίαν
1723 3421 1886 3484 αὐτὸς

327 3511 381 3564 ἐν
401 3511 474 3582 τῷ
505 3512 624 3565 νυνὶ
664 3511 882 3582 πολέμῳ
910 3513 970 3566 οὐ
1010 3515 1170 3582 μόνον
1205 3513 1587 3583 παρεσχόμην,
1619 3513 1754 3567 ἀλλὰ
1788 3517 1887 3569 καὶ

328 3605 632 3672 κινουμένου
687 3605 785 3673 τὴν
818 3604 1012 3675 ἀρχὴν,
1048 3605 1220 3659 πολλά
1277 3606 1372 3658 καὶ
1401 3604 1614 3675 ἔπραξα
1645 3606 1769 3672 ἀξια
1793 3610 1887 3662 καὶ

329 3692 469 3749 εἷπον
495 3696 676 3765 λόγου.
713 3696 964 3766 δεόμενος
990 3698 1082 3749 τὸν
1119 3696 1354 3766 πόλεμον
1386 3696 1728 3750 καταθέσθαι
1760 3699 1885 3760 τοὺς

330 3788 619 3853 κινοῦντας,
655 3789 705 3842 εἰ
753 3792 848 3842 καὶ
889 3789 1014 3842 καθ’
1049 3787 1282 3852 ὑδάτων,
1310 3789 1370 3842 τὸ
1410 3791 1511 3857 τῆς
1559 3780 1884 3858 παροιμίας,

329 3879 534 3933 ἰΜκουν
564 3880 824 3948 γράφειν.
860 3881 922 3934 Οἱ
967 3880 1067 3950 μὲν
1099 3879 1192 3933 οὖν
1216 3872 1578 3945 ἀκούσαντες,
1609 3880 1670 3930 οὑ
1727 3878 1888 3947 μόνον

329 3971 420 4040 τῆς
454 3974 735 4041 ἀγχινοίας
797 3971 1120 4041 ἐθαύμασαν
1171 3973 1261 4025 τὸν
1315 3970 1565 4042 βασιλέα,
1611 3971 1747 4024 ἀλλά
1793 3971 1889 4025 καὶ

331 4061 415 4115 τοῦ
465 4063 538 4134 μὴ
595 4062 871 4134 φυσᾶσθαι
922 4063 1051 4133 μηδ’
1099 4063 1424 4134 ἐπαίρεσθαι
1464 4063 1524 4114 ἐν
1565 4063 1683 4124 ταῖς
1730 4063 1888 4115 εὐτυο

332 4155 484 4223 χίαις,
514 4157 631 4209 ἀλλ’
662 4157 723 4210 ἐν
748 4157 866 4220 ταῖς
888 4156 999 4210 τῶν
1033 4155 1378 4225 πραγμάτων
1410 4155 1733 4226 μεταϐολαῖς
1776 4155 1889 4208 ἴσον

333 4250 417 4302 καὶ
450 4249 632 4318 ὅμοιον
683 4248 947 4318 παρέχειν
1004 4247 1218 4300 ἑαυτόν.
1271 4245 1539 4310 Βασιλεὺς
1585 4245 1644 4299 δέ
1691 4243 1785 4300 τόν
1828 4261 1890 4297 τε

333 4341 778 4410 πρωτοστράτορα
852 4339 1180 4409 γράμμασιν
1246 4337 1509 4408 ἠμείϐετο
1562 4336 1893 4408 εὐχαριστη-

331 4429 476 4497 ρίοις,
502 4432 598 4484 καὶ
639 4433 766 4491 τοὺς
815 4429 1076 4492 συνόντας
1127 4427 1276 4497 αὑτῷ
1321 4415 1440 4482 ’τῶν
1478 4426 1886 4498 συγκλητικῶν,

1987 3347 2088 3402 bar
2139 3346 2404 3402 scribere.
2463 3344 2568 3410 Qui
2623 3343 2740 3398 haec
2789 3341 3108 3407 andiebant,
3165 3342 3553 3410 imperatorem

1987 3453 2096 3491 non
2127 3437 2192 3491 de
2214 3435 2435 3491 solertia
2457 3435 2660 3498 solum,
2687 3437 2781 3488 sed
2808 3435 2876 3487 de
2908 3432 3283 3488 moderatione
3312 3447 3554 3501 quoque.

1987 3528 2133 3599 quod
2167 3526 2445 3598 prosperis
2470 3527 2684 3582 eventis
2723 3540 2833 3580 non
2867 3524 3168 3586 initiaretur,
3194 3537 3372 3592 neque
3395 3521 3558 3576 effer-

1987 3633 2162 3684 retur,
2201 3619 2299 3675 sed
2335 3620 2390 3672 in
2444 3621 2561 3687 ipsa
2619 3630 2807 3672 rerum
2842 3605 3273 3670 commutatione
3300 3611 3552 3666 eamdem

1988 3721 2044 3766 et
2090 3711 2414 3778 aequabilem
2459 3717 2703 3763 servaret
2738 3706 2906 3760 animi
2942 3704 3336 3764 constantiam,
3378 3701 3558 3756 admi-

1987 3801 2278 3857 rabantur.
2338 3799 2494 3870 177
2557 3797 2859 3867 Imperator
2916 3795 3118 3850 litteris
3164 3794 3553 3864 protostratori

1988 3893 2191 3964 gratias
2223 3890 2354 3962 egit,
2385 3901 2440 3945 et
2469 3890 2566 3960 qui
2596 3903 2722 3942 cum
2743 3902 2812 3942 eo
2835 3894 2995 3942 erant
3021 3885 3091 3941 de
3117 3885 3428 3951 nobilitate,
3459 3883 3560 3939 ho-

1989 3983 2219 4038 noribus
2245 3996 2363 4046 eos,
2391 3995 2454 4035 ac
2486 3977 2648 4034 donis
2673 3978 3058 4032 remuneratus
3081 3985 3166 4031 est
3198 3993 3213 4029 :
3244 3975 3556 4044 militesque

1988 4075 2123 4131 alios
2156 4081 2320 4129 aucto
2352 4071 2646 4142 stipendio,
2671 4069 2810 4124 alios
2837 4081 3149 4122 annuorum
3175 4081 3440 4120 censuum
3476 4067 3560 4119 iu-

1989 4172 2273 4222 cremento
2304 4161 2373 4216 ad
2427 4161 2632 4215 bellum
2665 4173 2766 4228 pro
2820 4172 2880 4212 se
2926 4155 3298 4216 confirmavit,
3343 4155 3556 4208 animo-

1991 4256 2274 4324 sioresque
2326 4251 2591 4308 reddidit.
2636 4247 2756 4319 Ipse
2795 4262 2926 4302 vero
2959 4247 3364 4302 Thessalonica:
3390 4245 3558 4299 ratio-

1991 4349 2289 4410 cinatores,
2323 4355 2376 4398 et
2408 4343 2614 4398 scribas
2637 4339 2900 4406 instituit,
2929 4355 3027 4410 per
3046 4354 3185 4410 quos
3213 4337 3558 4394 occidentem

1992 4440 2299 4508 digerebat,
2329 4444 2384 4490 et
2413 4435 2738 4503 aquuabat
2765 4451 2779 4487 :
2814 4441 2867 4488 et
2921 4432 3061 4486 alios
3112 4432 3337 4500 insuper
3370 4438 3565 4485 centu-

327 4523 502 4588 τιμαῖς
554 4539 612 4575 τε
666 4521 760 4573 καὶ
809 4521 1002 4582 ἄλλαις
1031 4519 1404 4589 εὐεργεσίαις,
1430 4519 1525 4572 καὶ
1554 4518 1680 4595 τους
1722 4534 1886 4588 στρας

1991 4531 2190 4595 riabat,
2217 4538 2280 4583 ut
2305 4535 2584 4584 cresceret
2623 4526 2926 4582 exercitus.
2951 4526 3030 4581 Eo
3063 4524 3118 4579 in
3160 4523 3247 4578 bis
3281 4532 3562 4588 versante,

325 4612 537 4679 τιώτας,
601 4614 728 4676 τοὺς
783 4613 881 4680 μὲν
937 4611 1180 4664 ἐπιδόσει
1229 4613 1330 4682 τῆς
1387 4591 1751 4681 μισθοφορᾶς,
1780 4607 1890 4662 τῶν

324 4705 552 4774 ἐτησίων
571 4703 629 4756 δέ
658 4702 940 4772 προσόδων
959 4701 1084 4763 τοὺς
1101 4700 1322 4764 λοιποὺς
1355 4698 1556 4768 μᾶλλον
1580 4699 1890 4770 ἐπέρρωσε,

295 4771 416 4851 ἐκαί
479 4796 924 4870 προθυμοτέρους
985 4794 1124 4865 πρὸς
1170 4793 1232 4846 τὸ
1282 4794 1543 4863 πολεμεῖν
1595 4792 1893 4862 εἰργάσατο

322 4892 460 4965 ὑπὲρ
491 4890 658 4944 αὐτοῦ
683 4906 698 4920 ο
729 4888 895 4951 αὐτὸς
949 4888 1005 4941 δέ
1041 4890 1099 4940 ἐν
1129 4886 1500 4959 Θεσσαλονίκῃ
1538 4883 1894 4954 ὑπογραφέας

324 4984 696 5052 καταστήσας,
740 4977 1045 5034 δι”αὐτῶν
1101 4978 1287 5049 διῴκει
1361 4978 1457 5030 καὶ
1525 4975 1741 5044 ἐξίσαζε
1795 4974 1895 5044 τὴν

325 5067 590 5148 ἑσπέραν,
621 5077 716 5128 καὶ
737 5072 1073 5140 καταλόγους
1108 5070 1338 5125 ἐτασσεν
1369 5069 1592 5138 ἐτέρους
1627 5067 1762 5138 πρὸς
1783 5066 1893 5127 τοῖς

329 5166 501 5232 οὖσιν,
543 5171 692 5230 ὅπως
723 5167 926 5221 πλείων
957 5165 1202 5234 γίγνοιτο
1234 5166 1266 5233 ή
1303 5161 1554 5232 στρατιά.
1573 5161 1664 5213 Ἐν
1683 5156 1894 5219 τούτοις

326 5263 380 5317 ὃέ
433 5260 601 5317 αὑτοῦ
654 5257 1087 5342 ἀσχολουμένου,
1117 5256 1284 5308 πάλιν
1335 5249 1438 5325 ἧκε
1483 5251 1794 5342 γράμματα
1829 5249 1894 5301 ἐκ

329 5353 818 5423 πρωτοστράτορος
848 5349 1119 5418 μηνύοντα
1161 5347 1235 5408 ὡς
1278 5349 1304 5399 ὁ
1331 5344 1702 5414 πρεσϐύτερος
1737 5341 1892 5412 βασι-

331 5447 449 5509 λεὺς
483 5445 562 5513 τῷ
587 5444 696 5496 τῶν
724 5443 931 5497 Μυσῶν
964 5441 1178 5510 βασιλεῖ
1209 5436 1430 5507 Μιχαὴλ
1461 5436 1722 5505 διάφορος
1754 5435 1894 5506 πρό⁸

330 5553 484 5605 τερον
514 5533 612 5595 ῶν,
632 5532 729 5587 νῦν
759 5533 896 5603 πρὸς
925 5530 1088 5586 αὐτὸν
1113 5529 1320 5582 τίθεται
1353 5525 1638 5598 εἰρηνικὰς
1663 5527 1896 5587 σπονδάς

331 5629 419 5678 καὶ
462 5627 786 5696 συμμαχίαν
807 5642 822 5658 ο
865 5625 1084 5693 ἀγνοεῖν
1121 5625 1307 5693 μέντοι
1338 5621 1437 5682 τὰς
1470 5618 1775 5688 συμϐάσεις
1809 5619 1894 5686 ἐφ’

331 5712 407 5782 οἷς
450 5719 698 5786 γίνονται
741 5717 950 5782 αὐτοῖς,
982 5716 1077 5770 καὶ
1121 5716 1212 5769 διά
1253 5713 1410 5768 τοῦτο
1439 5712 1558 5765 δέον
1593 5711 1897 5784 ἐγνωκέναι

329 5812 427 5884 τὴν
467 5815 700 5883 μήνυσιν
743 5811 896 5882 αὐτῷ
949 5810 1281 5882 ποιήσασθαι
1325 5808 1438 5862 τῶν
1477 5807 1896 5877 πραττομένων.

1998 4638 2218 4677 rursum
2251 4637 2282 4675 a
2313 4628 2704 4689 protostratore
2752 4618 2976 4683 litterae,
3014 4616 3348 4678 indicantes,
3379 4615 3564 4669 senio-

1993 4733 2108 4774 rem
2140 4717 2525 4786 imperatorem
2560 4727 2591 4766 a
2627 4711 2894 4766 Michaele
2919 4710 3220 4766 Mmsorum
3247 4723 3374 4780 rege
3402 4708 3559 4778 prius

1995 4809 2372 4870 dissidentem,
2424 4819 2574 4859 nunc
2628 4818 2754 4858 cum
2792 4818 2862 4859 eo
2921 4803 3077 4874 pacis
3131 4801 3310 4856 fmdus
3340 4808 3396 4855 et
3437 4799 3565 4853 belli

1995 4899 2314 4955 societatem
2344 4895 2602 4960 coivisse,
2626 4893 2832 4949 nesciri
2857 4901 3064 4956 tamen,
3093 4891 3163 4946 ob
3189 4906 3351 4960 quem
3379 4889 3564 4952 finem,

1993 4999 2051 5044 et
2097 4987 2303 5042 idcirco
2349 4985 2455 5039 hoc
2489 4984 2555 5038 ad
2599 4998 2728 5038 eum
2756 4981 3214 5052 perscribendum
3252 4978 3557 5034 censuisse.

1997 5081 2176 5150 Nepos
2208 5094 2370 5133 avum
2400 5091 2524 5132 cum
2557 5076 2726 5130 Mmso
2775 5083 3000 5144 pr0pter
3049 5073 3252 5127 bellum
3297 5071 3564 5125 adversus

1997 5189 2056 5228 se
2086 5171 2404 5227 societatem
2428 5169 2586 5223 istam
2619 5167 2888 5238 pepigisse
2918 5162 3332 5220 animadvertit.
3363 5161 3567 5216 Statuit

1990 5269 2178 5319 autem
2210 5278 2319 5318 non
2351 5261 2536 5316 subito
2558 5259 2624 5314 ad
2659 5260 2888 5328 primam
2921 5256 3260 5311 auditionem
3289 5253 3568 5308 abducen-

1997 5358 2129 5412 dum
2148 5371 2213 5410 ex
2231 5354 2519 5409 occidente
2534 5351 2859 5415 exercitum,
2883 5350 2974 5404 sed
2996 5346 3312 5402 liarrendum
3361 5344 3565 5410 adhuc,

1999 5446 2186 5515 illique
2225 5453 2281 5498 et
2310 5443 2478 5497 rebus
2507 5442 2630 5496 aliis
2659 5439 3082 5510 providendum,
3111 5434 3291 5489 donec
3325 5434 3563 5490 certiora
3647 5429 3654 5439 '

2000 5537 2407 5588 nuntiarentur.
2461 5531 2661 5584 Diebus
2719 5529 2928 5597 aliquot
2978 5524 3294 5595 praeteritis,
3344 5523 3568 5592 scripsit

2000 5631 2384 5692 protostrator,
2411 5621 2588 5675 fmdus
2623 5619 2971 5688 imperatoris
3000 5627 3058 5672 et
3095 5617 3412 5672 societatem
3440 5631 3564 5671 cum

1997 5715 2184 5769 Mensis
2221 5714 2328 5785 jam
2376 5711 2753 5773 constitutam,
2800 5711 3031 5779 ejusque
3053 5708 3464 5782 conciliatores,
3507 5713 3565 5760 et

1999 5808 2329 5878 interpretes
2345 5822 2412 5860 ex
2429 5803 2724 5874 transfugis
2741 5803 2807 5859 ad
2833 5803 3047 5870 Mmsos,
3084 5803 3360 5860 Romanos
3385 5801 3567 5857 adhuc
