4010 6190
1551 201 1562 226 1

325 284 416 349 3'93
1503 295 2042 358 lIIbTORlARUM
2080 299 2308 359 LIBER
2343 301 2395 362 Ι.

3451 289 3554 349 394

323 404 406 472 τὴν
443 403 628 472 ἄφιξιν
681 406 848 461 αὑτοῦ
895 408 923 462 ὃ
974 426 1026 462 τι
1056 408 1165 478 εἴη.
1196 409 1256 462 Ei
1290 410 1387 478 μὲν
1422 407 1514 464 οῦν
1539 410 1710 473 λύσας
1757 412 1873 474 τοὺς

1990 427 2172 471 nosse,
2208 428 2273 464 an
2309 421 2472 480 rupto
2505 409 2709 463 findere
2749 407 2947 461 bellum
2975 407 3075 463 sibi
3107 407 3360 472 intentet,
3390 419 3446 460 ut
3475 409 3546 461 si-

321 496 507 564 ὄρκους
547 497 644 549 καὶ
686 499 786 562 τὰς
814 500 1048 566 σπονδὰς
1074 500 1172 564 τὰς
1223 501 1360 570 πρὸς
1417 501 1601 566 αὑτὸν,
1648 502 1886 571 πόλεμον

320 585 546 654 ἄρασθαι
599 587 875 655 βούλεται,
922 589 1114 658 μαθεῖν
1140 589 1369 655 ἐθέλειν,
1421 591 1568 652 ὅπως
1598 593 1692 643 καὶ
1722 591 1884 654 αὐτὸς

322 677 792 741 παρασκευάζοιτο
839 680 902 729 ἐκ
941 677 1038 730 τοῦ
1083 679 1294 748 ὁμοίου.
1347 679 1407 732 Εί
1454 679 1509 731 δέ
1554 696 1646 730 του
1691 679 1884 743 ἑτέρου

319 763 467 816 ἕνεκα
501 768 544 840 ἡ.
592 767 921 836 ἐκστρατεία
957 770 1065 837 εῐη.
1127 769 1204 838 μὴ
1257 773 1493 838 ἀγνοεῖν.
1529 772 1717 840 Ὅμως
1756 772 1884 838 μέν·

318 872 385 906 τοι
424 873 491 922 γε
532 861 595 909 τό
649 875 708 911 τε
755 860 990 930 ἄκλητον
1033 861 1192 929 ήκειν
1251 862 1549 931 τεκμήριον
1611 864 1882 916 ποιεῖσθαι

317 947 403 998 τοῦ
440 949 567 999 κατ’
598 949 772 1002 αὐτοῦ
823 948 1046 1022 χωρεῖν,
1075 955 1171 1004 καὶ
1216 951 1278 1004 τὸ
1308 951 1627 1016 Βυζαντίοις
1659 970 1881 1024 συμμα-

313 1039 426 1107 χίαν
468 1040 590 1108 ἅμα
633 1040 816 1112 ἰϐἀνῃ
842 1044 900 1106 ἐς
924 1043 1256 1112 τρισχιλίους
1284 1043 1626 1113 στρατιώτας
1658 1046 1875 1113 πέμψαι

310 1128 417 1182 οὖσι
472 1132 784 1200 πολεμίοις,
836 1136 1084 1204 φανερῶς
1115 1133 1267 1205 αύτῷ
1317 1137 1684 1206 πολεμοῦντος
1714 1135 1874 1190 εῖναι.

312 1224 630 1292 Θαυμαζειν
662 1226 718 1278 δὲ
773 1225 941 1279 αὑτοῦ
972 1229 1020 1279 εί
1069 1226 1377 1296 πυθόμενος
1427 1229 1556 1300 περὶ
1588 1231 1880 1293 Βυζάντιον
1912 1246 1919 1252 ·

308 1317 678 1385 διατρίϐοντος
735 1316 924 1379 αὐτοῦ,
957 1319 1244 1382 τοσούτους
1276 1319 1512 1388 πέμψειε
1538 1321 1878 1389 στρατιώτας

310 1407 774 1476 συμμαχήσοντας
824 1408 938 1469 τοῖς
984 1407 1306 1477 πολεμίοις·
1352 1409 1384 1479 ἢ
1441 1411 1663 1478 ἀγνοεῖν
1710 1412 1786 1474 ὡς
1815 1413 1908 1463 οὐκ

310 1498 680 1565 στρατεύματι
718 1498 984 1566 χρήσεται
1007 1499 1140 1566 πρὸς
1175 1493 1373 1562 αὐτοὺς
1395 1500 1564 1552 είδόσι
1592 1501 1872 1568 πολεμεῖν,

309 1587 436 1639 ἀλλὰ
489 1590 601 1648 τοῖς
653 1589 924 1657 γεωργοῖς
973 1586 1258 1653 κελεύσας,
1322 1590 1739 1660 ἀδυνατωτέραν
1780 1591 1878 1660 θή-

312 1696 458 1732 σουσι
497 1680 599 1747 τὴν
631 1679 896 1744 ἐπάνοδον
925 1680 1107 1741 αὐτοῖς
1153 1681 1184 1750 ἢ
1246 1681 1305 1746 ἐξ
1336 1679 1466 1752 ᾅδου
1515 1680 1724 1735 πυλῶν.
1772 1683 1875 1733 Βα-

1989 502 2195 554 utiliter
2223 517 2282 555 se
2312 510 2610 570 comparet.
2643 499 2733 553 Sin
2764 499 2922 552 aliam
2960 499 3030 551 ob
3050 512 3269 550 causam
3299 507 3552 565 suscepta

1987 591 2058 644 sit
2079 591 2376 659 expeditio,
2407 607 2465 645 se
2498 591 2550 644 id
2583 606 2801 659 quoque
2835 590 3084 659 ignorare
3111 589 3275 641 nolle.
3323 587 3552 642 Verum-

1989 692 2166 736 tamen
2223 697 2346 734 cum
2388 698 2496 734 non
2546 692 2768 734 vocatus
2815 681 3020 743 veniat,
3075 680 3408 734 documento
3443 677 3547 731 sibi

1984 789 2103 828 esse
2151 785 2339 826 contra
2382 789 2438 826 sc
2475 773 2680 835 venire,
2721 781 2775 825 et
2825 771 3096 840 Byzantiis
3137 770 3386 823 hostibus
3435 769 3550 822 suis

1984 865 2122 920 duce
2158 866 2324 920 lbaue
2353 867 2417 919 ad
2461 874 2543 919 ter
2569 865 2713 918 mille
2746 865 2961 932 equites
3007 862 3240 924 misisse,
3275 859 3545 913 manifesti

1984 958 2159 1011 ltostis
2189 956 2450 1010 indit-ium
2483 971 2626 1010 esse.
2654 956 2839 1008 Mirari
2875 963 3054 1006 autem
3079 951 3380 1021 quomodo,
3419 964 3544 1002 cum

1981 1047 2220 1102 audierit
2262 1061 2321 1100 se
2348 1045 2500 1113 juxta
2537 1045 2854 1115 Byzantium
2899 1045 3128 1105 versari,
3170 1042 3387 1094 interim
3429 1048 3544 1091 tan-

1983 1145 2097 1192 tum
2124 1151 2414 1190 numerum
2441 1137 2774 1190 adversariis
2805 1135 2920 1189 suis
2949 1134 3274 1203 opitulatum
3304 1131 3541 1184 miserit.

1979 1227 2231 1299 fﬁescisse
2260 1227 2485 1280 forsitan
2519 1242 2576 1280 se
2619 1241 2729 1280 non
2773 1226 3067 1278 exercitata
3099 1222 3255 1290 copia
3298 1223 3352 1274 in
3390 1221 3541 1274 illunt

1979 1333 2227 1381 usurum,
2256 1320 2348 1370 sed
2378 1315 2596 1370 rusticis
2630 1315 2907 1384 negotium
2934 1314 3210 1376 daturum,
3237 1312 3329 1380 qui
3369 1313 3419 1365 ei
3451 1327 3542 1365 re-

1979 1407 2154 1462 ditum
2187 1407 2568 1472 diﬂiciliorem,
2597 1422 2758 1476 quam
2799 1406 2866 1459 ab
2895 1405 3190 1458 inferorum
3238 1404 3408 1473 portis
3433 1405 3546 1456 εω-

1979 1501 2143 1553 ciant.
2179 1500 2304 1554 Haec
2328 1499 2646 1568 imperator.
2677 1497 2744 1551 At
2777 1489 3025 1559 Michael,
3065 1495 3159 1549 ubi
3208 1510 3332 1547 eum
3373 1509 3542 1565 prope

1975 1590 2490 1658 Constantinopolin
2531 1603 2675 1653 esse,
2723 1601 2824 1641 nec
2865 1587 3022 1656 longe
3062 1586 3129 1640 ab
3163 1585 3410 1640 exercitu
3443 1601 3542 1638 suo

1977 1681 2181 1736 distare
2215 1679 2493 1750 cognovit,
2523 1695 2747 1734 suorum
2781 1694 2942 1733 causa
2969 1693 3099 1732 sane
3131 1693 3292 1746 quam
3325 1687 3544 1732 contur-

312 1769 489 1831 σιλεῦς
526 1738 748 1836 μὲνοῦν
802 1769 1033 1823 τοιαῦτα
1080 1738 1474 1840 ἐπρεσϐεύετο.
1541 1771 1764 1840 Μιχαὴλ
1817 1771 1873 1824 δὲ

1978 1774 2156 1835 battis,
2207 1738 2410 1825 nullam
2462 1770 2622 1824 aliain
2680 1786 2830 1839 spem
2895 1769 3090 1824 salutis
3150 1769 3390 1832 videbat,
3435 1770 3539 1822 nisi

312 1859 426 1910 ἐπεὶ
472 1859 563 1910 τεν
614 1875 672 1910 τε
729 1857 950 1928 βασιλέα
976 1859 1210 1912 ἐπύθετο
1243 1861 1248 1865 ’
1279 1861 1417 1929 πρὸς
1463 1861 1522 1914 τὸ
1576 1862 1874 1924 Βυζάντιον

311 1949 628 2017 ἀφιγμένον,
700 1950 795 2001 καὶ
839 1951 939 2018 τῆς
987 1949 1151 2002 αὑτοῦ
1208 1951 1473 2019 στρατιᾶς
1541 1951 1601 2003 οὐ
1653 1953 1874 2021 μακρὰν

314 2040 894 2112 ἐστρατοπεδευμένον,
956 2038 1265 2112 ἐθορυϐήθη
1325 2059 1387 2096 τε
1441 2042 1708 2112 σφοδρῶς,
1763 2044 1872 2095 τῶν

318 2135 585 2203 σφετέρων
613 2134 776 2186 ἕνεκα
826 2133 1198 2204 στρατιωτῶν,
1234 2134 1328 2188 καὶ
1357 2135 1631 2205 σωτηρίας
1686 2135 1872 2199 αὐτοῖς

319 2224 495 2275 ἐλπίδα
544 2223 803 2289 οὐδεμίαν
849 2223 1121 2289 συνεώρα,
1154 2223 1204 2275 εί
1265 2222 1340 2292 μὴ
1374 2223 1607 2292 τάχιστα
1660 2223 1870 2277 πείσειε

325 2315 532 2383 βασιλέα
559 2316 642 2368 ὅτι
670 2331 731 2365 τε
761 2313 823 2366 ού
873 2313 1056 2366 λύσειε
1088 2314 1186 2377 τὰς
1215 2312 1448 2375 σπονδὰς
1469 2313 1571 2376 τὰς
1601 2316 1737 2384 πρὸς
1768 2315 1869 2366 αὺ-
1911 2359 1916 2361 .

323 2407 424 2471 τὶν,
455 2408 544 2459 καὶ
586 2407 690 2475 τὴν
726 2404 990 2474 στρατιὰν
1041 2405 1143 2458 οὐκ
1174 2404 1324 2474 αύτῷ
1377 2403 1870 2476 πολεμησείουσαν,

329 2499 636 2567 ἁλλ’ἐτέρου
682 2515 778 2551 του
837 2496 1004 2549 ἕνεκα
1034 2498 1113 2561 είς
1161 2497 1459 2561 Βυζάντιον
1520 2497 1716 2553 ἐλθεῖν.
1769 2499 1875 2551 Δύ-

330 2589 443 2643 τίκα
475 2607 532 2643 τε
591 2590 628 2644 ἃ.
674 2585 828 2660 εἶχεν
857 2590 916 2642 ἐν
952 2591 1063 2652 τοῖς
1120 2589 1341 2652 κόλποις
1393 2589 1526 2656 ἆγια
1568 2589 1872 2660 ἐξενεγκὼν

1975 1863 2428 1932 quam‘citissime
2455 1878 2510 1916 se
2537 1862 2716 1918 ftedus
2741 1877 2984 1923 servare,
3010 1871 3066 1915 et
3091 1862 3276 1931 copias
3297 1861 3418 1914 illas
3433 1875 3540 1913 non

1975 1963 2166 2006 contra
2192 1969 2339 2018 eum,
2365 1954 2459 2008 sed
2493 1953 2662 2007 alium
2690 1953 2987 2023 quemdam
3020 1952 3344 2022 Byzantium
3371 1952 3543 2006 addu-

1973 2054 2111 2110 ctas,
2136 2045 2450 2114 imperatori
2473 2047 2854 2114 persuaderet,
2886 2045 3182 2114 statimque
3205 2059 3236 2098 e
3259 2046 3384 2098 sinu
3417 2059 3542 2097 san-

1975 2148 2188 2205 ctorum
2217 2137 2478 2205 reliquias
2500 2152 2683 2190 coram
2723 2139 2898 2207 legato
2924 2137 3208 2208 proferens
3229 2137 3364 2207 (l9),
3395 2150 3449 2192 et
3473 2154 3538 2191 ex

1975 2225 2043 2280 iis
2067 2241 2285 2280 crucem
2306 2227 2355 2280 ei
2390 2226 2443 2279 in
2478 2241 2668 2279 manus
2703 2229 2924 2281 tradens
2973 2246 2984 2280 ι
3028 2227 3176 2281 [stuc
3209 2228 3277 2280 ad
3304 2229 3543 2296 impera-

1976 2325 2148 2371 torem
2179 2317 2446 2387 portabis,
2474 2317 2672 2387 inquit,
2707 2325 2762 2372 et
2796 2334 2882 2372 me
2911 2335 3008 2388 per
3037 2319 3212 2379 illum,
3253 2319 3345 2386 qui
3378 2319 3432 2371 in
3473 2335 3539 2370 co

1975 2418 2199 2480 propter
2221 2423 2320 2462 nos
2335 2407 2562 2463 sullixus
2581 2419 2687 2474 est,
2709 2409 2891 2480 jurare
2923 2409 3072 2462 dices
3091 2423 3192 2462 nee
3215 2408 3390 2464 fmdus
3413 2423 3537 2462 cum

1977 2499 2094 2568 ipso
2123 2513 2442 2568 percussum
2484 2499 2732 2564 solvisse,
2772 2516 2872 2553 nec
2924 2501 3123 2553 milites
3165 2511 3354 2554 contra
3385 2501 3536 2554 illum

1979 2589 2212 2644 misisse.
2277 2588 2542 2654 Quocirca
2581 2603 2744 2642 orare
2771 2603 2878 2649 me,
2926 2603 2993 2642 ne
3021 2588 3150 2657 quid
3180 2589 3288 2642 illis
3319 2601 3534 2642 noreat.

332 2683 412 2735 ἐπὶ
443 2685 529 2737 τοῦ
558 2683 921 2754 πρεσϐευτοῦ,
959 2685 1054 2737 καὶ
1099 2683 1158 2746 ὃς
1190 2679 1258 2755 ἦν
1289 2686 1348 2737 ὲν
1399 2685 1583 2750 αὐτοῖς
1641 2686 1873 2756 σταυρὸν

1973 2682 2132 2749 Quod
2168 2691 2348 2737 autem
2383 2675 2494 2735 non
2524 2681 2591 2736 de
2621 2681 2806 2762 multis
2855 2696 2917 2733 ac
2963 2680 3216 2749 pretiosis
3244 2681 3538 2735 monilibus

331 2775 647 2842 ἐγχειρίσας,
706 2773 896 2839 Τοῦτ’,
933 2772 1061 2843 ἔφη,
1124 2775 1356 2843 κομίσας
1401 2775 1538 2842 πρὸς
1605 2775 1871 2845 βασιλέα,

327 2863 532 2930 ὀμνύειν
573 2867 677 2933 ἐμὲ
723 2867 803 2928 είς
856 2864 948 2918 τὸν
986 2865 1043 2919 ὲν
1096 2865 1245 2934 αὐτῷ
1304 2865 1549 2932 παγέντα
1592 2866 1757 2937 σαρκὶ
1804 2867 1873 2920 δι’

325 2955 461 3022 ἡμᾶς
493 2955 631 3016 είπὲ,
676 2956 753 3020 ῶς
787 2954 912 3009 οὔτε
943 2955 1144 3009 λέλυκα
1183 2956 1281 3017 τὰς
1337 2957 1568 3018 σπονδὰς
1608 2959 1706 3020 τὰς
1739 2957 1873 3026 πρὸς

1976 2774 2088 2829 suis
2137 2789 2258 2843 qua:
2288 2782 2536 2828 cerneret
2583 2755 2718 2842 {2(5),
2751 2773 2842 2827 sed
2901 2775 3041 2827 lianc
3095 2787 3314 2826 crucem
3363 2788 3394 2827 e
3441 2774 3534 2828 vili

1977 2865 2201 2927 materia
2244 2864 2546 2920 confectam
2599 2864 2739 2934 (erat
2776 2863 2922 2917 enim
2961 2880 3028 2918 ex
3067 2879 3174 2917 mre
3220 2864 3535 2930 fabrefacta)

1977 2956 2053 3010 illi
2092 2957 2354 3018 mitteret,
2407 2955 2596 3009 mirari
2640 2946 2747 3008 non
2791 2954 2994 3010 debere
3023 2970 3036 3007 :
3065 2971 3184 3011 esse
3213 2957 3357 3011 enim
3390 2958 3532 3026 apud

317 3046 487 3112 αὐτὸν,
519 3047 642 3100 οὔτε
673 3047 795 3100 κατ’
822 3046 988 3100 αὐτοῦ
1024 3047 1295 3117 πέπομφα
1331 3047 1428 3117 τὴν
1464 3049 1745 3118 στρατιάν.
1781 3047 1870 3110 Διὸ

1979 3046 2174 3101 Μωεοε
2204 3045 2273 3098 ob
2304 3043 2566 3098 ntiracula
2592 3042 2980 3112 percelebrem,
3012 3061 3131 3113 qua:
3167 3047 3332 3099 multa
3358 3048 3537 3100 adhuc

317 3142 405 3188 tui
441 3138 627 3208 δέομαι
678 3139 755 3208 μὴ
807 3138 992 3201 κακῶς
1041 3139 1241 3200 αὐτοὺς
1297 3136 1514 3191 παθεῖν.
1583 3137 1705 3191 Ὅτι
1735 3139 1790 3190 δὲ
1811 3139 1872 3190 οὐ

313 3229 413 3282 τῶν
443 3229 747 3283 πολυτελῶν
776 3229 1082 3296 ἐγκολπίων
1130 3227 1343 3280 πολλῶν
1394 3227 1519 3297 ἐμοὶ
1560 3229 1868 3298 παρόντων,

315 3320 386 3382 ὡς
417 3324 560 3392 ἐρᾷς,
591 3320 731 3373 ἀλλὰ
761 3322 972 3373 τουτονὶ
997 3319 1088 3372 τὸν
1117 3299 1372 3389 σταυρὸν,
1407 3319 1466 3383 ἐξ
1491 3319 1740 3382 εὐτελοῦς
1769 3335 1871 3370 πε-

317 3411 608 3479 ποιημένον
656 3409 788 3479 ὕλης
838 3407 928 3479 (ἦν
984 3410 1094 3479 γὰρ
1145 3407 1425 3478 χαλκοῦς),
1460 3407 1745 3478 πέπομφα,
1797 3411 1872 3478 μὴ

314 3500 584 3574 θαυμάσῃ.
628 3502 755 3554 Ἐπὶ
791 3499 1039 3572 θαύμασι
1067 3501 1177 3570 γὰρ
1208 3500 1360 3569 παρὰ
1411 3501 1544 3552 πᾶσι
1591 3499 1872 3570 διαϐεϐόη-

313 3607 400 3644 ται
426 3594 650 3656 Μυσοῖς,
681 3592 718 3646 ὃ.
749 3591 920 3644 πολλά
953 3591 1052 3661 μὲν
1086 3593 1182 3644 καὶ
1210 3592 1304 3644 ἐπὶ
1351 3592 1444 3643 τοῦ
1484 3591 1618 3662 ἐμοῦ
1653 3594 1870 3660 περιόν-

313 3699 401 3746 τος
439 3684 514 3736 ἐτι
543 3686 772 3754 πατρὸς,
802 3683 973 3737 πολλὰ
995 3683 1054 3736 δὲ
1085 3684 1178 3736 καὶ
1205 3683 1294 3736 ἐπ’
1355 3681 1492 3753 ἐμοῦ
1534 3683 1662 3753 παρ’
1701 3683 1868 3736 αὐτοῦ

316 3774 538 3827 τελεῖται
567 3774 720 3826 νυνίο
754 3775 828 3836 ὡς
868 3769 961 3827 οὖν
994 3772 1196 3842 μᾶλλον
1223 3771 1524 3841 ἀξιόχρεων
1553 3773 1634 3835 είς
1683 3772 1870 3823 πίστιν

316 3862 529 3934 ἔπεμψα
550 3865 737 3918 αὐτόν.
772 3863 892 3935 Κᾴν
922 3881 991 3933 με
1021 3863 1254 3933 φωράσῃ
1279 3864 1579 3918 ἀπατῶντα
1601 3863 1634 3931 ἡ
1674 3863 1870 3930 ψευδὸ-

320 3971 491 4020 μενον,
515 3957 638 4024 ἐμοὶ
665 3955 854 4008 τοῦτον
887 3953 1068 4008 λαϐὼν
1099 3953 1322 4019 ἐπιέτω,
1358 3953 1431 4018 ὡς
1461 3953 1625 4007 αὐτοῦ
1645 3970 1870 4022 συμμα-

317 4046 526 4113 χοῦντος
555 4050 799 4117 νικήσων
832 4049 924 4101 καὶ
958 4047 1424 4119 διαφθερῶν.¹ὐτι
1459 4046 1515 4097 δὲ
1567 4046 1629 4098 ού
1667 4045 1869 4114 σκῆψις

317 4137 479 4191 ταῦτα
513 4140 634 4191 οὐδὲ
661 4139 940 4207 πρόφασις
994 4141 1054 4191 εύ
1068 4142 1308 4208 πρεπὴς,
1345 4137 1437 4190 τὸν
1467 4137 1746 4203 ἀπάξοντα
1768 4138 1865 4206 τὴν

318 4228 568 4293 στρατιὰν
599 4218 664 4282 ἔτι
698 4230 800 4297 τῆς
876 4228 1187 4297 Ῥωμαίων,
1243 4226 1304 4290 ἐξ
1350 4227 1520 4297 αὐτῆς
1556 4228 1863 4283 ἀποστελῶ.

319 4316 423 4368 Καὶ
475 4321 670 4373 αὐτίκα
703 4321 783 4390 τῷ
821 4321 924 4390 μὲν
994 4320 1300 4390 πρεσϐευτῇ
1358 4321 1622 4388 παρεῖχεν
1665 4320 1866 4382 ἵππους

1975 3147 2200 3206 parente
2227 3151 2326 3191 suo
2365 3135 2660 3205 superstite
2699 3135 2956 3199 ediderit,
2988 3137 3154 3188 multa
3189 3153 3246 3190 se
3275 3148 3534 3207 regnanto

1973 3229 2118 3283 edat.
2150 3228 2431 3295 Tanquam
2470 3226 2631 3296 igitur
2658 3225 3024 3279 fidelissimam
3055 3233 3268 3288 testem,
3298 3242 3354 3280 se
3386 3226 3531 3280 illam

1976 3319 2210 3371 mittere.
2263 3317 2317 3370 Si
2369 3321 2546 3386 ipsum
2579 3305 2864 3392 fallacem,
2915 3316 3298 3370 mendacemve
3339 3317 3534 3386 deprc-

1974 3410 2244 3474 ltcnderit,
2283 3425 2346 3463 ea
2381 3423 2546 3462 cruce
2577 3417 2821 3476 correpta
2859 3421 2916 3460 se
2950 3406 3189 3471 invadat,
3233 3423 3340 3475 qua
3381 3409 3536 3476 adju-

1975 3499 2110 3552 trice
2140 3497 2419 3552 victoriam
2455 3497 2526 3551 sit
2558 3505 2975 3550 consecuturus.
3024 3497 3092 3552 Ut
3121 3506 3300 3551 autent
3334 3498 3534 3552 inte“:-

1971 3600 2080 3663 gat,
2115 3605 2221 3643 non
2265 3604 2386 3643 esse
2425 3589 2541 3642 haec
2597 3597 2938 3656 praetextum,
2975 3604 3168 3659 lneque
3219 3591 3528 3657 speciosum

1974 3683 2250 3753 quoddam
2298 3683 2685 3745 velamentum,
2731 3683 2982 3746 protinus
3024 3684 3340 3746 missurum,
3369 3685 3462 3752 qui
3501 3703 3532 3738 c

1974 3774 2173 3827 finibus
2214 3773 2583 3826 Romanorum
2629 3786 2760 3826 suos
2801 3773 3064 3826 continuo
3092 3773 3350 3829 abducat.
3385 3776 3532 3830 Mox-

1969 3880 2079 3934 que
2117 3865 2293 3934 legato
2355 3863 2704 3932 imperatmis
2729 3877 2899 3931 equos
2939 3879 3004 3916 ex
3051 3865 3364 3919 cursoribus
3390 3883 3528 3936 quos

1970 3956 2149 4010 alebat
2179 3953 2450 4015 attribuit,
2471 3952 2670 4022 iubens
2693 3953 2968 4006 celeritate
3001 3969 3209 4007 summa
3246 3955 3350 4008 iter
3374 3956 3529 4024 prius

1969 4045 2262 4107 conficere,
2317 4060 2480 4113 quam
2527 4044 2820 4112 imperator
2875 4045 3134 4098 exercitui
3187 4061 3284 4098 suo
3325 4046 3529 4102 incern-

1972 4137 2241 4191 modaret.
2274 4136 2543 4190 Praeterea
2579 4149 2749 4187 unum
2779 4133 2847 4188 de
2879 4133 3240 4189 familiaribus
3262 4137 3529 4190 ministris

1971 4243 2094 4282 cum
2126 4227 2318 4280 eodem
2349 4226 2516 4280 mittit
2548 4226 2814 4280 ferentem
2861 4227 3092 4293 litteras,
3139 4229 3335 4296 quibus
3370 4230 3530 4300 18,3

1967 4319 2121 4374 lbani
2149 4317 2501 4389 praecipiebat
2533 4319 2610 4372 uti
2642 4319 2940 4374 exercitum
2977 4321 3263 4375 reduceret
3303 4331 3358 4375 et
3385 4323 3525 4377 alam

318 4409 416 4460 τῶν
447 4416 794 4481 τ,.εφομένων
827 4413 1184 4482 ταχυδρόμων
1213 4411 1342 4482 παρ’
1383 4410 1555 4480 αὐτῷ,
1599 4410 1863 4473 κελεύσας

1973 4410 2357 4474 ﬂammantem,
2388 4410 2531 4478 quod
2565 4409 2706 4478 apud
2738 4409 2935 4465 Mimos
2967 4411 3272 4468 velocitatis
3304 4413 3524 4484 signum

317 4497 388 4558 ὡς
429 4503 655 4570 τάχιστα
699 4501 890 4554 ἀνύειν
927 4501 1026 4572 τὴν
1062 4502 1181 4554 ὁδον
1209 4502 1340 4570 πρὶν
1386 4500 1569 4571 φθάσῃ
1603 4501 1862 4564 κακώσας

1968 4510 2052 4556 est
2081 4499 2215 4571 (21).
2263 4497 2557 4568 Postquam
2591 4499 2657 4552 ad
2689 4499 3072 4569 imperatorem
3104 4514 3394 4570 venerunt,
3431 4504 3525 4576 qui

1521 4636 1735 4697 Jacobi
1779 4637 2043 4700 Pontani
2078 4645 2262 4698 notae.
2327 4679 2330 4682 -

389 4761 488 4828 (l9)
520 4763 684 4830 Ἀγια
737 4764 794 4815 ἐν
849 4763 1066 4825 κόλποις
1118 4762 1294 4831 hujus
1328 4762 1470 4831 regis
1521 4777 1628 4815 non
1680 4773 1892 4831 erant,

321 4831 416 4882 ntsi
440 4845 744 4885 sanctorum
779 4833 1022 4900 reliquiae
1049 4830 1238 4900 procul
1269 4830 1460 4892 dubio,
1506 4839 1560 4883 et
1594 4832 1662 4884 iis
1692 4834 1854 4886 etiarn

320 4900 576 4954 crucicula
614 4917 778 4961 terea,
826 4904 1102 4954 miraculis
1134 4900 1442 4970 nobilitata.
1490 4900 1674 4970 Itaque
1705 4902 1858 4967 illud,

315 4972 397 5037 qui
448 4971 498 5021 in
545 4987 602 5022 eo
631 4979 844 5040 propter
892 4987 983 5023 nos
1013 4970 1242 5040 suﬂixus,
1283 4968 1630 5024 referendum
1677 4980 1762 5024 est
1788 4975 1854 5024 ad

310 5051 650 5109 prototypon.
682 5039 764 5093 Tu
811 5039 1222 5108 pietatem’nota
1250 5048 1492 5092 veterum
1521 5040 1859 5094 Christiano—

309 5125 448 5171 rum,
487 5111 650 5162 etiam
695 5111 1029 5177 principum,
1059 5109 1151 5177 qui
1191 5109 1258 5162 de
1287 5109 1428 5161 collo
1450 5110 1738 5177 gestabant
1769 5124 1859 5162 res

301 5178 614 5248 hujusmodi
672 5194 878 5241 sacras,
922 5180 1135 5245 sibique
1167 5180 1290 5248 inde
1319 5179 1543 5248 cmleste
1569 5180 1856 5248 auxilium,

298 5244 450 5301 ct'tn
494 5249 750 5315 periculis
801 5244 1058 5300 tutamen
1088 5247 1401 5316 sperabant.
1461 5244 1588 5300 Vide
1617 5247 1859 5302 Gretseri

294 5319 376 5370 De
404 5319 464 5370 S.
488 5319 675 5379 Cruce,
705 5325 837 5372 tom.
868 5317 908 5379 ι,
941 5318 1044 5369 lib.
1078 5315 1261 5385 t,’cap.
1300 5315 1365 5366 Π
1394 5324 1448 5368 et
1482 5331 1602 5384 cap.
1634 5318 1720 5369 60.

366 5391 485 5455 (20;
530 5386 828 5450 Ἐγκόλπια
874 5395 1048 5449 vocat,
1083 5401 1202 5454 qua:
1246 5394 1440 5452 prarter
1473 5386 1616 5437 illam
1644 5401 1863 5454 parvam

292 5473 526 5510 crucem
579 5457 714 5507 foris
766 5459 1000 5517 fortasse
1062 5472 1090 5507 a
1134 5455 1276 5507 collo
1329 5455 1641 5522 pendentia,
1691 5471 1866 5524 eaque

289 5541 434 5579 auro
465 5537 521 5578 et
546 5523 794 5590 gemmis‘
820 5525 1074 5594 insignia,
1120 5524 1343 5576 inclusis
1399 5535 1707 5578 sanctorum
1738 5523 1862 5579 reli-

286 5596 440 5664 quiis
471 5596 739 5664 gestabat.

366 5659 497 5734 (1')”
546 5663 776 5714 Videtur
829 5659 912 5713 ala
968 5663 1246 5731 proprium
1321 5662 1488 5716 fuisse
1556 5663 1860 5734 symbolum

624 5755 888 5814 ίἈτιιοι..
937 5762 1047 5812 Un.
1105 5750 1310 5810 CLIII.

1962 4779 2154 4838 eorum
2179 4763 2522 4838 nuntiorum,
2549 4780 2685 4836 quos
2719 4767 3089 4838 ταχυδρὸμους
3136 4771 3424 4833 vocabant,
3458 4789 3524 4829 eo

1967 4835 2151 4906 modo,
2176 4850 2284 4904 quo
2319 4835 2562 4906 notarios
2598 4851 2694 4888 seu
2739 4835 3246 4906 scribas'quosdam
3272 4844 3524 4897 nomina-

1967 4905 2099 4957 bant
2125 4905 2538 4973 ταχυγραφους,
2571 4909 2640 4959 ob
2673 4905 3012 4962 celeritatem
3033 4909 3331 4962 scribendi.
3384 4913 3522 4967 Hinc

1959 4975 2121 5044 etiam
2150 4981 2342 5044 statuat
2365 4975 2476 5025 τῶν
2508 4976 2862 5044 ταχυδρὸμων
2900 4985 3056 5030 erant
3099 4981 3396 5044 πτερωταὶ,
3425 4997 3519 5033 seu

1961 5043 2175 5116 Μαίας,-
2203 5043 2396 5116 quales
2469 5043 2789 5116 visebantur
2819 5046 2950 5098 olint
3023 5043 3520 5116 Constantinopoli,

1966 5120 2100 5164 teste
2137 5111 2346 5166 Codino
2382 5113 2434 5164 in
2462 5130 2556 5165 sua
2585 5114 3066 5182 Constantinopoli.
3087 5114 3180 5168 fol.
3209 5116 3297 5176 55,
3323 5111 3412 5170 ubi
3445 5111 3524 5171 ta;

1967 5196 2090 5232 tuen
2147 5183 2324 5253 Dousa
2350 5183 2546 5253 inepte
2589 5186 2754 5253 Vcrlit
2803 5185 3025 5253 στήλας,
3074 5185 3364 5249 columnas,
3399 5202 3521 5241 cum

1966 5250 2409 5324 fertettdum__sit,
2439 5261 2664 5306 statuas.
2693 5250 2942 5324 Mattavit
2973 5264 3160 5324 autem
3195 5268 3328 5307 mos
3358 5272 3524 5324 ταχυ-

1965 5319 2204 5391 δρόμους
2253 5321 2352 5372 alis
2400 5322 2702 5375 instruendi
2729 5324 2797 5374 ab
2832 5323 3053 5374 etltnico
3093 5321 3383 5389 Mercurio,
3427 5319 3519 5391 qui

1969 5400 2021 5440 et
2057 5390 2172 5456 ipse
2200 5391 2394 5449 alatus,
2419 5400 2672 5458 tauquam
2707 5391 2850 5444 celer
2881 5402 3127 5443 nuntius.
3175 5392 3241 5445 Et
3294 5390 3524 5449 ﬂammis

1971 5458 2073 5510 illa:
2099 5461 2257 5522 pictae
2288 5461 2508 5511 fuerunt
2536 5478 2548 5511 :
2579 5477 2701 5513 natu
2741 5470 2793 5512 ct
2826 5462 2962 5527 ignis
2996 5460 3296 5515 celeritatis
3336 5465 3524 5516 hiero-

1969 5529 2278 5603 giyplticum
2319 5536 2418 5603 est.
2457 5529 2532 5581 lta
2581 5529 2817 5603 Jacobus
2858 5530 3168 5603 Gretserus.
3193 5533 3297 5603 il’er
3333 5534 3524 5603 hujus-

1971 5597 2113 5649 modi
2136 5597 2272 5668 alam
2299 5597 2578 5650 ardentem
2626 5609 2680 5652 et
2719 5599 2938 5668 pictam,
2971 5615 3132 5668 quant
3160 5602 3307 5656 Moesi
3341 5597 3524 5658 trade-

1971 5678 2091 5718 rent
2126 5667 2347 5730 nuntiis,
2398 5683 2534 5735 quos
2569 5667 2850 5722 ambulare
2879 5667 3040 5738 quaitt
3092 5674 3378 5727 celerrime
3411 5677 3528 5730 vcl-

3141 5765 3211 5825 15
