4010 6190
259 317 350 380 413
1396 319 1842 378 HISTORIARI

1906 317 1943 378 ιι
1990 318 2222 380 LIBER
2263 320 2345 380 ΙΙ.
3384 315 3489 376 414

259 423 298 482 ὦ
345 426 714 496 Καδαλλάριε,
741 423 912 494 εἶπε,
960 429 1200 483 τοσαῦτα
1247 429 1484 501 ὕδρικας
1543 433 1634 484 καὶ
1678 433 1814 501 πρὸς

1945 433 2128 487 piatum
2158 439 2216 486 ut
2251 447 2312 487 se
2343 430 2586 501 colligat,
2623 439 2679 484 et
2723 426 2888 484 dictis
2931 435 3169 482 mentem
3210 427 3487 488 adhibeat,
3525 426 3528 430 ’

257 518 536 589 παρόντα;
600 515 669 588 ἦν
712 519 819 589 γὰρ
865 522 929 573 ἄν
962 537 1047 582 τις
1078 521 1214 591 πρὸς
1257 522 1466 576 ἀπόντα
1511 525 1814 592 γινομένων

1919 523 2194 589 hortatur,
2221 532 2278 578 et
2310 523 2391 576 sic
2419 537 2546 576 eum
2570 520 2910 590 alloquitur:
2943 518 3101 585 Quod
3154 520 3384 587 pavitas,
3435 527 3491 571 et

257 611 353 662 τῶν
382 609 590 679 ὓδρεων
625 611 944 680 συγγνώμη.
963 611 1022 664 ’0
1048 613 1127 676 δὲ,
1159 613 1265 665 ὑπὸ
1291 613 1392 681 τῆς
1425 613 1517 665 τοῦ
1550 611 1815 682 βασιλέως

1917 609 2127 671 tremis,
2159 609 2591 678 gravissimaque
2619 615 2894 662 tormenta
2918 616 3224 676 exspectas,
3261 605 3489 674 id'quod

257 706 428 772 φωνῆς
456 701 851 769 καταπλαγεὶς,
890 705 970 760 είς
1022 706 1132 773 γῆν
1163 721 1223 756 τε
1283 708 1591 758 κατέπεσεν
1624 705 1811 780 εὐθὺς.

1914 716 2130 771 ιιιψιυιῐι
2171 712 2226 756 et
2260 711 2330 770 ,ιε
2375 703 2600 773 dignum
2648 709 2753 769 est,
2801 702 2974 766 facis;
3029 701 3218 756 multis
3257 715 3491 768 namque

257 796 338 847 καὶ
370 796 431 863 τῇ
466 795 537 861 γῇ
569 793 667 863 τὴν
695 793 942 862 κεφαλὴν
971 797 1403 866 προσαράσσων,
1450 797 1814 867 προσδόκιμος

1914 793 2252 848 cruciatibus
2285 795 2483 848 luenda
2509 794 2918 864 exprompsisti.
2940 793 3053 864 Ego
3075 808 3205 846 vero
3234 793 3334 860 ipsi
3352 792 3491 854 mihi

256 883 315 957 ἦν
353 887 444 939 καὶ
487 887 588 955 τὴν
627 886 812 967 ,ψυχὴν
861 888 1088 954 ἀφεῖναι
1140 889 1246 941 ὑπὸ
1279 887 1460 951 δέους.
1498 889 1668 942 Πάλιν
1699 889 1755 942 δὲ
1787 891 1814 941 ὁ

1956 886 2216 940 nullorum
2258 886 2522 941 adversus
2549 887 2930 940 universorum
2963 884 3276 946 Dominum.
3313 885 3484 954 impe-

262 978 496 1049 βασιλεὺς
524 979 761 1046 σιγήσας
798 977 886 1046 ἐφ’
919 979 1130 1047 ίκανδν,
1164 980 1256 1032 τὸν
1305 981 1534 1051 Μάρκον
1563 981 1815 1034 ἐκέλευεν

1916 986 2266 1048 ratoremque
2304 977 2667 1032 admissorum
2706 978 2964 1031 conscius
2990 1018 3004 1041 ,
3041 977 3194 1046 illum
3236 977 3453 1031 veniam
3479 1018 3492 1040 ,

261 1071 560 1138 ἀναστῆναι.
581 1070 640 1121 Ὀ
674 1069 754 1133 δὲ,
781 1071 893 1123 εἴτε
911 1071 1007 1122 καὶ
1029 1071 1138 1122 τῶν
1163 1072 1478 1142 λεγομένων
1499 1075 1600 1126 οὐκ
1625 1075 1815 1128 αισθα-

1937 1069 2381 1136 ιιιοιιιιιόιιιοόιιιιι
2419 1077 2477 1121 ιιι
2502 1083 2648 1122 nunc
2680 1084 2765 1122 me
2801 1069 3064 1138 rogitans,
3102 1083 3165 1122 ac
3192 1077 3345 1124 tanto
3377 1063 3520 1136 qui-'

262 1167 488 1233 νόμενος,
548 1166 660 1217 εἴτε
721 1164 818 1216 καὶ
859 1164 934 1234 μὴ
994 1165 1297 1234 δυνάμενος
1337 1156 1668 1239 ἀναστῆναι,
1711 1169 1815 1220 ὑπὸ

1916 1164 2042 1217 dem
2070 1162 2359 1230 majorem,
2384 1168 2591 1228 quanto
2624 1160 2798 1228 magis
2825 1159 3054 1228 deliqui,
3087 1174 3212 1226 ego,
3245 1162 3495 1243 inquam,

262 1256 342 1308 τοῦ
370 1256 518 1316 δέους
575 1255 847 1320 ἐκλυθεὶς,
907 1258 974 1325 τῇ
1009 1259 1080 1326 γῇ
1115 1259 1617 1326 προσεκυλινδεῖτο,
1680 1259 1816 1331 μήθ’

1916 1255 2010 1324 qui
2040 1267 2150 1306 non
2181 1265 2506 1305 conservum
2531 1251 2609 1304 uti
2642 1260 2722 1314 tu,
2752 1251 2846 1305 sed
2871 1265 2998 1305 eum
3026 1251 3120 1321 qui
3149 1246 3295 1304 me'e
3325 1251 3497 1304 nihilo

263 1349 388 1418 ὁρῶν
414 1350 550 1416 μήτε
578 1347 952 1417 φθεγγόμενος
982 1349 1172 1418 μηδέν’
1200 1349 1454 1419 βασιλεὺς
1482 1353 1527 1403 δ’
1549 1355 1814 1421 ἐσήμαινε

1917 1343 2190 1406 condidit,
2214 1341 2446 1404 offendi,
2472 1350 2528 1394 et
2559 1341 2692 1394 mihi
2719 1356 2940 1408 quoque
2967 1351 3028 1394 ut
3064 1340 3379 1410 ignoscatur
3401 1341 3498 1394 ob-

265 1443 325 1509 τῇ
379 1439 512 1508 χειρὶ
563 1441 693 1502 τοὺς
747 1442 1083 1509 κατέχοντας
1125 1442 1392 1512 ἀνιστᾷν.
1470 1443 1691 1514 Ἐπειδὴ
1757 1445 1814 1497 δὲ

1919 1449 2102 1502 secro,
2127 1443 2218 1487 tua
2256 1433 2355 1487 tibi
2395 1441 2612 1502 peccata
2664 1431 2942 1496 condono,
2983 1439 3039 1484 et
3079 1433 3324 1499 ignosco.
3356 1431 3499 1486 Dua-

269 1532 473 1598 ἀνέστη,
506 1530 918 1599 ἐπανέρχεσθαί
970 1547 1032 1582 τε
1064 1532 1319 1584 ἐκέλευεν
1354 1535 1435 1595 εἰς
1469 1535 1685 1598 ἑαυτὸν,
1722 1534 1817 1588 καλ⁸

1921 1526 2027 1582 bus
2059 1539 2224 1596 porro
2247 1526 2313 1580 de
2345 1524 2524 1578 causis
2549 1522 2920 1592 conquisitum
2967 1523 3075 1577 huc
3097 1523 3293 1577 adduci
3325 1524 3499 1577 maxi-

270 1623 537 1690 προσέχειν
569 1625 683 1682 τοῖς
736 1622 1082 1691 λεγομένοις.
1133 1619 1272 1676 Εἰπέ
1324 1637 1383 1675 τι
1421 1625 1559 1694 πρὸς
1590 1614 1818 1679 αύτδνίδ

1920 1631 2144 1688 mopere
2167 1609 2457 1686 concupivi
2489 1633 2503 1669 :
2539 1630 2670 1680 una,
2702 1624 2761 1670 ut
2792 1615 2968 1668 multo
2993 1624 3088 1669 tuo
3121 1615 3376 1684 exemplo
3399 1614 3500 1668 lin-

273 1713 500 1782 βασιλεύς
527 1729 542 1744 ⁸
571 1715 648 1766 Τὸ
701 1714 802 1783 μὲν
848 1715 1150 1768 δεδοικέναι
1194 1717 1289 1767 καὶ
1338 1716 1588 1788 τρέμειν,
1624 1719 1718 1770 καὶ
1749 1718 1818 1771 τά
1855 1762 1856 1778 χ

1924 1724 2043 1776 gum
2088 1711 2365 1778 imperare
2393 1707 2704 1769 discerent,
2751 1722 2853 1762 nec
2891 1705 3051 1760 facile
3106 1705 3173 1759 ad
3216 1706 3416 1776 probra
3444 1720 3502 1759 se

272 1806 526 1858 δεινότατα
558 1805 848 1859 πείσεσθαι
881 1805 1213 1876 προσδοκᾷν,
1241 1806 1452 1859 δίκαιόν
1478 1823 1539 1859 τε
1560 1807 1695 1877 ὁμοῦ
1728 1811 1822 1862 καὶ

1926 1800 2298 1863 οσυηόοτοιιι,
2333 1800 2495 1868 idque
2526 1807 2722 1853 contra
2771 1797 3090 1866 superiores
3111 1839 3126 1859 ,
3155 1811 3293 1866 quos
3324 1799 3502 1851 colere

277 1898 349 1948 col
381 1896 676 1969 προσῆκον.
735 1897 898 1960 Ἀξια
930 1898 1039 1966 γὰρ
1072 1897 1326 1965 ἐφθέγξω
1370 1898 1583 1951 πολλῶν
1635 1917 1822 1970 τιμω-

1926 1903 1989 1946 ac
2015 1891 2270 1945 venerari
2332 1890 2578 1956 debent;
2613 1901 2670 1944 et
2721 1890 2866 1958 quod
2898 1904 2926 1942 a
2967 1888 3207 1957 quodam
3258 1888 3503 1956 sapiente

281 1989 412 2056 ριῶν.
456 1988 596 2055 Ἐγὼ
647 1988 707 2041 δὲ
741 1987 966 2057 ἐμαυτῷ
1004 1989 1182 2041 πολλά
1236 1990 1498 2052 συνειδὼς
1533 1989 1670 2060 πρὸς
1725 1992 1819 2043 τὸν

1928 1983 2189 2053 praeclare
2218 1982 2426 2035 dictum
2467 1990 2570 2047 est,
2601 1989 2862 2051 praestare
2892 1982 2960 2033 ab
2985 1980 3118 2041 alto,
3148 1993 3311 2048 quam
3347 1993 3376 2031 a
3399 1979 3505 2032 liu-

279 2081 510 2134 ἁπάντων
545 2080 761 2148 Κύριον
788 2080 883 2132 καὶ
915 2079 1142 2148 βασιλέα
1165 2079 1554 2151 ἡμαρτημένα,
1585 2082 1680 2134 καὶ
1709 2081 1824 2135 δεό-

1928 2091 2030 2147 gua
2067 2075 2283 2140 cadere,
2311 2076 2489 2144 reipsa
2519 2074 2876 2136 docerentur,
2911 2073 3210 2136 intuentes,
3254 2071 3308 2124 in
3342 2070 3504 2139 quale

282 2189 422 2240 μενος
473 2173 830 2242 συγγνώμης,
871 2171 1065 2243 ὥσπερ
1099 2174 1196 2226 καὶ
1231 2175 1296 2227 σὺ
1341 2174 1461 2240 νῦν,
1500 2173 1705 2244 μάλλον
1767 2174 1825 2228 δέ

1931 2169 2247 2221 barathrum
2269 2177 2322 2221 tu
2342 2182 2407 2221 ex
2428 2164 2850 2233 intemperantia
2866 2163 3064 2229 linguae
3082 2161 3503 2231 prmeipitasses;

280 2271 360 2316 xu".
383 2264 620 2324 πλείονος
649 2264 850 2335 πολλῷ,
879 2265 988 2335 ὅσῳ
1009 2267 1104 2318 καὶ
1134 2265 1204 2319 τὰ
1227 2267 1604 2337 ἡμαρτημένα
1635 2267 1823 2338 χείρω,

1928 2257 2122 2316 altera,
2151 2263 2212 2310 ut
2237 2266 2288 2310 te
2314 2269 2413 2325 per
2443 2268 2661 2308 omnem
2701 2252 2868 2305 vitam
2911 2252 3107 2305 timore
3143 2251 3506 2319 periculoque

279 2359 360 2409 καὶ
387 2359 442 2410 ού
478 2359 616 2428 πρὸς
650 2356 961 2422 σύνδουλον,
1009 2357 1200 2427 ὥσπερ
1239 2361 1324 2425 σὺ,
1365 2357 1481 2412 ἀλλ’
1517 2362 1596 2424 είς
1637 2359 1726 2412 τὸν
1763 2360 1828 2411 έκ

1929 2348 2264 2412 liberarem;
2303 2347 2506 2402 etenim
2558 2344 2666 2399 nisi
2704 2342 2870 2397 modo
2901 2343 3007 2396 hue
3036 2349 3362 2410 pertractus,
3414 2355 3507 2394 ve-

284 2450 350 2521 μὴ
366 2451 529 2503 ὄντων
565 2450 970 2520 παραγαγόντα
1003 2450 1500 2520 προσκεκρουκὼς,
1560 2451 1656 2503 καὶ⁵
1709 2450 1828 2502 δεό-

1931 2440 2076 2494 niam
2105 2449 2159 2494 et
2186 2451 2379 2508 pacem
2411 2451 2561 2492 esses
2591 2443 2949 2499 consecutus,
2982 2434 3080 2489 tibi
3116 2441 3384 2504 perpetuo
3411 2448 3505 2503 ge-

287 2559 426 2613 μενος
456 2543 548 2595 καὶ
606 2539 774 2604 αὐτὸς
805 2538 986 2608 ἐλέου,
1013 2541 1224 2611 ἀφίημί
1272 2557 1333 2594 τε
1366 2543 1433 2594 τὰ
1465 2542 1830 2612 ἡμαρτημένα

1931 2535 2125 2600 menti,
2157 2532 2522 2601 trementique
2552 2545 2718 2601 super
2760 2539 2988 2593 terram,
3037 2538 3092 2583 et
3125 2544 3153 2582 a
3182 2527 3377 2596 quovis
3413 2526 3508 2580 ob-

286 2652 376 2698 σοι,
402 2634 492 2687 καὶ
524 2634 863 2703 συγγνώμην
905 2633 1156 2704 παρέχω.
1207 2635 1364 2685 Δυοῖν
1394 2635 1452 2686 δὲ
1486 2633 1653 2686 ἓνεκα
1681 2633 1741 2685 τὸ
1769 2635 1828 2686 σέ

1931 2627 2022 2680 vio
2055 2626 2225 2680 ictum
2258 2621 2570 2677 lethil'erum
2615 2621 2902 2684 metuenti,
2959 2620 3129 2674 nihilo
3165 2619 3509 2673 tolerabilior

285 2745 336 2780 τι
389 2730 561 2796 εὑρεῖν
599 2729 695 2781 καὶ
751 2726 940 2781 ἐνθάδε
997 2726 1235 2793 ἀγαγεῖν
1289 2726 1641 2794 ἐποιησάμην
1699 2727 1828 2794 περὶ

1933 2717 2066 2780 vita,
2101 2728 2269 2783 quam
2297 2713 2404 2782 ipsi
2437 2711 2611 2767 Caino
2642 2711 2860 2764 fuisset.
2900 2709 3060 2764 Nunc
3087 2710 3243 2762 venia
3275 2709 3511 2763 donatus

290 2821 514 2874 πλείστου
543 2837 556 2851 ·
590 2820 712 2882 ἑνὸς
743 2819 865 2888 μὲν,
900 2818 968 2870 ἶν’
991 2819 1058 2888 ea;
1085 2819 1198 2869 τῶν
1217 2819 1521 2887 γινομένων
1558 2817 1830 2870 οίπολλοὶ

1929 2805 2172 2878 jucunde
2203 2816 2509 2872 secureque
2539 2815 2715 2855 annos
2748 2801 3024 2863 traduces,
3053 2815 3176 2852 cum
3208 2813 3370 2851 nemo
3398 2814 3512 2850 au:-

288 2909 674 2982 σωφρονισθῶσι
701 2885 775 2980 μη
795 2885 1059 2980 ἀκρατεῖς
1086 2901 1230 2962 εἶναι
1262 2885 1392 2979 περὶ
1424 2909 1525 2980 τὴν
1557 2909 1828 2977 γλῶτταν,

1933 2898 2076 2968 plius
2103 2909 2292 2966 ptenas
2336 2893 2390 2947 in
2442 2908 2528 2947 me
2560 2892 2982 2946 commissorum
3030 2889 3128 2943 abs
3160 2899 3211 2944 te
3260 2898 3511 2956 repetere

289 2981 404 3076 μηδέ
452 3003 652 3076 ῥᾳδίως
686 3002 1024 3072 ἐκφέρεσθαι
1085 3002 1226 3073 πρὸς
1265 3001 1473 3071 ὓδρεις,
1509 3004 1602 3055 καὶ
1632 3002 1828 3068 ταῦτα,

1933 2989 2126 3059 possit.
2161 2986 2436 3042 Hactenus
2473 2986 2658 3040 Marco
2695 2985 3016 3053 imperator.
3074 2981 3177 3048 Qui
3217 2991 3512 3051 praesentes

452 3073 825 3166 ὑπερέχοντας
873 3096 970 3148 καὶ
1024 3095 1194 3164 τιμῆς
1248 3093 1442 3158 ἀξίους
1489 3097 1781 3164 γινομένας
1809 3087 1869 3133 ⁶⁴

1938 3080 2188 3142 aderant,
2230 3092 2354 3134 cum
2386 3090 2445 3131 se
2490 3089 2692 3129 novum
2720 3073 3017 3144 quoddam,
3059 3083 3114 3128 et
3154 3073 3509 3143 peregrinum

287 3192 368 3243 καὶ
389 3190 448 3244 τδ
475 3193 734 3259 κρεῖσσον
764 3187 872 3243 ἀπὸ
903 3187 1075 3256 ὕψους
1103 3187 1136 3258 ἢ
1174 3187 1282 3240 ἀπὸ
1334 3187 1589 3255 γλώσσης
1624 3190 1832 3255 πεσεῖν,

1941 3198 2117 3254 genus
2165 3181 2360 3236 mortis
2413 3179 2631 3234 visuros
2663 3177 2979 3240 crederent,
3031 3177 3281 3231 viderent
3327 3185 3511 3229 autem

286 3285 376 3336 ὑπὸ
404 3283 510 3337 τῶν
551 3283 732 3351 σοφῶν
765 3297 910 3342 τινος
953 3280 1138 3341 καλῶς
1194 3281 1482 3350 εἰρημένον
1513 3279 1662 3352 ἔργῳ
1687 3281 1834 3335 δ.δα-

1943 3283 2142 3345 praeter
2198 3272 2518 3342 Opinionem
2585 3269 3018 3324 misericordiam
3078 3268 3262 3321 Marco
3321 3265 3513 3330 tribui,

287 3377 485 3446 χθῶσιν,
534 3377 772 3446 δρῶντες
827 3377 906 3438 είς
959 3372 1074 3428 οἷον
1107 3375 1389 3446 βάραθρον
1449 3374 1507 3442 ἐξ
1564 3377 1837 3446 ἀκρασίας

1942 3384 2180 3441 eumque
2218 3370 2465 3435 absolvi,
2504 3376 2560 3424 et
2591 3367 2976 3436 imperatorem
3025 3365 3090 3418 de
3121 3370 3260 3418 istac
3302 3379 3518 3435 sympa-

292 3469 708 3540 περιπέπτωκας
743 3467 926 3530 αὐτός.
980 3467 1242 3538 Δεύτερον
1274 3468 1351 3535 δὲ,
1386 3467 1482 3522 τού
1518 3486 1577 3521 σε
1611 3469 1698 3523 διὰ
1724 3463 1838 3540 βίου

1947 3464 2060 3518 thia
2111 3462 2552 3524 admirabantur,
2587 3469 2657 3514 ,ει
2686 3457 2868 3510 Marco
2898 3457 3132 3510 salutem
3171 3454 3518 3524 gratulaban-

287 3563 448 3629 φόϐων
480 3563 575 3615 καὶ
615 3562 882 3615 κινδύνων
938 3562 1346 3632 ἀπαλλαγῆναι.
1378 3563 1442 3615 Ei
1474 3563 1582 3635 γὰρ
1635 3563 1709 3635 μὴ
1741 3563 1837 3617 νῦν

1943 3565 2052 3609 tur.
2085 3551 2335 3622 Cumque
2382 3550 2584 3621 singuli
2635 3549 2690 3603 in
2724 3563 2790 3602 eo
2819 3547 3148 3601 beneﬁcium
3212 3545 3316 3597 sibi
3364 3559 3517 3598 acce-

287 3654 456 3707 ὲνθάδε
513 3655 700 3724 ἀχθεὶς
754 3651 1053 3724 ἐτύγχανες
1101 3653 1460 3724 συγγνώμης,
1516 3655 1637 3708 κατ’
1684 3657 1836 3710 οὐδὲν

1941 3649 2086 3718 pisse
2148 3647 2490 3707 viderentur,
2534 3641 2916 3698 exclamabant
2953 3658 2967 3695 :
3003 3639 3152 3703 Tibi,
3191 3638 3514 3708 imperator,

285 3746 618 3816 ἀνεκτότερον
673 3747 740 3798 ἂν
798 3746 926 3810 ἔζης
959 3745 1056 3798 τοῦ
1096 3747 1240 3799 Κάῖν
1294 3745 1435 3816 βίον,
1478 3747 1686 3801 στένων
1741 3750 1837 3800 καὶ

1937 3739 2105 3791 Deum
2134 3747 2344 3806 patrem
2386 3733 2661 3803 appellare
2697 3731 2984 3795 convenit,
3025 3739 3079 3784 et
3133 3728 3204 3783 ab
3249 3744 3314 3782 eo
3343 3728 3517 3780 libere

289 3838 488 3907 τρέμων
523 3841 618 3890 ἐπὶ
658 3837 758 3906 τῆς
793 3841 918 3908 γῆς,
949 3837 1043 3892 καὶ
1096 3837 1251 3908 παρὰ
1284 3839 1485 3900 παντὸς
1522 3838 1618 3890 τοῦ
1668 3855 1837 3907 προσ⁴

1937 3837 2293 3900 peccatorum
2347 3824 2566 3879 veniam
2606 3838 2856 3894 poscere,
2896 3822 2989 3892 qui
3024 3819 3259 3876 debitori
3293 3818 3515 3872 tuo'de-

289 3905 522 3996 τυχόντος
550 3905 815 4000 οίόμενος
834 3905 1033 3983 αὐτίκα
1069 3905 1415 3982 ἀπολεῖσθαι.
1448 3929 1586 3983 Νυνὶ
1611 3920 1667 3981 δὲ
1701 3905 1836 3997 συγ-

1934 3929 2048 3983 bita
2081 3905 2365 3981 dimisisti.
2399 3923 2496 3978 llis
2521 3939 2586 3978 ac
2612 3921 2892 3978 similibus
2930 3922 3174 3995 jactatis,
3203 3926 3516 3975 conventus

291 4017 493 4090 γνώμης
519 4024 723 4092 τυχὼν,
760 4019 930 4090 ἡδέως
987 4020 1231 4090 βιώσεις,
1261 4022 1355 4073 καὶ
1388 4018 1582 4083 ἀδεῶς,
1621 4020 1835 4080 οὐδενὸς

1433 4018 1582 4083 Βεῶς,
1621 4020 1835 4080 οὐδενὸς
1934 4037 2059 4076 cum
2093 4027 2318 4089 stupore
2349 4027 2403 4072 et
2438 4016 2638 4086 gaudio
2671 4018 2883 4072 solutus
2913 4025 3016 4071 est.

291 4113 359 4165 ἐτι
385 4114 684 4184 δυναμένου
717 4114 825 4166 τῶν
879 4115 957 4175 είς
1010 4113 1111 4182 ἐμὲ
1169 4111 1578 4182 ἡμαρτημένων
1611 4111 1843 4176 εὐθύνας
1883 4115 2158 4167 ἀπαιτεῖν.
2223 4110 2467 4164 Τοιαῦτα
2547 4111 2648 4180 μὲν
2701 4109 2729 4161 ὁ
2802 4108 3056 4180 βασιλεὺς
3102 4106 3237 4177 πρὸς
3291 4104 3519 4174 Μάρκον

291 4201 448 4259 εἶπεν.
488 4210 550 4259 Οί
587 4207 856 4276 παρόντες
883 4206 959 4269 δὲ,
993 4203 1280 4257 ἀλλόκοτον
1318 4204 1418 4274 μέν
1479 4222 1602 4257 τινα
1666 4205 1898 4274 ὄψεσθαι
1940 4205 2086 4258 ίδέαν
2117 4189 2346 4258 θάνάτου
2394 4203 2828 4274 προσδοκῶντες,
2865 4203 3057 4255 ἔπειτα
3083 4199 3341 4268 ἐξαίφνης
3368 4197 3518 4265 παρὰ

292 4294 430 4359 δόξαν
459 4302 548 4350 τὸν
576 4300 656 4361 εἰς
687 4299 780 4350 τὸν
836 4298 1061 4367 Μάρκον
1087 4296 1182 4349 τοῦ
1231 4295 1496 4365 βασιλέως
1527 4296 1699 4364 ἔλεον,
1732 4299 1828 4351 καὶ
1867 4299 1966 4370 τὴν
1996 4298 2282 4362 σώζουσαν
2310 4296 2492 4367 ψῆφον
2559 4295 2763 4357 ἰδόντες
2835 4292 3301 4362 ἐξενηνεγμένην,
3353 4285 3519 4339 ἐθαύ-

297 4391 446 4458 μαζόν
514 4411 575 4446 τε
627 4395 726 4463 τῆς
785 4391 1134 4462 συμπαθείας
1199 4393 1289 4444 τὸν
1344 4391 1595 4461 βασιλέα,
1653 4393 1749 4446 καὶ
1795 4394 1874 4466 τῷ
1953 4395 2167 4466 Μάρκῳ
2234 4394 2560 4463 συνέχαιρον
2619 4389 2717 4459 τῆς
2794 4387 3094 4457 σωτηρίας,
3155 4385 3250 4440 καὶ
3304 4381 3519 4436 οἰκείαν

293 4483 504 4549 ἕκαστος
567 4487 810 4548 όίόμενοι
861 4487 960 4557 τὴν
1003 4487 1349 4556 εὐεργεσίαν,
1405 4487 1496 4540 Σοὶ
1531 4484 1834 4558 προσήκειν
1872 4490 2080 4557 ἔλεγον,
2139 4487 2388 4559 βασιλεῦ,
2421 4485 2637 4556 πατέρα
2667 4482 2914 4554 τὸν-Θεὸν
2981 4479 3386 4539 ἐπικαλεῖσθαι,
3424 4476 3520 4529 καὶ

297 4578 416 4639 μετά
446 4579 759 4650 παρρησίας
792 4578 900 4633 τῶν
925 4578 1341 4649 ἡμαρτημένων
1403 4577 1503 4650 τὴν
1569 4581 1906 4655 συγγνώμην
1945 4583 2143 4646 αἰτεῖν,
2197 4582 2274 4644 ὡς
2307 4581 2526 4651 ἀφιέντι
2559 4578 2637 4649 τῷ
2695 4575 3172 4648 προσκεκρουκότι
3201 4576 3270 4626 τα
3307 4573 3521 4643 ὀφειλό-

295 4685 436 4735 μενα.
472 4673 688 4725 Τούτων
735 4672 832 4724 καί
853 4689 1017 4725 τινων
1067 4673 1274 4743 ἐτέρων
1329 4671 1592 4740 τοιούτων
1633 4675 1735 4728 ὑπὸ
1775 4675 1869 4729 τοῦ
1911 4676 2153 4748 πλήθους
2214 4675 2525 4747 εἰρημένων
2558 4671 2946 4742 σὺνέκτιλήξει
2991 4670 3086 4724 καὶ
3114 4670 3305 4740 χαρᾷό
3335 4667 3521 4729 σύλλοτ

291 4780 373 4830 γος
397 4765 636 4838 διελύθη.

1630 4865 1788 4956 195
1829 4860 2057 4943 CAPUT
2091 4886 2157 4940 ιι.

289 4981 492 5052 Magnus
526 4985 840 5038 domesticus
871 4983 942 5036 ad
977 4985 1342 5052 patrmrclmm
1371 4985 1622 5054 episcopis
1662 4983 2109 5037 reconciliandam
2134 4984 2358 5054 missus,
2379 4981 2512 5054 nihil
2527 4984 2804 5050 agit:dies
2828 4984 3021 5046 iudicio
3044 4981 3416 5054 praestituitur.
3447 4978 3522 5032 De

349 5051 514 5124 mente
543 5055 816 5107 domestici
847 5053 1066 5122 quwstio
1087 5056 1225 5124 inter
1255 5051 1552 5124 episcopos.
1574 5052 1680 5106 Pro
1711 5055 1815 5124 reis
1853 5056 1963 5123 ipse
2004 5053 2300 5106 orationem
2343 5053 2496 5106 habet
2543 5055 2982 5122 deprecatoriam,
3039 5060 3087 5104 et
3127 5051 3521 5124 partriurchant

347 5122 788 5192 ﬂectit.Absoluti
842 5119 1047 5192 gratias
1102 5119 1668 5195 imperatori'agunt,
1725 5121 1815 5193 qui
1870 5119 2064 5176 amicos
2119 5125 2404 5190 separatim
2469 5119 2866 5188 renuineratus,
2928 5119 3272 5174 communiter
3323 5119 3523 5173 civitati

345 5195 614 5263 benefacit.
2091 5255 2127 5292 ε

346 5314 603 5376 Βισιλεὺς
624 5313 679 5366 δὲ
705 5314 763 5366 τὸ
788 5313 882 5366 καὶ
905 5315 1030 5377 τοὺς
1052 5313 1128 5384 τῷ
1149 5316 1458 5382 πατριάρχῃ
1478 5328 1848 5383 προσκεκρου-
1881 5322 1922 5375 ι)

2020 5309 2292 5365 Caeterum
2327 5309 2624 5378 imperator
2673 5307 2954 5377 indignum
2999 5313 3185 5368 ratus,
3220 5320 3325 5357 non
3359 5301 3526 5357 etiam

286 5407 437 5472 κότας
451 5407 746 5477 ἀρχιερέας
773 5406 847 5476 μὴ
870 5409 1053 5476 τυχεῖν
1067 5401 1396 5473 συγγνώμης
1419 5402 1717 5472 ἡγούμενος
1738 5402 1838 5455 οὐκ

1944 5416 1974 5454 a
2007 5399 2316 5469 patriarcha
2367 5399 2572 5470 ignosci
2605 5397 2945 5468 episcopis,a
2976 5394 3177 5464 quibus
3204 5405 3321 5448 erat
3345 5394 3522 5448 offen-

285 5499 520 5565 ἀνεκτὸν,
569 5503 666 5551 τὸν
715 5499 889 5568 μέγαν
937 5498 1254 5566 δομέστικον
1305 5495 1516 5564 έπεμψε
1563 5497 1703 5564 ,πρὸς
1750 5496 1840 5546 τὸν

2035 5509 2065 5558 ι,
2124 5507 2379 5565 magnum
2434 5488 2791 5547 domesticum
2828 5487 3020 5552 mittil,
3071 5487 3166 5556 qui
3224 5488 3371 5541 velut
3419 5502 3522 5542 suo
3614 5559 3618 5562 _

285 5584 1027 5664 πατριάρχηνδιαλεξόμενον
1055 5589 1154 5653 μὲν
1185 5588 1353 5658 αὐτῷ,
1374 5588 1468 5640 καὶ
1491 5585 1564 5649 ώς
1586 5587 1644 5650 ἐξ
1676 5586 1842 5639 αὑτοῦ

1951 5585 2174 5640 namine
2203 5598 2329 5637 cum
2367 5596 2432 5635 eo
2462 5580 2529 5634 de
2562 5577 3012 5632 reconciliatione
3042 5586 3270 5647 ageret;
3326 5591 3390 5631 ac
3425 5590 3523 5646 per

286 5683 416 5736 ὐπέο
455 5684 556 5752 τῆς
598 5685 735 5751 πρὸς
764 5682 889 5746 τοὺς
926 5680 1219 5750 ἀρχιερέας
1248 5679 1580 5748 διαλλαγῆς,
1620 5679 1716 5732 καὶ
1753 5678 1842 5758 ἀφ’

1952 5693 2032 5743 se,
2067 5683 2331 5744 quantum
2367 5672 2482 5728 ﬁeri
2532 5679 2736 5740 posset,
2789 5671 2907 5735 paci
2973 5671 3258 5737 iungenda:
3295 5683 3522 5756 ogcraln
