4010 6190
271 301 350 365 έῖ7
956 325 958 327 ·
1225 305 1234 310 ’
1383 311 1807 373 HISTORIA“

1904 315 1933 373 ιῙ
1978 317 2211 378 LIBER
2252 320 2331 381 II.

3378 333 3484 400 “8

272 415 458 472 σύνοδον
488 415 594 468 ἔδει
628 411 794 483 εἶναι,
821 419 871 471 oi
914 419 1013 489 μὲν
1046 422 1105 473 ὲν
1147 425 1532 494 πατριαρχείῳ
1559 425 1807 496 παρῆσαν

1917 427 2208 498 episcopos
2240 447 2527 501 accusare,
2561 438 2706 507 quod
2744 440 3038 499 immerens
3089 444 3158 500 dc
3192 445 3391 504 throno
3416 453 3482 506 ah

271 509 457 569 πάντες.
519 507 578 558 '0
613 507 792 575 μέγας
821 509 876 562 δὲ
926 511 1252 580 δομέστικος
1297 516 1422 578 τοὺς
1473 516 1812 580 ὑπευθύνους

269 597 350 650 τῶν
373 597 672 667 ἀρχιερέων
705 599 1062 669 παραλαϐὼν,
1095 604 1191 656 καὶ
1221 606 1600 674 παραγγείλας
1623 609 1811 670 αὐτοῖς

272 690 469 758 σιωπᾷν.
499 691 597 741 καὶ
629 677 968 760 φθέγγεσθαι
1006 695 1177 764 μηδὲν
1203 696 1279 760 ὼς
1311 698 1452 765 ὑπὲρ
1499 699 1678 753 αὐτῶν
1711 702 1811 752 αὑ-

270 780 340 832 τοῦ
377 782 492 842 τοὺς
521 781 720 848 λόγους
773 789 1164 857 ποιησομένου,
1214 785 1359 859 ἦλθε
1386 791 1483 844 σὺν
1524 793 1706 857 αὐτοῖς
1736 796 1811 860 ὡς

225 863 228 866 ’
271 872 378 939 ὑπὲρ
407 867 480 926 ὧν
515 860 871 930 ἐνεκαλοῦντο
913 880 1428 950 ἀπολογησόμενος.
1495 884 1722 939 Πάντων
1751 887 1808 940 δὲ

269 964 537 1031 γενομένων
562 966 620 1017 ἐν
643 967 846 1036 ταύτῷ,
880 971 1008 1030 τοὺς
1036 972 1472 1042 ἐγκαλουμένους
1513 976 1805 1046 ἀρχιερέας

269 1054 632 1125 ὀπατριάρχης
664 1057 858 1126 ῂτιᾶτο
886 1061 1024 1128 ὑπὲρ
1050 1060 1146 1113 τοῦ
1193 1061 1304 1114 τῶν
1358 1063 1568 1134 θρόνων
1593 1067 1804 1120 ἀπελαο
1847 1073 1852 1079 ’

272 1142 428 1210 σθῆναι
472 1145 566 1196 ὑπ’
597 1148 800 1213 αὐτῶν,
841 1148 1178 1221 ἀδικήσαντα
1211 1155 1380 1223 μηδέν
1403 1171 1417 1188 ⁸
1457 1156 1553 1209 καὶ
1577 1159 1803 1227 προσέτι

271 1252 312 1300 γε
344 1235 642 1304 εἱρχθῆναι.
673 1240 738 1292 Οί
767 1239 868 1308 μὲν
912 1238 1007 1295 οὖν
1042 1244 1442 1315 ἐγκαλούμενοι
1472 1249 1804 1319 ἀπεκρίνατο

271 1327 422 1378 οὐδέν’
457 1329 676 1398 σιωπῆς
730 1332 788 1384 δὲ
838 1331 1067 1400 βαθείας
1119 1338 1418 1408 γενομένης
1451 1340 1543 1393 ἐπὶ
1593 1343 1804 1407 πολὺ,ὁ

273 1419 413 1486 μέγας
441 1417 759 1487 δομέστικος
789 1419 976 1478 εἰπενο
1030 1427 1088 1481 '0
1130 1429 1334 1497 Κύριος
1377 1431 1538 1499 ἡμῶν
1598 1431 1804 1502 Ἰησοῦς

271 1507 466 1576 Χριστος
499 1511 558 1561 ὲν
597 1513 711 1596 τοῖς
746 1514 1102 1583 Εὐαγγελίοις
1146 1515 1337 1573 εἶπενο
1384 1522 1510 1577 Ἐὰν
1555 1527 1630 1596 μὴ
1667 1527 1806 1596 ἠδι-

271 1598 496 1668 καιοσύνη
522 1599 677 1669 ὑμῶν
728 1607 1065 1679 περισσεύσῃ
1100 1608 1260 1663 πλέον
1292 1613 1402 1666 τῶν
1431 1621 1804 1686 γραμματέων
1881 1616 1884 1618 ’

271 1689 343 1740 καὶ
371 1691 694 1760 φαρισαίων,
739 1695 802 1748 οὐ
847 1696 1079 1751 δύνασθε
1137 1702 1406 1758 εἰσελθεῖν
1460 1707 1540 1769 είς
1569 1708 1668 1778 τὴν
1706 1710 1801 1780 βα-

271 1778 442 1832 σιλείαν
477 1780 586 1833 τῶν
637 1783 909 1852 οὐρανῶν.
947 1787 1020 1839 Τὸ
1050 1789 1128 1852 δέ,
1187 1791 1359 1846 Πλέον
1405 1796 1514 1848 τῶν
1538 1775 1806 1868 γραμμα-
1838 1775 1877 1829 Β

268 1867 379 1918 τέων
405 1871 492 1922 καὶ
529 1873 860 1942 φαρισαίων,
906 1877 982 1940 ὥς
1024 1878 1180 1946 ὑμῶν
1215 1882 1400 1936 ἀκούω
1445 1867 1805 1942 διδασκόντων

268 1955 374 2023 ἐγὼ.
402 1959 546 2012 οὐδὲν
575 1962 703 2014 ἄλλο
735 1959 893 2032 εῖναι,
928 1967 959 2036 ἢ
1001 1969 1084 2030 τὸ.
1114 1970 1189 2043 μὴ
1224 1972 1387 2040 μόνον
1425 1975 1520 2029 τδν
1548 1978 1803 2031 ἀδικοῦν-

268 2061 320 2097 τα
351 2046 417 2115 μὴ
448 2049 754 2118 ἀμύνεσθαι
785 2053 850 2106 ἐκ
889 2054 992 2106 τοῦ.
1048 2055 1189 2124 ίσου,
1233 2059 1370 2114 ἀλλὰ
1397 2064 1490 2115 καὶ
1519 2064 1578 2117 εὖ
1632 2069 1803 2120 ποιεῖν

269 2137 368 2189 καθ’
389 2140 504 2191 ὅσον
550 2140 617 2193 ἂν
642 2137 754 2195 οἷόν
781 2161 839 2196 τε
965 2146 1059 2200 Διὶ
1091 2151 1184 2204 καὶ
1213 2154 1340 2214 τοὺς
1372 2157 1678 2226 σωτηρίους
1709 2161 1800 2213 νό-

271 2241 384 2291 μους
413 2227 600 2290 τιθεὶς,
652 2230 744 2282 τὶν
801 2232 1097 2303 ἑλκόμενον
1120 2239 1201 2301 είς
1245 2240 1604 2313 δικαστήριον
1661 2248 1802 2318 ὑπὲρ

266 2315 447 2369 τοῦτὸν
474 2320 677 2389 χιτῶνα
711 2322 1099 2395 ἀφαιρεθῆναι,
1137 2330 1230 2381 καὶ
1262 2331 1323 2384 τὸ
1378 2333 1595 2401 ίμάτιον
1629 2315 1802 2406 προσλ

267 2409 399 2473 suis
442 2415 987 2481 προσαποδύσασθαι.
1045 2421 1155 2474 Καὶ
1205 2422 1298 2475 τὸν
1360 2427 1678 2493 πατάξαντα
1709 2433 1802 2484 ἐπὶ

267 2501 466 2571 κόρρης,
490 2503 566 2576 μὴ
602 2507 767 2575 μόνον
807 2509 1037 2573 εὐθύνας
1069 2514 1169 2566 οὐκ
1221 2516 1496 2580 ἀπαιτεῖν,
1535 2519 1672 2575 ἀλλᾶ
1707 2523 1803 2577 καὶ

268 2591 351 2660 τὴν
373 2595 554 2665 ἑτέραν
593 2599 935 2671 ἐμπαρέχειν
957 2617 972 2633 ⁸
1027 2604 1122 2656 καὶ
1152 2605 1313 2658 -ἀλλα
1356 2607 1456 2660 ὅσα
1487 2609 1588 2679 τῆς
1633 2611 1802 2682 αὐτῆς

269 2683 484 2764 ἐξέχεται
512 2689 770 2754 διανοίας.
809 2694 1150 2763 Παραθήγων
1183 2697 1242 2764 δὲ
1293 2700 1440 2768 ἡμᾶς
1473 2703 1552 2764 είς
1582 2703 1680 2774 τὴν
1707 2706 1802 2774 ἐρ-

267 2775 440 2838 γασίαν
469 2777 576 2830 τῶν
609 2781 896 2848 σωτηρίων
932 2783 1136 2851 νόμων,
1185 2788 1317 2839 ποτὲ
1371 2787 1470 2857 μὶν
1521 2789 1642 2845 εἷπε
1665 2809 1678 2824 ⁸
1708 2795 1800 2866 Μὴ

268 2863 433 2928 γνώτω
464 2869 494 2936 ὴ
551 2868 821 2941 ἀριστερά
848 2889 944 2925 σου
986 2872 1040 2927 τί
1091 2879 1238 2930 ποιεῖ
1274 2879 1305 2948 ή
1336 2879 1486 2946 δεξιά
1513 2883 1632 2937 σοῦ.
1669 2863 1800 2952 Καὶ,

268 2955 516 3011 Εἰσελθὼν
550 2963 631 3023 είς
668 2962 726 3016 τὸ
754 2967 1000 3032 ταμιεῖόν
1030 2983 1145 3030 σου,
1195 2970 1491 3039 πρόσευξαι
1519 2975 1596 3044 τῷ
1627 2978 1803 3049 Πατρί

241 3060 368 3130 ⁴σου,
389 3048 460 3117 τῷ
489 3051 545 3101 ὲν
565 3051 781 3120 οὐρανῷ
806 3069 819 3082 ⁸
855 3057 950 3108 καὶ
974 3058 1220 3126 προσέτι,
1243 3060 1476 3124 Κλείσας
1492 3064 1593 3131 τὴν
1612 3048 1800 3138 θύραν.

256 3138 382 3192 Ποτὲ
412 3141 464 3192 δὲ
493 3143 596 3204 ὅτι,
631 3144 916 3212 Λαμψάτω
942 3147 1002 3200 το
1043 3148 1158 3216 φῶς
1181 3151 1335 3220 ὑμῶν
1368 3153 1677 3224 ἔμπροσθεν
1697 3157 1805 3213 τῶν

258 3228 560 3296 ἀνθρώπων,
593 3234 742 3296 ὅπως
771 3234 919 3288 ἴδωσι
941 3238 1010 3291 τὰ
1038 3239 1180 3292 κοιλά
1210 3242 1366 3310 ὑμῶν
1407 3243 1564 3314 ἔργα.
1612 3249 1804 3303 Καίτοι

256 3335 314 3384 γε
340 3319 410 3388 τῷ
441 3322 616 3376 δοκεῖν
638 3323 705 3376 τὰ
723 3323 952 3381 τὸιαῦτα
983 3332 1425 3403 παραγγέλματα
1469 3337 1803 3393 ἁνιίκεινται

258 3407 512 3478 ἀλλήλοις.
573 3411 727 3481 Ἐμοὶ
759 3411 815 3464 δὲ
859 3413 1056 3480 δοκεῖν,
1092 3421 1204 3481 τοῖς
1246 3420 1345 3489 μὲν
1398 3423 1642 3477 ἀτελέσιν
1673 3429 1803 3495 ἡμῖν

256 3498 348 3550 καὶ
368 3500 678 3570 δυναμένοις
734 3505 797 3556 ὲκ
828 3504 924 3573 τῆς
954 3507 1268 3574 ἐπιδείξεως
1307 3510 1416 3564 τῶν
1440 3513 1699 3582 καμάτων
1735 3518 1802 3569 τὰ

253 3586 451 3642 έπαθλία
477 3593 916 3663 ἀποστερεῖσθαι,
951 3595 1011 3648 τὸ
1052 3600 1491 3670 ἐπικρύπτεσθαι
1531 3605 1687 3670 αύτά,
1721 3609 1802 3658 είς·

253 3680 442 3746 ρῆσθαι
471 3686 635 3737 παντὶ
679 3685 856 3738 σθένει
876 3702 892 3719 ⁸
930 3691 1044 3751 τοῖς
1082 3691 1425 3757 διδασκάλοις
1445 3695 1501 3749 δὲ
1530 3697 1680 3766 ὑμῖν,
1709 3698 1801 3750 καὶ

252 3773 422 3823 κοινὸν
455 3776 810 3845 παράδειγμα
841 3779 1004 3849 ὀρθοῦ
1068 3783 1162 3834 καὶ
1201 3783 1476 3854 σώφρονος
1515 3788 1632 3856 βίου
1670 3806 1804 3859 προ-

252 3867 535 3930 κειμένοις,
571 3869 630 3932 τρ
655 3867 897 3938 λάμπειν
929 3871 1084 3939 ὑμῶν
1108 3873 1176 3926 τά
1219 3875 1360 3928 καλά
1387 3878 1549 3948 ἔργα,
1577 3880 1724 3943 ὅπως
1753 3884 1801 3934 οἱ

254 3955 429 4008 πολλοὶ
453 3958 708 4027 ὁρῶντες.
752 3961 842 4039 τὸν
890 3963 1102 4033 πατέρα
1147 3965 1306 4035 ἡμῶν
1343 3967 1606 4033 δοξάζωσι
1631 3971 1720 4023 τὸν
1745 3977 1803 4026 ὲν

253 4046 360 4107 τοῖς
379 4047 644 4116 οὐρανοῖς.
691 4049 814 4102 Ἐὰν
847 4052 1032 4106 τοίνυν
1081 4054 1239 4123 ὑμεῖς
1274 4057 1324 4109 oi
1353 4059 1472 4126 φῶς
1510 4061 1670 4129 ἡμῶν
1697 4063 1805 4115 τῶν

255 4139 724 4208 μαθητευομένων,
758 4145 852 4196 καὶ
879 4148 1001 4208 ταῖς
1029 4146 1266 4213 ἀπάταις
1291 4151 1385 4203 τοῦ
1420 4151 1536 4220 βίου
1585 4157 1682 4207 καὶ
1709 4173 1806 4224 με·

252 4229 461 4296 ρίμναις
495 4235 590 4285 καὶ
647 4235 862 4304 ἡδοναῖς
902 4241 1357 4310 προσισχομένων
1413 4241 1618 4297 δίκαιοι
1653 4245 1804 4310 ὄντες

253 4314 406 4382 εῖναι.
451 4324 615 4377 δεινοὶ
654 4326 748 4378 καὶ
801 4328 1189 4398 ἀπαραίτητοι,
1222 4331 1316 4383 καὶ
1364 4335 1637 4403 μηδεμίαν
1667 4354 1804 4408 παρ-

254 4409 457 4478 ἔχοντες
486 4417 820 4487 συγγνώμην
850 4422 962 4481 τοῖς
991 4421 1281 4489 ἀδικήσασι
1326 4424 1420 4476 καὶ
1446 4409 1631 4490 κακῶς
1661 4429 1804 4496 ὑμᾶς

256 4498 470 4557 διαθεῖσι
498 4509 728 4576 φανῆτε,
770 4510 830 4561 οὐ
866 4509 1073 4578 θηρίων
1104 4513 1396 4583 ἀνημέρων
1431 4518 1804 4590 ἀγριωτέρους

255 4593 395 4659 ἡμᾶς
437 4598 529 4648 καὶ
555 4597 873 4668 ὡμοτέρους
899 4605 1359 4670 ,παρασκευάσετε
1392 4608 1684 4674 γενέσθαι;
1712 4614 1803 4664 καὶ

261 4685 585 4756 συμδήσεται
616 4691 744 4760 ὑμῖν
797 4691 986 4762 ὥσπερ
1014 4694 1108 4745 τοῦ
1143 4695 1310 4747 καλοῦ
1347 4698 1698 4768 παράδειγμα
1723 4719 1806 4766 γι·-

258 4776 487 4842 νομένοις
532 4781 672 4851 ὑπὲρ
727 4784 826 4852 τῆς
892 4785 1113 4838 πάντων
1176 4785 1443 4855 ὠφελείας
1502 4790 1651 4858 παρὰ
1708 4789 1800 4842 τοῦ

261 4865 337 4930 ιρι)
349 4867 628 4939 ανθρώπου
653 4875 749 4926 καὶ
767 4875 976 4928 δικαίου
1002 4876 1298 4946 βραϐευτοῦ
1325 4878 1602 4946 στεφάνων
1625 4878 1804 4942 ἀξιοῦ-

262 4955 375 5008 σθαι
406 4961 494 5014 καὶ
527 4963 726 5036 γερῶν,
765 4964 904 5018 οὕτω
935 4967 1028 5018 νῦν
1076 4967 1260 5034 δφλειν
1291 4969 1351 5019 οὐ
1405 4969 1502 5031 τὰς
1533 4972 1802 5039 τυχούσας

261 5048 400 5112 δίκας
439 5054 578 5122 ὑπὲρ
628 5055 721 5108 τοῦ
756 5058 888 5107 πᾶσι
917 5057 1118 5126 βλάϐης
1143 5059 1402 5128 ἀφορμὴν
1452 5062 1800 5134 παρέσχηκε·

263 5156 360 5190 ναι.
406 5143 540 5210 Ἐγὼ
571 5145 627 5196 δὲ
688 5147 1043 5214 παράδειγμα
1097 5148 1512 5217 φιλανθρωπίας
1556 5155 1649 5202 καὶ
1697 5151 1828 5207 ἀπὸ-

212 5270 240 5293 ο
265 5230 360 5280 τῶν
400 5233 472 5296 τῷ
505 5235 600 5302 βίῳ
635 5237 1075 5304 προσηλωμένων
1124 5239 1280 5308 ἡμῶν
1313 5241 1619 5310 παρέξομαι
1653 5243 1804 5309 ὑμῖν,

266 5320 402 5371 οὕτω
422 5325 540 5392 χθὲ,
572 5329 666 5378 καὶ
695 5327 886 5397 πρῴην
911 5332 1297 5398 γεγενημένον.
1344 5332 1536 5400 ὐρᾶτε
1579 5333 1687 5401 γὰρ
1713 5333 1804 5387 τὸν

266 5413 492 5477 βασιλέα,
518 5415 746 5468 τοσοῦτο
781 5418 879 5484 μὲν
912 5420 1086 5488 ἀρχῆς
1129 5419 1358 5488 μέγεθος
1400 5424 1804 5493 περιϐεϐλημέ-

265 5516 361 5563 νον,
406 5505 540 5557 οὕτω
561 5506 605 5557 δ’
635 5509 693 5557 ὲν
726 5508 876 5576 αὐτῷ
907 5510 982 5578 τῷ
1036 5512 1131 5580 τῆς
1177 5513 1430 5582 νεότητος
1461 5513 1614 5567 ἄνθει
1642 5555 1657 5580 ,
1712 5517 1801 5568 ὅτε

331 5656 344 5682 ι
380 5656 563 5713 Matth.
603 5675 654 5724 ν,
692 5658 783 5712 20.
860 5663 878 5692 ⁸
911 5661 1098 5716 Matth.
1153 5679 1236 5727 γι,
1303 5666 1357 5720 5.

1919 517 2052 589 ipsis
2089 521 2372 591 depulsus.
2401 537 2456 581 et
2491 528 2720 599 insuper
2753 535 2961 589 carceri
3003 538 3289 593 mandatus
3316 552 3481 596 esset.

1885 612 2171 666 ‘Accusati
2196 615 2331 668 nihil
2389 621 2742 687 respondere.
2798 623 2926 679 Post
2954 627 3121 680 altum
3152 637 3206 682 et
3263 629 3480 704 longum

1917 702 2196 758 silentium
2251 723 2476 775 magnus
2521 710 2860 768 domesticus
2906 717 2979 769 ita
3010 717 3174 770 intit:
3216 702 3483 773 Dominus

1914 804 2104 849 noster
2136 795 2292 868 Jesus
2323 798 2577 855 Christus
2599 803 2653 856 in
2682 803 2986 876 Evangeliis
3017 823 3031 860 :
3070 826 3088 858 ι
3124 809 3236 863 Nisi
3266 811 3478 880 jnstitia

1914 899 2098 942 vestra
2177 889 2540 946 abundaverit
2615 894 2903 965 plusquam
2963 899 3307 967 scribarum,
3387 913 3481 956 aut

1915 977 2304 1046 pharisa‘orum
2333 1023 2346 1044 ,
2424 1000 2532 1037 non
2582 985 2886 1042 intrabitis'
2930 990 2983 1044 in
3031 1006 3253 1060 regnum
3309 995 3480 1048 caelo-

1915 1086 2033 1123 rum
2068 1072 2106 1126 ‘.
2168 1091 2185 1123 ι
2239 1074 2373 1128 Illud
2431 1083 2612 1130 autem
2668 1079 2972 1150 (plusquam
3039 1087 3332 1139 scribarum
3386 1097 3477 1140 aut

3340 1178 3477 1230 nihil

1912 1267 1996 1311 est
2043 1257 2233 1316 aliud.
2289 1275 2450 1328 quam
2529 1277 2637 1315 non
2699 1266 2876 1318 solum
2939 1267 3163 1336 injurias
3219 1268 3475 1322 inferenti

1911 1362 2010 1414 par
2039 1362 2147 1400 non
2204 1348 2432 1413 referre,
2469 1351 2772 1426 sed_eidem
2805 1357 2967 1410 etiam
2999 1367 3262 1424 quantum
3298 1361 3477 1429 possis

1910 1434 2256 1489 benefacere.
2321 1436 2589 1502 Quocirca
2643 1441 2786 1495 idem
2837 1443 2966 1496 dum
3004 1446 3274 1500 salutares
3331 1447 3478 1514 leges

1908 1529 2190 1588 Conderet,
2223 1531 2460 1585 trahenti
2490 1531 2541 1585 in
2568 1534 2835 1603 judicium
2865 1549 3086 1604 propter
3114 1539 3472 1595 auferendam
3515 1585 3522 1594 .

1911 1623 2173 1682 tunicam,
2207 1623 2428 1690 pallium
2465 1640 2683 1694 quoque
2733 1627 2931 1681 dimitti
2963 1631 3164 1699 jussit;
3197 1640 3251 1686 et
3281 1650 3473 1701 percu-

1911 1711 2068 1765 tienti
2098 1727 2260 1765 unam
2286 1714 2582 1778 maxillam,
2602 1716 2734 1770 citra
2763 1718 3059 1773 vindictam
3090 1723 3474 1792 porrigendam

1906 1813 1962 1856 et
1991 1802 2220 1856 alteram
2251 1819 2264 1868 ;
2321 1813 2378 1858 et
2411 1805 2515 1858 alia
2571 1806 2790 1861 demum
2826 1825 2945 1878 qum
2980 1810 3032 1864 in
3073 1813 3536 1871 eamdemen--

1908 1893 2134 1946 tentiam
2193 1904 2524 1964 sequuntur.
2585 1897 2870 1953 Exacuens
2924 1916 3089 1969 porro
3118 1918 3218 1956 nos
3255 1906 3320 1956 ad
3365 1921 3478 1959 ser-

1905 1983 2084 2037 vanda
2115 1994 2392 2054 praecepta
2429 1987 3074 2060 salutifera,~aliquando
3112 1993 3276 2059 dixit,
3318 1997 3473 2066 197

1911 2092 1930 2125 ι
1970 2074 2191 2130 Nesciat
2240 2077 2459 2131 sinistra
2489 2085 2604 2140 tua,
2635 2080 2767 2149 quid
2803 2081 2966 2136 faciat
2996 2084 3217 2139 dextera
3247 2098 3336 2140 tua
3370 2090 3413 2153 ¹;
3454 2111 3469 2138 ν

1904 2174 1957 2220 et
1987 2183 2002 2218 :
2038 2184 2054 2216 ι
2093 2166 2375 2236 Ingressus
2421 2169 2734 2222 cubiculum
2759 2180 2934 2232 tuum,
2975 2173 3157 2226 clauso
3180 2176 3346 2239 ostio,
3382 2192 3474 2231 ora

1907 2254 2118 2308 Patrem
2146 2265 2318 2321 tuum,
2343 2257 2434 2325 qui
2459 2257 2513 2312 in
2545 2258 2701 2312 etelis
2721 2270 2805 2312 est
2823 2262 2894 2314 ³.»
2923 2262 3231 2330 Aliquando
3251 2275 3472 2318 autem:

1912 2361 1930 2394 ι
1973 2341 2170 2399 ιυοίιοι
2201 2345 2292 2398 lux
2327 2355 2507 2402 vestra
2552 2362 2731 2402 coram
2768 2349 3109 2414 hominibus,
3143 2361 3201 2406 ut
3255 2354 3473 2408 rideant

1903 2446 2069 2500 opera
2099 2442 2279 2486 vestra
2311 2433 2452 2488 bona
2477 2436 2549 2489 ⁸.»
2595 2436 2686 2489 the
2704 2437 2849 2507 leges
2870 2441 3120 2508 quamvis
3156 2458 3340 2496 secum
3368 2459 3474 2513 pu-

1905 2536 2070 2589 gnare
2113 2521 2426 2587 videantur,
2459 2533 2639 2579 tamen
2681 2529 2785 2581 nisi
2825 2529 3043 2584 aberrat
3072 2532 3280 2600 Opinio,
3313 2534 3473 2587 nobis

1904 2610 2254 2680 imperfectis,
2277 2623 2333 2669 et
2349 2615 2441 2683 qui
2458 2631 2750 2683 possumus
2762 2635 2826 2672 ex
2844 2621 3206 2676 ostentatione
3223 2623 3470 2677 laborum

1906 2711 2223 2758 nostrorum
2260 2706 2484 2774 praemia
2524 2709 2803 2764 amitterre
2834 2710 3040 2765 dictum
3071 2721 3174 2775 est,
3217 2714 3292 2766 uti
3327 2714 3474 2782 ipsos

1907 2793 2037 2847 totis
2065 2795 2278 2849 viribus
2308 2797 2744 2866 ahscondamus;
2778 2802 2935 2856 vobis
2959 2813 3141 2857 autem
3175 2805 3472 2873 magistris,

1905 2889 1960 2934 ct
1991 2883 2378 2938 communibus
2409 2895 2573 2939 rectae
2615 2886 3012 2958 inculpatreque
3045 2889 3165 2943 vita:
3194 2893 3474 2958 exempla-

1906 2971 2079 3037 ribus,
2115 2981 2174 3027 ut
2196 2973 2420 3028 luceant
2451 2986 2624 3044 opera‘
2644 2988 2849 3036 vestra.
2897 2995 3006 3047 quo
3030 2980 3206 3043 multi,
3251 2981 3380 3034 dum
3411 2996 3472 3034 ea

1912 1166 2344 1236 pharisa’orum)
2415 1177 2474 1221 ut
2551 1186 2648 1224 vos
2721 1174 2980 1230 docentes
3061 1176 3224 1229 audio
3261 1217 3275 1238 ,

1829 3087 1875 3150 ο
1909 3063 2214 3129 intuentur,
2247 3065 2462 3120 Patrem
2497 3076 2741 3121 nostrum
2773 3069 2866 3138 qui
2892 3069 2946 3123 in
2970 3071 3126 3125 cmlis
3146 3080 3248 3127 est.
3271 3071 3476 3140 gloriﬁ-

1907 3162 2053 3208 cent.
2087 3151 2142 3206 Si
2177 3154 2360 3223 itaque
2380 3169 2477 3208 vos
2504 3156 2596 3224 qui
2619 3156 2708 3209 lux
2735 3165 2918 3210 nostra
2943 3197 2958 3220 ,
2985 3167 3192 3218 nostra.
3223 3158 3471 3226 inquam,
3507 3211 3510 3213 _

1906 3243 1999 3313 qui
2025 3243 2278 3312 discipuli
2297 3256 2581 3306 sumus,et
2603 3245 2848 3312 fallaciis,
2878 3248 3347 3304 sollicitudinibus
3365 3291 3380 3316 ,
3408 3265 3473 3304 ac

1902 3333 2277 3402 voluptatibus
2315 3334 2478 3405 hujus
2509 3337 2633 3390 vitae
2669 3338 2932 3406 implicati
2965 3347 3236 3403 tenemur,
3281 3343 3473 3394 merito

1901 3440 2022 3480 esse
2047 3425 2284 3490 debetis,
2337 3427 2459 3479 duri
2515 3435 2571 3480 et
2631 3427 2995 3482 inexorabiles
3019 3430 3204 3491 eritis,
3247 3440 3303 3483 et
3333 3431 3471 3483 mala
3511 3462 3528 3469 κ

1904 3517 2213 3587 irrogantes
2266 3518 2425 3570 venia
2458 3517 2607 3570 nulla
2643 3520 3074 3587 prosequemini,
3120 3535 3302 3573 nonne
3340 3519 3472 3573 feris

1903 3609 2210 3664 immitibus
2262 3607 2618 3670 immitiorcs,
2679 3624 2742 3662 ac
2795 3609 3050 3664 sa-viores
3102 3623 3202 3662 nos
3248 3608 3473 3663 facitis?

1904 3700 2084 3764 Quare
2115 3697 2578 3766 quemadmodum
2613 3698 2656 3751 si
2693 3698 2757 3751 ad
2791 3699 3033 3751 omnium
3074 3700 3308 3752 fructum
3343 3715 3470 3766 pro-

1905 3789 2093 3842 bitatis
2119 3789 2449 3857 exemplaria
2479 3789 2701 3854 fieretis,
2731 3805 2760 3842 a
2793 3789 2880 3858 pio
2898 3799 2950 3843 et
2973 3791 3120 3859 justo
3154 3790 3470 3844 certaminis

1904 3879 2112 3936 arbitro
2141 3880 2364 3934 coronis
2408 3888 2462 3934 et
2499 3881 2738 3948 praemiis
2769 3881 3128 3948 dignaremini
3158 3898 3171 3933 :
3199 3881 3274 3933 sic
3300 3897 3468 3944 nunc,
3551 3906 3562 3919 ο

1905 3976 2030 4042 quia
2069 3973 2332 4027 omnibus
2368 3973 2596 4026 nocendi
2633 3974 2754 4026 aliis
2784 3972 3123 4026 occasionem
3167 3974 3326 4036 datis,
3361 3991 3468 4028 non

1905 4063 2222 4132 vulgaribus
2309 4063 2487 4131 pmnis
2557 4060 3083 4118 condemnabimini.
3141 4065 3304 4134 Atqui
3369 4082 3470 4134 ego

1905 4151 2214 4220 exemplum
2272 4150 2626 4204 humanitatis
2671 4151 2739 4205 de
2773 4153 2969 4216 nobis,
3035 4154 3161 4208 huic
3193 4155 3315 4208 vitae
3368 4171 3468 4210 ceu

1906 4242 2060 4297 clavo
2115 4240 2291 4295 allixis
2351 4257 2648 4310 proponam
2680 4242 2857 4307 vobis,
2899 4244 3045 4312 quod
3096 4246 3470 4300 recentissime

1908 4334 2160 4404 contigit.
2202 4334 2413 4388 Videtis
2443 4336 2852 4404 imperatorem,
2875 4353 3183 4406 quanquam
3235 4339 3288 4390 in
3322 4348 3470 4392 tanto

1835 4417 1879 4474 υ
1908 4435 2125 4495 tamque
2151 4427 2335 4494 amplo
2361 4427 2597 4495 imperio
2627 4429 2974 4492 collocatum,
3006 4429 3176 4482 nihilo
3211 4430 3394 4482 minus
3417 4430 3469 4482 in

1906 4521 2024 4588 ipso
2061 4513 2418 4584 mtatis'ﬂore,
2455 4519 2670 4588 quando
2699 4519 2844 4587 quis,
2879 4519 3044 4572 etiam
3073 4519 3360 4588 plurimum
3405 4522 3472 4574 de

1904 4611 2012 4663 vita
2056 4625 2199 4665 recte
2221 4611 2555 4663 instituenda
2579 4609 2870 4674 sollicitus,
2894 4610 3150 4664 facillime
3179 4623 3229 4663 et
3255 4626 3285 4664 a
3314 4611 3473 4664 volu-

1905 4698 2146 4767 ptatibus
2175 4700 2539 4768 pessumdari,
2559 4707 2614 4752 et
2643 4699 2709 4752 ad
2745 4701 2877 4752 iram
2908 4700 3318 4763 immoderatam
3379 4705 3475 4756 im-

1910 4790 2035 4858 pelli
2071 4792 2230 4855 solet,
2257 4789 2521 4843 adversus
2555 4781 2962 4860 protervitatem
2997 4793 3185 4860 Marci,
3230 4796 3472 4848 omnium

1911 4879 2219 4933 mortalium
2276 4881 2868 4952 scelestissimi,quali,
2897 4899 3168 4954 quamque
3221 4887 3474 4939 omnibus

1913 4970 2191 5038 inepinata
2229 4973 2653 5026 mansuetudine
2690 4983 2745 5026 et
2796 4974 3080 5027 clementia
3123 4991 3250 5027 usus
3285 4976 3374 5027 sit.
3417 4975 3474 5027 Si

1911 5075 2040 5127 ergo
2069 5059 2157 5114 ille
2186 5062 2672 5130 etaztatejuvrnis,
2696 5073 2746 5116 et
2773 5065 3088 5130 imperator,
3115 5074 3180 5116 'ut
3208 5064 3472 5127 diximus,

1910 5159 1965 5203 et
2012 5151 2248 5217 negotiis
2305 5151 2466 5219 hujus
2529 5151 2654 5204 vitae
2695 5153 3012 5214 involutus,
3075 5163 3180 5204 tam
3241 5152 3474 5205 libenter

1907 5240 2168 5294 offensam
2202 5241 2553 5304 eomlonavit,
2591 5249 2647 5294 tu
2698 5244 3004 5295 communis
3067 5253 3370 5310 praeceptor
3416 5253 3474 5297 et

1910 5343 2170 5400 tanquam
2237 5334 2527 5387 sanctioris
2584 5335 2708 5387 vita!
2777 5335 3056 5404 Speculum
3115 5334 3472 5402 propositus,

1907 5424 2168 5476 fratribus
2200 5424 2412 5493 ignavia
2448 5425 2682 5494 quadam
2708 5427 2844 5478 male
2869 5427 2935 5480 de
2969 5435 3017 5478 te
3050 5426 3259 5479 meritis
3289 5441 3473 5480 nonne

1910 5517 2201 5588 ignosces?
2240 5534 2306 5570 an
2351 5519 2423 5572 ita
2455 5519 2776 5573 oblirmatus
2809 5517 2861 5571 in
2907 5519 3258 5587 reposcendis
3283 5533 3313 5571 a
3343 5532 3478 5573 son-

1435 5667 1454 5696 ο
1491 5666 1626 5720 Ibid.
1660 5668 1712 5721 6.
1788 5669 1810 5701 ι
1843 5670 2032 5725 Matth.
2071 5687 2121 5738 γ,
2151 5670 2238 5723 ns.
