4010 6190
247 304 317 366 421
1361 305 1900 366 HISTORIARUM
1947 303 2176 363 LIBER
2227 303 2306 368 ll.
3359 309 3472 373 £32

248 413 465 485 βασιλεὺς
497 413 718 485 Μιχαὴλ
749 417 1094 487 πανστρατιᾷ
1116 414 1376 470 ἐσέϐαλεν
1404 417 1486 480 εἰς
1516 421 1616 486 τὴν
1657 417 1782 470 Ῥω·

1895 414 2158 469 omnibus
2188 414 2363 483 copiis
2393 413 2508 468 suis
2529 423 2581 469 et
2618 412 2944 485 Scytharum
2981 416 3222 482 auxiliis,
3248 394 3302 474 in
3329 419 3472 480 linis

249 509 410 581 μαίων,
438 509 592 576 ἀγων
622 507 720 561 καὶ
774 509 988 571 Σκύθας
1030 510 1376 581 συμμάχους,
1409 511 1506 564 καὶ
1543 511 1643 573 τὰς
1671 510 1786 564 ἀνω

247 602 320 668 τῆς
369 600 595 672 Θρᾴκης,
637 599 841 669 ἐδῄωσε
895 600 1079 663 πόλεις
1128 601 1215 670 ἐφ’
1267 602 1506 671 ἡμέραις
1545 601 1782 662 ἱκαναῖς.

258 688 377 740 Ἐπεὶ
395 687 452 740 δὲ
477 687 711 739 ἐπύθετο
732 689 758 738 ὸ
784 686 1036 755 βασιλεὺς
1062 688 1162 758 τὴν
1196 687 1468 758 εἰσϐολὴν,
1500 688 1634 757 ὅσην
1658 687 1784 758 ἐξῆν

249 775 467 844 ἀθροίσας
493 773 780 844 στρατιὰν,
833 768 999 845 ἦλθεν
1048 755 1127 838 είς
1183 755 1782 846 Βιζύὴννκατάντάχος,

250 869 371 921 κάκεῖ
405 865 854 936 παρεσκευάζετο
904 866 1044 936 πρὸς
1073 871 1276 938 μάχην.
1310 867 1531 940 Μιχαὴλ
1569 867 1626 920 δὲ
1660 869 1784 922 ἐπεὶ

250 962 352 1032 πρὸς
394 961 503 1014 τῶν
552 962 836 1031 σφετέρων
890 961 1055 1030 μάθοι
1107 965 1475 1016 κατασκόπων
1523 963 1580 1014 ὲν
1613 960 1782 1030 Βιζύῃ

252 1050 732 1122 παρασκευάζεσθαι
764 1051 856 1103 τὸν
887 1050 1115 1120 βασιλέα
1168 1051 1273 1122 (ἔτι
1317 1049 1428 1120 γὰρ
1458 1051 1518 1102 ἐν
1540 1053 1606 1120 τῇ
1650 1051 1782 1104 Ῥω-

253 1146 388 1215 μαίων
417 1144 727 1214 καθήμενος
761 1143 966 1214 ἐδῄου),
998 1144 1180 1205 δείσας
1214 1143 1290 1212 μὴ
1341 1143 1639 1199 ἔπελθύντα
1682 1141 1782 1211 οὐχ

248 1232 329 1302 οἷός
351 1254 406 1291 τε
440 1236 748 1306 ἀμύνεσθαι
792 1232 849 1307 ᾗ,
910 1236 1052 1308 ἔγνω
1108 1236 1220 1288 δείν
1265 1235 1641 1304 ἐξαπατῆσαι·
1687 1236 1780 1288 καὶ

249 1331 430 1401 πέμψας
463 1329 834 1400 πρεσϐευτὴν,
867 1329 1167 1393 ἀκηκοέναι
1204 1327 1443 1396 ἔφασκεν
1471 1328 1549 1388 είς
1577 1323 1780 1395 Βιζύην

249 1423 541 1490 ἀφιγμένον·
581 1420 941 1490 στοχάζεσθαί
963 1437 1024 1489 γε
1063 1424 1170 1490 μὴν
1195 1423 1260 1473 ὲκ
1282 1420 1390 1474 τῶν
1423 1418 1653 1471 εἰκότων
1678 1418 1782 1488 μά.

246 1513 399 1584 χεσθαί
431 1515 480 1566 oi.
507 1513 841 1584 ὡρμημένον
876 1513 1088 1564 ἐπιέναι
1111 1528 1126 1542 ο
1157 1511 1222 1565 οὐ
1254 1511 1363 1564 δεῖν
1389 1505 1483 1564 οὖν
1512 1509 1776 1579 κατατρί-

247 1607 337 1659 6ειν
357 1607 450 1673 τὴν
477 1607 736 1675 στρατιὰν
775 1604 996 1676 μακρὰν
1024 1603 1255 1658 ἀνύοντα
1288 1604 1435 1658 ὁδόν·
1475 1604 1640 1658 αὐτὸν
1670 1604 1780 1673 γὰρ

245 1702 288 1762 ἰς
302 1702 390 1766 τὴν
410 1698 701 1765 ὑστεραίαν
740 1697 860 1766 ἅμα
893 1698 969 1768 ἒῳ
994 1697 1285 1766 ἀφίξεσθαι
1308 1699 1365 1761 ἰς
1393 1697 1594 1768 Βιζύην
1617 1697 1694 1760 ὡς
1721 1698 1776 1758 ές

1895 508 2173 568 Rouianos
2226 506 2449 576 irrupit,
2498 508 2915 578 superiorisque
2977 509 3225 566 Thracia.
3267 513 3469 582 oppida

1892 598 2090 653 diebus
2140 597 2330 652 multis
2359 599 2722 667 depopulatus
2779 610 2884 654 est.
2921 600 3002 654 Eo
3033 611 3338 671 comperto,
3367 603 3471 657 im-

1892 701 2118 758 perator
2169 704 2334 758 quam
2389 691 2658 745 maximos
2716 693 2896 760 potuit
2953 692 3204 747 delectus
3256 695 3388 764 egit,
3413 705 3470 750 et

1890 779 2107 850 Bizyam
2147 797 2467 850 properans.
2525 782 2602 835 ibi
2650 797 2707 836 se
2759 784 2825 836 ad
2875 785 3127 853 prndium
3183 785 3466 840 instruxit.

1890 871 2045 935 Quod
2075 874 2201 926 cum
2255 887 2322 926 ex
2367 873 2804 940 speculatoribus
2841 877 2956 929 suis
2984 861 3212 930 Michael
3243 877 3470 946 didicis-

1889 972 1972 1016 set
2006 962 2208 1022 (adhuc
2230 964 2376 1017 enim
2406 964 2706 1029 Romanam
2728 967 3064 1034 provinciam
3099 968 3468 1041 devastabat),

1889 1061 2166 1117 metuens,
2223 1068 2292 1108 ne
2340 1053 2724 1109 adventantem
2783 1057 3056 1113 sustinere
3091 1075 3200 1114 non
3259 1074 3467 1131 posset,

1889 1145 1956 1199 ad
2006 1145 2256 1201 fraudem
2316 1146 2750 1217 confugiendum
2793 1153 3031 1205 censuit.
3082 1153 3245 1208 Misso
3301 1155 3470 1224 igitur

1887 1237 2091 1306 legato,
2125 1234 2236 1290 dici
2291 1238 2478 1304 jussit,
2518 1225 2747 1296 audisse
2795 1257 2852 1296 se
2877 1258 3002 1297 eum
3049 1243 3263 1315 Bizvam
3299 1248 3468 1301 adve-

1887 1327 2061 1381 nisse.
2107 1327 2316 1382 Ducere
2352 1330 2730 1399 conjecturam
2777 1347 2806 1386 e
2839 1334 3252 1400 verisimilibus,
3283 1337 3466 1396 hostili

1885 1420 2070 1472 animo
2110 1421 2348 1485 venisse,
2379 1436 2564 1475 secum
2623 1423 2906 1492 prazliandi
2939 1426 3133 1479 ardore
3163 1428 3468 1482 inﬂamma-

1888 1517 2026 1562 tum.
2054 1509 2136 1564 Ne
2171 1510 2338 1580 igitur
2371 1511 2600 1566 militem
2638 1527 2798 1566 suum
2859 1515 3021 1585 longo
3054 1515 3251 1571 itinere
3290 1517 3466 1571 delas-

1886 1610 1994 1665 set,
2049 1615 2108 1656 se
2143 1617 2268 1658 cum
2320 1604 2546 1658 diliculo
2583 1607 2826 1660 crastino
2864 1607 3078 1675 Bizyam
3129 1608 3193 1661 ad
3246 1624 3466 1662 manum

1888 1695 2286 1749 conserendam
2353 1711 2726 1752 accessurum.
2784 1699 2880 1753 liis
2931 1698 3200 1754 nuntiatis
3256 1700 3468 1768 legatus

245 1793 416 1862 μάχην.
449 1791 506 1844 ’0
537 1791 639 1860 μὲν
665 1787 760 1844 οὖν
778 1789 1124 1862 πρεσϐευτὴς
1153 1791 1378 1843 τοιαῦτα
1408 1789 1580 1842 εἰπὼν
1601 1787 1781 1858 ἀπῆλ-

1888 1787 2158 1844 discessit.
2190 1791 2258 1846 At
2308 1790 2560 1857 Michael,
2593 1792 2720 1847 inde
2751 1807 2808 1847 se
2842 1807 3088 1858 movens,
3120 1803 3176 1847 et
3210 1809 3304 1863 per
3341 1795 3468 1848 reli-

244 1881 308 1936 θε.
339 1881 547 1950 Μιχαὴλ
585 1881 643 1934 δὲ
673 1881 814 1950 ἄρας
843 1881 918 1952 τῷ
955 1881 1172 1952 στρατῷ
1205 1881 1304 1950 τῆς
1357 1897 1417 1933 τε
1468 1880 1680 1951 ἡμέρας
1723 1879 1785 1933 τὸ

243 1973 398 2026 λοιπὸν
426 1972 519 2026 καὶ
549 1971 650 2043 τὴν
670 1971 935 2026 ἐπιοῦσαν
957 1973 1128 2026 νύκτα
1164 1972 1388 2040 βαδίσας
1409 1973 1697 2035 συντόνως,
1727 1973 1784 2033 ἐς

240 2063 321 2134 τὴν
345 2063 630 2132 ὑστεραίαν
657 2064 716 2116 έν
745 2062 915 2133 ὁρίοις
941 2061 1040 2131 τῆς
1070 2061 1204 2125 ἰδίας
1232 2062 1531 2131 ἡγεμονίας
1555 2057 1642 2132 ἦν·
1685 2058 1784 2130 βα-

242 2155 396 2218 cati»;
427 2155 482 2208 δὲ
509 2156 627 2225 ἅμα
652 2155 824 2225 πρωῒ,
859 2155 961 2224 τήν
1007 2171 1066 2207 τε
1119 2155 1381 2224 στρατιὰν
1436 2153 1699 2215 κελεύσας
1728 2153 1789 2205 ιν

240 2249 332 2308 τοῖς
355 2247 529 2309 ὅπλοις
553 2241 721 2310 εἶναι,
749 2245 848 2300 καὶ
875 2247 977 2316 τὴν
1005 2245 1192 2314 ἔφοδον
1223 2246 1332 2299 τῶν
1361 2245 1656 2316 βαρϐάρων
1683 2261 1783 2296 πε-

243 2337 475 2405 ριμένειν,
506 2335 806 2407 ἀξηρτύετο
853 2338 947 2389 καὶ
971 2339 1135 2398 αὐτὸς
1173 2337 1244 2389 τὰ
1272 2337 1408 2408 πρὸς
1439 2336 1540 2406 τὴν
1578 2337 1784 2405 μάχην.

239 2430 332 2482 Καὶ
356 2429 688 2499 στρατιώτας
735 2429 948 2498 ἔπεμψέ
989 2445 1142 2491 τινας
1193 2429 1270 2492 ὡς
1326 2430 1387 2481 τὸ
1419 2425 1784 2500 στρατόπεδον

236 2521 330 2575 τῶν
352 2521 618 2591 ⁴πολεμίων
641 2523 1178 2592 κατασκεψομένους.
1204 2524 1336 2592 Περὶ
1359 2504 1708 2592 μεσημϐρίαν
1727 2521 1786 2576 δὲ

237 2613 279 2664 oi
308 2613 628 2667 κατάσκοποι
655 2609 802 2685 ἧκον
836 2615 1192 2684 στρατιῶται,
1256 2615 1487 2682 ἄγοντες
1532 2614 1628 2667 καὶ
1672 2615 1786 2669 Μυ-

235 2706 346 2768 σοὺς
365 2705 717 2776 δοριαλώτους
740 2705 801 2770 ἓξ
822 2721 836 2736 ·
875 2706 924 2758 οἶ
955 2707 1409 2777 ἀνερευνώμενοι,
1436 2707 1527 2760 τὸν
1560 2706 1783 2776 βασιλέα

237 2794 420 2863 Eccam
448 2797 596 2863 σφῶν
624 2799 692 2867 τῇ
746 2796 1051 2866 προτεραίᾳ
1104 2798 1318 2866 ἄραντα
1343 2799 1408 2867 τῇ
1444 2799 1675 2868 στρατιᾷ
1707 2797 1784 2849 oi-

165 2943 173 2954 δ
237 2887 402 2954 χεσθαι
437 2887 515 2950 εἰς
561 2887 665 2958 τὴν
719 2887 950 2950 οἰκείαν,
992 2872 1191 2950 αὐτοὺς
1217 2888 1276 2940 δὲ
1325 2887 1584 2958 ἁρπαγῆς
1621 2888 1784 2942 ἕνεκα

241 2981 683 3050 περιλειφθέντας,
708 2980 814 3034 ὑπὸ
842 2980 952 3035 τῶν
990 2980 1347 3052 στρατιωτῶν
1377 2981 1599 3037 ἁλῶναι.
1627 2981 1784 3036 υοτω

1886 1896 2054 1950 quum
2091 1882 2223 1943 diei,
2272 1895 2603 1954 noctemque
2654 1887 3002 1940 continenter
3034 1887 3343 1950 ambulans,
3377 1888 3466 1941 die

1885 1973 2062 2027 altero
2094 1974 2230 2030 ﬁnes
2280 1977 2365 2030 sui
2401 1976 2742 2046 principatus
2776 1979 2983 2050 attigit.
3020 1979 3326 2048 Imperator
3353 1981 3468 2033 suis

1886 2067 2164 2137 praecepit,
2202 2069 2282 2134 uti
2319 2084 2480 2123 mane
2507 2070 2563 2123 in
2614 2072 2786 2127 armis
2811 2072 3026 2127 hostem
3057 2080 3463 2142 exspectarent,

1884 2168 1941 2212 et
1987 2159 2104 2227 ipse
2139 2158 2419 2214 conflictui
2476 2165 2785 2216 necessaria
2818 2179 3038 2229 curans,
3073 2166 3366 2219 nonnullos
3397 2166 3462 2219 ad

1885 2247 2410 2303 castra-Missurum
2437 2253 2773 2319 exploranda
2803 2253 3053 2318 dimittit,
3084 2255 3176 2325 qui
3215 2257 3316 2308 sub
3351 2271 3466 2310 me-

1884 2338 2078 2393 ridiem
2103 2354 2228 2394 cum
2262 2355 2357 2395 sex
2390 2341 2580 2396 Moesis
2612 2343 2843 2410 captivis
2886 2351 3260 2397 revertuntur.
3294 2344 3336 2397 li
3380 2345 3464 2397 in-

1887 2431 2168 2500 terrogati,
2199 2447 2382 2500 regem
2440 2433 2618 2502 pridie
2649 2449 2773 2488 cum
2823 2435 3066 2490 exercitu
3118 2436 3340 2489 domum
3379 2452 3464 2489 re-

1883 2536 2158 2590 gressum,
2189 2538 2248 2576 se
2281 2524 2559 2592 praedandi
2591 2539 2753 2580 causa
2809 2526 3036 2580 relictos
3082 2535 3137 2580 et
3166 2527 3238 2581 ita
3275 2535 3464 2596 captos

1885 2622 2216 2668 memorant.
2251 2613 2345 2668 Sic
2379 2613 2610 2669 Michael
2655 2625 3039 2685 strategemate
3074 2616 3462 2686 impenlorem
3543 2629 3550 2634 ‘

1883 2704 2107 2760 delusit.
2156 2704 2274 2758 Non
2311 2705 2468 2760 multi
2519 2705 2640 2760 dies
2685 2706 3140 2772 intercesserunt,
3183 2722 3306 2761 cum
3347 2707 3464 2776 ipse

1882 2811 2101 2866 quoque
2167 2799 2474 2866 imperator
2522 2797 2767 2852 Moesiam
2824 2798 3134 2862 incursans,
3167 2807 3223 2852 et
3261 2807 3460 2854 caztera

1883 2887 2134 2942 inii-stam
2193 2887 2406 2950 habuit,
2458 2896 2514 2942 et
2568 2887 2872 2958 Diampolin
2950 2902 3016 2942 ex
3071 2889 3294 2951 itinere,
3365 2905 3463 2944 seu

1883 2979 2064 3051 primo
2100 2979 2330 3048 impetu,
2353 2979 2706 3048 expugnavit,
2738 2987 2903 3047 atque
2938 2978 3011 3032 ita
3043 2979 3097 3032 in
3122 2979 3463 3045 provinciam

239 3072 327 3138 μὲν
352 3073 550 3146 ιιιχαὴλ
573 3075 1063 3145 κατεστρατήγησε
1097 3074 1346 3144 βασιλέα.
1376 3075 1453 3129 Οὐ
1483 3075 1703 3133 πολλαῖς
1726 3075 1782 3127 δὲ

1889 3087 2043 3128 suam
2080 3087 2338 3128 reversus
2379 3082 2480 3125 est.
2509 3073 2602 3126 Die
2653 3071 2724 3126 ab
2756 3072 2860 3126 hac
2891 3073 3211 3128 incursione
3237 3089 3464 3144 sexage-

234 3159 436 3231 ὕστερον
463 3163 702 3234 ἡμέραις
730 3163 824 3214 καὶ
871 3163 1037 3228 αὐτὸς
1081 3163 1363 3218 εἰσέϐαλεν
1402 3165 1484 3226 είς
1514 3162 1611 3232 τὴν
1661 3164 1768 3216 Μυ-

233 3249 364 3312 σίαν,
389 3250 479 3304 καὶ
507 3241 767 3304 τάλλείτε
798 3250 1079 3304 ἐκάκωσεν
1109 3250 1303 3319 αὐτὴν,
1332 3251 1427 3303 καὶ
1476 3251 1778 3318 Διάμπολιν

230 3334 361 3393 εἷλεν
399 3341 455 3405 ἐξ
481 3341 673 3410 ἀφόδου
693 3359 708 3374 ο
737 3341 834 3395 καὶ
865 3340 1150 3412 πορθήσας
1195 3341 1387 3412 αὐτὴν,
1421 3341 1780 3406 ἑπανέζευξεν

233 3433 308 3492 είς
335 3431 419 3502 τὴν
443 3432 668 3486 οίκείαν.
709 3432 768 3485 Ὀ
791 3433 1013 3502 Μιχαὴλ
1055 3433 1111 3486 δὲ
1149 3435 1286 3502 μετά
1309 3432 1610 3504 ἑξηκοστὴν
1643 3433 1781 3503 ἡμέ-

232 3537 329 3588 ραν
349 3523 436 3592 τῆς
464 3523 730 3593 βασιλέως
787 3524 1076 3593 εἰσϐολῆς,
1115 3525 1282 3578 πάλιν
1321 3527 1416 3579 καὶ
1466 3525 1629 3588 αὐτὸς
1669 3526 1781 3577 εἰσ-

230 3613 405 3668 έϐαλεν
429 3615 504 3678 εἰς
540 3616 642 3685 τὴν
665 3613 996 3684 ’⁹Ρωμαίων.
1039 3617 1150 3671 Καὶ
1184 3616 1477 3686 γενόμενος
1505 3617 1564 3669 έν
1596 3615 1782 3682 Ὀδρυ-

229 3705 436 3768 σοῐς,τδ
477 3706 744 3760 Βουκέλω
792 3709 1342 3777 προσαγορευόμενον
1399 3706 1644 3775 πόλισμα
1668 3702 1781 3758 εἷλε

231 3798 488 3870 προδοσίᾳ,
520 3799 631 3852 τῶν
660 3799 922 3868 φυλάκων
942 3800 1137 3862 νυκτὸς
1167 3799 1618 3866 καταπροδόντων
1641 3814 1656 3830 ο
1687 3799 1781 3850 καὶ

231 3885 701 3957 ἐστρατοπέδευσεν
730 3891 788 3942 έν
816 3889 967 3960 αύτῷ
995 3891 1265 3960 ἀδικήσας
1301 3889 1484 3959 μηδέν.
1518 3889 1782 3952 Βασιλεὺς

234 3977 285 4030 δὲ
343 3981 695 4053 Διδυμοτείχῳ
755 3982 1129 4052 ενδιατρίϐων,
1188 3983 1312 4034 ἐπεὶ
1382 3980 1615 4034 ἐπύθετο
1681 3982 1782 4050 τὴν

239 4069 457 4141 εἰσϐολὴν
476 4112 491 4135 ,
523 4075 602 4138 εἰς
648 4072 1094 4144 Ἀδριανούπολιν
1125 4070 1254 4146 ἦλθε
1288 4073 1433 4126 κατὰ
1465 4074 1650 4143 τάχος,
1680 4075 1782 4128 κά·-

243 4163 316 4213 κ;ῖ
343 4164 644 4235 συνήθροιζε
661 4166 760 4235 τὴν
786 4166 1048 4235 στρατιὰν
1076 4165 1152 4227 ώς
1180 4165 1526 4236 μαχούμενος
1551 4165 1778 4226 Μυσοῖς.

243 4252 338 4332 Καί
361 4257 386 4307 ὀ
415 4257 629 4326 Μιχαὴλ
653 4259 708 4309 έν
738 4257 1008 4311 Βουκέλου
1028 4257 1609 4328 ἐστρατοπεδευμένος,
1641 4273 1782 4327 παρ-

242 4348 533 4412 εσκευάζετο
560 4349 657 4402 καὶ
703 4348 865 4411 αὐτὸς
909 4350 975 4402 ὲκ
1006 4348 1104 4419 τῆς
1137 4348 1347 4412 οἰκείας
1382 4347 1642 4418 στρατιὰν
1683 4364 1782 4417 με·

1887 3163 2048 3224 simo,
2105 3178 2320 3218 rursum
2359 3163 2588 3218 Michael
2638 3164 2694 3217 in
2745 3163 3026 3219 Romanos
3059 3166 3466 3234 praedabundus

1889 3255 2118 3320 invadit,
2175 3265 2230 3310 et
2282 3255 2335 3310 in
2392 3255 2620 3327 Odrysis
2670 3256 2934 3310 Bucelum
2982 3256 3303 3327 oppidulum
3339 3272 3467 3327 'pcr

1890 3345 2256 3414 proditionem
2295 3346 2678 3400 excubitorum
2713 3346 2886 3414 capit,
2920 3345 3105 3416 ibique
3136 3357 3316 3400 castra
3347 3347 3465 3400 sine

1888 3435 2155 3489 maleﬁcio
2182 3437 2354 3503 ponit.
2378 3435 2676 3505 Imperator
2709 3437 2870 3506 200
2902 3437 3337 3508 Didymotichum
3377 3439 3464 3491 iu-

1891 3529 2144 3586 cursione
2166 3530 2392 3599 perlata,
2424 3529 2816 3598 AdrianOpoliu
2840 3529 3078 3594 festinat,
3107 3530 3195 3583 ubi
3234 3530 3464 3584 militem

1887 3621 1954 3675 ad
1995 3598 2226 3690 pugnam
2279 3620 2505 3690 colligit.
2549 3619 2778 3674 Michael
2818 3635 3038 3688 quoque
3069 3620 3232 3674 domo
3264 3623 3466 3674 cohor-
3542 3598 3574 3684 ’Ἴ

1889 3724 1971 3766 tes
2010 3711 2268 3766 Bucelum
2298 3720 2510 3771 evocat,
2544 3721 2793 3778 scseque'
2823 3709 2890 3762 ad
2931 3719 3208 3764 certamen
3243 3725 3467 3778 compa—

1891 3810 1995 3855 rat.
2020 3800 2150 3855 Post
2194 3787 2396 3869 paucos
2444 3799 2562 3853 dies
2609 3799 2930 3863 Probatum,
2959 3799 3199 3851 vicinum
3227 3799 3466 3867 Oppidu-

1887 3893 2023 3960 lum,
2081 3892 2367 3950 obsidioue
2414 3890 2603 3960 cingit.
2665 3889 2757 3944 Sic
2813 3905 2985 3959 usque
3030 3890 3083 3944 in
3123 3890 3464 3946 tricesimum

1888 3987 2034 4042 diem
2086 3994 2262 4039 castra
2311 3984 2508 4039 castris
2554 3992 2917 4052 opponentes,
2955 3983 3021 4036 ad
3060 3983 3303 4053 prtelium
3343 3997 3465 4036 sese

1890 4077 2259 4134 instruebant.
2308 4075 2520 4133 Paratis
2569 4075 2678 4144 jam
2709 4075 2988 4136 omnibus,
3012 4090 3136 4130 cum
3168 4074 3236 4130 ad
3273 4089 3476 4128 manus

1889 4168 2220 4225 veniendum
2275 4177 2439 4230 esset,
2472 4165 2638 4220 mittit
2684 4165 3014 4234 legationem
3048 4164 3114 4217 ad
3149 4163 3473 4216 Michaclem

1893 4265 2211 4331 imperator,
2261 4261 2420 4330 cujus
2470 4258 2587 4313 haec
2634 4273 2846 4314 summa
2880 4257 3023 4310 fuit:
3055 4255 3238 4309 Videri
3288 4255 3468 4324 ipsum

1893 4353 2140 4416 traderis,
2165 4359 2222 4406 et
2262 4348 2648 4420 iurisiurandi,
2688 4347 2835 4417 quod
2874 4348 3018 4400 inter
3047 4361 3105 4401 se
3133 4345 3276 4413 apud
3302 4346 3470 4400 'l‘zer-

245 4441 654 4510 ταπεμπόμενος.
715 4442 828 4496 Καὶ
875 4440 1109 4511 ὕστερον
1162 4440 1401 4510 ἡμέραις
1465 4439 1678 4507 ὀλίγαις
1717 4438 1782 4519 ,τδ

1892 4447 2213 4500 nomianum
2248 4442 2554 4506 dedissent,
2585 4438 2858 4494 oblivione
2879 4448 3120 4506 captum,
3154 4446 3317 4506 atque
3343 4435 3470 4489 ideo

249 4526 490 4596 Προϐἀτου
524 4535 618 4588 καὶ
675 4535 805 4586 αὐτὸ
847 4534 1095 4605 πόλισμα
1119 4534 1288 4601 ἐγγὺς
1325 4532 1386 4585 δν
1417 4549 1774 4602 περιστρατοο

253 4619 614 4692 πεδευσάμενος
653 4625 986 4696 ἐπολιόρκει.
1047 4622 1206 4679 Οὕτω
1258 4625 1355 4695 μὲν
1392 4623 1484 4677 οὖν
1530 4623 1780 4694 ἀλλήλοις

254 4709 832 4784 ἀντεστρατοπεδεύοντο
881 4716 976 4770 ἐπὶ
1021 4716 1319 4786 τριάκοντα
1353 4715 1587 4786 ἡμέραις
1625 4714 1785 4784 ἐξαρ-

253 4803 471 4870 τυόμενοι
517 4807 583 4860 τὰ
613 4807 751 4878 πρὸς
799 4807 901 4876 τὴν
955 4808 1156 4877 μάχην.
1196 4807 1350 4859 Ἐπεὶ
1381 4806 1437 4860 δὲ
1474 4807 1575 4878 ἡδη
1608 4806 1787 4860 πάντα

251 4887 541 4960 ἐπεπόριστο
593 4895 688 4948 καὶ
722 4892 828 4946 ἔδει
859 4893 1092 4956 ἐπιέναι,
1153 4894 1455 4964 πρεσϐείαν
1501 4893 1721 4968 πέμψας
1759 4893 1788 4946 ὸ

243 4979 468 5048 βασιλεὺς
517 4985 652 5054 πρὸς
690 4983 933 5056 Μιχαὴλ,
980 4985 1189 5039 οἴεσθαι
1217 4984 1404 5054 ἔλεγεν
1434 4985 1789 5056 ἐπιλελῆσθαι

236 5075 378 5128 αύτδν
399 5076 504 5129 τῶν
523 5094 583 5130 τε
605 5081 811 5148 ὅρκων,
859 5077 954 5131 καὶ
979 5078 1092 5130 τῶν
1129 5076 1436 5145 συνθηκῶν,
1468 5076 1517 5129 οἳ
1545 5078 1791 5144 ἐγένοντο

230 5167 396 5231 αὐτοῖς
418 5172 830 5241 συγγενομένοις
857 5170 916 5221 ὲν
937 5167 1368 5238 Τζερνομιάνου,
1399 5168 1492 5221 καὶ
1523 5168 1610 5220 διὰ
1633 5168 1790 5221 τοῦτο

222 5261 279 5330 τῇ
311 5276 367 5311 τε
412 5259 696 5332 Ῥωμαίων
744 5262 961 5332 πρῶτον
991 5259 1406 5327 ὲσϐεϐληκέναι,
1443 5261 1538 5314 καὶ
1570 5260 1660 5314 τὸν
1691 5261 1788 5313 πό⁸

217 5352 375 5422 λεμον
413 5354 789 5423 κεκινηκέναι,
815 5353 980 5406 αὑτὸν
1013 5351 1068 5405 δὲ
1105 5351 1414 5421 μεμνῆσθαί
1442 5367 1500 5403 τε
1521 5352 1630 5403 τῶν
1661 5369 1786 5403 συν-

211 5444 414 5514 θηκῶν,
447 5445 542 5498 καὶ
570 5446 837 5517 ἐμμένειν
881 5446 999 5508 ταῖς
1029 5443 1314 5506 σπονδαῖς’
1349 5444 1706 5514 ἀδικούμενον
1732 5444 1787 5498 δὲ

1883 4545 1940 4592 et
1971 4535 2274 4590 Romanam
2299 4533 2582 4602 regionem
2608 4530 2939 4592 incursasse,
2975 4537 3033 4583 et
3068 4527 3272 4581 bellum
3321 4540 3482 4600 com--

1886 4625 2146 4690 movisse,
2174 4639 2234 4679 se
2263 4631 2550 4693 pactorum
2583 4619 2918 4679 meminisse,
2955 4631 3055 4671 nec
3082 4631 3145 4671 ea
3176 4610 3479 4679 temerare,

1889 4719 1984 4774 sed
2019 4717 2209 4787 inique
2250 4715 2465 4776 laesum,
2499 4711 2854 4782 prioremque
2895 4709 3114 4763 insidiis
3143 4707 3472 4778 appetitum,

1892 4811 2032 4866 velle
2077 4825 2108 4864 a
2157 4823 2217 4864 se
2270 4809 2380 4862 vim
2413 4820 2604 4861 arcere
2639 4819 2704 4859 ac
2730 4803 3026 4874 depellere,
3057 4810 3113 4856 et
3144 4800 3374 4854 invitum
3403 4801 3480 4853 ad

1895 4904 2004 4959 hoc
2051 4900 2300 4972 praelium
2359 4897 2560 4967 adigi:
2607 4905 2662 4950 et
2721 4896 2851 4966 quia
2906 4903 3138 4963 uterque
3193 4892 3479 4946 exercitus

1896 4995 2140 5049 Thraces
2168 4993 2279 5047 sint
2311 4991 2426 5062 (55)
2462 4991 2625 5060 (quos
2656 5004 2768 5042 non
2791 5003 2849 5043 se
2879 4995 3089 5049 mutuo,
3117 4983 3211 5038 sed
3238 4980 3478 5052 iunctim

1887 5087 2089 5158 impios
2135 5083 2188 5138 in
2226 5083 2393 5137 Deum
2433 5081 2702 5136 Barbaros
2753 5079 2922 5133 armis
2948 5077 3216 5131 lacessere
3252 5079 3475 5142 Oporte-

1888 5179 2017 5244 ret),
2051 5183 2109 5229 et
2160 5172 2288 5244 quia
2335 5187 2492 5226 soror
2523 5187 2620 5224 sua
2671 5184 2795 5224 cum
2852 5181 2918 5222 eo
2957 5175 3125 5233 nupta
3161 5164 3266 5225 sit;
3303 5173 3470 5229 quem

1887 5269 2118 5340 proinde
2173 5266 2409 5320 amicum
2470 5264 2599 5325 sibi,
2637 5278 2744 5316 nou
2779 5261 2990 5314 hostem
3029 5255 3256 5324 cupiat;
3311 5251 3356 5306 si
3389 5257 3472 5303 ta.-

1887 5375 2012 5414 tnen
2044 5358 2306 5428 oppidum
2341 5357 2656 5429 proditione
2691 5360 3019 5421 occupatum
3059 5345 3337 5401 restituat.
3369 5339 3478 5395 Sim

1889 5448 2092 5514 minus,
2148 5463 2274 5503 cum
2326 5461 2512 5512 cruce,
2545 5460 2708 5514 quam
2745 5441 2880 5494 alias
2924 5439 2994 5491 ab
3023 5451 3089 5490 eo
3122 5434 3358 5496 missam,
3377 5446 3477 5485 ac-

1457 5553 1670 5613 Jacobi
1719 5556 1981 5617 Pontani
2019 5564 2206 5618 notua.

275 5654 395 5725 ('55)
442 5653 583 5723 lmo,
615 5663 833 5725 uterque
878 5658 1136 5712 exercitus
1180 5657 1413 5712 eamdem
1476 5654 1778 5726 religionem
1833 5667 2078 5713 sectetur.
2121 5657 2378 5720 Meudose

207 5725 416 5795 θρησκε
427 5726 532 5788 ξας.

2453 5656 2508 5711 in
2557 5671 2661 5712 ms.
2713 5651 3048 5723 interpretis,
3089 5650 3308 5723 Θρᾴκης
3370 5661 3475 5720 plu

3693 4577 3728 4604 οι
