4010 6190
301 412 394 475 425

1454 412 1821 475 HISTORIA
1838 412 2003 472 RUM
2044 411 2114 470 Li
2133 412 2273 471 BER
2318 413 2394 468 ll.

3446 422 3547 483 426

302 542 398 588 τες.
431 526 492 577 οὐ
525 525 686 593 μόνον
726 525 880 579 αὐτοὶ
935 526 1206 598 λαμπρῶς
1256 529 1349 582 καὶ
1412 527 1731 597 διαπρεπῶς
1764 544 1850 578 κε-

1969 524 2088 577 tlum
2141 525 2363 578 fuerunt
2416 525 2690 593 dispositi,
2740 525 2932 579 accitis
2997 527 3293 583 Moesorum
3350 514 3543 602 legatis

303 620 641 685 κοσμημένοι,
674 616 808 670 ἀλλά
837 618 928 671 καὶ
953 618 1135 683 ἵπποι,
1162 617 1333 688 οἱμὲν
1375 617 1612 687 θώραξιν
1644 619 1706 669 ὲκ
1746 615 1868 687 βύρ-

304 723 389 773 σης
418 709 809 776 πεποιημένοις
838 750 853 773 ,
905 711 955 763 οἱ
982 709 1040 764 δὲ
1065 709 1462 772 ἁλυσειδωτοῑς.
1500 708 1610 761 Καὶ
1638 702 1707 779 ἦν
1740 708 1868 761 ἰδεῖν

304 800 349 850 οὐ
390 799 548 867 μόνον
579 800 762 854 ὃπλων
780 803 873 856 καὶ
902 804 1091 856 ἵππων
1109 801 1272 856 ἓνεκα
1301 801 1608 865 πολυτελῶς
1633 802 1868 871 μάλιστα

305 889 818 960 παρεσκευασμένην
840 892 941 961 τὴν
982 892 1275 962 Ῥωμαίων
1307 889 1591 962 στρατιὰν,
1615 890 1751 944 ἀλλὰ
1771 894 1868 944 καὶ

307 983 481 1052 πλήθει
519 983 587 1036 ἐκ
627 980 825 1035 πολλοῦ
875 981 975 1036 τοῦ
1010 983 1205 1053 χρόνου
1255 980 1409 1036 οὔπω
1442 983 1573 1053 ἄχρι
1621 984 1708 1036 καὶ
1745 985 1867 1037 τότε

305 1076 559 1146 τοσαύτην
600 1075 962 1129 συνελθοῦσαν
1013 1077 1093 1137 είς
1125 1074 1206 1128 ἓν.
1277 1076 1351 1127 Ἥ
1393 1091 1453 1128 τε
1505 1077 1615 1145 γὰρ
1664 1077 1727 1128 ἐκ
1768 1077 1867 1144 τῆς

306 1165 527 1232 ἑσπέρας
572 1166 728 1216 πᾶσα
768 1162 970 1233 παρῆν,
1002 1167 1095 1216 καὶ
1133 1162 1445 1225 Μακεδόνες
1480 1165 1578 1216 καὶ
1626 1163 1864 1234 Θρᾷκες,

309 1256 380 1307 καὶ
418 1255 532 1306 ὅσοι
566 1254 630 1305 ὲκ
653 1252 763 1304 τῶν
792 1253 935 1305 κατὰ
983 1252 1083 1322 τὴν
1113 1251 1189 1305 ἕω
1222 1254 1339 1316 τοῖς
1373 1251 1672 1322 Ῥωμαίοις
1720 1250 1867 1322 ὑπή-

307 1348 428 1401 κόων
448 1346 661 1399 πόλεων
704 1342 846 1416 ἦσαν
870 1363 884 1377 '
912 1346 1014 1399 καὶ
1044 1347 1110 1400 ιιι
1138 1345 1435 1411 Βυζαντίου
1484 1346 1543 1400 δὲ
1586 1345 1754 1399 αὐτοῦ
1801 1348 1862 1400 ού

312 1442 451 1513 μόνον
483 1440 695 1502 ἱππεῖς,
728 1438 864 1492 ἀλλὰ
894 1438 988 1492 καὶ
1018 1438 1185 1503 πεζὸς
1215 1439 1407 1503 πολὺς,
1440 1438 1659 1493 δπλίται
1682 1456 1740 1493 τε
1772 1441 1867 1493 καὶ

307 1531 499 1596 τοξόται
525 1530 699 1599 ψιλοί.
746 1530 899 1582 Ἐπεὶ
926 1529 984 1583 δὲ
1016 1529 1158 1584 κατὰ
1191 1529 1479 1599 φάλαγγας
1500 1530 1576 1593 ὡς
1601 1532 1657 1593 ἐς
1688 1532 1867 1600 μάχην

310 1620 686 1691 παρετάξαντο,
706 1621 834 1682 τοὺς
851 1619 1056 1674 Μυσῶν
1081 1621 1583 1691 μεταπεμψάμενος
1609 1620 1867 1690 πρέσϐεις

306 1716 330 1767 ό
356 1712 621 1780 βασιλεὺς,
646 1711 761 1780 Τὴν
790 1712 891 1780 μὲν
946 1721 1209 1781 στρατιάν
1235 1714 1401 1781 ὁρᾶτε
1424 1713 1525 1784 τὴν
1546 1714 1704 1783 ἐμὴν,
1737 1714 1865 1785 ἔφη,

307 1805 371 1867 ὡς
428 1802 877 1874 παρεσκεύασται
939 1802 1079 1875 πρὸς
1134 1804 1353 1874 μάχην·
1418 1804 1749 1868 ἀπελθόντες
1806 1807 1864 1860 δὲ

1972 618 2311 686 imperator:
2357 606 2673 671 Exercitum
2722 634 2902 671 nteum
2956 627 3015 673 ut
3047 621 3119 675 sit
3150 623 3215 675 ad
3242 623 3549 697 dimicatio:

1978 725 2097 762 nem
2156 719 2381 779 paratus
2435 710 2658 777 videtis,
2713 711 2915 780 inquit.
2965 712 3102 767 itote
3133 730 3285 784 ergo,
3318 717 3547 788 regique

1974 806 2158 852 vestro
2183 800 2453 862 nuntiate,
2475 814 2561 854 me
2590 800 2700 871 jam
2734 811 2897 856 antea
2920 804 3069 872 pacis
3099 805 3563 874 cupidissimum,

1934 894 2079 944 "non
2112 892 2285 946 semel
2320 892 2386 945 ad
2417 892 2569 946 illum
2606 907 2774 964 super
2805 910 2867 949 ea
2895 895 3102 966 legatos
3137 900 3385 963 misisse;
3417 917 3545 955 eum
3603 914 3611 925 ‘

1970 982 2106 1036 nihil
2175 998 2393 1051 zrquum
2468 999 2535 1039 ac
2588 984 2869 1041 tolerabile
2922 988 3293 1057 respondisse.
3357 990 3547 1062 Itaque

1969 1074 2151 1127 crucis
2193 1075 2401 1129 virtute
2456 1073 2682 1143 fretum,
2729 1094 2890 1147 quam
2935 1081 3038 1133 sili
3067 1081 3217 1136 velut
3256 1081 3453 1152 pignus
3482 1101 3546 1139 ac

1971 1174 2298 1228 sponsorem
2331 1165 2654 1219 constantiae
2685 1180 2797 1221 sua:
2829 1168 2882 1221 in
2910 1167 3116 1224 foedere
3148 1174 3424 1228 servando
3449 1174 3546 1228 de—

1970 1252 2134 1315 derit,
2162 1254 2425 1307 adversus
2455 1254 2608 1309 illum
2629 1271 3039 1325 processurum.
3062 1260 3187 1317 Haec
3220 1263 3542 1332 imperator.

1969 1342 2157 1414 Legati
2186 1345 2251 1400 ad
2282 1361 2465 1415 regem
2496 1347 2787 1404 celerrime
2812 1351 3041 1417 reversi,
3073 1354 3206 1422 quid
3244 1355 3544 1424 imperator

1970 1430 2190 1493 dixerit,
2249 1435 2527 1502 quomodo
2582 1435 2828 1505 ingentes
2875 1438 3064 1507 copiae,
3095 1450 3151 1494 et
3204 1442 3285 1495 sic
3317 1453 3543 1499 armata:

1973 1536 2165 1580 contra
2196 1526 2370 1595 ipsum
2398 1526 2451 1580 in
2505 1527 2593 1580 via
2637 1527 2769 1591 sint,
2800 1530 3123 1586 retulerunt.
3154 1531 3400 1597 Michael,
3444 1536 3540 1603 qui

1972 1622 2135 1669 antea
2198 1616 2425 1671 rebatur
2488 1617 2765 1673 Romanos
2831 1634 3016 1674 secum
3062 1619 3349 1677 decertare
3394 1624 3543 1679 haud

1972 1719 2233 1769 ausuros.
2266 1706 2582 1777 intelligens
2606 1722 2703 1764 eos
2742 1708 2853 1776 jam
2884 1725 2992 1763 nnn
3017 1726 3187 1780 parvo
3219 1716 3464 1768 exercitu
3488 1726 3546 1771 et

1972 1811 2169 1868 magno
2199 1807 2465 1867 apparatu
2494 1798 2561 1853 ad
2594 1800 2839 1868 pnelium
2873 1801 3192 1870 procedere,
3217 1803 3410 1858 statuit
3435 1822 3543 1860 non

308 1865 659 1962 ἀπαγγείλατε
680 1892 891 1963 βασιλεί
914 1865 997 1963 τῶ
1020 1865 1298 1964 ὑμετέριρ,
1330 1894 1407 1958 ὡς
1432 1894 1543 1962 ἐγὼ
1568 1896 1666 1966 μὲν
1690 1865 1865 1950 ἀσπα-

1969 1886 2171 1943 debere
2206 1889 2259 1943 in
2289 1888 2464 1944 aliena
2497 1890 2721 1960 regione
2748 1892 2988 1967 ‘praeviso
3030 1892 3337 1969 discrimini
3371 1911 3546 1956 semet

310 1988 513 2057 ζόμενος
537 1990 638 2056 τὴν
660 1985 887 2055 εἰρήνην
919 1984 1187 2056 πρότερον
1215 1986 1477 2050 πολλάκις
1504 1987 1861 2058 διεπρεσὸευ-

309 2080 473 2149 σάμην
500 2078 639 2148 πρὸς
670 2077 729 2129 σὲ
773 2076 903 2148 περὶ
940 2075 1111 2145 αὐτῆς
1138 2062 1153 2109 έ
1214 2075 1309 2129 σοῦ
1352 2076 1410 2130 δὲ
1440 2077 1593 2132 οὐδὲν
1624 2080 1865 2142 ιπιειιιές

306 2172 745 2241 ἀποκρινομένου,
772 2172 838 2241 τῇ
869 2169 963 2223 τοῦ
996 2169 1236 2238 σταυροῦ
1260 2170 1492 2240 δυνάμει
1535 2169 1776 2241 θαρρῶν,
1804 2171 1888 2225 δν’

307 2264 452 2326 αὐτὸς
480 2262 754 2335 ἐγγυητὴν
792 2262 919 2330 ἔμοι
945 2261 1225 2333 παρέσχου
1249 2260 1343 2314 τοῦ
1395 2261 1661 2334 μηδέποτε
1684 2280 1864 2333 παρα-

309 2355 614 2425 σπονδῆσαι,
670 2352 959 2425 βαδιοῦμαι
1020 2354 1110 2413 ἐπὶ
1173 2352 1256 2407 σέ.
1303 2354 1569 2417 Βασιλεὺς
1615 2353 1717 2423 μὲν
1770 2349 1867 2408 οὖν

305 2445 515 2500 τοιαῦτα
539 2444 714 2500 εἶπεν.
746 2446 809 2500 υί
838 2445 1103 2516 πρέσϐεις
1144 2438 1257 2518 δὲῇ
1284 2443 1483 2515 τάχους
1526 2441 1697 2518 εἶχον,
1726 2449 1864 2517 πρὸς

310 2538 516 2607 βασιλέα
543 2538 837 2607 ἀφιγμένοι
859 2537 949 2591 τὸν
977 2535 1211 2601 ἑαυτῶν,
1239 2537 1365 2599 τούς
1395 2554 1455 2589 τε
1485 2536 1678 2606 λόγους
1691 2537 1867 2607 ἀπήγς

309 2630 482 2697 γελλον
510 2630 798 2701 βασιλέως,
821 2630 915 2685 καὶ
945 2628 1022 2693 ὡς
1046 2631 1080 2701 η
1112 2628 1346 2701 στρατιὰ
1382 2629 1623 2701 τοσαύτη
1650 2646 1708 2682 τε
1730 2627 1867 2684 οὖσα

312 2721 392 2772 καὶ
412 2721 578 2783 οὕτως
611 2719 928 2790 ὡπλισμένη
960 2721 1017 2773 ὲν
1042 2718 1146 2790 όδῷ
1175 2721 1313 2774 εἰσιν
1342 2720 1442 2790 ήδη
1487 2723 1555 2791 τῇ
1597 2720 1736 2791 πρὸς
1760 2721 1863 2774 αύ-

311 2810 450 2874 τούς·
487 2811 704 2884 Μιχαὴλ
729 2812 787 2866 δὲ
819 2813 1084 2883 πρότερον
1136 2811 1237 2880 μὲν
1290 2812 1390 2865 ούκ
1422 2812 1488 2867 ἂν
1517 2813 1759 2882 οἰόμενος
1785 2813 1865 2876 είς

311 2904 481 2972 χεῖρας
539 2902 726 2966 αὐτοῖς
760 2902 897 2956 ίέναι
945 2885 1251 2972 Ῥωμαίους
1291 2901 1607 2971 ὑπομείναι,
1657 2904 1778 2956 τότε
1807 2904 1866 2956 ὁὶ

310 2991 401 3061 ἥδη
432 2992 571 3061 ὀρῶν
596 2994 794 3056 αὐτοὺς
834 2993 1199 3064 ὡρμημένους
1241 2995 1378 3064 πρὸς
1405 2995 1502 3065 τὴν
1548 2995 1750 3065 μάχην,
1804 2995 1865 3049 τό

309 3100 362 3136 τε
403 3084 599 3155 πλῆθος
636 3088 730 3139 καὶ
778 3084 875 3154 τὴν
909 3084 1265 3155 παρασκευὴν
1306 3084 1617 3154 πυθόμενος
1643 3088 1742 3157 ὅση
1770 3082 1863 3158 ῆν,

1965 1979 2267 2051 objectare.
2298 1980 2650 2052 Quapropter
2695 1983 2880 2038 denuo
2909 1986 3093 2041 missis
3128 1988 3342 2059 legatis,
3377 1990 3544 2060 idque

1964 2086 2088 2127 cum
2125 2074 2405 2130 celeritate
2437 2076 2690 2142 maxima,
2710 2075 2973 2139 Bucelum
2998 2079 3367 2149 redditurum,
3393 2091 3448 2137 et
3471 2084 3541 2137 de

1964 2174 2162 2219 cetero
2205 2180 2394 2235 pacem
2438 2176 2795 2223 servaturum
2842 2171 3111 2238 spondet;
3153 2184 3418 2244 rogatque
3458 2172 3539 2229 uti

1966 2255 2193 2310 militem
2234 2256 2291 2310 in
2346 2268 2530 2313 castra
2571 2260 2818 2315 reducat.
2850 2260 3155 2331 Imperator
3187 2266 3542 2324 animadver-

1967 2352 2089 2397 tens
2137 2344 2287 2399 hunc
2340 2355 2618 2415 receptum
2671 2347 2776 2403 sibi
2818 2348 2936 2405 fore
2983 2350 3374 2419 honorificum,
3412 2373 3541 2414 cum

1968 2438 2261 2503 incruenta
2287 2438 2518 2510 victoria
2548 2440 2726 2496 libens
2742 2453 2925 2497 castra
2954 2444 3175 2512 repetit.
3204 2444 3339 2501 Nam
3372 2464 3544 2518 nuper

1967 2544 2069 2583 nec
2097 2528 2286 2594 verba,
2340 2545 2445 2586 nec
2479 2533 2623 2600 aequi
2663 2532 2905 2604 bonique
2961 2548 3158 2591 sensus
3189 2547 3249 2591 ut
3276 2538 3542 2597 Bucelum

1969 2619 2301 2701 restitueret,
2352 2620 2403 2676 ei
2455 2623 2789 2702 persuadere
2853 2625 3184 2695 potuissent,
3215 2630 3362 2698 quod
3395 2647 3545 2688 nunc

1969 2711 2307 2778 restitueret,
2344 2714 2607 2785 quodque
2643 2716 2874 2773 Romani
2902 2719 3173 2777 exercitus
3199 2737 3296 2791 per
3320 2724 3544 2780 ordines

1967 2800 2035 2856 ad
2068 2816 2305 2872 pugnam
2343 2803 2626 2860 distributi
2677 2820 2960 2862 accessum
3004 2824 3113 2863 non
3157 2812 3391 2875 tulisset.
3444 2816 3544 2871 sed

1970 2901 2099 2947 ante
2129 2892 2448 2949 conflictum
2486 2896 2671 2950 animo
2718 2897 2917 2963 victus,
2945 2908 3001 2954 et
3022 2902 3236 2969 .timore
3256 2906 3546 2972 perculsus

1971 2998 2212 3054 pugnam
2266 2994 2596 3052 recusasset,
2623 2987 2896 3043 confessio
2952 2991 3237 3047 manifesta
3267 3004 3408 3062 erat,
3430 2996 3547 3052 Ro-

1970 3089 2164 3138 manos
2194 3076 2512 3144 superiores
2553 3091 2697 3135 esse.
2741 3076 2920 3143 Quare
2957 3089 3012 3134 et
3048 3080 3349 3151 imperator
3380 3101 3545 3142 occa-

310 3177 401 3230 ούκ
449 3176 586 3242 ἔγνω
612 3176 722 3231 δεῖν
762 3180 820 3230 ὲν
864 3176 1099 3246 πολεμίᾳ
1146 3177 1226 3240 είς
1272 3176 1554 3246 προῦπτον
1614 3156 1864 3234 κίνδυνον

1970 3166 2125 3220 sione
2159 3167 2447 3232 utendum,
2471 3181 2576 3222 nec
2606 3168 2746 3222 ultra
2776 3184 2940 3238 quam
2958 3156 3054 3227 fas
3094 3176 3541 3234 contendendum

314 3267 555 3337 καθιστᾷν
574 3266 787 3321 ἑαυτόν.
825 3266 936 3320 Καὶ
984 3264 1210 3335 πέμψας
1242 3266 1404 3321 πάλιν
1447 3269 1573 3330 τοὺς
1597 3268 1860 3337 πρὲσὸεις

1969 3256 2257 3328 judicavit.
2291 3257 2505 3312 Etenim
2535 3268 2662 3314 ante
2693 3260 2853 3331 202
2885 3262 2937 3317 id
2971 3271 3206 3333 tempus,
3230 3266 3546 3326 Andronico

316 3348 346 3427 ᾖ
376 3357 616 3410 ἐδύναντο
642 3358 873 3428 τάχιστα
904 3358 1044 3427 πρὸς
1102 3356 1335 3427 βασιλέα
1358 3396 1374 3419 ,
1410 3358 1469 3410 τό
1526 3376 1583 3411 τε
1623 3360 1859 3430 πόλισμα

319 3445 562 3505 Βουκὲλου
632 3448 1003 3519 ἐπηγγέλλετο
1058 3447 1407 3520 παραδώσειν
1469 3452 1564 3504 καὶ
1631 3454 1856 3523 εἰρήνην

316 3539 447 3603 ἄξειν
476 3540 567 3594 τοῦ
602 3541 810 3603 λοιποῦ,
842 3542 936 3595 καὶ
961 3540 1128 3597 ἐδεῖτο
1160 3540 1423 3612 βασιλέως
1466 3544 1546 3604 εἰς
1583 3543 1641 3596 τὸ
1661 3547 1860 3601 οἰκεῖον

321 3633 663 3700 στρατόπεδον
684 3633 994 3701 ἀπαγαγεῖν
1049 3632 1148 3702 τὴν
1190 3633 1466 3703 στρατιάν.
1498 3635 1762 3701 Βασιλεὺς
1803 3637 1861 3692 δι

318 3720 446 3791 δρῶν
473 3724 653 3786 αὐτοῖς
686 3725 744 3775 έν
774 3722 920 3792 καλῷ
970 3722 1048 3792 τῷ
1086 3723 1328 3792 σχήματι
1374 3725 1474 3793 τὴν
1514 3725 1861 3799 ἀναχώρησιν

320 3815 615 3884 γινομένην,
664 3814 755 3869 καὶ
780 3816 880 3884 τὴν
910 3816 1065 3885 νίκην
1100 3816 1368 3884 ἀναιμωτὶ
1403 3819 1859 3887 προσγινομένην,

319 3905 535 3975 ἄσμενος
561 3906 878 3977 ἀνεχώρησε
911 3907 1044 3977 πρὸς
1066 3911 1127 3960 τὸ
1152 3907 1532 3976 στρατόπεδον.
1575 3907 1711 3962 Τότε
1750 3911 1860 3982 γὰρ

323 3998 562 4068 πρότερον
606 3999 680 4066 μὴ
718 3999 897 4066 λόγοις
938 3998 1034 4050 καὶ
1080 4000 1149 4068 τῇ
1179 3997 1271 4051 τοῦ
1314 3997 1482 4050 καλοῦ
1526 4000 1620 4052 καὶ
1644 4000 1858 4055 δικαίου

322 4090 481 4155 κρίσει
510 4089 600 4143 τὸν
642 4088 857 4160 Μιχαὴλ
899 4087 1187 4156 πεισθῆναι
1226 4086 1290 4140 τὸ
1332 4085 1596 4142 Βουπάλου
1625 4090 1863 4146 ἀποδοῦ-

325 4197 417 4247 ναι,
448 4182 577 4234 ἀλλὰ
604 4179 722 4244 νῦν,
778 4182 870 4236 καὶ
904 4181 963 4232 τὺ
993 4179 1095 4250 ῆδη
1128 4179 1262 4250 πρὸς
1303 4180 1483 4251 μάχην
1519 4198 1863 4254 παρατεταγ-

328 4271 475 4340 μένης
517 4273 616 4341 τῆς
645 4270 952 4339 ,Ῥωμαίων
1000 4270 1257 4340 στρατιᾶς
1287 4268 1385 4340 τὴν
1448 4269 1638 4339 ἔφοδον
1681 4272 1861 4326 αὐτῶν

326 4361 409 4431 οὐχ
436 4364 742 4434 ὑπομεῖναι,
760 4362 893 4416 ἀλλὰ
918 4362 1014 4415 καὶ
1039 4361 1147 4432 πρὸ
1166 4360 1266 4429 τῆς
1294 4361 1569 4431 συμϐολῆς
1597 4363 1861 4433 ἡττῆσθαι

326 4457 428 4516 ταῖς
448 4455 709 4525 γνώμαις,
739 4454 832 4507 καὶ⁵
847 4453 1125 4516 δείσαντας
1147 4451 1522 4522 ἀπαγορεῦσαι
1538 4453 1637 4525 τὴν
1658 4455 1868 4525 μάχην,

1970 3349 2187 3404 seniore
2212 3338 2539 3418 imperante,
2564 3364 2688 3404 cum
2724 3351 2781 3404 in
2805 3351 3177 3411 Romanorum
3204 3359 3544 3425 provinciam

1971 3438 2170 3508 saepius
2225 3437 2645 3508 impressionem
2696 3438 2975 3507 fecissent,
3006 3458 3278 3516 nemoque
3319 3448 3428 3504 illis
3453 3466 3547 3507 oe-

1971 3530 2259 3593 currisset,
2292 3529 2389 3584 sed
2421 3529 2790 3601 legationibus
2821 3541 2876 3587 et
2904 3536 3252 3591 sermonibus
3277 3538 3543 3597 duntaxat

1972 3619 2210 3675 fuissent
2236 3622 2522 3690 dirempta:
2555 3623 2968 3688 controversiae,
2999 3625 3371 3694 opinabantur
3427 3630 3540 3687 Ro-

1972 3726 2164 3766 manos
2190 3712 2548 3780 imperatores
2568 3725 2781 3777 eorum,
2811 3720 2869 3766 ut
2892 3713 3037 3769 bello
3068 3714 3538 3789 insnperabilium.

1973 3816 2041 3856 ne
2104 3810 2385 3871 aspectum
2432 3822 2437 3827 λ
2458 3801 2680 3871 quidem
2760 3801 2968 3858 laturos
3020 3818 3164 3861 esse.
3220 3809 3360 3863 Tum
3413 3828 3543 3869 teto

1977 3909 2173 3963 magno
2228 3901 2396 3963 atque
2454 3901 2681 3948 strenuo
2731 3894 2975 3948 exercitu
3039 3896 3349 3955 tendentem
3398 3902 3455 3958 in
3482 3920 3543 3959 se

1973 3984 2363 4053 imperatorem
2413 3997 2645 4038 cernens
2688 3982 2958 4051 Michael,
3015 3988 3175 4046 aliter
3228 3993 3420 4061 sensit,
3484 4005 3542 4051 et

1973 4079 2168 4147 pedem
2203 4078 2437 4133 omnino
2489 4078 2840 4142 referendum
2896 4081 3075 4139 duxit.
3116 4083 3246 4140 Tale
3282 4087 3540 4146 nimirum

1977 4168 2228 4225 universe
2240 4169 2602 4225 Barbarorum
2626 4172 2902 4242 ingenium
2919 4184 3026 4239 est,
3043 4175 3312 4233 effrenato
3331 4180 3541 4251 impetu

1975 4261 2185 4317 instare
2236 4263 2559 4318 cedentibus
2610 4262 2721 4334 (39)
2756 4304 2773 4329 ,
2819 4266 3118 4336 intrepidos
3177 4279 3234 4324 et
3314 4272 3370 4327 in
3421 4276 3542 4330 acie

1973 4362 2184 4410 stantes
2211 4353 2432 4425 aggredi
2487 4369 2596 4409 non
2644 4357 2866 4412 audere.
2899 4358 3131 4433 Romani
3161 4361 3367 4418 milites
3390 4367 3538 4435 quod

1972 4459 2303 4500 concurrere
2333 4453 2388 4499 et
2416 4444 2656 4499 hostium
2713 4445 2884 4516 spolia
2916 4450 3057 4517 (quae
3086 4458 3296 4506 tantum
3333 4468 3442 4508 non
3473 4461 3543 4513 de

329 4546 381 4596 τὸ
416 4545 691 4614 Ῥωμαίων
716 4543 985 4616 ἡττῆσθαι
1020 4542 1271 4613 φανερῶς
1319 4542 1725 4611 ὁμολογούντων
1764 4540 1863 4615 ῆν·

1973 4540 2225 4594 manibus
2260 4539 2367 4594 sibi
2399 4553 2586 4608 erepta
2619 4538 2907 4611 putabant)
2947 4542 3128 4612 legere
3151 4559 3263 4599 non
3291 4546 3542 4605 licuisset

332 4636 412 4688 καὶ
436 4637 518 4690 διὰ
545 4636 704 4690 τοῦτο
732 4637 826 4688 καὶ
858 4634 1067 4705 βασιλεῖ
1089 4634 1261 4688 ἐδόκει
1295 4633 1533 4705 χρῆσθαι
1560 4634 1636 4706 τῷ
1664 4635 1865 4707 καιρῷ,

332 4729 410 4779 καὶ
439 4729 510 4798 μὴ
534 4729 677 4800 πέρα
714 4726 808 4781 τοῦ
838 4727 1207 4798 προσήκοντος
1243 4725 1586 4793 φιλονεικεῖν.
1624 4727 1712 4779 Ἐν
1756 4726 1864 4797 γὰρ

327 4821 423 4880 τοῖς
462 4820 741 4889 προτέροις
787 4818 1021 4888 χρόνοις.
1067 4816 1408 4884 Ἀνδρονίκου
1433 4816 1527 4869 τοῦ
1562 4817 1895 4887 πρεσϐυτέοο

331 4927 411 4978 ρον
465 4912 720 4980 βασιλέως
771 4911 1051 4981 ἄρχοντος,
1102 4908 1303 4972 πολλὰς
1328 4909 1385 4970 ὲς
1441 4910 1541 4978 τὴν
1581 4908 1868 4978 Ῥωμαίων

322 5005 536 5068 ἑσδολὰςι
574 5005 684 5058 τῶν
713 5003 915 5058 Μυσῶν
964 5004 1374 5071 ποιησαμένων,
1407 5001 1529 5055 ἐπεὶ
1560 5001 1736 5064 οὐδεὶς
1773 5002 1869 5054 αύ-

317 5100 422 5159 τοῖς
452 5096 864 5166 ἀντεπεξῆλθεν,
898 5093 1034 5149 ἀλλὰ
1058 5093 1375 5161 πρεσϐείαις
1418 5094 1514 5146 καὶ
1559 5084 1742 5162 λόγοις
1774 5110 1867 5145 πι-

312 5188 488 5252 θανοις
512 5188 751 5243 διελύετο
794 5188 893 5251 τὰς
946 5180 1083 5256 πρὸς
1127 5183 1325 5247 αὐτοὺς
1363 5184 1625 5254 διαφορὰς
1655 5185 1684 5236 ό
1719 5184 1873 5254 βασι-

1976 4625 2368 4699 tristabantur';
2410 4640 2557 4687 tanta
2600 4632 2900 4688 dimicandi
2931 4634 3132 4704 cupido
3154 4652 3349 4696 omnes
3380 4655 3543 4710 cepe.

1916 4717 1925 4726 ’
1973 4733 2077 4778 rat.
2128 4723 2355 4787 Tamen,
2390 4738 2522 4792 pace
2559 4723 2861 4779 constituta
2895 4735 2953 4781 et
2992 4726 3200 4782 ftedere
3232 4744 3375 4785 novo
3403 4746 3542 4786 con-

1965 4816 2200 4883 ﬁrmata,
2227 4815 2455 4871 Michael
2493 4815 2753 4871 Bucelum
2783 4816 3061 4883 reddidit;
3093 4826 3151 4873 et
3165 4818 3255 4873 die
3285 4821 3542 4891 sequenti

1966 4908 2021 4961 in
2052 4908 2209 4977 equis
2257 4907 2663 4974 convenientes,
2697 4906 2992 4962 amicitiam
3041 4919 3408 4975 renovarunt;
3438 4925 3542 4966 nec

1966 5003 2171 5058 deinde
2198 5003 2342 5058 inter
2365 5001 2641 5057 Romanos
2692 5013 2748 5055 et
2791 5001 2989 5056 Moesos
3033 5002 3259 5067 bellum,
3290 5003 3383 5057 sed
3412 5015 3540 5071 per-

1968 5104 2132 5166 petua
2159 5111 2263 5167 pax
2316 5095 2442 5149 fuit.
2474 5093 2723 5163 Cumque
2776 5094 3133 5164 pepigissent.
3165 5093 3220 5147 in
3258 5104 3536 5163 posterum

1967 5197 2336 5244 conventuros
2382 5201 2492 5257 quo
2544 5187 2665 5242 loco
2693 5184 3142 5256 'eomplacuisset,
3171 5185 3265 5241 ille
3303 5187 3361 5240 tn
3408 5185 3538 5240 Μω-

1552 5298 1773 5361 Jacobi
1800 5301 2064 5363 Pontani
2106 5309 2291 5364 notes.

305 5412 501 5468 stabile
526 5425 738 5480 agmen.
774 5406 872 5480 Vir
897 5407 1030 5480 viro,
1055 5420 1210 5480 arma
1243 5406 1405 5480 armis
1455 5415 1695 5480 conserta
1720 5417 1862 5470 sunt,

304 5490 375 5538 ad
406 5476 589 5534 nutum
618 5478 878 5533 monentis
914 5477 1121 5539 intenti,
1156 5476 1304 5543 sequi
1328 5476 1500 5543 signa,
1528 5476 1737 5530 ordines
1762 5492 1878 5529 ser-

301 5569 431 5609 vare
475 5550 721 5603 didicere.
763 5546 912 5611 Quod
946 5546 1276 5615 imperaturi,
1317 5560 1492 5597 omnes
1541 5546 1872 5610 exaudiunt;

300 5625 579 5679 obsistere.
609 5618 854 5678 circuire,
893 5614 1211 5675 discurrere,
1242 5614 1486 5685 in‘cornu
1514 5622 1736 5685 mutare
1777 5632 1877 5685 pu-

296 5708 468 5766 gnant
504 5704 613 5766 non
636 5689 794 5766 duces
819 5686 1008 5766 inagis,
1032 5699 1191 5766 quam
1220 5682 1653 5766 miii'tes‘callent.
1705 5718 1718 5732 .

374 5761 494 5830 (59)
531 5759 709 5811 Etiam
746 5751 931 5830 bestiae
953 5751 1208 5830 quaedam
1232 5751 1503 5830 fugientes
1530 5767 1871 5830 persequun-

298 5820 418 5897 tur,
456 5834 853 5899 persequentes
886 5820 1118 5891 fugiunt.
1149 5821 1217 5874 Et
1248 5821 1508 5875 quoniam
1537 5820 1750 5879 barbari
1775 5838 1872 5893 pa-

640 5922 906 5980 PATROL.
940 5919 1057 5977 Gn.
1104 5914 1303 5977 CLIII.

1968 5420 2094 5461 rum
2125 5407 2386 5462 differunt
2422 5422 2453 5461 a
2505 5405 2687 5461 brutis
2720 5403 3113 5467 animantibus,
3138 5406 3267 5471 quia
3296 5400 3535 5465 barbari,

1979 5476 2084 5531 hoc
2118 5485 2222 5543 est,
2253 5477 2468 5547 inculti.
2498 5473 3090 5547 agrestes,‘inh_umani
3111 5480 3259 5547 sunt,
3295 5489 3404 5527 non
3438 5474 3540 5529 mi-

1970 5561 2102 5600 rum
2134 5561 2232 5601 eos
2270 5546 2324 5599 in
2362 5544 2465 5601 hoc
2512 5542 2733 5614 quoque
2762 5542 2967 5614 bestias
2998 5542 3538 5614 imitari,_sensuque

1979 5616 2163 5685 potius
2191 5614 2357 5685 duci,_
2377 5612 2776 5685 quamratione
2807 5612 2945 5682 regi,
2971 5625 3094 5685 cum
3129 5612 3260 5681 quid
3292 5612 3537 5679 virtutis,

1974 5682 2305 5755 atqueiadeo
2337 5682 2681 5755 fortitudinis
2702 5682 2792 5755 sit,
2823 5693 2930 5755 non
2963 5682 3205 5755 videant,
3237 5691 3293 5738 et
3317 5693 3538 5755 gustum

1975 5751 2117 5810 verae
2145 5754 2325 5809 laudis
2347 5761 2403 5809 et
2435 5754 2620 5824 gloria:
2643 5751 2852 5808 nullum
2888 5751 3150 5808 habeant.

3032 5909 3106 5971 14
