4010 6190
527 337 630 397 42ῐ

1684 337 1925 398 JOANN
1940 336 2008 396 [S
2042 335 2571 429 CANTACUZENI
3603 348 3685 410 428

527 458 686 523 siam,
733 459 1028 529 imperator
1081 440 1404 530 Byzantium
1437 457 1541 512 iter
1574 458 1828 527 arripuit,
1853 466 1909 511 et
1935 456 2068 511 mile:

2195 455 2340 518 λεὺς,
2373 454 2538 524 ᾤοντο
2577 454 2650 518 ὡς
2681 471 2821 507 τισιν
2846 453 3084 525 ἁμάχοις
3113 456 3244 526 μηδὲ
3285 458 3604 526 προσϐλέπειν
3630 466 3692 516 ἔτι

527 551 827 620 oppidatim
860 553 1119 609 diﬁluxit.

2197 550 2525 620 δυνήσεσθαι
2558 550 2682 612 τοὺς
2730 549 3016 619 Ῥωμαίων
3043 551 3309 619 βασιλέας.
3335 551 3457 605 Τότε
3492 554 3541 606 δὲ
3570 558 3593 608 6
3619 556 3688 609 Mt-

523 642 665 713 χαὴλ
691 643 832 714 ὀρῶν
853 644 953 714 ’ήδη
992 644 1215 716 βασιλέα
1265 643 1488 696 ἐπιόντα
1515 641 1680 711 πολλῇ
1711 657 1768 693 τε
1793 642 1890 694 καὶ
1907 638 2084 710 ἀγαθῇ
2124 644 2188 710 τῇ
2229 643 2478 712 στρατιᾷ,
2510 642 2571 694 οὗ
2621 642 2721 704 τὰς
2783 641 2951 701 αὑτὰς
2983 638 3097 711 εἷχε
3156 643 3392 712 γνώμας,
3429 646 3534 699 ἀλλ’
3559 651 3698 730 έδζιιει

519 739 628 792 δεῖν
654 741 978 810 ὑποχωρεῖν,
1043 740 1298 794 Τοιοῦτον
1329 740 1435 809 γὰρ
1481 740 1543 792 τὸ
1587 735 1917 807 βαρσαρικὸν
1973 735 2138 803 ἅπαν,
2177 738 2292 799 τοῖς
2335 754 2395 789 τε
2453 739 2552 808 οὐχ
2595 739 2964 807 ὑπομένουσιν
3015 739 3302 794 ὲπελαῦνον
3347 745 3576 812 ἀκρατῶς
3623 759 3698 807 καὶ

524 833 662 902 μετᾶ
696 832 895 904 πολλῇς
929 833 1274 901 ἐπικείμενον
1312 831 1506 901 ὁρμῆς,
1569 829 1666 882 καὶ
1717 830 1830 892 τοῖς
1897 828 1971 898 μὴ
2013 828 2492 897 ὲκπληττομένοις,
2564 829 2702 883 ἀλλὰ
2747 830 3000 898 μένουσιν
3042 832 3099 884 ὲν
3164 832 3241 901 τῷ
3314 834 3570 904 πολεμεῖν,
3620 843 3699 894 οὐκ

520 929 676 981 αὐτοὶ
720 927 1084 989 ἁντεπιόντες.

1164 926 1228 979 Ἠ
1281 925 1380 992 μέν
1429 941 1512 978 τοι
1560 924 1787 993 στρατιὰ
1828 922 2117 992 Ῥωμαίων
2175 924 2457 993 μονονουχὶ
2496 925 2565 977 τὰ
2619 923 2727 976 ἀπὸ
2783 924 2890 976 τῶν
2966 923 3239 992 πολεμίων
3295 929 3455 982 σκῦλα
3501 932 3698 1001 οἰόμενοι

519 1028 958 1096 ἀποστερεῖσθαι,
989 1024 1220 1093 ὴνιῶντο
1263 1025 1344 1076 ὅτι
1385 1022 1460 1094 μὴ
1505 1022 1804 1075 συνέϐαλον
1831 1023 2074 1085 Μυσοίςο
2112 1023 2347 1093 τοσαύτη
2416 1023 2695 1093 προθυμία
2725 1024 2957 1094 κατέσχε
2991 1024 3197 1086 πάντας
3224 1022 3356 1093 πρὸς
3413 1022 3504 1093 τὴν
3533 1025 3698 1094 μάχην.

521 1120 706 1188 Ὅμως
728 1119 835 1172 τῶν
864 1120 1102 1188 περὶτῆς
1125 1120 1348 1190 εἰρήνης
1411 1118 1692 1188 συνθηκῶν
1748 1119 2152 1188 γεγενημένων,
2187 1119 2248 1170 τό
2303 1136 2357 1172 τε
2391 1120 2655 1173 Βουκέλου
2689 1120 2969 1174 ἀπέδωκεν
3006 1121 3034 1172 6
3079 1120 3292 1189 Μιχαὴλ
3339 1120 3466 1189 πρὸς
3497 1119 3698 1188 βασιλέα,

516 1214 608 1266 καὶ
632 1215 858 1282 ἔφιπποι
891 1215 970 1276 εἰς
1000 1215 1096 1284 τὴν
1124 1215 1420 1285 ὑστεραίαν
1461 1213 1776 1276 ὲνωθέντες.
1821 1216 1924 1282 τήν
1953 1231 2013 1266 τε
2073 1213 2257 1282 φιλίαν
2322 1215 2716 1278 ἀνενεώσαντο,
2757 1217 2854 1269 καὶ
2887 1215 3184 1284 Ῥωμαίοις
3217 1216 3310 1268 καὶ
3331 1215 3523 1277 Μυσοῖς
3545 1215 3696 1268 οὐκέτι

517 1306 746 1372 πόλεμος
800 1306 1050 1376 ἐκινήθη,
1112 1306 1228 1359 ἀλλ’
1280 1306 1503 1377 εἰρήνην
1551 1301 1686 1376 ἦγον
1723 1304 1817 1356 τοῦ
1863 1302 2075 1358 λοιποῦ.
2118 1304 2442 1372 Συνθέμενοι
2497 1307 2554 1360 δὲ
2606 1306 2859 1377 ἀλλήλοις
2923 1305 2999 1368 ὡς
3066 1306 3146 1367 εἰς
3195 1303 3413 1358 τοῦπιὸν
3475 1305 3528 1356 έν
3552 1305 3701 1373 ταύτῷ

511 1400 832 1468 γενήσονται
883 1398 1094 1453 ὃποιᾶν
1124 1399 1276 1471 δοκῇ,
1324 1400 1351 1452 6
1393 1399 1495 1468 μὲν
1523 1400 1603 1461 εἰς
1632 1395 1868 1464 Μυσίαν,
1923 1395 2177 1465 βασιλεὺς
2239 1397 2297 1450 δὲ
2332 1400 2412 1462 εἰς
2471 1398 2766 1463 Βυζάντιον
2829 1398 3122 1469 ἐπανῆκον,
3189 1398 3280 1450 καὶ
3318 1397 3350 1466 ή
3388 1394 3596 1465 στρατιὰ
3617 1394 3701 1447 διε-

510 1495 644 1563 λύθη
655 1509 750 1545 σαν
774 1491 914 1545 κατὰ
940 1491 1148 1554 πόλεις.

1963 1605 2189 1665 CAPUT
2227 1606 2315 1662 IV.

511 1697 740 1768 Magnus
774 1699 1087 1754 domesticus
1117 1697 1410 1770 Syrgianni
1432 1701 1688 1754 mitiorem
1715 1717 1980 1772 carcerem
2002 1704 2272 1770 impetrat.
2302 1699 2490 1772 Postea
2519 1698 2813 1772 libertatem
2835 1701 3002 1756 eidem
3029 1703 3178 1772 petit.
3205 1695 3489 1772 Imperator
3515 1701 3701 1772 miratur

578 1787 696 1822 eam
733 1788 835 1823 non
867 1771 1046 1823 statim
1078 1769 1337 1837 petivisse,
1373 1786 1490 1822 cum
1528 1772 1642 1840 ejus
1681 1774 1852 1826 amori
1875 1769 2098 1824 daturus
2147 1772 2214 1824 sit
2245 1771 2445 1833 omnia,
2478 1769 2626 1838 cujus
2666 1769 3088 1840 magnitudinem
3120 1769 3376 1827 declarat.
3425 1769 3700 1823 Domestica;

577 1841 689 1911 ipse
723 1855 926 1909 quoque
953 1856 1107 1892 suum
1146 1855 1378 1911 amorem
1428 1840 1483 1890 in
1513 1839 1910 1911 [imperatorem
1942 1841 2219 1907 praedicat,
2251 1849 2301 1892 et
2324 1901 2333 1911 '
2356 1842 2614 1911 rationem
2649 1839 2776 1911 facti
2806 1842 2995 1911 reddit.
3032 1841 3266 1911 Angelus
3296 1857 3504 1911 magnus
3543 1845 3702 1911 strato-

578 1907 845 1982 podarcha’
875 1925 968 1982 p_ro
1008 1911 1214 1978 egregio
1241 1909 1370 1960 duce
1397 1907 1816 1982 commendatur.
1853 1910 2201 1982 Imperatoris
2237 1907 2408 1962 mater
2442 1907 2590 1962 Xeno
2621 1925 2676 1960 se
2709 1909 2772 1960 de
2798 1909 3098 1980 Sgrgianne
3119 1907 3358 1964 'cclatam
3385 1907 3428 1962 ἀ
3467 1907 3702 1961 domestice

575 1981 847 2033 irascitur.
878 1978 1210 2048 'Syrgimmcs
1233 1993 1259 2030 c
1287 1978 1525 2032 custodia
1555 1978 1862 2035 dimittitur.

575 2095 928 2162 Syrgiannes.
958 2100 1015 2145 ut
1072 2106 1240 2160 supra
1274 2090 1586 2157 docuimus,
1622 2106 1652 2145 a
1707 2091 1924 2147 seniore
1962 2092 2068 2146 An-

2171 2159 2174 2162 _
2246 2090 2354 2144 Τοῦ
2376 2090 2652 2162 Συργιάνη
2701 2091 2756 2144 δὲ
2796 2091 2900 2144 ὑπὸ
2935 2090 3028 2144 τοῦ
3064 2092 3432 2163 πρεσϐυτέρου
3473 2089 3698 2161 βασιλέως

506 2185 736 2238 dronico
793 2183 848 2235 in
896 2180 1118 2235 vincula
1173 2189 1494 2250 compactus
1527 2181 1652 2236 luit.
1682 2182 1753 2236 At
1792 2193 2079 2252 postquam

503 2277 691 2346 junior
720 2272 980 2343 Byzantio
1025 2273 1255 2342 potitus,
1294 2283 1469 2329 totum
1503 2275 1790 2344 imperium
1821 2277 2078 2350 obtinuit,

508 2381 738 2436 magnus
765 2363 1103 2418 domesticus
1129 2363 1250 2432 ejus
1281 2363 1384 2418 viri
1416 2364 1755 2432 recordatus,
1785 2376 1839 2421 et
1860 2366 1925 2420 ad
1953 2382 2076 2420 eum

503 2461 562 2514 in
597 2472 874 2513 carcerem
931 2455 1231 2526 ingressus,
1265 2456 1360 2510 ubi
1398 2457 1504 2512 loci
1541 2442 1811 2528 paedorem
1861 2459 2078 2528 squalo-

505 2564 758 2618 namque,
785 2556 841 2601 et
872 2547 1123 2616 bojarum
1163 2548 1216 2601 in
1253 2549 1446 2618 primis
1485 2551 1690 2605 cervici
1729 2553 1850 2622 eius
1914 2551 2077 2605 indu-

507 2653 720 2696 ctaium
752 2639 966 2709 pondus
1012 2639 1247 2708 aspexit,
1283 2640 1666 2711 imperatorem
1724 2643 1919 2708 oravit,
1965 2643 2079 2713 pri-

508 2748 657 2787 mum
688 2730 910 2799 quidem
945 2738 1007 2782 u-t
1048 2729 1116 2782 iis
1158 2729 1458 2794 levaretur,
1489 2729 1686 2786 deinde
1723 2740 1784 2786 ut
1809 2733 1973 2787 etiam
2010 2748 2077 2788 ex

501 2821 622 2889 ipso
671 2835 780 2888 quo
832 2821 1122 2872 tenebatur
1169 2834 1390 2875 carcere
1419 2822 1475 2876 in
1509 2836 1690 2876 arcem
1730 2821 1950 2876 Anema‘.
1983 2838 2075 2877 νο-

501 2929 682 2973 catam
717 2917 854 2987 μοι,
886 2930 1011 2969 cum
1061 2929 1234 2969 uxore
1281 2915 1582 2985 liberisque
1621 2918 1869 2970 victurus
1891 2916 2075 2970 dimit-

499 3020 729 3065 teretur.
762 3008 828 3062 Et.
855 3008 1151 3062 valuerunt
1214 3021 1425 3076 preces.
1471 3007 1840 3063 Nihilominus
1897 3007 2076 3063 adhuc

500 3100 941 3157 custodiebatur.
975 3098 1034 3154 In
1091 3098 1270 3152 reditu
1329 3105 1511 3152 autem
1539 3113 1569 3152 e
1601 3098 1835 3153 Thracia
1867 3097 2073 3171 Byzan-

498 3195 661 3257 tium,
703 3193 902 3246 iterum
961 3191 1346 3259 imperatorem
1384 3190 1592 3259 rogavit
1631 3199 1692 3243 ut
1739 3187 2072 3261 Syrgiannes

498 3300 530 3339 ο
560 3283 810 3338 custodia
852 3295 1075 3351 prorsus
1130 3297 1194 3336 ac
1246 3280 1486 3350 perfecte
1515 3282 1869 3336 eximeretur.
1899 3281 2076 3352 Impe-

2203 2183 2565 2254 Ἀνδρονίκου,
2597 2184 2848 2257 καθάπερ
2873 2185 3116 2254 ἔφθημεν
3144 2185 3409 2248 εἰπόντες,
3449 2185 3501 2236 έν
3521 2183 3701 2252 δεσμω-

2186 2275 2358 2344 τηρίῳ
2393 2276 2804 2344 φρουρουμένου
2836 2275 2941 2328 ὑπὸ
2978 2275 3180 2339 κλοιοῖς
3204 2315 3218 2338 ,
3253 2277 3423 2327 έπεὶὸ
3453 2275 3559 2336 νέος
3578 2274 3702 2341 βασι-

2187 2367 2310 2431 λεὺς
2341 2367 2634 2432 Βυζάντιον
2669 2365 2823 2430 ἑλὼν,
2855 2369 2953 2438 τῆς
2976 2367 3200 2437 ἀπάσης
3223 2368 3394 2438 ἀρχῆς
3420 2367 3511 2436 ήδη
3534 2366 3702 2430 ἐγκρα-

2184 2460 2284 2531 τὴς
2315 2455 2406 2530 ἦν,
2436 2461 2464 2512 6
2504 2461 2675 2530 μέγας
2723 2459 3041 2529 δομέστικος
3090 2461 3399 2531 Συργιάννη
3459 2456 3698 2529 μνησθεὶς,

2185 2553 2277 2605 καὶ
2324 2552 2458 2622 πρὸς
2483 2551 2644 2604 αὑτὸν
2667 2552 2747 2615 εἰς
2770 2552 2830 2604 τὸ
2859 2551 3237 2624 δεσμωτήριον
3267 2551 3452 2615 ἐλθὼν,
3500 2550 3604 2603 ἐπεὶ
3623 2549 3700 2614 τήν

2184 2660 2243 2697 τι
2287 2644 2455 2712 ἄλλην
2493 2642 2601 2696 ἀπὸ
2659 2643 2754 2696 τοῦ
2790 2644 3174 2714 δεσμωτηρίου
3223 2642 3592 2705 κακοπάθειαν,
3629 2641 3702 2691 καὶ

2187 2735 2421 2805 μάλιστα
2441 2734 2539 2805 τὴν
2559 2735 2666 2789 ἀπὸ
2686 2735 2794 2788 τῶν
2815 2735 3010 2788 κλοιῶν
3061 2737 3360 2800 πιέζουσαν
3389 2734 3536 2787 αὐτὸν
3561 2729 3706 2799 ἑώρα,-

2184 2826 2446 2898 βασιλέως
2471 2827 2662 2897 ἐδεήθη
2695 2828 2889 2896 πρῶτα
2923 2827 3023 2897 μὲν
3069 2828 3340 2899 ἀφεθῆναι
3379 2826 3481 2879 τῶν
3510 2821 3699 2876 κλοιῶν·

2182 2919 2372 2972 ἔπειτα
2406 2917 2463 2971 δὲ
2489 2919 2585 2972 καὶ
2606 2906 2826 2972 ἀπδτοῦ
2859 2918 3239 2989 δεσμωτηρίου
3265 2921 3320 2972 έν
3339 2912 3382 2988 ᾧ
3405 2917 3700 2988 ἐφρουρεῖτο.

2181 3013 2260 3072 είς
2284 3011 2375 3064 τὸν
2407 3010 2499 3064 τοῦ
2545 3011 2747 3080 Ἀνεμᾶ
2787 3010 3122 3081 καλούμενον
3160 3011 3371 3081 πύργον
3402 3008 3600 3076 γυναικὶ
3626 3004 3700 3056 καὶ

2177 3098 2387 3160 τέκνοις
2420 3097 2745 3163 συνδιὰγειν,
2784 3100 2879 3151 καὶ
2917 3098 3302 3168 κατεπράξατο
3345 3099 3574 3167 αἰτήσας.
3603 3095 3703 3145 Ἔτι

2181 3189 2364 3258 μέντοι
2403 3189 2762 3260 ἐφρουρεῖτο·
2812 3191 2955 3244 κατὰ
3006 3191 3064 3244 δὲ
3112 3192 3216 3262 τὴν
3247 3194 3309 3244 ἐκ
3361 3191 3564 3262 Θρᾴκης
3588 3186 3702 3256 πρὸς

2178 3280 2469 3344 Βυζάντιον
2502 3280 2760 3334 ἐπάνοδον
2782 3282 2984 3348 αὐτῶν,
3030 3278 3188 3346 αὖθις
3217 3284 3474 3354 βασιλέως
3501 3283 3526 3336 6
3555 3282 3702 3351 μέγας

495 3383 650 3428 rator
703 3387 760 3428 se
808 3371 1090 3440 colligens,
1126 3371 1283 3440 203
1335 3370 1498 3424 modo
1541 3370 1610 3423 ab
1639 3368 1732 3423 illo
1759 3384 1972 3424 summa
2011 3383 2068 3424 se

2177 3371 2492 3438 δομέστικος
2541 3372 2742 3437 ἐδεῖτο,
2802 3373 3000 3436 τελέως
3049 3374 3146 3442 τῆς
3201 3374 3422 3443 εἱρκτῆς
3469 3368 3703 3436 ἀπολυθῆο

496 3467 755 3521 affectum
826 3462 1077 3518 molestia
1170 3463 1329 3526 dixit,
1393 3477 1724 3530 causamque
1799 3460 2068 3526 adiunxit,

2175 3481 2264 3517 ναι
2317 3464 2678 3534 Συργιάννην.
2731 3465 2943 3534 Μικρδν
2990 3465 3048 3518 δὲ
3084 3466 3334 3535 ἐπισχὼν
3380 3467 3408 3518 6
3463 3461 3702 3534 βασιλεὺς,

498 3557 646 3628 quod
701 3571 900 3625 nempe
959 3568 1060 3610 suo
1112 3569 1240 3622 erga
1292 3553 1468 3623 ipsum
1519 3566 1708 3606 amore
1737 3551 2070 3606 domesticus

497 3649 721 3718 indigna
754 3647 1044 3716 cogitaret.
1073 3645 1225 3700 Adeo
1248 3645 1447 3714 quippe
1470 3645 1803 3699 excellenter
1832 3658 1890 3697 se
1919 3644 2069 3698 illum

495 3756 681 3795 amare
733 3738 873 3808 (Η),
907 3748 968 3792 ut
1008 3737 1055 3792 si
1100 3741 1146 3791 is
1175 3751 1501 3805 quacunque
1561 3735 1778 3791 tandem
1811 3735 1879 3789 de
1907 3750 2068 3802 causa

493 3827 843 3900 propinquis,
899 3827 1114 3892 amicis,
1170 3827 1437 3882 omnibus.
1476 3826 1731 3890 fortunis,
1791 3826 2072 3895 pretiosis-

496 3922 655 3976 simis
683 3929 849 3989 atque
875 3918 1214 3973 charissimis
1244 3919 1558 3989 quibusque
1590 3917 1800 3972 relictis
1821 3918 1876 3971 in
1910 3933 2071 3986 pere“

494 4012 655 4080 grino
683 4010 802 4064 solo
845 4011 1030 4079 potius
1059 4009 1257 4081 degere
1279 4009 1462 4073 vehet,
1499 4018 1798 4063 conaturus
1830 4017 1978 4060 esset
2010 4015 2069 4061 ut

493 4111 609 4155 rem
693 4101 1064 4156 illaudabilem
1139 4098 1494 4162 dissuadere;
1564 4099 1610 4153 si
1665 4097 1720 4152 id
1777 4098 2065 4166 nequiret,

496 4193 924 4264 disiunctionem
976 4205 1270 4259 corporum
1322 4203 1432 4243 non
1481 4187 1771 4252 ferentem,
1811 4188 2067 4243 similiter

497 4289 682 4340 omnia
722 4284 906 4338 valere
935 4283 1244 4352 jussurum,
1274 4291 1330 4334 et
1361 4294 1487 4334 cum
1517 4292 1584 4332 eo
1628 4280 1810 4349 potius
1844 4279 2067 4335 incertis

500 4377 728 4432 sedibus
780 4385 1120 4443 vagaturum.
1155 4371 1381 4442 Insuper
1434 4371 1481 4426 si
1510 4373 1788 4441 optionem
1835 4371 1988 4426 daret
2019 4373 2066 4426 is

492 4468 590 4538 qui
630 4468 744 4544 haec
772 4465 1021 4520 absolute
1051 4472 1255 4532 potest,
1287 4472 1344 4516 ut
1378 4463 1515 4516 alter
1550 4477 1650 4532 pro
1678 4461 1850 4515 altero
1885 4477 2064 4516 more-

493 4566 670 4620 retur,
699 4571 756 4610 se
809 4569 903 4624 pro
938 4554 1032 4608 illo
1079 4553 1244 4622 hujus
1295 4553 1434 4607 lueis
1475 4568 1641 4607 usura
1703 4552 2064 4606 libentissime

495 4645 820 4698 cariturum.
867 4641 1009 4708 Quin
1076 4642 1206 4706 imo,
1247 4640 1291 4695 si
1341 4642 1534 4696 stricto
1580 4655 1732 4705 ense,
1781 4641 2060 4696 occidendi

493 4749 659 4789 causa
684 4733 739 4788 in
772 4749 832 4787 se
854 4745 1076 4788 euntem
1106 4723 1335 4800 viderét,
1358 4749 1420 4788 ac
1440 4733 1639 4789 deinde
1669 4734 2062 4804 impedimento

2086 4788 2141 4848 D

2172 3552 2508 3624 λελυπῆσθαι
2540 3553 2692 3622 ἔλεγε
2723 3557 2818 3607 καὶ
2851 3555 2989 3609 πάνυ
3015 3556 3152 3626 παρ’
3176 3555 3343 3609 αὐτοῦ
3366 3556 3497 3618 νυνὶ.
3519 3555 3604 3608 καὶ
3620 3553 3701 3612 τὰς

2170 3645 2350 3708 αἰτίας
2380 3646 2710 3715 προσετίθει,
2747 3647 2975 3721 ἀναξίας
3007 3652 3241 3717 φάσκων
3264 3650 3362 3719 τῆς
3401 3647 3529 3719 πρὸς
3562 3643 3698 3699 αὑτὸν

2171 3739 2352 3806 φιλίας
2409 3743 2506 3800 τὰς
2547 3738 2805 3802 -διανοίας
2859 3728 3006 3808 ἔχειν
3065 3741 3252 3797 αὐτόν.
3305 3740 3562 3796 Τοσοῦτον
3609 3736 3699 3805 γὰρ
3767 3797 3769 3799 ,

2169 3825 2320 3895 αὐτῷ
2355 3829 2627 3898 περιεῖναι
2681 3827 2779 3897 τῆς
2836 3827 2975 3898 πρὸς
3025 3828 3192 3882 αὐτὸν
3253 3829 3455 3899 φιλίας,
3505 3827 3621 3881 ὥστ’
3660 3825 3701 3876 εἰ

2169 3917 2295 3971 καθ’
2312 3918 2596 3987 ἡντιναοῦν
2617 3919 2796 3973 αἰτίαν
2814 3920 3046 3984 οἰκείους
3067 3919 3251 3987 ἔδοξεν
3270 3922 3418 3993 αὐτῷ
3436 3923 3522 3975 καί
3541 3919 3702 3989 φίλους

2169 4008 2265 4060 καί⁸
2296 4009 2618 4079 περιουσίαν
2645 4014 2847 4078 πᾶσαν,
2871 4015 3008 4069 αὐτά
3040 4033 3099 4069 τε
3119 4017 3188 4071 τὰ
3220 4019 3518 4089 τιμιώτατα
3543 4014 3626 4068 καὶ
3645 4013 3700 4064 τὰ

2169 4099 2400 4166 φίλτατα
2455 4102 2846 4168 καταλιπόντα,
2890 4105 2984 4158 ἐπὶ
3041 4105 3198 4175 ξένης
3254 4109 3424 4161 οἰκεῖν
3475 4103 3699 4168 ἑλέσθαι,

2167 4192 2330 4245 αὐτὸν
2368 4193 2470 4264 μὲν
2497 4194 2708 4248 πείθειν
2746 4197 3084 4266 ἀποσχέσθαι
3116 4199 3210 4253 τοῦ
3256 4202 3577 4271 πράγματος
3601 4199 3702 4248 ἐπι·

2165 4287 2390 4354 χειρεῖν,
2441 4284 2540 4357 τὴν
2589 4287 2820 4343 ἀτοπίαν
2862 4291 2960 4358 ὅση
3005 4291 3414 4346 ἐκδιδάσκονται.
3457 4293 3514 4344 Εἰ
3554 4289 3700 4358 δὲμὴ

2163 4373 2378 4427 δύναιτο
2411 4375 2664 4441 κωλύειν,
2719 4381 2794 4448 μὴ
2823 4381 2998 4449 ῥᾷστα
3039 4381 3137 4453 τὴν
3187 4384 3465 4451 διάζευξιν
3491 4383 3551 4436 ἂν
3584 4381 3702 4433 ὑπε-

2164 4466 2401 4530 νεγκεῖν,
2419 4464 2554 4519 ἀλλὰ
2582 4467 2678 4520 καὶ
2717 4470 2878 4522 αὐτὸν
2895 4471 2958 4523 ὲκ
2977 4471 3070 4525 τοῦ
3094 4473 3282 4540 ὁμοίου
3311 4476 3477 4527 πᾶσιν
3501 4470 3700 4525 εἰπόντα

2161 4556 2392 4626 χαίρειν,
2428 4558 2488 4610 τὸ
2533 4561 2628 4612 σὺν
2678 4561 2830 4632 αὐτῷ
2865 4563 3170 4618 πλανᾶσθαι
3229 4565 3432 4635 μᾶλλον
3482 4562 3698 4617 ἑλέσθαι.

2167 4647 2285 4699 Ἔτι
2317 4665 2370 4699 τι
2417 4647 2664 4720 [προσέτι
2700 4653 2748 4704 εἰ
2796 4652 2873 4707 vel
2900 4652 2980 4705 ἔτι
3008 4655 3098 4707 καὶ
3139 4655 3211 4728 εἰ]
3244 4658 3293 4710 εί
3327 4656 3535 4726 αἵρεσις
3572 4649 3703 4717 αὐτῷ

2166 4737 2440 4808 προύτέθη
2497 4740 2647 4810 παρὰ
2696 4741 2790 4794 τοῦ
2841 4743 2909 4796 τὰ
2955 4744 3180 4798 τοιαῦτα
3224 4749 3400 4804 πάντα
3426 4743 3700 4813 δυναμένου

492 4826 701 4896 aliquo,
731 4825 858 4881 licet
907 4825 1146 4881 maxime
1182 4840 1490 4895 repugnans
1542 4826 1954 4895 prohiberetur,
1991 4841 2059 4880 ne

2171 4827 2304 4880 ὥστε
2328 4829 2415 4882 τὸν
2440 4830 2526 4883 ἒτε
2536 4847 2628 4900 ρον
2649 4832 2825 4886 αὐτῶν
2854 4835 3291 4891 ἀπαλλάττεσθαι
3317 4838 3411 4892 τοῦ
3434 4836 3550 4910 ζῇν,
3573 4833 3700 4888 ἁπά-

491 4917 574 4973 sic
594 4917 816 4987 quidem
845 4931 1006 4987 posse
1041 4932 1282 4986 unquam
1317 4916 1420 4971 sibi
1449 4916 1699 4971 odiosum
1729 4916 1872 4970 ﬁeri.
1895 4915 2059 4970 Deni-

2167 4932 2288 4980 σαις
2321 4919 2386 4972 ἂν
2412 4920 2583 4974 εἵλετο
2614 4921 2676 4975 τὸ
2708 4923 2817 4993 πρὸ
2858 4925 3026 4978 αὐτοῦ
3059 4927 3374 4985 ἀποθανεῖν.
3422 4929 3578 4983 Ἀλλὰ
3607 4925 3700 4994 μὴν

1715 5035 1933 5096 Jacobi
1967 5036 2230 5099 Pontani
2273 5047 2460 5103 notua.

564 5162 676 5236 (ιο)
710 5161 968 5236 Quamvis
996 5163 1181 5219 Graece
1207 5163 1300 5229 sit,
1331 5164 1415 5236 εἰς
1466 5161 1558 5214 τδν
1585 5159 1680 5213 τοῦ
1712 5159 1922 5236 Ἃνεμᾶ
1961 5181 2058 5236 κα·

492 5231 757 5303 λοῦμενον
789 5231 1020 5300 πύργον,
1053 5243 1233 5287 tamen
1256 5234 1534 5294 existimo,
1564 5245 1672 5303 non
1705 5235 1815 5282 lam
1861 5234 2057 5288 turrim

491 5297 689 5363 solam,
730 5297 1115 5371 quamlocum
1150 5303 1460 5371 quempiam
1502 5297 1804 5371 munitum,
1840 5313 1937 5355 seu
1968 5318 2060 5358 ar-

490 5389 608 5428 cem
665 5369 1063 5441 συνεκδοχικῶς
1105 5369 1337 5426 indicari
1371 5378 1470 5424 :et
1501 5369 1574 5422 ita
1609 5380 1807 5441 nomen
1846 5371 2058 5441 πύργος

491 5443 712 5510 videtur
741 5435 1142 5510 alibi—quoque
1192 5453 1478 5510 usurpare,
1535 5435 1716 5510 quod__
1743 5435 2054 5496 observavi.

491 5509 751 5565 Germani
783 5504 1070 5578 dicerent;
1085 5511 1141 5563 in
1164 5510 1246 5562 die
1281 5504 1448 5578 Bitrg,
1477 5510 1530 5562 in
1553 5504 1921 5578 αέα-νοτίης.
1950 5510 2055 5566 Sed

494 5581 650 5646 prius
685 5577 822 5650 illud
874 5593 905 5630 a
953 5574 1142 5632 Greco
1196 5579 1371 5646 ﬂuxit,
1395 5574 1481 5632 'ut
1514 5581 1622 5635 alia
1656 5574 1822 5645 huius
1853 5574 2056 5650 lingua:

493 5663 653 5719 quam
688 5647 936 5719 plurima.

564 5716 678 5784 (41)
710 5717 876 5770 Amor
909 5715 1255 5777 imperatoris
1279 5717 1333 5771 in
1361 5719 1745 5789 domesticum,
1777 5735 1874 5778 seu
1905 5717 2050 5773 Can-

2162 5175 2512 5248 tacuzenum,
2535 5179 2618 5248 _et
2669 5172 2833 5242 hujus
2868 5173 2922 5228 in
2945 5175 3130 5248 illum,
3155 5177 3347 5232 multis
3388 5178 3543 5240 locis,
3573 5189 3696 5244 pm?-

2157 5243 2680 5318 sertim.per_hunc
2717 5252 2784 5318 _et
2835 5245 3052 5299 tertium
3097 5247 3299 5318 librum
3345 5243 3694 5318 memoralulj;

2161 5304 2268 5360 fuit
2297 5304 2443 5388 enim
2471 5310 2781 5380 singularis.
2813 5321 2868 5388 et
2902 5327 3128 5388 possunt
3164 5317 3218 5370 hi
3249 5317 3397 5388 inter
3436 5304 3694 5388 illauparia'

2164 5381 2463 5456 numerari,
2494 5395 2728 5456 quorum
2784 5381 2855 5436 ob
2904 5381 3208 5456 amicitiam
3263 5381 3581 5456 immortalis
3621 5390 3696 5456 ρξι

2165 5451 2741 5520 memoriaLRursum
2800 5467 2921 5520 cap.
2982 5454 3036 5517 9,
3064 5455 3157 5510 lib.
3192 5471 3270 5520 ιιι,
3307 5470 3358 5510 c.
3380 5457 3434 5519 3,
3465 5456 3518 5518 4,
3541 5453 3592 5515 6.
3618 5451 3693 5520 Ην

2161 5511 2405 5594 ἕνη-τι,-
2436 5517 2522 5580 55,
2569 5519 2811 5594 14,82,
2853 5511 2940 5594 99,
2978 5511 3076 5578 lib.
3116 5541 3197 5594 tv,
3244 5511 3366 5592 cap.
3420 5511 3471 5588 ἰ,
3504 5511 3690 5585 3,24;

2160 5581 2541 5665 0_rnitt0_loeos
2568 5581 2704 5665 li_bri_
2731 5581 2998 5665 primi_,'et
3023 5581 3287 5663 insignem
3311 5581 3468 5665 illum
3504 5581 3604 5665 ei”
3623 5598 3697 5665 ῑεξ·

2159 5657 2416 5710 stimonio
2454 5657 2645 5713 matris
2673 5657 2982 5727 domestici,
3016 5657 3251 5733 cap—28,
3277 5663 3522 5734 ejusdem
3553 5659 3693 5714 libri.
