4010 6190
339 426 441 490 129

1503 422 1870 486 HISTORIA
1883 421 2048 485 ΡιοΜ
2079 423 2308 484 LIBER
2349 422 2429 486 Iit.

3491 423 3594 498 430

339 547 453 614 είγε
503 545 599 598 καὶ
636 543 860 610 οίκείοις
889 546 1140 615 ὄμμασιν
1175 545 1322 616 ἐώρα
1359 543 1512 613 ξίφος
1541 544 1735 613 ἔχοντα
1771 541 1904 612 αύτίι

2023 557 2130 611 que
2180 542 2446 612 quidquid
2487 543 2713 598 charum
2763 552 2819 598 et
2850 541 3150 612 jucundum
3203 545 3309 600 sibi
3345 556 3593 616 prazstarl

340 640 413 702 ὡς
439 637 842 691 ἀποκτενοῦντα
861 639 1099 701 ἐπιέναι,
1122 635 1223 691 εἷθ’
1248 637 1340 690 ὑπ’
1358 636 1523 707 ἄλλης
1548 636 1693 696 τινὸς
1711 633 1909 699 αίτίας,

342 729 430 782 καὶ
469 729 612 781 πάνυ
659 729 733 798 μὴ
781 726 1111 798 βουλόμενον
1163 728 1485 798 συμϐέϐηκε
1544 727 1910 788 κεκωλῦσθαι,

343 821 459 890 μηδ’
483 821 628 873 οὕτω
655 821 952 890 δυνηθῆναι
978 818 1042 874 ἀν
1070 837 1201 873 ποτε
1234 821 1493 890 ἀπεχθῶς
1537 819 1911 872 διακείσεσθαι

341 913 504 981 αὐτῷ.
548 913 654 967 Καὶ
683 914 818 976 ὅλως
851 915 1020 984 μηδὲν
1057 907 1198 966 εἶναι
1226 914 1254 966 ὃ
1280 914 1402 968 καθ’
1431 913 1627 984 ἡδονὴν
1654 913 1714 965 δν
1761 913 1912 983 αὐτῷ

341 1005 667 1074 πραχθῆναι,
697 1006 772 1076 μή
795 1006 957 1060 αὐτὸν
979 1009 1074 1060 σὺν
1091 1007 1239 1077 πάσῃ
1270 1005 1553 1077 προθυμίᾳ
1579 1007 1908 1076 παρασχεῖν,

341 1095 410 1157 ὼς
439 1095 578 1148 ἅττα
609 1095 676 1148 ἃν
703 1091 852 1165 αύτῷ
894 1095 1131 1168 ἀρέσκῃ,
1178 1099 1275 1149 καὶ
1327 1095 1476 1164 αὐτῷ
1509 1096 1682 1164 ἡδέων
1721 1112 1910 1164 φαινο-

345 1186 536 1254 μένων.
596 1187 818 1238 Τούτων
870 1182 965 1238 οῦν
1023 1182 1196 1248 οῦτως
1257 1187 1515 1256 ἐχόντων,
1575 1187 1764 1254 ὥσπερ
1817 1186 1911 1238 καὶ

341 1276 500 1329 αὑτὸν
548 1277 740 1344 σαφῶς
786 1275 994 1330 οἴεσθαι
1025 1276 1348 1340 πεπεῖσθαι,
1378 1276 1682 1346 θαυμάζειν
1710 1277 1790 1328 ὅτι
1834 1274 1909 1344 μὴ

341 1369 473 1420 κατὰ
526 1367 756 1436 γνώμην
787 1356 848 1420 δν
886 1366 1033 1436 αύτῷ
1062 1368 1404 1438 Συργιάννην
1447 1366 1786 1436 ἀπολυθῆναι
1813 1368 1909 1436 τῆς

342 1461 582 1530 εἱρκτῆς,
614 1460 916 1530 ἐλευθέρως
939 1461 1036 1513 καὶ
1061 1459 1413 1530 ἀπεριέργως
1447 1454 1604 1511 εἶπεν
1626 1457 1685 1522 ἐξ
1711 1459 1905 1527 ἀρχῆς,

344 1554 452 1607 ἀλλ’
471 1552 661 1623 ὥσπερ
684 1554 839 1616 τινὰς
864 1553 1147 1622 τιθέμενον
1188 1551 1560 1620 ἀναδασμοὺς,
1587 1549 1780 1620 πρῶτα
1813 1550 1910 1618 μὲν

347 1647 536 1709 εἰπεῖν,
595 1646 706 1698 τῶν
759 1645 957 1698 κλοιῶν
1007 1644 1170 1697 αὐτὸν
1230 1643 1526 1712 ἀνεθῆναι,
1560 1638 1661 1694 εἶτ’
1700 1642 1764 1694 ἐκ
1813 1639 1908 1692 τοῦ

346 1735 721 1806 δεσμωτηρίου
761 1735 895 1804 πρὸς
920 1737 1106 1806 ἕτερον
1131 1735 1542 1804 ἐπιεικέστερον
1576 1731 1907 1802 μετενεχθῆ-

344 1828 606 1890 ναι,ὦστε
636 1827 900 1880 δύνασθαι
945 1827 1094 1895 αύτῷ
1118 1826 1214 1878 καὶ
1243 1827 1310 1879 τὰ
1343 1827 1510 1879 τέκνα
1545 1827 1781 1878 συνεῖναι
1815 1825 1908 1876 καὶ

2024 635 2174 698 velit,
2215 635 2272 689 id
2329 652 2386 691 se
2419 651 2582 704 quam
2615 636 2973 706 cupidissime
3028 637 3426 706 praastitnrum.
3459 641 3593 696 Nam

2019 742 2142 794 qua:
2179 727 2296 794 ejus
2334 727 2518 780 animo
2565 727 2834 794 placeant,
2883 729 3075 782 eadem
3127 738 3183 782 et
3249 729 3352 784 sibi
3407 733 3593 786 suavia

2019 823 2183 883 atque
2220 829 2434 870 amoena
2476 816 2670 868 videri.
2701 813 2832 881 Qua:
2880 833 3000 870 cum
3044 817 3115 870 ita
3171 817 3302 883 sint,
3331 821 3596 887 quemad-

2021 905 2242 959 modum
2271 916 2326 960 et
2355 907 2584 975 ipsemet
2607 917 2758 960 certo
2786 908 2946 974 sciat,
2977 909 3166 962 mirari
3193 925 3271 974 se,
3302 924 3427 966 cum
3461 910 3593 981 Syro

2017 998 2274 1067 giannem
2301 997 2551 1052 custodia
2588 999 2880 1054 liberatum
2926 1001 3291 1068 desideraret,
3317 1009 3593 1073 quomodo

2019 1089 2072 1143 id
2102 1105 2211 1144 non
2251 1106 2279 1143 a
2333 1090 2600 1158 principio
2635 1091 2868 1161 ingenue
2901 1093 3332 1163 simpliciterque
3363 1111 3594 1164 aperue-

2019 1182 2112 1244 rit,
2144 1181 2238 1234 sed
2268 1181 2538 1250 gradatim
2571 1183 2907 1248 ascenderit,
2937 1199 3002 1238 ac
3037 1187 3276 1253 primum
3311 1187 3592 1242 collariam

2019 1271 2236 1325 detrahi
2266 1271 2542 1340 petiverit,
2575 1272 2704 1326 dein
2740 1273 3016 1328 hominem
3045 1275 3097 1329 in
3137 1293 3415 1332 carcerem
3450 1280 3590 1335 tole-

2018 1357 2330 1419 rabiliorem
2379 1362 2684 1427 transferri,
2730 1364 2822 1417 ubi
2875 1367 2984 1419 nati
3025 1377 3080 1420 et
3111 1368 3307 1438 conjux
3358 1385 3483 1424 cum
3517 1388 3585 1426 eo

2019 1458 2215 1524 degere
2246 1465 2468 1526 queant,
2495 1473 2639 1510 nunc
2687 1467 2866 1510 autem
2919 1459 3145 1511 omnino
3178 1475 3206 1514 e
3249 1477 3470 1517 carcere
3505 1464 3590 1518 di-

2017 1551 2181 1605 mitti.
2225 1549 2330 1603 Par
2370 1549 2560 1614 fuisse,
2612 1564 2709 1618 pro
2755 1564 2817 1603 ea
2853 1566 2960 1619 qua
3003 1552 3146 1620 apud
3185 1569 3243 1607 se
3287 1557 3458 1624 gratia
3491 1571 3591 1609 an-

2016 1641 2385 1709 ctoritateque
2421 1640 2618 1701 valeat,
2650 1641 2832 1694 statim
2876 1657 2906 1694 a
2948 1643 3220 1711 principio
3251 1645 3588 1702 voluntatem

2015 1748 2169 1786 suam
2199 1732 2480 1786 declarare
2513 1731 2817 1795 liberrime,
2845 1748 2946 1788 nec
2979 1749 3042 1787 ea
3069 1734 3256 1790 divisa
3297 1737 3351 1789 in
3383 1749 3588 1806 partes,

2016 1824 2096 1878 sic
2131 1839 2231 1894 pro
2289 1838 2382 1877 reo
2436 1838 2673 1892 precari.
2719 1823 2853 1877 Eum
2903 1837 3084 1880 autem
3140 1827 3367 1894 perinde
3424 1830 3590 1885 verba

343 1919 434 1983 τὴν
467 1922 723 1987 γυναῖκα,
757 1921 872 1971 νυνὶ
917 1918 975 1971 δὲ
1022 1917 1378 1970 παντάπασιν
1437 1915 1775 1984 ἀπολυθῆναι
1807 1917 1904 1983 τῆς

2013 1916 2229 1979 fecisse,
2253 1931 2316 1970 ae
2345 1916 2387 1970 si
2420 1917 2504 1970 vel
2543 1918 2596 1970 in
2623 1917 2828 1970 amicos
2863 1917 3145 1972 sordidum
3171 1929 3226 1974 ct
3252 1921 3479 1977 honoris
3499 1938 3592 1978 eo-

342 2011 576 2080 είρκτῆς.
614 2012 744 2062 Δέον
778 2008 887 2079 γὰρ
921 2008 1063 2078 μετά
1088 2009 1188 2076 τῆς
1220 2025 1303 2060 σοι
1348 2006 1736 2076 προσηκούσης
1769 2007 1910 2076 παῤ-

343 2104 531 2174 ρτ,σίας
560 2101 721 2158 εὐθὺς
742 2101 800 2164 ἐξ
821 2099 1000 2170 ἀρχῆς
1023 2099 1083 2152 τδ
1108 2098 1360 2168 βούλημα
1391 2099 1617 2166 ποιῆσαι
1651 2099 1907 2168 φανερδν,

339 2194 431 2248 καὶ
454 2194 528 2263 μή
560 2193 886 2262 διατεμόντα
915 2192 995 2254 είς
1029 2190 1217 2255 πολλὰ,
1249 2192 1391 2244 κατά
1422 2190 1590 2260 μέρος
1633 2191 1908 2244 ποιεῖσθαι

339 2283 433 2346 τὰς
465 2284 735 2352 αἰτήσεις.
769 2283 841 2334 Σὺ
873 2281 918 2335 δ’
947 2280 1137 2350 ὥσπερ
1169 2279 1201 2350 ή
1236 2280 1374 2350 ἐμοῦ
1412 2280 1614 2350 πολλὴν
1656 2280 1911 2352 μικρολο-

340 2373 458 2440 γίαν
487 2374 579 2426 καί
606 2372 959 2442 ἀφιλοτιμίαν
994 2369 1362 2439 κατεγνωκὼς
1386 2388 1452 2423 πε
1464 2373 1515 2441 pl
1535 2372 1660 2435 τοὺς
1697 2372 1906 2440 φίλους,

344 2465 376 2533 ἢ
414 2464 594 2534 σαυτῷ
629 2464 932 2533 ἀδυναμίαν
964 2462 1248 2526 συνειδὼς,
1278 2461 1452 2524 οὕτως
1499 2463 1748 2533 ἐποιήσω
1781 2465 1908 2526 τοὺς

343 2557 557 2625 λόγουςο
599 2549 659 2611 οῦ
703 2556 768 2625 δὴ
811 2555 984 2616 ἕνεκα,
1021 2557 1115 2608 καὶ
1166 2553 1498 2626 ἀχθεσθῆναι
1541 2550 1720 2611 εἶπον.
1770 2557 1909 2609 Νυνὶ

341 2651 382 2704 δ’
407 2650 522 2704 ἐπεί
555 2667 640 2704 σοι
672 2648 824 2718 φίλον
861 2647 1202 2718 ἀπολυθῆναι
1225 2648 1586 2719 Συργιάννην,
1612 2648 1672 2701 τὸ
1697 2649 1907 2703 κωλύον

343 2743 502 2797 οὐδέν,
536 2743 710 2796 Ἀττα
735 2742 843 2810 γάρ
864 2740 931 2794 ἂν
962 2741 1110 2811 αύτῷ
1140 2757 1221 2794 σοι
1255 2742 1350 2793 καὶ
1383 2740 1638 2808 βέλτιστα
1657 2740 1785 2811 δοκῇ
1815 2743 1908 2794 καὶ

343 2836 483 2906 ήδέα,
517 2837 620 2890 οὐκ
670 2835 960 2898 ἐσθ’ὃπως
1017 2835 1094 2903 μή
1144 2836 1207 2886 ὲκ
1257 2833 1350 2886 τοῦ
1384 2831 1500 2885 ίσου
1545 2833 1708 2902 ὃμοια
1740 2834 1909 2901 κάμοὶ

343 2929 606 2984 δοκεῖν.⁹0
642 2929 812 3000 μέγας
837 2927 893 2980 δὲ
923 2927 1242 2996 δομέστικος
1265 2963 1280 2989 ,
1323 2925 1524 2994 Ἀληθῆ
1550 2942 1612 2992 γε
1656 2926 1904 2993 είρηκας,

344 3020 505 3086 εἶπεν,
541 3016 586 3075 ὦ
611 3021 864 3092 βασιλεῦ·
895 3021 955 3072 ού
981 3019 1088 3089 γάρ
1139 3020 1310 3081 ἐστιν,
1339 3017 1440 3069 οὐκ
1487 3016 1636 3070 ἔστιν
1676 3017 1847 3079 οὐδὲν,
1881 3017 1908 3068 ὃ

346 3115 660 3186 θελήσαντος
703 3111 841 3182 ἐμοῦ
871 3111 1210 3181 πραχθῆναι,
1247 3108 1500 3163 ἐναντίαν
1531 3107 1698 3170 οίσεις
1728 3109 1909 3177 ψῆφον

2012 2000 2134 2062 rum
2183 2009 2544 2078 negligentem
2595 2011 2772 2080 ipsum
2811 2011 3104 2080 judicaret,
3153 2013 3236 2066 vel
3289 2029 3348 2067 se
3393 2030 3586 2082 parum

2010 2116 2170 2170 posse
2205 2101 2465 2166 sentiret;
2495 2113 2658 2171 atque
2687 2103 2791 2157 hoc
2824 2119 2948 2159 esse
2980 2105 3125 2173 quod
3156 2106 3262 2160 sibi
3295 2109 3585 2164 molestum

2010 2193 2258 2247 accidere
2289 2201 2517 2249 testatus
2545 2197 2636 2248 sit.
2669 2195 2828 2250 Nunc
2859 2196 3118 2264 quoniam
3152 2203 3303 2264 optet
3329 2197 3590 2267 Syrgian-

2009 2300 2134 2340 nem
2202 2300 2234 2339 e
2288 2300 2510 2340 carcere
2565 2285 2747 2352 educi,
2835 2287 3195 2350 educeretur;
3233 2303 3588 2357 .quaacunque

2010 2373 2155 2426 enim
2191 2374 2308 2443 ipse
2363 2375 2420 2428 in
2472 2375 2630 2429 bonis
2685 2384 2739 2430 et
2769 2375 3032 2444 jucundis
3081 2385 3418 2442 numeraret,
3465 2375 3582 2432 ﬁeri

2010 2482 2120 2520 non
2149 2482 2330 2537 posse,
2355 2467 2488 2537 quin
2526 2467 2594 2521 ab
2629 2483 2687 2522 se
2715 2483 2936 2537 quoque
2965 2477 3418 2522 numerarentur.
3444 2467 3586 2522 Tum

2011 2571 2246 2627 magnus
2300 2557 2637 2614 domesticus
2671 2545 2853 2612 :Vera
2907 2566 3036 2611 sunt
3070 2557 3208 2619 haec,
3245 2557 3584 2626 imperator;

2011 2647 2149 2701 nihil
2194 2647 2340 2702 enim
2392 2657 2494 2712 est,
2555 2648 2717 2711 nihil,
2755 2648 3002 2717 inquam,
3035 2656 3144 2712 est,
3176 2649 3324 2717 quod
3373 2649 3419 2703 si
3468 2650 3585 2704 ﬁeri

2010 2739 2197 2805 velim,
2238 2749 2295 2794 tu
2352 2755 2460 2794 non
2517 2742 2826 2805 concedas;
2879 2741 3044 2810 idque
3077 2756 3188 2795 non
3219 2755 3286 2796 ex
3316 2742 3419 2797 hac
3466 2758 3588 2797 ora-
3643 2797 3659 2814 ,

2013 2834 2160 2888 tione
2213 2841 2325 2896 tua,
2389 2833 2484 2888 sed
2545 2849 2610 2887 ex
2662 2833 2820 2888 factis
2869 2833 3004 2902 ipsis
3065 2833 3200 2888 mihi
3257 2835 3312 2889 itt
3372 2835 3586 2904 primis,

2011 2923 2211 2978 deinde
2267 2923 2388 2978 aliis
2436 2924 2694 2979 omnibus
2751 2925 2961 2993 pridem
3018 2937 3253 2982 constat.
3287 2928 3368 2982 Me
3401 2938 3586 2983 autem

2012 3018 2207 3070 eodem
2240 3031 2363 3070 esse
2397 3016 2450 3069 in
2478 3025 2530 3070 te
2563 3016 2768 3077 animo,
2811 3016 3064 3084 pluribus
3094 3017 3586 3073 demonstrandum

2011 3122 2122 3160 non
2156 3107 2385 3176 opinor;
2435 3115 2490 3160 tu
2545 3105 2691 3160 enim
2737 3107 2874 3162 alias
2904 3107 3038 3161 mihi
3070 3109 3391 3177 praeclarum
3423 3112 3588 3183 hujus

347 3210 515 3271 αὗτός.
549 3210 662 3262 Καὶ
694 3206 874 3272 τοῦτο,
899 3207 997 3259 ούκ
1023 3206 1132 3258 ἀπὸ
1165 3202 1274 3256 τῶν
1308 3201 1443 3271 πρὸς
1469 3201 1570 3271 ἐμὲ
1601 3202 1904 3271 εἰρημένων

2014 3198 2092 3254 rei
2124 3199 2497 3254 testimonium
2545 3199 2920 3268 impertivisti.
2953 3200 3117 3270 204
3153 3201 3268 3272 Ego
3301 3218 3429 3258 vero
3459 3219 3585 3258 cum

346 3302 450 3355 νυνὶ
499 3302 695 3368 λόγων,
746 3299 884 3354 ἀλλὰ
940 3297 1074 3350 πολὺ
1131 3294 1398 3364 πρότερον
1454 3292 1513 3358 ἐξ
1565 3293 1745 3346 αὐτῶν
1797 3294 1904 3346 τῶν

2009 3297 2262 3342 mutuum
2304 3302 2545 3340 amorem
2584 3297 2835 3341 nostrum
2881 3302 3161 3358 comparo,
3206 3292 3586 3361 magnitudine

349 3394 530 3464 ἔργων,
558 3379 679 3462 ἐμοί
705 3409 762 3444 τε
801 3389 1015 3459 πρῶτον
1057 3390 1152 3442 καὶ
1181 3388 1296 3449 τοῖς
1328 3384 1507 3447 ἀλλοις
1553 3387 1756 3440 ᾰπασίν
1789 3389 1904 3440 ἐστι

2008 3387 2065 3433 et
2104 3379 2388 3448 majestate
2422 3377 2639 3446 imperii
2673 3379 2908 3432 multum
2954 3380 3474 3449 superari,‘ewtcris
3504 3399 3577 3439 re-

349 3458 668 3555 καταφανές.
703 3484 824 3562 ’ςΟτι
847 3458 902 3534 δὲ
950 3482 1043 3534 τὸν
1091 3482 1206 3536 ἴσον
1235 3482 1434 3554 τρόπον
1463 3481 1572 3550 ἔχω
1609 3480 1702 3534 καὶ
1742 3479 1904 3538 αύτδς

2008 3470 2114 3525 bus
2148 3484 2249 3524 nec
2275 3469 2545 3523 tantillum
2579 3468 2676 3522 abs
2704 3477 2756 3523 te
2782 3470 2927 3525 vinci
2964 3486 3050 3524 me
3085 3458 3363 3526 existimo.
3392 3472 3582 3542 Neque

349 3578 472 3646 πρὸς
514 3576 607 3638 σὲ,
649 3577 758 3630 οὐδ’
793 3574 1122 3639 ἀποδείξεως
1177 3573 1466 3644 δεήσεσθαι
1524 3572 1698 3624 δοκῶ·
1745 3569 1904 3632 αὐτὸς

2008 3566 2155 3620 enim
2188 3581 2252 3619 ea
2282 3565 2460 3618 solum
2495 3580 2616 3632 qua
2658 3566 3122 3628 commemorasti,
3149 3567 3242 3619 sed
3271 3566 3317 3618 si
3356 3569 3488 3634 quid
3517 3570 3580 3624 iis

349 3671 445 3739 γάρ
481 3687 566 3740 μοι
593 3669 807 3738 φθάσας
854 3667 1124 3738 πρότερον
1169 3665 1656 3736 συνεμαρτύρησας
1700 3662 1900 3725 καλῶς.

2008 3659 2184 3728 majus
2212 3657 2510 3726 excogitari
2547 3663 2746 3724 potest,
2774 3671 2875 3725 pro
2910 3670 2978 3709 co
3015 3664 3278 3724 quantum
3309 3667 3359 3710 te
3393 3659 3580 3726 diligo,
3635 3703 3642 3710 .

359 3761 488 3830 Ἐγὼ
505 3761 676 3831 δὲτὴν
698 3763 836 3833 πρὸς
853 3760 1112 3830 ἀλλήλους
1132 3757 1292 3828 ήμῶν
1313 3756 1496 3825 φιλίαν
1518 3754 1901 3826 παραϐάλλων,

2008 3757 2062 3803 et
2083 3749 2360 3811 facere,et
2385 3745 2593 3815 perpeti
2621 3759 2704 3799 tne
2738 3754 2983 3814 paratum
3018 3747 3210 3800 habes.
3243 3747 3308 3801 Et
3333 3750 3582 3816 quamvis

347 3853 418 3924 τῷ
451 3856 545 3924 μὲν
580 3854 732 3924 δγκῳ
765 3857 863 3919 τῆς
901 3852 1076 3922 ἀρχῆς
1109 3851 1202 3904 καὶ
1247 3849 1324 3918 τῷ
1362 3849 1584 3917 μεγέθει
1643 3845 1902 3899 ἐλασσοῦο

2008 3853 2384 3909 εκρειιυιιιετο
2447 3836 2567 3906 ρει-⁷
2590 3851 2678 3890 me
2714 3836 2830 3904 ipse
2855 3838 3223 3902 considerati,
3259 3849 3425 3908 atque
3457 3857 3580 3893 cum

351 3945 461 3998 σθαι
492 3944 696 4014 νομίζω
736 3945 828 3997 καὶ
859 3943 1011 4014 παρὰ
1054 3940 1212 4007 πολὺ,
1241 3942 1354 4002 τοῖς
1410 3939 1619 4001 λοιποῖς
1647 3939 1701 3991 δὲ
1730 3939 1902 3992 ἆπασι

350 4037 620 4091 λείπεσθαι
648 4037 1012 4090 οὐδοπωσοῦν.
1052 4035 1127 4087 Οὐ
1165 4036 1328 4104 μόνον
1353 4032 1462 4103 γὰρ
1489 4030 1525 4084 ἃ
1559 4031 1901 4101 προείρηκας

350 4129 517 4193 αὐτὸς,
549 4129 668 4182 ἀλλ’
717 4129 772 4181 εί
795 4147 846 4182 τι
890 4131 985 4181 καὶ
1015 4127 1220 4180 τούτων
1255 4124 1443 4194 μεῖζον
1468 4124 1562 4176 καὶ
1600 4124 1774 4176 ποιεῖν
1806 4121 1902 4174 καὶ

351 4222 628 4291 ὑπομένειν
665 4222 804 4292 ὑπὲρ
844 4221 940 4289 τῆς
978 4219 1112 4287 πρὸς
1160 4219 1220 4270 σὲ
1252 4217 1438 4284 φιλίας
1469 4215 1688 4284 ἕτοιμος
1734 4212 1895 4268 εἶναι.

351 4313 593 4381 Καίτοιγε
627 4312 750 4366 κατ’
773 4312 1012 4381 ἐμαυτὸν
1045 4308 1307 4370 πολλάκις
1367 4307 1496 4368 τοὺς
1544 4305 1696 4375 παρά
1741 4321 1899 4375 ποιη-

349 4408 454 4469 ταῖς
480 4409 573 4461 καὶ
603 4406 985 4476 συγγραφεῦσι
1041 4402 1194 4471 παρὰ
1235 4399 1416 4453 πάντα
1443 4399 1534 4452 τὸν
1573 4398 1767 4466 χρόνον
1803 4396 1897 4449 ἐπὶ

351 4495 487 4566 φιλίᾳ
514 4494 886 4564 ὑμνουμένους
928 4489 1200 4555 ἐξετάζων
1248 4487 1342 4538 καὶ
1374 4484 1738 4554 παραϐάλλων
1782 4484 1896 4546 τοῖς

2005 3938 2192 3985 nostra
2232 3929 2623 4000 conjunctione
2664 3926 2895 3991 contuli,
2925 3944 3066 3997 quos
3097 3930 3150 3982 in
3187 3931 3337 3984 omni
3369 3946 3574 3985 metuo-

2004 4021 2087 4076 ria
2124 4036 2152 4074 a
2185 4021 2364 4090 poetis
2385 4028 2441 4074 et
2469 4017 2748 4073 historicis
2778 4020 2845 4071 ab
2867 4019 3106 4073 amicitia
3135 4020 3444 4076 celebratos
3465 4020 3576 4092 (42)

2003 4113 2226 4168 invenio
2269 4111 2397 4180 (etsi
2426 4119 2600 4180 poeta:
2663 4109 3035 4174 ambitiosius,
3065 4127 3340 4181 supraque
3365 4129 3578 4179 verum,

2003 4212 2060 4258 et
2099 4203 2387 4273 plusquam
2425 4201 2580 4255 decet
2607 4215 2722 4254 rem
2762 4216 3119 4270 esaggerasse
3142 4202 3580 4273 videantur),ni-

2002 4295 2303 4350 hilotninus
2365 4293 2692 4348 charitatem
2737 4303 2982 4347 nostram
3039 4296 3083 4347 si
3123 4310 3232 4349 non
3289 4298 3577 4363 majorem,

2000 4393 2150 4440 certe
2203 4383 2348 4436 haud
2402 4383 2672 4436 minorem
2732 4382 2956 4436 illorum
3013 4383 3278 4438 charitate
3332 4385 3577 4442 ittwnio.

2000 4474 2158 4540 Quod
2211 4475 2256 4526 si
2303 4473 2601 4542 aliquando
2652 4471 2708 4526 in
2743 4486 2864 4525 eam
2898 4473 3286 4542 cogitationem
3314 4475 3577 4542 venirem,

349 4561 623 4656 ἡμετέροις
651 4561 720 4638 τά
750 4583 976 4636 ἐκείνων
999 4583 1265 4652 (καίτοιγε
1313 4579 1615 4630 δοκούντων
1640 4577 1706 4646 τῇ
1742 4575 1894 4644 φιλο-

2008 4565 2398 4621 utdubitarem
2443 4563 2636 4632 ecquid
2685 4571 2830 4616 esset
2882 4561 2988 4615 alia
3039 4564 3286 4630 quaedam
3344 4565 3575 4633 species,

351 4679 491 4747 τιμία
517 4679 623 4731 τῶν
659 4675 903 4746 ποιητῶν
923 4673 1018 4727 καὶ
1045 4674 1188 4743 πέρα
1217 4670 1312 4724 τοῦ
1337 4666 1572 4739 ἀληθοῦς
1602 4669 1696 4720 καὶ
1727 4680 1896 4738 προσ-

351 4771 554 4837 ήκοντος
589 4767 913 4839 ηὐξῆσθαι),
956 4767 1104 4836 ὅμως
1153 4762 1273 4816 κατ’
1302 4761 1454 4815 οὐδὲν
1483 4757 1800 4820 ἀποδέοντα,
1847 4756 1896 4807 εί

355 4860 418 4930 μὴ
448 4865 537 4925 καὶ
569 4861 743 4932 μείζω
774 4859 844 4912 τὰ
873 4859 1121 4929 ήμὲτερα
1144 4853 1404 4924 εὑρίσκω.
1432 4850 1492 4902 El
1525 4849 1581 4900 δέ
1604 4863 1732 4900 ποτε
1765 4861 1900 4912 συμ-

349 4951 464 5021 ϐαίη
499 4953 761 5014 τοιούτοις
787 4950 1068 5018 λογισμοῖς
1095 4945 1412 5013 περιπεσεῖν
1441 4940 1582 4994 ὥστε
1625 4935 1900 5006 ἀμφιϐάλ-

345 5042 448 5096 λειν
469 5045 598 5106 εῐτις
625 5043 778 5096 ἐστὶν
809 5042 919 5094 ίδέα
944 5039 1125 5108 φιλίας
1151 5037 1185 5106 ἢ
1225 5036 1426 5106 τρόπος
1446 5032 1630 5100 ἕτερος
1653 5028 1711 5080 δν
1735 5028 1898 5096 ἡμεῖς

340 5134 434 5187 ούκ
462 5133 858 5203 ἐπεδειξάμεθα
907 5130 1180 5200 ἀλλήλοις,
1205 5127 1239 5195 ἢ
1277 5128 1322 5178 εί
1363 5126 1435 5194 μὴ
1461 5123 1598 5192 πρὸς
1635 5120 1696 5173 ab
1734 5117 1898 5187 ἀκρό-

338 5239 492 5277 τατον
520 5222 807 5294 ἀφίγμεθα
834 5221 1022 5290 αὐτῆς,
1060 5219 1092 5288 ἢ
1121 5215 1525 5282 ἀποπνίγεσθαι
1556 5211 1770 5278 ἀνάγκη
1805 5207 1900 5260 καί

2004 4657 2213 4712 aliusve
2265 4654 2464 4709 modus
2512 4653 2569 4708 in
2617 4653 2880 4716 amicitia,
2912 4669 3076 4722 quem
3121 4655 3265 4710 inter
3309 4673 3408 4712 nos
3467 4674 3578 4711 non

2003 4763 2465 4818 usurpassemus;
2532 4761 2602 4800 an
2667 4747 2736 4800 ad
2784 4761 3063 4800 summum
3123 4749 3244 4818 ejus
3301 4750 3577 4820 fastigium

2002 4839 2465 4910 pervenissemus,
2492 4845 2588 4890 aut
2617 4851 2759 4905 aegre
2788 4837 3019 4905 spirare,
3040 4853 3102 4891 ae
3133 4855 3272 4906 pene
3304 4840 3510 4893 summa
3551 4840 3568 4893 i
3635 4863 3651 4878 ο

2001 4945 2088 4985 me
2123 4945 2234 4997 pra:
2258 4943 2461 4998 angore
2493 4936 2549 4981 et
2593 4937 2729 4981 aestu
2785 4928 2979 4992 animi,
3013 4929 3286 4997 vitamque
3327 4931 3576 4984 acerbam

2000 5031 2196 5090 putare
2231 5035 2316 5075 me
2344 5028 2644 5088 oporteret,
2674 5019 2721 5073 si
2753 5019 2804 5072 in
2834 5035 2894 5072 re
2943 5030 3050 5072 tam
3084 5020 3332 5082 honesta,
3359 5029 3577 5086 tamque

1999 5108 2219 5163 liberali
2264 5107 2426 5161 alicui
2461 5106 2742 5161 secundus
2775 5105 3053 5160 invenirer
3085 5121 3100 5159 :
3129 5113 3224 5157 aut
3262 5104 3472 5158 resilire
3509 5105 3574 5156 ab

2004 5201 2322 5273 hujusmodi
2347 5200 2626 5270 cogitatis,
2649 5207 2706 5252 ct
2728 5196 2974 5252 animum
3009 5195 3377 5259 ﬁrmioribus,
3405 5211 3571 5263 quam

1573 5334 1792 5397 Jacobi
1827 5328 2091 5393 Pontani
2125 5339 2314 5390 notae.

401 5453 513 5518 (Ᾱῖ)
541 5453 584 5506 Α
618 5449 796 5520 poetis
818 5449 1487 5520 quidemcelebrattzratn

329 5535 382 5577 et
403 5503 646 5583 ‘OFéins',
685 5503 883 5572 Thesei
905 5513 1254 5587 ret_l;’iritho_i.
1295 5509 1523 5587 Achillis
1544 5515 1598 5560 cl
1623 5503 1889 5587 ⁸ιιειιτφριι,

330 5572 449 5646 8⁷ίεῖ
467 5572 816 5654 έιῄέιίτγειί.
849 5586 952 5654 Ab,
975 5583 1250 5654 historicis
1280 5591 1336 5654 et
1365 5577 1500 5654 a_|_iis_
1530 5572 1894 5654 scriptoribus

328 5645 624 5716 Alexandri
653 5645 827 5726 Magni
863 5666 918 5708 et
942 5652 1362 5727 Ilepha'slionis".
1387 5645 1591 5727 lfythia:
1617 5654 1680 5727 et
1703 5645 1899 5727 [lanio-

331 5711 868 5798 iiiéftpi'nnnoitdm
906 5733 960 5798 et
995 5711 1606 5798 feltipidze,Scipionis
1629 5721 1686 5798 et
1726 5711 1895 5798 Laelii.

331 5781 446 5856 ί(ἐὲ
478 5781 734 5867 {gummis
768 5804 870 5867 rat
917 5794 968 5867 in
995 5781 1202 5867 divit-tis
1237 5781 1446 5867 litteris.
1473 5783 1693 5867 Davidis
1723 5791 1776 5867 et
1809 5781 1902 5867 110-

331 5850 529 5925 iam?
564 5850 871 5924 arctissima
917 5860 1263 5916 familiaritas
1327 5866 1382 5911 et
1436 5855 1648 5920 irrupta
1685 5850 1899 5920 c.0pula.

856 5445 1035 5499 uident
1069 5443 1379 5498 celebratur
1402 5436 1642 5491 amicitia
1675 5432 1890 5504 Pyladis
1985 5430 2140 5496 Quod
2174 5443 2356 5504 autem
2389 5429 2597 5504 amicus
2635 5425 2854 5504 dicitur.
2883 5423 3196 5504 aitetego,"
3220 5421 3568 5504 Plutarchtts,

1989 5492 2392 5554 commentario
2428 5503 2556 5563 περί
2597 5493 2944 5562 πολυφιλίας.
2969 5494 3105 5546 nihil
3129 5492 3276 5545 aliud
3306 5493 3407 5546 sibi
3433 5493 3574 5547 velle

1991 5571 2086 5632 ait,
2131 5585 2294 5636 quam
2327 5567 2590 5619 binarium
2619 5580 2738 5618 esse
2767 5563 3018 5614 amicitia:
3044 5578 3374 5636 mensuram.
3403 5563 3574 5636 Paulo

1995 5649 2120 5707 ροδι
2151 5634 2173 5688 ἐ
2215 5636 2594 5707 Ιιαςηε-υαιάε
2657 5648 2848 5707 amare
2890 5640 2937 5683 et
2987 5635 3163 5707 amari
3201 5643 3340 5707 inter
3380 5634 3573 5707 multos

1998 5701 2166 5761 iocum
2193 5722 2293 5759 non
2319 5701 2490 5757 'Itabet
2530 5721 2542 5756 :
2577 5704 2664 5755 sed
2693 5704 2826 5754 sicut
2860 5719 3040 5754 amnes
3089 5705 3140 5755 in
3177 5701 3368 5756 multos
3420 5705 3575 5758 divisi

1998 5775 2621 5844 alveosimbecrlliﬂumtt
2653 5789 2715 5825 uc
2765 5783 2967 5844 tenues,
3005 5775 3078 5825 sic
3107 5774 3378 5828 vehemens
3424 5789 3575 5828 amor

2000 5849 2052 5900 in
2086 5848 2286 5909 animo,
2323 5847 2369 5896 si
2401 5841 2685 5914 dissipetur
2723 5844 2773 5894 in
2814 5841 3026 5910 multos,
3059 5853 3362 5898 cuerratttr.
