4010 6190
466 357 561 419 4;1

1638 347 1965 410 JOANNIS
2005 343 2532 406 CANTACUZENI

3588 345 3676 409 4.ὶέ

465 469 609 534 εμπιιί
632 466 844 529 dicunt,
866 463 1213 536 geometricis
1233 455 2038 516 tlemonstrationibnsconvin-

2154 453 2435 523 πνευστιᾷν
2466 451 2570 503 ὑπὸ
2600 451 2697 520 τῆς
2732 450 2992 519 ἀγωνίας,
3024 451 3120 505 καί⁸
3149 451 3282 523 μηζέ
3312 451 3404 522 ζῇν
3424 451 3613 507 ἐθέλειν
3639 460 3680 510 εί

465 576 591 613 cere
612 559 751 627 (4'5),
777 570 887 609 non
903 568 1042 620 esse,
1068 568 1175 607 non
1194 551 1311 606 fore
1339 549 1503 605 ullam
1534 544 1786 601 amicitia:
1804 542 2035 596 formam

468 648 962 719 perfectionemque
984 637 1147 715 quam
1166 645 1315 697 inter
1337 655 1437 696 nos
1464 654 1572 693 non
1592 633 2042 706 expresserimus,

470 746 542 796 ita
569 750 625 794 ut
651 741 912 794 accedere
959 736 1090 790 nihil
1130 735 1323 805 possit.
1358 733 1471 787 Hoc
1497 740 1552 785 et
1586 729 1832 784 Joannes
1862 741 2049 785 evan-,

469 833 660 903 gelzsta
699 832 925 893 videns,
974 828 1051 881 uti
1088 825 1342 895 optinor,
1400 820 1716 877 hominibus
1760 820 2037 889 praecepit,

471 926 634 983 talem
663 935 791 992 erga
814 920 981 974 Deum
1001 917 1323 972 charitatem
1346 914 1656 978 ostendere,
1678 913 1893 982 qualem
1912 924 2039 980 erga

473 1019 678 1070 amicos
707 1015 846 1085 (t4).
884 1011 942 1067 Si
965 1013 1113 1066 enim
1140 1020 1241 1079 ego
1272 1007 1735 1077 quemadmodum
1765 1021 1797 1061 a
1829 1013 1918 1060 tua
1949 1018 2041 1059 vo-

472 1109 678 1162 luntate
737 1116 879 1159 totus
917 1103 1149 1174 pendeo,
1179 1100 1471 1170 omniaque
1527 1114 1636 1169 prae
1671 1107 1767 1152 tuo
1807 1097 1958 1152 cultu
1988 1104 2043 1150 et

472 1197 818 1255 observantia
863 1193 1231 1265 parvipendo,
1265 1192 1346 1246 sic
1393 1206 1522 1262 erga
1559 1190 1729 1245 Deum
1779 1189 2041 1251 atlicerer,

472 1305 582 1361 quo
613 1303 719 1343 non
763 1287 982 1341 virtutis
1018 1282 1447 1353 processissem?
1483 1289 1576 1336 aut
1600 1280 1745 1351 quod
1775 1280 2040 1339 studium.

472 1397 634 1452 quam
683 1379 1035 1449 cupiditatem
1094 1373 1162 1428 ad
1224 1373 1479 1428 mandata
1533 1375 1665 1445 ejus-
1717 1371 2045 1427 hilarissime

471 1472 729 1531 obeunda
792 1486 899 1523 non
967 1467 1375 1523 adhibuissem?
1431 1466 1490 1522 Si
1548 1480 1712 1535 porro
1743 1473 1836 1529 tu,
1902 1463 2047 1519 sicut

474 1565 684 1626 dixisti,
709 1562 895 1617 omnia
949 1561 1125 1616 amori
1176 1570 1369 1615 nostro
1399 1558 1701 1628 postponis,
1728 1563 1784 1613 et
1807 1555 2043 1612 vicissim

476 1659 531 1712 in
564 1670 752 1710 amore
801 1655 883 1709 tui
929 1652 1064 1708 mihi
1096 1652 1449 1715 suntomnia,
1478 1660 1538 1706 ut
1559 1666 1680 1720 quae
1716 1659 1771 1705 tu
1801 1651 1883 1705 vis
1900 1664 1963 1705 ea
1993 1658 2047 1703 et

2144 548 2273 614 περὶ
2321 547 2380 597 τὸ
2431 544 2575 598 οὕτω
2617 544 2783 598 καλὸν
2831 543 3084 614 δεύτερός
3132 561 3277 609 τινος
3330 545 3680 621 φαινοίμην,ἢ

2145 635 2430 706 ἀποπηδᾷν
2460 636 2568 688 τῶν
2604 636 2863 689 τοιούτων
2889 636 3193 706 λογισμῶν,
3234 637 3332 691 καὶ
3383 638 3477 709 τὴν
3527 639 3683 711 ψυχὴν

2145 728 2356 781 πείθειν
2411 729 2786 799 ίσχυροτέραις
2815 728 2884 799 ἢ,
2915 729 2943 781 ὅ
2983 745 3170 797 φασιν,
3203 730 3468 798 ἀνάγκαις
3500 748 3684 803 γεωμε-

2145 821 2397 889 τρικαῖς,
2450 819 2525 881 ῶς
2577 819 2699 871 οὔτε
2749 819 2917 886 ἐστιν,
2947 818 3072 873 οὔτε
3125 820 3415 891 γεγένηταί
3470 839 3547 885 τις
3590 824 3685 877 ἰδέα

2146 910 2348 978 φιλίας,
2378 910 2445 980 ἢν
2475 910 2534 962 οὐ
2565 911 2701 981 πρὸς
2725 911 2988 981 ἀλλήλους
3015 912 3171 965 αὐτοὶ
3197 913 3582 982 ἐπεδειξάμεθα
3606 915 3684 968 καῖ

2150 1000 2268 1070 μεθ’
2299 1000 2399 1053 ὐπε
2412 1000 2606 1071 ρδολῆς
2626 1017 2639 1030 ·
2676 1003 2769 1055 καὶ
2801 1002 2959 1057 τοῦτο
2988 1002 3271 1057 συνιδόντα
3307 1006 3405 1057 καὶ
3434 1006 3520 1058 τὸν
3542 1006 3687 1075 εὐαγ-

2146 1091 2400 1161 γελιστὴν
2435 1090 2692 1163 Ἰωάννην
2721 1092 2885 1147 ἐννοῶ
2937 1096 3049 1157 τοῖς
3074 1091 3383 1163 ἀνθρώποις
3408 1095 3680 1163 παραγγέλ-
3712 1164 3715 1165 ν

2148 1182 2283 1247 λειν,
2317 1183 2415 1252 τὴν
2454 1184 2576 1251 ῐσην
2624 1183 2815 1255 ῶσπερ
2874 1185 3012 1256 πρδς
3037 1185 3165 1249 τοὺς
3219 1184 3440 1254 φίλους,
3472 1184 3603 1240 οὕτω
3631 1185 3688 1254 δὴ

2149 1274 2247 1327 καὶ
2302 1275 2438 1346 πρὸς
2484 1276 2579 1329 τὸν
2614 1275 2747 1329 Θεὸν
2788 1261 3158 1332 ἐνδείκνυσθαι
3205 1277 3450 1348 ἀγάπην.
3497 1279 3552 1330 Ei
3594 1277 3686 1348 γὰρ

2150 1366 2337 1439 ῶσπερ
2365 1366 2524 1430 αὐτὸς
2551 1367 2863 1439 ἐξήρτημαι
2896 1369 2996 1439 τῆς
3024 1369 3123 1438 σῆς
3149 1367 3399 1438 γνώμης,
3420 1368 3512 1423 καὶ
3534 1368 3688 1423 πάντα

2148 1457 2380 1532 δεύτερα
2419 1460 2636 1530 ἥγημαι
2663 1461 2761 1532 τῆς
2788 1461 3087 1535 θεραπείας
3125 1463 3225 1532 τῆς
3278 1452 3563 1531 σῆς,ὀῦτω
3599 1463 3697 1527 διε--

2153 1550 2354 1621 κείμην
2375 1550 2468 1604 καὶ
2492 1552 2629 1623 πρὸς
2648 1552 2739 1606 τὸν
2755 1552 2909 1620 Θεδν,
2940 1553 3042 1606 ποῦ
3070 1553 3169 1608 οὐκ
3199 1554 3269 1608 ἂν
3298 1552 3558 1623 προῆλθον
3584 1555 3692 1625 ἁρε-

2153 1643 2274 1712 τῆς,
2300 1643 2332 1713 ἢ
2368 1644 2533 1698 ποίαν
2562 1646 2662 1698 οὐκ
2693 1644 2757 1698 ἂν
2792 1646 3095 1715 εἰσήνεγκα
3134 1644 3372 1716 σπουδὴν
3398 1646 3489 1701 καὶ
3517 1648 3691 1713 προθυ-

477 1749 734 1816 cogitem,
790 1754 847 1800 et
893 1759 1071 1815 agam,
1129 1743 1225 1814 Qui
1278 1742 1427 1811 potui
1459 1757 1579 1811 qua:
1608 1741 1916 1796 molestiam
1952 1739 2046 1794 tibi

2158 1734 2288 1804 μίαν
2318 1735 2459 1806 ὑπὲρ
2503 1739 2597 1790 τοῦ
2640 1736 2737 1801 τὰς
2768 1737 2991 1802 ἐντολὰς
3015 1736 3179 1792 αὐτοῦ
3208 1738 3305 1792 σὺν
3336 1740 3480 1809 πάσῃ
3510 1738 3689 1808 προθυ-

477 1837 719 1906 paritura
762 1833 1067 1899 crederem,
1106 1847 1172 1888 ea
1225 1832 1295 1887 de
1344 1830 1611 1885 industria
1653 1828 1870 1883 facere?
1924 1827 2043 1883 Jam

2154 1823 2254 1894 μία
2287 1824 2598 1897 ἐκπληροῦν
2620 1844 2634 1893 ;
2659 1826 2720 1879 Ei
2740 1826 2796 1880 δὲ
2817 1827 2880 1880 σὺ
2911 1826 3246 1899 μὲν,ῶσπερ
3265 1826 3507 1898 εἴρηκας,
3540 1826 3689 1882 πάντα

476 1928 602 1997 quis
662 1935 837 1981 status
883 1925 1207 1996 Syrgiannis
1260 1922 1462 1988 fuerit,
1523 1921 1760 1977 edicam.
1801 1919 2049 1986 Quorum

478 2019 774 2074 criminum
804 2026 1138 2087 compertus,
1171 2012 1240 2070 ab
1267 2029 1370 2069 avo
1400 2023 1494 2068 tuo
1517 2027 1737 2069 carcere
1763 2011 2051 2067 damnatus

479 2112 553 2182 sit
583 2112 720 2179 (t5),
752 2120 810 2165 tu
847 2123 1068 2179 quoque
1098 2108 1265 2163 nosti.
1297 2105 1459 2177 Atqui
1486 2120 1589 2177 ego
1627 2105 1855 2161 subacto
1884 2120 1915 2160 a
1951 2120 2051 2160 no.

478 2202 564 2256 bis
624 2199 923 2271 Byzantio,
982 2199 1337 2254 vehementer
1405 2199 1604 2265 durum
1676 2204 1733 2253 et
1800 2212 1831 2251 a
1898 2211 2051 2252 com-

481 2292 843 2347 miseratione
920 2289 1158 2348 alienum
1202 2290 1432 2353 censui,
1483 2305 1597 2344 non
1649 2288 1801 2344 aditu
1859 2289 2051 2344 saltem

475 2394 534 2440 et
604 2382 971 2453 collocutione
1036 2383 1157 2452 ejus
1210 2396 1514 2437 aerumnam
1576 2381 1912 2453 aliquantum
1974 2381 2055 2435 al-

477 2479 703 2543 levare,
771 2486 828 2532 et
890 2475 1266 2555 consolatione
1342 2476 1523 2546 aliqua
1588 2476 1851 2530 miserum
1902 2472 2054 2530 ‘deli-

480 2572 621 2636 nire,
647 2571 694 2626 si
733 2568 883 2625 aliud
928 2582 1037 2623 non
1089 2567 1319 2634 liceret;
1371 2576 1682 2639 sperantem
1727 2567 1801 2621 ita
1835 2582 1893 2622 se
1945 2581 2055 2622 non

478 2664 701 2734 penitus
776 2666 1154 2729 contemptum
1242 2658 1311 2713 ab
1372 2658 1566 2713 amicis
1633 2668 1690 2712 et
1756 2658 2049 2728 abiectum.

479 2755 642 2827 205
685 2752 823 2810 Cum
872 2752 1147 2807 venissem
1198 2759 1385 2806 autem
1433 2751 1489 2806 in
1536 2764 1850 2813 carcerem.
1884 2750 2055 2807 vidis-

418 2876 436 2891 ο
480 2860 708 2916 semque
749 2850 1091 2913 quantopere
1134 2856 1258 2896 cum
1299 2840 1417 2910 ipso
1458 2840 1580 2894 loco
1629 2855 1894 2910 perquam
1926 2839 2055 2893 hor-

483 2935 633 3001 rido,
678 2945 794 2988 tum
838 2932 1080 3006 vinculis
1117 2930 1262 2987 collo
1294 2930 1512 3001 injectis
1538 2927 1895 2999 amigeretur,
1934 2930 2055 2999 ejus

480 3029 656 3083 vicem
706 3026 875 3080 etiam
919 3033 1084 3093 atque
1131 3022 1296 3076 etiam
1328 3021 1502 3086 dolui,
1536 3028 1592 3076 et
1624 3020 1873 3076 solatium
1905 3020 1977 3087 ei,
2006 3021 2053 3076 si

2151 1913 2379 1986 δεύτερα
2406 1914 2507 1985 τῆς
2535 1916 2673 1988 πρὸς
2704 1916 2801 1988 ἐμὲ
2846 1919 2955 1989 ἡγῇ
3000 1919 3208 1989 φιλίας,
3238 1919 3352 1990 ἐγώ
3388 1937 3446 1973 τε
3470 1918 3556 1971 τοῦ
3577 1934 3671 1971 παν

2151 2005 2243 2069 τδς
2292 2006 2538 2075 τιμῶμαι
2590 2006 2659 2060 τὰ
2689 2008 2771 2061 σοὶ
2806 2008 2935 2077 φίλα
2966 2008 3060 2063 καὶ
3088 2008 3402 2079 λογίζεσθαι
3426 2010 3513 2063 καὶ
3538 2009 3691 2081 πράτ-

2152 2084 2289 2158 τειν,
2323 2115 2440 2161 πως
2472 2106 2540 2151 αν
2581 2097 2694 2169 ἔχοι
2722 2098 2928 2171 χώραν,
2968 2100 3004 2155 ἃ
3037 2099 3295 2172 ἐνόμιζον
3340 2101 3511 2174 ἀνιᾷν,
3561 2099 3694 2153 ταῦτ’

2153 2189 2467 2259 ἐξεπίτηδες
2499 2189 2815 2259 λογίζεσθαι
2852 2193 3058 2259 ποιείν;
3101 2191 3160 2246 δν
3190 2193 3253 2245 δὲ
3290 2195 3485 2264 τρόπον
3507 2194 3616 2264 ἔσχε
3638 2191 3695 2246 τὰ

2156 2286 2286 2355 περὶ
2334 2286 2692 2358 Συργιάννην,
2724 2288 2886 2351 αὐτὸς
2940 2288 3071 2359 ἐρῶ.
3099 2290 3212 2353 Τὰς
3262 2289 3362 2359 μὲν
3406 2289 3575 2355 αίτίας
3621 2289 3693 2356 ἐφ’

2155 2373 2242 2440 αἷς
2273 2377 2438 2441 ἁλοὺς
2484 2379 2787 2451 κατεκρίθη
2818 2381 3198 2452 δεσμωτήριον
3239 2383 3409 2436 οἰκεῖν
3439 2382 3537 2435 ὑπὸ
3565 2382 3695 2452 βασι-

2154 2466 2290 2531 λέως
2323 2467 2415 2521 τοῦ
2449 2470 2675 2524 πάππου
2702 2469 2798 2523 τοῦ
2831 2470 2946 2537 σοῦ,
2972 2467 3125 2525 οἶσθα
3164 2476 3266 2528 καὶ
3297 2475 3491 2539 αὐτός’
3512 2474 3609 2542 ἐγὼ
3626 2475 3693 2537 δὲ,

2158 2559 2298 2631 μετὰ
2345 2560 2405 2613 τὸ
2447 2560 2744 2626 Βυζάντιον
2773 2563 2922 2634 ἡμᾶς
2960 2565 3299 2635 ποιήσασθαι
3348 2566 3438 2634 ὑφ’
3486 2567 3692 2631 ἑαυτοῖς,

2154 2650 2479 2720 ἀσυμπαθὲς
2509 2651 2703 2724 ἔκρινα
2754 2654 2849 2707 καὶ
2897 2654 3088 2719 δεινῶς
3124 2656 3409 2727 ἄγνωμον,
3430 2659 3476 2711 εί
3504 2658 3573 2727 μή
3602 2673 3691 2710 τινι

2154 2742 2324 2815 ἄλλῳ,
2352 2747 2418 2817 τῇ
2450 2744 2588 2816 πρὸς
2631 2745 2795 2800 αὐτὸν
2829 2746 2960 2816 γοῦν
2989 2748 3267 2821 ἐπιδημίᾳ
3296 2750 3396 2820 τὴν
3437 2748 3690 2821 συμφορὰν

2106 2887 2109 2891 .
2155 2837 2235 2899 είς
2269 2838 2394 2890 δσον
2418 2831 2531 2891 οἷόν
2549 2854 2607 2890 τε
2629 2838 3005 2909 ἐπικουφίσαι,
3030 2841 3123 2893 καὶ
3148 2840 3505 2913 παραμυθίαν
3525 2857 3695 2910 ,παρα-

2157 2931 2308 3000 σχεῖν
2347 2946 2490 3016 τινα,
2553 2931 2627 3001 μὴ
2681 2930 2969 2995 παντελῶς
3018 2932 3365 3006 ἀπερρίφθαι
3425 2935 3691 2989 ἐλπίσαντα

2156 3022 2312 3093 παρὰ
2343 3022 2451 3077 τῶν
2482 3023 2678 3093 φίλων,
2704 3024 2998 3096 γενόμενος
3042 3026 3100 3080 δὲ
3148 3029 3207 3080 ἐν
3256 3029 3336 3098 τῷ
3368 3026 3692 3099 δεσμωτηρίῳ

482 3119 630 3191 quod
675 3132 913 3189 possem,
972 3114 1258 3185 impertire
1301 3113 1512 3178 studui,
1547 3123 1709 3184 teque
1740 3111 1953 3178 adiens,
1985 3111 2051 3169 de

2158 3116 2293 3186 πρὸς
2326 3116 2513 3180 αὑτὸν,
2547 3117 2645 3171 καὶ
2674 3118 2773 3188 τήν
2797 3135 2858 3171 τε
2882 3118 3052 3189 ἄλλην
3093 3120 3346 3175 κάκωσιν
3375 3122 3468 3192 τὴν
3495 3121 3591 3173 ἀπὸ
3607 3117 3687 3171 τοῦ

482 3214 721 3268 vinculis
777 3219 991 3265 tantum
1035 3205 1394 3262 detrahendis
1445 3204 1635 3268 oravi,
1678 3205 1824 3274 quod
1879 3203 1932 3258 in
1967 3205 2054 3259 bis

483 3305 644 3361 malis
684 3302 792 3357 hoc
842 3303 1215 3356 levamentum
1256 3295 1508 3352 sufﬁcere
1558 3295 1889 3351 arbitrabar.
1948 3295 2053 3352 Ubi

485 3396 736 3454 crebrius
765 3393 832 3448 ad
860 3408 985 3448 eum
1013 3390 1310 3467 ventitans,
1339 3387 1668 3443 familiarius
1697 3402 1856 3458 agere
1883 3387 2050 3457 coepi,

484 3489 577 3545 ille
623 3501 689 3541 ne
718 3483 818 3540 ’δίο
869 3482 1093 3553 quidem
1146 3477 1494 3535 liberationis
1540 3479 1874 3534 mentionem
1909 3479 2053 3549 apud

483 3577 844 3647 me_intulit,
889 3590 1001 3630 non
1044 3573 1226 3630 solum
1254 3581 1360 3626 tua:
1389 3570 1457 3627 ad
1491 3570 1735 3626 inimicis
1771 3572 2056 3643 ignoscen~

484 3672 616 3727 dum
643 3670 882 3727 incitatae
910 3664 1209 3722 voluntatis
1240 3663 1484 3727 nescius,
1509 3663 1607 3718 sed
1635 3663 1800 3718 etiam
1826 3663 1932 3719 sibi
1957 3678 2056 3719 ne-

482 3763 775 3820 fandorum
821 3760 1126 3815 facinorum
1173 3756 1462 3824 conscius,
1512 3757 1584 3811 ob
1628 3772 1751 3827 qua:
1797 3756 2057 3811 effectum

484 3852 891 3924 deprecationis
939 3848 1288 3918 desperabat.
1323 3847 1423 3901 Ast
1465 3860 1568 3916 ego
1596 3860 1663 3899 ex
1701 3844 1793 3899 illa
1823 3858 2055 3899 consue-

487 3944 679 3999 tudine
699 3941 874 4012 magis
895 3949 1098 3995 sortem
1113 3936 1353 3992 hominis
1369 3938 1683 3999 miseratus,
1707 3934 1761 3988 in
1779 3949 2053 3990 carcerem

487 4032 758 4087 mitiorem
793 4028 1259 4091 transferendum,
1293 4025 1515 4090 matris,
1549 4024 1759 4087 uxoris,
1796 4023 2058 4079 charissi-

486 4135 811 4191 morumque
848 4120 1157 4176 liberorum
1191 4116 1506 4173 convictum
1537 4114 1590 4171 ei
1622 4114 2052 4186 permittendum

487 4213 796 4270 existimavi
836 4229 849 4265 :
901 4219 1074 4274 ratus,
1127 4223 1232 4264 nos
1261 4208 1427 4263 etiam
1460 4209 1541 4263 sic
1580 4206 1651 4262 ab
1693 4207 1813 4277 ejus
1836 4206 2058 4264 insidiis

488 4313 638 4359 tutos
690 4303 825 4367 fore,
871 4301 1163 4370 ipsumque
1193 4299 1420 4368 perinde
1449 4312 1514 4353 ac
1549 4299 1593 4352 si
1625 4298 1875 4353 custodia
1905 4301 2053 4369 omni

488 4395 628 4449 liber
653 4401 823 4459 esset,
847 4392 1013 4446 vitam
1054 4389 1322 4461 placidam
1354 4400 1409 4445 et
1431 4390 1728 4460 jucundam
1753 4391 2052 4447 victurum.

2106 3192 2111 3197 ’
2157 3206 2557 3279 δεσμωτηρίου,
2577 3210 2671 3263 καὶ
2693 3210 2928 3279 μάλιστα
2950 3209 3048 3282 τὴν
3074 3213 3181 3265 ἀπὸ
3199 3213 3310 3266 τῶν
3333 3212 3521 3267 κλοιῶν
3541 3212 3692 3280 ἑωρα-

2162 3298 2289 3364 κὼς,
2320 3297 2509 3362 δεινῶς
2539 3315 2597 3353 τε
2629 3300 2845 3374 ήλγηοα
2866 3301 3006 3374 ὑπὲρ
3035 3304 3226 3368 αὐτοῦ,
3249 3305 3341 3359 καὶ
3370 3301 3689 3376 παραμυθίαν

2158 3391 2278 3445 τινὰ
2307 3392 2355 3444 εί
2384 3386 2494 3445 οἷόν
2519 3409 2577 3444 τε
2601 3391 2746 3461 αὐτῷ
2777 3393 3176 3465 προύθυμήθην
3209 3394 3469 3467 ἐξευρεῖν.
3490 3393 3588 3449 Καί
3620 3408 3690 3446 σοι

2160 3481 2493 3554 προσελθὼν,
2522 3484 2649 3553 περὶ
2676 3482 2785 3537 τῶν
2808 3483 3003 3537 κλοιῶν
3029 3484 3264 3557 ἐδεόμην
3294 3486 3489 3557 μόνων.
3510 3480 3689 3555 ἀρκοῦ·

2161 3591 2260 3633 σαν
2286 3575 2585 3646 ἡγούμενος
2613 3570 2754 3630 εἶναι
2773 3576 2848 3640 ὡς
2874 3578 2931 3630 ἐν
2952 3576 3146 3641 δεινοῖς
3169 3578 3541 3651 παραμυθίαν.
3560 3575 3691 3629 Ἐπιὶ

2158 3668 2214 3722 δὲ
2239 3666 2505 3740 ἐγενόμην
2552 3671 2610 3723 ἐν
2654 3669 2934 3741 συνηθείᾳ,
2966 3669 3061 3725 καὶ
3088 3673 3304 3742 σνχνῶς
3332 3671 3551 3743 ἐφοίτων
3578 3666 3694 3740 πρὸς

2160 3761 2343 3826 αὐτὸν,
2375 3762 2578 3823 ἐκεῖνος
2616 3760 2715 3830 μὲν
2734 3761 2842 3814 οὐδ’
2876 3761 3019 3815 οὕτω
3041 3762 3177 3833 πρὸς
3217 3765 3320 3835 ἐμὲ
3343 3763 3575 3836 ἐμνήσθη
3601 3759 3694 3813 τῶν

2161 3853 2348 3905 κακῶν
2397 3852 2741 3922 ἀπαλλαγῆς,
2770 3852 2830 3905 οὐ
2870 3852 3030 3921 μόνον
3069 3854 3170 3925 τὴν
3202 3854 3305 3927 σὴν
3339 3856 3464 3928 περὶ
3493 3855 3551 3907 τὸ
3578 3868 3695 3916 συγ·

2160 3940 2448 4009 γινώσκειν
2532 3944 2642 4005 τοῖς
2723 3944 3195 4014 προσκεκρουκόσι
3260 3944 3560 4015 φιλοτιμίαν
3608 3942 3695 3994 οὐκ

2162 4032 2339 4097 εἰδὼς,
2372 4032 2509 4086 ἀλλὰ
2548 4035 2643 4088 καὶ
2678 4034 2856 4103 δαυτῷ
2883 4034 2951 4088 τὰ
2995 4035 3285 4090 δεινότατα
3314 4035 3579 4100 συνειδὼς,
3612 4031 3694 4085 καί

2160 4123 2250 4176 διὰ
2272 4123 2432 4177 τοῦτο
2460 4115 2558 4192 τὴν
2596 4124 2933 4195 παραίτησιν
2956 4122 3346 4195 ἀπαγορεύων.
3389 4124 3523 4193 Ἐγὼ
3548 4123 3590 4175 δ’
3624 4120 3694 4173 ἐτι

2165 4213 2367 4284 μᾶλλον
2415 4215 2479 4267 ἐκ
2544 4215 2644 4284 τῆς
2716 4215 3008 4284 συνηθείας
3054 4217 3532 4287 ἐπικαμπτόμενος
3576 4211 3694 4282 πρὸς

2160 4306 2260 4375 τὴν
2291 4303 2458 4357 αὐτοῦ
2503 4304 2914 4374 κακοπραγίαν,
2941 4303 3130 4376 ᾠήθην
3187 4304 3302 4359 δεῖν
3360 4305 3466 4359 ἀπό
3515 4319 3570 4356 τε
3610 4296 3691 4353 τοῦ

2161 4394 2533 4466 δεσμωτηρίου
2580 4396 2661 4459 είς
2692 4396 2880 4466 ἕτερον
2919 4395 3334 4466 ἐπιεικέστερον
3365 4392 3695 4465 μεταγαγεῖν,
3736 4399 3753 4466 “-

490 4486 607 4540 Hoc
643 4485 809 4555 igitur
853 4484 933 4538 illi
985 4482 1245 4552 precibus
1288 4482 1431 4552 apud
1478 4490 1530 4536 te
1579 4481 1716 4538 meis
1744 4481 2051 4553 impetravi.

2163 4487 2256 4539 καὶ
2284 4486 2382 4556 τὴν
2411 4488 2508 4556 τῆς
2548 4486 2754 4556 μητρὸς
2782 4487 2879 4541 καὶ
2904 4485 3163 4557 γυναικὸς
3194 4487 3289 4541 καὶ
3318 4488 3426 4541 τῶν
3449 4483 3696 4553 φιλτάτων
3739 4468 3747 4535 ἷ

490 4578 594 4629 llic
643 4586 817 4629 mater
857 4576 981 4645 ejus
1006 4573 1311 4642 eademque
1338 4572 1669 4628 consobrina
1700 4588 1819 4629 mea
1855 4574 2058 4630 factum

489 4667 707 4733 videns,
748 4662 898 4735 quod
943 4681 1223 4735 nunquam
1252 4666 1604 4735 speravisset,
1633 4665 1796 4737 idque
1823 4682 1923 4739 per
1951 4684 2060 4733 me,

492 4753 849 4809 sollicitatum
876 4769 905 4809 a
935 4754 1178 4820 nemine,
1215 4769 1406 4826 magna
1437 4770 1536 4826 Spe
1567 4756 1620 4811 in
1651 4755 1901 4813 futurum
1923 4775 2063 4830 quo-

2164 4577 2545 4649 συνδιαγωγήν
2574 4577 2722 4648 αὐτῷ
2756 4579 2988 4647 ἐφεῖναι,
3023 4578 3261 4649 νομίζων
3287 4578 3458 4639 οὕτως
3489 4575 3551 4628 ἂν
3583 4571 3698 4641 ἡμῖν

2160 4685 2220 4722 τε
2271 4663 2753 4739 εῖναιάσφάλειαν
2783 4671 2877 4724 τοῦ
2908 4671 2983 4742 μή
3015 4688 3066 4725 τι
3095 4669 3542 4727 ἐπιϐουλεύεσθαι
3578 4660 3694 4754 παρ’

2164 4760 2351 4825 αὐτοῦ,
2387 4764 2483 4814 καὶ
2534 4762 2700 4815 αὑτὸν
2753 4762 2910 4816 οὐδὲν
2935 4758 3100 4834 ἦττον
3137 4763 3172 4833 ἢ
3202 4765 3252 4818 εί
3284 4761 3589 4818 παντάπασι
3615 4753 3696 4810 τοῦ
3741 4800 3752 4849 ᾧ

1719 4886 1935 4948 Jacobi
1972 4888 2236 4949 Pontani
2279 4896 2466 4950 noue.

566 4981 679 5048 (45)
714 4981 996 5037 Vocantur
1033 4981 1271 5053 ἀνάγκαι
1308 4980 1514 5040 Graecis
1550 4984 1902 5053 probationes
1932 4987 2056 5052 illae,

494 5067 629 5122 qum
664 5052 977 5105 necessario
1029 5051 1393 5122 concludunt,
1434 5051 1571 5122 quas
1620 5063 1811 5109 contra
1872 5051 2058 5114 aﬂ’erri

497 5120 643 5176 nihil
695 5129 893 5189 potest,
929 5136 1050 5190 quae
1120 5120 1464 5176 intellectum
1510 5123 1868 5179 convincunt.
1913 5126 2058 5180 Ana-

493 5205 660 5244 creon
702 5189 868 5262 dixit,
896 5191 1017 5262 ’τῶν⁸
1041 5190 1284 5262 ῥητόρων
1312 5193 1604 5262 ἀνάγκαις,
1632 5194 1723 5246 ubi
1766 5203 1899 5262 puto
1934 5196 2057 5248 rhe.

495 5269 675 5312 torum
726 5259 946 5312 nomine
987 5259 1305 5330 dialecticos
1351 5261 1741 5330 accipiendos,
1767 5259 1891 5317 'seu
1935 5279 2057 5320 esse

495 5343 784 5398 commune
815 5340 1012 5382 nomen
1070 5329 1138 5382 ad
1183 5329 1434 5384 rhetores
1478 5329 1724 5398 proprie
1771 5331 1950 5387 dictos
2002 5342 2059 5388 et

496 5395 858 5466 dialecticos;
913 5398 1217 5466 praesertim
1279 5413 1406 5453 cum
1460 5395 1745 5455 dialectica
1803 5400 2056 5457 Ciceroni

503 5465 720 5544 dicatur
760 5466 982 5544 astricta
1015 5475 1373 5544 et_contg:_acta
1426 5468 1674 5544 quaedam
1721 5470 2058 5544 eloquentia,

497 5543 559 5587 ut
591 5536 832 5589 vicissim
865 5536 1195 5590 rhetoricam
1227 5537 1479 5591 latiorem
1507 5546 1564 5591 et
1601 5536 1777 5594 fusam
1808 5536 2062 5595 dialecti-

496 5617 625 5672 cam
646 5604 921 5672 appellare
951 5603 1131 5659 liceat.
1179 5606 1319 5660 Sunt
1350 5608 1500 5662 enim
1558 5610 1734 5664 ambat
1773 5610 1828 5663 in
1886 5611 2062 5664 disse-

498 5671 670 5723 rentlo
686 5671 690 5672 ν
709 5671 915 5740 ριιειιιε.

571 5740 683 5811 ιιι)
719 5741 877 5796 Forte
897 5740 1045 5793 illum
1071 5740 1250 5794 locum
1278 5740 1499 5796 Joannis
1521 5742 1931 5815 intelligit,cap.
1956 5762 2021 5801 xv
2046 5766 2060 5803 :

2167 4988 2432 5058 Majorem
2461 4991 2562 5043 hac
2589 4989 2925 5064 dilectionem
2949 4993 3100 5064 nemo
3132 4993 3309 5057 habet,
3338 5009 3492 5064 quam
3520 4999 3573 5044 ut
3593 4987 3697 5064 am}

2166 5076 2308 5113 mam
2330 5075 2483 5113 suam
2509 5069 2670 5131 ponat
2706 5062 2824 5130 quis
2868 5075 2963 5131 pro
2993 5063 3174 5117 amicis
3224 5062 3356 5117 suis.
3386 5064 3595 5117 Certum
3618 5062 3695 5110 est

2166 5132 2430 5209 majorem
2475 5130 2800 5184 cbaritatem
2829 5134 2899 5185 ab
2930 5131 3244 5205 hominibus
3281 5133 3448 5188 Deum
3482 5144 3582 5185 non
3610 5139 3691 5178 re-

2164 5213 2406 5267 quirere.
2466 5265 2471 5267 Α
2816 5234 2826 5250 .

2238 5266 2351 5342 (b5)
2380 5265 2590 5321 indicat
2637 5267 2753 5342 haec
2805 5268 3036 5324 crimina
3085 5270 3373 5342 Gregoras,
3429 5267 3523 5342 lib:
3566 5277 3689 5342 viil:

2164 5330 2487 5407 Syrginnnes
2521 5353 2640 5391 vero
2673 5340 3046 5407 imperatorum
3092 5330 3368 5394 εοηέονάὶα
3400 5330 3695 5407 minimem-

2159 5405 2242 5459 ttts
2266 5405 2304 5480 ,_
2332 5407 2510 5459 animo
2546 5422 2712 5480 Διιεςει·
2748 5405 2823 5480 et
2850 5476 2874 5480 μ
2907 5409 3046 5480 tristi
3099 5409 3247 5464 uultu
3314 5405 3691 5480 obambulant.

2158 5477 2391 5547 maxime
2418 5477 2555 5544 quod
2598 5476 2905 5547 tranquillis
2945 5479 3117 5543 rebus,
3163 5479 3336 5533 nullus
3372 5478 3481 5547 ejus
3509 5476 3690 5547 nstitit!

2160 5539 2439 5618 republica
2470 5560 2579 5618 esse
2632 5539 2928 5612 videbatur,
2963 5558 3022 5602 et
3068 5539 3189 5617 quae
3227 5539 3540 5618 sequuntur.
3572 5539 3688 5618 Vide

2159 5611 2328 5685 etiam
2375 5615 2570 5684 pagina
2613 5620 3018 5671 antecedente:
3050 5611 3320 5673 Crater-uni
3352 5630 3571 5685 magnus
3598 5611 3690 5683 «tu;

2160 5676 2485 5803 fyrgia‘tine‘s
2556 5686 2708 5739 rebus
2769 5703 2873 5740 non
2935 5703 2999 5742 ea:
3066 5690 3327 5742 sententia
3400 5676 3690 5740 succedenti-

2199 5767 2282 5803 us.
2313 5767 2421 5803 ec.

2199 5767 2282 5815 us,
2313 5767 2421 5806 etc.
