4010 6190
453 345 559 427 435

1610 341 1937 405 JOANNIS
1979 300 2510 405 CANTACUZENI

3573 350 3663 415 436

453 419 614 529 αύτῇ,
683 457 775 512 καὶ
821 459 906 512 διά
949 459 1109 511 τοῦτο
1140 419 1327 529 μηδὲν.
1355 460 1480 527 περὶ
1520 457 1709 511 τούτου
1766 458 2033 527 πρότερον
2067 458 2204 527 αὐτῇ
2266 457 2632 529 διαλεχθῆναι.
2666 460 2856 529 Ὅμως
2897 459 3021 514 ἐπεὶ
3062 458 3259 528 ἔδοξεν,
3328 460 3583 519 ἀπελύετύ
3612 484 3665 520 τε

451 558 559 611 τῶν
589 555 801 625 δεσμῶν
832 558 858 608 ὀ
889 555 1247 626 Συργιάννης,
1283 554 1397 629 καὶ.
1430 553 1716 621 εὐμενείας
1765 551 2003 607 ἀπέλαυε
2037 552 2132 605 καὶ
2160 553 2408 614 εὐποιΐας
2434 553 2531 623 τῆς
2555 555 2702 623 παρά
2733 554 3017 621 βασιλέως.

1906 664 2135 720 CAPUT
2174 666 2237 719 ν.

453 754 706 811 Germani
747 757 872 826 jure
918 759 1129 827 hospitii
1175 758 1239 810 ab
1288 759 1619 827 imperatore
1645 758 1864 825 pecunia
1912 757 2160 827 adjuvari
2209 765 2414 825 petunt.
2473 756 2706 827 Magnus
2746 756 3059 812 domesticus
3109 757 3386 827 respondet
3441 757 3671 813 marium

522 828 833 880 exhaustum
864 844 992 887 esse.
1031 828 1248 879 militem
1280 826 1387 879 illis
1423 826 1865 895 suppeditatur“.
1897 826 2150 881 Germani
2178 836 2419 879 recusant
2438 843 2455 891 ;
2486 826 2759 881 abundare
2801 844 2856 881 se
2888 827 3158 881 militibus.
3192 826 3538 881 Dimittuntur
3568 844 3674 882 cum

521 897 734 950 honore.
770 896 1065 964 Exponitur
1095 896 1363 948 calliditas
1391 893 1679 949 domestici.
1710 893 1843 965 Item
1867 895 2122 964 quomodo
2155 897 2480 963 approbante
2504 900 2823 965 imperatore
2858 908 3064 962 partem
3093 913 3312 950 onerum
3342 905 3390 948 et
3433 912 3668 949 curarum

518 982 735 1017 suarum
764 967 817 1017 in
852 962 1094 1035 humeros
1129 968 1422 1035 Apogauclii
1448 967 1704 1035 rejccerit.
1730 962 1917 1018 Canale
1955 979 2119 1033 quare
2147 962 2436 1029 imperator
2460 962 2705 1031 Cyzicum
2735 967 3000 1035 profectus
3041 969 3128 1021 sit.
3171 964 3307 1020 Cum
3337 965 3676 1019 Zamerchane

519 1045 765 1104 satrapa,
798 1037 888 1102 qui
914 1034 1213 1088 Orientales
1235 1033 1594 1089 Romanorum
1617 1034 1766 1086 nrbes
1792 1035 2033 1098 vexabat,
2054 1048 2232 1102 pacem
2257 1035 2407 1103 facit.
2439 1034 2635 1090 Moesus
2652 1033 2773 1089 cum
2795 1039 3113 1107 imperatore
3141 1050 3366 1105 perenne
3394 1035 3554 1104 {tedas
3574 1036 3674 1089 icit.

521 1149 632 1202 Sub
687 1147 828 1202 idem
865 1159 1077 1218 tempus
1107 1166 1172 1204 ex
1205 1152 1484 1206 Alemania
1518 1152 1582 1206 ad
1613 1153 1883 1207 seniorem
1912 1151 2013 1204 im-
2036 1151 2088 1209 Α

449 1249 751 1309 peratorem
780 1241 941 1309 legati
976 1244 1222 1302 veniunt,
1255 1244 1540 1311 pecuniam
1573 1253 1843 1313 petentes,
1866 1242 2014 1312 quod

447 1347 509 1385 ex
533 1331 703 1385 veteri
738 1332 1003 1387 societate
1054 1342 1110 1387 et
1141 1335 1400 1396 amicitia,
1434 1351 1555 1403 qua:
1586 1335 1719 1404 ipsis
1745 1350 1867 1389 cum
1901 1335 2014 1389 Ro-

448 1423 623 1477 manis
658 1422 1039 1481 intercederet.
1086 1437 1518 1479 conscntaneum
1545 1425 1848 1490 videretur,
1878 1427 2015 1481 alte-

448 1527 538 1567 ros
596 1511 663 1565 ab
706 1512 919 1576 alteris,
969 1513 1015 1566 si
1055 1530 1165 1582 quo
1205 1523 1452 1583 egerent,
1484 1516 1753 1586 adjuvari.
1787 1515 2016 1570 Germa—

447 1602 532 1656 nis
578 1602 688 1673 (49)
728 1604 873 1656 enim
928 1604 1190 1659 omnibus
1212 1621 1335 1659 cum
1377 1606 1638 1661 Romanis
1669 1606 2017 1676 imperatori-

449 1694 552 1749 bus
595 1694 894 1763 hospitium
941 1711 1063 1751 esse
1108 1714 1121 1747 :
1168 1698 1260 1766 qni
1294 1697 1551 1752 Germani
1586 1699 1832 1755 studiose
1859 1715 2017 1754 cura-

449 1792 592 1842 rent,
624 1800 965 1857 quzecunqnc
996 1787 1258 1841 Romanis
1290 1789 1723 1844 emolumentum
1752 1804 1816 1844 ac
1846 1775 2016 1845 decus

448 1874 729 1929 afferrent.
776 1876 931 1930 Nunc
966 1878 1210 1943 pecunia:
1242 1890 1487 1947 egentes.
1519 1881 1586 1933 ad
1626 1881 2015 1949 imperatorem

447 1966 763 2033 compulsos
803 1967 1097 2039 confugere
1122 1985 1137 2033 ;
1162 1985 1298 2044 suae
1325 1971 1519 2039 inopia:
1547 1971 1615 2026 ab
1643 1972 1762 2041 ipso
1792 1972 2016 2027 consul-

451 2066 564 2109 tum
616 2058 679 2111 iri
724 2060 1084 2115 conﬁdentes.
1122 2060 1227 2116 Sed
1269 2078 1391 2116 cum
1435 2064 1804 2118 Andronicum
1836 2065 2018 2119 senio-

450 2163 562 2201 rem
590 2149 820 2217 imperio
854 2160 1062 2204 motum
1092 2154 1423 2221 reperirent,
1455 2154 1523 2208 ad
1551 2155 1827 2223 iuniorem
1860 2155 2015 2210 adie-

447 2250 599 2295 runt.
651 2240 700 2295 Is
746 2257 909 2296 causa
956 2243 1228 2298 adventus
1274 2260 1463 2299 eorum
1502 2254 1777 2316 percepta,
1818 2260 2017 2315 magno

448 2333 752 2387 domestico
789 2350 911 2403 qua:
954 2336 1477 2391 convenientissima
1517 2346 1753 2405 putaret.
1790 2353 2015 2407 respon-

445 2424 611 2479 dendi
649 2436 832 2494 partes
871 2408 1043 2481 dedit.
1092 2427 1186 2481 Ille
1217 2428 1426 2483 vocatis
1454 2412 1521 2481 ad
1562 2444 1619 2483 se
1657 2429 1872 2500 legatis,
1909 2430 2014 2484 sibi

448 2527 505 2570 et
550 2517 861 2584 imperatori
910 2517 1270 2587 quamobrem
1327 2520 1625 2581 adessent,
1680 2520 2016 2574 intellectum

448 2618 603 2664 esse.
629 2613 684 2658 et
711 2614 976 2659 vetustam
1006 2621 1196 2661 eorum
1228 2623 1350 2660 eum
1389 2607 1650 2661 Romanis
1700 2609 2018 2664 societatem

450 2690 859 2762 amicitiamque
881 2695 1022 2747 haud
1052 2710 1110 2748 se
1139 2695 1388 2764 ignorare
1413 2697 1549 2750 dix‘t
1579 2697 1773 2769 ;207
1799 2706 1854 2752 et
1875 2708 2023 2752 utro-

451 2798 687 2853 rumque
746 2784 1036 2855 imperium
1089 2786 1495 2855 quodammodo
1538 2804 1705 2843 unum
1746 2784 2021 2859 principa-

455 2886 567 2929 tum
615 2877 719 2931 sibi
749 2877 917 2931 videri
948 2895 960 2943 ;
991 2880 1199 2949 justum
1231 2880 1360 2933 item
1399 2890 1455 2934 et
1516 2896 1639 2935 cum
1674 2879 1852 2936 ollicio
1887 2897 2020 2937 con-

446 2966 699 3036 junctum
753 2984 909 3034 esse,
960 2970 1148 3025 atnbos
1200 2971 1432 3025 invicem
1483 2972 1748 3027 utilitates
1797 2972 2018 3029 ali'erre.

452 3059 607 3126 Quod
655 3060 720 3114 ad
776 3065 1061 3129 pecuniam
1113 3065 1392 3129 attineret,
1445 3067 1488 3121 si
1545 3068 1822 3122 venissent
1868 3078 2021 3123 ante-

453 3168 617 3221 quam
669 3152 870 3208 bellum
923 3156 1066 3210 inter
1117 3157 1472 3227 imperatores
1508 3168 1813 3227 gereretur,
1849 3176 2023 3228 quan-

456 3255 570 3299 tum
623 3260 721 3315 pro
761 3247 1088 3303 necessitate
1110 3250 1434 3310 voluissent,
1470 3260 1797 3319 accepturos
1828 3252 2019 3308 fuisse.

452 3337 610 3394 Nunc
656 3339 798 3394 idem
838 3340 1040 3395 bellum
1071 3343 1391 3399 exhausisse
1420 3344 1697 3399 aerarium.
1736 3343 2023 3400 Verumta-

454 3444 579 3482 men
602 3430 705 3485 alia
730 3430 814 3484 via
839 3447 995 3500 posse
1014 3433 1141 3488 huic
1158 3424 2022 3506 ipsorum'sumptuarizeﬂilIicul-

455 3519 551 3572 tati
603 3534 942 3588 occurrere;
978 3524 1280 3577 exercitum
1319 3525 1463 3579 enim
1518 3541 1769 3597 magnum
1812 3542 1877 3581 ac
1906 3527 2020 3580 lor-

455 3619 562 3665 tem
617 3623 804 3666 contra
842 3613 1031 3669 hostes
1064 3614 1272 3669 militia:
1298 3616 1507 3670 socium
1548 3617 1876 3687 praebituros
1930 3617 2022 3672 Sic

451 3718 689 3772 namque
731 3720 789 3758 se
831 3705 1165 3769 existimare,
1217 3722 1321 3760 non
1354 3707 1516 3774 alius,
1549 3724 1711 3776 quam
1742 3709 2020 3764 exercitus

2203 1150 2345 1206 ’Υπὸ
2387 1155 2442 1206 δὲ
2490 1155 2617 1216 τοὺς
2642 1153 2841 1216 αὐτοὺς
2872 1152 3100 1223 χρόνους
3133 1154 3226 1205 καὶ
3271 1153 3331 1217 ἐξ
3371 1150 3676 1218 Ἀλαμανῶν

2124 1246 2353 1314 ἀφίκετο
2384 1246 2522 1315 πρὸς
2574 1245 2802 1314 βασιλέα
2850 1246 2943 1297 τὸν
2976 1244 3356 1315 πρεσϐύτερον
3402 1241 3673 1312 πρεσϐεία,

2116 1337 2220 1407 χρή
2232 1352 2375 1403 ματα
2401 1334 2704 1400 αἰτοῦντες,
2726 1335 2999 1403 λέγοντες,
3031 1334 3174 1387 κατά
3204 1331 3448 1385 παλαιὰν
3472 1348 3676 1399 συμμα-

2116 1427 2239 1496 χίαν
2273 1427 2366 1481 καὶ
2403 1426 2590 1496 φιλίαν
2617 1429 2720 1497 τῆς
2750 1428 3023 1498 σφετέρας
3048 1443 3108 1478 τε
3140 1425 3235 1478 καὶ
3263 1424 3363 1493 τῆς
3399 1419 3675 1490 Ῥωμαίων

2116 1517 2412 1587 ἡγεμονίας
2464 1520 2592 1573 ὅταν
2646 1535 2747 1572 του
2799 1519 3010 1570 δέονται
3043 1518 3351 1586 προσήκειν
3408 1515 3677 1583 ἑκατέροις

2116 1609 2443 1678 κομίζεσθαι
2494 1610 2625 1682 παρ’
2683 1610 2948 1681 ἀλλήλων.
2991 1609 3330 1679 Γεμπλίνοις
3388 1607 3496 1677 γὰρ
3555 1609 3675 1658 nan

2118 1699 2301 1767 φιλίαν
2353 1696 2496 1753 εἶναι
2557 1701 2697 1771 πρὸς
2748 1702 2877 1764 τοὺς
2938 1701 3228 1771 Ῥωμαίων
3282 1698 3553 1768 βασιλέας.
3592 1698 3677 1751 καὶ

2119 1788 2525 1853 σπουδάζεσθαι
2557 1790 2744 1853 αὐτοῖς
2776 1791 2878 1843 ὅσα
2924 1789 3198 1857 ὠφέλειάν
3254 1804 3316 1840 τε
3370 1786 3465 1840 καὶ
3522 1785 3677 1856 τιμὴν

2131 1880 2419 1950 Ῥωμαίοις
2453 1885 2767 1951 περιποιεῖ·
2798 1884 2917 1936 νυνὶ
2954 1882 3011 1935 δὲ
3044 1880 3353 1952 χρημάτων
3386 1880 3674 1948 δεομένους,

2118 1974 2435 2041 ἀναγκαίως
2474 1976 2613 2037 πρὸς
2647 1972 2875 2043 βασιλέα
2903 1974 3079 2044 ἥκειν,
3111 1972 3456 2044 θαρροῦντας
3482 1970 3554 2034 ὡς
3588 1969 3678 2039 λή-

2114 2062 2308 2133 ψονται
2349 2065 2472 2117 ὅτου
2503 2064 2571 2118 ἀν
2613 2063 2866 2117 δέωνται.
2914 2064 3068 2116 Ἐπεὶ
3092 2062 3150 2115 δὲ
3194 2063 3539 2134 Ἀνδρόνικον
3593 2060 3677 2112 τὸν
3748 2100 3751 2105 .

2117 2156 2491 2229 πρεσϐύτερον
2522 2156 2752 2225 βασιλέα
2787 2149 2949 2226 εὗρον
2979 2156 3078 2224 τῆς
3122 2154 3307 2225 ἀρχῆς
3357 2151 3679 2221 ἐκϐεϐλημέ-

2118 2263 2228 2309 νον,
2264 2246 2399 2313 πρὸς
2439 2244 2531 2298 τὸν
2562 2244 2683 2298 νέον
2708 2244 2993 2298 ἐποιοῦντο
3027 2245 3129 2313 τὴν
3165 2242 3494 2311 πρεσϐείαν.
3532 2242 3679 2293 Βασι-

2118 2334 2248 2397 λεὺς
2283 2334 2330 2387 δ’
2362 2334 2487 2388 ἐπεὶ
2520 2334 2759 2388 ἐπύθετο
2800 2334 2930 2404 περὶ
2958 2329 3033 2387 ὧν
3056 2334 3271 2404 ἥκοιεν,
3317 2333 3581 2399 ἐπέτρεπε
3609 2328 3678 2398 τῷ

2125 2426 2348 2497 μεγάλῳ
2370 2427 2700 2497 δομεστίκῳ,
2730 2425 2867 2496 πρὸς
2895 2424 3097 2487 αὐτοὺς
3128 2423 3470 2495 ποιήσασθαι
3498 2421 3679 2476 ἀπολο-

2121 2510 2308 2590 γίανῇ
2357 2516 2425 2569 ἂν
2454 2517 2625 2583 δόξειε
2678 2515 2915 2586 μάλιστα
2962 2516 3022 2569 τὸ
3052 2513 3283 2583 εῦλογον
3337 2513 3500 2584 ἔχειν.
3541 2511 3597 2564 ὐ
3627 2509 3676 2563 δὲ

2125 2626 2259 2678 μετα
2271 2607 2640 2677 καλεσάμενος
2669 2608 2791 2670 τοὺς
2816 2605 3095 2676 πρέσϐεις,
3119 2602 3354 2674 βασιλέα
3380 2620 3438 2656 τε
3460 2601 3678 2668 ἔφασκεν

2121 2700 2421 2769 ἀκηκοέναι
2448 2699 2580 2769 περὶ
2604 2691 2679 2752 ὧν
2697 2698 2896 2769 ἥκουσι
2926 2696 3334 2767 πρεσϐεύοντες
3373 2698 3468 2748 καὶ⁸
3497 2694 3675 2747 αὐτόν’

2078 2790 2083 2796 ’
2123 2794 2219 2846 καὶ
2257 2791 2356 2861 τὴν
2390 2790 2489 2861 μὲν
2519 2790 2756 2843 παλαιὰν
2787 2789 3108 2859 συμμαχίαν
3154 2789 3256 2840 καὶ
3301 2788 3483 2858 φιλίαν
3517 2783 3677 2840 αὐτῶν

2125 2882 2264 2955 πρὸς
2293 2883 2416 2943 τοὺς
2460 2881 2753 2951 Ῥωμαίων
2782 2880 3040 2951 βασιλέας
3079 2881 3174 2934 καὶ
3233 2879 3407 2933 αὑτὸν
3455 2880 3676 2931 είδέναι’

2122 2979 2216 3031 καὶ
2266 2974 2507 3046 ὡσπερεὶ
2555 2963 2687 3046 μίαν
2718 2976 3012 3045 ἠγεμονίαν
3043 2973 3372 3045 ἀμφοτέρας
3420 2973 3514 3034 τὰς
3543 2971 3677 3040 βασι-

2122 3067 2271 3129 λείας
2329 3066 2610 3135 νομίζεινο
2669 3065 2767 3117 καὶ
2813 3063 3025 3117 δίκαιον
3085 3061 3205 3133 ἀμα
3273 3062 3369 3116 καὶ
3420 3058 3677 3129 προσῆκον

2122 3159 2394 3228 ἡγεῖσθαι.
2417 3160 2539 3213 ὅτου
2569 3157 2636 3212 ἂν
2656 3157 2879 3211 δέωνται
2903 3156 3175 3226 ἑκάτεροι,
3202 3152 3539 3223 ὠφελεῖσθαι
3561 3146 3677 3219 παρ’

2124 3250 2389 3319 ἀλλήλων.
2434 3250 2713 3318 Χρήματα
2742 3247 2798 3300 δὲ
2850 3246 2886 3301 ἀ
2921 3246 3137 3300 αἰτοῦσι
3162 3244 3286 3312 νῦν,
3337 3246 3386 3298 εί
3427 3244 3551 3316 πρὶν
3594 3241 3680 3293 τὸν

2124 3343 2260 3413 πρὸς
2282 3341 2545 3409 ἀλλήλους
2569 3339 2681 3403 τῶν
2718 3339 3010 3408 Ῥωμαίων
3027 3338 3556 3410 βασιλέων.πόλεμον
3597 3353 3679 3390 xs-

2123 3433 2379 3504 κινῆσθαι
2409 3428 2565 3505 ἧκον,
2594 3432 2923 3502 ἐκομίσαντο
2954 3424 3076 3504 ἃνῇ
3106 3430 3399 3484 ἐϐούλοντο
3428 3428 3679 3499 ἀρκοῦντα

2125 3526 2261 3598 πρὸς
2284 3527 2382 3597 τὴν
2411 3526 2626 3598 χρείαν.
2659 3523 2878 3577 Νυνὶδὲ
2906 3523 3302 3577 ἀναλωθέντων
3329 3523 3410 3585 είς
3440 3521 3528 3574 τὸν
3557 3518 3678 3586 πρὸς

2125 3619 2387 3688 ἀλλήλους
2429 3615 2687 3684 πόλεμον.
2720 3612 3025 3693 χρημάτων
3060 3601 3159 3682 μὲν
3190 3613 3253 3666 τὸ
3294 3612 3393 3666 νῦν
3437 3607 3569 3664 εἶναι
3590 3610 3679 3661 οὐκ

2125 3710 2375 3779 εὐπορεῖν
2396 3722 2410 3737 ο
2451 3705 2642 3775 ἕτερον
2670 3704 2726 3758 δὲ
2750 3704 2952 3775 τρόπον
2980 3702 3246 3758 δύνασθαι
3285 3701 3541 3758 ἰάσασθαι
3590 3696 3680 3768 τὴν

454 3808 616 3849 causa
679 3794 826 3864 ipsos
883 3812 1131 3865 quaerere
1183 3798 1495 3865 pecuniam.
1558 3799 1714 3853 Hune
1774 3816 1906 3867 ergo
1974 3800 2018 3852 si

2127 3800 2361 3870 ἀπορίαν
2388 3799 2497 3851 τῶν
2525 3796 2843 3867 χρημάτων.
2865 3794 3098 3865 Σρατιάν
3140 3794 3249 3864 γὰρ
3283 3794 3351 3848 ἂν
3397 3790 3680 3864 παρασχεῖν

451 3885 850 3957 adipiscantur,
888 3888 1034 3958 quod
1069 3897 1176 3943 tam
1209 3889 1457 3960 diligenti
1489 3906 1658 3959 opera
1692 3901 2022 3945 conarentur

453 3979 723 4044 invenire,
770 3981 881 4049 jam
932 3981 1214 4037 inventum
1248 3982 1475 4038 habere.
1509 3982 1708 4038 Contra
1742 3984 1927 4051 legati,
1962 3998 2021 4035 se

453 4073 720 4140 pecunize,
753 4087 861 4127 non
918 4073 1193 4129 exercitus
1242 4088 1407 4129 causa
1457 4074 1686 4139 missos;
1743 4074 2019 4141 regionem

454 4163 695 4230 ipsorum
738 4165 945 4219 multos
980 4165 1127 4219 alere
1161 4174 1524 4236 strenuosque
1568 4165 1793 4231 milites,
1821 4164 2022 4233 quibus

455 4256 534 4310 uti
585 4270 776 4310 eorum
822 4258 936 4324 regi
984 4256 1168 4322 liceat,
1218 4258 1264 4312 si
1306 4265 1560 4326 sumptus
1591 4239 1798 4313 tantum
1829 4259 1883 4312 in
1914 4260 2018 4314 sti-

452 4348 650 4416 pendia
678 4363 786 4401 non
816 4347 980 4401 desit.
1010 4346 1165 4401 Hunc
1203 4346 1259 4402 in
1294 4348 1518 4402 modum
1546 4349 1751 4417 legatos
1771 4351 2020 4422 impera-

453 4447 541 4491 tor
560 4438 771 4501 dextre,
799 4436 1033 4492 etdouis
1055 4453 1217 4508 quam
1242 4439 1422 4508 potuit
1442 4440 1743 4510 magniﬁcis
1767 4444 2019 4499 humani.

455 4535 538 4578 ter
585 4525 815 4578 donatos
844 4525 911 4579 ab
941 4539 999 4579 se
1029 4526 1271 4591 dimisit;
1308 4527 1609 4598 auditoque
1642 4531 1769 4599 quid
1795 4548 2021 4603 respon-

453 4616 625 4669 disset
671 4616 740 4670 iis
790 4631 1017 4684 magnus
1061 4616 1418 4680 domesticus.
1450 4620 1661 4689 opinari
1689 4638 1747 4677 se
1782 4624 2019 4680 afﬁrma-

454 4707 556 4770 vit,
583 4716 708 4776 apte
750 4716 807 4763 et
851 4710 1243 4765 convenienter
1263 4711 1474 4767 Latinis
1497 4715 1866 4783 respondisse,
1893 4733 2018 4772 eum

456 4810 713 4869 tanquam
774 4800 966 4854 amicis
1025 4801 1327 4857 subsidium
1405 4805 1622 4876 aliquod
1686 4808 2018 4872 promissum

453 4901 634 4948 esset.
677 4890 769 4960 qui
810 4892 855 4945 si
896 4891 1200 4947 voluissent
1229 4894 1497 4963 promissa
1528 4897 1766 4965 exigere,
1797 4914 1904 4952 non
1938 4900 2018 4953 vi-

452 4980 585 5036 dere
611 4996 671 5036 se
713 4981 842 5051 quid
893 4982 1208 5051 responderi
1240 4984 1522 5052 potuisset.
1557 4987 1621 5041 Et
1644 5004 1871 5059 magnus
1915 4990 2019 5045 do-

452 5073 749 5136 mesticus,
799 5072 903 5128 sibi
940 5090 1158 5144 quoque
1203 5075 1350 5130 inter
1391 5079 1833 5147 respondendum
1873 5096 2021 5136 eam-

451 5166 574 5221 dem
618 5166 1020 5222 dubitationem
1067 5153 1333 5222 etortam.
1397 5168 1467 5225 At
1497 5172 1645 5226 enim
1672 5173 1816 5241 quod
1853 5184 2033 5242 pecu-’

455 5257 602 5311 niam
654 5258 893 5313 deiicere
933 5258 1170 5322 dixerit,
1218 5258 1414 5327 pudori
1463 5261 1689 5316 minime
1733 5262 2017 5329 futurum,

453 5345 674 5414 quando
720 5357 779 5401 et
821 5346 924 5416 ipsi
962 5362 1025 5400 ea
1074 5354 1318 5409 careant,
1347 5357 1511 5416 atque
1540 5348 1763 5402 aliunde
1796 5360 2016 5418 petant.

452 5437 654 5507 Copias
701 5450 884 5492 autem
944 5439 1131 5493 datum
1182 5437 1249 5491 iri
1298 5438 1628 5508 pollicitum,
1667 5442 2019 5509 quantumvis

2125 3890 2328 3958 πολλήν
2360 3906 2420 3941 τε
2444 3890 2537 3942 καὶ
2560 3885 2792 3955 ἀγαθὴν,
2821 3886 3297 3956 συμμαχήσουσαν
3328 3885 3425 3939 ἰπὶ
3444 3886 3568 3946 τοὺς
3591 3897 3679 3934 πο·

2123 3981 2372 4050 λεμίους·
2408 3979 2615 4033 οἴεσθαι
2636 3978 2694 4031 δὲ
2723 3977 2861 4047 μηδὲ
2893 3968 3092 4040 αὐτοῦς
3121 3977 3322 4048 ἑτέρου
3372 3994 3465 4029 του
3507 3976 3676 4034 ἕνεκα,

2122 4075 2156 4145 ἢ
2203 4074 2299 4141 τῆς
2356 4073 2637 4142 στρατιᾶς,
2678 4069 2888 4141 δεῖσθαι
2937 4069 3045 4121 τῶν
3093 4069 3433 4140 χρημάτων·
3491 4069 3580 4120 καὶ
3635 4067 3679 4117 εί

2123 4163 2314 4217 τούτου
2349 4162 2672 4233 τύχοιεν,τδ
2726 4160 3164 4230 σπουδαζόμενον
3207 4160 3396 4222 αὐτοῖς
3441 4156 3676 4229 ὴνύσθαι.

2122 4256 2186 4308 Οί
2236 4254 2494 4323 πρέσϐεις
2541 4253 2598 4305 δὲ
2647 4252 2951 4322 χρημάτων
2990 4252 3153 4304 ἕνεκα
3197 4251 3362 4321 ἥκειν
3391 4251 3591 4319 ελεγον,
3622 4244 3679 4298 ού

2125 4347 2406 4414 στρατιᾶς.
2459 4345 2569 4414 Τὴν
2616 4347 2726 4416 γὰρ
2758 4344 2938 4398 αὐτῶν
2969 4342 3197 4406 πολλούς
3227 4360 3288 4395 τε
3333 4344 3429 4395 καὶ
3456 4339 3680 4408 ἀγαθοὺς

2122 4438 2344 4507 τρέφειν
2390 4430 2473 4500 οἷς
2517 4436 2698 4500 ἔξεστι
2756 4435 2992 4507 χρῆσθαι
3052 4434 3132 4506 τῷ
3183 4436 3436 4505 σφετέρῳ
3486 4430 3682 4503 βασιλεῖ

2124 4528 2497 4598 ἀναλωμάτων
2548 4525 2888 4596 εὐποροῦντι.
2940 4526 3083 4589 Τοὺς
3140 4526 3241 4595 μὲν
3298 4524 3396 4578 οὖν
3436 4521 3679 4593 πρέσϐεις

2121 4619 2291 4683 οὕτως
2320 4618 2535 4687 εὐφυῶς
2563 4618 2592 4670 ὁ
2611 4616 2866 4687 βασιλεὺς
2891 4616 3277 4685 ἀπεπέμψατο,
3317 4615 3509 4686 δώροις
3543 4614 3680 4682 φιλο-

2124 4710 2536 4780 φρονησάμενος
2583 4710 2664 4772 είς
2693 4710 2819 4762 ὅσον
2868 4707 2999 4776 ἐξῆν
3057 4707 3538 4777 μεγαλωπρεπὼς.
3576 4703 3679 4772 Τὴν

2123 4801 2180 4854 δὲ
2210 4801 2347 4873 πρὸς
2378 4802 2504 4864 τοὺς
2536 4799 2799 4870 πρέσϐεις
2826 4799 2918 4852 τοῦ
2948 4799 3191 4869 μεγάλου
3221 4798 3546 4868 δομεστίκου
3581 4812 3680 4849 πυ-

2125 4881 2351 4960 θόμενος
2398 4890 2719 4959 ἀπολογίαν,
2756 4889 2852 4944 νῦν
2891 4889 2992 4958 μὲν
3024 4889 3177 4957 ἔλεγε
3231 4890 3371 4959 πρὸς
3401 4889 3559 4942 αὐτὸν
3584 4886 3678 4953 ἀρ·

2126 4981 2396 5051 μύζουσιν
2427 4979 2717 5049 φαίνεσθαι
2742 4977 2840 5047 τὴν
2863 4978 3000 5048 πρὸς
3023 4978 3149 5040 τοὺς
3180 4978 3448 5039 Λατίνους
3493 4975 3679 5028 ἀπολο-

2124 5076 2247 5141 γίαν
2285 5073 2612 5144 πεποιῆσθαι
2634 5072 2896 5126 δοκοῦσαν
2924 5071 3101 5140 φίλοις
3124 5071 3308 5134 αὐτοῖς
3332 5070 3488 5124 οὖσιν
3511 5071 3679 5133 ἑπαγ-

2130 5168 2417 5236 γέλλεσθαί
2454 5184 2577 5219 τινα
2613 5165 2886 5234 ὠφέλειαν
2939 5164 3220 5235 παρέξειν.
3265 5163 3393 5216 Ἐὰν
3420 5161 3478 5216 δὲ
3506 5159 3679 5219 αὐτοῖς

2128 5261 2305 5312 ἐδόκει
2346 5259 2448 5328 sipo
2482 5257 2900 5329 ἐπηγγελμένην
2932 5255 3192 5326 στρατιὰν
3232 5254 3437 5323 ζητεῖν,
3466 5250 3678 5319 ἀπορεῖν

2126 5344 2193 5420 ἧς
2225 5349 2290 5402 ἂν
2321 5348 2625 5417 εὐπόρησεν
2646 5346 2962 5413 ἀπολογίας.
2999 5346 3064 5398 Ὀ
3089 5346 3260 5414 μέγας
3283 5343 3339 5396 δὲ
3368 5343 3677 5411 δομέστικος

2126 5442 2221 5493 καὶ
2269 5438 2427 5500 αὐτὸς
2475 5439 2576 5508 μὲν
2631 5433 2785 5492 εἶπεν
2819 5439 2914 5492 ἐπὶ
2961 5437 3088 5491 νοῦν
3139 5438 3346 5506 ταύτην
3396 5434 3676 5504 ἐσχηκέναι

1696 5556 1913 5617 Jacobi
1938 5554 2208 5619 Pontani
2238 5563 2426 5616 n’otw.

526 5654 1223 5727 (49)_Gr:ecej‘sa.6).£vm;,
1271 5658 1362 5724 qui
1398 5658 1473 5713 nil
1505 5657 1649 5713 aliud
1675 5667 1805 5713 sunt
1841 5674 2006 5727 quam

2117 5659 2362 5714 subsidia
2406 5655 2674 5710 Gibelinis
2723 5656 2867 5710 misit
2914 5665 3105 5711 contra
3154 5655 3484 5724 pontiﬁcios,
3521 5659 3577 5707 ut
3602 5661 3666 5705 ex

451 5723 668 5781 (ἰσιιίἰοί
704 5725 818 5779 sive
848 5725 1107 5779 Gibeliui.
1147 5723 1417 5781 Caeterum
1451 5730 1633 5784 senior
1648 5723 1999 5785 Andronicus
2104 5728 2311 5784 Joanne
2344 5727 2536 5783 Villam
2564 5727 2876 5780 Florentino
2904 5727 3000 5811 lib.
3033 5742 3085 5780 ιχ
3125 5723 3293 5796 patet.
3396 5759 3405 5771 η
