4010 6190
327 387 423 448 4·ὶῖ

1487 397 2022 462 HISTORIARU“
2071 404 2296 464 LIBER
2336 408 2415 466 ΙΙ.

3459 411 3500 473 4·
3511 413 3563 473 '18

321 501 719 573 ἁπορίαν,πρδς
741 505 980 570 ἐκείνους
1009 509 1324 579 ποιούμενος
1349 509 1700 578 τοὺς).όγους.
1734 510 1882 580 Πλὴν

1987 517 2226 585 perbene
2264 523 2462 585 sciret,
2513 520 2567 574 id
2609 521 2754 590 quod
2805 532 2958 586 erat,
3006 537 3112 576 non
3160 523 3388 576 militem
3441 522 3562 577 illo.-

321 593 374 644 τὸ
416 592 517 661 μέν
549 597 774 664 ἀπορεῖν
804 601 1102 668 χρημάτων
1153 603 1351 665 εἰπεῖν,
1391 602 1648 670 οὐδεμίαν
1693 603 1882 664 αὐτοῖς

324 683 383 736 ἂν
409 685 602 754 φέρειν
634 688 918 758 αίσχὺνην,
947 690 1044 744 ἅτε
1071 691 1133 760 δὴ
1161 693 1253 746 καὶ⁵
1281 692 1462 746 αὐτῶν
1500 693 1878 762 ἀπορούντων,

325 775 408 828 καὶ
452 775 728 844 δεομένων
781 779 914 850 παρ’
948 781 1170 835 αὐτῶνθ
1227 783 1487 852 στρατιὰν
1536 782 1594 835 δὲ
1655 783 1890 853 παρέχει

325 866 435 920 σθαι
477 869 837 938 ἐπηγγέλθαι,
873 873 1105 941 μάλιστα
1141 873 1239 944 μὲν
1283 875 1422 944 ὅπερ
1451 869 1519 946 ἦν
1579 875 1670 926 acad.
1725 872 1888 926 αὐτὸν

323 959 560 1026 οἰόμενον
587 962 648 1013 οὑ
676 964 933 1031 στρατιᾶς
963 966 1132 1034 ἐρεῖν,
1163 964 1300 1017 ἀλλὰ
1328 965 1630 1035 χρημάτων
1659 963 1888 1018 δεῖσθαι.

322 1050 372 1102 ΕΞ
407 1051 451 1103 δ’
485 1051 594 1121 ἄρα
635 1054 727 1105 καὶ
765 1054 901 1122 πρὸς
952 1056 1022 1108 τὰ
1069 1055 1302 1128 δεύτερα
1345 1059 1598 1126 χωροῖεν,
1644 1056 1738 1108 νῦν
1794 1055 1891 1125 μέν

294 1141 485 1220 ἐἰπεῖν
525 1145 584 1194 οὗ
616 1144 798 1214 ῥᾴδιον
849 1149 1178 1216 παρασχεῖν,
1227 1145 1419 1216 καιροῦ
1448 1147 1710 1216 δεομένην
1753 1145 1889 1216 πρὸς

320 1237 695 1302 παρασκευὴν,
721 1236 894 1299 ἄλλως
929 1254 986 1290 τε
1016 1239 1126 1291 οὐδ’
1154 1239 1397 1306 ἀκριϐῶς
1428 1239 1641 1302 εἰδότας
1673 1240 1721 1291 εί
1749 1238 1892 1292 κατὰ

317 1325 535 1396 γνώμην
585 1327 673 1394 εἴη
713 1327 786 1396 τῷ
818 1318 1064 1398 σφετέρῳ
1110 1330 1341 1400 βασιλεῖ.
1383 1330 1443 1382 Ei
1483 1330 1528 1383 δ’
1569 1329 1892 1390 ἀπελθόντες

317 1419 443 1486 πρὸς
468 1416 568 1488 τὴν
600 1419 1216 1488 οἰκείαν,άπαγγείλωσι
1237 1423 1366 1492 περὶ
1396 1423 1493 1491 τῆς
1515 1423 1770 1490 στρατιᾶς
1796 1422 1890 1473 καὶ

314 1507 478 1560 δέοιτο
514 1510 705 1578 αὐτῆς,
752 1509 860 1564 τότ’
884 1511 982 1581 ἤδη
1017 1511 1142 1576 τοὺς
1178 1514 1666 1584 παραληψομένους
1699 1514 1882 1583 ἣκειν.

317 1598 539 1665 Χρονίου
572 1600 680 1669 γὰρ
728 1599 894 1670 οὔσης
947 1603 1039 1654 καὶ
1094 1602 1386 1673 ὑπερορίου
1435 1604 1533 1673 τῆς
1579 1603 1888 1674 στρατείας,

317 1689 404 1739 καὶ
463 1690 657 1756 χρόνου
698 1689 906 1742 δεῖσθαι
950 1690 1143 1758 συχνοῦ
1195 1693 1330 1761 πρὸς
1374 1694 1472 1761 τὴν
1512 1691 1886 1759 παρασκευήν.

328 1779 484 1832 Ἀλλὰ
514 1781 686 1834 ταῦτα
720 1782 818 1851 μὲν
836 1768 1080 1838 τοιαῦτα.
1127 1783 1216 1848 Ἐξ
1240 1784 1450 1836 ἐκείνου
1477 1783 1534 1836 δέ
1559 1784 1653 1836 τοῦ
1684 1784 1882 1853 χρόνου

1997 608 2346 675 desiderare,
2401 610 2496 665 sed
2545 612 2850 666 nummaria
2913 621 3249 682 paupertate
3287 612 3559 666 laborare.

1994 700 2048 756 Si
2101 710 2281 756 tamen
2339 702 2405 756 ad
2455 705 2688 758 alterum
2722 705 2884 759 etiam
2922 704 3340 776 processissent,
3379 704 3562 757 dictu-

1994 808 2116 846 rum
2188 791 2394 870 fuisse,
2470 809 2618 848 nunc
2679 793 2969 850 diﬂicultcr
3019 794 3137 848 dari
3200 810 3358 864 posse
3414 795 3558 863 quod

1993 899 2142 938 mora
2203 900 2265 939 ac
2331 894 2575 954 tempore
2633 886 2700 940 ad
2767 887 3132 957 colligendum
3194 901 3332 956 opus
3397 885 3559 939 foret.

1990 977 2070 1032 Ad
2137 978 2250 1032 hzec
2301 978 2542 1032 nondum
2595 979 2804 1048 liquido
2851 979 3021 1044 sciri,
3073 967 3143 1034 an
3209 980 3265 1033 id
3312 982 3557 1049 ipsorum

1993 1069 2105 1138 regi
2148 1068 2470 1135 placiturum
2516 1069 2606 1123 sit.
2669 1071 2894 1124 Reversi
2949 1071 3110 1141 igitur
3157 1072 3409 1133 domum,
3462 1087 3558 1124 sn-

1993 1174 2091 1228 per
2138 1159 2384 1213 exercitu
2431 1160 2721 1213 certiorem
2771 1160 3038 1222 facerent,
3088 1175 3144 1215 et
3174 1161 3443 1230 siquidem
3474 1161 3558 1214 iu-

1992 1249 2219 1319 digeret,
2271 1259 2382 1305 tum
2424 1252 2676 1305 venirent
2705 1252 2798 1320 qui
2829 1269 2954 1307 eum
2999 1253 3356 1318 abducerent,
3403 1253 3562 1320 quip-

1991 1357 2060 1408 pe
2109 1357 2233 1395 cum
2290 1343 2498 1397 lentum
2554 1358 2616 1397 ac
2661 1345 2878 1414 longum
2930 1345 3204 1411 negotium
3257 1344 3326 1397 sit
3369 1343 3558 1412 ecpias

1992 1433 2312 1501 peregrinas
2373 1440 2430 1487 et
2480 1449 2511 1487 e
2565 1432 2700 1488 locis
2753 1434 3133 1488 remotissimis
3207 1434 3555 1488 contrahere.

1995 1520 2059 1572 Et
2116 1519 2230 1574 haec
2273 1518 2494 1588 quidem
2544 1519 2648 1575 isto
2714 1521 2875 1575 modo
2927 1530 3045 1576 acta
3105 1530 3251 1576 sunt.
3311 1523 3388 1576 Ex
3447 1538 3558 1591 quo

1992 1619 2170 1664 autem
2225 1626 2394 1680 nepos
2437 1612 2504 1666 ab
2541 1628 2641 1666 avo
2669 1613 2940 1668 dissidens
2963 1614 3355 1683 Adrianopoliu
3385 1616 3555 1680 venit,

1995 1715 2166 1768 usque
2207 1699 2276 1753 ad
2328 1700 2479 1754 illum
2524 1701 2666 1756 diem
2705 1702 2872 1757 rebus
2914 1704 3170 1758 omnibus
3199 1705 3450 1772 agundis,
3479 1714 3559 1757 at-

1993 1804 2101 1857 que
2150 1789 2318 1843 etiam
2349 1789 2719 1860 imperatoriis
2749 1793 3084 1862 diplomatis,
3113 1809 3235 1862 qua
3257 1794 3322 1848 ad
3349 1795 3566 1864 aliquid

323 1869 380 1934 ἐξ
414 1871 537 1924 ὅτου
594 1870 851 1942 βασιλεὺς
892 1874 921 1926 ό
954 1873 1072 1936 νέος
1103 1873 1198 1926 τοῦ
1231 1874 1463 1928 πάππου
1498 1876 1593 1928 καὶ
1625 1852 1883 1944 βασιλέως

1993 1878 2429 1954 confirmandum
2478 1881 2876 1947 scriberentur,
2927 1898 3025 1952 per
3068 1898 3128 1937 se
3175 1899 3408 1954 magnus
3458 1883 3563 1937 do-

318 1959 568 2029 διαστὰς,
613 1964 715 2038 είς
771 1965 1213 2034 Ἀδριανούπολιν
1279 1960 1386 2038 ἦκν
1438 1966 1565 2037 ἄχρι
1617 1966 1710 2018 καὶ
1769 1965 1889 2018 τότε

322 2055 423 2111 τοῖς
477 2071 537 2106 τε
586 2021 768 2118 ἄλλοις
815 2021 988 2110 ἅπασι
1039 2059 1148 2120 τοῖς
1204 2021 1620 2128 πραττομένοις,
1677 2061 1770 2111 καὶ
1818 2057 1884 2128 δὴ

323 2147 408 2198 καὶ
455 2146 568 2209 τοῖς
620 2145 924 2216 βασιλικοῖς
971 2150 1298 2220 γράμμασιν
1348 2150 1384 2204 ἃ
1435 2152 1557 2202 ἐπεὶ
1592 2148 1887 2220 βεϐαιώσει

325 2238 518 2304 ἐγίνετό
569 2255 716 2302 τινος
771 2237 838 2291 δι’
873 2238 1068 2293 ἐαυτοῦ
1121 2240 1215 2293 τοῦ
1271 2240 1508 2311 μεγάλου
1563 2238 1886 2308 δομεστίκου

325 2327 752 2392 ἐπιστατοῦντος,
775 2329 886 2383 δέει
919 2329 1012 2382 τοῦ
1057 2333 1131 2402 μή
1167 2349 1218 2384 τι
1247 2332 1351 2385 τῶν
1396 2333 1470 2404 μὴ
1500 2330 1886 2403 προσηκόντων

327 2425 562 2492 γενέσθαι
596 2426 630 2495 ἢ
678 2426 767 2480 διὰ
803 2425 1100 2496 ρᾳθυμίαν,
1129 2429 1161 2497 ἢ
1195 2429 1280 2480 διὰ
1309 2428 1598 2481 κακόνοιαν
1627 2426 1737 2478 τῶν
1763 2427 1885 2478 ἐπι-

325 2519 729 2587 τετραμμένων,
785 2520 882 2572 καὶ
913 2519 973 2571 οὐ
1025 2508 1219 2592 μικρόν
1263 2537 1383 2572 τινα
1437 2521 1523 2573 διὰ
1568 2519 1741 2572 ταῦτα
1791 2517 1884 2572 τὸν

328 2609 476 2659 πόνον
508 2608 911 2677 ὑφισταμένου,
945 2611 1094 2680 ὅμως
1122 2610 1428 2677 ἀναγκαίαν
1462 2610 1562 2680 τὴν
1592 2609 1878 2680 πρόνοιαν,

328 2703 408 2752 καὶ
433 2701 525 2760 τὴν
555 2701 649 2752 ἐπὶ
673 2702 810 2753 πᾶσι
862 2703 1122 2772 φροντίδα
1149 2702 1524 2773 λογιζομένου,
1558 2705 1655 2756 καὶ
1684 2703 1880 2772 φέρον-

326 2807 405 2854 τος
430 2793 513 2844 τὸν
544 2793 793 2862 κάματον
844 2796 992 2862 σιγῇ,
1026 2793 1146 2846 τότε
1181 2794 1236 2846 δὲ
1256 2793 1364 2846 τῶν
1395 2792 1674 2863 ἐμφυλίων
1716 2789 1879 2844 πολέο

1992 1947 2255 2022 mesticus
2286 1967 2572 2036 praefuerat
2595 1984 2620 2032 ;.
2647 1983 2713 2022 ne
2739 1968 2870 2038 quid
2899 1947 2994 2038 per
3021 1947 3329 2024 socordiam
3394 1969 3560 2039 208
3585 1990 3589 1996 ·

1991 2059 2454 2128 malignitatemve
2503 2061 2737 2114 aliorum
2761 2101 2778 2127 ,
2817 2061 3019 2130 quibus
3050 2076 3114 2115 ea
3145 2063 3559 2116 committeren-
3601 2058 3608 2065 ’

1991 2153 2101 2209 tur,
2134 2145 2443 2202 sinisterius
2465 2146 2620 2200 fieret
2646 2166 2658 2200 :
2695 2161 2794 2202 nec
2817 2148 2967 2203 leves
3007 2149 3063 2202 in
3091 2164 3159 2203 eo
3185 2149 3404 2203 labores
3435 2165 3557 2202 sus-

1989 2235 2264 2302 tinuerat,
2315 2252 2452 2306 quos
2499 2237 2890 2302 nihilominus,
2953 2238 3078 2308 quia
3114 2253 3303 2293 curam
3343 2237 3554 2292 sollici-~

1987 2329 2345 2398 tudinernque
2409 2329 2464 2382 in
2519 2329 2776 2383 omnibus
2823 2329 3188 2385 necessariam
3243 2329 3551 2399 judicabat,

1985 2419 2204 2474 silentio
2251 2417 2586 2488 perferebat.
2612 2418 2767 2474 Tunc
2797 2435 2950 2485 vero,
2987 2419 3221 2489 sepultis
3246 2421 3358 2490 jam
3392 2419 3556 2476 bellis

1985 2512 2264 2575 civilibus,
2317 2511 2642 2582 insidiisque
2689 2527 2754 2567 ac
2785 2511 3194 2582 suspicionibus
3229 2511 3414 2576 nullis,
3445 2511 3552 2567 sibi

1983 2621 2204 2676 quoque
2258 2606 2650 2676 occupationes
2697 2605 3037 2675 aliquantum
3075 2606 3398 2661 minuendas
3429 2621 3553 2660 esse
3589 2623 3598 2632 ί

1983 2693 2292 2748 constituit.
2339 2692 2614 2758 Quocirca
2667 2693 2985 2762 imperatori
3033 2693 3297 2763 praeteriti
3335 2703 3552 2762 tempo-

1982 2782 2058 2837 ris
2107 2782 2437 2837 laboriosam
2466 2783 2995 2838 administrationem
3022 2798 3176 2838 suam
3207 2786 3455 2853 exponit,
3487 2798 3552 2838 ac

327 2900 434 2950 μιιιν
453 2885 740 2950 λυθέντων,
769 2886 864 2938 καὶ
890 2886 1262 2956 πεπαυμένων
1287 2885 1396 2938 τῶν
1444 2883 1752 2937 ἐπιϐουλῶν
1782 2881 1879 2935 καὶ

1987 2883 2167 2928 monet
2189 2874 2348 2928 malis
2375 2874 2628 2929 civilibus
2649 2883 2706 2930 et
2736 2874 3058 2943 suspiciosis
3077 2875 3417 2944 temporibus
3437 2876 3548 2944 jam

325 2977 596 3046 ὑπονοιῶν,
643 2978 786 3046 ἐγνω
819 2979 930 3032 δεῖν
985 2981 1076 3032 καὶ⁵
1103 2979 1264 3042 αὑτὸς
1302 2979 1412 3031 τῶν
1464 2977 1646 3030 πόνων
1685 2974 1878 3029 ἑαυτὸν

1987 2965 2273 3035 ρτωιοτὶιίε
2329 2965 2762 3034 providendum,
2817 2965 2896 3020 uti
2946 2980 3034 3022 res
3087 2967 3562 3036 quemadmodum.

326 3070 512 3141 ἀνεῖναι
542 3069 762 3141 μικρόν.
804 3071 914 3124 Καὶ
947 3069 1156 3141 βασιλεῖ
1187 3068 1522 3141 προσελθὼν,
1559 3068 1652 3120 τόν
1690 3085 1750 3121 τε
1784 3066 1876 3120 ἐπὶ

1987 3060 2129 3117 ante,
2167 3052 2306 3107 bene
2347 3051 2714 3121 decenterque
2748 3061 3135 3122 procurentur,
3170 3063 3227 3108 et
3255 3055 3358 3108 sibi
3383 3054 3546 3122 quie-

327 3163 412 3214 τοῦ
433 3164 692 3232 προτέρου
717 3163 910 3232 χρόνου
947 3163 1084 3235 πρὸς
1117 3164 1218 3232 τὴν
1253 3162 1525 3232 διοίκησιν
1552 3161 1663 3213 τῶν
1695 3175 1876 3231 πραγ-

1987 3153 2089 3199 tem
2138 3160 2202 3199 ac
2249 3143 2628 3199 remissionem
2661 3145 2901 3214 aliquam
2934 3146 3366 3202 concedendam.
3397 3144 3546 3202 Con-

331 3253 496 3321 μάτων
523 3255 762 3322 διηγεῖτο
803 3254 986 3318 πόνον,
1013 3255 1106 3306 καὶ
1131 3254 1205 3316 ῶς
1232 3253 1343 3306 τῶν
1377 3253 1654 3324 ἐμφυλίων
1686 3254 1876 3307 κακῶν

1987 3251 2262 3292 cessurum
2305 3244 2531 3301 autem,
2582 3237 2629 3291 si
2678 3236 3152 3307 imperatoriarum
3203 3239 3536 3304 litterarum,

327 3347 416 3416 ἤδη
439 3345 827 3416 πεπαυμένων,
853 3347 947 3398 καὶ
973 3345 1208 3415 ὑποψίας
1240 3344 1405 3417 οὓσης
1435 3347 1718 3417 οὐδεμιᾶς,
1756 3348 1876 3401 δέον

329 3437 562 3502 πρόνοιάν
583 3454 704 3490 τινα
730 3435 1058 3506 ποιήσασθαι
1085 3435 1226 3489 ὥστε
1259 3438 1331 3491 τά
1356 3454 1414 3489 τε
1443 3441 1743 3508 πράγματα
1767 3439 1875 3492 ῶσ-

329 3545 423 3597 περ
438 3529 693 3598 πρότερον
718 3527 897 3590 καλῶς
920 3527 1014 3580 καὶ
1034 3527 1108 3590 ὡς
1130 3527 1249 3580 δέον
1275 3527 1620 3590 διοικεῖσθαι,
1651 3529 1746 3581 καὶ
1774 3529 1877 3582 αὐ-

326 3623 408 3673 τὸν
459 3621 773 3691 ἀναπαύλης
807 3621 950 3683 τινὸς
987 3620 1302 3690 τυγχάνειν.
1364 3620 1534 3674 Τοῦτο
1585 3620 1641 3672 δὲ
1683 3619 1877 3688 γένοιτ’

327 3711 408 3776 ἂν,
434 3715 477 3765 εί
505 3714 602 3782 τήν
623 3730 682 3765 τε
700 3713 808 3766 τῶν
835 3713 1137 3782 βασιλικῶν
1161 3712 1508 3783 γραμμάτων
1531 3713 1875 3775 ἐπιστασίαν,

331 3804 414 3856 καὶ
437 3805 530 3870 τὴν
563 3806 655 3856 ἐπὶ
677 3805 771 3856 τοῦ
796 3804 906 3857 τῶν
936 3804 1233 3874 βασιλικῶν
1261 3804 1562 3875 χρημάτων
1587 3803 1861 3873 ταμιείου,

331 3893 403 3947 ἐτι
433 3895 484 3948 δέ
514 3896 606 3948 καὶ
637 3897 736 3965 τὴν
763 3895 856 3948 ἐπὶ
901 3894 1008 3946 τῶν
1071 3895 1507 3963 εἰσπραττόντων
1550 3895 1672 3955 τοὺς
1711 3894 1880 3963 δημοο

334 3986 464 4048 σίους
497 3990 694 4057 φόρους
725 3986 975 4039 ἀναθεῖεν
1011 3986 1186 4055 ἑτέρῳ
1218 3987 1344 4050 τινὶ,
1380 3985 1441 4038 ὃν
1471 3985 1538 4038 ἂν
1587 3985 1880 4052 ἐκλέξηται

331 4080 492 4138 αὑτός.
543 4080 805 4142 Βασιλεὺς
853 4079 908 4130 δέ
985 4078 1104 4130 οὑδέ
1163 4077 1323 4140 αὐτὸς
1374 4076 1612 4146 ἔφασκεν
1656 4078 1872 4144 ἀγνοεῖν

331 4169 440 4223 ὅσον
457 4171 646 4224 ἐπὶτοῦ
668 4167 935 4240 προτέρου
963 4168 1156 4238 χρόνου
1174 4168 1440 4236 ὑφίστατο
1458 4167 1548 4220 τὸν
1569 4167 1754 4231 πόνον,
1777 4168 1885 4219 πᾶ-

335 4277 407 4313 σιν
428 4263 576 4324 αὐτὸς
606 4261 946 4331 ἐφεστηκὼς·
978 4261 1114 4314 ἀλλὰ
1147 4259 1344 4311 εἰδέναι
1371 4275 1430 4311 τε
1445 4257 1649 4321 καλῶς,
1671 4259 1766 4311 καὶ
1782 4258 1884 4328 οὐχ

330 4350 506 4419 ἥκιστα
531 4352 858 4420 θαυμάζειν,
885 4354 933 4404 εί
962 4351 1099 4420 πρὸς
1142 4349 1412 4420 τοσαύτην
1448 4349 1718 4418 διοίκησιν
1745 4365 1888 4419 πρα-

331 4442 538 4508 γμάτων
573 4438 650 4505 εἷς
709 4441 786 4495 ὣν
840 4443 1000 4504 αὐτὸς
1048 4442 1302 4511 ἐξαρκεῖ⁸
1341 4441 1422 4493 ἐτι
1475 4440 1532 4493 δέ
1567 4441 1661 4492 καὶ
1697 4440 1884 4507 ἀλγεῖν

1977 3333 2031 3378 οι
2081 3324 2217 3387 ﬁsci,
2263 3331 2317 3377 et
2369 3325 2711 3378 exactio-tum
2766 3323 3144 3394 praefecturam
3204 3327 3256 3380 in
3311 3317 3542 3381 alterum

1979 3413 2287 3476 transierat,
2349 3429 2510 3482 quem
2546 3429 2646 3468 suo
2678 3415 2948 3470 arbitratu
2981 3417 3265 3488 delegerit.
3299 3417 3548 3489 Respon-

1977 3501 2058 3556 dit
2082 3501 2408 3570 imperator,
2441 3515 2544 3556 nec
2575 3516 2632 3556 se
2665 3502 2916 3572 ignorare
2943 3514 3180 3573 quantos
3213 3505 3304 3560 il'e
3328 3506 3547 3561 labores

1978 3600 2246 3655 hactenus
2295 3599 2576 3666 subiisset,
2616 3616 2742 3656 cum
2778 3617 2920 3658 unus
2962 3603 3223 3660 omnibus
3257 3615 3547 3673 praeesset;

1979 3699 2079 3754 sed
2109 3699 2282 3768 probe
2314 3714 2497 3765 nosse,
2522 3709 2578 3754 et
2613 3714 2960 3771 summopere
2990 3702 3341 3770 admiratum,
3370 3706 3548 3760 solum

1982 3809 2144 3859 tantae
2186 3799 2530 3869 negotiorum
2566 3801 2696 3856 moli
2727 3802 3062 3858 sustinendae
3091 3819 3277 3874 parem
3308 3820 3430 3860 esse
3462 3821 3552 3876 po-

1984 3892 2172 3946 tuisse.
2210 3892 2483 3946 Przeterea
2517 3892 2762 3948 doluisse
2801 3893 3080 3949 fortunam
3103 3896 3242 3966 ejus,
3272 3910 3396 3950 cum
3424 3899 3550 3966 qui-

1984 3980 2086 4033 bus
2147 3987 2491 4048 premeretur
2540 3979 2824 4046 oneribus,
2873 3995 3059 4036 secum
3111 3983 3396 4053 cogitaret.
3443 3983 3550 4039 Sed

1983 4085 2107 4124 cum
2156 4069 2274 4138 ipse
2307 4083 2526 4139 quoque
2563 4070 2958 4136 consideraret,
2988 4073 3132 4142 quod
3159 4073 3390 4140 dixerat,
3417 4090 3554 4144 quo-

1986 4162 2148 4216 modo
2194 4169 2418 4232 propter
2463 4161 2601 4216 bella
2629 4161 2812 4217 civilia
2845 4171 2901 4217 et
2955 4163 3181 4218 insidias
3205 4179 3334 4220 eum
3359 4165 3552 4222 adesse

1985 4253 2263 4318 omnibus,
2309 4261 2366 4307 et
2408 4269 2504 4324 per
2535 4270 2664 4309 eum
2698 4255 2813 4308 lieri
2847 4254 3029 4308 omnia
3052 4264 3351 4324 Oporteret,
3386 4257 3552 4312 etiam

1985 4347 2261 4402 nolentem
2317 4354 2536 4417 tempus
2581 4346 2898 4401 extrasisse.
2930 4345 3088 4402 Nunc
3115 4349 3373 4416 quoniam
3411 4349 3554 4404 Deus

1991 4438 2381 4508 rempublicam
2434 4439 2745 4494 ordinasset
2785 4448 2948 4508 atque
2995 4441 3392 4505 constituisset,
3437 4442 3555 4511 ipse

331 4529 457 4598 ὑπὲρ
491 4531 658 4584 αὑτοῦ
695 4533 787 4584 τὸν
813 4532 1059 4599 κάματον
1089 4530 1148 4583 ὃν
1191 4529 1464 4599 ὑπέμενεν
1488 4529 1883 4598 ἐννοῶν.”οπερ

1991 4529 2171 4598 potius
2190 4528 2257 4581 ad
2281 4542 2346 4581 ea
2367 4543 2488 4597 quae
2509 4530 2842 4583 nominasset
2861 4545 3087 4584 munera
3111 4531 3364 4586 obeunda
3388 4547 3555 4601 quem
3583 4571 3590 4584 ._

328 4617 376 4670 δὲ
396 4619 548 4684 αὐτὸς
577 4617 712 4690 ἔφης
730 4621 1082 4689 λογιζόμενος
1117 4621 1212 4673 καὶ
1238 4619 1424 4682 αὐτὸς,
1457 4619 1531 4681 ὡς
1564 4619 1673 4672 τῶν
1697 4620 1879 4688 ἐμφυο

327 4708 443 4761 λίων
477 4711 643 4764 ἕνεκα
677 4712 936 4781 πολέμων
965 4713 1058 4764 καὶ
1083 4711 1193 4764 τῶν
1243 4710 1548 4764 ἐπιϐουλῶν
1579 4709 1881 4776 ἀναγκαῖον

327 4797 402 4865 ἐφ’
432 4798 601 4851 ἅπασί
654 4816 714 4850 σε
755 4801 1040 4868 παρεῖναι,
1072 4801 1166 4852 καὶ
1199 4800 1379 4852 πάντα
1411 4796 1765 4869 πράττεσθαι
1795 4797 1884 4851 διὰ

326 4890 434 4953 σοῦ,
459 4892 550 4942 καὶ
572 4891 722 4944 ἄκων
746 4890 981 4960 παρῄειν
1036 4892 1164 4960 σιγῇ
1195 4890 1286 4943 τὸν
1327 4891 1542 4961 χρόνον.
1578 4889 1719 4944 Novi.
1764 4888 1820 4940 δὲ
1849 4883 1882 4961 ᾖ

323 4980 562 5033 ἐϐούλετο
591 4980 687 5033 τοῦ
710 4979 850 5032 Θεοῦ
878 4980 948 5032 τὰ
979 4981 1284 5050 πράγματα
1314 4982 1782 5050 καταστήσαντος,
1817 4979 1881 5035 δν

322 5073 384 5124 ἂν
416 5073 573 5133 αὐτὸς
599 5071 793 5140 ἐθέλῃς
823 5071 1026 5140 μᾶλλον
1057 5071 1193 5141 πρὸς
1219 5072 1318 5140 τὴν
1345 5073 1610 5142 διοίκησιν
1637 5067 1711 5126 ὧν
1747 5073 1883 5141 ἔφης

318 5164 659 5234 πραγμάτων
691 5163 816 5214 ἐλοῦ
842 5178 857 5194 ·
904 5162 965 5215 οὐ
999 5163 1099 5231 μὲν
1128 5164 1322 5233 ἐκείνῳ
1363 5165 1710 5218 παντάπασιν
1764 5166 1888 5215 ἐπι-

322 5252 520 5323 τρέψαι
555 5253 622 5304 τὰ
664 5253 968 5320 πράγματα
995 5253 1099 5321 χρή
1131 5270 1144 5284 ·
1179 5254 1318 5307 ἀλλὰ
1352 5255 1444 5306 καὶ
1501 5253 1657 5313 αὖθις
1715 5253 1881 5306 αὑτὸν

320 5346 650 5412 ἐφίστασθαι
682 5347 796 5407 τοῖς
836 5346 1184 5412 ἀναγκαίοις,
1223 5346 1318 5398 καὶ
1346 5346 1526 5401 πάντα
1554 5342 1890 5414 πράττεσθαί

324 5455 406 5491 σοι
462 5440 603 5490 κατὰ
642 5437 906 5506 γνώμην
937 5436 1083 5490 οὕτω
1138 5437 1248 5507 γὰρ
1287 5439 1352 5490 ἂν
1381 5439 1449 5491 τά
1477 5454 1535 5490 τε
1583 5439 1889 5508 πράγματα

1985 4618 2150 4672 vellet
2196 4617 2489 4686 deligeret,
2547 4619 2662 4672 cui.
2693 4627 2870 4672 tamen
2898 4633 3006 4672 non
3042 4619 3373 4678 omnimodis
3399 4621 3557 4677 abso-
3599 4669 3602 4672 .

1982 4705 2208 4774 lutequc
2241 4720 2328 4759 res
2366 4705 2766 4758 committenda:
2787 4705 2898 4759 sint
2923 4723 2939 4766 ι
2962 4708 3055 4761 sed
3079 4723 3204 4762 eum
3232 4725 3426 4765 rursus
3455 4727 3554 4766 ne-

1985 4796 2241 4850 cessariis
2290 4812 2521 4864 pmesse
2545 4837 2560 4861 ,
2612 4806 2664 4851 et
2693 4797 2876 4852 omnia
2907 4815 2973 4851 ex
2997 4800 3116 4868 ejus
3143 4801 3352 4871 judicio
3378 4805 3554 4857 admi-

1986 4886 2211 4940 nistrari
2242 4885 2466 4941 debere.
2496 4888 2585 4942 Sic
2608 4889 2754 4942 enim
2784 4889 2996 4956 negotia
3020 4892 3278 4959 praeclare
3299 4909 3365 4946 eu
3377 4903 3552 4946 ratum

1989 4978 2078 5039 iri,
2123 4988 2178 5031 et
2217 4979 2393 5046 ipsum
2424 4987 2508 5031 sat
2534 4979 2734 5046 quietis
2766 4985 3211 5036 censccuturum.
3241 4984 3553 5037 Assentitur

1992 5083 2220 5135 magnus
2262 5068 2618 5130 domesticus,
2649 5070 3279 5139 et-Apocauchum-sacri
3309 5072 3550 5129 cubiculi

1986 5159 2302 5227 praefectum
2353 5157 2844 5215 bisl‘unctionibus
2908 5162 3131 5231 deligit,
3167 5173 3222 5216 et
3249 5163 3548 5232 imperator

1986 5252 2304 5305 assentitur.
2328 5241 2689 5318 Apocauchu's
2722 5261 2937 5306 creatus
2963 5267 3144 5307 rerum
3173 5253 3547 5308 communium

1985 5340 2396 5396 administrator
2434 5339 2598 5410 (50),
2649 5356 2988 5411 quacunque
3033 5350 3188 5396 erant
3238 5345 3548 5398 necessaria

1988 5447 2090 5488 seu
2125 5431 2347 5503 majoris
2386 5431 2691 5495 momenti,
2719 5441 2776 5486 et
2797 5433 3038 5503 iudicem
3076 5449 3331 5506 magnum
3359 5434 3548 5488 dome-

1556 5553 1770 5615 Jacobi
1800 5549 2069 5620 Pontani
2092 5556 2276 5612 notas.

397 5655 510 5724 (ὅθ)
541 5654 667 5724 Τῶν
696 5650 892 5724 κοινῶν
920 5653 1262 5724 πραγμάτων
1289 5654 1584 5724 διοικητὴς,
1617 5664 1702 5709 est
1738 5654 1881 5724 apud

332 5719 434 5792 nos
453 5719 849 5792 Cancellarius,
877 5719 1087 5792 itaque
1114 5719 1492 5790 explicationis
1520 5719 1705 5778 'rausa
1745 5719 1884 5792 pene

341 5790 444 5846 hoc
482 5790 710 5848 verbum
741 5788 934 5860 adieci.
968 5788 1068 5857 Qui
1117 5788 1319 5846 fuerint
1365 5788 1761 5862 μεσιτεύοντεςξ
1789 5808 1884 5862 με·

1990 5651 2244 5715 σάζοντες
2274 5650 2386 5722 τοῖς
2418 5648 2726 5722 πράγμασι,
2760 5649 2869 5704 τῶν
2899 5651 3240 5722 πραγμάτων
3269 5649 3362 5722 τοῦ
3387 5647 3548 5722 βασι-

1989 5721 2150 5781 λέως.
2197 5725 2256 5772 ιιι
2305 5717 2391 5774 bis
2436 5717 2562 5772 libri
2596 5732 2840 5789 persaepe
2873 5717 3243 5788 nominantur,
3273 5717 3412 5788 infra
3456 5719 3557 5783 αιτ-

1992 5799 2164 5844 cetur.
