4010 6190
497 299 604 363 453

1679 267 2003 359 JOANNIS
2041 299 2568 360 CANTACUZENI
3262 354 3264 358 ,
3614 299 3703 362 ut

496 411 806 481 conspexit,
881 411 1217 482 paulumque
1269 412 1411 466 ultra
1461 427 1807 482 progressus,
1857 421 1910 468 et
1965 413 2079 481 ipse

2185 415 2320 477 όδοις
2371 415 2726 486 ἐγκαθίδρυσε
2769 397 3201 484 ’τηνιστρατιάω
3258 411 3512 476 Βασιλεὺς
3544 412 3595 466 δὲ
3616 415 3706 468 ἀπὸ

499 504 555 560 is
605 504 746 564 loco,
801 504 890 557 cui
945 503 1214 558 Pelecano
1267 517 1467 557 nomen
1516 512 1618 568 est,
1672 511 1852 557 castra
1911 501 2076 567 fecit,

488 585 817 664 coactisque
853 594 1214 664 primoribus,
1261 594 1392 664 quid
1422 593 1565 648 facto
1595 609 1733 663 opus
1763 593 2078 661 exquisivit.

499 684 788 740 Sententia
839 685 940 739 fuit
981 669 1089 740 non
1139 701 1258 740 esse
1306 685 1537 739 ulterius
1576 684 2037 754 progrediendum
2063 723 2078 747 ,

503 787 618 831 tum
650 776 794 845 quod
825 777 1001 831 Persae
1038 776 1303 830 nomades
1329 776 1383 829 in
1410 790 1548 844 quos
1581 775 1900 838 tendebant,
1928 772 2078 828 velut

504 865 559 918 in
612 865 878 919 servitute
925 865 1245 933 abrepturi,
1300 865 1354 918 id
1403 865 1705 919 sentientes
1766 865 2073 935 fugerent:

504 957 661 1024 211
714 966 824 1009 tum
857 957 982 1025 quia
1025 956 1180 1019 focis,
1235 972 1332 1026 per
1374 973 1494 1026 quae
1539 967 1725 1012 essent
1764 957 2076 1022 transituri,

505 1050 666 1101 inviis
709 1057 764 1100 et
805 1051 1068 1115 angustis.
1104 1048 1454 1118 pedestrique
1501 1059 1558 1103 et
1601 1049 1844 1118 equestri
1915 1064 2075 1104 exer-

503 1140 612 1193 citu
640 1150 836 1219 contra
868 1155 1190 1205 occursuro,
1239 1156 1347 1194 non
1384 1141 1677 1195 videbatur
1701 1141 2076 1216 necessarium

502 1231 656 1284 nullo
688 1247 812 1286 cum
846 1231 1030 1285 fructu
1068 1233 1221 1285 adire
1249 1233 1583 1301 periculum.
1614 1233 1693 1287 Ne
1720 1241 1901 1286 tamen
1928 1241 2074 1287 metu

502 1319 872 1374 Barbarorum
900 1321 1108 1390 regredi
1138 1330 1490 1390 putarentur,
1516 1322 1787 1391 postridie
1817 1323 2075 1377 matutini

503 1413 559 1465 in
596 1412 840 1479 planitie.
871 1413 1021 1466 velut
1052 1414 1114 1467 ad
1141 1429 1376 1484 pugnam
1408 1413 1681 1483 dispertiti
1705 1414 1830 1480 viri,
1860 1414 2076 1484 disper-

502 1503 591 1557 titi
621 1504 866 1568 ordines,
899 1511 929 1558 e
975 1505 1203 1574 regione
1232 1487 1623 1560 consisterent.
1672 1506 1741 1560 Et
1778 1506 1820 1560 si
1851 1506 2074 1575 quidem

503 1595 695 1649 hostes
729 1610 760 1648 e
797 1595 934 1649 locis
978 1595 1166 1648 arduis
1212 1596 1461 1663 digressi,
1513 1612 1672 1666 mquo
1725 1612 1918 1666 campo
1949 1612 2072 1650 cum

504 1685 639 1754 ipsis
686 1685 893 1739 vellent
943 1701 1303 1750 concurrere,
1359 1687 1621 1742 virtutem
1674 1703 1828 1742 suam
1882 1696 2073 1742 contra

453 1783 456 1790 ‘
507 1785 890 1842 ostentarent;
920 1779 1002 1831 sin
1033 1786 1237 1838 autem.
1272 1778 1589 1849 Byzantium
1616 1778 1759 1832 viam
1781 1777 2075 1833 ordinatim
2107 1744 2151 1804 Β

506 1875 880 1935 capesserent,
918 1884 976 1922 re
1009 1868 1290 1933 docentes,
1336 1885 1446 1924 non
1482 1869 1609 1940 quia
1655 1871 1938 1934 timerent,
1981 1856 2078 1926 sed

507 1960 637 2028 quia
668 1959 993 2028 quibuscum
1032 1969 1340 2031 pugnarent
1373 1977 1484 2016 non
1531 1962 1818 2027 haberent,
1857 1962 2078 2017 domum

509 2065 786 2104 reversos.
821 2051 936 2106 Hoc
963 2051 1040 2105 illi
1070 2051 1456 2118 decreverunt,
1487 2061 1544 2108 et
1571 2054 1715 2123 apud
1750 2053 2078 2109 Peleeanum

509 2150 930 2210 pernoctarunt.
972 2142 1332 2213 Posteaquam
1371 2144 1544 2214 pulsis
1599 2144 1841 2200 tenebris
1885 2145 2080 2199 diurna

508 2232 601 2286 lux
637 2233 865 2298 affulsit,
903 2234 1160 2290 laudibus
1200 2237 1312 2289 Deo
1340 2234 1408 2290 de
1439 2251 1591 2291 more
1621 2225 1805 2302 dictis,
1840 2237 2079 2306 impera-

511 2331 598 2376 tur
627 2324 892 2378 militibus
928 2325 1058 2379 tuba
1086 2327 1303 2396 signum
1349 2326 1416 2380 ad
1464 2343 1614 2382 arma
1665 2327 1930 2399 capienda
1960 2327 2080 2383 dari

506 2414 692 2482 jussit.
740 2416 946 2469 Armati
1001 2416 1188 2486 igitur,
1225 2418 1380 2488 juxta
1428 2417 1748 2473 hesternum
1799 2420 2079 2476 decretum

510 2513 702 2558 contra
747 2504 1019 2560 Barbaros
1076 2505 1133 2559 in
1198 2507 1345 2562 acies
1387 2507 1660 2581 dispositi,
1711 2519 1967 2575 tanquam
2011 2510 2080 2565 ad

513 2595 755 2665 praelium
775 2594 1178 2651 conserendum
1210 2597 1538 2667 procedunt.
1566 2599 1644 2654 Eo
1665 2599 1783 2654 viso
1805 2600 2081 2658 Orehanes

513 2702 644 2741 suos
681 2687 809 2740 item
836 2686 1083 2750 instruit,
1114 2691 1436 2758 partemque
1465 2689 1518 2743 in
1546 2688 1766 2745 insidiis
1795 2691 2035 2746 occultat
2065 2709 2079 2746 :

515 2787 576 2832 ut
608 2779 651 2832 si
708 2779 936 2832 Romani
967 2778 1042 2847 {in
1097 2779 1200 2834 hos
1243 2781 1606 2850 praevalentes
1657 2783 1955 2849 irruerent,
1996 2784 2084 2840 illi

2185 506 2518 576 Σκουταρίου
2564 505 2710 558 δυεῖν
2760 504 2984 576 ἡμερῶν
3031 504 3148 557 ὁδὸν
3191 503 3416 565 ἀνύσας,
3452 505 3524 574 τῇ
3571 505 3707 576 τρίτῃ

2183 596 2296 666 ἅμα
2325 597 2401 666 ’έῳ
2431 598 2556 650 ἐπεὶ
2595 597 2760 650 πάλιν
2803 598 2902 666 τῆς
2933 594 3105 664 αὐτῆς
3145 595 3354 664 είχοντο
3385 593 3522 659 όδοῦ,
3569 596 3650 647 καὶ
3679 598 3708 666 ἡ

2182 685 2428 756 Περσικὴ
2467 686 2696 756 στρατιά
2723 685 2896 754 ἐφάνη
2927 681 3146 738 ἄπωθεν
3181 683 3240 734 ἐν
3271 680 3490 750 χωρίοις
3518 679 3708 752 ὑψηλοῖς

2184 778 2647 847 ἐγκαθιδρυμένη.
2688 775 2898 844 Ὀλίγον
2945 775 3003 828 δὲ
3053 771 3336 846 προελθὼν
3377 772 3406 825 ό
3451 771 3708 840 βασιλεὺς,

2181 869 2640 939 ἐστρατοπέδευσε
2668 867 2762 920 καὶ
2783 865 2945 930 αὐτὸς
2974 867 3033 920 ἐν
3059 865 3247 936 χωρίῳ
3273 862 3556 928 Πελεκάνῳ
3571 879 3711 931 προσ-

2179 961 2586 1029 αγορευομένων
2617 958 2712 1012 καὶ
2751 960 2881 1020 τοὺς
2926 959 2986 1010 ἐν
3019 957 3162 1010 τέλει
3213 954 3552 1022 συναγαγὼν,
3579 953 3711 1007 ἐϐου·

2183 1052 2402 1105 λεύοντο
2460 1053 2488 1106 ὃ
2524 1069 2576 1104 τι
2613 1051 2722 1104 δέοι
2761 1052 2957 1106 ποιεῖν.
2998 1049 3203 1102 Ἐδόκει
3230 1047 3296 1118 δὴ
3330 1046 3622 1116 περαιτέρω
3651 1046 3711 1113 μὴ

2179 1143 2519 1214 προϐαίνειν,
2556 1143 2674 1211 ἅμα
2711 1143 2812 1213 μὲν
2853 1143 2948 1196 καὶ
2977 1141 3068 1195 διά
3100 1141 3161 1193 τὸ
3193 1141 3321 1203 τοὺς
3347 1138 3573 1208 νομάδας
3598 1137 3713 1204 Πέρ-

2180 1247 2276 1294 σας
2307 1225 2387 1294 of;
2414 1230 2650 1302 ἐπῄεσαν
2677 1230 2752 1292 ὡς
2783 1228 3384 1300 ἐξανδραποδισόμενοι,
3417 1225 3510 1296 τὴν
3551 1225 3710 1292 ἔφοδον

2177 1321 2534 1390 αἰσθομένους
2574 1321 2877 1391 διαδράναι*
2915 1320 3032 1391 ἀμα
3081 1319 3128 1373 δ’
3158 1320 3243 1373 ὅτι
3286 1317 3395 1371 τῶν
3429 1332 3487 1368 τε
3518 1315 3709 1385 χωρίων

2176 1413 2455 1468 δυσϐάτων
2494 1413 2589 1466 καὶ
2617 1413 2817 1467 στενῶν
2845 1411 3019 1467 ὄντων
3057 1413 3128 1465 δι’
3157 1404 3233 1465 ὧν
3267 1409 3488 1480 ἔμελλον
3525 1406 3708 1468 διῖέναι,

2175 1506 2272 1560 καὶ
2306 1507 2566 1576 στρατιᾶς
2600 1491 3300 1574 ἀντιστρατοπεδευομένης
3349 1499 3515 1568 πεζῆς
3549 1514 3602 1550 τε
3632 1498 3710 1550 καὶ

2180 1599 2434 1669 ἱππικῆς,
2483 1598 2585 1651 οὐκ
2625 1598 2924 1664 ἀναγκαῖον
2960 1591 3386 1649 διακινδυνεύειν
3425 1591 3513 1643 ἐπὶ
3553 1588 3709 1657 κέρδει

2176 1689 2374 1744 οὐδενί.
2413 1690 2528 1743 Ἰνα
2557 1688 2614 1742 δέ
2648 1689 2724 1756 μὴ
2777 1687 2984 1740 δοκοῖεν
3032 1685 3112 1756 τῷ
3150 1685 3262 1738 δέει
3312 1683 3420 1736 τῶν
3452 1680 3708 1752 βαρϐάρων

2178 1769 2564 1852 ἀναστρέφειν,
2599 1782 2678 1844 εἰς
2705 1780 2807 1848 τὴν
2845 1778 3145 1848 ὑστεραίαν
3179 1778 3296 1846 ἅμα
3324 1774 3398 1844 ἕῳ
3438 1771 3709 1841 ὁπλισαμέ-

2179 1889 2304 1934 νους
2334 1873 2429 1924 ἐπὶ
2456 1870 2552 1924 τοῦ
2583 1871 2768 1924 πεδίου
2793 1867 3078 1923 κατέναντι
3103 1865 3218 1920 τῶν
3250 1862 3534 1935 βαρϐάρων
3555 1876 3708 1928 παρα-

2179 1961 2444 2030 τάξασθαι
2471 1963 2548 2024 ὡς
2587 1962 2668 2024 είς
2711 1961 2913 2031 μάχην.
2943 1958 3064 2013 Κᾶν
3093 1958 3194 2027 μὲν
3231 1955 3386 2009 αύτώ⁵
3414 1953 3509 2022 τῆς
3535 1952 3710 2019 δυσχω-

2183 2051 2304 2121 ρίας
2329 2051 2685 2114 ἀποστάντες,
2725 2049 2820 2102 ἐπὶ
2864 2046 2958 2100 τοῦ
3001 2045 3210 2116 ὁμαλοῦ
3252 2044 3516 2113 θελήσωσι
3542 2041 3712 2106 διαγω-

2181 2141 2432 2195 νίσασθαι
2464 2142 2672 2205 αὐτοῖς,
2709 2141 2803 2193 καὶ
2825 2139 2980 2192 αὐτοὶ
3019 2137 3386 2203 ἐπιδείξεσθαι
3415 2135 3506 2205 τὴν
3533 2130 3711 2185 οἰκείαν

2182 2234 2404 2304 ἀρετήν·
2436 2233 2530 2287 ἐὰν
2557 2233 2612 2285 δέ
2647 2231 2723 2303 μὴ
2753 2231 2908 2284 αὐτοὶ
2929 2230 3024 2300 τῆς
3051 2228 3359 2300 δυσχωρίας
3387 2223 3709 2294 ἀφιστῶνται,

2180 2325 2280 2394 τῆς
2318 2326 2397 2386 είς
2438 2324 2729 2388 Βυζάντιον
2778 2321 3000 2392 ἔχεσθαι
3047 2319 3324 2390 φερούσης
3376 2313 3707 2384 τεταγμένως

2184 2411 2330 2491 ἔργῳ
2361 2415 2640 2479 δείξαντας
2669 2412 2743 2475 ὡς
2766 2413 2826 2465 ού
2857 2411 2946 2465 διὰ
2969 2409 3202 2475 δειλίαν,
3237 2408 3374 2462 ἀλλά
3404 2407 3462 2459 τὸ
3499 2404 3566 2474 μὴ
3589 2400 3709 2471 ἔχειν

2185 2502 2383 2561 οἷστισι
2443 2505 2834 2576 συμϐαλοῦσιν,
2902 2501 3200 2568 ἀνέζευξαν
3270 2501 3351 2563 είς
3397 2497 3493 2568 τὴν
3541 2493 3706 2548 οίκίαν.

2185 2599 2344 2653 Οὕτω
2394 2599 2493 2670 μὲν
2541 2598 2605 2667 δὴ
2651 2597 2928 2650 ἐδέδοκτο·
2974 2596 3068 2648 καὶ
3112 2593 3406 2664 ηὐλίσαντο
3431 2588 3523 2659 τὴν
3568 2583 3710 2638 νύκτα

2186 2690 2405 2761 ἐκείνην
2430 2689 2570 2744 κατά
2595 2686 2684 2741 τὸν
2711 2686 3040 2741 Πελεκάνον.
3076 2684 3234 2755 ’Δμα
3261 2683 3317 2738 δέ
3356 2682 3428 2753 έῳ
3459 2677 3586 2749 μετά
3607 2675 3710 2734 τοὺς

2187 2783 2442 2845 εἰωθότας
2474 2781 2679 2849 ὕμνους
2705 2778 2842 2852 πρὸς
2866 2779 3025 2845 Θεὸν,
3049 2781 3116 2848 τῇ
3147 2778 3411 2844 σάλπιγγι
3433 2771 3657 2825 ἐκέλευεν
3687 2766 3711 2816 δ

514 2869 814 2939 derepente
837 2870 1210 2940 prosilientes,
1241 2887 1338 2928 eos
1361 2874 1877 2942 perterrefacerent,
1918 2885 2082 2947 atque

2191 2875 2445 2949 βασιλεὺς
2481 2878 2549 2946 τῇ
2574 2876 2801 2946 στρατιᾷ
2829 2873 2930 2944 τὴν
2956 2872 3248 2943 ἐφόπλισιν
3266 2867 3558 2941 σημαίνειν.
3587 2860 3712 2915 Ἐπεὶ

515 2959 572 3012 in
625 2961 804 3033 fugam
843 2962 1261 3030 compellerent.
1306 2963 1555 3034 Reliquis
1607 2965 1794 3036 itaque
1841 2967 1942 3022 sibi
1981 2967 2082 3023 ad-

2188 2969 2245 3022 δέ
2278 2967 2611 3031 ὡπλίσαντο,
2643 2965 2933 3019 κατέναντι
2964 2965 3074 3018 τῶν
3114 2963 3410 3034 βαρϐάρων
3437 2954 3604 3028 ἦλθον,
3630 2967 3713 3003 πα-

512 3050 742 3121 junctis,
807 3052 862 3106 in
935 3051 1156 3107 sublimi
1231 3055 1432 3111 stabat.
1487 3056 1729 3112 Secretis
1775 3073 1940 3128 porro
1973 3067 2082 3114 tre-

2190 3056 2584 3129 ρατεταγμένοι
2602 3057 2676 3118 ὡς
2697 3058 2754 3120 ἐς
2782 3055 2986 3125 μάχην,
3007 3050 3040 3127 ᾖ
3065 3055 3311 3110 ἐδέδοκτο
3333 3054 3396 3122 τῇ
3424 3043 3708 3119 προτεραίᾳ.

516 3147 690 3200 centis
715 3145 998 3214 equitibus
1025 3146 1322 3216 sagittariis
1358 3147 1802 3218 pugnacissimis,
1848 3150 1902 3203 in
1930 3151 2082 3220 equis

2200 3151 2469 3220 Ὀρχάνης
2501 3150 2559 3202 δὲ
2609 3153 2703 3203 καὶ
2742 3149 2905 3211 αὐτὸς
2953 3149 3079 3202 ίδὼν
3106 3153 3203 3202 τὸν
3238 3145 3460 3218 βασιλέα
3501 3137 3711 3195 ἐπιόντα,

515 3237 900 3300 velocissimis,
937 3236 1226 3307 imperavit
1269 3238 1352 3294 eis
1379 3279 1394 3305 ,
1435 3255 1503 3294 ne
1568 3241 1818 3295 cominus
1871 3251 2082 3297 et-sta-

2187 3241 2620 3311 ἀντιπαρέταττε
2665 3241 2761 3294 καὶ
2795 3239 2957 3304 αὐτὸς
2983 3241 3084 3311 τὴν
3115 3238 3398 3312 στρατιάν.
3441 3233 3541 3287 Καὶ
3575 3229 3713 3298 μέρος

520 3331 659 3383 taria
705 3344 908 3400 pugna,
937 3329 1033 3384 sed
1067 3345 1135 3384 ex
1163 3331 1390 3385 incursu
1437 3332 1762 3388 invadentes
1797 3334 1930 3404 (55),
1965 3351 2082 3388 cum

2192 3335 2290 3402 μέν
2321 3350 2372 3386 τι
2412 3331 2762 3402 κατέκρυψεν
2793 3334 2848 3384 ἐν
2869 3330 3050 3400 λόχοις
3071 3346 3086 3360 ·
3133 3330 3214 3394 ὡς
3242 3329 3307 3384 ἂν
3337 3327 3386 3380 εί
3410 3325 3456 3378 oi
3490 3317 3716 3388 Ῥωμαῖοι

520 3419 782 3474 Romanis
827 3418 1224 3489 depugnarent,
1254 3437 1582 3492 rursumque
1607 3423 1880 3494 fugerent,
1904 3436 1956 3479 et
1988 3427 2082 3481 tela

2189 3424 2558 3496 δπερσχόντες
2589 3422 2816 3476 ἐπίωσιν
2843 3423 3062 3488 αὐτοῖς,
3093 3423 3141 3475 οἱ
3175 3424 3236 3475 ἐν
3268 3422 3386 3483 ταῖς
3417 3417 3634 3483 ἐνέδραις
3665 3409 3717 3459 ἐκ

522 3508 577 3562 in
624 3517 838 3579 tergum
877 3516 1201 3578 torquerent
1232 3509 1381 3580 (56);
1441 3511 1639 3565 deinde
1693 3513 1965 3578 conversi,
2007 3529 2095 3568 re-

523 3602 724 3666 dirent,
779 3601 1106 3670 hostemque
1183 3601 1367 3658 denuo
1412 3603 1779 3660 lacesserent.
1851 3605 2093 3677 Contigit

523 3709 730 3761 autem,
749 3703 808 3749 ut
833 3695 1070 3766 spatium
1092 3696 1332 3751 medium
1354 3711 1552 3751 versus
1570 3697 1845 3752 Romanos
1863 3699 2091 3768 aequale,

523 3797 581 3842 ct
611 3787 784 3857 equiti
828 3788 1128 3853 idoneum;
1163 3803 1358 3844 versus
1393 3787 1584 3844 Persas
1614 3783 1725 3844 nun
1771 3789 1975 3844 acclive
2003 3804 2095 3844 so-

524 3880 664 3943 lum,
697 3894 1034 3948 accessuque
1068 3879 1430 3944 laboriosum,
1465 3879 1561 3935 sed
1602 3889 1658 3935 et
1699 3879 1861 3936 fossis
1895 3881 2098 3936 nativis

527 3969 890 4039 undequaque
924 3969 1301 4039 interceptum
1337 3977 1505 4022 esset.
1553 3968 1668 4034 Qua
1705 3969 2095 4024 commoditate

525 4063 751 4117 Barbari
789 4062 1141 4131 potissimum
1171 4061 1420 4126 fidentes,
1447 4061 1502 4114 in
1533 4061 1809 4115 Romanos
1833 4061 2096 4116 audacius

526 4173 584 4211 se
617 4153 946 4209 inferebant.
993 4152 1089 4206 His
1141 4151 1308 4221 igitur
1350 4151 1633 4218 trecentis,
1673 4161 1733 4206 ut
1779 4151 1884 4206 hoc
1934 4152 2097 4208 modo

526 4265 650 4303 cum
688 4245 948 4300 Romanis
979 4243 1330 4307 dimicarent,
1379 4243 1679 4308 mandavit,
1717 4244 1853 4298 alios
1886 4244 2035 4298 mille
2065 4261 2095 4299 a

530 4352 685 4407 tergo
715 4353 906 4394 eorum
943 4336 1008 4390 ad
1036 4335 1211 4390 fossas
1257 4345 1315 4390 et
1343 4335 1647 4405 angustias,
1689 4335 1782 4404 qui
1820 4336 2097 4391 Romanos

2191 3516 2283 3572 τοῦ
2314 3515 2586 3586 αἰφνιδίου
2609 3514 2925 3578 ἐπελθόντες
2947 3513 3268 3584 ἐκπλήξωσί
3291 3529 3350 3566 τε
3366 3511 3450 3565 διὰ
3472 3507 3526 3560 τδ
3541 3507 3720 3570 ἀπροσ-

2190 3608 2438 3678 δόκητον,
2475 3606 2572 3660 καὶ
2598 3607 2906 3677 τρέψωνται
2936 3605 3156 3669 αὐτούς.
3185 3606 3298 3676 Τὴν
3331 3604 3375 3656 δ’
3415 3599 3570 3666 ἀλλην
3598 3594 3718 3647 ἅπαν

2194 3718 2294 3754 σαν
2322 3699 2554 3770 δύναμιν
2589 3698 2896 3762 ἀναλαϐὼν,
2948 3697 3082 3766 ἔστη
3113 3697 3208 3749 ἐπὶ
3260 3691 3549 3766 μετεώρου.
3579 3685 3722 3754 Τρια-

2193 3791 2410 3853 κοσίους
2451 3789 2510 3842 δέ
2539 3788 2946 3858 ἀπολεξάμενος
2992 3787 3120 3848 τοὺς
3156 3784 3290 3856 παρ’
3320 3779 3464 3849 αὐτῷ
3494 3785 3718 3848 μαχιμω⁶

2193 3882 2387 3944 τάτους
2441 3880 2820 3946 ἱπποτοξότας,
2855 3878 3058 3940 ἵππους
3089 3876 3315 3948 ἔχοντας
3361 3872 3468 3926 τῶν
3518 3865 3720 3937 μάλιστα

2195 3973 2340 4026 θέειν
2364 3972 2607 4041 ἀγαθῶν,
2653 3971 2942 4026 ἐκέλευσεν
2981 3971 3164 4034 αὐτοῖς
3201 3971 3264 4023 ού
3305 3965 3441 4022 κατά
3469 3954 3720 4020 συστάδην,

2195 4065 2311 4118 ἀλλ’
2339 4065 2396 4130 ἐξ
2423 4064 2624 4132 ἐφόδων
2650 4062 3067 4134 συμπλέκεσθαι
3101 4065 3169 4132 τῇ
3210 4057 3472 4132 βασιλέως
3499 4042 3718 4118 στρατιξν

2196 4157 2291 4210 καὶ
2330 4156 2582 4218 ἐπιόντας
2632 4155 2732 4224 μὲν
2769 4154 2845 4225 μὴ
2889 4151 3212 4222 ὑπομένειν,
3267 4147 3400 4202 ἀλλὰ
3451 4139 3718 4225 φεύγοντας

2195 4249 2429 4312 τοξείαις
2454 4247 2714 4318 χρῆσθαι,
2745 4224 3095 4316 ἀναχωροῦσι
3123 4244 3180 4300 δὲ
3209 4242 3366 4303 αὖθις
3396 4224 3720 4326 ἐπιτίθεσθαξ·

2199 4337 2522 4410 Συμϐέϐηκε
2553 4337 2611 4390 δέ
2649 4336 2710 4389 τὸ
2754 4334 2959 4404 μεταξὺ
2982 4332 3094 4386 τῶν
3121 4325 3537 4401 στρατευμάτων
3572 4321 3724 4410 ἐξέφθέ

527 4402 880 4498 insequentes
907 4429 1245 4497 exciperent,
1297 4436 1354 4482 et
1383 4402 1576 4481 eadem
1612 4425 1679 4480 de
1707 4402 1892 4481 causa
1946 4427 2082 4482 mille

2199 4402 2396 4500 τέρέυν,
2425 4402 2551 4481 όσον
2579 4427 2676 4498 μέν
2804 4426 2944 4479 κατὰ
2975 4425 3100 4486 τοὺς
3142 4419 3443 4492 Ῥωμαίους
3469 4402 3651 4500 ὁμαλόν
3675 4409 3722 4500 τε

529 4521 585 4576 in
624 4531 860 4586 utroque
893 4518 1068 4573 latere
1099 4517 1317 4572 locavit.
1352 4517 1658 4587 Imperator
1677 4516 1774 4571 ubi
1810 4518 2001 4573 Persas
2029 4517 2097 4573 de

2202 4484 2362 4581 εἶναι,
2383 4484 2492 4571 ’καὶ
2527 4484 2882 4589 ράδιοιθ’πρδς
2913 4515 3014 4578 τὰς
3048 4484 3404 4584 ἱππηλαῡσίαΐ
3431 4501 3488 4554 τδ
3516 4498 3569 4589 δέ
3605 4484 3724 4589 ximat

528 4611 666 4665 colle
712 4609 1060 4666 descendisse
1097 4609 1409 4678 conspexit,
1460 4608 1628 4663 etiam
1670 4609 1788 4678 ipse
1825 4617 2082 4663 trecentos

2199 4613 2327 4674 τοὺς
2353 4579 2612 4678 Πέρσας,
2654 4610 2713 4661 ού
2755 4579 2915 4678 μόνον
2965 4579 3199 4666 ἄναντες
3247 4601 3340 4656 καὶ
3376 4579 3722 4657 δυσπρόσοδον,

529 4702 598 4756 de
631 4700 747 4755 suis
773 4700 957 4770 elegit,
990 4716 1018 4755 a
1048 4701 1248 4770 quibus
1279 4701 1599 4770 stiparetur.
1649 4714 1852 4769 eosque
1899 4700 2082 4754 tttlibut

2201 4703 2462 4756 ἀλλὰκαὶ
2513 4701 2743 4772 τάφροις
2791 4700 3086 4765 αὐτοφυέσι
3139 4689 3444 4763 πανταχόσε
3472 4682 3725 4772 δεκέτις-η’

529 4791 718 4846 verbis
764 4759 1020 4845 accendit
1134 4789 1306 4855 Quam
1355 4759 1620 4858 .gloriam,
1679 4759 1904 4848 milites.
1953 4804 2082 4857 quoc

2206 4792 2388 4863 pévov'
2423 4785 2465 4859 ᾧ
2497 4759 2606 4846 καί
2625 4759 2825 4861 μᾶλλον
2850 4790 2898 4842 οἱ
2926 4759 3192 4860 βάρϐαροι
3235 4759 3542 4839 πεποιθότες
3581 4759 3723 4863 έπῄεῖ

531 4883 703 4938 decus
738 4883 970 4936 Romani
1023 4881 1151 4936 inde
1186 4883 1252 4934 ab
1294 4880 1452 4935 initio
1497 4895 1566 4934 ex
1613 4895 1680 4935 eo
1729 4880 1833 4934 sibi
1877 4894 2082 4949 compa

2206 4901 2308 4937 σαν
2359 4883 2679 4950 Ῥωμαίοις.
2716 4880 2939 4944 Τούτοις
2977 4879 3074 4950 μὲν
3118 4878 3213 4931 οὖν
3263 4875 3374 4935 τοῖς
3427 4851 3723 4961 τριακοῗὲοξς

530 4974 727 5037 rarint,
773 4973 920 5042 quod
961 4971 1214 5026 hostibus
1271 4969 1645 5025 formidabiles
1699 4969 1941 5032 fuerunt,
2001 4939 2082 5023 net

2205 4972 2614 5042 προσετέτακτο
2634 4969 2725 5022 τδν
2752 4969 2952 5039 τρόπον
2979 4967 3165 5020 τοῦτον
3187 4952 3578 5050 συμπλέκεσθαι
3610 4939 3724 5050 Tu:

530 5066 688 5120 vobis
721 5074 805 5119 est
831 5064 1100 5134 ignotum.
1131 5063 1194 5117 lli
1235 5063 1385 5118 enim
1437 5070 1587 5127 sunt,
1631 5062 1726 5131 qui
1761 5070 1933 5114 totum
1963 5075 2082 5130 pem

2209 5035 2412 5133 μὲιεοις.
2457 5059 2709 5130 Ἐτέρους
2739 5035 2801 5112 δέ
2821 5057 3025 5128 χιλίους
3053 5035 3275 5109 ὕπισθεν
3299 5046 3472 5105 αὐτῶν
3490 5035 3720 5095 tutam“

1786 5198 2004 5260 Jacobi
2038 5184 2307 5262 Pontani
2342 5207 2528 5261 notae.

605 5332 717 5404 (ὃὸ)
760 5333 891 5387 Tale
943 5346 1118 5402 genus
1174 5342 1372 5400 pugnae
1414 5325 1586 5380 habes
1635 5328 1776 5396 apud
1828 5324 2100 5378 Maronem
2203 5331 2312 5379 rat.
2342 5321 2776 5402 Ούο19,1ᾔ›.ι.

465 5396 470 5404 Χ
533 5396 788 5478 lih'LtI'.‘
1099 5471 1110 5478 _
1176 5396 1191 5398 _
1257 5396 1278 5400 ⁷
1421 5467 1432 5478 _
1607 5467 1618 5478 ,
2285 5413 2355 5468 Et
2394 5414 2558 5467 versis
2595 5396 2898 5466 animosum
2925 5409 3071 5478 equis
3109 5403 3381 5460 Parthum.

606 5471 698 5526 Bis
729 5471 913 5526 Thusri
946 5470 1169 5524 Rutulos
1188 5484 1341 5538 egere
1362 5467 1432 5522 ad
1465 5467 1654 5519 mantia
1685 5480 1881 5528 versos,

611 5541 700 5593 Bis
730 5541 911 5608 rejecti
938 5542 1102 5595 armis
1140 5544 1441 5606 respectant
1475 5543 1620 5608 terga
1647 5544 1874 5608 tegentes
1904 5548 1921 5587 :

615 5603 795 5662 Tertid
825 5611 916 5662 sed
940 5603 1514 5680 postquam'rongressi
1540 5603 1594 5658 in
1636 5603 1842 5672 pra'lia.
1863 5614 1970 5656 etc.
2071 5673 2074 5675 ἓ

617 5696 730 5769 ιὸϐ)
758 5696 848 5751 Sic
871 5697 1057 5752 Parthi
1086 5711 1329 5768 pugnare
1359 5700 1780 5749 consueverant.
1816 5691 1969 5751 Uudc
2003 5688 2109 5744 llo-

2208 5525 2523 5597 Fl'Sicnlﬁs.
2585 5525 2830 5594 inquam,
2887 5538 2952 5578 ea
2994 5520 3151 5590 equis
3207 5508 3527 5588 pugnabant.
3569 5482 3714 5554 Vil'ﬁi‘

2208 5595 2316 5651 lius
2348 5597 2402 5650 ὃ.
2421 5595 2618 5664 Georg.

2287 5660 2662 5757 Fidcntemque
2691 5687 2812 5755 fuga
2841 5683 3117 5746 Parthum,
3156 5683 3406 5748 versisque
3421 5660 3622 5736 suam“-
