4010 6190
288 365 375 427 445
411 429 428 442 ,
1426 365 1968 429 ttisronmnun
2011 333 2234 429 Lmen
2284 372 2360 430 ll.

3412 378 3515 442 M6

297 482 418 532 κατὰ
445 479 548 542 τὰς
588 481 832 549 τάφρους
885 481 980 534 καὶ
1033 480 1132 542 τὰς
1181 482 1510 549 δυσχωρίας,
1546 482 1621 543 ὼς
1666 479 1730 532 ἂν
1785 479 1833 529 εί

1941 479 2154 546 orbem,
2184 484 2344 552 212
2372 499 2675 556 omnesque
2711 497 2902 556 gentes
2929 488 3266 559 subegerunt
3291 490 3427 561 (-57),
3453 503 3510 547 et

294 571 556 624 διώκοιντο
592 572 640 623 oi
672 572 978 641 τριακόσιοι
1009 572 1149 642 πρὸς
1195 570 1652 638 τῶνῘΡωμαίων,
1687 570 1845 620 αὐτοὶ

296 664 410 732 πρὸς
438 664 507 716 τὰ
538 665 701 716 στενᾶ
733 665 969 733 ἑστῶτες
1014 665 1299 733 ἀμύνωτιν
1337 645 1541 726 αὐτοῖς’
1572 662 1847 730 ἑκατέρω-

295 753 365 806 θέν
396 773 454 807 τε
485 755 668 806 αὐτῶν
707 754 913 824 χιλίους
957 757 1042 824 ἐφ’
1079 756 1298 825 ἑκάστῳ
1335 756 1490 824 μέρει
1540 753 1641 822 τῆς
1675 754 1846 816 αὐτῆς

295 843 437 896 ἕνεκα
467 843 669 906 αἰτίας.
711 844 972 906 Βασιλεὺς
1006 845 1062 898 δὲ
1103 847 1226 898 ἐπεὶ
1266 847 1412 916 ἑώρα
1459 847 1587 907 τοὺς
1626 845 1845 916 Πέρσας

293 931 379 982 ἀπὸ
435 931 535 984 τοῦ
589 933 752 1000 λόφου
810 934 1121 998 κατιόντας,
1163 936 1513 1002 τριακοσίους
1555 935 1650 988 καὶ
1682 935 1846 999 αὐτὸς

294 1021 668 1089 ἐπιλεξάμενος
716 1024 782 1076 ἐκ
839 1025 950 1077 τῶν
1009 1025 1176 1090 ίδίων,
1231 1025 1325 1080 καὶ
1363 1025 1846 1097 περιστησάμενος

293 1115 471 1182 ἐαυτῷ,
518 1114 776 1184 τοιαύτην
821 1117 942 1168 τινὰ
993 1119 1320 1186 παραίνεσιν
1371 1118 1670 1187 ἐποιήσατο
1704 1119 1844 1189 πρὸς

292 1206 488 1268 αὐτούς’
521 1207 749 1274 ’Ἄνδρες
783 1209 1142 1276 στρατιῶται,
1194 1210 1294 1278 τὴν
1325 1211 1423 1280 μὲν
1460 1210 1714 1263 εὔκλειαν
1737 1211 1844 1263 τῶν

302 1295 582 1363 Ῥωμαίων
616 1298 710 1348 καὶ
738 1299 838 1366 τὴν
875 1299 1055 1364 δόξαν,
1097 1300 1166 1369 ἢν
1197 1302 1305 1353 ἀπὸ
1332 1301 1427 1354 τοῦ
1474 1302 1699 1371 φοϐεροὶ
1730 1305 1844 1365 τοῖς

289 1386 555 1455 ¹πολεμίοις
609 1384 746 1441 εἶναι
795 1391 1100 1458 ἐκτήσαντο
1158 1392 1218 1456 ἐξ
1260 1394 1475 1463 ἀρχῆς,
1525 1395 1641 1448 οὐδ’
1689 1395 1846 1450 αὐτοὶ

287 1478 538 1544 ἀγνοεῖτε·
559 1477 707 1533 οὗτοι
730 1482 838 1550 γάρ
862 1484 1001 1534 εἰσιν
1025 1483 1076 1535 οι
1097 1484 1296 1553 μικροῦ
1318 1485 1430 1537 δεῖν
1453 1487 1637 1539 πᾶσαν
1667 1504 1846 1558 παρα-

289 1569 608 1638 στησάμενοι
660 1571 759 1640 τὴν
793 1573 1145 1644 οἰκουμένην,
1180 1578 1274 1629 καὶ
1329 1578 1505 1630 πάντα
1558 1581 1692 1648 γένη
1749 1580 1845 1633 καὶ

288 1659 574 1728 Εὐρωπαῖα
624 1662 720 1714 καὶ
772 1662 842 1715 τὰ
893 1663 987 1716 ἐπὶ
1029 1665 1128 1733 τῆς
1187 1666 1376 1729 Ἀσίας
1433 1668 1845 1734 ἀναγκάσαντες

287 1750 455 1813 αὐτοῖς
482 1751 784 1805 δουλεύειν*
825 1754 907 1806 ὅτι
960 1756 1016 1808 δὲ
1049 1757 1198 1825 ἡμᾶς
1232 1757 1333 1809 οὐκ
1367 1759 1460 1812 ἐπὶ
1503 1760 1672 1814 πολύν
1720 1779 1844 1815 τινα

289 1841 461 1906 χρόνον
501 1843 600 1894 οὐκ
649 1843 806 1910 ὀλίγα
838 1845 962 1898 τινὰ
1007 1846 1116 1899 τῶν
1157 1847 1450 1918 βαρϐάρων
1491 1850 1842 1919 συμϐέϐηκεν

287 1929 656 2000 ἐλαττωθῆναι,
676 1934 739 1986 οὐ
760 1933 866 2004 χρὴ
893 1936 980 1989 διὰ
1004 1937 1174 1990 ταῦτα
1201 1940 1298 1992 καὶ
1324 1941 1462 2010 πρὸς
1478 1941 1544 1994 τὰ
1569 1941 1844 1996 ὑπόλοιπα

288 2021 659 2090 ἀπαγορεύειν.
693 2024 830 2078 Οὐδὲ
875 2025 984 2096 γὰρ
1033 2031 1175 2080 κατὰ
1206 2029 1306 2099 τὴν
1335 2031 1619 2102 ἡμετέραν
1645 2035 1844 2087 κακίαν

286 2106 340 2158 τὸ
366 2109 630 2194 ἡσσῆσθαι
664 2114 1025 2182 προσεγένετο
1047 2135 1060 2147 ο
1102 2119 1240 2173 ἀλλὰ
1283 2121 1380 2174 τοῦ
1408 2123 1548 2176 Θεοῦ
1583 2125 1720 2194 πρὸς
1754 2125 1845 2178 ἔκ·

288 2212 415 2247 τισιν
445 2193 517 2251 ὧν
545 2204 1079 2275 προσκεκρούκαμεν
1106 2209 1278 2280 αὐτῷ,
1305 2211 1393 2263 διὰ
1418 2212 1529 2265 τῶν
1551 2214 1844 2283 βαρϐάρων

288 2291 716 2378 τιμωρουμένου·
749 2295 810 2346 οὐ
841 2295 905 2364 δὴ
941 2297 1152 2350 δίκαιον
1195 2301 1327 2364 τοὺς
1362 2301 1460 2372 τὴν
1507 2304 1732 2375 γνώμην
1768 2307 1842 2378 μὴ

290 2376 417 2428 κατὰ
463 2379 666 2443 κράτος
725 2385 1072 2454 νικηθέντας,
1141 2389 1366 2458 ἔχοντας
1427 2394 1484 2446 δέ
1538 2413 1659 2450 τινα
1686 2376 1843 2460 αὖθις

289 2464 554 2556 κρείττονα
605 2469 817 2523 ἐλπίδαι
846 2475 945 2543 τῆς
978 2480 1268 2548 συμφορᾶς
1303 2483 1368 2550 τῇ
1410 2484 1676 2538 ἀποϐάσει
1729 2489 1841 2556 ἁμ-

292 2552 565 2610 ϐλύνεσθαι
586 2574 602 2588 ⁶
636 2563 854 2630 νομίσαι
885 2565 941 2619 δὲ
974 2568 1034 2621 ἐν
1086 2571 1186 2635 μὲν
1238 2575 1357 2635 ταῖς
1408 2576 1670 2645 πράξεσιν
1698 2552 1843 2633 ἐνδέ-

284 2646 459 2712 χεσθαι
477 2650 806 2716 σφάλλεσθαι
829 2659 956 2721 τοὺς
981 2660 1324 2729 ἀνθρώπους·
1352 2669 1472 2730 ταῖς
1501 2668 1556 2720 δὲ
1580 2669 1841 2738 γνώμαις

284 2741 366 2792 ἀεὶ
399 2745 518 2807 τοὺς
551 2747 753 2810 αὐτοὺς
787 2751 1071 2821 ἀνδρείους
1101 2757 1277 2821 ὀρθῶς
1302 2755 1466 2824 εἶναι,
1503 2763 1599 2815 καὶ
1650 2763 1726 2832 μὴ
1753 2764 1842 2817 διὰ

283 2833 375 2902 τὴν
404 2837 674 2906 προτέραν
695 2835 863 2910 ἦτταν
883 2843 979 2896 τοῦ
1007 2846 1261 2916 ἀνδρείου
1299 2853 1589 2921 παρόντος,
1613 2856 1842 2920 είκότως

283 2923 343 2974 ἂν
371 2926 427 2977 ἓν
450 2945 553 2982 τινι
580 2931 785 2995 κακοὺς
818 2933 1075 3004 ὀφθῆναι.
1117 2938 1309 3007 ’Υμεῐς
1340 2943 1397 2995 δὲ
1425 2942 1548 2997 οὔτε
1577 2948 1844 3018 ἐμπειρίᾳ

282 3019 342 3085 τῇ
371 3018 500 3087 πρὸς
543 3022 642 3086 τὰς
679 3023 863 3094 μάχας
913 3027 1168 3083 λείπεσθε
1197 3033 1308 3086 τῶν
1345 3035 1659 3106 βαρϐάρων,
1705 3038 1840 3093 ἀλλὰ

283 3111 370 3201 καὶ
396 3115 459 3182 τῇ
485 3113 655 3186 τόλμῃ
680 3117 818 3170 πολὺ
852 3121 1116 3190 προέχετε
1149 3123 1349 3178 αὐτῶν.
1381 3127 1574 3198 Ὁρᾶτε
1609 3131 1719 3201 γὰρ
1744 3131 1839 3185 αὐ-

281 3199 398 3262 τοὺς
427 3206 835 3274 κατεπτηχότας
855 3209 947 3260 καὶ
967 3213 1410 3282 καταδυομένους
1438 3220 1575 3288 πρὸς
1595 3224 1666 3274 τὰ
1684 3199 1837 3275 κοῖλα

405 3293 562 3362 ὀρῶν.
596 3299 692 3349 καὶ
733 3300 992 3367 μηδαμοῦ
1032 3304 1130 3373 τῆς
1179 3305 1488 3377 δυσχωρίας
1533 3313 1839 3384 ἀποστῆναι

283 3375 647 3474 βουλομένους,
689 3391 828 3459 μηδὲ
861 3395 923 3443 ἐκ
953 3391 1046 3446 τοῦ
1080 3396 1198 3448 ίσου
1240 3375 1674 3466 διαγωνίσασθαι
1709 3375 1841 3474 ημῖν

279 3471 608 3541 τολμῶντας.
639 3479 862 3534 Γίνεσθε
893 3483 956 3552 δὴ
1003 3486 1199 3555 ἄνδρες
1244 3489 1460 3556 ἀγαθοὶ,
1497 3471 1841 3561 καὶ-τὴνῄκα-

281 3567 614 3653 ταπεσοῦσαν
644 3572 952 3642 ἧδη.δόξαν
999 3578 1111 3630 τῶν
1161 3581 1445 3650 προγόνων
1488 3585 1839 3653 ἀνορθώσατε

282 3651 446 3750 mimi-
479 3662 570 3713 καὶ
605 3663 681 3734 μὴ
732 3668 995 3736 νομίσητε
1057 3671 1194 3740 ὑπὲρ
1250 3675 1419 3744 μηδὲν
1455 3651 1843 3750 προσηκούσης
1901 3721 1905 3724 -

284 3747 383 3836 γῆς
413 3748 533 3815 ὑμῖν
565 3752 986 3821 διαγωνίζεσθαι
1009 3761 1146 3831 πρὸς
1177 3763 1301 3827 τοὺς
1339 3747 1685 3836 βαρϐάρους“,
1720 3747 1839 3823 ἀλλ’

289 3833 418 3905 ὑπὲρ
449 3839 759 3912 ἐλευθερίας
792 3849 1056 3916 μάλιστα,
1105 3854 1198 3907 καὶ
1231 3855 1330 3924 τῆς
1366 3833 1576 3921 οίνκείας
1606 3859 1841 3924 ἕκαστος

287 3930 549 3996 πατρίδος.
595 3935 721 3988 Ἐὰν
753 3939 861 4006 γὰρ
905 3940 1140 3995 ἐνταῦθα
1194 3943 1359 4008 ἀξίως
1391 3947 1604 4000 ἑαυτῶν
1637 3951 1841 4015 ἀγωνι-

288 4017 488 4090 ζόμενοι
535 4029 854 4099 νικήσωμεν
899 4033 1136 4098 αὐτοὺς,
1188 4038 1325 4105 πρὸς
1372 4034 1455 4101 οἷς
1504 4043 1840 4110 ἀφῃρήμεθα

292 4113 540 4182 πρότερον
573 4116 664 4168 ὑπ’
697 4119 899 4184 αὐτῶν,
948 4123 1045 4174 καὶ
1086 4123 1184 4192 τὴν
1229 4123 1397 4178 οὖσαν
1430 4129 1842 4196 καρπωσόμεθα

289 4199 466 4266 ἀδεῶς.
499 4206 638 4272 Πρὸς
663 4209 875 4273 τούτοις
906 4211 984 4277 δὲ,
1035 4213 1084 4264 εί
1134 4214 1235 4282 μὲν
1266 4215 1362 4268 καὶ
1392 4217 1556 4280 αὐτὸς
1587 4235 1838 4288 συνηγω-

290 4294 499 4364 νιζόμην
520 4299 648 4367 ὑμῖν
687 4301 745 4352 ὲν
794 4301 873 4370 τῷ
901 4305 1154 4373 παρόντι,
1193 4307 1467 4376 πρόφασις
1506 4307 1572 4361 ἂν
1618 4305 1685 4380 ἦν
1731 4329 1838 4364 τινι

291 4385 432 4454 κακῷ
456 4390 709 4453 γενέσθαι
738 4392 927 4462 λήσειν
962 4396 1216 4466 οἰομένῳ’
1260 4400 1383 4450 ἐπεὶ
1431 4399 1486 4451 δὲ
1539 4401 1700 4463 αὐτὸς
1733 4402 1840 4466 ἔξω

290 4470 476 4545 ἱστηκα
491 4479 597 4533 τῶν
617 4482 796 4547 ἄλλων
818 4479 1148 4556 βραϐευτὴς,
1170 4487 1349 4552 ἔξεστι
1369 4493 1596 4543 σκοπεῖν
1617 4491 1836 4561 ἑκάστῳ

1951 573 2182 641 Europae
2231 575 2479 642 Asiarque
2507 575 2697 646 jugum
2727 579 3124 645 imposuerunt.
3151 577 3305 643 Quod
3331 588 3514 634 autem

1948 677 2048 716 nos
2085 663 2236 716 brevi
2288 673 2535 733 tempore
2564 681 2672 720 non
2721 681 2893 735 pauca
2949 681 2977 719 a
3035 667 3286 721 Barbaris
3337 669 3515 722 detri-

1949 761 2130 807 menta
2166 755 2500 821 accepimus,
2533 769 2642 807 non
2677 764 2967 824 propterea
2993 755 3060 809 de
3089 766 3287 810 cmtero
3315 757 3517 812 animis

1947 841 2119 911 frangi
2153 842 2439 897 debemus.
2485 842 2642 898 ilaud
2667 847 2813 898 enim
2871 845 3106 915 ignavia,
3151 846 3245 900 sed
3275 847 3516 915 peccatis

1947 933 2172 1010 nostris,
2223 933 2336 989 Deo
2382 949 2481 988 nos
2539 949 2638 1003 per
2683 935 2954 990 Barbaros
3007 935 3325 1000 ulciscente,
3379 937 3512 992 victi

1947 1041 2156 1080 sumus.
2191 1026 2307 1080 Non
2351 1027 2514 1096 igitur
2545 1027 2625 1082 fas
2667 1038 2770 1091 est,
2801 1042 3035 1096 quorum
3083 1028 3312 1096 spiritus
3362 1030 3512 1083 nulla

1945 1121 2029 1173 vis
2060 1119 2281 1178 devicit,
2311 1129 2365 1172 et
2399 1134 2538 1186 quos
2581 1135 2799 1174 rursum
2850 1120 3043 1172 melior
3087 1136 3213 1188 spes
3267 1121 3514 1185 alit,'eos

1943 1217 2144 1262 eventu
2201 1208 2526 1266 calamitatis
2589 1208 2832 1262 hebetari
2906 1203 3070 1278 atque
3119 1211 3510 1280 languescere;

1944 1313 2070 1352 cum
2120 1302 2324 1352 rectius
2373 1299 2444 1351 sit
2489 1297 2764 1362 arbitrari,
2800 1298 2852 1350 in
2894 1299 3208 1354 actionibus
3259 1301 3512 1354 homines

1945 1388 2196 1443 frustrari
2245 1405 2306 1443 ac
2332 1388 2508 1457 decipi
2537 1429 2552 1453 ,
2580 1387 2781 1441 animis
2815 1402 2949 1442 vero
2978 1403 3194 1458 semper
3235 1403 3388 1458 atque
3447 1405 3512 1444 ac

1943 1495 2073 1534 vere
2100 1495 2396 1550 generosos
2420 1493 2542 1534 esse
2573 1493 2771 1548 posse;
2809 1491 2908 1532 nec
2938 1477 3065 1548 quia
3113 1477 3264 1546 prius
3316 1492 3511 1532 manus

1944 1568 2217 1632 dederint,
2256 1567 2383 1622 ideo
2433 1567 2488 1621 in
2518 1582 2758 1636 prmseus
2790 1565 2989 1620 merito
3043 1565 3292 1620 imbelles
3334 1564 3509 1618 videri

1943 1661 2166 1715 debere.
2202 1659 2344 1726 Quin
2393 1674 2490 1712 vos
2536 1659 2790 1713 Barbaris
2839 1674 2942 1712 nec
3009 1672 3106 1710 usu
3149 1655 3367 1710 militari
3419 1669 3512 1710 ce-

1945 1753 2096 1816 ditis,
2144 1762 2196 1806 et
2224 1750 2477 1806 audendo
2529 1751 2760 1808 multum
2832 1747 3179 1802 antecellitis.
3239 1745 3504 1807 Cernit's.

1871 1835 2400 1915 Bquemadmodum
2472 1841 2808 1909 trepidantes
2860 1841 2914 1893 iu
2965 1853 3095 1893 cava
3147 1837 3417 1891 montium
3451 1852 3510 1890 se

1943 1938 2167 2000 abdant,
2199 1945 2254 1990 et
2297 1934 2366 1988 ab
2400 1934 2507 1987 illis
2541 1932 2878 1986 anfractibus
2909 1941 3074 2000 atque
3116 1929 3385 1998 angustiis
3430 1929 3514 1981 lo-

1943 2045 2133 2084 corum
2163 2029 2449 2098 seiungere
2483 2040 2542 2080 se
2591 2037 2862 2093 nusquam
2898 2022 3154 2085 audeant,
3215 2036 3315 2074 nec
3358 2034 3511 2087 atquo

1943 2134 2138 2188 campo
2210 2117 2498 2172 nobiscum
2565 2109 3272 2184 congredi.'Quamobrem
3333 2119 3512 2164 estote

1941 2207 2044 2261 viri
2117 2207 2325 2268 fortes,
2391 2217 2446 2260 et
2505 2204 2799 2271 collapsam
2862 2203 3128 2269 majorum
3198 2209 3509 2255 vestrorqu

1942 2299 2168 2369 gloriam
2221 2297 2522 2351 instaurate
2564 2312 2577 2347 :
2614 2309 2753 2347 neve
2806 2310 2928 2348 cum
2980 2293 3235 2346 Bai-boris
3286 2309 3383 2362 pro
3419 2307 3509 2347 re-

1941 2391 2102 2457 gione
2134 2386 2201 2439 ad
2237 2399 2335 2437 vos
2367 2383 2504 2436 nihil
2539 2381 2830 2446 attinente,
2879 2383 2974 2436 sed
3031 2396 3130 2450 pro
3170 2381 3422 2436 libertate
3452 2383 3508 2437 in

1943 2475 2159 2546 primis,
2189 2481 2245 2528 et
2296 2484 2748 2541 unumquemque
2779 2485 2878 2539 pro
2921 2471 3093 2540 patria
3143 2486 3238 2524 sua
3278 2470 3508 2525 dimica-

1944 2579 2126 2624 turum
2162 2567 2550 2622 existimatote.
2583 2564 2638 2619 Si
2670 2565 2818 2619 enim
2856 2565 2968 2626 hic,
3008 2574 3068 2618 ut
3092 2564 3253 2618 nobis
3282 2565 3507 2631 dignum

1939 2671 2046 2723 est,
2077 2667 2392 2734 pugnantes
2425 2672 2521 2712 eos
2558 2655 3040 2719 debellaverimus,
3068 2669 3268 2724 prater
3297 2671 3359 2709 ea
3386 2670 3506 2724 qua:

1944 2754 2096 2820 prius
2137 2750 2240 2819 ipsi
2297 2749 2458 2802 nobis
2516 2748 2866 2802 abstulerunt
2921 2756 3278 2816 recuperata,
3342 2748 3507 2799 ctiam

1942 2851 2126 2896 nostra
2189 2840 2410 2910 regione
2468 2848 2586 2891 tuto
2643 2837 2894 2891 fruemur
2952 2837 3090 2907 (58).
3141 2836 3220 2889 Ad
3254 2836 3404 2899 hinc,
3461 2835 3507 2888 si

1943 2933 2162 3003 quidem
2190 2948 2294 3000 ego
2325 2945 2472 2984 nunc
2497 2928 2779 2984 vobiscum
2815 2945 2918 2983 una
2961 2929 3013 2982 in
3062 2928 3274 2982 hostem
3307 2941 3512 2997 pugna-

1942 3041 2079 3090 rem,
2111 3024 2337 3079 daretur
2365 3022 2572 3077 imbelli
2623 3021 2788 3076 alicui
2845 3020 3080 3086 occasio,
3106 3021 3236 3073 dum
3271 3033 3330 3073 se
3353 3032 3510 3086 posse

1944 3118 2112 3172 latere
2159 3115 2520 3181 existimaret.
2570 3111 2678 3166 Sed
2728 3112 2992 3181 quoniam
3053 3117 3211 3181 extra
3263 3107 3508 3178 pra-lium

1942 3209 2152 3263 arbiter
2202 3179 2260 3261 et
2301 3205 2471 3274 judex
2528 3179 2847 3258 certaminis
2903 3217 3027 3256 sum
3057 3241 3072 3264 ,
3109 3179 3238 3254 licet
3279 3199 3510 3269 quisque

1941 3305 2128 3355 seéum
2162 3298 2388 3369 cogitet,
2445 3295 2489 3350 si
2546 3295 2775 3365 ignavus
2827 3293 3014 3357 fuerit,
3058 3308 3247 3362 poenas
3297 3293 3512 3346 debitas

1941 3394 2248 3458 luiturum,
2285 3399 2545 3464 strenuos
2623 3398 2804 3440 autem
2864 3387 3089 3454 paribus
3161 3386 3345 3438 virtuti
3399 3402 3512 3440 sua:

1942 3486 2182 3556 praemiis
2212 3485 2540 3537 honoratum
2572 3480 2657 3533 iri.
2687 3479 2792 3534 Sed
2823 3495 2928 3548 qua
2973 3479 3182 3532 ratione
3209 3495 3331 3531 cum
3384 3479 3512 3532 Bar-

1941 3578 2091 3632 baris
2140 3593 2318 3646 pugna
2378 3572 2664 3644 pugnanda
2719 3573 2812 3635 sit,
2856 3571 2959 3640 ipsi
2995 3572 3158 3625 etiam
3196 3586 3226 3625 a
3274 3571 3510 3638 pueritia

1941 3665 2153 3720 bellicis
2179 3663 2470 3718 assuefacti
2521 3661 2783 3730 operibus
2829 3676 2935 3713 non
2981 3663 3289 3726 ignoratis:
3328 3670 3508 3714 tamen

1941 3756 2269 3811 admonebo.
2303 3753 2359 3808 Si
2395 3754 2496 3822 ipsi
2527 3753 2581 3807 in
2613 3753 2763 3806 acies
2797 3751 3079 3808 distributi
3120 3752 3367 3820 praelium
3403 3752 3512 3805 ini-

1943 3853 2098 3914 bunt,
2135 3864 2235 3904 nos
2275 3861 2494 3915 quoque
2543 3845 2660 3899 acie
2702 3843 2955 3897 ordinata
3004 3843 3112 3896 illis
3154 3858 3512 3897 occurramus

1941 3955 2166 3996 necesse
2213 3947 2315 3992 cst.
2361 3937 2498 4000 Quia
2534 3951 2682 3999 vero,
2718 3945 2983 4005 quantum
3033 3935 3353 4004 conjectura
3387 3949 3513 4004 pro-

1941 4035 2125 4094 video,
2164 4046 2270 4085 non
2299 4029 2520 4082 dextras
2565 4042 2879 4092 conserere,
2927 4027 3018 4081 sed
3064 4026 3245 4094 jacula
3292 4027 3511 4080 eminus
3571 4053 3594 4076 ο

1942 4138 2222 4194 spargere,
2253 4129 2309 4175 et
2336 4118 2427 4174 ubi
2457 4119 2511 4173 in
2545 4133 2644 4172 nos
2669 4117 3021 4178 incursarint,
3047 4131 3156 4169 non
3179 4115 3509 4179 subsistere,

1941 4214 2037 4271 sed
2065 4213 2133 4267 ad
2169 4213 2286 4264 loca
2317 4210 2603 4278 impedita,
2651 4207 2967 4276 ibidemque
3001 4207 3053 4260 in
3079 4205 3296 4260 insidiis
3327 4205 3512 4260 subsi-

1941 4309 2132 4362 dentes
2160 4303 2412 4372 rcfugere
2449 4303 2806 4362 meditantur,
2833 4310 2888 4355 et
2920 4315 3016 4354 vos
3046 4309 3197 4352 extra
3245 4297 3334 4352 teli
3377 4312 3512 4351 con-

1935 4403 2142 4470 jectum
2167 4395 2308 4454 sitis.
2347 4393 2607 4461 lenteque
2651 4392 2883 4446 servatis
2914 4391 3210 4446 ordinibus
3243 4389 3511 4445 incedatis

1945 4496 2183 4560 oportet.
2233 4484 2338 4540 Ubi
2395 4493 2575 4538 autem
2625 4483 2910 4552 propiores
2966 4483 3224 4549 fueritis,
3277 4497 3508 4564 omnem

1512 4635 1729 4697 Jacobi
1765 4636 2030 4699 Pontani
2068 4639 2256 4695 notae.

356 4749 460 4827 (ΒΞ)
491 4749 680 4805 Jovem
716 4751 1021 4822 pollicitum
1064 4767 1208 4818 esse,
1236 4768 1268 4808 e
1310 4754 1566 4827 Troianis
1599 4757 1840 4811 nascitu-
1873 4759 1921 4818 D
1949 4757 2084 4827 Iipp.
2110 4754 2142 4807 6
2176 4769 2192 4808 :
2222 4750 2414 4827 Popilii
2441 4749 2665 4827 Romani
2689 4751 2918 4827 lictoris.
2941 4752 3248 4827 dominique
3273 4728 3508 4827 omnium

290 4831 373 4871 ros
411 4819 699 4882 Romanos,

259 4931 278 4945 .
351 4885 446 4952 Qui
479 4907 642 4953 mare,
684 4892 774 4958 qui
813 4901 982 4945 terra:
1008 4893 1152 4946 omni
1179 4893 1377 4946 ditione
1411 4901 1669 4957 tenerent,

235 4981 240 4984 ⁷
282 4977 354 5030 ait
391 4980 565 5036 Venus
599 4998 612 5036 l
649 4983 865 5038 AEneid.
888 4986 1079 5040 Postea
1102 4985 1317 5055 Jupiter
1344 4985 1411 5040 de
1435 4986 1720 5053 Romanis,

283 5069 372 5146 ῌὶδ
399 5091 491 5146 ego
525 5091 615 5128 nec
647 5085 813 5146 metas
837 5093 1037 5138 rerum,
1061 5093 1154 5130 nec
1184 5085 1422 5146 tempora
1453 5094 1588 5144 pono
1609 5092 1629 5132 :

277 5139 687 5214 {mperiumsine
711 5145 819 5212 ﬁne
849 5147 986 5200 dedi.
1031 5147 1166 5210 Quin
1191 5139 1379 5214 aspera
1405 5139 1566 5212 Juno,

276 5208 574 5288 Quentare
597 5208 744 5288 nunc
787 5208 1066 5288 terrasque
1102 5208 1264 5279 metu,
1297 5208 1584 5285 actumque
1619 5217 1836 5288 fatigat,

273 5277 508 5356 gonsilia
537 5287 592 5336 in
622 5284 808 5356 melius
847 5277 1054 5352 referet,
1086 5277 1387 5356 mecumque
1415 5277 1606 5355 fovebit

273 5349 537 5426 ﬂomanos
563 5370 739 5406 rerum
763 5349 1021 5426 dominos.
1047 5349 1353 5426 gentemque
1373 5349 1632 5426 togatam.

271 5418 358 5490 Sjc
383 5423 640 5490 placitum
668 5440 684 5476 :
717 5427 883 5476 ueniet
913 5418 1094 5477 lustris
1129 5418 1585 5479 labentibus'a'tas
1610 5467 1621 5483 .

273 5488 399 5565 gum
429 5495 612 5546 domus
637 5494 891 5547 Assaraci
919 5493 1153 5558 Pthiam,
1193 5495 1470 5561 clarasque
1494 5495 1742 5565 Mycenas

270 5557 494 5614 Servitia
524 5574 746 5630 premet,
781 5580 843 5616 ac
879 5565 1024 5615 victis
1056 5557 1412 5618 dominabitur
1441 5557 1617 5634 Argis.

271 5648 405 5723 Vide
442 5667 564 5715 quae
585 5653 638 5704 in
672 5653 934 5723 symbolis
961 5655 1164 5708 nostris
1185 5655 1249 5708 ad
1281 5656 1426 5710 hunc
1454 5655 1632 5709 locum
1663 5658 1834 5712 adno-

274 5722 531 5796 tavimus,
566 5723 629 5796 in
691 5722 896 5787 quibus
934 5723 1019 5776 illa
1048 5740 1111 5776 ex
1157 5725 1416 5796 Cicerone
1466 5725 1701 5796 Philipp.
1755 5729 1828 5782 5:

279 5787 383 5842 Nos
405 5791 666 5861 principes
705 5802 988 5858 terrarum,
1033 5795 1368 5864 inutilemque
1413 5787 1666 5865 gentium:
1699 5799 1829 5853 Phi-

1945 4821 2210 4896 géntium._
2231 4822 2355 4890 Agit
2378 4821 2545 4875 etiam
2576 4821 3055 4896 demagnitinline
3080 4821 3304 4896 llomani
3334 4825 3507 4896 impe-

1945 4890 2006 4948 rii
2074 4890 2393 4962 Appianus,
2459 4890 2778 4957 prtefatione
2826 4893 3110 4961 Strategici
3185 4894 3504 4962 praeclare:

1941 4964 2208 5016 Romanos
2239 4976 2404 5032 neque
2435 4976 2548 5032 rex,
2587 4975 2754 5028 neque
2781 4963 2988 5022 civitas,
3021 4979 3186 5032 neque
3231 4979 3354 5031 gens
3394 4963 3504 5014 ulla

1938 5033 2150 5096 imperii
2193 5030 2548 5097 amplitudine
2594 5033 2884 5100 superavit.
2920 5034 3032 5084 lmo
3057 5030 3149 5085 nec
3189 5030 3392 5084 tantam
3424 5041 3508 5083 at-

1937 5104 2136 5172 tingere
2188 5114 2420 5172 ttnqitam
2471 5102 2662 5168 potuit,
2713 5119 2806 5154 nec
2851 5110 2925 5153 tot
2957 5101 3270 5154 surculorum
3324 5110 3505 5153 anates

1939 5169 2250 5225 mansuram
2277 5169 2496 5236 ﬁrmare
2521 5173 2834 5237 potentiam.
2865 5184 2970 5225 etc.
3261 5173 3271 5192 ‘

2018 5243 2130 5310 (58)
2176 5240 2590 5310 Demosthenica
2625 5241 2777 5308 plane
2819 5241 3120 5304 sententia,
3152 5254 3214 5310 ex
3248 5252 3280 5310 _t
3339 5237 3507 5310 Olyn-

1950 5304 2148 5398 thiaca.
2187 5309 2329 5398 Πρὸς
2379 5304 2458 5371 οἷς
2486 5304 3260 5398 Ἲάφῃέζήμὲυτι.ζτρρτεῆρν¹ὑτξ’
3302 5304 3506 5398 αὐξῶν,

1947 5384 2039 5433 καὶ
2063 5381 2174 5450 ῖτὴν
2203 5378 2368 5450 οὖσαν
2394 5379 2799 5450 καρπωσόμεθα
2827 5379 3018 5450 ᾴδεὼς.
3039 5378 3246 5450 Valeat
3309 5378 3502 5450 eadem

1941 5447 2238 5515 sententia,
2296 5447 2544 5530 imnont-ota
2589 5449 2782 5528 oratio.
2815 5447 3133 5530 Olynthiaca
3175 5449 3285 5530 _illa
3340 5448 3503 5530 hodie

1941 5514 2272 5590 magnopere
2308 5518 2374 5569 ad
2401 5518 2744 5590 Christianos
2769 5514 2823 5590 in
2849 5514 3081 5590 'l'urcam
3104 5518 3500 5583 exhortandos,

1935 5603 1988 5644 et
2022 5585 2084 5646 ea
2137 5585 2266 5643 usus
2312 5593 2397 5657 cst
2420 5585 2547 5638 olim
2596 5587 2664 5638 ad
2699 5586 2970 5652 verbum,
3018 5588 3071 5643 in
3115 5590 3308 5644 eodem
3340 5603 3503 5657 argu-

1935 5671 2148 5730 mento,
2184 5655 2431 5730 pauculis
2472 5671 2862 5730 nonnunquam
2910 5659 2974 5714 de
3032 5676 3134 5715 suo
3180 5655 3500 5730 interiectis.

1930 5724 2222 5808 Bpssarioh
2277 5724 2579 5785 cardinalis
2653 5724 3064 5786 eruditissimus
3140 5744 3205 5786 ac
3250 5724 3498 5785 celeber-

1930 5813 2120 5854 Υιηιυὸ.
