4010 6190
550 386 654 453 451

1719 380 2047 444 JOANNIS
2087 382 2622 445 CANTACUZENI

3635 384 3717 448 452

551 500 727 558 secuti
786 508 936 555 sunt.
1001 497 1062 554 lu
1105 512 1174 552 eo
1226 496 1485 552 conllietu
1545 494 1853 563 Persarum
1900 484 2110 548 centum

2226 494 2455 566 τόλμης,
2488 493 2706 564 ἔπεμπε
2755 507 2850 548 και
2884 494 3146 566 στρατιάν
3191 494 3378 564 ἑτέραν
3406 488 3467 566 ἧς
3494 491 3613 567 ἦρχε
3643 503 3723 554 Τά.

553 592 951 663 quinquaginta
997 590 1176 653 caesis,
1226 604 1258 643 e
1316 587 1577 643 Romanis
1630 602 1735 642 nec
1787 587 1964 652 miles,
2019 600 2122 640 nec

549 700 727 753 equus
781 684 1102 738 vulneratus
1142 693 1247 736 est.
1296 681 1617 751 Imperator
1652 677 1782 733 inde
1809 693 1871 733 se
1903 678 2120 748 recipit,

550 790 675 829 cum
713 775 778 829 ad
829 774 1031 829 collem
1059 771 1437 841 occupandum
1471 768 1608 825 eniti
1666 783 1778 823 non
1818 769 2119 824 arbitrare-

551 878 642 921 tur
666 848 999 928 conducere',
1050 873 1105 920 et
1140 864 1195 916 in
1241 877 1495 932 campum
1535 862 1766 916 veniens
1804 859 1996 923 edixit,
2058 868 2123 916 ut

550 959 785 1029 quisque
840 967 1088 1012 servaret
1146 955 1399 1010 ordinem
1450 968 1635 1018 suum,
1662 968 1824 1023 quem
1864 955 1932 1009 ab
1965 953 2125 1007 initio

549 1051 901 1105 obtinuisset.
954 1046 1126 1118 διε
1180 1046 1402 1102 Barbari
1459 1044 1516 1099 in
1564 1044 1958 1113 prominentia,
2023 1058 2123 1098 seu

548 1140 833 1210 crepidine
883 1141 1087 1194 montis
1131 1148 1360 1205 stantes,
1402 1137 1626 1208 prodire
1666 1136 1900 1191 ulterius
1976 1136 2123 1193 haud

548 1240 729 1285 tutum
764 1232 1160 1300 opinabantur.

2228 605 2390 659 γαρις
2434 588 2695 660 Μανουὴλ
2742 589 2771 642 ό
2809 588 2983 658 μέγας
3021 589 3515 660 στρατοπεδάρχης,
3544 590 3609 654 ὡς
3646 595 3721 647 σὺν

2227 680 2414 742 αὐτοῖς
2445 679 2919 750 ἀντιστησομένην
2948 684 3061 742 τοῖς
3104 680 3414 761 βαρϐάροις.
3466 683 3564 734 Καὶ
3607 699 3726 750 γενο-

2205 770 2397 841 ,μένης
2424 772 2517 823 ἐπὶ
2561 771 2699 824 πολὺ
2738 773 2919 842 μάχης
2969 771 3194 842 ἰσχυρᾶς
3241 772 3300 837 ἐξ
3350 773 3602 842 ἑκατέρων
3639 773 3725 826 τῶν

2228 863 2433 934 μερῶν,
2464 864 2574 916 τῶν
2611 863 2712 934 μὲν
2750 863 3043 935 Ῥωμαίων
3093 865 3273 918 ἵππων
3310 864 3600 935 ἐτρώθησαν
3625 865 3724 919 πολ·

2222 952 2327 1017 λοὶ,
2383 955 2716 1023 στρατιῶται
2768 955 2825 1007 δέ
2887 955 3140 1021 ἐγένοντο
3193 956 3358 1024 όλίγοι
3401 956 3725 1026 τραυματίαι,

2219 1046 2451 1116 τέθνηκε
2484 1046 2542 1099 δέ
2568 1042 2668 1110 εἷς’
2698 1047 2923 1118 Περσῶν
2953 1048 3010 1101 δὲ
3045 1048 3244 1101 ἔπεσον
3273 1051 3589 1118 πεντήκοντα
3608 1049 3728 1119 παρὰ

2220 1135 2322 1206 τὴν
2350 1136 2555 1206 μάχην.
2602 1138 2870 1208 Ὀρχάνης
2897 1138 2955 1190 δὲ
2981 1139 3038 1190 ἐν
3068 1133 3112 1206 ᾧ
3136 1140 3169 1208 η
3198 1141 3342 1211 μάχη
3383 1141 3728 1207 συνεκροτεῖτο,

2219 1227 2320 1294 τὴν
2353 1227 2645 1297 στρατιάν,
2681 1227 2749 1298 ἢν
2775 1222 2912 1298 εἶχε,
2945 1230 3127 1283 πᾶσαν
3159 1230 3382 1299 ἔστησεν
3412 1230 3497 1281 ἐπὶ
3521 1228 3729 1297 μετώπου

545 1325 836 1405 (πρότερον
863 1325 972 1394 γὰρ
1000 1323 1166 1393 μέρος
1194 1339 1248 1374 τι
1277 1327 1452 1390 αυτῆς
1510 1319 1647 1374 πολὺ
1679 1320 1741 1373 ἐν
1762 1320 1880 1382 ταῖς
1942 1317 2187 1388 ἐνέδραις
2229 1321 2620 1390 κεκρυμμένον
2643 1314 2753 1389 ἧν)’
2785 1319 2860 1384 ὼς
2892 1316 3034 1374 εἶναι
3052 1323 3338 1391 καταφανῆ
3368 1320 3457 1376 ita)
3484 1320 3730 1387 Ῥωμαίοις

546 1419 644 1473 καὶ
671 1415 989 1487 βαρϐάροις,
1019 1415 1262 1485 οίόμενος
1298 1416 1530 1479 ἐκείνοις
1569 1432 1630 1467 τε
1669 1413 1982 1485 προθυμίαν
2009 1418 2103 1471 καὶ
2151 1416 2451 1483 Ῥωμαίοις
2509 1414 2776 1486 ἔκπληξιν
2838 1417 2899 1470 τὸ
2929 1416 3170 1470 τοιοῦτον
3198 1418 3530 1486 ἐμποιήσειν.
3569 1414 3646 1477 Ὦς
3680 1415 3723 1467 δέ

544 1513 696 1585 ἐώρα
743 1512 844 1580 τῆς
887 1510 1131 1573 ἐπινοίας
1199 1510 1543 1581 άπονάμενος
1608 1510 1762 1564 οὐδὲν
1807 1509 1880 1580 (οἱ
1924 1510 2181 1580 Ῥωμαῖοι
2220 1509 2330 1580 γάρ
2361 1509 2523 1563 οὐδὲν
2556 1504 2721 1581 ἦττον
2753 1509 3025 1579 ἐμάχοντο
3056 1510 3326 1579 εὐψύχως,
3347 1508 3437 1562 καὶ
3461 1507 3554 1577 ἤδη
3577 1520 3730 1574 περιε-

543 1608 762 1677 γίνοντο
813 1603 923 1657 τῶν
981 1603 1311 1673 πολεμίων),
1392 1599 1715 1673 Παζαρλοῦν
1768 1602 1861 1654 τδν
1919 1601 2150 1669 ἀδελφὸν
2199 1602 2545 1671 πανστρατιᾷ
2602 1602 2855 1655 ἐκέλευσε
2912 1605 3025 1666 τοῖς
3102 1602 3389 1672 Ῥωμαίοις
3445 1599 3729 1670 συμϐαλεῖνο

547 1698 742 1771 μικρὸν
780 1695 837 1748 δέ
878 1695 973 1748 καὶ
996 1695 1162 1758 αὐτὸς
1199 1694 1309 1748 ἀπὸ
1359 1693 1456 1748 τοῦ
1505 1694 1672 1763 λόφου
1712 1693 1979 1758 καταϐὰς,
2032 1694 2200 1747 πάλιν
2233 1693 2366 1762 ἔστη
2410 1694 2527 1764 μετ’
2556 1693 2754 1761 ὀλίγων
2782 1693 2812 1746 δ
2862 1710 2915 1747 τι
2947 1694 3014 1747 ἂν
3072 1693 3315 1764 άποϐαίη
3346 1693 3564 1746 σκοπῶν.
3601 1690 3732 1744 Βασι-

543 1792 669 1855 λεὺς
693 1792 738 1844 δ’
777 1791 898 1843 ἐπεὶ
929 1787 1078 1857 ἑώρα
1110 1787 1457 1857 πανστρατιᾷ
1488 1787 1627 1857 πρὸς
1658 1784 1756 1855 τὴν
1789 1785 1970 1855 μάχην
1990 1783 2120 1847 τοὺς
2149 1783 2461 1854 βαρϐάρους
2489 1781 2883 1853 ὡρμημένους,
2912 1782 3012 1846 τὰς
3036 1783 3138 1854 μέν
3160 1781 3325 1845 ἄλλας
3348 1781 3553 1835 ἐκέλευε
3585 1780 3732 1846 τάξεις

547 1885 732 1952 μένειν
766 1879 948 1943 πάσας
975 1878 1343 1949 ἀτρεμοὺσαςο
1378 1878 1543 1942 αὐτὸς
1567 1878 1625 1931 δὲ
1654 1877 1782 1946 τρία
1850 1877 1982 1947 τέλη
2050 1876 2371 1944 ἀναλαϐὼν,
2438 1875 2635 1946 ἐχώρει
2682 1876 2818 1945 πρὸς
2856 1877 2955 1948 τὴν
3006 1877 3211 1948 μάχην.
3268 1873 3546 1929 Ἐτέτακτο
3585 1872 3632 1926 δὲ
3657 1872 3730 1924 ἐπὶ

546 1975 647 2043 μὲν
673 1972 765 2026 τοῦ
798 1970 976 2036 δεξιοῦ
1002 1971 1182 2040 κέρως
1204 1973 1234 2024 6
1266 1971 1441 2041 μέγας
1473 1970 1796 2040 δομέστικος
1821 1984 1837 1999 ο
1870 1971 1932 2045 τδ
1962 1969 2252 2040 ἀριστερὸν
2310 1968 2369 2022 δὲ
2436 1966 2582 2040 εῖχεν
2642 1971 2670 2022 ό
2700 1970 2966 2038 Ἀγγελος
2997 1971 3257 2040 Ἰωάννης
3306 1967 3576 2036 ἐξάδελφος
3593 1965 3730 2032 αὐτῷ·

545 2065 798 2134 βασιλεὺς
823 2066 882 2119 δέ
908 2067 1092 2136 ἐπεῖχε
1121 2065 1182 2119 τδ
1221 2064 1387 2135 μέσον
1406 2080 1422 2096 ο
1459 2064 1557 2117 καὶ
1600 2063 1974 2132 συμϐαλόντες
2003 2065 2116 2124 τοῖς
2157 2062 2479 2134 βαρϐάροις,
2532 2062 2828 2133 ἐτρέψαντό
2849 2081 2909 2118 τε
2931 2065 3071 2119 κατά
3097 2068 3301 2134 κράτος
3345 2064 3473 2134 μηδέ
3503 2060 3734 2129 ἀντισχεῖν
3787 2059 3805 2083 ⁸

542 2160 643 2227 τὴν
663 2157 897 2226 ’πρώτην
937 2156 1266 2227 δυνηθέντας
1314 2157 1509 2227 ὁρμήν·
1545 2158 1640 2209 καὶ
1676 2157 1775 2219 τάς
1838 2155 2145 2227 δυσχωρίας
2180 2156 2363 2219 πάσας
2422 2157 2782 2227 ὑπερϐάντες,
2819 2159 2947 2229 ἄχρι
2976 2159 3086 2213 τῶν
3121 2160 3309 2230 άκρων
3331 2155 3638 2220 κατεδίωξαν
3658 2149 3733 2204 τοῦ

541 2252 734 2321 λόφου,
770 2249 925 2313 ἔνθα,
955 2248 1052 2303 καὶ
1104 2249 1376 2320 Ὀρχάνης
1445 2244 1515 2320 ἦν
1570 2248 1762 2313 ἐστὼς.
1832 2250 2070 2303 Ἔπεσον
2125 2250 2182 2302 δέ
2215 2250 2369 2316 παρὰ
2401 2252 2501 2316 τὴν
2533 2251 2739 2320 μάχην,
2770 2252 2999 2320 Περσῶν
3028 2253 3128 2321 μὲν
3162 2254 3490 2321 πεντήκοντα
3521 2254 3605 2305 καὶ
3628 2251 3734 2303 ἐκα-

542 2344 655 2409 τον,
705 2341 999 2413 Ῥωμαίων
1033 2342 1090 2395 δέ
1135 2342 1351 2406 οὐδείς·
1388 2342 1503 2395 ἀλλ’
1553 2340 1676 2395 οὔτε
1727 2340 1939 2413 ἐτρώθη
1996 2340 2122 2395 οὔτε
2179 2340 2524 2412 στρατιώτης
2585 2340 2710 2395 οὔτε
2779 2345 2966 2403 ἵππος.
3019 2344 3288 2408 Βασιλεὺς
3330 2344 3384 2397 δέ
3431 2341 3733 2411 ἀνεχώρησεν

541 2435 777 2499 ἐκεῖθεν,
803 2438 864 2490 τὸ
894 2434 1183 2506 βιάζεσθαι
1214 2433 1352 2507 πρὸς
1373 2436 1465 2491 τὸν
1486 2436 1655 2504 ’λόφον
1715 2436 1813 2506 οὐχ
1878 2435 2181 2504 ἡγούμενος
2218 2434 2556 2489 λυσιτελεῖν·
2592 2439 2691 2501 ,καὶ
2739 2436 2877 2506 πρὸς
2910 2438 2971 2490 τδ
3021 2437 3209 2493 πεδίον
3257 2436 3458 2500 ἐλθὼν,
3496 2434 3733 2488 ἐκέλευσεν

540 2530 796 2588 ἕκαστον.
830 2529 930 2597 τὴν
973 2529 1039 2597 ἦν
1091 2524 1235 2598 εἶχεν
1271 2527 1330 2593 ἐξ
1397 2529 1573 2599 ἀρχῆς
1602 2528 1755 2592 τάξιν
1812 2529 2128 2597 φυλάττειν.
2203 2528 2265 2580 Oi
2318 2527 2588 2599 βάρϐαροί
2640 2544 2700 2580 τε
2751 2528 2845 2581 ἐπὶ
2894 2529 3024 2592 τοὺς
3082 2529 3362 2599 πρόποδας
3409 2526 3619 2597 ἔστησαν
3657 2519 3732 2574 τοῦ

542 2621 726 2692 ὅρους,
752 2619 816 2673 τὺ
860 2620 1170 2692 περαιτέρω
1211 2620 1528 2692 προϐαίνειν
1553 2621 1653 2692 οὐχ
1682 2619 1981 2692 ἡγούμενοι
2011 2620 2335 2674 λυσιτελεῖν.
2597 2645 2609 2655 ·

1976 2734 2202 2790 CAPUT
2242 2734 2354 2790 VII.

543 2826 831 2884 Consilium
868 2829 1055 2900 magna:
1082 2828 1378 2900 domestici,
1400 2830 1526 2899 quia
1551 2830 1719 2883 hostes
1754 2844 1810 2882 se
1842 2827 2365 2900 victosfatebantur,
2392 2829 2469 2900 jn
2503 2837 2682 2900 castra
2718 2827 3066 2887 redeundum.
3106 2837 3156 2882 et
3189 2828 3497 2897 Byzantium
3524 2822 3733 2900 postridie

614 2893 997 2954 revertendum.
1020 2898 1243 2966 Placet;
1270 2902 1324 2954 in
1350 2893 1526 2953 castra
1551 2901 1783 2963 reditur;
1807 2893 2099 2967 triumphus
2126 2900 2357 2950 canitur.
2384 2897 2518 2952 Pars
2549 2899 2833 2952 Persarum
2857 2900 3153 2967 insequitur
3181 2893 3456 2961 abeuntes;
3482 2893 3735 2967 can/ligitur

612 2968 670 3021 in
716 2970 823 3031 via,
853 2985 974 3022 cum
1020 2960 1236 3039 quidam
1273 2971 1481 3039 ordines
1512 2985 1632 3023 suos
1669 2960 2058 3031 deseruissent;
2091 2982 2220 3034 quos
2266 2977 2314 3039 et
2359 2972 2696 3039 domesticus,
2747 2979 2794 3021 et
2841 2960 3137 3036 imperator
3186 2960 3453 3023 reductum
3499 2960 3633 3025 eunt;
3663 2960 3735 3015 sed

610 3050 828 3109 uterque
854 3037 1060 3093 summo
1082 3057 1201 3093 cum
1227 3038 1478 3108 periculo.
1512 3039 1888 3107 SebastOpulus
1925 3052 2043 3091 cum
2077 3038 2319 3091 trecentis
2362 3039 2599 3109 fugatur.
2648 3037 2965 3108 Byzantium
3007 3041 3227 3095 nuntius
3257 3040 3328 3092 ad
3348 3042 3734 3109 protostratorem

612 3109 876 3173 mittitur;
905 3120 1081 3162 castra
1108 3110 1492 3166 custodiuntur.

608 3224 1055 3293 Desperationem
1076 3221 1439 3278 Barbarorum
1455 3202 1766 3294 intelligens
1786 3223 2099 3292 imperator,

2281 3221 2546 3283 Βασιλεὺς
2577 3221 2654 3288 δέ,
2701 3223 2846 3295 ὀρῶν
2892 3225 3019 3289 τοὺς
3074 3225 3410 3297 βαρϐάρους,
3454 3228 3620 3282 οὐκέτι
3643 3228 3738 3280 δια-

539 3316 608 3371 ad
645 3329 900 3384 proceres
928 3313 1061 3383 quid
1087 3313 1398 3369 faciendum
1423 3326 1567 3369 esset
1601 3314 1809 3377 retulit.
1846 3313 2104 3382 Progres-

540 3421 636 3460 sus
663 3407 717 3459 in
767 3405 1006 3460 medium
1050 3421 1279 3476 magnus
1320 3406 1659 3461 domesticus
1686 3405 1758 3460 ita
1793 3405 2058 3459 disseruit
2091 3421 2106 3459 :

540 3497 652 3552 Res
700 3495 879 3556 nobis.
915 3496 1062 3551 sicut
1104 3498 1173 3552 ab
1212 3496 1368 3551 initio
1419 3497 1558 3551 inter
1608 3510 1709 3550 nos
1762 3496 2107 3565 optabamus,

541 3589 690 3645 exitu
721 3588 866 3643 felici
898 3588 1206 3643 terminatas
1242 3600 1388 3645 sunt.
1439 3589 1571 3644 Acie
1618 3591 1765 3641 enim
1814 3587 2107 3652 instructa,

540 3681 781 3752 priores,
819 3688 880 3735 ut
927 3681 994 3735 ad
1037 3682 1286 3751 praelium
1323 3681 1648 3751 prodiimus,
1693 3695 1762 3734 ne
1795 3687 1941 3734 metu
1983 3679 2111 3732 Bar-

539 3772 798 3828 barorum
849 3774 1109 3826 recedere
1163 3773 1524 3826 videremur:
1562 3772 1655 3839 qui
1709 3779 1897 3840 aperte
1934 3769 2107 3823 aciem

539 3873 736 3918 contra
768 3863 1005 3933 dirigere
1039 3877 1148 3916 non
1178 3872 1306 3917 sunt
1331 3862 1472 3927 ausi,
1505 3876 1615 3927 quo
1639 3876 1697 3914 se
1733 3859 1887 3914 nobis
1916 3858 2110 3912 cedere

541 3956 832 4011 manifeste
857 3956 1199 4020 docuerunt;
1230 3963 1555 4015 nun,tameu
1586 3953 1763 4021 quievi
1786 3959 1935 4012 runt,
1972 3949 2108 4018 quin

544 4059 684 4104 totas
716 4048 903 4117 copias
957 4061 1087 4100 suas
1122 4044 1528 4115 experirentur.
1583 4043 1650 4097 Et
1702 4043 1954 4112 quamvis
2007 4042 2110 4095 Or-

540 4140 742 4193 chanes
790 4138 908 4207 ipse
950 4137 1136 4206 ιιι-ωηο
1199 4152 1308 4189 non
1356 4134 1691 4193 interfuerit.
1756 4144 1816 4187 ut
1855 4134 2107 4186 timorem

539 4231 777 4300 aliquem
812 4230 1162 4290 haberemus,
1195 4227 1316 4295 plus
1354 4225 1532 4294 ipsum
1565 4236 1887 4293 praesentem
1928 4236 2104 4289 posse,

543 4335 723 4378 tamen
757 4323 928 4391 ipsius
953 4318 1299 4388 praesentiam
1337 4316 1512 4370 nihilo
1547 4315 1669 4384 plus
1700 4313 2018 4367 ell'ecturam
2049 4326 2107 4366 re

541 4417 657 4484 ipsa
712 4416 1088 4481 cognovimus.
1136 4408 1369 4477 Quando
1412 4408 1578 4478 igitur
1615 4405 1793 4476 palam
1829 4414 2105 4459 certamen

543 4507 892 4575 subterfugit,
920 4513 976 4557 et
1002 4505 1055 4557 in
1087 4501 1512 4571 particularibus
1537 4498 1735 4569 pugnis
1766 4512 1868 4551 nos
1888 4512 2107 4565 semper

539 4596 824 4649 victoriam
882 4597 1171 4649 retulimus
1235 4594 1373 4663 (pro
1425 4592 1685 4655 trecentis
1750 4590 1897 4644 enim
1978 4588 2109 4642 Bar-

540 4689 689 4757 baris
718 4702 859 4741 unus
894 4686 1157 4740 duntaxat
1177 4685 1245 4740 de
1280 4685 1537 4740 Romanis
1571 4684 1877 4753 occubuit),
1909 4696 2098 4750 quam,

542 4793 751 4846 quiusa,
789 4777 1318 4831 demonstrationem
1360 4776 1648 4845 quisquam
1684 4775 2103 4829 luculentiorem

540 4869 841 4934 desideret.
901 4878 957 4923 et
999 4868 1327 4938 corporibus
1377 4876 1433 4921 et
1482 4868 1678 4922 animis
1717 4867 1875 4921 nobis
1911 4881 2109 4921 succu-

539 4962 729 5017 buisse
777 4960 1086 5015 Barbaros?
1128 4960 1266 5015 illud
1292 4972 1510 5029 quoque
1543 4975 1641 5027 pro
1684 4958 1884 5012 indicio
1917 4958 2109 5013 certis-

552 5058 692 5111 simo
718 5054 905 5110 haberi
932 5062 1130 5123 potest,
1157 5067 1253 5106 eos
1294 5062 1394 5106 nos
1422 5050 1525 5106 sibi
1568 5060 1627 5105 ιιι
1651 5051 1985 5121 polentiorcs
2014 5065 2113 5103 an—

440 5184 447 5191 -
556 5155 840 5214 teponere,
886 5142 1030 5214 quod
1078 5157 1203 5198 cum
1255 5143 1492 5196 militum
1530 5152 1843 5196 nostrorum
1890 5141 2111 5195 servitia

559 5248 674 5294 toto
755 5238 844 5293 die
898 5252 1068 5309 prope
1146 5235 1332 5306 ipsos,
1396 5235 1554 5305 equis
1612 5235 1807 5303 pabula
1868 5234 2114 5302 legerent

516 5400 519 5403 Α
548 5333 881 5404 (quanquam
906 5332 1108 5402 alioqui
1146 5339 1202 5386 et
1249 5332 1398 5395 belli,
1432 5341 1488 5386 et
1520 5329 1657 5384 lucri
1706 5329 2112 5384 incredibiliter

541 5427 774 5496 cupidi),
796 5426 1086 5495 prohibere
1114 5441 1177 5479 ea
1199 5424 1438 5494 aggressi
1468 5440 1576 5477 non
1606 5430 1755 5477 sunt.
1778 5423 1843 5476 Et
1870 5422 1996 5490 quia
2026 5421 2105 5474 sol

541 5518 760 5571 occasui
819 5518 1101 5587 proximus
1147 5524 1276 5579 est,
1327 5511 1797 5587 consultissimum
1859 5521 1991 5581 puto
2052 5512 2106 5564 in

545 5618 721 5660 castra
783 5623 1057 5668 reversos.
1122 5607 1194 5661 ibi
1245 5617 1457 5661 noctem
1517 5580 1699 5674 agere,
1755 5605 2109 5672 crastinnque

545 5697 791 5751 diluculo
821 5699 998 5766 captis
1026 5698 1217 5763 armis,
1249 5706 1304 5751 et
1324 5699 1539 5767 agmine
1569 5697 1873 5765 composito
1906 5696 2110 5765 Byzui-

545 5790 681 5844 tium
713 5789 853 5843 viam
888 5789 1047 5842 inire.
1078 5790 1213 5844 Etsi
1247 5791 1466 5857 quidem
1505 5789 1728 5844 Barbari
1761 5788 2106 5856 impeditiora

2209 3315 2536 3383 νοουμένους
2559 3316 2639 3378 είς
2666 3318 2856 3386 χεῖρας
2883 3319 3071 3382 αὐτοῖς
3099 3319 3264 3387 ίέναι,
3296 3321 3599 3375 ἐϐουλεύετο
3621 3319 3737 3387 μετὰ

2206 3406 2317 3460 τῶν
2344 3409 2403 3460 ἐν
2444 3408 2586 3460 τέλει
2616 3409 2644 3461 δ
2700 3425 2754 3462 τι
2782 3411 2890 3463 δέοι
2930 3415 3108 3465 ποιεῖν
3137 3414 3358 3478 αὐτούς.
3406 3413 3670 3485 Παρελθὼν
3691 3413 3736 3465 δέ

2207 3498 2236 3551 ό
2287 3500 2465 3569 μέγας
2493 3486 2865 3568 ’δομέστικοςκ
2933 3502 3256 3558 ἐϐουλεύετο
3299 3505 3494 3559 τοιάδε·
3543 3503 3615 3558 Τά
3658 3502 3737 3571 μέν

2209 3589 2512 3661 πράγματα
2538 3584 2703 3662 ἦμῖν,
2734 3587 2767 3666 ᾗ
2795 3593 2951 3647 αὐτοί
2978 3612 3037 3647 τε
3088 3596 3531 3666 ἐϐουλευσάμεθα
3563 3596 3615 3661 ἐξ
3654 3596 3737 3663 ἁρ-

2208 3683 2311 3754 χῆς
2330 3684 2574 3754 καὶπρὸς
2593 3685 2769 3756 πέρας
2790 3686 3069 3756 ἐχώρησεν
3095 3689 3328 3757 ἀγαθόν.
3349 3687 3740 3761 Παρεταξάμεθά

2207 3789 2269 3827 τι
2284 3774 2391 3844 γάρ
2421 3774 2575 3827 αὐτοὶ
2605 3774 2856 3839 ἐλθόντες
2884 3777 2959 3840 ὡς
2985 3778 3123 3848 πρὸς
3155 3785 3344 3851 μάχην
3361 3780 3576 3853 πρῶτοι,
3605 3780 3668 3843 ὡς
3684 3778 3738 3831 ἄν

2211 3866 2285 3936 μὴ
2310 3866 2597 3938 δοκοίημεν
2627 3867 2704 3938 τῷ
2740 3868 2849 3921 δέει
2891 3870 2998 3922 τῶν
3034 3870 3332 3944 βαρϐάρων
3376 3874 3675 3944 ἀναχωρεῖν,
3698 3871 3741 3925 οῖ

2207 3973 2266 4010 τε
2298 3960 2571 4030 πολέμιοι,
2603 3961 2858 4030 φανερῶς
2892 3963 2992 4030 μὲν
3042 3964 3435 4032 ἀντιτάξασθαι
3481 3967 3575 4021 οὐκ
3613 3964 3738 4019 ἐτόλ-

2210 4066 2395 4119 μησαν
2437 4053 2610 4121 ἡμῖν·
2657 4054 3112 4123 μαρτυρήσαντες
3194 4060 3480 4128 ἐναργῶς,
3525 4060 3594 4123 ὡς
3659 4056 3741 4110 οὐκ

2207 4143 2533 4214 ἀξιομάχους
2568 4146 2792 4207 ἑαυτοὺς
2823 4146 3083 4215 ἐνόμισαν
3116 4150 3274 4219 ἡμῖν,
3311 4154 3490 4205 οὐκέτι
3536 4152 3589 4206 δέ
3629 4151 3741 4204 άπέο

2209 4245 2396 4299 σχοντο
2423 4231 2515 4283 τοῦ
2546 4230 2622 4301 μὴ
2650 4231 2744 4285 καὶ
2774 4235 2971 4303 πεῖραν
2998 4232 3185 4288 λαϐεῖν
3222 4240 3520 4309 συμπάσης
3558 4238 3647 4310 τῆς
3667 4239 3743 4290 δυ-

2209 4319 2425 4390 νάμεως
2454 4322 2652 4377 αὐτῶν.
2684 4322 2871 4394 Εξγὰρ
2894 4323 2972 4395 μὴ
2999 4326 3093 4378 καὶ
3125 4327 3404 4400 Ὀρχάνης
3421 4332 3574 4392 αὐτὸς
3595 4344 3742 4396 παρε-

2206 4412 2391 4480 γένετο
2411 4413 2547 4482 πρὸς
2564 4413 2664 4484 τὴν
2688 4416 2869 4485 μάχην
2887 4417 3037 4481 ὅπως
3057 4418 3180 4472 τινὰ
3200 4422 3334 4490 ἡμῖν
3357 4423 3439 4475 ἔτι
3462 4421 3743 4475 ὑπολίποιτο

2209 4504 2401 4558 ἐλπίδα
2429 4506 2522 4558 τοῦ
2552 4506 2882 4577 δυνήσεσθαί
2912 4526 2962 4562 τι
2995 4510 3158 4564 πλέον
3197 4513 3365 4577 αὐτὸς
3408 4513 3609 4583 παρὼν,
3648 4508 3744 4563 ἀλλ’

2213 4597 2346 4667 ἡμῖν
2377 4613 2439 4664 γε
2465 4597 2626 4667 δῆλον
2663 4598 2725 4663 ἐξ
2770 4600 2951 4654 αὐτῶν
2977 4603 3219 4675 κατέστη
3247 4605 3356 4657 τῶν
3408 4605 3741 4676 πραγμάτων,

2209 4688 2283 4752 ὡς
2302 4689 2465 4743 οὐδὲν
2496 4691 2563 4744 ἂν
2589 4691 2766 4745 ἔσοιτο
2797 4692 2957 4746 πλέον
2985 4695 3152 4749 αὐτοῦ
3185 4698 3481 4768 παρόντος.
3518 4698 3633 4750 Ὅτε
3658 4700 3744 4745 τοι·

2210 4799 2305 4834 νυν
2333 4783 2395 4834 τὸ
2425 4782 2528 4853 μὲν
2574 4784 2654 4846 είς
2696 4788 2885 4855 χεῖρας
2914 4787 3047 4856 ἡμῖν
3095 4788 3235 4842 ίέναι
3271 4789 3523 4859 φανερῶς
3567 4785 3745 4850 ἐξέκλι-

2209 4891 2301 4927 νεν
2325 4875 2507 4937 αὐτὸς,
2538 4876 2596 4927 ἐν
2616 4875 2670 4927 δὲ
2697 4879 2818 4937 ταῖς
2848 4878 2990 4930 κατά
3023 4879 3193 4950 μέρος
3224 4881 3562 4950 συμπλοκαῖς
3585 4878 3662 4928 ἀεὶ
3698 4873 3741 4945 τρ

2211 4964 2372 5016 πλέον
2401 4963 2631 5032 ἔσχὸμεν
2671 4965 2834 5033 ἡμεῖς
2876 4966 3041 5035 (ὑπὲρ
3099 4966 3488 5036 τετρακοσίους
3531 4965 3635 5031 γάρ
3662 4974 3737 5008 πε-

2212 5055 2414 5109 σόντων
2461 5055 2770 5126 βαρϐάρων,
2804 5057 3091 5125 Ῥωμαίων
3139 5055 3372 5126 τέθνηκε
3426 5054 3581 5125 μόνος
3622 5045 3742 5117 εἷς).

2212 5149 2373 5200 ποίαν
2398 5146 2462 5198 ἄν
2489 5165 2570 5211 τις
2607 5147 2885 5219 ἀπόδειξιν
2925 5147 3114 5219 ζητοίη
3150 5147 3379 5217 μείζονα
3422 5149 3513 5198 καὶ
3539 5155 3743 5212 nepes-

2211 5241 2474 5309 νεστέραν
2502 5238 2597 5291 τοῦ
2629 5241 2724 5291 καὶ
2752 5241 2870 5316 ταῖς
2898 5238 3146 5307 γνώμαις
3174 5238 3302 5300 τοὺς
3331 5234 3624 5308 βαρϐάρους
3666 5228 3744 5279 καὶ

2210 5334 2320 5394 τοῖς
2348 5331 2591 5399 σώμασιν
2620 5330 2776 5400 ημῶν
2806 5330 3080 5398 ἡσσῆσθαι
3108 5346 3123 5393 ;
3156 5331 3397 5383 Κάκεῖνο
3428 5326 3483 5383 δέ
3504 5340 3585 5384 τις
3613 5319 3742 5391 μέγι-

2214 5434 2336 5470 στον
2381 5418 2443 5469 ἂν
2489 5416 2790 5488 τεκμήριον
2838 5417 3014 5485 τιθείη
3056 5416 3150 5469 τοῦ
3190 5417 3402 5468 οἴεσθαι
3453 5414 3593 5484 ἡμᾶς
3636 5405 3741 5463 τοὺς

2213 5510 2518 5579 βαρϐάρους
2541 5509 2944 5578 δυνατωτέρους
2971 5509 3181 5561 ἑαυτῶν
3206 5526 3221 5541 ο
3256 5507 3353 5561 τοῦ
3386 5509 3490 5576 γὰρ
3519 5506 3734 5571 ὑπηρετιι

2213 5600 2310 5653 κοῦ
2341 5603 2436 5669 τῆς
2462 5602 2721 5668 στρατιᾶς
2750 5601 2836 5653 διά
2883 5601 3064 5671 πάσης
3096 5601 3195 5669 τῆς
3230 5601 3445 5670 ἡμέρας
3485 5598 3638 5664 syri;
3664 5587 3735 5642 σὺ·

2211 5696 2320 5746 τῶν
2365 5711 2430 5764 τρ
2464 5693 2567 5763 φὴν
2602 5696 2711 5755 τοῖς
2753 5692 2938 5756 ἵπποις
2987 5692 3374 5761 συλλεγόντων,
3409 5691 3526 5744 οὐδὲ
3560 5678 3739 5749 ἐπεχεί’

2217 5805 2390 5858 ρησαν
2422 5788 2469 5835 ‹.ί
2503 5784 2768 5855 βάρϐαροι
2818 5786 3060 5838 κωλῦσαι
3108 5783 3379 5854 (καίτοιγε
3420 5785 3482 5835 τά
3520 5778 3641 5832 ἄλλα
3668 5773 3738 5826 ὃν·
