4010 6190
308 379 404 440 453

1440 380 1974 442 HISTORIABUM
2021 381 2252 442 LIBER
2294 382 2372 444 ΙΙ.

3424 391 3531 455 454

306 505 380 548 τες
403 487 495 540 τοῦ
518 485 727 550 δέοντος
753 487 957 558 μᾶλλον
977 487 1332 558 φιλοπόλεμοι
1353 489 1448 542 καὶ
1469 487 1855 557 φιλοκερδεῖς).

1961 487 2050 541 illa
2081 489 2200 543 loca
2225 490 2560 554 deserentes,
2586 490 2642 545 in
2669 491 2894 562 planitie
2923 494 3216 567 conﬂigere
3243 500 3530 556 IIUbiSCt-Iu

291 578 522 647 ⁸Ἐπειδὴ
549 578 605 631 δὲ
635 580 758 631 ὅσον
786 580 940 633 οὔπω
961 580 1056 633 καὶ
1082 582 1110 632 ὀ
1137 581 1288 651 ἥλιός
1317 583 1434 633 ἐστι
1461 581 1599 650 πρὸς
1627 579 1859 648 δυσμάς,

307 669 515 738 ἄριστον
547 665 690 723 εἷναί
723 689 812 741 μοι
838 672 1008 738 δοκεῖ,
1050 675 1128 734 είς
1174 673 1233 725 τὸ
1277 673 1640 750 στρατόπεδον
1681 672 1863 724 ἐλθόν-

306 779 414 825 τας,
462 763 788 816 αὐλίσασθαι
829 765 930 833 τὴν
959 764 1152 830 νύκτα,
1198 766 1292 818 καὶ
1339 767 1396 828 ἐς
1422 764 1521 834 τὴν
1569 764 1861 833 ὑστεραίαν

305 852 411 920 ἅμα
446 853 591 922 πρωϊ
618 855 684 906 τά
713 855 856 908 ὅπλα
886 855 1130 927 ἔχοντας,
1160 857 1511 926 τεταγμένως
1535 856 1632 928 τὴν
1669 860 1725 920 ἐς
1759 858 1862 909 Βυ-

307 943 509 1006 ζάντιον
542 945 697 998 ἰέναι.
734 945 854 1000 Κᾶν
888 946 988 1015 μὲν
1021 947 1073 1000 οῑ
1109 947 1376 1019 βάρϐαροι
1419 949 1515 1018 τῆς
1555 949 1863 1017 δυσχωρίας

305 1035 633 1098 ἀποστάντες
663 1035 758 1088 ἐπὶ
779 1035 874 1089 τοῦ
900 1038 1084 1091 πεδίου
1113 1038 1410 1108 ἐθελήσωσι
1433 1040 1862 1108 διαγωνίσασθαι

307 1123 430 1192 πρὸς
475 1125 644 1194 ἡμᾶς,
698 1123 823 1195 Θεῷ
857 1126 1084 1196 μελήσει
1121 1127 1219 1196 τὴν
1269 1128 1428 1198 νίκην
1467 1130 1747 1198 ὁποτέροις
1795 1129 1862 1182 ἂν

304 1214 585 1282 παράσχοι.
623 1215 722 1266 Ἂν
752 1213 799 1267 δ’
831 1216 927 1268 ἐπὶ
949 1201 1234 1283 τοῦλόφου
1278 1217 1553 1285 μένοντες,
1583 1218 1864 1285 ἀπυὲσχων-

303 1320 382 1356 ται
410 1305 507 1372 τῆς
540 1298 810 1374 μάχης-(ᾦ
839 1306 932 1359 καί
985 1323 1074 1375 μοι
1106 1306 1304 1374 μᾶλλον
1338 1306 1516 1358 ἔπεισι
1547 1306 1861 1368 πείθεσθαι,

303 1395 370 1456 ὡς
399 1395 484 1448 διὰ
523 1395 707 1448 πεδίου
759 1396 1030 1467 μέλλομεν
1061 1398 1197 1451 ἰέναι
1226 1398 1641 1469 ἐνθυμουμένῳ)
1670 1441 1684 1464 ,
1721 1399 1861 1469 μετὰ

307 1485 570 1554 βελτίστου
602 1487 695 1540 τοῦ
741 1489 1024 1559 σχήματος
1066 1491 1099 1560 ἡ
1130 1490 1387 1553 ἐπάνοδος
1429 1493 1674 1565 κείσεται
1704 1493 1859 1562 ἡμῖν,

305 1578 684 1648 ἀμφοτέρωθεν
717 1578 902 1650 ἔχουσι
933 1579 1028 1651 τὴν
1054 1581 1237 1652 νίκην,
1272 1582 1335 1635 ἔκ
1360 1599 1419 1635 τε
1459 1577 1532 1635 ὧν
1568 1586 1632 1653 τῇ
1669 1600 1862 1652 προτε-

309 1671 427 1741 ραίᾳ
453 1671 856 1740 ἀγωνισάμενοι
888 1673 948 1724 τδ
993 1673 1153 1726 πλέον
1183 1675 1421 1746 ἔσχομεν
1448 1676 1648 1738 αὐτῶν,
1673 1675 1769 1728 καὶ
1801 1675 1859 1740 ἐξ

304 1753 371 1810 ὧν
400 1760 477 1820 εἱς
521 1757 620 1828 τὴν
647 1759 942 1829 ὑστεραίαν
991 1761 1144 1814 αὐτοὶ
1177 1761 1277 1832 μὲν
1325 1762 1471 1833 ἔργῳ
1515 1764 1858 1832 προὺκαλού·

308 1849 436 1918 μεθα
485 1850 565 1912 είς
595 1850 798 1920 μάχηντ
845 1852 1045 1906 ἐκεῖνοι
1084 1851 1129 1906 δ’
1174 1852 1274 1906 οὐκ
1315 1854 1614 1924 ἀξιόχρεως
1660 1856 1856 1920 αὐτοὺς

305 1940 643 2008 νομίζοντες.-
660 1941 882 2011 ἔμειναν
921 1943 1155 2006 ἑστῶτες
1189 1944 1421 1998 ἐπὶτῶν
1459 1947 1854 2017 ὀχυρωμάτων.

306 2029 525 2082 τοιαῦτα
554 2029 649 2082 τοῦ
683 2031 923 2100 μεγάλου
951 2031 1272 2100 δομεστίκου
1319 2031 1753 2104 βουλευσαμένου
1783 2079 1798 2103 ,
1830 2038 1857 2090 ὃ

304 2136 356 2172 τε
384 2119 633 2189 βασιλεὺς
656 2120 903 2176 ἐπείθετο
935 2123 1156 2189 αὐτίκα,
1190 2127 1284 2178 καὶ
1313 2128 1428 2189 τοῖς
1452 2126 1631 2190 ἄλλοις
1661 2128 1858 2199 ἄριστα

306 2211 489 2264 ἐδόκει.
521 2213 628 2265 Καὶ
649 2213 755 2265 τῶν
782 2215 1026 2283 σημείων
1050 2215 1327 2285 ἀρθέντων
1351 2216 1464 2287 ἅμα
1493 2220 1585 2272 καὶ
1614 2220 1712 2290 τῆς
1735 2220 1858 2272 σάλ-

307 2319 486 2369 πιγγος
513 2303 800 2368 ἀνάζευξιν
837 2306 1188 2377 σημηνάσης,
1223 2308 1360 2377 πρὸς
1400 2310 1460 2362 τὸ
1497 2312 1856 2379 στρατόπεδον

307 2392 558 2463 ὲχὼρουν,
614 2397 1012 2461 παιωνίσαντες
1063 2399 1139 2461 ὡς
1185 2400 1280 2452 ἐπὶ
1328 2400 1476 2470 νίκῃ.
1505 2401 1765 2471 Ὀρχάνης
1797 2402 1856 2454 δὲ

308 2488 452 2550 αἰετὸς
484 2488 585 2552 μὲν
618 2488 833 2560 ἔμεινεν
859 2491 952 2542 ἐπὶ
988 2490 1079 2544 τοῦ
1111 2491 1273 2561 λόφου
1307 2493 1368 2545 τὸ
1395 2494 1529 2546 πολὺ
1563 2495 1662 2562 τῆς
1697 2512 1859 2565 στρα-

309 2579 414 2640 τιᾶς
445 2578 603 2648 ἔχων,
659 2581 826 2649 μέρος
855 2581 912 2634 δέ
953 2600 1005 2634 τι
1052 2581 1299 2653 πέμψας,
1347 2585 1692 2655 παρέπεσθαι
1741 2587 1860 2639 ἐκέ-

309 2667 452 2720 λευσε
491 2668 783 2739 Ῥωμαίοις
816 2671 944 2742 ἄχρι
968 2675 1354 2743 στρατοπέδου.
1395 2676 1486 2729 Ἐκ
1515 2676 1569 2729 δὲ
1595 2677 1694 2747 τῆς
1725 2677 1857 2730 Ῥω-

313 2758 471 2827 μαίων
498 2763 760 2831 στρατιᾶς
780 2762 829 2814 οἱ
859 2763 1094 2831 μάλιστα
1118 2765 1380 2835 ἡϐῶντες,
1413 2767 1473 2819 οὐ
1504 2767 1612 2820 τῶν
1641 2770 1854 2836 εὐγενε-

313 2851 501 2920 στέρων
533 2853 718 2922 μόνον,
768 2854 902 2907 ἀλλὰ
935 2855 1029 2908 καὶ
1072 2855 1176 2927 τῆς
1205 2857 1373 2925 ἄλλης
1419 2862 1701 2928 στρατιᾶς,
1733 2862 1858 2925 τοὺς

311 2940 512 3010 Πέρσας
565 2943 748 3007 αὐτοῖς
799 2945 1032 3018 δρῶντες
1079 2947 1406 3020 ἑπομένους,
1456 2945 1545 3003 οἷα
1598 2953 1706 3004 νέοι
1763 2954 1858 3006 καὶ

311 3032 654 3089 δυσκάθεκτοι
685 3039 808 3101 ταῖς
839 3039 1058 3110 ὁρμαῖς,
1097 3040 1208 3094 τῶν
1240 3041 1448 3106 τάξεων
1481 3040 1722 3106 ἐξιόντες
1749 3047 1858 3098 τῶν

314 3127 593 3195 σφετέρων,
646 3128 1003 3184 ὑπελείποντο
1030 3131 1228 3200 ὀπίσω,
1261 3134 1354 3186 καὶ
1408 3137 1519 3198 τοίς
1560 3134 1858 3217 βαρϐάροις
1886 3161 1928 3217 c

314 3216 686 3272 συνεπλέκοντο
728 3217 789 3284 ἐξ
835 3221 1064 3288 ἐφόδων.
1133 3221 1192 3276 '0
1241 3223 1415 3293 μέγας
1446 3224 1502 3278 δὲ
1533 3210 1854 3296 δομέστικος

311 3311 395 3379 τήν
435 3327 491 3364 τε
523 3313 784 3383 ἀκαιρίαν
832 3311 1177 3378 ὑποπτεύων,
1224 3313 1326 3385 ήδη
1357 3314 1465 3384 γὰρ
1517 3314 1615 3385 ὀψὲ
1642 3310 1730 3386 ἦν,
1762 3315 1856 3368 καὶ

311 3402 481 3468 δεδιὼς
509 3405 638 3475 περὶ
669 3405 782 3468 τοῖς
812 3407 1174 3475 στρατιώταις
1211 3407 1285 3477 μὴ
1319 3424 1370 3460 τι
1402 3409 1516 3471 τοῖς
1557 3407 1856 3477 βαρϐάροις

312 3496 645 3568 κακουργηθῇ
696 3497 827 3569 περὶ
877 3498 1098 3564 αὐτοὺς,
1131 3496 1304 3561 ἄλλως
1351 3515 1409 3552 τε
1452 3500 1544 3552 καὶ
1587 3499 1654 3552 δι’
1685 3499 1856 3571 ὀργῆς

311 3586 490 3650 αὐτοὺς
533 3588 858 3658 ποιούμενος
891 3589 974 3642 ὅτι
1002 3591 1140 3660 μήτε
1174 3589 1440 3660 βασιλέως
1484 3591 1852 3660 προστεταχό-

309 3693 406 3743 cog,
435 3678 560 3749 μήτ’
599 3673 790 3745 αὑτοῦ,
832 3673 932 3747 τῆς
955 3679 1246 3750 Ῥωμαίων
1294 3681 1588 3748 συμπάσης
1620 3697 1856 3748 στρατη-

307 3768 511 3836 γοῦντος
543 3772 829 3840 στρατιᾶς,
871 3771 1143 3834 ἀτάκτως,
1188 3773 1283 3824 καὶ
1311 3771 1654 3842 συνθήματος
1685 3770 1856 3840 χωρὶς

305 3865 406 3925 τοῖς
430 3863 730 3933 βαρϐάροις
764 3863 1172 3933 συμπλέκονται
1198 3864 1508 3931 λειπόμενοι
1535 3862 1732 3926 ὀπίσω,
1756 3864 1856 3932 τὴν

307 3951 396 4019 μὲν
441 3951 683 4021 σημαίαν
723 3951 818 4004 καὶ
864 3951 925 4004 τὸ
955 3950 1143 4021 τάγμα
1189 3951 1250 4005 τὸ
1295 3951 1385 4004 ὑπ’
1413 3952 1578 4004 αὐτὸν
1621 3952 1702 4004 ἑνὶ
1745 3953 1855 4002 τῶν

305 4036 858 4108 ὑποστρατηγούντων
901 4036 1052 4106 αὐτῷ
1097 4039 1390 4108 παραδοὺς,
1425 4039 1505 4100 είς
1533 4038 1593 4091 τὸ
1634 4037 1856 4109 στρατό-

303 4129 451 4182 πεδον
471 4130 693 4182 ἐκέλευε
727 4131 948 4198 χωρεῖν·
977 4128 1139 4192 αὐτὸς
1167 4129 1224 4183 δὲ
1250 4130 1462 4198 ὀλίγους
1487 4129 1718 4197 λογάδας
1752 4119 1855 4181 πα-

301 4221 567 4287 ραλαϐὼν,
612 4221 812 4291 ἐχώρει
863 4222 1002 4291 πρὸς
1041 4223 1170 4285 τοὺς
1216 4221 1554 4293 μαχομένους
1583 4223 1695 4284 τοῖς
1727 4220 1856 4289 βαρ-

300 4309 500 4379 ϐάροις,
533 4311 651 4381 ἅμα
693 4310 791 4380 μὲν
818 4311 917 4380 τῆς
967 4311 1146 4381 μάχης
1200 4311 1546 4381 ἀποστήσων,
1578 4314 1672 4363 καὶ
1712 4309 1854 4374 ἄξων

301 4401 415 4469 μεθ’
453 4403 651 4455 ἑαυτοῦ
679 4401 818 4471 πρὸς
869 4402 970 4471 τὴν
1020 4403 1303 4472 στρατιὰν,
1336 4403 1452 4472 ἅμα
1488 4403 1542 4455 δὲ
1574 4402 1672 4454 κοιλ⁸
1697 4400 1854 4469 δίκην

1960 574 2258 637 voluerint,
2293 578 2405 632 Deo
2431 595 2574 632 cura:
2599 581 2722 642 erit,
2753 583 2893 636 utris
2916 584 3200 640 victoriam
3237 587 3529 658 largiatur.

1961 664 2055 719 Sin
2094 675 2360 722 restantes
2398 670 2450 722 in
2504 671 2749 735 tumulis,
2781 690 3013 742 pugnam
3039 677 3526 754 reformidaverint

1964 755 2128 825 (quod
2157 758 2325 826 magis
2350 760 2594 814 futurum
2622 763 2812 826 credo,
2840 765 2948 834 jam
2979 766 3254 822 incessum
3283 781 3532 826 nostrum

1945 863 2060 930 ‘per
2095 861 2348 916 campum
2381 852 2715 921 cogitatione
2762 857 3126 927 concipiens),
3172 861 3335 931 216
3362 843 3533 917 bene;

1961 938 2196 994 stissima
2225 941 2383 994 nobis
2415 943 2744 1011 relinquitur
2772 947 3038 1010 reversio,
3085 949 3345 1020 utrinque
3377 954 3531 1007 scili-

1962 1036 2047 1081 cet
2107 1030 2404 1085 victoribus
2454 1049 2467 1085 :
2525 1042 2639 1086 tum
2681 1035 2828 1103 quod
2862 1035 3121 1092 hesterna
3165 1040 3285 1096 luce
3331 1059 3530 1097 manus

1963 1134 2085 1173 cum
2141 1121 2273 1188 ipsis
2319 1135 2674 1179 conserentes
2723 1127 3043 1194 vicerimus,
3105 1140 3217 1186 tum
3255 1136 3402 1201 quod
3438 1151 3532 1203 po-

1963 1211 2154 1264 stridie
2179 1211 2245 1281 ad
2278 1221 2557 1266 certamen
2590 1230 2685 1268 eos
2714 1221 3221 1286 prtwocaverimus,
3269 1224 3345 1276 illi
3392 1241 3521 1278 vero

1961 1317 2020 1354 se
2049 1301 2286 1370 impares
2338 1303 2669 1372 judicantes,
2715 1307 2766 1359 in
2815 1309 2924 1364 illis
2968 1311 3214 1364 locorum
3271 1316 3527 1369 claustris

1965 1390 2177 1446 haerere
2205 1395 2563 1460 porrexerint.
2599 1393 2736 1450 Huic
2770 1399 3310 1468 consilioimperatnr
3345 1406 3526 1458 statim

1961 1479 2235 1542 assensit,
2287 1482 2580 1549 ca'tcrique
2637 1493 2697 1536 ut
2743 1485 3010 1552 optimum
3062 1490 3298 1558 amplexi
3361 1503 3524 1558 sunt;

1961 1568 2305 1637 Sublatisque
2338 1569 2532 1639 signis,
2569 1587 2690 1625 cum
2739 1576 2880 1628 tuba:
2913 1577 3168 1646 clangore
3216 1581 3270 1635 in
3321 1593 3524 1646 castra,

1961 1657 2302 1726 triumphum
2372 1669 2635 1714 canentes
2693 1663 2996 1718 redierunt.
3063 1666 3344 1724 Orchancs
3401 1686 3526 1724 cum

1961 1764 2191 1816 corpore
2225 1751 2501 1804 exercitus
2540 1757 2597 1804 in
2653 1754 2888 1808 collibus
2939 1757 3263 1823 subsistens,
3315 1773 3524 1829 partem

1961 1840 2200 1909 aliquam
2267 1839 2496 1906 dimisit,
2551 1859 2674 1912 quae
2719 1845 2997 1902 Romanos
3038 1864 3209 1918 usque
3240 1851 3304 1904 ad
3346 1863 3530 1908 castra

1962 1931 2349 1988 insectaretur.
2395 1933 2472 1988 Ex
2513 1934 2775 1990 Romanis
2820 1947 3002 1991 autem
3053 1942 3145 2009 qui
3179 1952 3337 1998 aetate
3373 1945 3528 2014 vige-

1957 2023 2085 2076 bant
2121 2024 2374 2089 maxime,
2408 2041 2513 2078 non
2550 2024 2617 2080 de
2647 2027 3021 2083 nobilioribus
3056 2032 3236 2097 modo,
3272 2049 3365 2088 seu
3403 2052 3526 2105 gre-

1959 2116 2127 2183 gariis
2175 2117 2363 2178 etiam,
2395 2117 2590 2172 Persas
2619 2121 2775 2189 sequi
2815 2124 3242 2191 conspicientes.
3275 2138 3335 2180 ut
3362 2129 3521 2198 juve-

1961 2219 2056 2257 nes
2086 2214 2140 2258 et
2175 2204 2504 2274 impotentes
2534 2209 2725 2274 animi,
2762 2211 3052 2268 ordinibus
3082 2215 3335 2278 desertis,
3371 2228 3521 2272 retro

1959 2309 2024 2348 ex
2081 2294 2277 2349 itinere
2324 2313 2450 2349 eum
2502 2298 2570 2353 iis
2603 2303 3025 2356 concurrebant.
3071 2304 3139 2357 At
3167 2321 3390 2374 magnus
3419 2308 3522 2360 (l0-

1960 2379 2241 2451 mesti‘cus,
2273 2388 2343 2442 ob
2400 2397 2612 2459 tempus
2644 2392 3072 2466 incommodum
3121 2395 3326 2466 (serum
3376 2400 3522 2453 enim

1963 2476 2073 2529 diei
2125 2481 2266 2546 erat)
2305 2465 2745 2544 formidansfne
2795 2483 2925 2551 quid
2976 2485 3178 2540 milites
3209 2503 3238 2539 a
3270 2487 3524 2542 Barbaris

1959 2567 2271 2636 aeciperent
2323 2571 2480 2635 mali,
2516 2571 2687 2626 iratus
2713 2575 2956 2642 insuper.
2991 2577 3133 2644 quod
3158 2592 3331 2646 neque
3356 2579 3528 2647 impe-

1961 2661 2185 2725 ratoris,
2212 2676 2387 2730 neque
2420 2678 2539 2726 sua,
2575 2664 2666 2732 qui
2693 2673 2864 2717 totum
2896 2665 3198 2722 Romanum
3224 2671 3522 2725 exercitum

1959 2751 2206 2818 duceret,
2254 2754 2603 2821 auctoritate,
2637 2757 2864 2812 confuse
2911 2768 2963 2812 ct
2998 2761 3360 2832 incomposite
3397 2781 3521 2819 cum

1961 2845 2217 2900 Barbaris
2274 2855 2422 2900 retro
2467 2848 2841 2903 subsistentes.
2877 2850 3238 2918 dimicarent,
3268 2856 3527 2910 vexillum

1959 2946 2013 2991 et
2065 2953 2256 3008 agmen
2313 2955 2471 2993 suum
2527 2941 2619 2994 uni
2662 2941 2763 2995 sub
2813 2957 2871 2996 se
2924 2943 3125 2998 ducum
3179 2946 3419 3010 tradens,
3467 2948 3526 3002 iu

1961 3037 2136 3082 castra
2172 3039 2229 3083 ut
2258 3039 2508 3100 pergeret
2537 3030 2853 3096 mandavit;
2904 3033 3022 3102 ipse
3048 3051 3172 3090 eum
3197 3040 3388 3105 paucis
3421 3038 3521 3093 dc-

1960 3118 2116 3173 lectis
2143 3119 2209 3172 ad
2243 3135 2339 3174 eos
2369 3122 2461 3189 qui
2494 3134 2618 3174 cum
2665 3120 2924 3176 Barbaris
2971 3126 3285 3193 pugnabant
3319 3143 3524 3196 prope-

1963 3211 2121 3278 ravit,
2177 3222 2228 3266 et
2263 3221 2322 3266 ut
2367 3221 2546 3282 empto
2593 3223 2879 3268 revocatos
2913 3229 3098 3270 secum
3135 3215 3200 3270 ad
3246 3218 3519 3288 reliquum

1961 3303 2261 3357 exercitum
2308 3304 2619 3369 reduceret,
2661 3313 2719 3360 et
2762 3315 2822 3359 ut
2868 3322 3082 3375 poenam
3133 3309 3387 3364 ordinum
3431 3313 3529 3366 de-

1963 3394 2268 3448 sertoribus
2313 3395 2554 3449 debitam
2617 3396 2944 3464 imponeret.
3004 3399 3204 3453 Eadem
3267 3403 3523 3471 cogitatio

1962 3483 2311 3552 imperatoris
2350 3484 2474 3550 fuit,
2511 3485 2630 3554 qui,
2669 3502 2798 3540 suas
2821 3488 3076 3543 cohortes
3102 3499 3158 3542 et
3183 3491 3395 3561 signum
3425 3495 3526 3549 im-

1962 3573 2166 3642 periale
2221 3573 2454 3628 Manueli
2513 3575 2699 3641 Asani,
2734 3578 3032 3633 Andronici
3089 3582 3240 3647 tilio,
3289 3595 3530 3653 cognato

1961 3679 2061 3719 suo
2084 3663 2192 3734 (65)
2225 3665 2596 3730 committens,
2626 3674 2680 3718 et
2709 3667 2764 3720 in
2798 3678 2974 3723 castra
3008 3671 3280 3726 abducere
3296 3673 3522 3743 jubens,

1963 3755 2078 3825 ipse
2105 3756 2355 3810 similiter
2383 3771 2505 3809 cum
2540 3757 2762 3812 selectis
2798 3760 3011 3828 aliquot
3041 3770 3188 3816 retro
3217 3767 3514 3820 concessit.

1965 3849 2038 3900 Ita
2070 3849 2318 3914 contigit,
2349 3858 2408 3902 ut
2434 3849 2574 3904 alter
2610 3850 2665 3903 in
2703 3850 2934 3906 alterum
2969 3852 3256 3917 incideret,
3289 3865 3346 3910 et
3368 3871 3522 3912 eam-

1961 3939 2083 3993 dem
2113 3941 2215 3994 sibi
2249 3950 2394 3995 retro
2417 3940 2684 3996 redeundi
2715 3957 2934 3998 causam
2957 3942 3126 4000 fuisse
3153 3947 3524 4015 intelligerent

1960 4033 2275 4104 factumque
2325 4035 2640 4103 probarent,
2694 4036 2762 4092 ad
2814 4048 3122 4107 pugnantes
3175 4040 3522 4108 accederent,

1959 4137 2163 4191 eosque
2208 4124 2614 4190 abstrahentes,
2665 4126 2768 4195 ipsi
2815 4129 3070 4196 quamvis
3112 4130 3362 4186 nolentes
3395 4147 3521 4186 cum

1961 4215 2217 4270 Barbaris
2250 4217 2652 4286 proeliarentur.
2696 4217 2831 4272 Nam
2868 4219 3111 4286 Barbari,
3149 4237 3274 4276 cum
3310 4225 3523 4278 exerci-

1962 4316 2075 4362 tum
2104 4309 2408 4362 Romanum
2433 4309 2544 4379 jam
2574 4326 2679 4364 non
2721 4310 2937 4365 modico
2975 4313 3043 4366 ab
3069 4314 3202 4382 ipsis
3237 4315 3523 4370 intervallo

1961 4399 2255 4453 distantem
2285 4409 2596 4466 cernerent,
2627 4410 2681 4456 et
2713 4403 2938 4457 relictos
2973 4418 3093 4458 esse
3129 4419 3359 4473 paucos,
3391 4421 3520 4463 cen-

295 4494 562 4565 ὲπιθὴσων
588 4495 686 4564 τὴν
711 4496 1098 4566 προσήκουσαν
1119 4497 1232 4558 τοῖς
1259 4495 1533 4558 ἀτάκτοις.
1563 4495 1689 4556 Τοῖς
1720 4492 1856 4556 ῐσοις

1961 4501 2253 4562 serentque
2282 4503 2556 4547 maturum
2603 4508 2724 4546 esse
2753 4508 2848 4548 eos
2890 4494 3146 4548 invadere
3175 4507 3231 4549 et
3264 4507 3520 4563 mactare,

291 4585 346 4636 δὲ
405 4587 685 4656 λογισμοῖς
736 4587 1088 4658 χρησάμενος
1141 4585 1238 4640 καὶ
1283 4585 1559 4656 βασιλεὺς,
1607 4584 1668 4636 τὸ
1719 4583 1850 4637 ἴδιον

290 4678 471 4747 τάγμα
515 4679 614 4732 καὶ
657 4680 819 4742 αὐτὸς
849 4679 945 4731 καὶ
986 4678 1085 4747 τὴν
1136 4677 1376 4748 σημαίαν
1419 4676 1517 4746 τὴν
1563 4673 1849 4744 βασιλικὴν

307 4770 505 4840 Ἀσάνῃ
543 4769 802 4841 Μανουὴλ
831 4769 910 4838 τῷ
944 4769 1279 4839 Ἀνδρονίκου
1309 4768 1408 4838 υίῷ
1432 4768 1706 4838 ὲξαδέλφῳ
1737 4767 1851 4819 δντι

291 4861 455 4913 αὐτοῦ
496 4860 796 4930 παραδοὺς,
842 4860 938 4913 καὶ
971 4863 1169 4931 χωρεῖν
1211 4860 1345 4930 πρὸς
1372 4860 1435 4912 τὸ
1487 4859 1852 4929 στρατόπεδον

289 4953 572 5016 κεὶεόσας,
605 4953 831 5017 λογάδας
860 4953 955 5006 καὶ
976 4953 1140 5012 αὐτὸς
1168 4952 1498 5024 παραλαϐών
1524 4966 1699 5016 τινας,
1731 4948 1854 5002 ἐϐά-

241 5065 248 5074 -
288 5046 432 5108 ὀιςεν
461 5045 660 5097 ὀπίσω.
696 5044 851 5097 Οὕτω
878 5045 936 5099 δὲ
985 5045 1222 5114 συμϐάν,
1273 5045 1557 5112 γενόμενοι
1599 5041 1853 5112 ἀλλήλοις

288 5139 348 5187 ἐν
376 5141 576 5213 ταύτῷ,
602 5136 697 5192 καὶ
721 5136 820 5206 τὴν
842 5137 1024 5190 αιτίαν
1052 5137 1148 5207 τῆς
1181 5136 1526 5205 ὑποστροφῆς
1554 5133 1853 5202 πυθόμενοι

285 5225 427 5285 εἶναι
455 5234 554 5305 τὴν
583 5230 777 5302 αὐτὴν,
805 5229 925 5282 ἐπεὶ
968 5227 1188 5281 ἐδόκουν
1219 5227 1450 5295 καιρίως
1491 5222 1848 5293 πεποιῆσθαι,

1960 4586 2102 4653 quod
2129 4597 2185 4638 et
2214 4583 2315 4652 ipsi
2347 4583 2533 4638 selecti
2563 4593 2764 4648 essent,
2791 4594 2846 4638 et
2874 4585 3082 4652 aliquot
3117 4588 3283 4641 tantis
3310 4589 3521 4656 plures,

1959 4679 2018 4733 in
2042 4695 2314 4733 summum
2366 4679 2488 4734 illos
2536 4677 2833 4732 discrimen
2884 4677 3250 4735 adduxerunt.
3302 4681 3524 4750 Magnus

1960 4771 2160 4840 quippe
2190 4771 2544 4830 domesticus.
2579 4784 2720 4838 equo
2743 4770 2798 4823 in
2837 4779 2916 4824 tot
2951 4771 3210 4826 cursibus
3245 4781 3300 4826 et
3333 4789 3523 4828 recur-

1959 4865 2112 4919 sibus
2140 4863 2532 4938 prcecipitante,
2567 4862 2739 4917 ferme
2765 4862 3037 4933 periisset,
3070 4863 3168 4916 nisi
3196 4865 3265 4918 ab
3295 4865 3525 4933 impera-

1958 4963 2095 5017 tore,
2143 4954 2373 5024 aliisque
2402 4953 2668 5024 proximis
2719 4955 2771 5007 in
2805 4953 2971 5006 alium
3014 4969 3215 5022 equum
3253 4955 3517 5007 continuo

1955 5047 2208 5101 sublatus
2234 5045 2440 5100 fuisset.
2467 5046 2626 5115 217
2659 5046 2728 5100 Et
2778 5045 3131 5115 imperatoris
3181 5043 3400 5113 quidem
3429 5045 3526 5113 ju-

1956 5145 2196 5188 mentnm
2254 5137 2382 5189 licet
2440 5135 2633 5189 lethali
2696 5133 3012 5188 confossum
3078 5133 3334 5192 vulnere,
3408 5147 3517 5185 non

1955 5234 2138 5280 tamen
2168 5226 2391 5292 cecidit,
2422 5223 2604 5297 quoad
2655 5239 2686 5279 a
2718 5223 2978 5278 Barbaris
3006 5238 3063 5278 se
3089 5223 3350 5292 eriperet.
3399 5220 3521 5276 Ac-

1548 5363 1764 5426 Jacobi
1797 5364 2060 5426 Pontani
2101 5375 2291 5427 notua.

358 5495 468 5563 (63)
503 5494 768 5561 Quamvis
793 5493 976 5548 Grece
1019 5493 1090 5546 sit
1121 5488 1423 5556 ὲξαδέλφῳ,
1454 5486 1598 5563 quod
1634 5495 1850 5563 patrue-

423 5555 885 5646 interpretantur,
901 5572 1098 5646 [tamen
1148 5555 1509 5646 certum-est,
1541 5555 1846 5646 blandelem

285 5625 590 5706 Andronici
633 5625 1067 5706 Asanisqfilium
1088 5671 1102 5696 ,
1134 5627 1503 5706 imperatoris
1553 5625 1718 5695 hujus
1749 5641 1845 5706 pa-

285 5704 530 5775 truelem
571 5703 800 5775 minime
831 5702 1036 5775 fuisse;
1093 5700 1193 5775 nisi
1231 5697 1355 5775 ipse
1402 5697 1610 5775 Asanes
1661 5697 1845 5775 senior

288 5772 569 5826 Michaelis
617 5772 792 5841 patris
839 5770 1192 5840 imperatoris
1228 5765 1422 5822 frater‘
1448 5765 1633 5819 fuerit.
1676 5765 1840 5833 Atqui

1958 5502 2066 5540 non
2103 5487 2224 5540 fu't.
2263 5485 2649 5539 Verumtamen
2683 5499 2806 5536 cum
2837 5481 3185 5538 Andronicus
3210 5481 3416 5536 Asanes
3454 5499 3522 5537 ex

1955 5571 2147 5613 sorore
2192 5555 2426 5607 senioris
2481 5553 2778 5606 Andronici
2841 5552 3194 5620 imperatoris
3242 5562 3403 5606 natus
3449 5556 3528 5608 sit

1954 5626 2243 5696 (siquidem
2281 5625 2324 5696 is
2369 5624 2514 5696 θεῖος
2548 5623 2667 5692 ejus
2719 5621 3200 5696 dicitur),M_anuel
3255 5623 3341 5696 hic
3395 5638 3531 5676 eum

1953 5692 2164 5766 illinere
2193 5693 2526 5758 Andronico,
2550 5702 2610 5746 ut
2647 5701 2810 5762 patet,
2837 5692 3166 5762 cognatione
3195 5693 3534 5766 coniunctus

1952 5763 2078 5820 fuit.
3299 5763 3310 5766 ⁷
3558 5765 3576 5780 “
