4010 6190
232 391 313 454 £57
1350 385 1770 448 HISTORIAE

1869 387 1899 446 vi
1940 386 2195 447 LIBER’
2219 387 2290 445 ΙΙ.

3336 404 3440 468 L38

232 509 392 570 Asiae;
439 504 494 558 δὲ
531 505 626 576 μὴ,
656 505 791 574 ὅπερ
841 505 1084 572 ἐγένετο,
1119 503 1249 574 περὶ
1304 503 1401 556 τοῦ
1450 503 1772 575 τραύματος
1815 501 1981 556 αὐτοῦ
2019 503 2224 573 ἑτέρως
2261 503 2292 573 ἢ
2350 505 2429 567 ὼς
2492 502 2607 574 εχει
2649 506 2922 578 φημισθῇ,
2954 509 3138 580 ἐδήλου
3181 515 3274 569 καὶ
3311 521 3440 588 περὶ

230 598 389 664 απυδ,
438 596 512 659 ὡς
541 595 778 667 τρωθείη
817 597 918 666 μὲν
958 596 1053 648 τὸν
1084 595 1280 666 μηρὸν,
1320 595 1583 665 οὐδεμίαν
1631 594 1688 648 δὲ
1717 595 1778 648 τὸ
1815 595 2039 665 τραῦμα
2091 595 2238 666 ἔχειν
2269 595 2526 666 ὑποψίαν,
2567 599 2687 652 ούδέ
2753 600 2839 654 διὰ
2867 601 3024 657 τοῦτο
3056 605 3155 674 τὴν
3180 608 3440 666 ἐπάνοδον

230 691 494 753 ποιεῖσθαι,
528 688 821 742 ἀ).λόὖτω
844 689 1004 753 δόξαν
1059 689 1363 743 λυσιτελεῖν
1419 689 1516 742 καὶ
1576 689 1711 760 πρὶν
1765 691 2068 762 τρωθῆναι.
2114 693 2172 746 '0
2221 693 2394 763 μέγας
2445 695 2501 748 δέ
2554 696 3048 766 δοριέστικοςάπεὶ
3079 702 3148 756 τὰ
3173 709 3301 776 περὶ¹
3339 709 3440 777 τὴν

233 780 623 850 ττρατοπεδείαν
684 782 1061 850 κατεστήσατο
1118 780 1323 845 καλῶς,
1374 782 1535 845 ὅσους
1588 781 1766 848 ἔδοξεν
1805 782 1958 853 αύτῷ
1992 784 2090 855 τῆς
2153 787 2414 854 στρατιᾶς
2481 789 2840 858 παραλαϐὼν,
2878 793 3020 846 κατά
3053 793 3150 864 τὴν
3188 797 3441 868 εἰσϐολὴν

226 877 302 928 τοῦ
348 875 730 945 στρατοπέδω,
778 877 903 929 ἐπεὶ
955 876 1222 946 ἐπεφύκει
1269 876 1454 940 καλῶς
1514 876 1768 947 καθάπερ
1811 877 2003 948 ἰσθμὸς
2075 876 2209 931 οὖσα
2277 880 2463 952 στενὴ,
2498 881 2591 933 τοῦ
2651 881 2862 938 ἔνδοθεν
2900 886 3132 940 ἐπιπολὺ
3173 891 3442 944 πλατυνο-

232 968 389 1036 μένου,
433 966 698 1035 ηὐλίσατο
752 970 852 1039 τήν
907 969 1102 1037 νύκτα,
1143 970 1395 1041 φυλακῆς
1447 970 1637 1024 ἕνεκεν
1708 969 1810 1040 τῆς
1847 971 2131 1042 στρατιᾶς.

1521 1113 1688 1182 213
1719 1111 1950 1170 CAPUT
1991 1113 2127 1169 vnn.

230 1233 411 1286 Laudat
447 1245 544 1300 pro
576 1231 823 1283 concione
869 1229 1136 1284 Romanos
1190 1228 1462 1285 Orchanes
1504 1231 1587 1285 uel
1616 1232 1809 1297 hostis;
1839 1232 1894 1287 in
1941 1230 2111 1288 locum
2152 1237 2398 1290 tutiorem
2441 1237 2817 1292 abscedendum
2867 1240 3072 1298 suadet.
3128 1241 3442 1296 Dissuadcnt

281 1299 513 1378 senes,“
543 1301 889 1378 quaratione
926 1302 982 1352 in
1017 1300 1196 1378 eodem
1227 1299 1338 1354 loco
1371 1303 1694 1378 manendum
1748 1304 1839 1378 sit,
1863 1303 2106 1378 edocent.
2151 1304 2357 1378 θηρίῳ
2391 1309 2456 1359 de
2508 1309 2827 1376 imperatore
2864 1325 2957 1378 per
2985 1320 3160 1364 castra
3189 1329 3367 1364 rumor
3392 1322 3439 1365 et

283 1372 496 1443 militum
537 1370 861 1443 trepidatio;
912 1385 1137 1443 quorum
1170 1370 1352 1439 fugam
1404 1373 1712 1443 domesticus
1760 1371 1997 1425 inhibere
2045 1370 2247 1443 nequit;
2306 1370 2684 1443 Imperatorem
2736 1370 2901 1430 lembo
2942 1388 3142 1433 vectum
3184 1380 3445 1435 Constan—

282 1439 525 1518 ιέηρροίίη
570 1438 774 1507 {rustra
816 1437 1026 1506 quierit.
1075 1437 1347 1494 Exercitus
1393 1442 1594 1511 fugiens
1640 1442 1697 1494 in
1723 1450 1954 1510 quatuor
1988 1437 2182 1514 oppida
2233 1461 2288 1498 se
2329 1437 2591 1516 dispertit.
2630 1447 2784 1515 Apud
2819 1445 3163 1502 Philocrenen
3228 1459 3441 1518 accepta

280 1510 565 1564 calamitas.

296 1652 553 1721 Ὀρχάνης
584 1649 665 1715 δὲ,
701 1649 826 1704 ἐπεὶ
859 1652 1161 1707 ἐπελάϐετο
1188 1655 1222 1724 ἡ
1247 1653 1366 1720 νὺξ,
1401 1659 1526 1716 τοὺς
1559 1652 1650 1706 ὑπ’
1677 1652 1770 1706 αὖ·

1945 1648 2249 1717 Orchanes,
2301 1662 2592 1725 postquam
2625 1658 3066 1725 contenebravit,
3101 1665 3308 1718 coactis
3352 1680 3444 1719 sa-

226 1743 304 1796 τὴν
345 1743 624 1811 σατράπας
651 1742 865 1803 πάντας
895 1743 1247 1811 συναγαγὼν,
1282 1745 1395 1815 Τὴν
1438 1744 1538 1814 μὲν
1577 1744 1785 1831 ἐμπιιιοκ

231 1834 352 1902 ρίαν,
383 1827 519 1894 εἶπε,
546 1832 643 1884 καὶ
675 1833 774 1902 τὴν
803 1832 1006 1901 τόλμαν
1035 1833 1146 1885 τῶν
1183 1834 1477 1903 Ῥωμαίων
1501 1835 1600 1904 τήν
1628 1833 1770 1888 κατά

232 1924 313 1986 τὰς
344 1923 539 1992 μάχας,
591 1922 786 1977 οὐδένα
817 1922 1062 1993 σήμερον
1096 1923 1255 1992 ὑμῶν
1298 1923 1484 1994 οῐομαι
1508 1925 1773 1994 ἠγνοηκέ-

231 2032 325 2070 ναι.
343 2015 487 2068 Δοκῶ
513 2015 569 2068 δέ
595 2031 688 2084 μοι
718 2015 814 2068 καὶ
836 2015 1037 2078 αὐτοὺς
1069 2015 1136 2069 ἂν
1159 2015 1284 2084 ἐμοὶ
1311 2015 1768 2086 συνομολογῆσαι,

229 2105 290 2166 ὡς
316 2105 418 2156 οὒτ’
441 2105 527 2174 ἐφ’
549 2105 728 2175 ἡμῶν,
759 2104 870 2159 οὒτ’
896 2105 988 2158 ἐπὶ
1019 2105 1130 2159 τῶν
1167 2107 1453 2178 ἡμετέρων
1488 2106 1770 2176 προγόνων

229 2197 382 2264 ἕτεροί
413 2214 561 2261 τινες
596 2196 887 2267 Ῥωμαίων
911 2196 1086 2261 οὕτως
1112 2198 1356 2262 εὐκλεῶς
1397 2198 1540 2267 ἀγαν
1571 2198 1772 2268 ἠγωνί-

235 2307 372 2343 σαντο
402 2290 495 2344 καὶ
532 2290 675 2359 μετά
712 2289 898 2360 πάσης
929 2287 1250 2362 ἐμπειρίας.
1298 2289 1399 2344 Διά
1429 2289 1616 2361 πάσης
1658 2289 1770 2360 γάρ

237 2381 420 2450 ἡμέρας
461 2381 643 2450 ἡμῶν,
687 2381 720 2451 ἢ
755 2382 964 2454 ἀπάτῃ,
1011 2381 1044 2452 ἢ
1088 2380 1374 2452 ἐκπλήξει,
1407 2381 1441 2451 ἢ
1493 2383 1638 2452 ὁρμῇ
1674 2380 1772 2434 καὶ

236 2470 501 2539 Θρασύτητι
524 2472 845 2543 παραϐόλῳ.
867 2473 912 2543 ἢ-
928 2472 1011 2527 ἐνὶ
1030 2473 1095 2540 γέ
1125 2489 1203 2543 τῳ
1225 2473 1410 2543 τρόπῳ
1432 2472 1514 2536 είς
1543 2470 1770 2536 ἀταξίαν

238 2561 400 2623 αὐτοὺς
425 2563 786 2632 πειρωμένων
831 2563 1116 2632 ἐμϐαλεῖν,
1151 2564 1202 2615 oi.
1251 2561 1298 2615 δ’
1351 2561 1502 2616 οὐδὲν
1567 2560 1770 2632 μᾶλλον

241 2651 540 2721 ἐκινήθησαν
597 2651 695 2704 τοῦ
750 2654 1129 2723 προσήκοντος
1175 2654 1524 2724 φρονήματος
1558 2652 1769 2720 αὐτοῖς,
1807 2669 1815 2674 ’

243 2735 610 2813 ἀλλ’ἐμπειρῖᾳ
655 2743 754 2812 μὲν
797 2744 1072 2812 ἐφύλαξαν
1109 2744 1208 2815 τὴν
1252 2743 1435 2811 τάξιν,
1466 2745 1664 2816 ἀνδρίᾳ
1710 2744 1768 2798 δὲ

248 2832 317 2884 καὶ
341 2835 565 2906 εὐψυχίᾳ
594 2835 881 2906 κρείττους
925 2837 1015 2890 ἀεὶ
1057 2837 1378 2905 φαινόμενοι
1409 2837 1593 2908 ήμῶν,
1623 2836 1766 2890 ἀπέ-

247 2940 423 2980 κτειναν
477 2928 580 2996 μὲν
626 2927 855 2990 πολλοὺς
883 2929 1049 2998 ήμῶν
1073 2943 1087 2958 ⁸
1121 2929 1348 2983 ἐκείνων
1388 2929 1446 2982 δὲ
1493 2927 1764 2983 ἀπέθανον

1873 1743 2047 1812 trapis
2073 1743 2208 1810 suis,
2240 1745 2366 1800 talia
2398 1747 2566 1802 verba
2596 1748 2861 1805 disseruit
2891 1768 2906 1807 :
2950 1752 3124 1818 Quam
3172 1756 3282 1808 sint
3313 1754 3440 1809 belli

1871 1832 2132 1898 scientes,
2159 1849 2434 1905 manuque
2473 1838 2710 1908 prompti
2753 1840 3010 1905 Romani,
3046 1844 3322 1897 neminem
3348 1857 3443 1897 ve-

1868 1931 2047 1978 strum
2077 1924 2242 1981 hodie
2269 1929 2488 1983 nescire
2516 1929 2736 1999 opinor,
2779 1931 3019 2002 novique
3058 1948 3158 2002 pro
3183 1942 3356 1999 certo,
3384 1946 3442 1989 et

1870 2030 1970 2072 vos
1999 2016 2136 2072 mihi
2166 2033 2510 2087 assensuros,
2537 2036 2718 2091 neque
2757 2024 2965 2078 nostris
2987 2065 3004 2092 ,
3039 2041 3219 2096 neque
3267 2029 3442 2098 majo-

1871 2121 1994 2162 rum
2009 2117 2322 2164 nostrorum
2342 2111 3013 2184 saculis‘Roman‘osjalios
3032 2131 3158 2171 cum
3179 2126 3326 2172 tanta
3344 2135 3443 2172 no-

1870 2198 2034 2254 miis
2053 2199 2138 2254 sui
2156 2201 2349 2271 gloria,
2371 2209 2591 2272 tamque
2610 2205 2871 2273 singulari
2886 2208 3080 2276 peritia
3101 2209 3437 2265 decertasse.

1869 2285 2006 2342 Cum
2045 2289 2193 2344 enim
2219 2305 2316 2359 per
2335 2299 2510 2346 totum
2535 2292 2676 2346 diem
2702 2294 3054 2361 autl‘allacia,
3088 2309 3181 2352 aut
3203 2308 3436 2364 terrore,

1867 2386 1963 2432 aut
1999 2378 2208 2449 impetu
2248 2381 2440 2436 audaci
2486 2397 2551 2438 ac
2583 2384 2898 2452 repentino,
2944 2396 3039 2442 aut
3063 2387 3172 2443 alio
3199 2389 3437 2460 denique

1869 2468 2032 2524 modo
2045 2471 2268 2526 ordines
2287 2485 2476 2526 eorum
2497 2473 2810 2530 disturbare
2829 2491 3180 2543 conaremur,
3203 2479 3304 2547 ipsi
3335 2471 3454 2534 nec.

1872 2560 2149 2616 tantillum
2179 2577 2209 2616 a
2240 2563 2463 2633 propria
2515 2564 2622 2619 sibi
2662 2565 2956 2621 altitudine
3001 2568 3169 2622 animi
3201 2569 3440 2624 deﬂexe-

1870 2658 2020 2716 runt,
2051 2651 2145 2706 sed
2163 2667 2268 2722 qua
2287 2654 2470 2708 valent
2490 2653 2804 2724 disciplina,
2829 2655 3093 2711 stationes
3125 2671 3438 2714 servarunt.

1867 2740 2191 2798 fortitudine
2215 2750 2400 2797 autem
2431 2743 2712 2813 animique
2748 2746 3061 2813 prestantia
3089 2761 3308 2816 semper
3344 2765 3444 2803 no-

1867 2833 1956 2890 bis
1985 2835 2261 2900 meliores,
2290 2836 2606 2905 complures
2638 2837 2885 2892 nostrum
2903 2836 3046 2894 Orco
3076 2839 3438 2906 demiserunt,

1867 2941 1940 2982 ne
1990 2927 2185 2997 paucis
2217 2928 2442 2997 quidem
2483 2928 2549 2982 de
2582 2943 2775 2988 eorum
2808 2942 3041 2987 numero
3087 2932 3438 2989 desideratis.

246 3016 335 3069 οῦδὲ
355 3017 552 3086 ὀλίγοιο
583 3020 679 3072 καὶ
707 3018 769 3072 τὸ
798 3020 864 3088 δὴ
892 3019 1362 3092 θαυμαστότερον,
1389 3021 1472 3075 δτι
1497 3022 1594 3075 καὶ
1629 3021 1770 3091 μετά

1872 3017 2139 3088 Quodque
2183 3018 2494 3073 mirabilius
2539 3029 2643 3082 est,
2671 3020 2837 3074 etiam
2887 3021 2941 3075 in
2988 3034 3164 3078 castra
3201 3039 3263 3079 se
3296 3027 3442 3080 reci-

249 3106 318 3177 ιήν
350 3108 634 3174 ἀνάζευξιν
683 3111 778 3180 τῆς
835 3113 1099 3181 στρατιᾶς
1128 3111 1329 3181 ὀλίγων
1377 3113 1542 3166 τινῶν
1587 3112 1768 3168 ὀπίσω

249 3199 666 3270 ὑπολιπομένων,
718 3202 1161 3266 πολλαπλασίους
1214 3205 1281 3256 ὲκ
1336 3204 1446 3258 τῶν
1481 3204 1770 3276 ἡμετέρων

248 3291 518 3361 ἐπιθέμενοι
569 3294 777 3357 αὐτοῖς,
812 3293 872 3346 οὐ
910 3294 1071 3363 μόνον
1115 3295 1177 3346 ού
1228 3295 1610 3366 περιεγένοντο
1669 3289 1770 3350 αύ-

247 3384 343 3450 τῶν,
373 3384 506 3440 ἀλλά
552 3387 648 3439 καὶ
679 3385 788 3438 τῶν
840 3387 1060 3440 οἰκείων
1089 3387 1369 3440 ἀπέϐαλον
1398 3389 1526 3452 τοὺς
1572 3389 1769 3460 ἀνδρίᾳ.

247 3477 438 3542 μάλιστα
468 3477 800 3548 προέχοντας
857 3479 953 3530 καὶ
1002 3479 1213 3549 τόλμῃ⁹
1271 3480 1365 3532 καὶ
1399 3479 1519 3548 μετ’
1567 3480 1768 3543 αὐτοὺς

243 3565 371 3616 πάλιν
395 3567 476 3618 ὲτέ
485 3584 616 3636 ρων,
658 3567 904 3636 καίτοιγε
928 3567 1194 3639 ἀνοήτως,
1223 3568 1649 3636 προσϐαλόντων
1673 3571 1768 3622 καὶ⁵

241 3656 425 3721 φαύλως
453 3659 906 3726 ἀγωνισαμένων,
936 3659 996 3710 τὸ
1022 3658 1226 3725 δοκεῖν,
1255 3659 1331 3723 ὼς
1361 3660 1464 3730 ἐμὲ
1515 3661 1768 3731 οἰηθῆναι

241 3748 411 3808 πάντας
431 3750 628 3810 αὐτοὺς
672 3749 993 3819 διαφθερεῖν
1022 3749 1192 3818 ήμᾶς,
1221 3750 1372 3818 ὅμως
1398 3751 1540 3821 πλὴν
1569 3751 1768 3818 ὀλίγων

235 3840 322 3891 τῶν
343 3842 634 3906 πεσόντων,
677 3843 726 3894 oi
774 3841 926 3895 ἄλλοι
966 3842 1168 3906 πάντες
1199 3843 1350 3914 παρά
1394 3843 1559 3910 δόξαν
1583 3845 1771 3898 διεσώ-

234 3930 399 3999 θησαν.
434 3925 534 3986 Ὧν
577 3949 671 4001 μοι
705 3931 801 3985 καὶ
823 3933 973 3986 δοκεῖ
1002 3932 1094 3987 τὸν
1123 3934 1429 4004 στρατηγὸν
1455 3937 1484 3988 ὀ
1515 3935 1770 4004 βασιλεὺς

231 4024 308 4086 τῆς
337 4024 558 4088 ἀταξίας
586 4024 754 4078 ἕνεκα
784 4026 864 4087 εἰς
886 4024 986 4093 τήν
1015 4026 1294 4095 σωτηρίαν
1324 4025 1651 4096 ζημιώσειν.
1672 4026 1770 4079 Ἐκ

229 4116 386 4169 τοίνυν
404 4116 611 4169 τούτων
652 4115 871 4169 πάντων
900 4115 1047 4178 είκδς
1077 4117 1170 4170 τὸν
1202 4116 1429 4187 βασιλέα
1455 4119 1666 4192 οἴεσθαι
1686 4121 1769 4180 είς

225 4208 308 4276 τήν
337 4210 631 4281 ὑστεραίαν
665 4208 868 4278 μᾶλλον
903 4207 936 4268 ἢ
982 4210 1254 4278 πρότερον
1298 4207 1606 4279 θαρροῦντα
1635 4211 1768 4279 ἡμῖν

225 4301 656 4372 ἐπιστρατεύσειν
681 4318 696 4334 ο
729 4303 876 4372 ἡμᾶς
927 4301 984 4354 δὲ
1015 4301 1090 4371 μὴ
1139 4301 1473 4369 δυναμένους
1501 4302 1635 4372 πρὸς
1669 4302 1767 4371 τὴν

223 4393 389 4464 μάχην
421 4395 720 4462 ἁντισχε,ἶν,
756 4392 982 4461 φεύγειν
1034 4391 1248 4461 ἀνάγκη
1296 4391 1634 4461 ἡττηθέντας
1680 4391 1769 4444 al-

221 4485 383 4552 σχρῶς
417 4487 511 4539 καὶ
545 4483 816 4553 ἀγεννῶς.
852 4485 912 4536 Εἰ
943 4482 999 4535 δὲ
1048 4482 1225 4553 παρὸν
1253 4481 1558 4545 ἀκινδύνως
1604 4479 1772 4545 σώζε-

217 4573 351 4636 σθαι,
406 4577 498 4627 καὶ
536 4576 765 4643 προσέτι
822 4573 920 4626 καὶ⁵
952 4573 1052 4642 τὴν
1086 4573 1150 4625 ἐκ
1195 4575 1294 4641 τῆς
1339 4572 1511 4642 ἥττης
1551 4571 1770 4636 ἀδοξίαν

210 4661 505 4732 διαφυγεῖν,
543 4665 744 4733 (οὐδεὶς
772 4666 881 4735 γὰρ
912 4665 979 4717 ἂν
1011 4665 1146 4733 ἡμῖν
1189 4663 1468 4734 μέμψαιτο
1497 4665 1607 4717 τῶν
1647 4666 1770 4718 νοῦν

210 4756 430 4820 ἐχόντων
458 4759 548 4810 τὸν
598 4757 879 4826 προῦπτον
931 4759 1441 4826 παραιτησαμένοις
1473 4757 1768 4826 κίνδυνον),

208 4845 379 4899 ἔπειθ’
413 4850 516 4900 ὑπὸ
557 4848 896 4916 φιλονεικίας
943 4850 1022 4909 είς
1066 4848 1195 4910 τοὺς
1237 4847 1499 4917 ἐσχάτους
1545 4849 1769 4910 ἑαυτοὺς

208 4943 624 5009 καταστήσομεν
651 4938 960 5000 κινδύνους,
1000 4938 1100 4991 οὐκ
1125 4938 1235 5009 ἄρα
1268 4939 1494 5007 δόξομεν
1516 4938 1772 5009 ἀνοηταί-

207 5045 314 5082 νειν
345 5035 437 5086 καὶ
469 5030 842 5084 ἐπιϐουλεύειν
880 5030 1127 5094 ἐαυτοῐς;
1156 5030 1249 5083 Διδ
1268 5029 1330 5099 δή
1365 5047 1454 5100 μοι
1486 5033 1578 5083 καὶ
1599 5030 1768 5097 δοκεῖ,

207 5123 358 5175 τουτὶ
403 5123 502 5192 μέν
544 5123 606 5175 τὺ
659 5121 1027 5190 στρατόπεδον
1072 5121 1419 5184 καταλιπεῖν,
1472 5122 1668 5192 ἐτέρας
1714 5122 1771 5176 δὲ

205 5215 406 5277 πολλάς
445 5213 830 5284 ἀναχωρήσεις
857 5213 1213 5283 ὀχυρωτάτας
1243 5212 1340 5266 καὶ
1369 5213 1772 5282 δυσπροσόδους

206 5303 418 5373 ἔχοντος
442 5307 538 5360 τοῦ
572 5307 767 5368 τόπου,
796 5304 877 5367 είς
922 5319 1048 5356 τινα
1078 5303 1260 5356 αὐτῶν
1290 5302 1484 5369 ἐλθεῖν,
1524 5308 1687 5356 κακετ
1710 5305 1770 5356 τὸ

203 5397 620 5468 ἀποϐησόμενον
653 5398 999 5467 περιμένειν.
1039 5395 1261 5449 Βέλτιον
1286 5397 1394 5464 γάρ
1427 5395 1567 5464 μετά
1587 5395 1772 5459 ἀδείας

202 5487 529 5557 ἀναχωρεῖν,
581 5489 615 5559 ἦ
681 5488 909 5555 φεύγειν
945 5486 1054 5539 τῶν
1099 5486 1388 5556 Ῥωμαίων
1440 5486 1766 5541 διωκόντων.

203 5578 441 5634 Τοιαῦτα
473 5582 572 5650 μὲν
589 5580 860 5651 Ὀρχάνης
890 5579 1028 5648 μετά
1060 5576 1168 5631 τῶν
1199 5580 1254 5630 ἐν
1288 5578 1431 5630 τέλει
1455 5577 1770 5632 ἐϐουλεύετο

1873 3108 2059 3177 piente
2103 3106 2370 3172 exercitu,
2407 3121 2532 3162 cum
2583 3107 2728 3162 haud
2781 3109 2855 3163 ita
2908 3110 3066 3166 multi
3112 3112 3438 3176 rediissem,

1874 3214 2082 3271 eosque
2115 3201 2183 3255 de
2210 3200 2368 3254 nobis
2387 3200 2558 3254 multo
2609 3201 2795 3270 plures
2829 3201 3179 3270 invasissent,
3228 3215 3437 3260 tantum

1874 3294 2054 3359 abest,
2089 3301 2148 3348 ut
2199 3308 2294 3348 eos
2346 3294 2605 3360 vicerint,
2639 3303 2698 3348 ut
2745 3295 2910 3349 etiam
2951 3294 3020 3352 de
3069 3297 3185 3352 suis
3237 3298 3439 3352 virtute

1874 3395 1930 3441 et
1975 3385 2260 3440 alacritate
2323 3384 2484 3454 longe
2556 3385 2866 3456 praecipuos
2933 3387 3257 3442 amiserunt.
3313 3389 3442 3444 Post

1870 3491 2102 3532 eoscum
2126 3475 2473 3540 alii,tametsi
2496 3476 2893 3545 imprudenter,
2942 3477 2997 3531 in
3044 3493 3144 3534 nos
3181 3479 3443 3533 incurris-

1872 3579 1992 3625 sent
2035 3569 2402 3636 infausteque,
2428 3575 2487 3621 ut
2516 3568 2831 3637 apparebat,
2859 3581 3189 3638 pugnassent
3213 3571 3297 3640 (ut
3323 3584 3443 3623 cre-

1870 3659 2104 3713 diderim
2169 3673 2361 3712 omnes
2420 3657 2487 3710 ad
2545 3673 2712 3711 unum
2792 3657 3048 3712 manibus
3109 3659 3312 3712 nostris
3359 3658 3442 3710 in-

1869 3750 2157 3805 teriectum
2207 3749 2320 3816 iri),
2347 3757 2528 3801 tamen
2557 3747 2790 3816 demptis
2819 3763 2926 3802 non
2976 3749 3049 3803 ita
3091 3749 3296 3816 multis,
3333 3765 3440 3803 cae-

1869 3841 1971 3894 teri
2004 3852 2194 3893 omnes
2220 3853 2416 3908 praeter
2455 3838 2773 3907 Opinionem
2816 3847 3152 3893 evaserunt:
3203 3853 3438 3907 quorum

1870 3933 2033 3988 etiam
2067 3933 2259 3986 ducem
2292 3931 2611 4001 imperator,
2641 3941 2865 4001 prapler
2894 3930 3144 3986 ordinem
3171 3945 3279 3984 non
3319 3945 3438 3984 ser-

1870 4032 2077 4089 vatum,
2123 4023 2435 4077 salutariter
2471 4022 2797 4076 multaturus
2831 4021 3067 4076 videtur.
3106 4023 3182 4076 Ex
3209 4021 3296 4075 his
3347 4036 3441 4075 ve-

1871 4115 2098 4170 risimile
2146 4113 2224 4178 ﬁt,
2264 4114 2417 4167 illum
2463 4112 2769 4182 majoribus
2815 4127 2979 4182 quam
3024 4123 3183 4167 antea
3236 4112 3442 4183 spiriti-

1873 4202 1976 4256 bus
2008 4204 2129 4258 luce
2160 4201 2398 4256 crastina
2437 4215 2542 4256 nos
2571 4216 2983 4272 aggressurum.
3013 4217 3112 4258 nos
3135 4213 3315 4258 autem
3352 4212 3441 4256 ut-

1795 4331 1840 4390 ε
1874 4305 2000 4366 pote
2021 4295 2089 4350 ad
2112 4296 2476 4351 resistendum
2525 4295 2828 4390 imbecilles
2859 4305 2915 4349 et
2944 4296 3141 4390 vietos,
3179 4295 3438 4390 illiberali

1874 4401 1938 4441 ac
1975 4385 2120 4458 turpi
2151 4385 2277 4456 fuga
2329 4385 2562 4439 salutem
2612 4385 2860 4439 volentes
2899 4385 3256 4462 nolentesque
3298 4387 3442 4454 peti-

1875 4488 2049 4532 turos.
2080 4476 2234 4542 Ουοεί
2265 4475 2336 4539 si,
2376 4490 2501 4528 cum
2535 4476 2704 4529 vitato
2751 4475 3072 4530 discrimine
3110 4475 3277 4529 salvis
3319 4491 3440 4530 esse

1871 4578 1925 4624 et
1957 4569 2252 4638 ignominia
2283 4582 2398 4637 quae
2422 4567 2596 4621 victos
2625 4566 2896 4635 sequitur,
2916 4583 3104 4622 carere
3134 4568 3292 4624 liceat
3319 4569 3441 4640 (ne-

1871 4676 1963 4716 mo
1994 4660 2266 4730 siquidem
2289 4658 2642 4728 prudentium
2666 4660 3054 4727 reprehendet,
3085 4661 3126 4713 si
3151 4662 3438 4728 praevisum

1870 4750 2174 4822 periculum
2205 4764 2235 4801 a
2265 4747 2426 4801 nobis
2459 4747 2838 4816 detestemur),
2866 4761 2930 4800 ex
2967 4749 3314 4820 aemulatioac
3348 4763 3446 4802 ex-

1872 4852 2045 4899 trema
2073 4839 2321 4910 pericula
2353 4839 2627 4894 nobismet
2657 4840 3049 4901 creaveritnus,
3087 4855 3154 4892 an
3199 4855 3305 4892 non
3349 4843 3442 4892 (le-

1873 4937 2077 5007 sipere,
2101 4943 2158 4988 et
2181 4934 2284 5002 ipsi
2309 4932 2584 5002 capitibus
2615 4931 2818 4985 nostris
2842 4941 3048 5000 pestem
3070 4941 3285 4985 struere
3313 4946 3438 4982 ccu-

1855 5027 2116 5084 Vsebimur
2135 5025 2158 5079 ?
2180 5024 2344 5095 219
2366 5024 2730 5090 Quamobrem
2765 5023 2894 5078 hinc
2936 5022 3349 5082 discedendum,
3383 5031 3438 5074 ct

1872 5118 2132 5189 quoniam
2186 5117 2338 5186 regio
2360 5116 2497 5171 alios
2532 5114 2867 5185 complures,
2903 5111 3432 5180 munitissimosquc,

1871 5218 1927 5263 et
1957 5206 2254 5276 impervios
2283 5221 2540 5261 recessus
2561 5205 2748 5268 habet,
2771 5203 3008 5274 aliquem
3029 5203 3434 5273 occupandum,

1871 5307 1928 5353 et
1969 5298 2082 5352 illic
2127 5303 2386 5352 eventum
2437 5295 2869 5366 exspectandum
2935 5293 3143 5364 judico.
3210 5293 3438 5360 Impune

1873 5391 2042 5454 enim,
2085 5401 2292 5445 etcum
2346 5389 2642 5445 securitate
2696 5389 2976 5453 recedere,
3035 5403 3196 5455 quam
3256 5399 3438 5454 perse-

1872 5481 2169 5553 quentibus
2190 5480 2455 5535 Romanis
2481 5479 2684 5548 iugere,
2707 5487 2930 5547 pra-stat
2960 5478 3166 5545 utique.
3197 5475 3323 5531 Haec
3340 5475 3438 5531 Or-

1877 5576 2083 5631 chanes
2110 5573 2176 5627 ad
2213 5574 2408 5626 Persas
2438 5585 2694 5641 proceres
2725 5587 2739 5622 :
2775 5585 2897 5639 quae
2930 5579 2989 5622 ut
3013 5578 3162 5623 recta
3206 5570 3358 5623 valde
3383 5580 3440 5623 et

203 5669 448 5739 Περσῶν,
476 5675 570 5726 καὶ
615 5672 789 5724 ἐδόκει
831 5671 1032 5740 ἄριστα
1071 5665 1214 5724 εἶναι
1256 5669 1351 5724 καὶ
1382 5669 1768 5724 λυσιτελοῦντα

1880 5670 2034 5724 utilia
2061 5667 2303 5720 omnium
2334 5662 2608 5730 suffragiis
2633 5659 3120 5715 conﬁrmabantur.
3170 5660 3438 5715 Caeterum

203 5757 434 5829 ἑαυτοῖς,
483 5765 581 5816 καὶ
614 5763 1020 5831 ἐπεψηφίζοντο
1076 5763 1299 5826 πάντες.
1357 5760 1677 5832 Κολαούςης
1715 5763 1770 5815 δὲ

440 5860 687 5922 Parum.
741 5859 855 5918 Gn.
896 5853 1099 5917 CLIII.

1878 5760 2136 5840 Colauses
2167 5754 2483 5826 Salingaris,
2510 5752 2902 5823 etCalargiaIus
2929 5753 3263 5807 Pacbatures
3284 5763 3444 5808 a'tate

3019 5847 3090 5906 ιδ
