4010 6190
334 254 411 316 465
1449 255 1819 316 HISTORIA
1830 257 1995 318 RUM
2028 258 2261 322 LIBER
2300 261 2384 320 II.
3419 257 3524 318 465

332 365 364 416 oi
389 365 468 428 είς
495 363 666 434 αὐτὴν
694 363 964 429 ἐλθόντες,
996 363 1121 418 ἐπεὶ
1159 363 1361 434 συνέϐη
1395 365 1455 419 τὸ
1488 365 1739 433 κλεῖθρον
1767 366 1870 435 τῆς

2004 387 2154 440 μυεηο
2183 371 2398 440 equites
2441 385 2504 425 ac
2538 370 2752 439 pedites
2783 369 2943 424 simul
2969 385 3157 424 omnes
3195 380 3401 438 septem
3432 389 3530 426 su-

331 453 485 525 πύλης
505 454 830 520 ἀπολέσθαι,
859 455 1068 525 ἀναμὶξ
1097 455 1331 517 ἑστῶτες
1359 455 1498 524 μετά
1534 455 1646 508 τῶν
1678 473 1870 510 σκευοο

2004 476 2069 514 ra
2116 461 2475 531 quadraginta
2539 462 2960 524 occubuerunt,
3023 470 3079 514 et
3107 461 3172 514 ad
3225 470 3530 516 extremum

327 548 511 615 φόρων,
539 545 615 610 ὡς
636 549 686 600 oi.
719 548 928 616 Πέρσαι
975 547 1077 618 ἤδη
1106 545 1400 614 κατάδηλοι
1431 542 1572 616 ἦσαν
1596 547 1868 613 ἐπιόντες,

329 638 501 706 πρῶτα
544 639 643 707 μὲν
686 639 787 692 οὐκ
832 638 1182 708 ἠδυνήθησαν
1221 639 1300 702 είς
1329 637 1484 702 τάξιν
1530 639 1870 706 καταστῆναι

330 731 405 783 καὶ
430 729 744 796 ἀμύνασθαι
773 733 902 794 τοὺς
927 729 1266 800 βαρϐάρους,
1305 729 1638 800 κωλυόμενοι
1673 730 1783 784 ὑπό
1812 747 1872 784 τε

329 819 422 871 τῶν
442 819 766 888 ἀχθοφόρων
798 820 895 872 καὶ
922 819 1017 872 τοῦ
1052 819 1213 872 ἄλλου
1245 817 1518 872 οίκετικοῦ
1542 819 1875 890 ἀναπεφυρ-

334 911 478 979 μένον
519 912 720 973 αὐτοῖς.
763 911 918 964 Ἐπεὶ
964 911 1021 964 δὲ
1067 910 1178 964 τῶν
1217 910 1488 981 κλείθρων
1526 911 1873 982 εὑρημένων,

335 1001 666 1070 ἀνεῴχθησαν
697 1003 753 1054 ai
785 1003 972 1067 πύλαι,
1015 1004 1066 1055 οἱ
1119 1001 1340 1065 πλείους
1390 985 1576 1074 ἀθρόοι
1606 1003 1876 1073 ὥρμησαν

338 1093 468 1154 ἐντὸς
499 1092 696 1148 ἐλθεῖν.
745 1093 1043 1162 Γενομένου
1078 1093 1134 1146 δέ
1186 1093 1435 1163 ὠθισμοῦ
1485 1093 1682 1148 πολλοῦ
1732 1094 1878 1148 κατά

1971 567 2200 620 magnus
2228 552 2586 606 betteriarcha
2619 543 2984 616 Ethrocbus,
3012 568 3173 620 quem
3207 568 3314 607 non
3348 568 3378 606 a
3401 555 3540 607 bar-

1970 643 2126 706 baro,
2167 644 2260 698 sed
2294 641 2540 698 Romano
2599 646 2782 715 aliquo
2833 645 3000 699 ictum
3057 643 3380 710 ferebatur;
3417 648 3536 701 sive

1973 733 2119 803 quod
2155 749 2279 788 eum
2312 751 2422 789 non
2463 744 2784 804 agnosceret
2833 737 2959 804 (jam
2989 736 3133 790 enim
3164 752 3272 789 nox
3300 737 3539 792 interve-

1973 827 2175 894 nerat),
2210 827 2327 882 sive
2359 827 2506 896 quod
2552 828 2621 881 ob
2652 827 2938 882 dissidium
2965 829 3151 882 nescio
3179 830 3338 897 quale
3371 831 3542 884 δίδως

1975 917 2104 972 cisci
2130 918 2314 978 vellet.
2341 918 2583 972 tenebris
2607 919 2930 974 maleficium
2986 921 3411 976 occultantibus.
3438 922 3544 976 Su-

1977 1008 2151 1078 spicio
2183 1009 2286 1064 fuit
2307 1024 2335 1066 a
2368 1009 2614 1064 Romano
2644 1009 3014 1070 vulneratum.
3052 1012 3178 1079 quia
3206 1013 3387 1066 Persae
3424 1022 3538 1065 tum

1980 1107 2344 1163 recesserant,
2381 1098 2604 1168 quando
2635 1099 2752 1168 ipse
2785 1109 2948 1168 caput
2984 1099 3163 1169 gladio
3196 1099 3453 1158 diﬁissus.
3478 1117 3543 1153 ac

338 1184 418 1252 τὴν
445 1184 667 1246 εἴσοδον,
722 1185 815 1236 καὶ
857 1184 1298 1254 συνθλιϐομένων
1353 1186 1447 1239 ὑπ’
1499 1186 1746 1256 ἀλλήλων
1783 1185 1878 1240 καὶ

2004 1191 2210 1244 :erebro
2245 1198 2485 1259 patente,
2520 1191 2817 1244 ctimnnum
2846 1190 2900 1244 in
2941 1206 3104 1260 equo,
3139 1191 3255 1245 sine
3284 1207 3416 1244 voce
3456 1190 3541 1243 in-

341 1275 816 1342 συμπατουμένων,
845 1267 1116 1329 ἀπέθανον
1149 1276 1249 1346 μὲν
1277 1279 1427 1347 τρεῖς
1456 1278 1596 1330 κατὰ
1627 1277 1726 1340 τὰς
1773 1277 1882 1330 πύ-

2004 1289 2175 1336 tentus
2198 1289 2302 1346 est,
2337 1274 2554 1335 nec'diu
2580 1293 2697 1349 post.
2717 1282 2950 1334 animam
2984 1281 3275 1336 exhalavit.
3302 1283 3407 1336 Per
3442 1283 3547 1335 alia

339 1365 440 1427 λας,
469 1366 576 1417 τῶν
617 1365 793 1419 ἀλλων
825 1367 1202 1431 εἰσελθόντων,
1237 1368 1342 1432 ἔξω
1368 1369 1424 1422 δὲ
1470 1369 1575 1422 ὑπὸ
1602 1368 1711 1422 τῶν
1741 1367 1880 1439 βαρ-

2004 1385 2148 1425 ιοιτο
2181 1369 2378 1440 oppida
2409 1370 2691 1439 dispersus
2718 1371 2995 1424 Romanus
3028 1369 3321 1431 exercitus,
3350 1367 3545 1422 eodem

340 1455 503 1525 σάρων
562 1457 656 1510 δύο
705 1457 805 1528 μέν
861 1459 1134 1513 ἀπέθανον
1178 1461 1271 1514 καὶ
1311 1462 1603 1529 τριάκοντα
1630 1477 1645 1492 ο
1703 1463 1763 1527 ἐξ
1810 1455 1885 1516 ὧν

2004 1461 2071 1516 lie
2089 1461 2314 1517 velutex
2330 1461 2630 1530 composito
2643 1461 2996 1516 Philocrenen
3018 1459 3294 1522 convenit,
3313 1458 3551 1528 indeque

338 1543 462 1615 ἦσαν
482 1549 576 1602 δύο
603 1550 713 1604 τῶν
743 1553 1052 1621 ἐπιφανῶν,
1076 1553 1335 1624 Μανουὴλ
1368 1556 1398 1608 ό
1439 1553 1882 1623 Ταρχανειὼτης,

2004 1568 2095 1609 ton
2123 1552 2313 1621 procul
2343 1568 2371 1606 a
2394 1551 2591 1606 castris
2627 1551 2900 1607 Orcbanis
2941 1559 3307 1609 transeuntes,
3352 1549 3548 1603 Scuta-

343 1639 422 1689 καὶ
447 1639 474 1690 ό
499 1640 948 1711 Καντακουζηνδς
973 1643 1306 1713 Νικηφόρος,
1338 1639 1431 1697 τοῦ
1462 1645 1698 1712 μεγάλου
1725 1645 1884 1714 δομε-

2004 1646 2127 1699 rium
2158 1653 2529 1703 accesserunt,
2559 1654 2614 1698 et
2639 1643 2956 1714 Byzantium
2987 1643 3155 1696 libere
3189 1641 3548 1707 traiecerunt,

345 1727 511 1781 στίκου
535 1729 628 1782 καὶ
653 1731 949 1801 ἀμφότεροι
974 1733 1334 1804 τυγχάνοντες
1364 1734 1575 1802 ἀνεψιοί
1597 1750 1610 1765 ο
1643 1735 1889 1789 ἑάλωσαν

2004 1735 2138 1791 unde
2168 1735 2235 1790 ad
2258 1751 2388 1791 suos
2403 1735 2634 1804 quisque
2659 1735 2801 1789 lares
2823 1733 3106 1788 remeavit.
3128 1733 3431 1801 Imperator
3453 1745 3548 1784 eos

343 1818 498 1873 δὲκαὶ
521 1821 722 1884 ζῶντες
768 1825 1106 1893 πεντήκοντα
1124 1828 1218 1880 καὶ
1242 1825 1435 1878 ἑκατόν
1455 1829 1472 1856 ⁸
1498 1820 1575 1877 ὦν
1599 1826 1649 1878 οἱ
1672 1824 1888 1888 πλείους

2004 1826 2087 1896 qui
2111 1826 2179 1882 de
2211 1835 2384 1881 morte
2413 1841 2511 1880 sua
2537 1826 2592 1879 in
2623 1825 2819 1880 castris
2843 1824 3078 1880 fabulam
3105 1823 3551 1880 disseminarant,

348 1907 404 1958 ἐκ
423 1910 524 1960 τῶν
549 1911 971 1980 ὑπηρετούντων
998 1918 1110 1977 τοῖς
1139 1913 1500 1984 στρατιώταις
1531 1909 1890 1984 ἧσαν.”Ὶπποι

346 1997 394 2050 δὲ
423 2001 468 2052 οἱ
509 2003 901 2072 ἀφαιρεθέντες
966 2005 1218 2074 ἐγένοντο
1265 2007 1340 2070 ὼς
1384 2007 1756 2077 τετρακόσιοι.
1801 2008 1892 2060 Ἔ-

349 2107 492 2143 πειτα
516 2094 564 2145 οἱ
594 2093 746 2148 άλλοι
772 2097 1200 2167 συστραφέντες,
1234 2097 1651 2167 συνεπλάκησάν
1688 2117 1748 2152 τε
1778 2102 1892 2162 τοῖς

1995 1916 2241 1974 Criminis
2255 1917 2544 1972 damnabat
2567 1917 2657 1972 ille
2672 1917 2912 1985 quidem,
2933 1929 3369 1984 magnopereque
3391 1928 3485 1966 acc
3498 1928 3559 1966 u-

1995 2008 2171 2072 sabat,
2201 2021 2310 2062 non
2343 2017 2521 2062 tamen
2562 2022 2661 2075 pro
2683 2007 2876 2060 merito
2906 2006 3188 2069 multabat,
3218 2005 3424 2060 veritus
3457 2003 3562 2056 sci-

1995 2099 2144 2164 licet,
2174 2115 2242 2154 ne
2282 2099 2411 2154 bdio
2432 2099 2514 2154 avi
2541 2099 2594 2154 id
2621 2099 2803 2153 facere
2832 2098 3133 2152 videretur.

348 2179 653 2252 βαρϐάροις,
684 2186 780 2239 καὶ
816 2187 1149 2242 ἀπέκτειναν
1180 2188 1238 2254 ἐξ
1273 2187 1456 2241 αὐτῶν
1521 2188 1694 2259 όλίγῳ
1750 2189 1965 2251 δέοντας
2004 2189 2318 2243 διακοσίων.
2361 2191 2625 2259 Ὀρχάνης
2657 2189 2713 2242 δέ
2760 2189 2904 2258 όρῶν
2951 2190 3053 2259 ήδη
3088 2187 3215 2250 τοὺς
3257 2183 3562 2254 Ῥωμαίους

349 2269 730 2340 ἀμυνομένους,
773 2275 848 2345 μὴ
885 2276 1183 2345 δυνάμενός
1212 2295 1266 2330 τι
1304 2279 1502 2346 δράσαι
1533 2279 1717 2342 πλέον,
1753 2279 2012 2349 ἀπήγαγέ
2039 2297 2097 2333 τε
2132 2279 2235 2351 τὴν
2303 2281 2564 2350 στρατιὰν
2625 2279 2728 2348 τῆς
2769 2279 3110 2348 Φιλοκρήνης
3134 2317 3150 2344 ,
3219 2275 3316 2329 καλ⁵
3363 2278 3563 2345 ἐστρα-

241 2419 251 2431 ,
348 2366 657 2422 τοπέδευσεν
686 2371 819 2422 ἐκεῖ.
858 2371 1118 2424 Τοσοῦτοι
1169 2373 1269 2442 μὲν
1313 2374 1584 2428 ἀπέθανον
1615 2375 1758 2426 κατὰ
1796 2373 1895 2444 τὴν
1932 2374 2272 2444 Φιλοκρήνην
2315 2373 2411 2426 καὶ
2483 2372 2731 2426 ἑάλωσαν
2806 2371 3029 2436 ζῶντες.
3064 2371 3142 2440 Τῇ
3175 2367 3476 2438 προτεραίᾳ
3505 2363 3562 2417 δὲ

351 2458 480 2512 κατά
502 2459 596 2522 τάς
631 2462 810 2530 μάχας
838 2464 886 2515 oi
930 2463 1251 2534 σύμπαντες
1294 2465 1568 2520 ἀπέθανον
1639 2467 1826 2528 ἱππεῖς
1867 2482 1926 2518 τε
1967 2467 2061 2518 καὶ
2125 2465 2300 2530 πεζοὶ,
2359 2465 2503 2519 ἑπτά
2547 2466 2640 2519 καὶ
2669 2465 3087 2533 τεσσαράκοντα
3113 2481 3126 2495 ·
3185 2463 3278 2516 κει)⁸
3312 2462 3340 2514 ό
3387 2462 3564 2531 μέγας

351 2550 721 2624 ἐταιρειάρχης
784 2555 1120 2625 Ἑξώτροχος
1193 2557 1336 2610 κατά
1398 2557 1496 2627 τὴν
1569 2557 1886 2611 τελευταίαν
1927 2558 2250 2628 συμπλοκήν
2275 2575 2288 2590 ’
2320 2557 2381 2622 ὃς
2446 2561 2540 2613 καὶ
2599 2556 2818 2625 ἐλέγετο
2845 2557 2944 2626 οὐχ
2973 2556 3076 2608 ὑπὸ
3111 2554 3414 2626 βαρϐάρου,
3447 2550 3564 2606 ἀλλ’

349 2641 445 2694 ὑπὸ
505 2642 781 2714 Ῥωμαίου
845 2647 987 2710 τινος
1033 2648 1328 2717 πληγῆναι,
1399 2647 1510 2701 εῐτε
1570 2649 1940 2719 ἀγνοήσαντος
1977 2650 2140 2703 αὐτὸν
2193 2650 2316 2721 (ἤδη
2351 2649 2462 2721 γάρ
2513 2648 2812 2704 ἐπελάϐετο
2856 2650 2889 2718 ἡ
2943 2647 3087 2717 νὺξ),
3150 2648 3259 2702 εἴτε
3296 2645 3565 2700 καὶκατὰ

348 2750 459 2788 τινα
485 2735 746 2806 διαφοράν
777 2738 1149 2807 ἀμυνομένου,
1186 2739 1278 2792 τοῦ
1318 2741 1546 2804 σκότους
1595 2743 2132 2812 ουνεπικρύπτοντος
2197 2741 2298 2810 τὴν
2361 2741 2721 2811 κακουργίαν.
2773 2739 3143 2809 ’Υπωπτεύθη
3181 2739 3238 2792 δὲ
3282 2738 3389 2790 ὑπὸ
3427 2736 3567 2789 Ῥω·-

351 2829 502 2898 μαίου
530 2831 823 2901 πληγῆναι,
856 2834 937 2887 ὅτι
963 2834 1454 2903 ἀνακεχωρηκότες
1478 2833 1578 2904 ήδη
1639 2834 1689 2886 oi
1759 2835 1965 2903 Πέρσαι
2001 2829 2164 2904 ἦσαν,
2201 2833 2291 2886 ὅτε
2315 2834 2521 2896 ἐκεῖνος
2549 2834 2648 2904 τὴν
2673 2834 2921 2905 κεφαλὴν
2953 2832 3151 2904 εὑρέθη
3179 2829 3569 2900 πεπληγμένος

349 2927 504 2994 ξίφει,
531 2927 766 3008 έφιππρς
795 2927 876 2980 ἐτι
909 2927 1004 2982 ὦν.
1048 2927 1289 2998 ’Λφωνίᾳ
1328 2927 1385 2980 δέ
1461 2929 1796 2999 κατεσχέθη,
1843 2929 1942 2984 τοῦ
1981 2928 2286 2998 ἐγκεφάλου
2321 2928 2611 2999 άψαμένης
2679 2929 2778 2997 τῆς
2819 2928 3059 2998 πληγῆς,
3101 2929 3192 2996 καὶ
3248 2925 3570 2994 ἐτελεύτησε

348 3021 481 3084 μετά
519 3019 736 3089 μικρόν.
794 3019 860 3071 Ἦ
899 3018 1082 3088 μέντοι
1128 3017 1274 3070 κατά
1324 3016 1426 3081 τὰς
1477 3017 1648 3082 ἄλλας
1709 3018 1899 3082 πόλεις
1937 3019 2366 3088 διεσκεδασμένη
2432 3019 2665 3089 στρατιὰ
2717 3017 3008 3088 Ῥωμαίων
3033 3019 3131 3088 τῆς
3163 3019 3334 3086 αὐτῆς
3357 3017 3570 3086 ἡμέρας

342 3112 528 3183 ὥσπερ
555 3115 619 3167 ἐκ
690 3111 1034 3183 συνθήματος
1097 3113 1193 3174 είς-
1215 3110 1558 3182 ⁴ιιιλοκρήνην
1602 3111 1973 3178 συνελθόντες,
2014 3111 2226 3165 ἐκεῖθέν
2254 3127 2313 3164 τε
2335 3110 2396 3164 ού
2425 3111 2558 3163 πολὺ
2591 3111 2811 3164 ἄπωθεν
2831 3110 2929 3164 τοῦ
2954 3111 3317 3180 στρατοπέδου
3333 3109 3572 3179 Ὀρχάνη

345 3210 650 3278 παριόντες,
675 3203 840 3278 ἦλθον
865 3209 944 3270 είς
971 3208 1330 3276 Σκουτάριον,
1357 3207 1451 3260 καὶ
1480 3205 1900 3278 ἐπεραιώθησαν
1940 3208 2020 3272 είς
2089 3198 2385 3271 Βυζάντιον
2453 3205 2646 3269 ἀδεῶς,
2691 3204 2902 3258 ἐκεῖθέν
2942 3219 3001 3254 τε
3042 3199 3398 3273 ἀνεχώρησαν
3440 3199 3573 3250 ’ἐκα-

348 3317 472 3366 στος
500 3303 584 3357 ἐπ’
617 3304 790 3358 οἴκου.
825 3301 1091 3367 Βασιλεὺς
1138 3302 1195 3357 δέ
1225 3301 1470 3365 τοὺςείς
1514 3302 1577 3354 τὸ
1629 3301 1997 3372 στρατόπεδον
2055 3301 2557 3370 διαθρυλλήσαντας
2611 3297 2688 3361 ὡς
2759 3297 3073 3368 ἐτεθνήκει,
3128 3297 3185 3347 ὲν
3240 3293 3442 3354 αἰτίαις
3476 3292 3575 3360 μὲν

343 3398 635 3466 ἐποιήσατο
691 3397 789 3450 καὶ
839 3398 1190 3469 κατηγόρησε
1246 3397 1440 3464 πολλὰ,
1499 3395 1682 3451 οὐκέτι
1736 3396 1794 3450 δὲ
1851 3397 1945 3449 καὶ
1984 3396 2368 3466 ἐτιμωρήσατο
2427 3391 2592 3456 ἀξίως
2639 3393 2741 3462 τῆς
2798 3388 3143 3460 κακουργίας
3198 3386 3432 3452 ἑαυτῶν,
3463 3386 3576 3439 δέει

343 3488 440 3542 τοῦ
496 3488 570 3560 μή
620 3489 800 3544 δοκεῖν
851 3489 930 3560 τῷ
960 3491 1095 3561 πρὸς
1138 3490 1230 3545 τὸν
1261 3490 1490 3544 πάππον
1547 3490 1641 3545 καὶ
1675 3490 1902 3561 βασιλέα
1940 3487 2089 3562 έχθει
2119 3485 2426 3557 ἀμύνεσθαι
2456 3483 2675 3546 αὐτούς.

1781 3636 2006 3693 CAPUT
2045 3636 2136 3693 IX.

341 3749 509 3803 Amor
537 3752 870 3824 imperatoris
901 3752 956 3805 in
987 3768 1237 3824 magnum
1271 3754 1608 3824 domesticum
1647 3753 1964 3808 incredibilis
2007 3755 2320 3824 exprimitur
2364 3756 2558 3810 denuo.
2609 3754 2840 3808 Docetur’
2869 3751 3197 3824 quantopere
3227 3744 3574 3824 contenderit.

419 3829 474 3894 ut
499 3815 622 3875 enni
647 3822 854 3888 imperii
877 3815 1166 3894 consortem
1192 3823 1437 3888 haberet;
1471 3840 1620 3894 quem
1651 3832 1826 3877 tamen
1854 3815 2102 3894 honorent
2143 3823 2234 3878 ille
2265 3835 2570 3878 constanter
2594 3826 2744 3878 toties
2769 3815 3094 3894 repudiavit,
3139 3838 3257 3894 cum
3289 3815 3487 3894 alioqui
3510 3830 3574 3894 re

416 3893 527 3963 ipsa
569 3907 760 3963 parum
788 3893 1001 3963 omnino
1045 3893 1108 3945 ab
1139 3893 1458 3963 imperatore
1483 3891 1754 3960 ‘diﬂ'erret,
1795 3893 2220 3962 quandoquidem
2255 3912 2408 3963 penes
2441 3911 2558 3948 eum
2603 3902 2715 3947 erat
2747 3901 2857 3963 tota
2907 3893 3113 3960 imperii
3159 3891 3574 3944 administratio.

419 3961 521 4034 Sed
549 3963 699 4014 certis
725 3961 787 4012 de
811 3962 979 4014 causis
1006 3977 1038 4034 α
1071 3961 1279 4034 nomine
1301 3973 1348 4016 et
1379 3963 1665 4034 insignibus
1711 3961 2000 4028 abstinuit;
2024 3961 2151 4033 iquw
2191 3961 2392 4032 tamen,
2434 3973 2490 4017 ut
2524 3963 2806 4017 uidebimus
2837 3962 2969 4016 libro
3007 3963 3182 4027 tertio,
3211 3963 3372 4014 etiam
3406 3969 3584 4012 certas

418 4031 478 4082 ob
508 4044 696 4083 causa:
735 4038 915 4097 postea
946 4030 1179 4084 admisit.

433 4147 652 4218 Ὀλῖγας
710 4150 767 4204 δέ
812 4150 1167 4221 ἐνδιατρίψας
1193 4150 1412 4222 ἡμέρας
1459 4149 1760 4221 Βυζαντίῳ,
1787 4151 1898 4205 ἐπεῖ

2092 4153 2294 4208 Diebus
2324 4168 2432 4208 non
2489 4152 2627 4206 adeo
2665 4152 2854 4207 multls
2907 4149 3151 4220 Byzantii
3183 4158 3576 4210 commoratus,

351 4240 446 4294 καὶ
471 4242 499 4292 ὁ
531 4241 705 4310 μηρὸς
748 4242 896 4312 αὺτῷ
929 4241 1035 4295 ἀπὸ
1069 4240 1164 4296 τοῦ
1197 4241 1509 4311 τραύματος
1536 4239 1682 4312 εἶχεν
1711 4241 1906 4310 ὑγιῶς,

349 4333 580 4399 ἐξελθὼν
602 4331 768 4404 ἦλθεν
795 4334 875 4396 είς
904 4333 1287 4402 Διδυμότιιχον
1309 4335 1406 4388 καὶ⁵
1428 4335 1496 4388 τὰ
1520 4337 1650 4404 περὶ
1691 4335 1912 4404 Ἀδρια-

349 4425 462 4478 νοῦ.
498 4425 802 4492 Διατρίϐων
859 4422 917 4475 δὲ
980 4423 1131 4488 ἐκεῖ,
1179 4423 1274 4476 καὶ
1312 4422 1540 4476 πάντοτε
1595 4422 1696 4491 μέν
1741 4421 1912 4491 ἡδέως

350 4511 463 4586 εἶχε
496 4515 574 4586 τῷ
608 4514 832 4584 μεγάλῳ
854 4513 1160 4584 δομεστίκῳ
1197 4515 1434 4567 συνεῖναι
1465 4512 1561 4566 καὶ
1584 4512 1816 4582 ὁμιλεῖν,
1835 4511 1911 4574 ὡς

349 4609 448 4660 καὶ⁵
477 4605 826 4676 διημερεύειν
852 4605 1050 4668 αὐτοὺς
1071 4604 1328 4668 πολλάκις
1359 4605 1452 4656 καὶ
1469 4603 1912 4674 διανυκτερεύειν

348 4700 414 4750 ἐν
437 4701 559 4760 ταῖς
587 4698 850 4766 ὁμιλίαιςο
883 4699 976 4750 καὶ
1006 4697 1129 4751 τότε
1156 4697 1211 4749 δέ
1260 4696 1467 4765 ὁμιλῶν
1499 4696 1650 4766 αύτῷ
1687 4697 1786 4766 τῆς
1811 4698 1913 4768 ἀρ-

349 4790 506 4858 χαίας
529 4807 586 4842 τε
619 4788 1030 4859 ἀνεμίμνησκεν
1057 4786 1220 4840 αὐτὸν
1249 4787 1384 4856 πρὸς
1404 4786 1670 4858 ἀλλήλους
1705 4788 1909 4856 φιλίας,

349 4883 447 4933 καὶ
490 4883 587 4949 τῆς
642 4881 927 4948 κατάκρας
963 4879 1280 4946 συναφείας,
1338 4877 1440 4931 οὐκ
1511 4880 1570 4930 ἐν
1624 4879 1910 4948 παρέργῳ,

348 4973 487 5024 ἀλλὰ
535 4972 671 5040 μετά
722 4988 868 5034 τινος
921 4969 1204 5040 φροντίδος
1254 4969 1352 5022 καὶ
1407 4969 1642 5039 σπουδῆς
1669 5007 1684 5032 ,
1715 4971 1809 5024 καὶ
1837 4965 1913 5024 ὧν

351 5065 536 5135 μικρῷ
565 5063 804 5132 πρόσθεν
831 5063 1044 5134 εἰρήκει
1081 5061 1218 5132 πρδς
1263 5061 1450 5127 αὑτὸν,
1485 5063 1576 5116 ὅτε
1608 5063 1737 5132 περὶ
1779 5062 1915 5133 Συρ-

348 5161 545 5226 γιάννη
576 5159 749 5210 ἐδεῖτο
794 5157 895 5225 τῆς
947 5156 1175 5227 είρκτῆς
1207 5154 1573 5225 ἀπολυθῆναι,
1604 5155 1680 5218 ὼς
1703 5154 1818 5209 οὔτ’
1845 5155 1914 5209 ἂν

347 5249 436 5318 εἴη
461 5267 516 5302 τι
542 5249 650 5301 τῶν
687 5247 904 5302 πάντων
933 5247 962 5301 ὃ
987 5247 1130 5302 κατά
1154 5246 1383 5315 γνώμην
1414 5246 1563 5316 αὐτῷ
1595 5248 1911 5318 πραχθῆναι

345 5339 409 5390 ὃν
455 5341 618 5394 αὑτὸν
657 5339 915 5409 ἐθελῆσαι
953 5339 1018 5392 ἄν
1067 5354 1198 5391 ποτε
1246 5337 1508 5402 κωλύσαι,
1544 5337 1680 5391 ἀλλά
1710 5354 1914 5407 συγκα-

351 5433 716 5502 τεργάσεσθαι
775 5431 924 5502 πάσῃ
980 5432 1206 5502 σπουδῇ·
1246 5428 1372 5484 οὕτε
1423 5431 1472 5482 εί
1520 5431 1658 5482 κατά
1690 5430 1754 5499 δή
1791 5449 1912 5484 τινα

352 5523 554 5590 τρόπον
601 5523 805 5589 δόξειεν
868 5522 1015 5592 αὑτῷ
1069 5525 1168 5593 τῆς
1224 5523 1407 5586 οἰκίας
1454 5521 1770 5575 ἀποστάντα
1817 5522 1910 5574 καὶ

355 5614 622 5681 φιλτάτων
647 5618 743 5673 καὶ
763 5613 1044 5684 γυναικὸς,
1076 5615 1171 5669 καὶ
1213 5613 1544 5684 συμπάντων
1571 5613 1749 5665 εἰπεῖν
1775 5627 1909 5682 χρη-

2019 4243 2227 4300 femore
2254 4245 2364 4314 jam
2405 4253 2696 4314 persanato
2730 4241 3169 4313 Didymotichum
3204 4249 3257 4294 et
3313 4241 3583 4298 Adriano—

2019 4335 2171 4404 polin
2204 4334 2468 4390 excurrit.
2494 4333 2591 4398 lbi,
2629 4347 2754 4387 cum
2788 4342 2946 4388 antea
2975 4347 3189 4401 semper
3233 4347 3356 4386 cum
3385 4347 3580 4400 magno

2019 4425 2321 4480 domestico
2355 4435 2462 4478 tam
2486 4423 2729 4495 jucunde
2765 4422 2817 4477 in
2847 4437 3101 4478 sermone
3126 4423 3326 4476 versari
3355 4422 3580 4485 soleret,

2021 4525 2080 4570 ut
2108 4516 2267 4586 223
2296 4531 2437 4586 saepe
2467 4516 2606 4580 dies,
2638 4530 2780 4585 saepe
2809 4522 2997 4569 noctes
3019 4512 3420 4570 confabulando
3454 4532 3584 4570 con-

2020 4617 2392 4672 sumerentur,
2420 4607 2548 4662 dum
2578 4607 2930 4662 collocutioni
2965 4619 3185 4670 vacant,
3222 4589 3425 4664 veteris
3449 4610 3583 4662 ami-

2019 4697 2161 4754 citize
2185 4709 2240 4754 et
2258 4698 2580 4752 arctissimze
2604 4698 3029 4766 conjunctionis,
3064 4714 3172 4752 non
3204 4715 3300 4769 per
3339 4709 3587 4753 transen-

2019 4806 2168 4855 nam,
2196 4790 2289 4846 sed
2317 4789 2569 4858 cogitato,
2615 4799 2671 4842 et
2700 4789 2766 4842 de
2796 4788 3065 4843 industria
3108 4803 3232 4843 eum
3266 4805 3582 4844 commone-

2020 4882 2186 4946 facit;
2234 4881 2454 4936 illorum
2509 4888 2794 4949 praeterea,
2836 4895 2958 4948 qua:
2992 4879 3308 4946 nuperrime
3331 4896 3428 4946 pro
3453 4879 3584 4948 Syr-

2021 4976 2217 5046 gianne
2241 4989 2272 5029 e
2301 4987 2524 5028 carcere
2545 4971 2831 5026 liberando
2860 4971 3065 5039 roganti
3088 4970 3464 5048 responderat,
3498 4973 3580 5021 ni-

2021 5065 2098 5120 hil
2117 5065 2334 5134 penitus
2364 5065 2480 5118 fore
2499 5063 2740 5125 scilicet,
2775 5061 2920 5131 quod
2963 5061 3006 5115 si
3037 5060 3123 5112 ilic
3155 5059 3356 5112 factum
3392 5061 3575 5123 Vtrlit‘l,

2019 5171 2128 5211 non
2153 5155 2293 5210 idem
2317 5156 2436 5224 ipse
2459 5154 2654 5218 vellet,
2678 5162 2734 5208 et
2764 5153 2817 5207 in
2841 5167 2948 5220 quo
2971 5149 3253 5204 efﬁciendo
3280 5164 3391 5202 non
3413 5150 3577 5202 etiam

2019 5247 2170 5302 omni
2200 5247 2382 5302 studio
2425 5246 2748 5308 elaboraret,
2784 5256 2960 5310 neque
2989 5241 3032 5294 si
3064 5254 3172 5309 quo
3203 5237 3364 5291 modo
3389 5239 3576 5292 relicta

2018 5339 2217 5406 patria,
2254 5337 2695 5409 uxore.iiiheris,
2732 5342 2788 5389 et
2837 5343 2894 5386 ut
2947 5331 3116 5386 semel
3156 5331 3356 5390 dicam,
3413 5331 3580 5384 rebus

2019 5431 2292 5493 omnibus,
2324 5430 2378 5483 in
2411 5428 2524 5482 solo
2557 5426 2842 5496 peregrino
2897 5438 3070 5476 aevum
3105 5422 3389 5477 traducere
3420 5421 3580 5478 iusti-

2020 5526 2218 5580 tueret,
2248 5533 2402 5590 posse
2431 5532 2671 5586 unquam
2702 5517 2769 5570 ab
2791 5531 2856 5569 eo
2887 5512 3092 5578 divelli,
3126 5511 3221 5566 sed
3263 5512 3417 5582 prius
3445 5531 3574 5570 cum

2019 5610 2330 5674 doctarum,
2360 5625 2520 5680 quam
2572 5607 2624 5662 id
2675 5605 3057 5676 intempestive
3084 5615 3247 5677 atque
3280 5607 3582 5665 insolenter
