4010 6190
329 258 420 326 ίδθ

1475 259 2026 323 HISTORIARUM
2064 261 2300 324 LIBER
2342 265 2430 328 Ιῐ.

3459 263 3567 328 470

331 374 517 428 Καίτοι
572 371 736 428 τοῦτο
779 371 932 440 δόξαι
980 373 1080 444 μὶν
1125 355 1193 429 a'v
1224 374 1336 438 τοῖς
1382 373 1585 442 ἔξωθεν
1617 375 1895 446 ὑπερφυὲς

2015 373 2070 429 Ib
2101 374 2268 448 225
2306 374 2548 431 amicitia
2586 381 2768 442 autem
2807 380 2864 428 et
2913 372 3260 428 voluntatum
3291 373 3573 445 conspira—

327 465 509 534 ὥσπερ
557 464 694 534 δῆτα
736 465 828 517 καὶ
874 465 1017 524 ἔστι,
1064 467 1192 537 τῇδε
1227 465 1440 520 ἔνδοθεν
1501 467 1642 537 πρὸς
1690 469 1750 520 σέ
1785 485 1888 536 μου

2015 465 2144 520 .ione
2165 466 2329 521 etiam
2360 484 2392 520 a
2423 467 2603 536 poetis
2637 463 3032 534 historieisque
3082 461 3428 532 pra'dicatos,
3460 478 3569 515 non

328 552 562 606 διαθέσει
623 554 926 607 διαϐάλλων
989 571 1097 621 τις,
1163 555 1479 626 ἡττώμενον
1529 558 1754 628 εὑρήσει
1788 575 1892 611 πα-

1999 574 2190 630 parum
2226 575 2256 614 a
2288 559 2451 615 nobis
2498 565 2785 626 superatos
2833 556 3051 625 Opinor.
3106 553 3369 620 Quamvis
3403 553 3570 622 igitur

335 644 552 714 ραπολύ.
589 645 663 697 Τὸ
721 646 823 714 μὲν
852 646 960 716 γὰρ
995 647 1258 700 κοινωνὸν
1306 647 1530 700 ἑλέσθαι
1561 649 1659 717 τῆς
1711 649 1892 720 ἀρχῆς

2015 651 2120 706 iliis
2175 651 2432 706 omnibus
2467 651 2740 712 mirabile,
2790 649 2926 703 mihi
2966 656 3146 701 tamen
3184 644 3461 700 mediocre
3515 651 3571 697 et

331 732 418 783 καί
454 732 557 798 τῆς
587 733 832 798 εὐδοξίας
866 736 1220 804 μεταδοῦναι,
1275 739 1369 792 καὶ
1405 737 1589 801 ἄλλοις
1635 739 1702 793 ἄν
1747 756 1892 793 τισιν

2015 741 2253 811 :xiguum
2284 741 2540 810 quiddam
2567 749 2826 809 apparet;
2855 754 2962 793 non
2981 739 3155 791 solum
3181 736 3309 806 quia
3333 733 3567 788 maxime

333 818 476 889 εὖροι
521 837 606 884 τις
650 825 1014 892 εἰργασμένον
1056 825 1164 894 πρὸ
1185 827 1362 898 ήμῶνο
1413 831 1480 898 τῇ
1523 829 1580 883 δὲ
1611 829 1766 900 φιλίᾳ
1799 830 1896 884 καί

332 912 394 978 τῇ
428 911 704 982 συμπνοίᾳ
729 952 743 975 ,
795 914 863 984 ἢν
898 917 956 968 ὲν
1001 915 1256 984 ἀλλήλοις
1306 919 1665 988 ἐκτησάμεθα
1701 922 1891 990 ἡμεῖς,

337 999 424 1051 καὶ
459 1001 586 1062 τοὺς
621 1003 776 1072 παρὰ
805 1008 1058 1075 min-ui;
1087 1007 1184 1060 καὶ
1217 1009 1631 1079 συγγραφεῦσιν
1679 1012 1772 1064 ἐπὶ
1803 1029 1893 1080 φι-

342 1090 474 1155 λίαις
503 1093 883 1164 δμνουμένους
913 1097 1014 1151 οὐκ
1049 1100 1138 1152 ἐπ’
1165 1099 1351 1168 ὀλίγον
1377 1101 1582 1170 νομίζω
1615 1120 1896 1172 παρηκον-

341 1181 564 1237 τικέναι.
596 1183 760 1238 Ὅθεν
786 1185 839 1238 εῐ
871 1203 924 1238 τι
947 1188 1044 1240 καὶ
1073 1188 1182 1242 τῶν
1215 1189 1542 1261 θαυμασίων
1573 1193 1722 1246 δοκεῖ
1755 1189 1898 1248 εἶναι

344 1271 442 1330 τοῖς
492 1270 672 1334 ἄλλοις
725 1274 895 1339 πᾶσι,
943 1273 1053 1327 τῶν
1103 1277 1342 1347 μετρίων
1401 1279 1590 1348 ἔμοιγε
1648 1282 1900 1349 φαίνεται

346 1363 432 1412 καὶ
473 1362 692 1428 ὀλίγων,
742 1365 804 1416 οὐ
878 1365 966 1417 διὰ
1020 1367 1081 1419 τὸ
1129 1367 1363 1435 μάλιστα
1409 1371 1696 1439 βούλεσθαι
1739 1374 1902 1442 μόνον

347 1452 434 1503 καὶ
467 1452 656 1522 ὥσπερ
700 1470 754 1506 τι
791 1455 992 1525 δεῖγμα
1031 1456 1263 1512 οἴεσθαι
1293 1463 1490 1530 μικρὸν
1543 1463 1645 1532 τῆς
1688 1464 1902 1522 ἔνδοθεν

350 1544 572 1612 στοργῆς
613 1545 714 1615 τῆς
767 1550 896 1617 περί
948 1549 1028 1615 σὲ,
1076 1550 1192 1604 ἀλλ’
1239 1552 1320 1605 ὅτι
1364 1552 1460 1606 καὶ
1501 1553 1807 1625 Ῥωμαίους
1840 1559 1902 1611 οὐ

351 1636 536 1705 μικρὸν
566 1636 649 1699 εἰς
677 1638 745 1691 τά
771 1640 1074 1711 πράγματα
1101 1641 1471 1712 λυσιτελήσει.
1501 1645 1768 1711 Βασιλεὺς
1808 1648 1905 1717 μὲν

2001 826 2100 883 tibi
2121 827 2264 890 volo,
2280 837 2332 881 et
2353 827 2680 896 iditanquam
2700 840 2926 895 parvum
2946 824 3160 892 aliquod
3182 822 3574 876 documentum

1981 917 2629 986 ,intrinsecisummique
2685 915 2892 971 amoris
2919 931 3044 984 erga
3083 923 3136 968 te
3160 912 3264 966 mei
3294 911 3573 971 existimo,

2002 1009 2098 1066 sed
2129 1009 2296 1063 etiam
2327 1009 2456 1077 quia
2494 1007 2546 1064 id
2583 1008 2842 1062 Romamn
2875 1005 3188 1076 reipublicae
3221 1004 3481 1073 majorem
3517 999 3575 1053 in

2003 1099 2227 1154 modum
2262 1097 2527 1169 proderit.
2567 1097 2661 1152 llis
2715 1095 3020 1172 rationibus
3082 1093 3386 1161 imperator
3444 1104 3528 1142 ma

2004 1203 2172 1260 gnum
2204 1189 2567 1243 domesticum
2594 1201 2917 1257 promovere
2948 1184 3248 1247 nitebatur,
3268 1191 3329 1236 ut
3356 1179 3572 1249 imperii
3669 1205 3690 1216 κ

2008 1281 2216 1351 collega
2251 1275 2413 1334 simul
2445 1281 2510 1333 ad
2546 1280 2756 1334 clavum
2783 1277 3017 1332 sederet.
3052 1275 3148 1330 llle
3181 1289 3313 1329 vero
3343 1272 3484 1325 idem
3516 1286 3575 1323 se

2009 1386 2231 1442 prorsus
2262 1371 2470 1426 sentire
2513 1368 2817 1438 respondit,
2849 1378 2901 1422 et
2931 1380 3186 1436 magnum
3220 1362 3479 1432 quiddam
3511 1377 3575 1414 ac

2011 1461 2424 1532 suspiciendum
2459 1475 2579 1514 esse
2612 1459 2900 1528 imperium
2930 1458 3236 1514 Romanum
3271 1469 3366 1524 per
3401 1469 3481 1514 se,
3518 1462 3578 1507 et

2011 1553 2132 1607 aliis
2154 1553 2514 1607 humanarum
2540 1535 2856 1605 felicitatum
2880 1548 3035 1619 quasi
3054 1545 3370 1602 coronidem
3389 1558 3580 1613 quam-

2011 1642 2138 1697 dam
2195 1651 2251 1697 et
2287 1642 2563 1712 fastigium
2605 1639 2880 1712 quoddam
2911 1637 3125 1702 videri;
3160 1636 3202 1690 si
3234 1644 3417 1690 tamen
3450 1649 3579 1687 cum

347 1722 436 1780 οὖν
486 1727 550 1780 ἐκ
609 1729 819 1784 τούτων
870 1733 1151 1803 ἐπεχείρει
1205 1735 1300 1789 τὸν
1352 1735 1531 1804 μέγαν
1583 1715 1908 1808 δομέστικον

2015 1749 2208 1789 eorum
2264 1743 2453 1788 mutua
2511 1733 2784 1789 charitate
2821 1729 3162 1792 conferatur,
3201 1741 3303 1782 nec
3342 1725 3580 1779 admira-

357 1816 555 1871 πείθειν
601 1819 750 1888 αὖτῷ
808 1821 1238 1891 συμδασιλεύειν
1298 1827 1390 1880 καὶ
1448 1827 1753 1882 συνδιέπειν
1803 1829 1906 1900 τὴν

354 1906 549 1976 ἀρχήνο
600 1911 629 1962 ὁ
666 1911 722 1962 δὲ
765 1911 860 1964 καὶ
919 1912 1084 1977 αὐτὸς
1141 1914 1242 1982 μὲν
1287 1915 1443 1984 ἔλεγε
1497 1918 1594 1986 τὴν
1643 1920 1765 1991 ίσην
1813 1923 1907 1974 καὶ

356 1997 535 2066 ὁμοίαν
555 1998 702 2069 ἔχειν
747 2003 878 2070 περὶ
905 2003 967 2054 τὸ
995 2006 1230 2074 πρᾶγμα
1262 2005 1443 2070 δόξαν·
1479 2009 1575 2060 καὶ
1618 2009 1762 2078 μέγα
1809 2013 1907 2080 μὲν

357 2089 546 2144 οἴεσθαι
579 2092 673 2146 καὶ
704 2092 1023 2162 θαυμαστὸν
1061 2097 1182 2151 καθ’
1216 2100 1381 2152 ἑαυτό
1413 2117 1471 2153 τε
1517 2097 1660 2155 εἶναι
1697 2104 1794 2156 καί
1822 2104 1908 2157 δο-

359 2180 465 2230 κεῖν
513 2183 620 2244 τοῖς
652 2183 834 2247 ἄλλοις
867 2185 1060 2257 ὥσπερ
1097 2206 1182 2251 τις
1220 2191 1450 2259 κορωνὶς
1481 2191 1592 2245 τῶν
1619 2194 1674 2244 ὲν
1697 2194 1909 2265 ἀνθρώ-

359 2286 472 2332 ποις
501 2273 894 2344 εὐτυχημάτων
922 2278 1004 2344 ὃν,
1041 2284 1107 2351 τῇ
1147 2279 1302 2350 φιλίᾳ
1338 2281 1395 2334 δὲ
1421 2283 1600 2337 αὐτῶν
1623 2286 1912 2355 παραϐαλ-

358 2359 572 2430 λόμενον
596 2368 665 2436 τῇ
702 2368 841 2436 πρὸς
885 2369 1173 2439 ἀλλήλους,
1227 2373 1380 2426 οὐδὲν
1427 2374 1534 2426 τῶν
1585 2373 1908 2447 θαυμασίων

361 2449 509 2521 εἶναι,
558 2457 679 2509 οὐδὲ
730 2458 840 2511 τῶν
893 2459 1122 2524 εἰκότως
1169 2463 1236 2516 ἂν
1267 2463 1539 2534 ἐκπλῆξαι
1568 2466 1907 2538 δυναμένων.

371 2545 424 2597 '0
452 2548 553 2619 γὰρ
583 2547 684 2619 τὴν
713 2550 881 2604 αὐτοῦ
920 2551 1067 2624 ζωὴν
1097 2557 1196 2623 τῆς
1226 2556 1437 2620 οἰκείας
1472 2559 1774 2628 προτιθεὶς,
1816 2565 1911 2618 καὶ

364 2637 470 2703 μεθ’
502 2637 632 2707 ὅσης
672 2639 740 2693 ἂν
773 2642 970 2712 ἡδονῆς
1014 2643 1075 2696 τὸ
1128 2644 1272 2714 ὑπὲρ
1329 2646 1496 2701 αὑτοῦ
1550 2650 1911 2722 ἀνθελόμενος

362 2727 640 2782 ἀποθανεῖν
734 2732 788 2784 τί
846 2733 1168 2803 θαυμωτδν
1211 2736 1262 2790 εἰ
1301 2739 1394 2792 καί
1432 2739 1711 2810 βασιλείας
1745 2763 1913 2812 μεταη

360 2812 486 2883 δοίη,
515 2818 544 2887 ἦ
585 2819 640 2869 εἴ
665 2837 809 2884 τινος
838 2823 930 2874 καὶ
963 2824 1154 2878 τούτου
1190 2826 1684 2900 θαυμασιωτέρου;
1725 2834 1824 2903 τῆς
1853 2835 1912 2888 δὲ

365 2905 673 2974 εὐεργεσίας
705 2911 865 2964 ἕνεκα
907 2918 1142 2986 ταυτησὶ
1176 2917 1377 2981 πολλὰς
1422 2921 1520 2990 μὲν
1549 2921 1784 2990 ὀφείλειν
1815 2926 1912 2996 χά-

365 3012 508 3063 ριτας
560 3001 880 3071 ὁμολογεῖν,
922 3007 1018 3058 καί
1070 3006 1248 3076 λόγοις
1288 3026 1348 3061 τε
1401 3011 1636 3066 καθόσον
1693 3009 1804 3071 οἷόν
1850 3036 1909 3072 τε

357 3088 620 3178 τὴννὺπὲρ
659 3094 836 3163 αὐτῆς
895 3097 1057 3165 χάριν
1097 3098 1382 3167 ἀφοσιοῦν,
1415 3100 1602 3172 ἔργοις
1649 3123 1706 3158 τε
1752 3108 1912 3178 ἀμεί-

355 3174 542 3230 6εσθαι
577 3182 692 3244 τοῖς
743 3183 903 3249 ἴσοις,
959 3187 1058 3258 τὴν
1111 3189 1306 3259 ὁμοίαν
1356 3194 1451 3246 καί
1492 3195 1658 3250 αὐτὸν
1710 3174 1913 3271 ἰκ-τῆς

355 3270 579 3365 καρδίας
618 3273 768 3344 αὐτῷ
795 3277 1147 3346 προσάγοντα
1178 3284 1275 3335 καὶ
1304 3285 1490 3352 φιλίαν
1521 3290 1615 3342 καὶ
1653 3270 1909 3365 στοργήν.

361 3362 422 3412 ὐ
455 3362 511 3414 δὲ
575 3365 726 3435 αὐτῷ
775 3370 1101 3439 προστάττει
1140 3373 1234 3426 νῦν
1270 3375 1522 3446 δέχεσθαί
1576 3397 1658 3446 τε,
1703 3362 1797 3437 καὶ
1840 3362 1914 3448 ὥς

354 3455 734 3524 τετελεσμένον
767 3461 1009 3530 νομίζειν
1038 3465 1137 3536 ήδη
1169 3483 1184 3498 ·
1229 3466 1290 3519 τὸ
1320 3469 1430 3540 γὰρ
1468 3471 1550 3534 είς
1573 3472 1734 3526 αὐτὸν
1757 3469 1912 3546 ἧκον,

354 3547 503 3638 οδδὲν
524 3547 794 3603 ἐλλείπειν
820 3554 913 3605 τοῦ
942 3557 1281 3626 πεπρᾶχθαι·
1308 3558 1457 3630 ἔργῳ
1483 3562 1539 3615 δὲ
1568 3564 1744 3618 τελεῖν
1776 3568 1916 3638 μήτε

351 3637 611 3695 δύνασθαι
649 3645 786 3713 μήτε
807 3650 948 3700 κατὰ
983 3649 1211 3719 γνώμην
1247 3651 1395 3722 αὐτῷ
1425 3650 1591 3722 εἶναι,
1620 3661 1758 3727 μήτε
1790 3637 1915 3712 καθ’

351 3729 565 3802 ἡδονήν.
591 3734 682 3785 Διὸ
702 3735 867 3788 αὐτόν
898 3755 958 3790 τε
997 3738 1270 3794 παύεσθαι
1297 3743 1512 3798 πείθειν
1535 3746 1916 3818 ἐπιχειροῦντα

358 3823 486 3891 περί
517 3825 735 3892 τούτου,
757 3830 850 3882 καὶ
871 3830 1018 3900 αὐτῷ
1047 3835 1474 3904 παραιτουμένῳ
1491 3838 1914 3905 συγγινώσκειν.

354 3911 613 3979 Βασιλεὺς
643 3916 700 3968 δὲ
749 3919 849 3989 οὐχ
873 3919 1046 3984 οὕτως
1073 3921 1316 3992 ἔφασκεν
1345 3927 1786 3998 ἀπροφασίστως
1809 3950 1918 3986 πα-

357 4007 664 4072 ραιτεῖσθαι
731 4009 948 4078 χρῆναι·
1008 4011 1148 4065 ἀλλὰ
1206 4014 1307 4077 τὰς
1377 4016 1558 4081 αἰτίας
1622 4019 1915 4085 διδάξαντα

356 4096 590 4161 πρῶτον,
627 4098 724 4150 καί
754 4098 852 4168 τὴν
893 4100 1118 4164 ἀξίωσιν
1149 4103 1420 4160 πείσαντα
1457 4107 1534 4170 ὡς
1578 4109 1914 4180 παράλογον,

354 4185 527 4250 οὕτως
580 4189 682 4258 ἠδη
737 4190 1072 4246 ἀπολύεσθαι
1140 4194 1362 4255 αἰτίαςο
1422 4201 1556 4269 πρὶν
1620 4199 1679 4253 δὲ
1744 4205 1915 4256 ταῦτα

356 4281 526 4329 ποιεῖν
578 4280 640 4332 οὐ
696 4281 934 4346 συνετὸν,
981 4283 1092 4338 οὐδ’
1123 4285 1266 4355 ἄγαν
1302 4287 1592 4355 φιλοῦντος
1638 4290 1812 4354 οὕτως
1855 4294 1913 4358 ἐξ

2014 1825 2261 1890 bile,nec
2283 1825 2480 1880 merito
2503 1821 2999 1895 obstupeseendum
3027 1834 3168 1876 esse.
3202 1817 3304 1885 Qui
3329 1817 3478 1872 enim
3506 1816 3582 1869 al-

2016 1914 2187 1968 terius
2241 1914 2409 1968 vitam
2444 1928 2556 1968 suae
2588 1913 2862 1976 antetulit,
2896 1921 2952 1967 et
3004 1924 3107 1980 pro
3140 1907 3332 1963 eodem
3366 1919 3581 1962 summa

2013 2020 2138 2062 cum
2164 2005 2443 2074 voluptate
2477 2005 2649 2059 emori
2697 2004 2882 2073 elegit,
2925 2001 3054 2074 quid
3096 2000 3318 2064 mirum,
3352 1999 3398 2054 si
3449 2012 3576 2052 cum

2016 2097 2122 2152 hoc
2145 2097 2454 2166 imperium,
2482 2105 2577 2150 aut
2603 2096 2647 2149 si
2677 2095 2807 2165 quid
2838 2094 3067 2163 imperio
3097 2089 3445 2161 praestantius
3469 2097 3575 2153 est,

2015 2189 2258 2244 dividat?
2291 2188 2365 2242 De
2395 2187 2499 2241 hac
2527 2195 2709 2240 autem
2753 2182 3111 2239 beneficentia
3141 2181 3372 2235 multum
3415 2195 3474 2234 se
3502 2178 3580 2232 illi

2017 2278 2242 2341 debere,
2299 2276 2468 2345 idque
2518 2275 2755 2344 ingenue
2784 2271 3060 2335 conﬁteri,
3093 2279 3148 2326 et
3193 2270 3372 2324 verbis
3415 2283 3578 2338 quam

2017 2367 2430 2439 religiosissime
2455 2366 2628 2436 possit
2653 2363 2852 2435 gratias
2877 2376 3070 2433 agere,
3103 2377 3162 2416 re
3199 2361 3314 2431 ipsa
3344 2360 3576 2424 referre,

2015 2476 2141 2518 cum
2189 2459 2373 2514 animo
2401 2456 2650 2512 eamdem
2698 2455 2777 2508 illi
2831 2451 3224 2508 benevolentiae
3267 2451 3580 2519 amorisque

2019 2550 2448 2624 magnitudinem
2478 2546 2817 2602 remetiatur.
2837 2544 2991 2611 Quod
3013 2559 3143 2599 vero
3173 2557 3320 2598 nunc
3341 2541 3447 2596 sibi
3478 2541 3580 2594 im-

2018 2653 2203 2716 ponat,
2234 2641 2287 2696 id
2311 2655 2371 2696 se
2403 2639 2711 2701 admittere,
2737 2647 2792 2692 et
2823 2651 2920 2706 pro
2952 2635 3204 2691 confecto
3229 2635 3431 2688 ducere
3462 2630 3578 2704 [75]

2019 2734 2191 2806 (quod
2222 2735 2370 2789 enim
2395 2731 2464 2786 ad
2487 2743 2546 2786 se
2574 2730 2828 2794 attineat,
2875 2727 3013 2782 nihil
3042 2728 3254 2788 deesse,
3285 2723 3580 2795 quominus

2018 2826 2328 2882 confectum
2356 2823 2475 2886 sit),
2509 2835 2570 2876 re
2618 2827 2796 2874 tamen
2822 2818 3048 2888 nequire
3078 2815 3365 2886 perﬁcere,
3399 2829 3578 2884 neque

2020 2919 2356 2974 allubescere
2389 2915 2513 2977 sibi,
2545 2927 2722 2982 neque
2754 2911 2917 2965 ullam
2936 2908 3335 2979 iucunditatem
3363 2920 3574 2975 parere.

2021 3013 2386 3082 Quamobrem
2408 3007 2600 3078 cceptis
2621 3006 2866 3069 desistat,
2886 3003 3095 3072 sibi’que
3112 2999 3384 3054 recusanti
3402 3000 3582 3069 ignos-

2015 3115 2120 3162 cat.
2159 3103 2300 3157 Tum
2334 3101 2632 3170 imperator
2668 3115 2681 3150 :
2715 3095 2832 3150 Non
2883 3094 2954 3153 ita
3010 3091 3261 3162 praecise,
3319 3090 3580 3158 nulloque

2018 3202 2279 3266 praetextu
2306 3188 2693 3252 recusandum,
2740 3199 2930 3240 verum
2959 3197 3153 3238 causas
3177 3179 3504 3244 afferendas,
3526 3188 3582 3234 et

2015 3284 2160 3355 quod
2180 3281 2504 3354 postuletur,
2527 3293 2651 3334 cum
2667 3277 2878 3332 ratione
2898 3289 3008 3329 non
3029 3285 3335 3344 congruere
3359 3269 3584 3324 demon-

2017 3374 2326 3436 strandum,
2353 3381 2517 3440 atque
2544 3371 2619 3424 ita
2651 3367 2871 3423 demum
2901 3365 3119 3434 culpam
3152 3362 3220 3416 ab
3242 3377 3301 3417 se
3325 3375 3584 3416 amoven-

2016 3467 2141 3522 dam
2167 3481 2180 3518 :
2205 3460 2406 3531 alioqui
2428 3473 2529 3514 nec
2550 3457 2856 3529 prudentis,
2881 3468 2982 3509 nec
3002 3452 3157 3507 valde
3176 3450 3408 3506 amantis
3433 3465 3580 3515 esse,

2017 3570 2330 3612 asseverare
2351 3552 2689 3622 simpliciter,
2724 3561 3002 3616 nunquam
3030 3543 3132 3598 sibi
3147 3556 3470 3613 persuasum
3491 3541 3580 3596 iri.

2016 3647 2096 3703 Ac
2121 3647 2166 3700 si
2187 3661 2295 3701 non
2321 3643 2493 3704 aliud,
2525 3642 2629 3696 hoc
2651 3653 2820 3693 unum
2848 3647 3020 3703 certe,
3050 3635 3195 3705 quod
3223 3648 3440 3703 semper
3472 3647 3585 3705 prae

2019 3753 2079 3795 se
2112 3738 2270 3802 ferat,
2296 3734 2438 3788 nihil
2469 3747 2590 3787 esse
2622 3739 2728 3785 tam
2752 3743 2980 3798 parvum
3009 3735 3100 3781 aut
3131 3741 3411 3802 magnum,
3437 3725 3584 3794 quod

2017 3845 2086 3887 eo
2121 3829 2335 3883 volente
2365 3840 2472 3880 non
2507 3824 2577 3878 Sit
2603 3822 2866 3883 facturus,
2893 3819 3018 3890 jure
3049 3817 3115 3872 ad
3147 3817 3354 3872 dandas
3389 3829 3584 3869 manus

2018 3935 2178 3994 posse
2199 3898 2548 3986 compellere.
2575 3911 2631 3967 Si
2660 3910 2820 3964 aliter
2844 3909 2922 3970 tit.
2956 3923 3054 3978 par
3083 3921 3222 3972 esse,
3266 3914 3325 3961 ut
3352 3905 3584 3972 demon-

2018 4021 2176 4076 stret,
2207 4027 2320 4082 quo
2352 4024 2411 4065 se
2441 4007 2709 4061 hactenus
2743 4003 2887 4066 dolis
2914 4001 3201 4056 ductatum
3227 3999 3396 4055 fuisse
3428 3997 3586 4052 intel-

2015 4108 2166 4175 ligat.
2199 4103 2351 4158 Tum.
2379 4111 2606 4169 magnus
2631 4093 2963 4150 domesticus
2989 4109 3003 4146 :
3032 4092 3154 4146 Non
3181 4091 3338 4146 aliter
3366 4105 3507 4156 esse,
3529 4099 3589 4144 et

2017 4209 2234 4265 semper
2263 4207 2384 4248 sese
2411 4189 2682 4246 aﬂlrmare
2719 4186 2990 4241 facturum
3021 4199 3146 4254 quae
3187 4183 3278 4238 ille
3305 4182 3436 4238 velit
3469 4197 3586 4238 om-

2017 4294 2129 4359 nia,
2162 4300 2218 4346 et
2247 4291 2304 4344 in
2335 4301 2576 4358 praesens
2600 4284 2776 4339 nihilo
2822 4283 3002 4338 minus
3029 4283 3097 4336 ad
3149 4282 3251 4336 hoc
3282 4281 3460 4352 ipsum
3492 4295 3585 4350 pa-

353 4370 612 4439 οὐδεμιᾶς
655 4374 835 4436 αἰτίας
879 4376 1249 4446 ἰσχυρίζεσθαι
1300 4377 1362 4431 τὸ
1399 4379 1475 4449 μὴ
1520 4381 1805 4452 πεισθῆναι
1845 4385 1911 4438 ἄν

2020 4393 2198 4439 ratum
2221 4394 2359 4435 esse.
2383 4377 2653 4433 Caeterum
2688 4375 2837 4444 quod
2867 4372 3032 4429 modo
3066 4387 3096 4430 ο
3142 4386 3200 4426 se
3229 4379 3458 4424 conetur
3487 4371 3586 4422 im-

355 4476 506 4514 ποτε.
557 4463 818 4531 Καίτοιγε
853 4466 900 4518 εί
949 4465 1024 4536 μή
1069 4483 1123 4518 τι
1154 4465 1318 4528 ἄλλο,
1355 4468 1416 4521 τὸ
1447 4470 1578 4537 γοῦν
1608 4471 1698 4522 ἀεὶ
1727 4472 1912 4526 διαϐε·
1952 4514 1963 4527 .

351 4549 641 4605 σαιοῦσθαι
683 4553 852 4623 μηδὲν
888 4549 1028 4607 εἶναι
1062 4556 1198 4627 μήτε
1238 4557 1425 4625 μεῖζον
1468 4558 1606 4629 μήτε
1633 4557 1854 4615 ἔλαττον
1886 4563 1915 4616 ὃ

349 4642 682 4711 θελήσαντος
711 4646 943 4708 ἐκείνου,
981 4646 1058 4716 μὴ
1103 4648 1170 4700 ἂν
1199 4649 1278 4710 εἰς
1320 4647 1496 4716 πέρας
1540 4651 1771 4720 ἀγαγεῖν
1819 4653 1920 4708 αὕ-

349 4733 441 4784 τδν
483 4734 632 4799 ἄξιον
668 4736 1110 4803 καταναγκάζειν
1148 4737 1432 4791 πείθεσθαι
1467 4739 1640 4810 αὐτῷ.
1666 4743 1725 4794 Εῖ
1749 4742 1796 4795 δ’
1819 4746 1918 4815 οὐχ

353 4822 528 4886 οὕτως
575 4824 744 4894 ἔχεις,
779 4827 989 4891 δίκαιον
1030 4829 1310 4884 διδάσκειν
1344 4829 1419 4893 ὼς
1474 4831 1540 4884 ἂν
1581 4833 1788 4904 εἰδείην
1827 4837 1918 4889 τὸν

358 4917 625 4987 πρότερον
681 4920 1035 4990 ἡπατημένος
1080 4923 1297 4992 χρόνον.
1355 4923 1546 4989 Οὕτως
1593 4924 1835 4996 ἔφασκεν
1885 4929 1914 4982 ὁ

2021 4482 2261 4546 petrare,
2303 4471 2358 4524 in
2393 4483 2459 4524 eo
2489 4483 2598 4522 non
2641 4466 2751 4520 dici
2783 4464 3140 4520 coherentia.
3181 4461 3343 4536 225
3390 4461 3585 4517 Omnia

2019 4566 2166 4622 enim
2192 4573 2414 4634 propter
2439 4575 2526 4614 me
2556 4566 2946 4614 exsecuturum
2975 4554 3232 4618 dixerim,
3264 4554 3467 4624 inquit,
3487 4555 3584 4609 sed

2016 4665 2243 4727 propter
2293 4662 2343 4708 te
2375 4648 2684 4707 ﬁant.Cum
2725 4663 2892 4719 porro
2943 4647 3020 4713 id,
3053 4646 3122 4702 de
3152 4663 3262 4716 quo
3298 4662 3441 4701 nunc
3474 4660 3589 4700 ser-

2016 4761 2233 4802 monem
2261 4744 2547 4804 habemus,
2581 4750 2808 4810 prepter
2839 4753 2926 4794 me
2959 4741 3038 4804 li't,
3068 4753 3254 4807 neque
3274 4736 3488 4807 iustitia
3515 4735 3588 4789 si-

2016 4838 2119 4904 nit,
2145 4851 2325 4906 neque
2349 4828 2647 4889 necessitas
2671 4830 2874 4901 ﬂagitat
2895 4829 3194 4900 quidquam
3219 4836 3271 4882 te
3295 4825 3583 4880 verborum

2018 4928 2253 4998 amplius
2296 4922 2672 4996 persuasionis
2717 4935 2846 4992 ergo
2876 4919 3151 4990 proloqui.
3183 4915 3317 4970 Nam
3346 4915 3474 4982 quia
3525 4923 3582 4967 tu

1576 5049 1790 5110 Jacobi
1826 5049 2095 5112 Pontani
2125 5055 2315 5111 notat.

353 5151 636 5222 respondit
657 5192 680 5227 ,_
703 5164 1083 5227 praestaturum
1137 5173 1193 5212 se
1218 5175 1310 5222 ea,
1365 5160 1410 5215 si
1465 5162 1740 5216 secundus
1783 5161 1909 5227 sibi,

352 5237 462 5274 non
519 5237 617 5298 par
658 5223 1064 5298 _haberi_i_velit.
1106 5227 1374 5283 Caeterum
1423 5246 1618 5298 nempe
1647 5223 1909 5284 munduui

353 5306 513 5367 posse
542 5292 1010 5367 duobus_solibus
1040 5299 1151 5367 regi
1183 5337 1195 5360 ,
1256 5314 1434 5366 neque
1481 5292 1672 5354 orbem
1706 5316 1918 5353 summa

349 5361 465 5482 ﬁgo
494 5375 664 5486 rlegna
714 5365 868 5420 salvo
897 5375 1044 5420 statu
1085 5361 1360 5422 térrarum
1393 5369 1616 5424 habere.
1667 5369 1922 5423 Justinus

425 5499 540 5578 (75)
583 5500 888 5578 Pu_gn_an_tia
920 5503 1138 5578 videtur
1161 5505 1337 5578 loqui,
1374 5507 1418 5562 si
1459 5507 1746 5578 sequentia
1782 5523 1916 5562 con-

351 5568 579 5647 sideres.
644 5568 753 5626 Sed
811 5573 941 5647 hac
971 5573 1042 5647 ad
1093 5568 1335 5631 animum
1365 5617 1380 5641 ,
1417 5568 1554 5647 quae.
1580 5587 1916 5647 sequuntur,
1945 5611 1952 5615 -

345 5637 421 5692 ad
450 5638 722 5709 habitum,
751 5651 810 5698 et
839 5643 1094 5716 insignia,
1125 5655 1181 5701 et
1227 5637 1763 5717 nomen'pertinent,
1795 5637 1917 5719 ῳιτιὲ

2019 5159 2123 5214 sibi
2151 5161 2227 5213 ait
2276 5173 2384 5213 non
2422 5157 2778 5218 allubesccrc,
2828 5166 3006 5222 neque
3061 5147 3225 5222 ullam
3270 5144 3586 5222 iucundita-

2021 5238 2128 5284 tem
2156 5246 2369 5298 parere.
2396 5227 2629 5281 Adhibet
2648 5216 2808 5298 etiam
2831 5216 2930 5274 ista
2957 5217 3297 5298 recusatione
3318 5216 3580 5298 argutias.

2025 5285 2256 5353 Dent'utn
2311 5299 2491 5364 infra,
2544 5311 2608 5348 ex
2660 5295 2795 5354 illis,
2851 5294 3104 5343 exteriore
3143 5285 3582 5364 quidemmhnbitu

2022 5371 2326 5440 vestituque
2364 5353 2582 5423 ηοηέο.
2612 5373 2716 5440 etc.
2740 5401 2754 5425 ,
2784 5353 2965 5429 patet,
3010 5372 3118 5412 non
3155 5364 3264 5407 tam
3311 5353 3482 5407 cilicia
3517 5369 3583 5409 ac

2021 5433 2254 5494 munera
2315 5433 2664 5494 imperatoria
2727 5442 3049 5490 recusasse,
3122 5437 3286 5493 quam
3345 5434 3583 5494 propter

2021 5491 2327 5562 externa—m7
2359 5491 2505 5559 illam
2567 5499 2902 5570 maiestatem
2931 5535 2949 5570 ,_
2995 5509 3120 5550 eum
3140 5491 3296 5570 non
3324 5491 3586 5570 deessent

2021 5577 2338 5658 Andronico
2396 5570 2579 5634 liberi,
2631 5561 2734 5624 etsi
2782 5565 3127 5636 impuberes,
3186 5561 3451 5628 invidiam
3499 5565 3584 5622 fu.-

2019 5662 2181 5717 gtsse.
