4010 6190
511 221 615 287 471

1610 198 1615 203 ’
1695 221 2022 284 JOANNIS
2059 221 2597 285 CANTACUZENI

3631 216 3727 280 472

514 333 589 388 ita
620 333 848 387 aﬂectus
877 347 935 388 es
964 322 1092 402 erga
1135 349 1246 399 me,
1289 343 1347 390 ut
1387 350 1489 406 ego
1536 350 1663 402 erga
1716 344 1790 397 te,
1843 344 1897 389 et
1943 333 2082 386 idem

2210 335 2366 402 ιέγας
2406 333 2726 403 δομέστικος
2765 329 2933 399 ἔχειν,
2977 329 3077 384 καὶ
3107 328 3198 383 ἀεί
3230 345 3290 382 τε
3330 326 3719 396 διῖσχυρίζισθαι

515 423 661 493 quod
710 438 811 492 ego
867 423 1160 492 proﬁteris,
1194 440 1304 478 non
1356 434 1440 480 est
1477 423 1776 478 secundum
1825 425 2087 477 rationem

515 515 852 578 existimare,
880 516 1184 569 orationem
1215 526 1359 569 tuam
1383 517 1526 585 apud
1551 531 1635 569 me
1654 515 1835 568 valere
1867 513 2086 577 debere,

516 619 698 662 meam
729 605 871 673 apud
913 615 964 659 te
992 621 1102 659 non
1136 606 1286 661 item.
1321 606 1377 659 Si
1406 607 1572 674 igitur
1597 607 1650 658 in
1683 617 1914 672 utroque
1940 619 2092 658 eam-

523 693 648 748 dem
683 695 792 748 vim
825 694 987 749 habet
1019 695 1273 764 idemque
1316 695 1479 758 valet,
1513 695 1670 750 decet
1696 703 1754 747 ut
1783 703 1838 748 tu
1871 708 2090 762 quoque

523 787 672 856 quod
705 800 807 855 ego
829 786 1014 839 malim
1055 786 1108 840 id
1134 796 1377 855 prmstes,
1409 800 1533 839 cum
1568 783 1869 854 praesertim
1899 783 1968 836 de
2003 796 2089 835 me

526 877 600 932 sit
625 875 925 946 negotium.
955 875 1070 938 His,
1093 884 1145 931 et
1171 876 1421 945 pluribus
1454 876 1598 930 ultro
1623 878 1874 942 citroque
1911 874 2090 936 dictis,

524 968 859 1036 imperatore
914 967 967 1021 id
1003 979 1217 1036 agente,
1254 979 1462 1023 uteum
1487 968 1558 1022 ad
1615 967 1832 1036 imperii
1864 967 2096 1020 societa-

525 1068 635 1112 tem
659 1058 1047 1126 capessendam
1076 1059 1385 1125 induceret,
1407 1074 1608 1129 magno
1633 1074 1759 1114 vero
1791 1057 2094 1112 domestico

522 1163 749 1220 prorsus
791 1151 1090 1212 abnuente,
1125 1151 1181 1205 in
1213 1166 1454 1221 praesens
1486 1150 1710 1221 digressi
1738 1159 1867 1204 sunt
1899 1167 1914 1204 :
1969 1164 2093 1203 cum

524 1255 626 1293 nec
658 1240 751 1294 ille
779 1256 929 1310 spem
977 1242 1205 1296 omnino
1259 1243 1544 1312 abjieeret,
1595 1256 1693 1296 nec
1741 1241 1831 1297 hic
1885 1249 2095 1295 tantum

523 1333 730 1388 valeret
781 1344 839 1388 ut
895 1351 925 1390 a
957 1336 1225 1389 sententia
1257 1336 1409 1390 illum
1460 1336 1832 1405 detorqueret.
1891 1335 2098 1390 Videas

523 1425 655 1494 ergo
682 1435 820 1479 aueo
854 1427 1242 1480 retractarium
1277 1427 1594 1496 imperator,
1625 1427 1766 1483 alios
1792 1429 2015 1496 insuper
2041 1427 2096 1480 in

524 1528 736 1585 partem
778 1518 982 1573 laboris
1027 1519 1192 1588 hujus
1225 1535 1421 1575 vocare
1467 1522 1679 1585 Statuit,
1735 1521 1786 1574 si
1822 1519 1963 1574 forte
1999 1533 2098 1587 per

527 1623 623 1662 eos
649 1608 792 1676 quod
823 1603 1035 1664 volebat
1069 1621 1515 1682 consequeretur.
1565 1611 1936 1666 Andronicum
1968 1610 2100 1664 Asa-

529 1716 678 1768 nem,
708 1702 883 1773 ipsius
903 1720 1179 1771 socerum,
1201 1717 1255 1762 et
1274 1716 1726 1776 protostratorem
1749 1704 2097 1776 Synadenum
2130 1683 2172 1738 Β

529 1796 781 1857 assumit,
817 1797 1235 1865 domesticoque
1266 1813 1452 1854 coram
1492 1807 1782 1867 prasente,
1812 1807 2099 1867 postquam

531 1901 698 1954 super
731 1887 854 1941 aliis
887 1889 1170 1943 nonnullis
1190 1905 1286 1945 eos
1311 1889 1680 1961 compellavit,
1708 1904 1822 1944 rem
1849 1887 2100 1957 proposi-

533 1985 642 2029 tam
674 1991 904 2032 exorsus
930 1987 1034 2034 est.
1060 1979 1406 2036 Domesticus
1429 1979 1684 2035 divinans
1713 1993 1822 2048 quo
1849 1979 1916 2034 de
1945 1993 2104 2048 argu-

532 2076 721 2122 mento
753 2077 1031 2124 texeretur
1076 2070 1277 2134 oratio,
1329 2085 1360 2125 e
1395 2070 1630 2125 concilio
1691 2071 2102 2140 imperatorem,

531 2173 597 2212 ac
625 2158 669 2212 si
703 2160 965 2228 quiddam
998 2163 1368 2216 necessarium
1401 2162 1629 2217 haberet
1659 2162 1863 2228 dicere,
1888 2170 2102 2228 evocat;

531 2261 588 2304 et
612 2251 882 2305 seducens
902 2267 1052 2316 eum,
1077 2267 1174 2321 per
1199 2253 1366 2307 Deum
1407 2252 1738 2316 obtestatur,
1766 2267 1834 2306 ne
1862 2252 1990 2321 quid
2013 2267 2106 2306 eo-

533 2355 656 2394 rum
679 2354 803 2409 qua:
830 2340 1169 2396 decrevisset
1194 2346 1259 2395 ad
1286 2351 1582 2412 przesentes
1607 2342 1896 2412 proferret.
1917 2352 2105 2412 utpote

533 2432 771 2488 utilitate
809 2433 958 2488 nulla
1013 2435 1140 2489 inde
1192 2445 1579 2491 consecutura.
1629 2436 1769 2490 Nam
1814 2437 1859 2491 si
1891 2435 1959 2488 ab
1994 2435 2105 2489 ullo

535 2525 849 2580 mortalium
871 2541 938 2581 eo
969 2528 1193 2598 perpelli
1220 2529 1506 2596 potuisset,
1527 2528 1596 2583 ab
1612 2528 1732 2598 ipso
1755 2527 2017 2597 potuisse.
2040 2528 2108 2582 Et

537 2617 664 2685 quia
694 2618 882 2673 multis
904 2619 1248 2689 assiduisque
1269 2621 1654 2690 congressibus
1674 2631 1856 2675 actum
1881 2621 2103 2688 egisset,

537 2710 723 2764 mirari
761 2726 844 2776 se,
905 2713 1182 2781 quomodo
1227 2713 1362 2767 alios
1406 2714 1462 2767 id
1511 2713 1614 2768 sibi
1667 2712 1958 2768 effecturos
1987 2727 2109 2782 spe-

538 2801 765 2856 raverit.
816 2801 1138 2871 Imperator,
1194 2805 1455 2872 quoniam
1499 2812 1756 2858 conatum
1789 2819 1949 2859 suum
1990 2803 2106 2858 fore

539 2893 756 2946 inanem
802 2895 1086 2959 cernebat,
1130 2909 1330 2964 magno
1377 2895 1432 2948 in
1465 2894 1653 2950 dolore
1681 2909 1777 2963 per
1809 2894 1926 2949 dies
1959 2909 2116 2948 com-7

2200 427 2375 479 πάντα
2406 425 2669 496 πράττειν
2700 422 2929 484 ἐθέλειν,
2986 422 3128 476 ἀττα
3175 422 3243 475 ἂν
3289 419 3526 492 βούλοιτο
3563 422 3723 485 αὐτὸς,

2192 517 2284 568 καὶ
2319 515 2414 568 νῦν
2453 515 2607 568 οὐδὲν
2642 509 2807 584 ἧττον
2849 513 2984 582 πρὸς
3027 513 3193 567 τοῦτο
3248 511 3725 581 παρεσκευασμένος

2193 603 2356 660 εἶναι.
2407 605 2524 675 Ἐφ’
2555 598 2616 658 οὗ
2649 604 2707 656 δὲ
2738 604 2949 657 πείθειν
2979 606 3075 656 νῦν
3105 604 3436 673 ἐπιχειρεῖς,
3466 601 3524 654 οὐ
3563 600 3725 664 σώζειν

2192 699 2292 766 τὴν
2326 695 2648 750 ἀκολουθίαν
2684 696 2773 748 τὸν
2811 695 2991 763 λόγον.
3036 695 3160 748 Πᾶν
3199 694 3317 762 γὰρ
3362 690 3560 745 ἐθέλειν
3585 693 3727 742 ποιεῖν

2195 783 2363 858 φαίην
2391 789 2479 852 ἂν,
2510 787 2539 840 ὃ
2565 787 2626 840 οὐ
2665 786 2731 840 δι’
2773 787 2873 857 ἐμὲ
2904 785 2969 840 ἂν
2997 785 3266 854 γίγνοιτο,
3307 783 3396 836 διά
3422 782 3582 839 om.
3617 781 3730 851 Περὶ

2194 872 2256 934 οὗ
2294 879 2350 932 δὲ
2403 878 2499 937 νῦν
2551 879 2580 932 ὁ
2634 879 2792 947 λόγος
2828 878 2899 931 δι’
2946 877 3046 946 ἐμὲ
3083 876 3265 938 δντος,
3301 876 3361 928 οὐ
3403 874 3602 926 δίκαιον
3640 872 3730 924 οὐδ’

2195 975 2494 1042 ἀναγκαῖον
2524 975 2601 1036 είς
2645 972 2819 1026 πειθὼ
2865 970 2944 1041 τῷ
2990 970 3138 1040 λόγῳ
3195 966 3457 1038 χρῆσθαι·
3492 963 3650 1027 ἄλλως
3683 980 3732 1016 τε

2198 1067 2293 1121 καὶ
2326 1068 2490 1120 αὐτὴν
2519 1065 2784 1130 ὡσαύτως
2824 1064 3173 1133 διακείμενον
3217 1060 3346 1130 περὶ
3377 1058 3498 1128 ἐμὲ,
3533 1057 3733 1118 καὶτοῖς

2199 1161 2407 1231 ὁμοίοις
2461 1160 2556 1212 καὶ
2607 1157 2774 1212 αὑτὸν
2822 1157 3117 1228 χρώμενον
3151 1153 3365 1220 λόγοις,
3399 1151 3497 1203 οὐκ
3545 1147 3734 1215 εὔλογον

2201 1253 2336 1321 πρὸς
2378 1252 2478 1322 ἐμὲ
2521 1252 2619 1322 μὲν
2659 1251 2884 1321 ἰσχυρὸν
2915 1249 3006 1304 τδν
3037 1248 3203 1317 λόγον
3244 1245 3518 1316 ἡγεῖσθαι,
3546 1244 3666 1312 πρὸς
3689 1243 3736 1294 σὲ

2197 1342 2254 1394 δὲ
2294 1341 2370 1412 μὴ
2413 1339 2676 1394 δύνασθαι
2709 1339 2780 1392 τὰ
2814 1339 2926 1393 ἴσα.
2957 1340 3023 1393 Ei
3055 1340 3101 1390 δ’
3135 1339 3196 1390 έν
3222 1335 3552 1406 ἀμφοτέροις
3577 1331 3736 1400 ὁμοίαν

2198 1433 2311 1502 ἔχει
2341 1431 2440 1502 τὴν
2473 1432 2646 1500 ἰσχὺν,
2678 1430 2890 1486 δίκαιον
2936 1429 3032 1482 καὶ
3083 1429 3169 1491 σὲ,
3211 1427 3241 1480 ὃ
3273 1426 3473 1497 μᾶλλον
3503 1422 3604 1491 ἐγὼ
3638 1421 3737 1492 βού-

2199 1523 2364 1594 λομαι
2405 1524 2655 1592 ποιῆσαι,
2685 1521 2863 1585 ἄλλως
2905 1537 2964 1574 τε
2999 1521 3096 1574 καὶ
3124 1519 3256 1587 περὶ
3290 1516 3428 1586 ἐμοῦ
3454 1515 3542 1568 τοῦ
3571 1515 3736 1582 Cnseo:

2204 1619 2366 1686 μένου
2416 1615 2590 1679 ὄντος.
2639 1614 2914 1669 Τοιούτων
2943 1615 3007 1684 δή
3041 1628 3210 1667 τινων
3240 1611 3339 1664 καὶ
3365 1608 3616 1662 πλειόνων
3643 1605 3737 1656 ἑτέ-

2203 1726 2313 1782 ρων
2343 1711 2480 1780 πρὸς
2523 1708 2791 1778 ἀλλήλους
2841 1707 3174 1776 εἰρημένων,
3231 1703 3493 1773 βασιλέως
3523 1699 3612 1769 μὲν
3635 1698 3736 1748 ὲπι-

2202 1802 2516 1874 χειροῦντος
2577 1800 2789 1854 πείθειν
2838 1797 3090 1870 δέχεσθαι
3147 1797 3252 1866 τὴν
3306 1794 3608 1865 βασιλείαν,
3658 1788 3735 1842 τοῦ

2206 1895 2442 1964 μεγάλου
2476 1895 2797 1965 δομεστίκου
2832 1892 2889 1946 δὲ
2912 1895 3048 1962 μήτε
3069 1889 3405 1961 βουλομένου
3429 1889 3556 1956 μήτε
3581 1883 3739 1937 πειθο-

2205 1989 2397 2057 μένου,
2429 1985 2488 2039 τὸ
2517 1984 2614 2038 νῦν
2647 1985 2744 2053 μὲν
2776 1983 2923 2052 ἕχον,
2947 1982 3305 2052 διελύθησαν,
3333 1978 3443 2032 οὔτ’
3469 1972 3742 2042 ἀπαγορεύ-

2207 2090 2406 2137 σαντος
2449 2075 2527 2136 εἰς
2562 2075 2715 2135 τέλος
2758 2070 3049 2141 βασιλέως,
3091 2068 3222 2122 οὔτε
3272 2066 3368 2120 τοῦ
3421 2065 3642 2133 μεγάλου
3669 2062 3740 2113 δον

2207 2165 2470 2234 μεστίκου
2500 2144 2847 2232 ἀποσχέσθαι
2875 2161 2972 2215 τοῦ
3005 2161 3342 2232 πράγματος
3381 2158 3561 2210 πεῖσαι
3605 2153 3739 2218 δυνη-

2206 2261 2394 2320 θέντος
2447 2256 2700 2328 βασιλέα.
2738 2255 3000 2318 Βασιλεὺς
3029 2253 3089 2306 δὲ
3121 2253 3292 2308 αὐτὸν
3319 2249 3488 2311 οὕτως
3520 2243 3740 2300 ἀνθιστά-

2210 2367 2371 2420 μενον
2429 2349 2594 2420 ὀρῶν,
2628 2348 2741 2402 δεῖν
2779 2348 2925 2416 ἔγνω
2980 2347 3078 2402 καὶ
3141 2347 3367 2416 ἑτέρους
3421 2342 3553 2414 πρὸς
3597 2335 3746 2391 πειθὼ

2207 2441 2579 2512 παραλαϐεῖν,
2628 2442 2801 2505 εῐπως
2849 2440 3109 2510 δυνηθείη
3147 2439 3222 2494 διῑ
3263 2436 3442 2490 αὐτῶν
3483 2428 3744 2486 πεῖσαιδέ-

2210 2529 2404 2594 ξασθαι
2437 2530 2539 2594 τὴν
2579 2526 2887 2596 βασιλείαν,
2933 2528 3028 2580 καὶ⁵
3061 2524 3405 2597 παραλαϐὼν
3444 2519 3744 2590 ’Δνδρόνικον

2208 2624 2300 2675 τὸν
2351 2621 2608 2691 ’Δσὰνην,
2647 2621 2776 2674 ϐντα
2807 2621 2902 2674 τοῦ
2947 2619 3190 2690 μεγάλου
3221 2616 3538 2688 δομεστίκου
3569 2610 3744 2665 πενθε-

2211 2713 2326 2784 ρὸν,
2359 2715 2454 2766 καὶ
2483 2714 2576 2766 τὸν
2612 2713 3079 2783 πρωτοστράτορα
3123 2712 3456 2786 Συναῡδηνὸν,
3485 2707 3574 2759 καὶ
3605 2700 3741 2758 αὑτοῦ

2214 2803 2452 2875 μεγάλου
2485 2804 2816 2872 δομεστίκου
2844 2803 3143 2873 παρόντος.
3181 2802 3324 2873 μετὰ
3350 2801 3410 2852 τὸ
3437 2794 3742 2865 διαλεχθῆναι

2211 2896 2342 2966 περί
2389 2912 2555 2948 τινων
2587 2895 2793 2965 ἐτέρων
2825 2893 2964 2964 πρὸς
3012 2893 3243 2960 αὐτοὺς,
3275 2891 3378 2962 ήδη
3410 2883 3638 2954 καὶπερὶ
3663 2880 3742 2934 τοῦ

541 2982 727 3052 plures
759 2981 882 3046 luit,
928 2983 1107 3053 deque
1159 2986 1338 3055 magni
1387 2985 1674 3041 domestici
1739 2985 2106 3057 inobedientia

2215 2984 2580 3053 προκειμένου
2611 2981 3140 3052 προοιμιαζομένου,
3173 2984 3203 3034 ὁ
3255 2981 3432 3051 μέγας
3463 2973 3743 3077 δομέστικος

541 3082 599 3126 et
624 3087 815 3142 parum
851 3072 1083 3128 honesta
1121 3074 1424 3140 pertinacia
1458 3073 1858 3144 querimoniam
1892 3071 2106 3128 habuit.

539 3162 934 3219 Verumtamen
984 3166 1240 3235 precibus
1264 3167 1582 3234 obsecutus,
1637 3167 1704 3222 de
1733 3182 1792 3222 re
1825 3176 2111 3236 tantopere

542 3255 734 3323 cupita
752 3254 1039 3312 conticuit.
1083 3256 1164 3312 llli
1187 3257 1300 3323 alii,
1341 3257 1474 3328 quid
1503 3258 1800 3328 imperator
1829 3257 2108 3324 voluisset,

541 3360 654 3400 non
676 3345 811 3401 satis
829 3354 1047 3412 norant,
1061 3347 1166 3402 nisi
1183 3347 1328 3418 quod
1345 3348 1715 3404 verisimiliter
1732 3349 2113 3420 conjectabant

543 3436 614 3492 de
643 3437 830 3494 arduis
852 3439 1091 3509 negotiis
1116 3455 1240 3494 eum
1272 3440 1408 3510 ipsis
1441 3448 1715 3506 acturum,
1741 3456 1773 3496 a
1807 3439 2113 3496 domestico

543 3529 867 3599 impeditum
900 3530 1075 3587 fuisse
1114 3547 1129 3586 :
1167 3547 1331 3602 quam
1378 3547 1494 3587 rem
1533 3531 1585 3588 ei
1621 3533 1757 3588 vitio
1809 3534 2112 3601 vertebant,

544 3635 843 3691 secumque
888 3623 1236 3692 iniquissime
1270 3633 1452 3678 actum
1487 3625 1912 3681 contendebant.
1945 3626 2114 3684 Porro

543 3726 708 3766 nemo
747 3713 842 3782 qui
873 3713 978 3768 ista
1015 3715 1192 3782 audit,
1217 3714 1368 3769 nullo
1400 3725 1726 3786 argumento
1755 3715 1984 3786 probata
2014 3733 2116 3774 nos

543 3805 792 3861 scribere
828 3820 892 3861 ac
919 3806 1143 3860 mentiri
1204 3816 1380 3877 putet,
1411 3808 1555 3877 quod
1590 3808 1711 3864 haec
1749 3824 1922 3880 usque
1950 3809 2115 3865 hodie

543 3911 657 3951 non
690 3895 908 3966 publice
933 3897 1309 3953 innatuerunt.
1344 3898 1513 3969 226
1544 3898 1740 3954 Testor
1757 3899 1904 3954 enim
1935 3898 2122 3954 omnia

546 3987 944 4058 inspectantem
967 3998 1022 4044 et
1056 3989 1327 4045 universis
1355 4004 1478 4057 quae
1494 4000 1624 4045 sunt
1644 4004 1859 4059 semper
1879 4004 2119 4059 presen-

547 4083 656 4130 tem
686 4075 1133 4146 incertorumque
1163 4084 1218 4131 et
1250 4077 1586 4132 occultorum
1616 4077 1754 4132 nihil
1779 4077 2117 4133 nescientem

545 4166 744 4230 Deum,
778 4183 862 4220 me
893 4180 1075 4234 neque
1104 4167 1159 4220 in
1182 4166 1396 4222 caeteris
1418 4167 1700 4230 omnibus,
1730 4183 1849 4237 qua:
1873 4169 2114 4230 narravi.

546 4259 633 4315 vel
663 4260 868 4325 odium,
895 4259 979 4312 vel
1011 4258 1260 4328 gratiam,
1285 4257 1372 4312 vel
1397 4258 1540 4313 aliud
1573 4258 1873 4328 quidquam
1898 4257 2117 4312 veritati

2213 3074 2343 3144 περὶ
2386 3068 2462 3128 ὧν
2491 3073 2704 3127 ἔσοιντο
2744 3074 2794 3125 οἱ
2830 3072 2979 3141 λόγοι
3007 3071 3338 3141 συμϐαλὼν,
3374 3068 3557 3134 ἀνίστη
3595 3078 3646 3115 τε
3668 3059 3744 3112 τὸν

2216 3166 2442 3237 βασιλέα
2476 3166 2572 3220 τοῦ
2602 3164 2904 3234 συνεδρίου,
2933 3163 3010 3226 ὡς
3034 3179 3102 3216 πε
3111 3164 3168 3235 pl
3184 3179 3329 3224 τινος
3345 3158 3624 3227 ἀναγκαίου
3647 3150 3744 3222 μέλ·

2213 3255 2324 3308 λων
2357 3253 2727 3319 διαλέξεσθαι·
2763 3254 2859 3306 καὶ
2885 3252 3047 3323 μόνον
3073 3249 3435 3323 παραλαϐὼν,
3470 3243 3652 3314 ὦρκιζε
3669 3237 3752 3290 τὸν-

2213 3347 2373 3410 Θεδν.
2411 3346 2581 3417 μηδὲν
2607 3347 2744 3416 πρὸς
2774 3346 2900 3407 τοὺς
2933 3344 3263 3414 εἰρημένους
3287 3337 3416 3410 περὶ
3441 3331 3513 3392 ὧν
3542 3331 3744 3407 βούλοιτο

2215 3437 2418 3498 είπεϊν,
2459 3434 2534 3496 ὡς
2565 3432 2834 3501 ὠφελείας
2861 3433 3122 3502 οὐδεμιᾶς
3155 3435 3221 3486 ἐκ
3251 3431 3362 3484 τῶν
3391 3427 3554 3496 λόγων
3577 3418 3744 3490 ἐσομέ-

2216 3544 2336 3598 νης.
2372 3527 2435 3581 Ei
2465 3527 2576 3598 γάρ
2611 3526 2741 3595 ἐνῆν
2781 3527 2890 3580 ὑπό
2929 3543 3096 3580 τινων
3135 3524 3455 3594 πεισθῆναι,
3485 3517 3665 3590 μᾶλλον
3687 3510 3741 3564 ἂν

2217 3615 2326 3669 τῶν
2363 3616 2538 3670 ἄλλων
2571 3614 2790 3669 πάντων
2846 3613 3095 3668 ἐπείθετο
3155 3612 3330 3683 αὐτῷ.
3379 3606 3546 3665 Αὑτοῦ
3595 3603 3651 3670 δὴ
3690 3601 3753 3650 Et

2221 3706 2432 3762 πολλῶν
2457 3706 2550 3760 καὶ
2581 3705 2824 3775 συνεχῶν
2847 3704 3078 3776 ὁμιλιῶν
3112 3705 3280 3758 πλέον
3317 3699 3570 3773 mortem;
3596 3689 3750 3752 οὐδὲν».

2221 3799 2524 3870 θαυμάζειν
2559 3798 2608 3850 εί
2649 3797 2861 3868 ἑτέροις
2893 3797 3035 3850 τισὶν
3069 3795 3275 3868 ἧλπισε
3318 3790 3475 3847 τοῦτο
3522 3780 3740 3857 γενέσθαι

2218 3890 2464 3946 δυνατόν.
2496 3888 2764 3952 Βασιλεὺς
2817 3888 2874 3942 δὲ
2910 3887 3127 3959 ἡλγησε
3181 3889 3282 3959 μὲν
3313 3886 3414 3939 οὐκ
3463 3879 3546 3936 ἐπ’
3573 3876 3742 3941 ὀλίγον,

2221 3982 2366 4051 ὁρῶν
2402 3983 2504 4052 ήδη
2549 3980 2648 4052 τὴν
2681 3981 3028 4051 ἐπιχείρησιν
3061 3982 3163 4034 οὐκ
3189 3979 3456 4051 ἐσομένην
3488 3968 3744 4035 ἀνυσθῆναι

2173 4149 2176 4152 Α
2220 4075 2478 4146 δυνατήν.
2519 4076 2628 4128 Καὶ
2669 4074 2971 4127 διετέλεσεν
3017 4074 3237 4145 ἡμέρας
3295 4072 3395 4124 οὐκ
3435 4067 3628 4134 ὀλίγας,
3672 4055 3744 4109 ἀλ·

2221 4167 2334 4234 γῶν
2369 4182 2430 4218 τε
2469 4166 2563 4218 καὶ
2593 4163 2764 4219 πολλὰ
2799 4164 2893 4218 τὸν
2934 4164 3111 4235 μέγαν
3153 4164 3473 4236 δομέστικον
3498 4163 3747 4221 καταμεμι⁹

2222 4261 2456 4329 φάμενος
2503 4259 2603 4329 τῆς
2655 4256 2938 4321 ἀπειθείας
2978 4259 3205 4328 καὶτῆς
3251 4258 3315 4312 οὐ
3348 4254 3512 4321 καλῆς
3541 4248 3742 4317 φιλονει-

547 4350 938 4420 pra‘posuisse,
971 4360 1025 4404 et
1053 4363 1198 4403 nunc
1223 4363 1333 4403 rem
1359 4358 1563 4420 gestam
1596 4360 1658 4405 ut
1681 4359 1832 4420 gesta
1855 4358 1939 4405 est
1958 4351 2109 4406 vobis

2223 4354 2371 4416 κίας.
2404 4352 2596 4420 Ὅμως
2648 4351 2835 4421 μέντοι
2865 4351 2977 4412 τοῖς
3014 4349 3230 4404 ἐκείνου
3259 4347 3570 4416 πειθόμενος
3593 4335 3743 4421 λῦγθιῖ

549 4439 866 4496 tradidisse.
895 4438 1084 4509 Neque
1137 4453 1268 4494 vero
1299 4438 1491 4504 semel,
1527 4438 1681 4494 bisve
1707 4447 1990 4508 quaterve,
2023 4440 2121 4496 sed

547 4515 764 4600 saepius
777 4530 1122 4586 Andronicus
1149 4531 1338 4600 junior
1361 4531 1658 4600 imperator
1679 4529 2118 4587 Cantacuzenum

547 4638 805 4692 magnum
839 4625 1196 4678 domesticum
1229 4631 1341 4678 toto
1363 4630 1586 4692 pectore
1624 4632 1679 4678 et
1740 4623 1890 4677 omni
1919 4634 2118 4678 conatu

549 4714 885 4768 ornamentis
908 4714 1278 4783 imperatoriis
1299 4714 1687 4776 condecorare.
1706 4699 1923 4782 sibique
1947 4728 2123 4769 asses-

551 4817 818 4861 soremet
851 4805 1118 4875 collegam
1149 4814 1408 4876 cooptare
1439 4805 1742 4862 contendit.
1776 4805 1894 4872 Quo
1924 4806 2121 4862 nimio-

551 4915 682 4970 pere
713 4900 1071 4965 detrectante,
1095 4899 1583 4970 eonﬁrmanteque,
1615 4913 1724 4970 quo
1763 4914 1850 4954 res
1884 4914 2123 4971 cumque

550 4993 794 5054 caderet,
824 5007 1098 5062 nunquam
1126 5006 1184 5046 se
1213 4992 1742 5061 obtemperaturum,
1767 4990 1861 5045 diu
1893 4993 1947 5045 in
1971 4992 2118 5060 gravi

555 5083 878 5154 aegrimonia
917 5091 1171 5138 Versatus
1194 5093 1297 5146 est.
1336 5092 1392 5138 et
1418 5081 1762 5137 immodicam
1805 5083 1926 5153 ejus
1953 5081 2124 5137 obsti-

552 5177 834 5230 nationem
857 5176 910 5229 in
930 5174 1360 5244 reprehensione
1375 5173 1578 5245 posuit.
1598 5173 1885 5229 Exteriore
1902 5173 2121 5243 quidem

551 5266 744 5322 habitu
774 5266 1088 5335 vestituque
1136 5283 1241 5321 non
1265 5282 1331 5321 eo
1363 5266 1674 5332 incedebat,
1699 5281 1807 5335 quo
1828 5266 2122 5334 imperator

460 5413 464 5417 .
553 5360 886 5427 postulabat,
920 5360 1012 5414 sed
1042 5360 1352 5414 actionibus
1376 5358 1773 5430 propemodum
1802 5357 2026 5413 nihilab
2055 5373 2122 5413 eo

554 5451 868 5506 ditierebat.
900 5451 1034 5505 Nam
1070 5461 1124 5506 et
1159 5466 1342 5505 rerum
1377 5459 1490 5505 tota
1519 5447 1926 5504 administratio
1958 5463 2124 5519 penes

552 5541 706 5594 i!lum
741 5551 879 5605 erat,
915 5553 970 5595 et
993 5541 1188 5597 edictis
1217 5523 1591 5612 imperatoriis
1615 5557 1770 5611 atque
1793 5551 1853 5594 ut
1879 5540 1996 5608 ipse
2020 5539 2124 5592 im-

553 5643 772 5701 perntar
805 5635 975 5689 m'nio
1006 5632 1104 5689 'scu
1129 5628 1811 5690 t-inn‘abarisubscribebat
1846 5649 1859 5686 :
1892 5647 2014 5702 quae
2037 5646 2124 5704 ,ue

2223 4418 2497 4509 ἀπέσχετο
2543 4418 2659 4492 τοῦ⁷
2691 4437 2873 4506 λέγειν
2915 4440 3046 4508 περὶ
3088 4431 3165 4492 ὧν
3216 4436 3441 4507 ὥρμητο
3481 4427 3606 4497 πρὸς
3640 4418 3741 4476 τοὺς

2223 4532 2564 4602 εἰρημένους.
2594 4533 2704 4585 Καὶ
2745 4531 2899 4585 αὐτοὶ
2947 4531 3005 4584 δὲ
3055 4531 3084 4585 ὅ
3115 4549 3168 4584 τι
3202 4530 3301 4601 μὲν
3350 4511 3741 4609 ἔμελλενὲρεῖνι

2223 4625 2322 4678 οὐκ
2363 4625 2584 4694 ᾔδεισαν
2630 4621 2895 4694 ἀκριϐῶς,
2929 4623 2958 4676 ὁ
3002 4621 3284 4692 βασιλεὺς,
3317 4619 3462 4688 ὅμως
3489 4612 3542 4664 δὲ
3573 4608 3629 4658 ἐκ
3652 4608 3741 4694 των

2223 4692 2454 4769 εἰκότων
2491 4692 2886 4784 στοχαζάμενοι
2911 4712 2987 4776 ὡς
3019 4713 3149 4783 περί
3179 4726 3342 4765 τινων
3378 4701 3618 4778 μεγάλων
3649 4692 3741 4743 δια·

2229 4807 2483 4873 λέξεσθαι
2518 4807 2805 4877 μέλλοντος
2840 4805 3048 4870 αὐτοῖς,
3090 4806 3197 4858 ὑπὸ
3229 4801 3324 4856 τοῦ
3355 4794 3581 4870 μεγάλου
3611 4785 3740 4877 δθμεῖ

2226 4902 2413 4955 στίκου
2440 4866 2735 4969 κωλυθείη,
2768 4901 2828 4952 έν
2855 4897 3061 4960 αίτίαις
3078 4914 3137 4950 τε
3161 4896 3322 4949 αὑτὸν
3360 4885 3636 4944 ἐποιοῦντο,
3657 4866 3737 4969 κεῖ

2223 4994 2294 5049 τά
2315 4993 2520 5064 ἔσχατα
2548 4961 2841 5063 sauricem
2873 4991 3201 5044 διετείνοντο
3235 4987 3325 5044 ὑπ’
3367 4977 3544 5039 αὐτοῦ.
3568 4961 3740 5064 diu?“

2224 5087 2282 5141 δὲ
2343 5053 2498 5139 ταῦτ’
2550 5053 2787 5151 ἀκούῶν,
2845 5083 3211 5150 ἀνεξέλεγκτα
3251 5076 3442 5134 οἰέσθω
3488 5053 3738 5151 ψεύδεσθαι

2223 5180 2375 5250 ἡμᾶς
2404 5179 2494 5231 διὰ
2532 5179 2592 5232 τὸ
2624 5177 2701 5248 μὴ
2736 5142 2872 5230 πάσι
2923 5142 3091 5248 μέχρι
3123 5177 3218 5229 νῦν
3259 5173 3328 5228 τὰ
3357 5161 3571 5222 τοιαῦτα
3601 5142 3736 5249 autfi-

2223 5249 2365 5341 δηλα
2401 5270 2680 5339 γενέσθαι.
2715 5270 2879 5323 Ἴστω
2927 5269 3038 5340 γὰρ
3080 5269 3214 5331 Θεὸς
3260 5267 3288 5319 ὸ
3342 5259 3511 5314 πάντα
3539 5249 3734 5341 saepe)?

2227 5325 2321 5417 κᾶι
2350 5325 2488 5417 πάσι
2534 5362 2650 5426 τοῖς
2679 5325 2989 5431 γινομένοίς
3008 5325 3107 5414 ’ἀεὶ
3140 5325 3349 5431 παρὼν,
3383 5349 3477 5436 καὶΔ
3505 5339 3600 5436 τῶὶο

2375 5407 2488 5502 ixviiii.
2520 5407 2922 5518 κεκρυμμένων
2963 5407 3178 5516 ἀγνοῶν
3224 5407 3418 5516 μηδὲν.
3451 5432 3520 5493 ὡς
3541 5416 3639 5478 οὒτ’

2227 5501 2339 5602 τοῖξ
2398 5539 2581 5602 ἄλλοις
2625 5501 2758 5601 ’τοὶέ
2813 5501 3328 5610 συγγειραμμέδοίς
3381 5501 3719 5626 δῗτασιΪ’-.ῗΞιῖ

2230 5590 2430 5700 tie-pa;
2464 5590 2589 5682 έοὲέ
2645 5590 2852 5698 etiam,
2894 5590 3014 5684 ὀἶκε
3029 5590 3182 5683 ’ὠῖλὶ
3201 5590 3326 5684 τοι
3366 5616 3563 5673 πάντων
3607 5590 3736 5650 "5"“
