  <div class='ocr_page' id='page_1' title='image "/cluster/home/n/w/nwhite01/storage/ocr_20150623/153/hvd.32044073502643/243.png"; bbox 0 0 4010 6190; ppageno 0'>
   <div class='ocr_carea' id='block_1_1' title="bbox 549 281 662 348">
    <p class='ocr_par' dir='ltr' id='par_1_1' title="bbox 549 281 662 348">
     <span class='ocr_line' id='line_1_1' title="bbox 549 281 662 348; baseline -0.018 0"><span class='ocrx_word' id='word_1_1' title='bbox 549 281 662 348; x_wconf 69' lang='lat'><strong>475</strong></span> 
     </span>
    </p>
   </div>
   <div class='ocr_carea' id='block_1_2' title="bbox 1754 277 3733 349">
    <p class='ocr_par' dir='ltr' id='par_1_2' title="bbox 1754 277 3733 349">
     <span class='ocr_line' id='line_1_2' title="bbox 1754 277 3733 349; baseline 0.005 -9"><span class='ocrx_word' id='word_1_2' title='bbox 1754 279 1999 342; x_wconf 71' lang='lat' dir='ltr'><strong>JOAN‘N</strong></span> <span class='ocrx_word' id='word_1_3' title='bbox 2015 281 2082 340; x_wconf 83' lang='lat' dir='ltr'><strong>IS</strong></span> <span class='ocrx_word' id='word_1_4' title='bbox 2123 277 2653 341; x_wconf 78' lang='lat' dir='ltr'><strong>CANTACUZENI</strong></span> <span class='ocrx_word' id='word_1_5' title='bbox 3582 317 3586 322; x_wconf 67' lang='grc' dir='ltr'><strong>τ</strong></span> <span class='ocrx_word' id='word_1_6' title='bbox 3653 287 3733 349; x_wconf 64' lang='grc'><strong>476</strong></span> 
     </span>
    </p>
   </div>
   <div class='ocr_carea' id='block_1_3' title="bbox 557 373 2136 464">
    <p class='ocr_par' dir='ltr' id='par_1_3' title="bbox 557 373 2128 464">
     <span class='ocr_line' id='line_1_3' title="bbox 557 373 2128 464; baseline -0.001 -17"><span class='ocrx_word' id='word_1_7' title='bbox 557 406 747 464; x_wconf 86' lang='lat' dir='ltr'><strong>pacem</strong></span> <span class='ocrx_word' id='word_1_8' title='bbox 783 407 908 448; x_wconf 87' lang='lat' dir='ltr'><strong>cum</strong></span> <span class='ocrx_word' id='word_1_9' title='bbox 939 390 1202 447; x_wconf 82' lang='lat' dir='ltr'><strong>Zacharia</strong></span> <span class='ocrx_word' id='word_1_10' title='bbox 1233 389 1561 460; x_wconf 86' lang='lat' dir='ltr'><strong>composuit,</strong></span> <span class='ocrx_word' id='word_1_11' title='bbox 1591 373 1694 444; x_wconf 84' lang='lat' dir='ltr'><strong>sub</strong></span> <span class='ocrx_word' id='word_1_12' title='bbox 1721 405 1784 444; x_wconf 89' lang='lat' dir='ltr'><strong>ea</strong></span> <span class='ocrx_word' id='word_1_13' title='bbox 1811 391 2128 446; x_wconf 81' lang='lat' dir='ltr'><strong>conditione</strong></span> 
     </span>
    </p>
   </div>
   <div class='ocr_carea' id='block_1_4' title="bbox 2236 373 3730 464">
    <p class='ocr_par' dir='ltr' id='par_1_4' title="bbox 2237 389 3730 463">
     <span class='ocr_line' id='line_1_4' title="bbox 2237 389 3730 463; baseline 0.005 -21"><span class='ocrx_word' id='word_1_14' title='bbox 2237 389 2435 462; x_wconf 65' lang='grc' dir='ltr'>ῥαδίως</span> <span class='ocrx_word' id='word_1_15' title='bbox 2466 389 2646 460; x_wconf 77' lang='grc' dir='ltr'>ἔχοντι</span> <span class='ocrx_word' id='word_1_16' title='bbox 2677 389 2898 460; x_wconf 78' lang='grc' dir='ltr'>πολέμῳ</span> <span class='ocrx_word' id='word_1_17' title='bbox 2921 391 3021 461; x_wconf 72' lang='grc' dir='ltr'>τὴν</span> <span class='ocrx_word' id='word_1_18' title='bbox 3041 391 3206 463; x_wconf 81' lang='grc' dir='ltr'>νῆσον</span> <span class='ocrx_word' id='word_1_19' title='bbox 3241 389 3516 463; x_wconf 83' lang='grc' dir='ltr'>Ῥωμαίοις</span> <span class='ocrx_word' id='word_1_20' title='bbox 3541 393 3730 450; x_wconf 62' lang='lat' dir='ltr'><strong>avuma-</strong></span> 
     </span>
    </p>
   </div>
   <div class='ocr_carea' id='block_1_5' title="bbox 559 484 2130 554">
    <p class='ocr_par' dir='ltr' id='par_1_5' title="bbox 559 484 2130 554">
     <span class='ocr_line' id='line_1_5' title="bbox 559 484 2130 554; baseline -0.001 -15"><span class='ocrx_word' id='word_1_21' title='bbox 559 498 619 539; x_wconf 91' lang='lat' dir='ltr'><strong>ut</strong></span> <span class='ocrx_word' id='word_1_22' title='bbox 669 487 715 539; x_wconf 86' lang='lat' dir='ltr'><strong>is</strong></span> <span class='ocrx_word' id='word_1_23' title='bbox 754 486 949 539; x_wconf 82' lang='lat' dir='ltr'><strong>Chium</strong></span> <span class='ocrx_word' id='word_1_24' title='bbox 994 486 1256 540; x_wconf 76' lang='lat' dir='ltr'><strong>retineret</strong></span> <span class='ocrx_word' id='word_1_25' title='bbox 1313 501 1408 554; x_wconf 91' lang='lat' dir='ltr'><strong>per</strong></span> <span class='ocrx_word' id='word_1_26' title='bbox 1435 484 1786 546; x_wconf 83' lang='lat' dir='ltr'><strong>decennium,</strong></span> <span class='ocrx_word' id='word_1_27' title='bbox 1849 498 1948 538; x_wconf 89' lang='lat' dir='ltr'><strong>nec</strong></span> <span class='ocrx_word' id='word_1_28' title='bbox 1984 493 2130 538; x_wconf 87' lang='lat' dir='ltr'><strong>esset</strong></span> 
     </span>
    </p>
   </div>
   <div class='ocr_carea' id='block_1_6' title="bbox 557 573 2126 642">
    <p class='ocr_par' dir='ltr' id='par_1_6' title="bbox 557 573 2126 642">
     <span class='ocr_line' id='line_1_6' title="bbox 557 573 2126 642; baseline -0.003 -12"><span class='ocrx_word' id='word_1_29' title='bbox 557 577 906 638; x_wconf 87' lang='lat' dir='ltr'><strong>tributarius,</strong></span> <span class='ocrx_word' id='word_1_30' title='bbox 936 585 1145 630; x_wconf 89' lang='lat' dir='ltr'><strong>tantum</strong></span> <span class='ocrx_word' id='word_1_31' title='bbox 1172 586 1232 629; x_wconf 91' lang='lat' dir='ltr'><strong>ut</strong></span> <span class='ocrx_word' id='word_1_32' title='bbox 1251 575 1427 628; x_wconf 78' lang='lat' dir='ltr'><strong>insula</strong></span> <span class='ocrx_word' id='word_1_33' title='bbox 1453 573 1798 642; x_wconf 75' lang='lat' dir='ltr'><strong>imperatoris</strong></span> <span class='ocrx_word' id='word_1_34' title='bbox 1817 585 2126 640; x_wconf 86' lang='lat' dir='ltr'><strong>vocaretur,</strong></span> 
     </span>
    </p>
   </div>
   <div class='ocr_carea' id='block_1_7' title="bbox 559 665 2125 738">
    <p class='ocr_par' dir='ltr' id='par_1_7' title="bbox 559 665 2125 738">
     <span class='ocr_line' id='line_1_7' title="bbox 559 665 2125 738; baseline -0.001 -18"><span class='ocrx_word' id='word_1_35' title='bbox 559 680 614 723; x_wconf 90' lang='lat' dir='ltr'><strong>et</strong></span> <span class='ocrx_word' id='word_1_36' title='bbox 648 670 701 722; x_wconf 89' lang='lat' dir='ltr'><strong>in</strong></span> <span class='ocrx_word' id='word_1_37' title='bbox 725 669 896 723; x_wconf 89' lang='lat' dir='ltr'><strong>muris</strong></span> <span class='ocrx_word' id='word_1_38' title='bbox 920 668 1073 738; x_wconf 84' lang='lat' dir='ltr'><strong>signa</strong></span> <span class='ocrx_word' id='word_1_39' title='bbox 1100 667 1218 736; x_wconf 82' lang='lat' dir='ltr'><strong>ejus</strong></span> <span class='ocrx_word' id='word_1_40' title='bbox 1246 665 1563 738; x_wconf 83' lang='lat' dir='ltr'><strong>figerentur;</strong></span> <span class='ocrx_word' id='word_1_41' title='bbox 1590 681 1655 720; x_wconf 90' lang='lat' dir='ltr'><strong>eo</strong></span> <span class='ocrx_word' id='word_1_42' title='bbox 1680 675 1924 735; x_wconf 90' lang='lat' dir='ltr'><strong>tempore</strong></span> <span class='ocrx_word' id='word_1_43' title='bbox 1951 666 2125 732; x_wconf 88' lang='lat' dir='ltr'><strong>linito,</strong></span> 
     </span>
    </p>
   </div>
   <div class='ocr_carea' id='block_1_8' title="bbox 561 758 2129 828">
    <p class='ocr_par' dir='ltr' id='par_1_8' title="bbox 561 758 2129 828">
     <span class='ocr_line' id='line_1_8' title="bbox 561 758 2129 828; baseline -0.001 -14"><span class='ocrx_word' id='word_1_44' title='bbox 561 761 819 816; x_wconf 77' lang='lat' dir='ltr'><strong>Romanis</strong></span> <span class='ocrx_word' id='word_1_45' title='bbox 875 763 1278 816; x_wconf 74' lang='lat' dir='ltr'><strong>restitueretur.</strong></span> <span class='ocrx_word' id='word_1_46' title='bbox 1329 758 1440 814; x_wconf 83' lang='lat' dir='ltr'><strong>Hoc</strong></span> <span class='ocrx_word' id='word_1_47' title='bbox 1474 759 1654 814; x_wconf 68' lang='lat' dir='ltr'><strong>foedus</strong></span> <span class='ocrx_word' id='word_1_48' title='bbox 1710 759 1946 828; x_wconf 89' lang='lat' dir='ltr'><strong>primum</strong></span> <span class='ocrx_word' id='word_1_49' title='bbox 2003 773 2129 812; x_wconf 85' lang='lat' dir='ltr'><strong>cum</strong></span> 
     </span>
    </p>
   </div>
   <div class='ocr_carea' id='block_1_9' title="bbox 560 849 2130 922">
    <p class='ocr_par' dir='ltr' id='par_1_9' title="bbox 560 849 2130 922">
     <span class='ocr_line' id='line_1_9' title="bbox 560 849 2130 922; baseline -0.001 -17"><span class='ocrx_word' id='word_1_50' title='bbox 560 852 824 906; x_wconf 83' lang='lat' dir='ltr'><strong>Zacharia</strong></span> <span class='ocrx_word' id='word_1_51' title='bbox 859 854 1130 922; x_wconf 84' lang='lat' dir='ltr'><strong>percussit</strong></span> <span class='ocrx_word' id='word_1_52' title='bbox 1159 852 1475 920; x_wconf 87' lang='lat' dir='ltr'><strong>imperator.</strong></span> <span class='ocrx_word' id='word_1_53' title='bbox 1503 850 1649 904; x_wconf 90' lang='lat' dir='ltr'><strong>lntra</strong></span> <span class='ocrx_word' id='word_1_54' title='bbox 1688 849 1911 905; x_wconf 87' lang='lat' dir='ltr'><strong>eosdem</strong></span> <span class='ocrx_word' id='word_1_55' title='bbox 1953 865 2130 904; x_wconf 82' lang='lat' dir='ltr'><strong>annos</strong></span> 
     </span>
    </p>
   </div>
   <div class='ocr_carea' id='block_1_10' title="bbox 535 939 2128 1011">
    <p class='ocr_par' dir='ltr' id='par_1_10' title="bbox 535 939 2128 1011">
     <span class='ocr_line' id='line_1_10' title="bbox 535 939 2128 1011; baseline 0.001 -19"><span class='ocrx_word' id='word_1_56' title='bbox 535 940 877 1007; x_wconf 70' lang='lat' dir='ltr'><strong>Zacharias,</strong></span> <span class='ocrx_word' id='word_1_57' title='bbox 908 941 1061 995; x_wconf 86' lang='lat' dir='ltr'><strong>Chiis</strong></span> <span class='ocrx_word' id='word_1_58' title='bbox 1095 943 1355 1007; x_wconf 81' lang='lat' dir='ltr'><strong>subactis,</strong></span> <span class='ocrx_word' id='word_1_59' title='bbox 1390 941 1624 994; x_wconf 79' lang='lat' dir='ltr'><strong>insulam</strong></span> <span class='ocrx_word' id='word_1_60' title='bbox 1660 941 1744 994; x_wconf 91' lang='lat' dir='ltr'><strong>sui</strong></span> <span class='ocrx_word' id='word_1_61' title='bbox 1795 941 1935 1011; x_wconf 84' lang='lat' dir='ltr'><strong>juris</strong></span> <span class='ocrx_word' id='word_1_62' title='bbox 1971 939 2128 1006; x_wconf 88' lang='lat' dir='ltr'><strong>fecit;</strong></span> 
     </span>
    </p>
   </div>
   <div class='ocr_carea' id='block_1_11' title="bbox 562 1030 2129 1100">
    <p class='ocr_par' dir='ltr' id='par_1_11' title="bbox 562 1030 2129 1100">
     <span class='ocr_line' id='line_1_11' title="bbox 562 1030 2129 1100; baseline -0.001 -14"><span class='ocrx_word' id='word_1_63' title='bbox 562 1031 834 1100; x_wconf 78' lang='lat' dir='ltr'><strong>Ochyrum</strong></span> <span class='ocrx_word' id='word_1_64' title='bbox 858 1031 1142 1099; x_wconf 82' lang='lat' dir='ltr'><strong>oppidum,</strong></span> <span class='ocrx_word' id='word_1_65' title='bbox 1168 1039 1222 1084; x_wconf 91' lang='lat' dir='ltr'><strong>et</strong></span> <span class='ocrx_word' id='word_1_66' title='bbox 1251 1030 1356 1084; x_wconf 90' lang='lat' dir='ltr'><strong>alia</strong></span> <span class='ocrx_word' id='word_1_67' title='bbox 1384 1041 1654 1086; x_wconf 90' lang='lat' dir='ltr'><strong>vetustate</strong></span> <span class='ocrx_word' id='word_1_68' title='bbox 1681 1033 1902 1085; x_wconf 87' lang='lat' dir='ltr'><strong>ruinosa</strong></span> <span class='ocrx_word' id='word_1_69' title='bbox 1920 1031 2129 1085; x_wconf 88' lang='lat' dir='ltr'><strong>instau-</strong></span> 
     </span>
    </p>
   </div>
   <div class='ocr_carea' id='block_1_12' title="bbox 569 1121 2132 1190">
    <p class='ocr_par' dir='ltr' id='par_1_12' title="bbox 569 1121 2132 1190">
     <span class='ocr_line' id='line_1_12' title="bbox 569 1121 2132 1190; baseline 0 -16"><span class='ocrx_word' id='word_1_70' title='bbox 569 1124 760 1186; x_wconf 79' lang='lat' dir='ltr'><strong>ravit;</strong></span> <span class='ocrx_word' id='word_1_71' title='bbox 816 1133 872 1174; x_wconf 89' lang='lat' dir='ltr'><strong>et</strong></span> <span class='ocrx_word' id='word_1_72' title='bbox 917 1121 1105 1175; x_wconf 88' lang='lat' dir='ltr'><strong>sicubi</strong></span> <span class='ocrx_word' id='word_1_73' title='bbox 1167 1136 1305 1190; x_wconf 89' lang='lat' dir='ltr'><strong>opus</strong></span> <span class='ocrx_word' id='word_1_74' title='bbox 1346 1130 1508 1185; x_wconf 84' lang='lat' dir='ltr'><strong>erat,</strong></span> <span class='ocrx_word' id='word_1_75' title='bbox 1551 1137 1742 1176; x_wconf 90' lang='lat' dir='ltr'><strong>muros</strong></span> <span class='ocrx_word' id='word_1_76' title='bbox 1784 1123 1837 1177; x_wconf 92' lang='lat' dir='ltr'><strong>in</strong></span> <span class='ocrx_word' id='word_1_77' title='bbox 1891 1121 2132 1176; x_wconf 87' lang='lat' dir='ltr'><strong>altitudi-</strong></span> 
     </span>
    </p>
   </div>
   <div class='ocr_carea' id='block_1_13' title="bbox 565 1211 2132 1282">
    <p class='ocr_par' dir='ltr' id='par_1_13' title="bbox 565 1211 2132 1282">
     <span class='ocr_line' id='line_1_13' title="bbox 565 1211 2132 1282; baseline 0.004 -18"><span class='ocrx_word' id='word_1_78' title='bbox 565 1227 688 1265; x_wconf 73' lang='lat' dir='ltr'><strong>nem</strong></span> <span class='ocrx_word' id='word_1_79' title='bbox 728 1213 987 1282; x_wconf 88' lang='lat' dir='ltr'><strong>majorem</strong></span> <span class='ocrx_word' id='word_1_80' title='bbox 1018 1211 1238 1277; x_wconf 72' lang='lat' dir='ltr'><strong>eduxit;</strong></span> <span class='ocrx_word' id='word_1_81' title='bbox 1270 1212 1442 1266; x_wconf 88' lang='lat' dir='ltr'><strong>fossas</strong></span> <span class='ocrx_word' id='word_1_82' title='bbox 1489 1214 1618 1267; x_wconf 89' lang='lat' dir='ltr'><strong>item</strong></span> <span class='ocrx_word' id='word_1_83' title='bbox 1671 1222 1727 1268; x_wconf 90' lang='lat' dir='ltr'><strong>et</strong></span> <span class='ocrx_word' id='word_1_84' title='bbox 1758 1213 1860 1267; x_wconf 89' lang='lat' dir='ltr'><strong>alia</strong></span> <span class='ocrx_word' id='word_1_85' title='bbox 1897 1214 2132 1270; x_wconf 82' lang='lat' dir='ltr'><strong>adorna-</strong></span> 
     </span>
    </p>
   </div>
   <div class='ocr_carea' id='block_1_14' title="bbox 563 1305 2130 1377">
    <p class='ocr_par' dir='ltr' id='par_1_14' title="bbox 563 1305 2130 1377">
     <span class='ocr_line' id='line_1_14' title="bbox 563 1305 2130 1377; baseline 0.005 -21"><span class='ocrx_word' id='word_1_86' title='bbox 563 1305 663 1369; x_wconf 86' lang='lat' dir='ltr'><strong>vit,</strong></span> <span class='ocrx_word' id='word_1_87' title='bbox 700 1321 821 1373; x_wconf 67' lang='lat' dir='ltr'><strong>quae</strong></span> <span class='ocrx_word' id='word_1_88' title='bbox 851 1307 970 1359; x_wconf 91' lang='lat' dir='ltr'><strong>usui</strong></span> <span class='ocrx_word' id='word_1_89' title='bbox 991 1315 1199 1370; x_wconf 88' lang='lat' dir='ltr'><strong>essent,</strong></span> <span class='ocrx_word' id='word_1_90' title='bbox 1231 1307 1276 1360; x_wconf 89' lang='lat' dir='ltr'><strong>si</strong></span> <span class='ocrx_word' id='word_1_91' title='bbox 1303 1307 1445 1360; x_wconf 90' lang='lat' dir='ltr'><strong>bello</strong></span> <span class='ocrx_word' id='word_1_92' title='bbox 1472 1315 1769 1376; x_wconf 82' lang='lat' dir='ltr'><strong>peteretur.</strong></span> <span class='ocrx_word' id='word_1_93' title='bbox 1802 1308 1999 1377; x_wconf 90' lang='lat' dir='ltr'><strong>Elapso</strong></span> <span class='ocrx_word' id='word_1_94' title='bbox 2028 1309 2130 1364; x_wconf 91' lang='lat' dir='ltr'><strong>hoc</strong></span> 
     </span>
    </p>
   </div>
   <div class='ocr_carea' id='block_1_15' title="bbox 561 1397 2130 1467">
    <p class='ocr_par' dir='ltr' id='par_1_15' title="bbox 561 1397 2130 1467">
     <span class='ocr_line' id='line_1_15' title="bbox 561 1397 2130 1467; baseline 0.001 -17"><span class='ocrx_word' id='word_1_95' title='bbox 561 1399 829 1451; x_wconf 86' lang='lat' dir='ltr'><strong>decennio</strong></span> <span class='ocrx_word' id='word_1_96' title='bbox 857 1413 981 1451; x_wconf 89' lang='lat' dir='ltr'><strong>cum</strong></span> <span class='ocrx_word' id='word_1_97' title='bbox 1017 1397 1228 1451; x_wconf 85' lang='lat' dir='ltr'><strong>videret</strong></span> <span class='ocrx_word' id='word_1_98' title='bbox 1260 1397 1561 1467; x_wconf 86' lang='lat' dir='ltr'><strong>imperator</strong></span> <span class='ocrx_word' id='word_1_99' title='bbox 1595 1397 1794 1453; x_wconf 92' lang='lat' dir='ltr'><strong>Chium</strong></span> <span class='ocrx_word' id='word_1_100' title='bbox 1822 1399 1900 1454; x_wconf 92' lang='lat' dir='ltr'><strong>sic</strong></span> <span class='ocrx_word' id='word_1_101' title='bbox 1947 1400 2130 1453; x_wconf 89' lang='lat' dir='ltr'><strong>muni-</strong></span> 
     </span>
    </p>
   </div>
   <div class='ocr_carea' id='block_1_16' title="bbox 561 1488 2134 1559">
    <p class='ocr_par' dir='ltr' id='par_1_16' title="bbox 561 1488 2134 1559">
     <span class='ocr_line' id='line_1_16' title="bbox 561 1488 2134 1559; baseline 0.001 -17"><span class='ocrx_word' id='word_1_102' title='bbox 561 1497 674 1542; x_wconf 86' lang='lat' dir='ltr'><strong>tam</strong></span> <span class='ocrx_word' id='word_1_103' title='bbox 725 1488 872 1542; x_wconf 86' lang='lat' dir='ltr'><strong>haud</strong></span> <span class='ocrx_word' id='word_1_104' title='bbox 913 1489 1032 1542; x_wconf 91' lang='lat' dir='ltr'><strong>sine</strong></span> <span class='ocrx_word' id='word_1_105' title='bbox 1065 1503 1264 1558; x_wconf 89' lang='lat' dir='ltr'><strong>magno</strong></span> <span class='ocrx_word' id='word_1_106' title='bbox 1304 1489 1492 1542; x_wconf 88' lang='lat' dir='ltr'><strong>labore</strong></span> <span class='ocrx_word' id='word_1_107' title='bbox 1525 1503 1686 1558; x_wconf 86' lang='lat' dir='ltr'><strong>posse</strong></span> <span class='ocrx_word' id='word_1_108' title='bbox 1721 1490 1920 1559; x_wconf 85' lang='lat' dir='ltr'><strong>recipi,</strong></span> <span class='ocrx_word' id='word_1_109' title='bbox 1961 1498 2016 1545; x_wconf 88' lang='lat' dir='ltr'><strong>et</strong></span> <span class='ocrx_word' id='word_1_110' title='bbox 2042 1505 2134 1544; x_wconf 87' lang='lat' dir='ltr'><strong>ac-</strong></span> 
     </span>
    </p>
   </div>
   <div class='ocr_carea' id='block_1_17' title="bbox 561 1577 2134 1663">
    <p class='ocr_par' dir='ltr' id='par_1_17' title="bbox 561 1577 2134 1663">
     <span class='ocr_line' id='line_1_17' title="bbox 561 1577 2134 1663; baseline 0.002 -31"><span class='ocrx_word' id='word_1_111' title='bbox 561 1579 824 1634; x_wconf 85' lang='lat' dir='ltr'><strong>cessisset</strong></span> <span class='ocrx_word' id='word_1_112' title='bbox 854 1587 1120 1647; x_wconf 63' lang='lat' dir='ltr'><strong>praterea</strong></span> <span class='ocrx_word' id='word_1_113' title='bbox 1154 1579 1356 1648; x_wconf 78' lang='lat' dir='ltr'><strong>legatio</strong></span> <span class='ocrx_word' id='word_1_114' title='bbox 1398 1594 1426 1632; x_wconf 92' lang='lat' dir='ltr'><strong>a</strong></span> <span class='ocrx_word' id='word_1_115' title='bbox 1452 1577 1736 1663; x_wconf 76' lang='lat' dir='ltr'><strong>Zacharia,</strong></span> <span class='ocrx_word' id='word_1_116' title='bbox 1767 1581 2134 1663; x_wconf 51' lang='lat' dir='ltr'><strong>qua.rogaba-</strong></span> 
     </span>
    </p>
   </div>
   <div class='ocr_carea' id='block_1_18' title="bbox 565 1652 2126 1741">
    <p class='ocr_par' dir='ltr' id='par_1_18' title="bbox 565 1652 2126 1741">
     <span class='ocr_line' id='line_1_18' title="bbox 565 1652 2126 1741; baseline 0.003 -19"><span class='ocrx_word' id='word_1_117' title='bbox 565 1678 676 1732; x_wconf 86' lang='lat' dir='ltr'><strong>tur,</strong></span> <span class='ocrx_word' id='word_1_118' title='bbox 728 1683 796 1723; x_wconf 90' lang='lat' dir='ltr'><strong>ne</strong></span> <span class='ocrx_word' id='word_1_119' title='bbox 847 1669 951 1724; x_wconf 86' lang='lat' dir='ltr'><strong>sibi</strong></span> <span class='ocrx_word' id='word_1_120' title='bbox 976 1680 1200 1740; x_wconf 88' lang='lat' dir='ltr'><strong>propter</strong></span> <span class='ocrx_word' id='word_1_121' title='bbox 1247 1670 1483 1725; x_wconf 85' lang='lat' dir='ltr'><strong>insulam</strong></span> <span class='ocrx_word' id='word_1_122' title='bbox 1508 1652 1788 1741; x_wconf 58' lang='lat' dir='ltr'><strong>neg‘otium</strong></span> <span class='ocrx_word' id='word_1_123' title='bbox 1813 1652 2126 1736; x_wconf 70' lang='lat' dir='ltr'><strong>exhiberet,</strong></span> 
     </span>
    </p>
   </div>
   <div class='ocr_carea' id='block_1_19' title="bbox 565 1761 2128 1834">
    <p class='ocr_par' dir='ltr' id='par_1_19' title="bbox 565 1761 2128 1834">
     <span class='ocr_line' id='line_1_19' title="bbox 565 1761 2128 1834; baseline 0.002 -21"><span class='ocrx_word' id='word_1_124' title='bbox 565 1761 1003 1830; x_wconf 87' lang='lat' dir='ltr'><strong>quinquennium</strong></span> <span class='ocrx_word' id='word_1_125' title='bbox 1045 1763 1149 1817; x_wconf 89' lang='lat' dir='ltr'><strong>sub</strong></span> <span class='ocrx_word' id='word_1_126' title='bbox 1189 1762 1380 1817; x_wconf 86' lang='lat' dir='ltr'><strong>iisdem</strong></span> <span class='ocrx_word' id='word_1_127' title='bbox 1435 1764 1845 1818; x_wconf 89' lang='lat' dir='ltr'><strong>conditionibus</strong></span> <span class='ocrx_word' id='word_1_128' title='bbox 1908 1765 2128 1834; x_wconf 80' lang='lat' dir='ltr'><strong>adjecit,</strong></span> 
     </span>
    </p>
   </div>
   <div class='ocr_carea' id='block_1_20' title="bbox 565 1851 2132 1923">
    <p class='ocr_par' dir='ltr' id='par_1_20' title="bbox 565 1851 2132 1923">
     <span class='ocr_line' id='line_1_20' title="bbox 565 1851 2132 1923; baseline 0.001 -17"><span class='ocrx_word' id='word_1_129' title='bbox 565 1867 897 1922; x_wconf 84' lang='lat' dir='ltr'><strong>rursumque</strong></span> <span class='ocrx_word' id='word_1_130' title='bbox 963 1854 1111 1908; x_wconf 87' lang='lat' dir='ltr'><strong>aliud</strong></span> <span class='ocrx_word' id='word_1_131' title='bbox 1167 1855 1625 1923; x_wconf 86' lang='lat' dir='ltr'><strong>quinquennium.</strong></span> <span class='ocrx_word' id='word_1_132' title='bbox 1665 1851 1924 1909; x_wconf 86' lang='lat' dir='ltr'><strong>Zacharia</strong></span> <span class='ocrx_word' id='word_1_133' title='bbox 1983 1856 2132 1909; x_wconf 88' lang='lat' dir='ltr'><strong>enim</strong></span> 
     </span>
    </p>
   </div>
   <div class='ocr_carea' id='block_1_21' title="bbox 567 1946 2134 2016">
    <p class='ocr_par' dir='ltr' id='par_1_21' title="bbox 567 1946 2134 2016">
     <span class='ocr_line' id='line_1_21' title="bbox 567 1946 2134 2016; baseline 0.003 -19"><span class='ocrx_word' id='word_1_134' title='bbox 567 1955 807 2010; x_wconf 87' lang='lat' dir='ltr'><strong>mortuo,</strong></span> <span class='ocrx_word' id='word_1_135' title='bbox 864 1946 960 1999; x_wconf 84' lang='lat' dir='ltr'><strong>nm</strong></span> <span class='ocrx_word' id='word_1_136' title='bbox 987 1947 1127 2016; x_wconf 90' lang='lat' dir='ltr'><strong>ejus,</strong></span> <span class='ocrx_word' id='word_1_137' title='bbox 1165 1957 1226 2001; x_wconf 90' lang='lat' dir='ltr'><strong>ut</strong></span> <span class='ocrx_word' id='word_1_138' title='bbox 1252 1946 1398 2009; x_wconf 87' lang='lat' dir='ltr'><strong>Chii,</strong></span> <span class='ocrx_word' id='word_1_139' title='bbox 1438 1947 1510 2000; x_wconf 88' lang='lat' dir='ltr'><strong>ita</strong></span> <span class='ocrx_word' id='word_1_140' title='bbox 1539 1957 1779 2016; x_wconf 75' lang='lat' dir='ltr'><strong>paterna:</strong></span> <span class='ocrx_word' id='word_1_141' title='bbox 1815 1946 2134 2003; x_wconf 89' lang='lat' dir='ltr'><strong>calliditatis</strong></span> 
     </span>
    </p>
   </div>
   <div class='ocr_carea' id='block_1_22' title="bbox 569 2037 2130 2107">
    <p class='ocr_par' dir='ltr' id='par_1_22' title="bbox 569 2037 2130 2107">
     <span class='ocr_line' id='line_1_22' title="bbox 569 2037 2130 2107; baseline 0.003 -18"><span class='ocrx_word' id='word_1_142' title='bbox 569 2037 835 2102; x_wconf 79' lang='lat' dir='ltr'><strong>hzeredes,</strong></span> <span class='ocrx_word' id='word_1_143' title='bbox 869 2047 924 2090; x_wconf 91' lang='lat' dir='ltr'><strong>et</strong></span> <span class='ocrx_word' id='word_1_144' title='bbox 971 2039 1354 2107; x_wconf 89' lang='lat' dir='ltr'><strong>imperatorem</strong></span> <span class='ocrx_word' id='word_1_145' title='bbox 1407 2039 1580 2092; x_wconf 90' lang='lat' dir='ltr'><strong>instar</strong></span> <span class='ocrx_word' id='word_1_146' title='bbox 1610 2039 1759 2107; x_wconf 90' lang='lat' dir='ltr'><strong>pueri</strong></span> <span class='ocrx_word' id='word_1_147' title='bbox 1813 2049 2130 2104; x_wconf 87' lang='lat' dir='ltr'><strong>tractantes,</strong></span> 
     </span>
    </p>
   </div>
   <div class='ocr_carea' id='block_1_23' title="bbox 567 2127 2131 2199">
    <p class='ocr_par' dir='ltr' id='par_1_23' title="bbox 567 2127 2131 2199">
     <span class='ocr_line' id='line_1_23' title="bbox 567 2127 2131 2199; baseline 0.004 -21"><span class='ocrx_word' id='word_1_148' title='bbox 567 2127 882 2195; x_wconf 87' lang='lat' dir='ltr'><strong>priusquam</strong></span> <span class='ocrx_word' id='word_1_149' title='bbox 915 2129 1043 2182; x_wconf 88' lang='lat' dir='ltr'><strong>anni</strong></span> <span class='ocrx_word' id='word_1_150' title='bbox 1075 2130 1317 2184; x_wconf 86' lang='lat' dir='ltr'><strong>concessi</strong></span> <span class='ocrx_word' id='word_1_151' title='bbox 1359 2128 1670 2195; x_wconf 73' lang='lat' dir='ltr'><strong>(inirentur,</strong></span> <span class='ocrx_word' id='word_1_152' title='bbox 1721 2130 1859 2184; x_wconf 91' lang='lat' dir='ltr'><strong>alios</strong></span> <span class='ocrx_word' id='word_1_153' title='bbox 1885 2131 2131 2199; x_wconf 86' lang='lat' dir='ltr'><strong>pacisce-</strong></span> 
     </span>
    </p>
   </div>
   <div class='ocr_carea' id='block_1_24' title="bbox 564 2219 2132 2290">
    <p class='ocr_par' dir='ltr' id='par_1_24' title="bbox 564 2219 2132 2290">
     <span class='ocr_line' id='line_1_24' title="bbox 564 2219 2132 2290; baseline -0.001 -17"><span class='ocrx_word' id='word_1_154' title='bbox 564 2219 768 2274; x_wconf 84' lang='lat' dir='ltr'><strong>bantur</strong></span> <span class='ocrx_word' id='word_1_155' title='bbox 801 2237 815 2274; x_wconf 90' lang='lat'><strong>:</strong></span> <span class='ocrx_word' id='word_1_156' title='bbox 845 2231 899 2274; x_wconf 90' lang='lat' dir='ltr'><strong>et</strong></span> <span class='ocrx_word' id='word_1_157' title='bbox 929 2236 1052 2276; x_wconf 91' lang='lat' dir='ltr'><strong>cum</strong></span> <span class='ocrx_word' id='word_1_158' title='bbox 1090 2237 1147 2275; x_wconf 90' lang='lat' dir='ltr'><strong>re</strong></span> <span class='ocrx_word' id='word_1_159' title='bbox 1180 2221 1402 2290; x_wconf 87' lang='lat' dir='ltr'><strong>quidem</strong></span> <span class='ocrx_word' id='word_1_160' title='bbox 1451 2221 1554 2290; x_wconf 93' lang='lat' dir='ltr'><strong>ipsi</strong></span> <span class='ocrx_word' id='word_1_161' title='bbox 1589 2221 1765 2275; x_wconf 87' lang='lat' dir='ltr'><strong>insula</strong></span> <span class='ocrx_word' id='word_1_162' title='bbox 1795 2221 2132 2288; x_wconf 83' lang='lat' dir='ltr'><strong>fruerentur,</strong></span> 
     </span>
    </p>
   </div>
   <div class='ocr_carea' id='block_1_25' title="bbox 568 2308 2132 2379">
    <p class='ocr_par' dir='ltr' id='par_1_25' title="bbox 568 2308 2132 2379">
     <span class='ocr_line' id='line_1_25' title="bbox 568 2308 2132 2379; baseline 0.003 -19"><span class='ocrx_word' id='word_1_163' title='bbox 568 2308 683 2361; x_wconf 79' lang='grc' dir='ltr'>ειιιο</span> <span class='ocrx_word' id='word_1_164' title='bbox 713 2309 934 2364; x_wconf 88' lang='lat' dir='ltr'><strong>nomine</strong></span> <span class='ocrx_word' id='word_1_165' title='bbox 970 2309 1362 2379; x_wconf 84' lang='lat' dir='ltr'><strong>imperatorem</strong></span> <span class='ocrx_word' id='word_1_166' title='bbox 1397 2325 1521 2366; x_wconf 84' lang='lat' dir='ltr'><strong>esse</strong></span> <span class='ocrx_word' id='word_1_167' title='bbox 1546 2309 1828 2364; x_wconf 81' lang='lat' dir='ltr'><strong>dominum</strong></span> <span class='ocrx_word' id='word_1_168' title='bbox 1859 2311 2132 2365; x_wconf 87' lang='lat' dir='ltr'><strong>sinebant.</strong></span> 
     </span>
    </p>
   </div>
   <div class='ocr_carea' id='block_1_26' title="bbox 564 2395 2134 2464">
    <p class='ocr_par' dir='ltr' id='par_1_26' title="bbox 564 2395 2134 2464">
     <span class='ocr_line' id='line_1_26' title="bbox 564 2395 2134 2464; baseline 0.004 -13"><span class='ocrx_word' id='word_1_169' title='bbox 564 2395 684 2451; x_wconf 80' lang='lat' dir='ltr'><strong>Jam</strong></span> <span class='ocrx_word' id='word_1_170' title='bbox 737 2395 916 2452; x_wconf 67' lang='lat' dir='ltr'><strong>foedus</strong></span> <span class='ocrx_word' id='word_1_171' title='bbox 946 2399 1149 2464; x_wconf 82' lang='lat' dir='ltr'><strong>exibat,</strong></span> <span class='ocrx_word' id='word_1_172' title='bbox 1189 2414 1312 2454; x_wconf 92' lang='lat' dir='ltr'><strong>cum</strong></span> <span class='ocrx_word' id='word_1_173' title='bbox 1348 2401 1669 2455; x_wconf 87' lang='lat' dir='ltr'><strong>Calothetus</strong></span> <span class='ocrx_word' id='word_1_174' title='bbox 1718 2416 1859 2455; x_wconf 90' lang='lat' dir='ltr'><strong>unus</strong></span> <span class='ocrx_word' id='word_1_175' title='bbox 1886 2401 1950 2455; x_wconf 71' lang='lat' dir='ltr'><strong>de</strong></span> <span class='ocrx_word' id='word_1_176' title='bbox 1981 2401 2134 2457; x_wconf 87' lang='lat' dir='ltr'><strong>Chiis</strong></span> 
     </span>
    </p>
   </div>
   <div class='ocr_carea' id='block_1_27' title="bbox 565 2486 2133 2562">
    <p class='ocr_par' dir='ltr' id='par_1_27' title="bbox 565 2486 2133 2562">
     <span class='ocr_line' id='line_1_27' title="bbox 565 2486 2133 2562; baseline 0.004 -23"><span class='ocrx_word' id='word_1_177' title='bbox 565 2486 812 2556; x_wconf 85' lang='lat' dir='ltr'><strong>dynastis</strong></span> <span class='ocrx_word' id='word_1_178' title='bbox 847 2489 1205 2544; x_wconf 81' lang='lat' dir='ltr'><strong>maximarum</strong></span> <span class='ocrx_word' id='word_1_179' title='bbox 1238 2505 1431 2558; x_wconf 90' lang='lat' dir='ltr'><strong>opum,</strong></span> <span class='ocrx_word' id='word_1_180' title='bbox 1472 2490 1562 2544; x_wconf 92' lang='lat' dir='ltr'><strong>cui</strong></span> <span class='ocrx_word' id='word_1_181' title='bbox 1597 2506 1720 2544; x_wconf 89' lang='lat' dir='ltr'><strong>cum</strong></span> <span class='ocrx_word' id='word_1_182' title='bbox 1761 2491 1926 2545; x_wconf 92' lang='lat' dir='ltr'><strong>domo</strong></span> <span class='ocrx_word' id='word_1_183' title='bbox 1951 2491 2133 2562; x_wconf 80' lang='lat' dir='ltr'><strong>magni</strong></span> 
     </span>
    </p>
   </div>
   <div class='ocr_carea' id='block_1_28' title="bbox 569 2575 2132 2651">
    <p class='ocr_par' dir='ltr' id='par_1_28' title="bbox 569 2575 2132 2651">
     <span class='ocr_line' id='line_1_28' title="bbox 569 2575 2132 2651; baseline 0.004 -23"><span class='ocrx_word' id='word_1_184' title='bbox 569 2575 856 2630; x_wconf 89' lang='lat' dir='ltr'><strong>domestici</strong></span> <span class='ocrx_word' id='word_1_185' title='bbox 921 2585 1080 2632; x_wconf 85' lang='lat' dir='ltr'><strong>vetus</strong></span> <span class='ocrx_word' id='word_1_186' title='bbox 1124 2587 1182 2632; x_wconf 88' lang='lat' dir='ltr'><strong>et</strong></span> <span class='ocrx_word' id='word_1_187' title='bbox 1229 2594 1443 2633; x_wconf 84' lang='lat' dir='ltr'><strong>summa</strong></span> <span class='ocrx_word' id='word_1_188' title='bbox 1474 2593 1590 2634; x_wconf 91' lang='lat' dir='ltr'><strong>erat</strong></span> <span class='ocrx_word' id='word_1_189' title='bbox 1643 2580 1992 2638; x_wconf 80' lang='lat' dir='ltr'><strong>necessitudo</strong></span> <span class='ocrx_word' id='word_1_190' title='bbox 2026 2580 2132 2651; x_wconf 84' lang='lat' dir='ltr'><strong>(avi</strong></span> 
     </span>
    </p>
   </div>
   <div class='ocr_carea' id='block_1_29' title="bbox 567 2667 2137 2739">
    <p class='ocr_par' dir='ltr' id='par_1_29' title="bbox 567 2667 2137 2739">
     <span class='ocr_line' id='line_1_29' title="bbox 567 2667 2137 2739; baseline 0.005 -21"><span class='ocrx_word' id='word_1_191' title='bbox 567 2667 712 2719; x_wconf 77' lang='lat' dir='ltr'><strong>enim</strong></span> <span class='ocrx_word' id='word_1_192' title='bbox 770 2668 909 2737; x_wconf 89' lang='lat' dir='ltr'><strong>ejus,</strong></span> <span class='ocrx_word' id='word_1_193' title='bbox 943 2669 1242 2723; x_wconf 76' lang='lat' dir='ltr'><strong>domestici</strong></span> <span class='ocrx_word' id='word_1_194' title='bbox 1293 2671 1592 2739; x_wconf 78' lang='lat' dir='ltr'><strong>majoribus</strong></span> <span class='ocrx_word' id='word_1_195' title='bbox 1621 2672 1959 2738; x_wconf 84' lang='lat' dir='ltr'><strong>amicissimi,</strong></span> <span class='ocrx_word' id='word_1_196' title='bbox 2007 2689 2137 2726; x_wconf 91' lang='lat' dir='ltr'><strong>con-</strong></span> 
     </span>
    </p>
   </div>
   <div class='ocr_carea' id='block_1_30' title="bbox 566 2756 2136 2830">
    <p class='ocr_par' dir='ltr' id='par_1_30' title="bbox 566 2756 2136 2830">
     <span class='ocr_line' id='line_1_30' title="bbox 566 2756 2136 2830; baseline 0.005 -22"><span class='ocrx_word' id='word_1_197' title='bbox 566 2756 1008 2830; x_wconf 79' lang='lat' dir='ltr'><strong>&quot;unctissimique</strong></span> <span class='ocrx_word' id='word_1_198' title='bbox 1042 2759 1282 2825; x_wconf 76' lang='lat' dir='ltr'><strong>fuerant,</strong></span> <span class='ocrx_word' id='word_1_199' title='bbox 1315 2771 1374 2814; x_wconf 90' lang='lat' dir='ltr'><strong>ut</strong></span> <span class='ocrx_word' id='word_1_200' title='bbox 1417 2772 1472 2816; x_wconf 86' lang='lat' dir='ltr'><strong>et</strong></span> <span class='ocrx_word' id='word_1_201' title='bbox 1522 2762 1634 2830; x_wconf 90' lang='lat' dir='ltr'><strong>ipse</strong></span> <span class='ocrx_word' id='word_1_202' title='bbox 1662 2763 2011 2830; x_wconf 63' lang='lat' dir='ltr'><strong>domestici»),</strong></span> <span class='ocrx_word' id='word_1_203' title='bbox 2047 2764 2136 2817; x_wconf 91' lang='lat' dir='ltr'><strong>hic</strong></span> 
     </span>
    </p>
   </div>
   <div class='ocr_carea' id='block_1_31' title="bbox 570 2828 2137 2922">
    <p class='ocr_par' dir='ltr' id='par_1_31' title="bbox 570 2828 2137 2922">
     <span class='ocr_line' id='line_1_31' title="bbox 570 2828 2137 2922; baseline 0.007 -24"><span class='ocrx_word' id='word_1_204' title='bbox 570 2847 738 2916; x_wconf 57' lang='lat' dir='ltr'><strong>igtur</strong></span> <span class='ocrx_word' id='word_1_205' title='bbox 771 2828 1092 2904; x_wconf 72' lang='lat' dir='ltr'><strong>Calethetus</strong></span> <span class='ocrx_word' id='word_1_206' title='bbox 1127 2851 1192 2903; x_wconf 89' lang='lat' dir='ltr'><strong>ad</strong></span> <span class='ocrx_word' id='word_1_207' title='bbox 1227 2861 1454 2905; x_wconf 86' lang='lat' dir='ltr'><strong>matrem</strong></span> <span class='ocrx_word' id='word_1_208' title='bbox 1507 2828 1648 2920; x_wconf 84' lang='lat' dir='ltr'><strong>ejus,</strong></span> <span class='ocrx_word' id='word_1_209' title='bbox 1684 2867 1778 2921; x_wconf 91' lang='lat' dir='ltr'><strong>per</strong></span> <span class='ocrx_word' id='word_1_210' title='bbox 1812 2852 1861 2907; x_wconf 92' lang='lat' dir='ltr'><strong>id</strong></span> <span class='ocrx_word' id='word_1_211' title='bbox 1923 2828 2137 2922; x_wconf 80' lang='lat' dir='ltr'><strong>tempus</strong></span> 
     </span>
    </p>
   </div>
   <div class='ocr_carea' id='block_1_32' title="bbox 571 2937 2135 3010">
    <p class='ocr_par' dir='ltr' id='par_1_32' title="bbox 571 2937 2135 3010">
     <span class='ocr_line' id='line_1_32' title="bbox 571 2937 2135 3010; baseline 0.006 -20"><span class='ocrx_word' id='word_1_212' title='bbox 571 2937 936 3010; x_wconf 83' lang='lat' dir='ltr'><strong>Didymotichi</strong></span> <span class='ocrx_word' id='word_1_213' title='bbox 970 2950 1280 2995; x_wconf 90' lang='lat' dir='ltr'><strong>manentem</strong></span> <span class='ocrx_word' id='word_1_214' title='bbox 1309 2941 1464 3006; x_wconf 88' lang='lat' dir='ltr'><strong>adiit,</strong></span> <span class='ocrx_word' id='word_1_215' title='bbox 1504 2940 1821 2998; x_wconf 88' lang='lat' dir='ltr'><strong>Latinorum</strong></span> <span class='ocrx_word' id='word_1_216' title='bbox 1872 2946 2052 2999; x_wconf 79' lang='lat' dir='ltr'><strong>scelus</strong></span> <span class='ocrx_word' id='word_1_217' title='bbox 2086 2945 2135 2999; x_wconf 90' lang='lat' dir='ltr'><strong>ei</strong></span> 
     </span>
    </p>
   </div>
   <div class='ocr_carea' id='block_1_33' title="bbox 2159 1717 2206 1777">
    <p class='ocr_par' dir='ltr' id='par_1_33' title="bbox 2159 1717 2206 1777">
     <span class='ocr_line' id='line_1_33' title="bbox 2159 1717 2206 1777; baseline 0 0"><span class='ocrx_word' id='word_1_218' title='bbox 2159 1717 2206 1777; x_wconf 90' lang='lat' dir='ltr'><strong>B</strong></span> 
     </span>
    </p>
   </div>
   <div class='ocr_carea' id='block_1_34' title="bbox 2235 482 3732 556">
    <p class='ocr_par' dir='ltr' id='par_1_34' title="bbox 2235 482 3732 556">
     <span class='ocr_line' id='line_1_34' title="bbox 2235 482 3732 556; baseline 0.003 -21"><span class='ocrx_word' id='word_1_219' title='bbox 2235 483 2378 544; x_wconf 87' lang='grc' dir='ltr'>σθαι.</span> <span class='ocrx_word' id='word_1_220' title='bbox 2437 482 2583 548; x_wconf 75' lang='grc' dir='ltr'>ἔδοξε</span> <span class='ocrx_word' id='word_1_221' title='bbox 2633 483 2932 536; x_wconf 74' lang='grc' dir='ltr'>λυσιτελεῖν</span> <span class='ocrx_word' id='word_1_222' title='bbox 2993 485 3274 556; x_wconf 74' lang='grc' dir='ltr'>είρηνικὰς</span> <span class='ocrx_word' id='word_1_223' title='bbox 3337 485 3465 556; x_wconf 74' lang='grc' dir='ltr'>πρὸς</span> <span class='ocrx_word' id='word_1_224' title='bbox 3505 488 3732 556; x_wconf 72' lang='grc' dir='ltr'><strong>Ζαχαρίαν</strong></span> 
     </span>
    </p>
   </div>
   <div class='ocr_carea' id='block_1_35' title="bbox 2235 569 3733 643">
    <p class='ocr_par' dir='ltr' id='par_1_35' title="bbox 2235 569 3733 643">
     <span class='ocr_line' id='line_1_35' title="bbox 2235 569 3733 643; baseline 0.003 -19"><span class='ocrx_word' id='word_1_225' title='bbox 2235 571 2465 633; x_wconf 82' lang='grc' dir='ltr'>σπονδὰς</span> <span class='ocrx_word' id='word_1_226' title='bbox 2514 570 2724 636; x_wconf 79' lang='grc' dir='ltr'>θέσθαι,</span> <span class='ocrx_word' id='word_1_227' title='bbox 2777 569 2920 623; x_wconf 74' lang='grc' dir='ltr'>ὥστε</span> <span class='ocrx_word' id='word_1_228' title='bbox 2969 573 3098 625; x_wconf 86' lang='grc' dir='ltr'>Χίον</span> <span class='ocrx_word' id='word_1_229' title='bbox 3155 575 3252 643; x_wconf 80' lang='grc' dir='ltr'><strong>μὲν</strong></span> <span class='ocrx_word' id='word_1_230' title='bbox 3290 573 3378 625; x_wconf 73' lang='grc' dir='ltr'><strong>ἐπὶ</strong></span> <span class='ocrx_word' id='word_1_231' title='bbox 3434 573 3552 626; x_wconf 82' lang='grc' dir='ltr'>δέκα</span> <span class='ocrx_word' id='word_1_232' title='bbox 3618 576 3733 628; x_wconf 74' lang='grc' dir='ltr'>ἔτεσι</span> 
     </span>
    </p>
   </div>
   <div class='ocr_carea' id='block_1_36' title="bbox 2231 661 3735 734">
    <p class='ocr_par' dir='ltr' id='par_1_36' title="bbox 2231 661 3735 734">
     <span class='ocr_line' id='line_1_36' title="bbox 2231 661 3735 734; baseline 0.003 -20"><span class='ocrx_word' id='word_1_233' title='bbox 2231 662 2561 731; x_wconf 77' lang='grc' dir='ltr'>κατέχεσθαι</span> <span class='ocrx_word' id='word_1_234' title='bbox 2594 662 2726 732; x_wconf 86' lang='grc' dir='ltr'>παρ’</span> <span class='ocrx_word' id='word_1_235' title='bbox 2750 661 2940 730; x_wconf 77' lang='grc' dir='ltr'>αὑτοῦ,</span> <span class='ocrx_word' id='word_1_236' title='bbox 2983 665 3076 718; x_wconf 71' lang='grc' dir='ltr'>καὶ</span> <span class='ocrx_word' id='word_1_237' title='bbox 3127 665 3328 734; x_wconf 76' lang='grc' dir='ltr'>μηδένα</span> <span class='ocrx_word' id='word_1_238' title='bbox 3370 664 3571 734; x_wconf 79' lang='grc' dir='ltr'>βασιλεῖ</span> <span class='ocrx_word' id='word_1_239' title='bbox 3599 667 3735 733; x_wconf 81' lang='grc' dir='ltr'>παρί-</span> 
     </span>
    </p>
   </div>
   <div class='ocr_carea' id='block_1_37' title="bbox 2231 739 3736 826">
    <p class='ocr_par' dir='ltr' id='par_1_37' title="bbox 2231 739 3736 826">
     <span class='ocr_line' id='line_1_37' title="bbox 2231 739 3736 826; baseline 0.004 -22"><span class='ocrx_word' id='word_1_240' title='bbox 2231 769 2348 823; x_wconf 89' lang='grc' dir='ltr'>χειν</span> <span class='ocrx_word' id='word_1_241' title='bbox 2381 754 2566 823; x_wconf 86' lang='grc' dir='ltr'>φόρον,</span> <span class='ocrx_word' id='word_1_242' title='bbox 2620 739 2988 824; x_wconf 76' lang='grc' dir='ltr'>ὀνομάζεσθαι</span> <span class='ocrx_word' id='word_1_243' title='bbox 3045 755 3101 808; x_wconf 82' lang='grc' dir='ltr'>δὲ</span> <span class='ocrx_word' id='word_1_244' title='bbox 3161 757 3319 826; x_wconf 75' lang='grc' dir='ltr'>μόνον</span> <span class='ocrx_word' id='word_1_245' title='bbox 3370 755 3630 825; x_wconf 85' lang='grc' dir='ltr'>βασιλέως,</span> <span class='ocrx_word' id='word_1_246' title='bbox 3663 761 3736 810; x_wconf 77' lang='grc' dir='ltr'>καὶ</span> 
     </span>
    </p>
   </div>
   <div class='ocr_carea' id='block_1_38' title="bbox 2233 844 3734 917">
    <p class='ocr_par' dir='ltr' id='par_1_38' title="bbox 2233 844 3734 917">
     <span class='ocr_line' id='line_1_38' title="bbox 2233 844 3734 917; baseline 0.001 -19"><span class='ocrx_word' id='word_1_247' title='bbox 2233 844 2477 915; x_wconf 79' lang='grc' dir='ltr'><strong>σημαίας</strong></span> <span class='ocrx_word' id='word_1_248' title='bbox 2529 846 2623 898; x_wconf 72' lang='grc' dir='ltr'><strong>ἐπὶ</strong></span> <span class='ocrx_word' id='word_1_249' title='bbox 2695 847 2806 899; x_wconf 88' lang='grc' dir='ltr'><strong>τῶν</strong></span> <span class='ocrx_word' id='word_1_250' title='bbox 2861 847 3056 917; x_wconf 82' lang='grc' dir='ltr'><strong>τειχῶν</strong></span> <span class='ocrx_word' id='word_1_251' title='bbox 3113 847 3408 915; x_wconf 80' lang='grc' dir='ltr'>ἀνάγεσθαι</span> <span class='ocrx_word' id='word_1_252' title='bbox 3465 847 3734 916; x_wconf 79' lang='grc' dir='ltr'>βασιλικάςο</span> 
     </span>
    </p>
   </div>
   <div class='ocr_carea' id='block_1_39' title="bbox 2237 930 3738 1008">
    <p class='ocr_par' dir='ltr' id='par_1_39' title="bbox 2237 930 3738 1008">
     <span class='ocr_line' id='line_1_39' title="bbox 2237 930 3738 1008; baseline 0.003 -20"><span class='ocrx_word' id='word_1_253' title='bbox 2237 935 2376 1006; x_wconf 73' lang='grc' dir='ltr'>μετὰ</span> <span class='ocrx_word' id='word_1_254' title='bbox 2402 936 2458 988; x_wconf 80' lang='grc' dir='ltr'>δὲ</span> <span class='ocrx_word' id='word_1_255' title='bbox 2493 930 2594 1006; x_wconf 68' lang='grc' dir='ltr'>τὴν</span> <span class='ocrx_word' id='word_1_256' title='bbox 2621 939 2931 1002; x_wconf 75' lang='grc' dir='ltr'>δεκαετίαν,</span> <span class='ocrx_word' id='word_1_257' title='bbox 2960 938 3124 990; x_wconf 81' lang='grc' dir='ltr'>πάλιν</span> <span class='ocrx_word' id='word_1_258' title='bbox 3161 937 3448 1006; x_wconf 74' lang='grc' dir='ltr'>Ῥωμαίοις</span> <span class='ocrx_word' id='word_1_259' title='bbox 3489 939 3578 1008; x_wconf 70' lang='grc' dir='ltr'><strong>τὴν</strong></span> <span class='ocrx_word' id='word_1_260' title='bbox 3607 939 3738 1005; x_wconf 73' lang='grc' dir='ltr'>νῆσον</span> 
     </span>
    </p>
   </div>
   <div class='ocr_carea' id='block_1_40' title="bbox 2231 1029 3742 1100">
    <p class='ocr_par' dir='ltr' id='par_1_40' title="bbox 2231 1029 3742 1100">
     <span class='ocr_line' id='line_1_40' title="bbox 2231 1029 3742 1100; baseline 0 -16"><span class='ocrx_word' id='word_1_261' title='bbox 2231 1029 2564 1084; x_wconf 75' lang='grc' dir='ltr'><strong>ἀποδιδόναι.</strong></span> <span class='ocrx_word' id='word_1_262' title='bbox 2625 1029 2893 1092; x_wconf 84' lang='grc' dir='ltr'>Τοιαύτας</span> <span class='ocrx_word' id='word_1_263' title='bbox 2952 1031 3052 1097; x_wconf 76' lang='grc' dir='ltr'><strong>μὲν</strong></span> <span class='ocrx_word' id='word_1_264' title='bbox 3111 1029 3361 1100; x_wconf 77' lang='grc' dir='ltr'>βασιλεὺς</span> <span class='ocrx_word' id='word_1_265' title='bbox 3416 1030 3506 1091; x_wconf 68' lang='grc' dir='ltr'><strong>τὰς</strong></span> <span class='ocrx_word' id='word_1_266' title='bbox 3560 1030 3742 1099; x_wconf 80' lang='grc' dir='ltr'>πρώτας</span> 
     </span>
    </p>
   </div>
   <div class='ocr_carea' id='block_1_41' title="bbox 2236 1115 3744 1192">
    <p class='ocr_par' dir='ltr' id='par_1_41' title="bbox 2236 1115 3744 1192">
     <span class='ocr_line' id='line_1_41' title="bbox 2236 1115 3744 1192; baseline 0.001 -20"><span class='ocrx_word' id='word_1_267' title='bbox 2236 1120 2472 1184; x_wconf 79' lang='grc' dir='ltr'>σπονδὰς</span> <span class='ocrx_word' id='word_1_268' title='bbox 2511 1115 2664 1174; x_wconf 81' lang='grc' dir='ltr'>ἔθέτο</span> <span class='ocrx_word' id='word_1_269' title='bbox 2715 1122 2852 1190; x_wconf 63' lang='grc' dir='ltr'>πρὸς</span> <span class='ocrx_word' id='word_1_270' title='bbox 2904 1122 3220 1192; x_wconf 79' lang='grc' dir='ltr'>Ζαχαρίαν·</span> <span class='ocrx_word' id='word_1_271' title='bbox 3270 1123 3326 1174; x_wconf 81' lang='grc' dir='ltr'>ὲν</span> <span class='ocrx_word' id='word_1_272' title='bbox 3374 1122 3480 1181; x_wconf 81' lang='grc' dir='ltr'>τοῖς</span> <span class='ocrx_word' id='word_1_273' title='bbox 3509 1123 3668 1183; x_wconf 74' lang='grc' dir='ltr'>αὐτοῖς</span> <span class='ocrx_word' id='word_1_274' title='bbox 3697 1123 3744 1182; x_wconf 59' lang='grc' dir='ltr'>δὲ,</span> 
     </span>
    </p>
   </div>
   <div class='ocr_carea' id='block_1_42' title="bbox 2233 1211 3737 1283">
    <p class='ocr_par' dir='ltr' id='par_1_42' title="bbox 2233 1211 3737 1283">
     <span class='ocr_line' id='line_1_42' title="bbox 2233 1211 3737 1283; baseline 0 -19"><span class='ocrx_word' id='word_1_275' title='bbox 2233 1211 2412 1265; x_wconf 67' lang='grc' dir='ltr'>ἐτεσιν</span> <span class='ocrx_word' id='word_1_276' title='bbox 2463 1213 2627 1276; x_wconf 72' lang='grc' dir='ltr'>αὐτὸς</span> <span class='ocrx_word' id='word_1_277' title='bbox 2675 1214 2980 1281; x_wconf 76' lang='grc' dir='ltr'>περιεποίει</span> <span class='ocrx_word' id='word_1_278' title='bbox 3029 1229 3086 1265; x_wconf 79' lang='grc' dir='ltr'><strong>τε</strong></span> <span class='ocrx_word' id='word_1_279' title='bbox 3119 1211 3218 1283; x_wconf 82' lang='grc' dir='ltr'>τὴν</span> <span class='ocrx_word' id='word_1_280' title='bbox 3252 1211 3412 1283; x_wconf 79' lang='grc' dir='ltr'>νῆσον</span> <span class='ocrx_word' id='word_1_281' title='bbox 3437 1211 3597 1282; x_wconf 79' lang='grc' dir='ltr'>ἑαυτῷ</span> <span class='ocrx_word' id='word_1_282' title='bbox 3631 1214 3737 1264; x_wconf 83' lang='grc' dir='ltr'>ὐπο-</span> 
     </span>
    </p>
   </div>
   <div class='ocr_carea' id='block_1_43' title="bbox 2235 1301 3739 1372">
    <p class='ocr_par' dir='ltr' id='par_1_43' title="bbox 2235 1301 3739 1372">
     <span class='ocr_line' id='line_1_43' title="bbox 2235 1301 3739 1372; baseline 0.002 -20"><span class='ocrx_word' id='word_1_283' title='bbox 2235 1301 2559 1370; x_wconf 79' lang='grc' dir='ltr'>ποιούμενος</span> <span class='ocrx_word' id='word_1_284' title='bbox 2590 1304 2714 1364; x_wconf 81' lang='grc' dir='ltr'>τοὺς</span> <span class='ocrx_word' id='word_1_285' title='bbox 2748 1303 2937 1364; x_wconf 85' lang='grc' dir='ltr'>Χίους,</span> <span class='ocrx_word' id='word_1_286' title='bbox 2976 1301 3070 1354; x_wconf 79' lang='grc' dir='ltr'>καὶ</span> <span class='ocrx_word' id='word_1_287' title='bbox 3117 1301 3344 1372; x_wconf 87' lang='grc' dir='ltr'>Ὤχύρου</span> <span class='ocrx_word' id='word_1_288' title='bbox 3388 1301 3481 1372; x_wconf 72' lang='grc' dir='ltr'>τὴν</span> <span class='ocrx_word' id='word_1_289' title='bbox 3516 1302 3666 1365; x_wconf 84' lang='grc' dir='ltr'>πόλιν,</span> <span class='ocrx_word' id='word_1_290' title='bbox 3689 1303 3739 1355; x_wconf 70' lang='grc' dir='ltr'>τά</span> 
     </span>
    </p>
   </div>
   <div class='ocr_carea' id='block_1_44' title="bbox 2233 1391 3739 1462">
    <p class='ocr_par' dir='ltr' id='par_1_44' title="bbox 2233 1391 3739 1462">
     <span class='ocr_line' id='line_1_44' title="bbox 2233 1391 3739 1462; baseline 0 -18"><span class='ocrx_word' id='word_1_291' title='bbox 2233 1408 2292 1444; x_wconf 85' lang='grc' dir='ltr'><strong>τε</strong></span> <span class='ocrx_word' id='word_1_292' title='bbox 2343 1394 2696 1460; x_wconf 70' lang='grc' dir='ltr'><strong>πεπονηκότα</strong></span> <span class='ocrx_word' id='word_1_293' title='bbox 2742 1391 3136 1462; x_wconf 77' lang='grc' dir='ltr'>ἁνοικοδομῶν,</span> <span class='ocrx_word' id='word_1_294' title='bbox 3191 1392 3285 1444; x_wconf 66' lang='grc' dir='ltr'>καὶ</span> <span class='ocrx_word' id='word_1_295' title='bbox 3327 1394 3478 1444; x_wconf 71' lang='grc' dir='ltr'>εἵπου</span> <span class='ocrx_word' id='word_1_296' title='bbox 3502 1391 3618 1455; x_wconf 79' lang='grc' dir='ltr'>δέοι,</span> <span class='ocrx_word' id='word_1_297' title='bbox 3652 1395 3739 1454; x_wconf 74' lang='grc' dir='ltr'>τοῖς</span> 
     </span>
    </p>
   </div>
   <div class='ocr_carea' id='block_1_45' title="bbox 2233 1482 3739 1554">
    <p class='ocr_par' dir='ltr' id='par_1_45' title="bbox 2233 1482 3739 1554">
     <span class='ocr_line' id='line_1_45' title="bbox 2233 1482 3739 1554; baseline -0.001 -20"><span class='ocrx_word' id='word_1_298' title='bbox 2233 1482 2470 1552; x_wconf 84' lang='grc' dir='ltr'>τείχεσιν</span> <span class='ocrx_word' id='word_1_299' title='bbox 2504 1483 2638 1550; x_wconf 75' lang='grc' dir='ltr'>ὕψος</span> <span class='ocrx_word' id='word_1_300' title='bbox 2664 1483 2999 1554; x_wconf 63' lang='grc' dir='ltr'>προστιθείς</span> <span class='ocrx_word' id='word_1_301' title='bbox 3027 1483 3122 1535; x_wconf 74' lang='grc' dir='ltr'>καὶ</span> <span class='ocrx_word' id='word_1_302' title='bbox 3147 1483 3390 1552; x_wconf 81' lang='grc' dir='ltr'><strong>τάφρους</strong></span> <span class='ocrx_word' id='word_1_303' title='bbox 3417 1498 3474 1534; x_wconf 87' lang='grc' dir='ltr'><strong>τε</strong></span> <span class='ocrx_word' id='word_1_304' title='bbox 3499 1482 3585 1534; x_wconf 81' lang='grc' dir='ltr'>καὶ</span> <span class='ocrx_word' id='word_1_305' title='bbox 3609 1482 3739 1534; x_wconf 78' lang='grc' dir='ltr'>τᾶλλα</span> 
     </span>
    </p>
   </div>
   <div class='ocr_carea' id='block_1_46' title="bbox 2233 1569 3738 1641">
    <p class='ocr_par' dir='ltr' id='par_1_46' title="bbox 2233 1569 3738 1641">
     <span class='ocr_line' id='line_1_46' title="bbox 2233 1569 3738 1641; baseline -0.001 -19"><span class='ocrx_word' id='word_1_306' title='bbox 2233 1569 2625 1639; x_wconf 71' lang='grc' dir='ltr'>ἐξαρτυόμενος</span> <span class='ocrx_word' id='word_1_307' title='bbox 2655 1569 2689 1623; x_wconf 70' lang='grc' dir='ltr'>ἃ</span> <span class='ocrx_word' id='word_1_308' title='bbox 2722 1569 2918 1641; x_wconf 77' lang='grc' dir='ltr'>ἔμελλε</span> <span class='ocrx_word' id='word_1_309' title='bbox 2959 1569 3335 1636; x_wconf 71' lang='grc' dir='ltr'><strong>λυσιτελήσειν</strong></span> <span class='ocrx_word' id='word_1_310' title='bbox 3365 1570 3411 1622; x_wconf 83' lang='grc' dir='ltr'><strong>εί</strong></span> <span class='ocrx_word' id='word_1_311' title='bbox 3451 1569 3738 1637; x_wconf 81' lang='grc' dir='ltr'>καστασταίη</span> 
     </span>
    </p>
   </div>
   <div class='ocr_carea' id='block_1_47' title="bbox 2237 1659 3739 1730">
    <p class='ocr_par' dir='ltr' id='par_1_47' title="bbox 2237 1659 3739 1730">
     <span class='ocr_line' id='line_1_47' title="bbox 2237 1659 3739 1730; baseline 0 -20"><span class='ocrx_word' id='word_1_312' title='bbox 2237 1659 2372 1727; x_wconf 73' lang='grc' dir='ltr'>πρὸς</span> <span class='ocrx_word' id='word_1_313' title='bbox 2425 1660 2515 1712; x_wconf 72' lang='grc' dir='ltr'><strong>τον</strong></span> <span class='ocrx_word' id='word_1_314' title='bbox 2550 1660 2812 1730; x_wconf 73' lang='grc' dir='ltr'>πόλεμον.</span> <span class='ocrx_word' id='word_1_315' title='bbox 2849 1660 3008 1715; x_wconf 79' lang='grc' dir='ltr'>Μετὰ</span> <span class='ocrx_word' id='word_1_316' title='bbox 3037 1660 3096 1714; x_wconf 64' lang='grc' dir='ltr'><strong>δὲ</strong></span> <span class='ocrx_word' id='word_1_317' title='bbox 3128 1661 3336 1723; x_wconf 83' lang='grc' dir='ltr'>ταύτας</span> <span class='ocrx_word' id='word_1_318' title='bbox 3365 1659 3458 1721; x_wconf 73' lang='grc' dir='ltr'>τὰς</span> <span class='ocrx_word' id='word_1_319' title='bbox 3483 1659 3739 1720; x_wconf 69' lang='grc' dir='ltr'>δεκαετεῖς,</span> 
     </span>
    </p>
   </div>
   <div class='ocr_carea' id='block_1_48' title="bbox 2233 1749 3740 1821">
    <p class='ocr_par' dir='ltr' id='par_1_48' title="bbox 2233 1749 3740 1821">
     <span class='ocr_line' id='line_1_48' title="bbox 2233 1749 3740 1821; baseline 0.001 -20"><span class='ocrx_word' id='word_1_320' title='bbox 2233 1750 2294 1801; x_wconf 79' lang='grc' dir='ltr'>οὐ</span> <span class='ocrx_word' id='word_1_321' title='bbox 2348 1749 2536 1820; x_wconf 74' lang='grc' dir='ltr'>ῥᾳδίαν</span> <span class='ocrx_word' id='word_1_322' title='bbox 2592 1750 2734 1820; x_wconf 83' lang='grc' dir='ltr'>δρῶν</span> <span class='ocrx_word' id='word_1_323' title='bbox 2785 1752 2814 1802; x_wconf 82' lang='grc' dir='ltr'><strong>ὁ</strong></span> <span class='ocrx_word' id='word_1_324' title='bbox 2877 1751 3130 1820; x_wconf 74' lang='grc' dir='ltr'>βασιλεὺς</span> <span class='ocrx_word' id='word_1_325' title='bbox 3185 1752 3286 1820; x_wconf 79' lang='grc' dir='ltr'>τὴν</span> <span class='ocrx_word' id='word_1_326' title='bbox 3325 1749 3617 1821; x_wconf 58' lang='lat' dir='ltr'><strong>supide</strong></span> <span class='ocrx_word' id='word_1_327' title='bbox 3656 1751 3740 1818; x_wconf 72' lang='grc' dir='ltr'><strong>Ιτῆς</strong></span> 
     </span>
    </p>
   </div>
   <div class='ocr_carea' id='block_1_49' title="bbox 2235 1839 3741 1912">
    <p class='ocr_par' dir='ltr' id='par_1_49' title="bbox 2235 1839 3741 1912">
     <span class='ocr_line' id='line_1_49' title="bbox 2235 1839 3741 1912; baseline -0.003 -19"><span class='ocrx_word' id='word_1_328' title='bbox 2235 1840 2370 1893; x_wconf 87' lang='grc' dir='ltr'>Χίου</span> <span class='ocrx_word' id='word_1_329' title='bbox 2402 1840 2492 1894; x_wconf 82' lang='grc' dir='ltr'>διὰ</span> <span class='ocrx_word' id='word_1_330' title='bbox 2535 1841 2596 1894; x_wconf 80' lang='grc' dir='ltr'>τὸ</span> <span class='ocrx_word' id='word_1_331' title='bbox 2635 1841 2989 1912; x_wconf 69' lang='grc' dir='ltr'>ὠχυρῶσθαι,</span> <span class='ocrx_word' id='word_1_332' title='bbox 3043 1841 3222 1904; x_wconf 75' lang='grc' dir='ltr'>ἄλλως</span> <span class='ocrx_word' id='word_1_333' title='bbox 3275 1857 3333 1893; x_wconf 87' lang='grc' dir='ltr'><strong>τε</strong></span> <span class='ocrx_word' id='word_1_334' title='bbox 3380 1839 3473 1894; x_wconf 75' lang='grc' dir='ltr'>καὶ</span> <span class='ocrx_word' id='word_1_335' title='bbox 3517 1839 3741 1907; x_wconf 80' lang='grc' dir='ltr'>Ζαχαρίου</span> 
     </span>
    </p>
   </div>
   <div class='ocr_carea' id='block_1_50' title="bbox 2236 1926 3741 2001">
    <p class='ocr_par' dir='ltr' id='par_1_50' title="bbox 2236 1926 3741 2001">
     <span class='ocr_line' id='line_1_50' title="bbox 2236 1926 3741 2001; baseline -0.002 -19"><span class='ocrx_word' id='word_1_336' title='bbox 2236 1930 2534 2001; x_wconf 76' lang='grc' dir='ltr'>πρεσϐείαν</span> <span class='ocrx_word' id='word_1_337' title='bbox 2581 1931 2919 2000; x_wconf 79' lang='grc' dir='ltr'>πέμψαντος,</span> <span class='ocrx_word' id='word_1_338' title='bbox 2966 1933 3061 1986; x_wconf 68' lang='grc' dir='ltr'><strong>καὶ</strong></span> <span class='ocrx_word' id='word_1_339' title='bbox 3109 1931 3375 2000; x_wconf 80' lang='grc' dir='ltr'>βασιλέως</span> <span class='ocrx_word' id='word_1_340' title='bbox 3409 1927 3637 1997; x_wconf 75' lang='grc' dir='ltr'>δεομένου</span> <span class='ocrx_word' id='word_1_341' title='bbox 3683 1926 3741 1993; x_wconf 73' lang='grc' dir='ltr'><strong>μὴ</strong></span> 
     </span>
    </p>
   </div>
   <div class='ocr_carea' id='block_1_51' title="bbox 2237 2020 3744 2095">
    <p class='ocr_par' dir='ltr' id='par_1_51' title="bbox 2237 2020 3744 2095">
     <span class='ocr_line' id='line_1_51' title="bbox 2237 2020 3744 2095; baseline -0.005 -21"><span class='ocrx_word' id='word_1_342' title='bbox 2237 2023 2367 2093; x_wconf 76' lang='grc' dir='ltr'>περὶ</span> <span class='ocrx_word' id='word_1_343' title='bbox 2414 2023 2513 2093; x_wconf 75' lang='grc' dir='ltr'><strong>τῆς</strong></span> <span class='ocrx_word' id='word_1_344' title='bbox 2549 2024 2717 2095; x_wconf 82' lang='grc' dir='ltr'>νήσου</span> <span class='ocrx_word' id='word_1_345' title='bbox 2769 2023 3032 2093; x_wconf 77' lang='grc' dir='ltr'>ἐνοχλεῖν,</span> <span class='ocrx_word' id='word_1_346' title='bbox 3067 2023 3266 2093; x_wconf 77' lang='grc' dir='ltr'>ἑτέρας</span> <span class='ocrx_word' id='word_1_347' title='bbox 3298 2021 3448 2074; x_wconf 76' lang='grc' dir='ltr'>ἔθετο</span> <span class='ocrx_word' id='word_1_348' title='bbox 3481 2020 3744 2078; x_wconf 78' lang='grc' dir='ltr'>πενταετεῖς</span> 
     </span>
    </p>
   </div>
   <div class='ocr_carea' id='block_1_52' title="bbox 2239 2099 3742 2182">
    <p class='ocr_par' dir='ltr' id='par_1_52' title="bbox 2239 2099 3742 2182">
     <span class='ocr_line' id='line_1_52' title="bbox 2239 2099 3742 2182; baseline -0.005 -16"><span class='ocrx_word' id='word_1_349' title='bbox 2239 2115 2333 2167; x_wconf 74' lang='grc' dir='ltr'><strong>ἐπὶ</strong></span> <span class='ocrx_word' id='word_1_350' title='bbox 2366 2099 2498 2176; x_wconf 83' lang='grc' dir='ltr'>τοῖς</span> <span class='ocrx_word' id='word_1_351' title='bbox 2526 2115 2663 2177; x_wconf 86' lang='grc' dir='ltr'>ῐσοις</span> <span class='ocrx_word' id='word_1_352' title='bbox 2711 2115 2810 2167; x_wconf 70' lang='grc' dir='ltr'>καὶ</span> <span class='ocrx_word' id='word_1_353' title='bbox 2840 2114 3068 2182; x_wconf 79' lang='grc' dir='ltr'>ὁμοίοις,</span> <span class='ocrx_word' id='word_1_354' title='bbox 3105 2115 3200 2165; x_wconf 74' lang='grc' dir='ltr'>καὶ</span> <span class='ocrx_word' id='word_1_355' title='bbox 3234 2112 3354 2182; x_wconf 84' lang='grc' dir='ltr'>μετ’</span> <span class='ocrx_word' id='word_1_356' title='bbox 3383 2111 3557 2173; x_wconf 76' lang='grc' dir='ltr'>αὐτὰς,</span> <span class='ocrx_word' id='word_1_357' title='bbox 3585 2109 3742 2176; x_wconf 76' lang='grc' dir='ltr'>ἑτέρας</span> 
     </span>
    </p>
   </div>
   <div class='ocr_carea' id='block_1_53' title="bbox 2237 2201 3741 2274">
    <p class='ocr_par' dir='ltr' id='par_1_53' title="bbox 2237 2201 3741 2274">
     <span class='ocr_line' id='line_1_53' title="bbox 2237 2201 3741 2274; baseline -0.006 -15"><span class='ocrx_word' id='word_1_358' title='bbox 2237 2205 2422 2259; x_wconf 58' lang='grc' dir='ltr'>πάλιν</span> <span class='ocrx_word' id='word_1_359' title='bbox 2457 2206 2551 2258; x_wconf 75' lang='grc' dir='ltr'>καὶ</span> <span class='ocrx_word' id='word_1_360' title='bbox 2595 2205 3047 2274; x_wconf 76' lang='grc' dir='ltr'>τετελευτηκότος</span> <span class='ocrx_word' id='word_1_361' title='bbox 3093 2204 3391 2274; x_wconf 85' lang='grc' dir='ltr'>Ζαχαρίου,</span> <span class='ocrx_word' id='word_1_362' title='bbox 3419 2205 3512 2272; x_wconf 79' lang='grc' dir='ltr'>τῆς</span> <span class='ocrx_word' id='word_1_363' title='bbox 3539 2218 3590 2254; x_wconf 87' lang='grc' dir='ltr'><strong>τε</strong></span> <span class='ocrx_word' id='word_1_364' title='bbox 3639 2201 3741 2254; x_wconf 83' lang='grc' dir='ltr'>Χίου</span> 
     </span>
    </p>
   </div>
   <div class='ocr_carea' id='block_1_54' title="bbox 2236 2291 3742 2368">
    <p class='ocr_par' dir='ltr' id='par_1_54' title="bbox 2236 2291 3742 2368">
     <span class='ocr_line' id='line_1_54' title="bbox 2236 2291 3742 2368; baseline -0.005 -19"><span class='ocrx_word' id='word_1_365' title='bbox 2236 2296 2330 2349; x_wconf 76' lang='grc' dir='ltr'>καὶ</span> <span class='ocrx_word' id='word_1_366' title='bbox 2363 2299 2462 2366; x_wconf 82' lang='grc' dir='ltr'>τῆς</span> <span class='ocrx_word' id='word_1_367' title='bbox 2489 2297 2831 2368; x_wconf 84' lang='grc' dir='ltr'>πανουργίας</span> <span class='ocrx_word' id='word_1_368' title='bbox 2873 2297 2923 2348; x_wconf 87' lang='grc' dir='ltr'><strong>οί</strong></span> <span class='ocrx_word' id='word_1_369' title='bbox 2963 2296 3154 2359; x_wconf 84' lang='grc' dir='ltr'>παῖδες</span> <span class='ocrx_word' id='word_1_370' title='bbox 3181 2294 3615 2364; x_wconf 80' lang='grc' dir='ltr'>καταλειφθέντες</span> <span class='ocrx_word' id='word_1_371' title='bbox 3638 2291 3742 2359; x_wconf 63' lang='lat' dir='ltr'><strong>xii;-</strong></span> 
     </span>
    </p>
   </div>
   <div class='ocr_carea' id='block_1_55' title="bbox 2238 2381 3742 2458">
    <p class='ocr_par' dir='ltr' id='par_1_55' title="bbox 2238 2381 3742 2458">
     <span class='ocr_line' id='line_1_55' title="bbox 2238 2381 3742 2458; baseline 0.002 -18"><span class='ocrx_word' id='word_1_372' title='bbox 2238 2387 2492 2458; x_wconf 85' lang='grc' dir='ltr'>ρονόμοι,</span> <span class='ocrx_word' id='word_1_373' title='bbox 2526 2386 2668 2440; x_wconf 84' lang='grc' dir='ltr'>οὓτω</span> <span class='ocrx_word' id='word_1_374' title='bbox 2700 2387 3176 2456; x_wconf 85' lang='grc' dir='ltr'>διεπαιδαγώγουν</span> <span class='ocrx_word' id='word_1_375' title='bbox 3222 2387 3461 2457; x_wconf 77' lang='grc' dir='ltr'>βασιλέα,</span> <span class='ocrx_word' id='word_1_376' title='bbox 3508 2385 3622 2453; x_wconf 76' lang='grc' dir='ltr'>πρὶν</span> <span class='ocrx_word' id='word_1_377' title='bbox 3665 2381 3742 2443; x_wconf 67' lang='grc' dir='ltr'>τὰς</span> 
     </span>
    </p>
   </div>
   <div class='ocr_carea' id='block_1_56' title="bbox 2237 2473 3742 2551">
    <p class='ocr_par' dir='ltr' id='par_1_56' title="bbox 2237 2473 3742 2551">
     <span class='ocr_line' id='line_1_56' title="bbox 2237 2473 3742 2551; baseline -0.005 -17"><span class='ocrx_word' id='word_1_378' title='bbox 2237 2479 2402 2544; x_wconf 77' lang='grc' dir='ltr'>οὔσας</span> <span class='ocrx_word' id='word_1_379' title='bbox 2461 2479 2741 2546; x_wconf 74' lang='grc' dir='ltr'>ἐξικέσθαι</span> <span class='ocrx_word' id='word_1_380' title='bbox 2801 2481 2993 2551; x_wconf 81' lang='grc' dir='ltr'>ἑτέρας</span> <span class='ocrx_word' id='word_1_381' title='bbox 3055 2481 3353 2550; x_wconf 76' lang='grc' dir='ltr'>τιθέμενοι·</span> <span class='ocrx_word' id='word_1_382' title='bbox 3384 2481 3470 2532; x_wconf 77' lang='grc' dir='ltr'>καὶ</span> <span class='ocrx_word' id='word_1_383' title='bbox 3517 2478 3641 2546; x_wconf 77' lang='grc' dir='ltr'>ἔργῳ</span> <span class='ocrx_word' id='word_1_384' title='bbox 3665 2473 3742 2543; x_wconf 77' lang='grc' dir='ltr'><strong>μὲν</strong></span> 
     </span>
    </p>
   </div>
   <div class='ocr_carea' id='block_1_57' title="bbox 2237 2563 3742 2642">
    <p class='ocr_par' dir='ltr' id='par_1_57' title="bbox 2237 2563 3742 2642">
     <span class='ocr_line' id='line_1_57' title="bbox 2237 2563 3742 2642; baseline -0.007 -17"><span class='ocrx_word' id='word_1_385' title='bbox 2237 2573 2389 2625; x_wconf 71' lang='grc' dir='ltr'>αὐτοὶ</span> <span class='ocrx_word' id='word_1_386' title='bbox 2430 2572 2799 2642; x_wconf 70' lang='grc' dir='ltr'>καρποῦμινοι</span> <span class='ocrx_word' id='word_1_387' title='bbox 2830 2571 2928 2640; x_wconf 81' lang='grc' dir='ltr'>τὴν</span> <span class='ocrx_word' id='word_1_388' title='bbox 2976 2570 3130 2637; x_wconf 85' lang='grc' dir='ltr'>Χίον,</span> <span class='ocrx_word' id='word_1_389' title='bbox 3186 2571 3314 2641; x_wconf 78' lang='grc' dir='ltr'>ψιλῇ</span> <span class='ocrx_word' id='word_1_390' title='bbox 3364 2569 3417 2622; x_wconf 78' lang='grc' dir='ltr'>δὲ</span> <span class='ocrx_word' id='word_1_391' title='bbox 3452 2563 3742 2637; x_wconf 60' lang='grc' dir='ltr'>προσηγορίᾳ</span> 
     </span>
    </p>
   </div>
   <div class='ocr_carea' id='block_1_58' title="bbox 2241 2657 3741 2732">
    <p class='ocr_par' dir='ltr' id='par_1_58' title="bbox 2241 2657 3741 2732">
     <span class='ocr_line' id='line_1_58' title="bbox 2241 2657 3741 2732; baseline -0.007 -17"><span class='ocrx_word' id='word_1_392' title='bbox 2241 2663 2452 2732; x_wconf 83' lang='grc' dir='ltr'>βασιλεῖ</span> <span class='ocrx_word' id='word_1_393' title='bbox 2480 2663 2814 2731; x_wconf 79' lang='grc' dir='ltr'>παρέχοντες</span> <span class='ocrx_word' id='word_1_394' title='bbox 2846 2663 3014 2730; x_wconf 76' lang='grc' dir='ltr'>αὐτῆς</span> <span class='ocrx_word' id='word_1_395' title='bbox 3064 2663 3246 2732; x_wconf 82' lang='grc' dir='ltr'>κυρίῳ</span> <span class='ocrx_word' id='word_1_396' title='bbox 3279 2657 3434 2714; x_wconf 86' lang='grc' dir='ltr'>εἶναι.</span> <span class='ocrx_word' id='word_1_397' title='bbox 3473 2658 3578 2710; x_wconf 85' lang='grc' dir='ltr'>Τῶν</span> <span class='ocrx_word' id='word_1_398' title='bbox 3607 2671 3741 2706; x_wconf 79' lang='grc' dir='ltr'>σπτν·</span> 
     </span>
    </p>
   </div>
   <div class='ocr_carea' id='block_1_59' title="bbox 2237 2744 3731 2824">
    <p class='ocr_par' dir='ltr' id='par_1_59' title="bbox 2237 2744 3731 2824">
     <span class='ocr_line' id='line_1_59' title="bbox 2237 2744 3731 2824; baseline -0.008 -18"><span class='ocrx_word' id='word_1_399' title='bbox 2237 2754 2342 2806; x_wconf 87' lang='grc' dir='ltr'><strong>δῶν</strong></span> <span class='ocrx_word' id='word_1_400' title='bbox 2387 2753 2442 2805; x_wconf 79' lang='grc' dir='ltr'>δὲ</span> <span class='ocrx_word' id='word_1_401' title='bbox 2476 2753 2656 2814; x_wconf 73' lang='grc' dir='ltr'>αὐτοῖς</span> <span class='ocrx_word' id='word_1_402' title='bbox 2692 2754 2815 2805; x_wconf 84' lang='grc' dir='ltr'>τότε</span> <span class='ocrx_word' id='word_1_403' title='bbox 2863 2753 2998 2821; x_wconf 74' lang='grc' dir='ltr'>πρὸς</span> <span class='ocrx_word' id='word_1_404' title='bbox 3028 2751 3210 2817; x_wconf 76' lang='grc' dir='ltr'>ἔξοδον</span> <span class='ocrx_word' id='word_1_405' title='bbox 3261 2754 3357 2824; x_wconf 75' lang='grc' dir='ltr'><strong>ήδη</strong></span> <span class='ocrx_word' id='word_1_406' title='bbox 3393 2749 3572 2812; x_wconf 76' lang='grc' dir='ltr'>οὐσῶν,</span> <span class='ocrx_word' id='word_1_407' title='bbox 3601 2744 3731 2798; x_wconf 80' lang='grc' dir='ltr'>Καλό-</span> 
     </span>
    </p>
   </div>
   <div class='ocr_carea' id='block_1_60' title="bbox 2240 2837 3739 2914">
    <p class='ocr_par' dir='ltr' id='par_1_60' title="bbox 2240 2837 3739 2914">
     <span class='ocr_line' id='line_1_60' title="bbox 2240 2837 3739 2914; baseline -0.009 -16"><span class='ocrx_word' id='word_1_408' title='bbox 2240 2844 2392 2908; x_wconf 79' lang='grc' dir='ltr'>θετος</span> <span class='ocrx_word' id='word_1_409' title='bbox 2447 2845 2553 2897; x_wconf 90' lang='grc' dir='ltr'><strong>τῶν</strong></span> <span class='ocrx_word' id='word_1_410' title='bbox 2603 2844 2752 2914; x_wconf 78' lang='grc' dir='ltr'>παρὰ</span> <span class='ocrx_word' id='word_1_411' title='bbox 2809 2845 2960 2905; x_wconf 83' lang='grc' dir='ltr'>Χίοις</span> <span class='ocrx_word' id='word_1_412' title='bbox 3012 2845 3260 2897; x_wconf 86' lang='grc' dir='ltr'>δυνατῶν</span> <span class='ocrx_word' id='word_1_413' title='bbox 3291 2842 3562 2910; x_wconf 81' lang='grc' dir='ltr'>όμάλιστα</span> <span class='ocrx_word' id='word_1_414' title='bbox 3587 2837 3739 2901; x_wconf 73' lang='grc' dir='ltr'>διαφο-</span> 
     </span>
    </p>
   </div>
   <div class='ocr_carea' id='block_1_61' title="bbox 2243 2934 3741 3006">
    <p class='ocr_par' dir='ltr' id='par_1_61' title="bbox 2243 2934 3741 3006">
     <span class='ocr_line' id='line_1_61' title="bbox 2243 2934 3741 3006; baseline -0.005 -18"><span class='ocrx_word' id='word_1_415' title='bbox 2243 2935 2506 3006; x_wconf 84' lang='grc' dir='ltr'>ρῶτατος,</span> <span class='ocrx_word' id='word_1_416' title='bbox 2543 2936 2619 3005; x_wconf 85' lang='grc' dir='ltr'>τῷ</span> <span class='ocrx_word' id='word_1_417' title='bbox 2652 2936 2895 3004; x_wconf 69' lang='grc' dir='ltr'>μεγάλου</span> <span class='ocrx_word' id='word_1_418' title='bbox 2927 2935 3256 3004; x_wconf 84' lang='grc' dir='ltr'>δομεστίκου</span> <span class='ocrx_word' id='word_1_419' title='bbox 3287 2934 3419 3002; x_wconf 79' lang='grc' dir='ltr'>οἴκῳ</span> <span class='ocrx_word' id='word_1_420' title='bbox 3450 2942 3741 3001; x_wconf 78' lang='grc' dir='ltr'>προσῳκειω-</span> 
     </span>
    </p>
   </div>
   <div class='ocr_carea' id='block_1_62' title="bbox 578 3018 2136 3124">
    <p class='ocr_par' dir='ltr' id='par_1_62' title="bbox 578 3027 2132 3102">
     <span class='ocr_line' id='line_1_62' title="bbox 578 3027 2132 3102; baseline 0.005 -23"><span class='ocrx_word' id='word_1_421' title='bbox 578 3027 861 3095; x_wconf 86' lang='lat' dir='ltr'><strong>indicavit,</strong></span> <span class='ocrx_word' id='word_1_422' title='bbox 922 3029 1014 3099; x_wconf 91' lang='lat' dir='ltr'><strong>qui</strong></span> <span class='ocrx_word' id='word_1_423' title='bbox 1060 3031 1335 3085; x_wconf 80' lang='lat' dir='ltr'><strong>Remanos</strong></span> <span class='ocrx_word' id='word_1_424' title='bbox 1366 3031 1541 3085; x_wconf 88' lang='lat' dir='ltr'><strong>insula</strong></span> <span class='ocrx_word' id='word_1_425' title='bbox 1586 3032 1930 3100; x_wconf 71' lang='lat' dir='ltr'><strong>Speliissent,</strong></span> <span class='ocrx_word' id='word_1_426' title='bbox 1971 3049 2132 3102; x_wconf 91' lang='lat' dir='ltr'><strong>quam</strong></span> 
     </span>
    </p>
   </div>
   <div class='ocr_carea' id='block_1_63' title="bbox 2236 3018 3740 3124">
    <p class='ocr_par' dir='ltr' id='par_1_63' title="bbox 2245 3018 3740 3097">
     <span class='ocr_line' id='line_1_63' title="bbox 2245 3018 3740 3097; baseline -0.009 -18"><span class='ocrx_word' id='word_1_427' title='bbox 2245 3029 2404 3097; x_wconf 82' lang='grc' dir='ltr'>μένος</span> <span class='ocrx_word' id='word_1_428' title='bbox 2464 3029 2526 3080; x_wconf 86' lang='grc' dir='ltr'>ὲκ</span> <span class='ocrx_word' id='word_1_429' title='bbox 2587 3027 2796 3080; x_wconf 81' lang='grc' dir='ltr'>πολλῶν</span> <span class='ocrx_word' id='word_1_430' title='bbox 2851 3027 2989 3080; x_wconf 83' lang='grc' dir='ltr'>ὲτῶν</span> <span class='ocrx_word' id='word_1_431' title='bbox 3019 3028 3283 3097; x_wconf 81' lang='grc' dir='ltr'>(πατέρες</span> <span class='ocrx_word' id='word_1_432' title='bbox 3340 3043 3398 3078; x_wconf 85' lang='grc' dir='ltr'><strong>τε</strong></span> <span class='ocrx_word' id='word_1_433' title='bbox 3452 3026 3549 3090; x_wconf 71' lang='grc' dir='ltr'><strong>γὰρ</strong></span> <span class='ocrx_word' id='word_1_434' title='bbox 3577 3018 3740 3073; x_wconf 72' lang='grc' dir='ltr'>ἐκείνου</span> 
     </span>
    </p>
   </div>
   <div class='ocr_carea' id='block_1_64' title="bbox 573 3119 2135 3191">
    <p class='ocr_par' dir='ltr' id='par_1_64' title="bbox 573 3119 2135 3191">
     <span class='ocr_line' id='line_1_64' title="bbox 573 3119 2135 3191; baseline 0.003 -18"><span class='ocrx_word' id='word_1_435' title='bbox 573 3133 674 3188; x_wconf 85' lang='lat' dir='ltr'><strong>per</strong></span> <span class='ocrx_word' id='word_1_436' title='bbox 731 3119 984 3176; x_wconf 89' lang='lat' dir='ltr'><strong>fraudem</strong></span> <span class='ocrx_word' id='word_1_437' title='bbox 1038 3121 1226 3176; x_wconf 91' lang='lat' dir='ltr'><strong>tandiu</strong></span> <span class='ocrx_word' id='word_1_438' title='bbox 1281 3131 1655 3191; x_wconf 86' lang='lat' dir='ltr'><strong>occuparent;</strong></span> <span class='ocrx_word' id='word_1_439' title='bbox 1709 3131 1766 3176; x_wconf 93' lang='lat' dir='ltr'><strong>et</strong></span> <span class='ocrx_word' id='word_1_440' title='bbox 1820 3139 1932 3176; x_wconf 90' lang='lat' dir='ltr'><strong>rem</strong></span> <span class='ocrx_word' id='word_1_441' title='bbox 1990 3125 2135 3178; x_wconf 87' lang='lat' dir='ltr'><strong>haud</strong></span> 
     </span>
    </p>
   </div>
   <div class='ocr_carea' id='block_1_65' title="bbox 569 3212 2140 3284">
    <p class='ocr_par' dir='ltr' id='par_1_65' title="bbox 569 3212 2140 3284">
     <span class='ocr_line' id='line_1_65' title="bbox 569 3212 2140 3284; baseline 0.006 -19"><span class='ocrx_word' id='word_1_442' title='bbox 569 3212 1051 3281; x_wconf 86' lang='lat' dir='ltr'><strong>contemnendam,</strong></span> <span class='ocrx_word' id='word_1_443' title='bbox 1112 3231 1289 3284; x_wconf 88' lang='lat' dir='ltr'><strong>neque</strong></span> <span class='ocrx_word' id='word_1_444' title='bbox 1339 3227 1542 3273; x_wconf 87' lang='lat' dir='ltr'><strong>temere</strong></span> <span class='ocrx_word' id='word_1_445' title='bbox 1579 3233 1611 3273; x_wconf 91' lang='lat' dir='ltr'><strong>e</strong></span> <span class='ocrx_word' id='word_1_446' title='bbox 1661 3218 1912 3273; x_wconf 88' lang='lat' dir='ltr'><strong>manibus</strong></span> <span class='ocrx_word' id='word_1_447' title='bbox 1951 3219 2140 3274; x_wconf 89' lang='lat' dir='ltr'><strong>dimit-</strong></span> 
     </span>
    </p>
   </div>
   <div class='ocr_carea' id='block_1_66' title="bbox 573 3303 2138 3379">
    <p class='ocr_par' dir='ltr' id='par_1_66' title="bbox 573 3303 2138 3379">
     <span class='ocr_line' id='line_1_66' title="bbox 573 3303 2138 3379; baseline 0.006 -25"><span class='ocrx_word' id='word_1_448' title='bbox 573 3303 790 3356; x_wconf 87' lang='lat' dir='ltr'><strong>tendam</strong></span> <span class='ocrx_word' id='word_1_449' title='bbox 815 3304 1011 3370; x_wconf 83' lang='lat' dir='ltr'><strong>videri,</strong></span> <span class='ocrx_word' id='word_1_450' title='bbox 1029 3321 1149 3359; x_wconf 92' lang='lat' dir='ltr'><strong>cum</strong></span> <span class='ocrx_word' id='word_1_451' title='bbox 1180 3310 1233 3360; x_wconf 92' lang='lat' dir='ltr'><strong>in</strong></span> <span class='ocrx_word' id='word_1_452' title='bbox 1259 3323 1431 3363; x_wconf 89' lang='lat' dir='ltr'><strong>annos</strong></span> <span class='ocrx_word' id='word_1_453' title='bbox 1457 3309 1699 3379; x_wconf 87' lang='lat' dir='ltr'><strong>singulos</strong></span> <span class='ocrx_word' id='word_1_454' title='bbox 1727 3311 1892 3379; x_wconf 77' lang='grc'><strong>228</strong></span> <span class='ocrx_word' id='word_1_455' title='bbox 1919 3306 2138 3364; x_wconf 76' lang='lat' dir='ltr'><strong>Centum</strong></span> 
     </span>
    </p>
   </div>
   <div class='ocr_carea' id='block_1_67' title="bbox 576 3391 2138 3470">
    <p class='ocr_par' dir='ltr' id='par_1_67' title="bbox 576 3391 2138 3470">
     <span class='ocr_line' id='line_1_67' title="bbox 576 3391 2138 3470; baseline 0.008 -27"><span class='ocrx_word' id='word_1_456' title='bbox 576 3391 766 3461; x_wconf 73' lang='lat' dir='ltr'><strong>viginti</strong></span> <span class='ocrx_word' id='word_1_457' title='bbox 826 3409 1119 3470; x_wconf 76' lang='lat' dir='ltr'><strong>aureorum</strong></span> <span class='ocrx_word' id='word_1_458' title='bbox 1169 3398 1648 3467; x_wconf 64' lang='lat' dir='ltr'><strong>milliaapeusilet.</strong></span> <span class='ocrx_word' id='word_1_459' title='bbox 1700 3401 2138 3455; x_wconf 81' lang='lat' dir='ltr'><strong>Benevolentiam</strong></span> 
     </span>
    </p>
   </div>
   <div class='ocr_carea' id='block_1_68' title="bbox 571 3487 2160 3557">
    <p class='ocr_par' dir='ltr' id='par_1_68' title="bbox 571 3487 2160 3557">
     <span class='ocr_line' id='line_1_68' title="bbox 571 3487 2160 3557; baseline 0.005 -22"><span class='ocrx_word' id='word_1_460' title='bbox 571 3498 792 3552; x_wconf 86' lang='lat' dir='ltr'><strong>quoque</strong></span> <span class='ocrx_word' id='word_1_461' title='bbox 821 3497 972 3537; x_wconf 90' lang='lat' dir='ltr'><strong>suam</strong></span> <span class='ocrx_word' id='word_1_462' title='bbox 1002 3493 1056 3539; x_wconf 92' lang='lat' dir='ltr'><strong>et</strong></span> <span class='ocrx_word' id='word_1_463' title='bbox 1106 3487 1548 3557; x_wconf 91' lang='lat' dir='ltr'><strong>conjunctionem</strong></span> <span class='ocrx_word' id='word_1_464' title='bbox 1578 3488 1992 3542; x_wconf 85' lang='lat' dir='ltr'><strong>consuetudinis</strong></span> <span class='ocrx_word' id='word_1_465' title='bbox 2013 3505 2160 3543; x_wconf 39' lang='lat' dir='ltr'><strong>cum:</strong></span> 
     </span>
    </p>
   </div>
   <div class='ocr_carea' id='block_1_69' title="bbox 572 3573 2137 3644">
    <p class='ocr_par' dir='ltr' id='par_1_69' title="bbox 572 3573 2137 3644">
     <span class='ocr_line' id='line_1_69' title="bbox 572 3573 2137 3644; baseline 0.004 -18"><span class='ocrx_word' id='word_1_466' title='bbox 572 3573 711 3642; x_wconf 87' lang='lat' dir='ltr'><strong>ipsa,</strong></span> <span class='ocrx_word' id='word_1_467' title='bbox 745 3581 800 3627; x_wconf 92' lang='lat' dir='ltr'><strong>et</strong></span> <span class='ocrx_word' id='word_1_468' title='bbox 855 3575 974 3644; x_wconf 89' lang='lat' dir='ltr'><strong>ejus</strong></span> <span class='ocrx_word' id='word_1_469' title='bbox 1023 3574 1134 3630; x_wconf 86' lang='lat' dir='ltr'><strong>filio</strong></span> <span class='ocrx_word' id='word_1_470' title='bbox 1189 3576 1244 3629; x_wconf 94' lang='lat' dir='ltr'><strong>in</strong></span> <span class='ocrx_word' id='word_1_471' title='bbox 1296 3578 1535 3632; x_wconf 91' lang='lat' dir='ltr'><strong>medium</strong></span> <span class='ocrx_word' id='word_1_472' title='bbox 1565 3579 1768 3643; x_wconf 89' lang='lat' dir='ltr'><strong>attulit,</strong></span> <span class='ocrx_word' id='word_1_473' title='bbox 1805 3594 1869 3632; x_wconf 90' lang='lat' dir='ltr'><strong>ac</strong></span> <span class='ocrx_word' id='word_1_474' title='bbox 1921 3579 2137 3633; x_wconf 90' lang='lat' dir='ltr'><strong>tandem</strong></span> 
     </span>
    </p>
   </div>
   <div class='ocr_carea' id='block_1_70' title="bbox 574 3662 2143 3739">
    <p class='ocr_par' dir='ltr' id='par_1_70' title="bbox 574 3662 2143 3739">
     <span class='ocr_line' id='line_1_70' title="bbox 574 3662 2143 3739; baseline 0.004 -22"><span class='ocrx_word' id='word_1_475' title='bbox 574 3674 765 3718; x_wconf 91' lang='lat' dir='ltr'><strong>auctor</strong></span> <span class='ocrx_word' id='word_1_476' title='bbox 786 3662 888 3718; x_wconf 79' lang='lat' dir='ltr'><strong>fuit</strong></span> <span class='ocrx_word' id='word_1_477' title='bbox 917 3675 975 3720; x_wconf 92' lang='lat' dir='ltr'><strong>ut</strong></span> <span class='ocrx_word' id='word_1_478' title='bbox 1001 3666 1045 3720; x_wconf 90' lang='lat' dir='ltr'><strong>si</strong></span> <span class='ocrx_word' id='word_1_479' title='bbox 1077 3675 1261 3736; x_wconf 80' lang='lat' dir='ltr'><strong>posset</strong></span> <span class='ocrx_word' id='word_1_480' title='bbox 1293 3669 1594 3739; x_wconf 89' lang='lat' dir='ltr'><strong>imperator</strong></span> <span class='ocrx_word' id='word_1_481' title='bbox 1623 3669 1850 3724; x_wconf 88' lang='lat' dir='ltr'><strong>classem</strong></span> <span class='ocrx_word' id='word_1_482' title='bbox 1871 3670 2143 3724; x_wconf 60' lang='lat' dir='ltr'><strong>subsidia-</strong></span> 
     </span>
    </p>
   </div>
   <div class='ocr_carea' id='block_1_71' title="bbox 574 3757 2140 3831">
    <p class='ocr_par' dir='ltr' id='par_1_71' title="bbox 574 3757 2140 3831">
     <span class='ocr_line' id='line_1_71' title="bbox 574 3757 2140 3831; baseline 0.006 -23"><span class='ocrx_word' id='word_1_483' title='bbox 574 3757 710 3809; x_wconf 88' lang='lat' dir='ltr'><strong>riam</strong></span> <span class='ocrx_word' id='word_1_484' title='bbox 753 3757 808 3811; x_wconf 84' lang='lat' dir='ltr'><strong>in</strong></span> <span class='ocrx_word' id='word_1_485' title='bbox 863 3757 1060 3812; x_wconf 92' lang='lat' dir='ltr'><strong>Chium</strong></span> <span class='ocrx_word' id='word_1_486' title='bbox 1097 3759 1376 3825; x_wconf 90' lang='lat' dir='ltr'><strong>mitteret;</strong></span> <span class='ocrx_word' id='word_1_487' title='bbox 1435 3761 1550 3830; x_wconf 89' lang='lat' dir='ltr'><strong>ipse</strong></span> <span class='ocrx_word' id='word_1_488' title='bbox 1585 3777 1715 3815; x_wconf 87' lang='lat' dir='ltr'><strong>vero</strong></span> <span class='ocrx_word' id='word_1_489' title='bbox 1773 3761 1868 3831; x_wconf 91' lang='lat' dir='ltr'><strong>qui</strong></span> <span class='ocrx_word' id='word_1_490' title='bbox 1933 3778 2030 3830; x_wconf 90' lang='lat' dir='ltr'><strong>per</strong></span> <span class='ocrx_word' id='word_1_491' title='bbox 2081 3777 2140 3817; x_wconf 91' lang='lat' dir='ltr'><strong>se</strong></span> 
     </span>
    </p>
   </div>
   <div class='ocr_carea' id='block_1_72' title="bbox 574 3847 2141 3923">
    <p class='ocr_par' dir='ltr' id='par_1_72' title="bbox 574 3847 2141 3923">
     <span class='ocr_line' id='line_1_72' title="bbox 574 3847 2141 3923; baseline 0.005 -24"><span class='ocrx_word' id='word_1_492' title='bbox 574 3847 871 3916; x_wconf 85' lang='lat' dir='ltr'><strong>plurimum</strong></span> <span class='ocrx_word' id='word_1_493' title='bbox 903 3849 1100 3918; x_wconf 88' lang='lat' dir='ltr'><strong>opibus</strong></span> <span class='ocrx_word' id='word_1_494' title='bbox 1126 3859 1180 3902; x_wconf 92' lang='lat' dir='ltr'><strong>et</strong></span> <span class='ocrx_word' id='word_1_495' title='bbox 1206 3853 1377 3920; x_wconf 85' lang='lat' dir='ltr'><strong>gratia</strong></span> <span class='ocrx_word' id='word_1_496' title='bbox 1413 3852 1640 3918; x_wconf 88' lang='lat' dir='ltr'><strong>valeret,</strong></span> <span class='ocrx_word' id='word_1_497' title='bbox 1671 3853 1980 3923; x_wconf 89' lang='lat' dir='ltr'><strong>multosque</strong></span> <span class='ocrx_word' id='word_1_498' title='bbox 2005 3853 2141 3907; x_wconf 87' lang='lat' dir='ltr'><strong>alios</strong></span> 
     </span>
    </p>
   </div>
   <div class='ocr_carea' id='block_1_73' title="bbox 577 3941 2142 4013">
    <p class='ocr_par' dir='ltr' id='par_1_73' title="bbox 577 3941 2142 4013">
     <span class='ocr_line' id='line_1_73' title="bbox 577 3941 2142 4013; baseline 0.004 -23"><span class='ocrx_word' id='word_1_499' title='bbox 577 3949 692 3992; x_wconf 88' lang='lat' dir='ltr'><strong>tum</strong></span> <span class='ocrx_word' id='word_1_500' title='bbox 726 3941 930 3994; x_wconf 87' lang='lat' dir='ltr'><strong>amicos</strong></span> <span class='ocrx_word' id='word_1_501' title='bbox 957 3949 1069 3994; x_wconf 88' lang='lat' dir='ltr'><strong>tum</strong></span> <span class='ocrx_word' id='word_1_502' title='bbox 1095 3953 1356 4013; x_wconf 84' lang='lat' dir='ltr'><strong>cognatos</strong></span> <span class='ocrx_word' id='word_1_503' title='bbox 1381 3943 1446 3997; x_wconf 88' lang='lat' dir='ltr'><strong>ad</strong></span> <span class='ocrx_word' id='word_1_504' title='bbox 1476 3944 1792 3998; x_wconf 89' lang='lat' dir='ltr'><strong>societatem</strong></span> <span class='ocrx_word' id='word_1_505' title='bbox 1826 3953 2142 4012; x_wconf 83' lang='lat' dir='ltr'><strong>aggregatu-</strong></span> 
     </span>
    </p>
   </div>
   <div class='ocr_carea' id='block_1_74' title="bbox 577 4033 2142 4094">
    <p class='ocr_par' dir='ltr' id='par_1_74' title="bbox 577 4033 2142 4094">
     <span class='ocr_line' id='line_1_74' title="bbox 577 4033 2142 4094; baseline 0.003 -10"><span class='ocrx_word' id='word_1_506' title='bbox 577 4047 672 4085; x_wconf 92' lang='lat' dir='ltr'><strong>rus</strong></span> <span class='ocrx_word' id='word_1_507' title='bbox 693 4042 856 4094; x_wconf 89' lang='lat' dir='ltr'><strong>esset,</strong></span> <span class='ocrx_word' id='word_1_508' title='bbox 886 4033 951 4088; x_wconf 91' lang='lat' dir='ltr'><strong>ad</strong></span> <span class='ocrx_word' id='word_1_509' title='bbox 991 4033 1222 4090; x_wconf 89' lang='lat' dir='ltr'><strong>insulam</strong></span> <span class='ocrx_word' id='word_1_510' title='bbox 1250 4034 1638 4089; x_wconf 88' lang='lat' dir='ltr'><strong>vindicandam</strong></span> <span class='ocrx_word' id='word_1_511' title='bbox 1672 4037 1816 4090; x_wconf 87' lang='lat' dir='ltr'><strong>vires</strong></span> <span class='ocrx_word' id='word_1_512' title='bbox 1849 4051 1977 4090; x_wconf 87' lang='lat' dir='ltr'><strong>suas</strong></span> <span class='ocrx_word' id='word_1_513' title='bbox 2009 4050 2142 4090; x_wconf 80' lang='lat' dir='ltr'><strong>con-</strong></span> 
     </span>
    </p>
   </div>
   <div class='ocr_carea' id='block_1_75' title="bbox 570 4122 2140 4195">
    <p class='ocr_par' dir='ltr' id='par_1_75' title="bbox 570 4122 2140 4195">
     <span class='ocr_line' id='line_1_75' title="bbox 570 4122 2140 4195; baseline 0.003 -19"><span class='ocrx_word' id='word_1_514' title='bbox 570 4122 846 4195; x_wconf 85' lang='lat' dir='ltr'><strong>jungeret.</strong></span> <span class='ocrx_word' id='word_1_515' title='bbox 874 4125 1395 4180; x_wconf 68' lang='lat' dir='ltr'><strong>Praeclaramautem</strong></span> <span class='ocrx_word' id='word_1_516' title='bbox 1421 4127 1764 4180; x_wconf 90' lang='lat' dir='ltr'><strong>occasionem</strong></span> <span class='ocrx_word' id='word_1_517' title='bbox 1793 4125 1919 4179; x_wconf 91' lang='lat' dir='ltr'><strong>belli</strong></span> <span class='ocrx_word' id='word_1_518' title='bbox 1951 4139 2140 4180; x_wconf 85' lang='lat' dir='ltr'><strong>contra</strong></span> 
     </span>
    </p>
   </div>
   <div class='ocr_carea' id='block_1_76' title="bbox 575 4213 2139 4287">
    <p class='ocr_par' dir='ltr' id='par_1_76' title="bbox 575 4213 2139 4287">
     <span class='ocr_line' id='line_1_76' title="bbox 575 4213 2139 4287; baseline 0.003 -19"><span class='ocrx_word' id='word_1_519' title='bbox 575 4215 865 4268; x_wconf 81' lang='lat' dir='ltr'><strong>Martinum</strong></span> <span class='ocrx_word' id='word_1_520' title='bbox 917 4213 1056 4279; x_wconf 89' lang='lat' dir='ltr'><strong>fore,</strong></span> <span class='ocrx_word' id='word_1_521' title='bbox 1115 4226 1226 4269; x_wconf 93' lang='lat' dir='ltr'><strong>tum</strong></span> <span class='ocrx_word' id='word_1_522' title='bbox 1277 4217 1420 4286; x_wconf 91' lang='lat' dir='ltr'><strong>quod</strong></span> <span class='ocrx_word' id='word_1_523' title='bbox 1479 4216 1704 4272; x_wconf 77' lang='lat' dir='ltr'><strong>fmderis</strong></span> <span class='ocrx_word' id='word_1_524' title='bbox 1763 4226 1977 4287; x_wconf 87' lang='lat' dir='ltr'><strong>tempus</strong></span> <span class='ocrx_word' id='word_1_525' title='bbox 2029 4218 2139 4286; x_wconf 88' lang='lat' dir='ltr'><strong>jam</strong></span> 
     </span>
    </p>
   </div>
   <div class='ocr_carea' id='block_1_77' title="bbox 574 4309 2141 4380">
    <p class='ocr_par' dir='ltr' id='par_1_77' title="bbox 574 4309 2141 4380">
     <span class='ocr_line' id='line_1_77' title="bbox 574 4309 2141 4380; baseline 0.004 -20"><span class='ocrx_word' id='word_1_526' title='bbox 574 4309 901 4375; x_wconf 72' lang='lat' dir='ltr'><strong>exspiraret,</strong></span> <span class='ocrx_word' id='word_1_527' title='bbox 938 4317 1048 4362; x_wconf 92' lang='lat' dir='ltr'><strong>lum</strong></span> <span class='ocrx_word' id='word_1_528' title='bbox 1078 4309 1223 4375; x_wconf 90' lang='lat' dir='ltr'><strong>quod</strong></span> <span class='ocrx_word' id='word_1_529' title='bbox 1262 4310 1594 4380; x_wconf 88' lang='lat' dir='ltr'><strong>imperatore</strong></span> <span class='ocrx_word' id='word_1_530' title='bbox 1627 4311 1820 4373; x_wconf 87' lang='lat' dir='ltr'><strong>inscio,</strong></span> <span class='ocrx_word' id='word_1_531' title='bbox 1860 4324 2038 4363; x_wconf 88' lang='lat' dir='ltr'><strong>arcem</strong></span> <span class='ocrx_word' id='word_1_532' title='bbox 2071 4311 2141 4366; x_wconf 90' lang='lat' dir='ltr'><strong>ad</strong></span> 
     </span>
    </p>
   </div>
   <div class='ocr_carea' id='block_1_78' title="bbox 2242 3110 3744 3188">
    <p class='ocr_par' dir='ltr' id='par_1_78' title="bbox 2242 3110 3744 3188">
     <span class='ocr_line' id='line_1_78' title="bbox 2242 3110 3744 3188; baseline -0.003 -22"><span class='ocrx_word' id='word_1_533' title='bbox 2242 3117 2356 3176; x_wconf 84' lang='grc' dir='ltr'>τοῖς</span> <span class='ocrx_word' id='word_1_534' title='bbox 2407 3115 2643 3184; x_wconf 75' lang='grc' dir='ltr'>μεγάλου</span> <span class='ocrx_word' id='word_1_535' title='bbox 2701 3116 3026 3186; x_wconf 84' lang='grc' dir='ltr'>δομεστίκου</span> <span class='ocrx_word' id='word_1_536' title='bbox 3068 3119 3345 3188; x_wconf 82' lang='grc' dir='ltr'>πατράσιν</span> <span class='ocrx_word' id='word_1_537' title='bbox 3377 3118 3430 3176; x_wconf 72' lang='grc' dir='ltr'>ἐς</span> <span class='ocrx_word' id='word_1_538' title='bbox 3463 3115 3526 3166; x_wconf 81' lang='grc' dir='ltr'>τὰ</span> <span class='ocrx_word' id='word_1_539' title='bbox 3555 3110 3744 3180; x_wconf 75' lang='grc' dir='ltr'>μάλιστα</span> 
     </span>
    </p>
   </div>
   <div class='ocr_carea' id='block_1_79' title="bbox 2241 3197 3744 3277">
    <p class='ocr_par' dir='ltr' id='par_1_79' title="bbox 2241 3197 3744 3277">
     <span class='ocr_line' id='line_1_79' title="bbox 2241 3197 3744 3277; baseline 0.005 -20"><span class='ocrx_word' id='word_1_540' title='bbox 2241 3202 2380 3277; x_wconf 79' lang='grc' dir='ltr'>ἦσαν</span> <span class='ocrx_word' id='word_1_541' title='bbox 2411 3207 2554 3274; x_wconf 79' lang='grc' dir='ltr'>φίλοι</span> <span class='ocrx_word' id='word_1_542' title='bbox 2582 3207 2676 3260; x_wconf 78' lang='grc' dir='ltr'><strong>καὶ</strong></span> <span class='ocrx_word' id='word_1_543' title='bbox 2709 3210 2922 3271; x_wconf 76' lang='grc' dir='ltr'>οἰκεῖοι,</span> <span class='ocrx_word' id='word_1_544' title='bbox 2962 3209 3054 3262; x_wconf 77' lang='grc' dir='ltr'>καὶ</span> <span class='ocrx_word' id='word_1_545' title='bbox 3084 3209 3253 3273; x_wconf 75' lang='grc' dir='ltr'>αὐτὸς</span> <span class='ocrx_word' id='word_1_546' title='bbox 3283 3207 3464 3277; x_wconf 75' lang='grc' dir='ltr'>αὐτῷ),</span> <span class='ocrx_word' id='word_1_547' title='bbox 3493 3198 3628 3264; x_wconf 70' lang='grc' dir='ltr'>οὗτος</span> <span class='ocrx_word' id='word_1_548' title='bbox 3649 3197 3744 3268; x_wconf 70' lang='grc' dir='ltr'><strong>δῆδ</strong></span> 
     </span>
    </p>
   </div>
   <div class='ocr_carea' id='block_1_80' title="bbox 2242 3292 3746 3376">
    <p class='ocr_par' dir='ltr' id='par_1_80' title="bbox 2242 3292 3746 3376">
     <span class='ocr_line' id='line_1_80' title="bbox 2242 3292 3746 3376; baseline -0.003 -22"><span class='ocrx_word' id='word_1_549' title='bbox 2242 3301 2555 3366; x_wconf 80' lang='grc' dir='ltr'>Καλόθετος</span> <span class='ocrx_word' id='word_1_550' title='bbox 2585 3306 2650 3374; x_wconf 82' lang='grc' dir='ltr'>τῇ</span> <span class='ocrx_word' id='word_1_551' title='bbox 2705 3303 2800 3356; x_wconf 79' lang='grc' dir='ltr'>τοῦ</span> <span class='ocrx_word' id='word_1_552' title='bbox 2840 3305 3078 3374; x_wconf 84' lang='grc' dir='ltr'>μεγάλου</span> <span class='ocrx_word' id='word_1_553' title='bbox 3121 3305 3442 3376; x_wconf 82' lang='grc' dir='ltr'>δομεστίκου</span> <span class='ocrx_word' id='word_1_554' title='bbox 3475 3298 3623 3371; x_wconf 77' lang='grc' dir='ltr'>μητρὶ</span> <span class='ocrx_word' id='word_1_555' title='bbox 3652 3292 3746 3346; x_wconf 71' lang='grc' dir='ltr'>τότε</span> 
     </span>
    </p>
   </div>
   <div class='ocr_carea' id='block_1_81' title="bbox 2242 3387 3746 3466">
    <p class='ocr_par' dir='ltr' id='par_1_81' title="bbox 2242 3387 3746 3466">
     <span class='ocr_line' id='line_1_81' title="bbox 2242 3387 3746 3466; baseline 0.007 -21"><span class='ocrx_word' id='word_1_556' title='bbox 2242 3393 2555 3462; x_wconf 80' lang='grc' dir='ltr'>προσελθὼν</span> <span class='ocrx_word' id='word_1_557' title='bbox 2593 3396 2962 3466; x_wconf 81' lang='grc' dir='ltr'>Διδυμοτείχῳ</span> <span class='ocrx_word' id='word_1_558' title='bbox 3006 3397 3424 3466; x_wconf 68' lang='grc' dir='ltr'>ἐνδιατριὸούσῃ</span> <span class='ocrx_word' id='word_1_559' title='bbox 3443 3434 3456 3458; x_wconf 84' lang='lat'><strong>.</strong></span> <span class='ocrx_word' id='word_1_560' title='bbox 3491 3390 3574 3443; x_wconf 69' lang='grc' dir='ltr'><strong>καὶ</strong></span> <span class='ocrx_word' id='word_1_561' title='bbox 3600 3387 3681 3455; x_wconf 67' lang='grc' dir='ltr'><strong>τήν</strong></span> <span class='ocrx_word' id='word_1_562' title='bbox 3703 3397 3746 3433; x_wconf 71' lang='grc' dir='ltr'><strong><em>τε</em></strong></span> 
     </span>
    </p>
   </div>
   <div class='ocr_carea' id='block_1_82' title="bbox 2243 3476 3744 3558">
    <p class='ocr_par' dir='ltr' id='par_1_82' title="bbox 2243 3476 3744 3558">
     <span class='ocr_line' id='line_1_82' title="bbox 2243 3476 3744 3558; baseline -0.003 -18"><span class='ocrx_word' id='word_1_563' title='bbox 2243 3489 2582 3557; x_wconf 84' lang='grc' dir='ltr'>κακουργίαν</span> <span class='ocrx_word' id='word_1_564' title='bbox 2647 3487 2756 3540; x_wconf 86' lang='grc' dir='ltr'><strong>τῶν</strong></span> <span class='ocrx_word' id='word_1_565' title='bbox 2806 3489 3052 3542; x_wconf 85' lang='grc' dir='ltr'>Λατίνων</span> <span class='ocrx_word' id='word_1_566' title='bbox 3086 3489 3430 3558; x_wconf 73' lang='grc' dir='ltr'>ἀπαγγείλας</span> <span class='ocrx_word' id='word_1_567' title='bbox 3469 3476 3744 3556; x_wconf 70' lang='grc' dir='ltr'>ᾖχρὼμενοι</span> 
     </span>
    </p>
   </div>
   <div class='ocr_carea' id='block_1_83' title="bbox 2242 3566 3742 3651">
    <p class='ocr_par' dir='ltr' id='par_1_83' title="bbox 2242 3566 3742 3651">
     <span class='ocr_line' id='line_1_83' title="bbox 2242 3566 3742 3651; baseline -0.001 -21"><span class='ocrx_word' id='word_1_568' title='bbox 2242 3578 2633 3648; x_wconf 79' lang='grc' dir='ltr'>ἀπεστέρησάν</span> <span class='ocrx_word' id='word_1_569' title='bbox 2689 3596 2749 3632; x_wconf 87' lang='grc' dir='ltr'><strong>τε</strong></span> <span class='ocrx_word' id='word_1_570' title='bbox 2785 3579 3094 3649; x_wconf 83' lang='grc' dir='ltr'>Ῥωμαίους</span> <span class='ocrx_word' id='word_1_571' title='bbox 3146 3585 3250 3651; x_wconf 82' lang='grc' dir='ltr'>τῆς</span> <span class='ocrx_word' id='word_1_572' title='bbox 3295 3579 3421 3632; x_wconf 84' lang='grc' dir='ltr'>Χίου</span> <span class='ocrx_word' id='word_1_573' title='bbox 3472 3575 3561 3642; x_wconf 78' lang='grc' dir='ltr'><strong>τὴν</strong></span> <span class='ocrx_word' id='word_1_574' title='bbox 3589 3566 3742 3638; x_wconf 66' lang='grc' dir='ltr'>ἀρχὴνν</span> 
     </span>
    </p>
   </div>
   <div class='ocr_carea' id='block_1_84' title="bbox 2243 3660 3742 3739">
    <p class='ocr_par' dir='ltr' id='par_1_84' title="bbox 2243 3660 3742 3739">
     <span class='ocr_line' id='line_1_84' title="bbox 2243 3660 3742 3739; baseline -0.009 -19"><span class='ocrx_word' id='word_1_575' title='bbox 2243 3669 2336 3720; x_wconf 77' lang='grc' dir='ltr'>καὶ</span> <span class='ocrx_word' id='word_1_576' title='bbox 2373 3667 2467 3720; x_wconf 78' lang='grc' dir='ltr'>νῦν</span> <span class='ocrx_word' id='word_1_577' title='bbox 2523 3668 2614 3721; x_wconf 74' lang='grc' dir='ltr'><strong>ἐπὶ</strong></span> <span class='ocrx_word' id='word_1_578' title='bbox 2677 3668 2931 3721; x_wconf 79' lang='grc' dir='ltr'>τοσοῦτον</span> <span class='ocrx_word' id='word_1_579' title='bbox 2985 3670 3313 3739; x_wconf 84' lang='grc' dir='ltr'>κατέχουσιν</span> <span class='ocrx_word' id='word_1_580' title='bbox 3378 3660 3742 3732; x_wconf 79' lang='grc' dir='ltr'>ἐξαπατῶντες,</span> 
     </span>
    </p>
   </div>
   <div class='ocr_carea' id='block_1_85' title="bbox 2245 3741 3742 3827">
    <p class='ocr_par' dir='ltr' id='par_1_85' title="bbox 2245 3741 3742 3827">
     <span class='ocr_line' id='line_1_85' title="bbox 2245 3741 3742 3827; baseline 0.002 -21"><span class='ocrx_word' id='word_1_581' title='bbox 2245 3757 2475 3826; x_wconf 72' lang='grc' dir='ltr'>πρᾶγμα</span> <span class='ocrx_word' id='word_1_582' title='bbox 2501 3757 2601 3808; x_wconf 80' lang='grc' dir='ltr'>οὐκ</span> <span class='ocrx_word' id='word_1_583' title='bbox 2633 3747 3138 3827; x_wconf 72' lang='grc' dir='ltr'>εὐκαταφρόνητον,</span> <span class='ocrx_word' id='word_1_584' title='bbox 3179 3758 3294 3812; x_wconf 79' lang='grc' dir='ltr'>οὐδ’</span> <span class='ocrx_word' id='word_1_585' title='bbox 3315 3752 3421 3808; x_wconf 74' lang='grc' dir='ltr'>οἷον</span> <span class='ocrx_word' id='word_1_586' title='bbox 3455 3750 3627 3823; x_wconf 76' lang='grc' dir='ltr'>ῥᾳδίως</span> <span class='ocrx_word' id='word_1_587' title='bbox 3648 3741 3742 3796; x_wconf 58' lang='grc' dir='ltr'><strong>τινὰ</strong></span> 
     </span>
    </p>
   </div>
   <div class='ocr_carea' id='block_1_86' title="bbox 2243 3833 3738 3920">
    <p class='ocr_par' dir='ltr' id='par_1_86' title="bbox 2243 3833 3738 3920">
     <span class='ocr_line' id='line_1_86' title="bbox 2243 3833 3738 3920; baseline -0.008 -16"><span class='ocrx_word' id='word_1_588' title='bbox 2243 3852 2375 3904; x_wconf 66' lang='grc' dir='ltr'>αὐτὸ</span> <span class='ocrx_word' id='word_1_589' title='bbox 2438 3851 2876 3920; x_wconf 77' lang='grc' dir='ltr'>καταπροέσθαι·</span> <span class='ocrx_word' id='word_1_590' title='bbox 2925 3850 3018 3903; x_wconf 78' lang='grc' dir='ltr'>δύο</span> <span class='ocrx_word' id='word_1_591' title='bbox 3050 3852 3158 3920; x_wconf 74' lang='grc' dir='ltr'><strong>γὰρ</strong></span> <span class='ocrx_word' id='word_1_592' title='bbox 3214 3833 3348 3920; x_wconf 65' lang='grc' dir='ltr'>πρδς</span> <span class='ocrx_word' id='word_1_593' title='bbox 3376 3848 3489 3908; x_wconf 74' lang='grc' dir='ltr'>ταῖς</span> <span class='ocrx_word' id='word_1_594' title='bbox 3523 3843 3633 3896; x_wconf 74' lang='grc' dir='ltr'>δέκα</span> <span class='ocrx_word' id='word_1_595' title='bbox 3658 3851 3738 3905; x_wconf 82' lang='grc' dir='ltr'><strong>μυ-</strong></span> 
     </span>
    </p>
   </div>
   <div class='ocr_carea' id='block_1_87' title="bbox 2247 3923 3741 4012">
    <p class='ocr_par' dir='ltr' id='par_1_87' title="bbox 2247 3923 3741 4012">
     <span class='ocr_line' id='line_1_87' title="bbox 2247 3923 3741 4012; baseline -0.011 -18"><span class='ocrx_word' id='word_1_596' title='bbox 2247 3943 2392 4012; x_wconf 78' lang='grc' dir='ltr'>ριάσι</span> <span class='ocrx_word' id='word_1_597' title='bbox 2440 3941 2661 4012; x_wconf 88' lang='grc' dir='ltr'>χρυσίου</span> <span class='ocrx_word' id='word_1_598' title='bbox 2714 3943 2963 4012; x_wconf 80' lang='grc' dir='ltr'>ἐτησίους</span> <span class='ocrx_word' id='word_1_599' title='bbox 3017 3942 3159 3994; x_wconf 83' lang='grc' dir='ltr'>τελεῖ</span> <span class='ocrx_word' id='word_1_600' title='bbox 3189 3943 3407 4012; x_wconf 79' lang='grc' dir='ltr'>φόρους,</span> <span class='ocrx_word' id='word_1_601' title='bbox 3468 3940 3558 4006; x_wconf 73' lang='grc' dir='ltr'>τὴν</span> <span class='ocrx_word' id='word_1_602' title='bbox 3590 3947 3638 3983; x_wconf 82' lang='grc' dir='ltr'><strong>τε</strong></span> <span class='ocrx_word' id='word_1_603' title='bbox 3674 3923 3741 3978; x_wconf 65' lang='lat'><strong>25-</strong></span> 
     </span>
    </p>
   </div>
   <div class='ocr_carea' id='block_1_88' title="bbox 2244 4022 3742 4104">
    <p class='ocr_par' dir='ltr' id='par_1_88' title="bbox 2244 4022 3742 4104">
     <span class='ocr_line' id='line_1_88' title="bbox 2244 4022 3742 4104; baseline -0.004 -18"><span class='ocrx_word' id='word_1_604' title='bbox 2244 4051 2392 4087; x_wconf 78' lang='grc' dir='ltr'>νοιαν</span> <span class='ocrx_word' id='word_1_605' title='bbox 2431 4034 2596 4087; x_wconf 75' lang='grc' dir='ltr'>αὑτοῦ</span> <span class='ocrx_word' id='word_1_606' title='bbox 2625 4033 2724 4104; x_wconf 79' lang='grc' dir='ltr'>τὴν</span> <span class='ocrx_word' id='word_1_607' title='bbox 2757 4033 2992 4104; x_wconf 84' lang='grc' dir='ltr'>ἀρχαίαν</span> <span class='ocrx_word' id='word_1_608' title='bbox 3022 4033 3117 4085; x_wconf 75' lang='grc' dir='ltr'>καὶ</span> <span class='ocrx_word' id='word_1_609' title='bbox 3146 4031 3248 4103; x_wconf 82' lang='grc' dir='ltr'>τὴν</span> <span class='ocrx_word' id='word_1_610' title='bbox 3285 4029 3556 4098; x_wconf 79' lang='grc' dir='ltr'>συνήθειαν</span> <span class='ocrx_word' id='word_1_611' title='bbox 3589 4022 3672 4090; x_wconf 75' lang='grc' dir='ltr'>τήν</span> <span class='ocrx_word' id='word_1_612' title='bbox 3697 4031 3742 4068; x_wconf 77' lang='grc' dir='ltr'><strong><em>τε</em></strong></span> 
     </span>
    </p>
   </div>
   <div class='ocr_carea' id='block_1_89' title="bbox 2243 4111 3744 4194">
    <p class='ocr_par' dir='ltr' id='par_1_89' title="bbox 2243 4111 3744 4194">
     <span class='ocr_line' id='line_1_89' title="bbox 2243 4111 3744 4194; baseline -0.005 -18"><span class='ocrx_word' id='word_1_613' title='bbox 2243 4125 2380 4194; x_wconf 71' lang='grc' dir='ltr'>πρὸς</span> <span class='ocrx_word' id='word_1_614' title='bbox 2433 4125 2608 4194; x_wconf 81' lang='grc' dir='ltr'>αὐτὴν</span> <span class='ocrx_word' id='word_1_615' title='bbox 2655 4124 2752 4177; x_wconf 84' lang='grc' dir='ltr'>καὶ</span> <span class='ocrx_word' id='word_1_616' title='bbox 2785 4124 2876 4177; x_wconf 85' lang='grc' dir='ltr'><strong>τδν</strong></span> <span class='ocrx_word' id='word_1_617' title='bbox 2911 4123 3048 4186; x_wconf 72' lang='grc' dir='ltr'>υἱον,</span> <span class='ocrx_word' id='word_1_618' title='bbox 3080 4123 3392 4176; x_wconf 82' lang='grc' dir='ltr'>τελευταῖον</span> <span class='ocrx_word' id='word_1_619' title='bbox 3417 4111 3744 4171; x_wconf 76' lang='grc' dir='ltr'>συνεϐούλευεν</span> 
     </span>
    </p>
   </div>
   <div class='ocr_carea' id='block_1_90' title="bbox 2243 4201 3746 4287">
    <p class='ocr_par' dir='ltr' id='par_1_90' title="bbox 2243 4201 3746 4287">
     <span class='ocr_line' id='line_1_90' title="bbox 2243 4201 3746 4287; baseline -0.001 -19"><span class='ocrx_word' id='word_1_620' title='bbox 2243 4215 2314 4278; x_wconf 83' lang='grc' dir='ltr'><strong>ὡ;</strong></span> <span class='ocrx_word' id='word_1_621' title='bbox 2357 4220 2404 4269; x_wconf 86' lang='grc' dir='ltr'>εἰ</span> <span class='ocrx_word' id='word_1_622' title='bbox 2452 4214 2536 4285; x_wconf 73' lang='grc' dir='ltr'><strong>εἴη</strong></span> <span class='ocrx_word' id='word_1_623' title='bbox 2565 4216 2788 4268; x_wconf 82' lang='grc' dir='ltr'>δυνατὸν</span> <span class='ocrx_word' id='word_1_624' title='bbox 2808 4215 3035 4285; x_wconf 80' lang='grc' dir='ltr'>βασιλέα</span> <span class='ocrx_word' id='word_1_625' title='bbox 3072 4215 3248 4287; x_wconf 83' lang='grc' dir='ltr'>στόλῳ</span> <span class='ocrx_word' id='word_1_626' title='bbox 3284 4217 3363 4276; x_wconf 79' lang='grc' dir='ltr'><strong>είς</strong></span> <span class='ocrx_word' id='word_1_627' title='bbox 3382 4213 3476 4282; x_wconf 75' lang='grc' dir='ltr'>τὴν</span> <span class='ocrx_word' id='word_1_628' title='bbox 3503 4209 3618 4262; x_wconf 82' lang='grc' dir='ltr'>Χίον</span> <span class='ocrx_word' id='word_1_629' title='bbox 3649 4201 3746 4270; x_wconf 73' lang='grc' dir='ltr'><strong>βυη·</strong></span> 
     </span>
    </p>
   </div>
   <div class='ocr_carea' id='block_1_91' title="bbox 2248 4290 3746 4378">
    <p class='ocr_par' dir='ltr' id='par_1_91' title="bbox 2248 4290 3746 4378">
     <span class='ocr_line' id='line_1_91' title="bbox 2248 4290 3746 4378; baseline -0.004 -16"><span class='ocrx_word' id='word_1_630' title='bbox 2248 4309 2432 4378; x_wconf 75' lang='grc' dir='ltr'>θῆσαι,</span> <span class='ocrx_word' id='word_1_631' title='bbox 2469 4309 2632 4361; x_wconf 71' lang='grc' dir='ltr'>αὐτὸν</span> <span class='ocrx_word' id='word_1_632' title='bbox 2677 4308 2748 4360; x_wconf 72' lang='grc' dir='ltr'>τὰ</span> <span class='ocrx_word' id='word_1_633' title='bbox 2781 4309 3014 4378; x_wconf 78' lang='grc' dir='ltr'>μέγιστα</span> <span class='ocrx_word' id='word_1_634' title='bbox 3055 4307 3121 4360; x_wconf 82' lang='grc' dir='ltr'>ἂν</span> <span class='ocrx_word' id='word_1_635' title='bbox 3175 4305 3504 4377; x_wconf 76' lang='grc' dir='ltr'>συνάρασθαι</span> <span class='ocrx_word' id='word_1_636' title='bbox 3545 4312 3661 4366; x_wconf 78' lang='grc' dir='ltr'>προς</span> <span class='ocrx_word' id='word_1_637' title='bbox 3699 4290 3746 4342; x_wconf 79' lang='grc' dir='ltr'><strong><em>τδ</em></strong></span> 
     </span>
    </p>
   </div>
   <div class='ocr_carea' id='block_1_92' title="bbox 571 4392 2136 4482">
    <p class='ocr_par' dir='ltr' id='par_1_92' title="bbox 571 4398 2134 4471">
     <span class='ocr_line' id='line_1_92' title="bbox 571 4398 2134 4471; baseline 0.001 -18"><span class='ocrx_word' id='word_1_638' title='bbox 571 4398 768 4453; x_wconf 91' lang='lat' dir='ltr'><strong>Chium</strong></span> <span class='ocrx_word' id='word_1_639' title='bbox 822 4400 874 4452; x_wconf 86' lang='lat' dir='ltr'><strong>vi</strong></span> <span class='ocrx_word' id='word_1_640' title='bbox 907 4400 1304 4471; x_wconf 86' lang='lat' dir='ltr'><strong>subjugandam</strong></span> <span class='ocrx_word' id='word_1_641' title='bbox 1339 4412 1668 4456; x_wconf 78' lang='lat' dir='ltr'><strong>exstrueret.</strong></span> <span class='ocrx_word' id='word_1_642' title='bbox 1702 4401 1904 4456; x_wconf 86' lang='lat' dir='ltr'><strong>Orabat</strong></span> <span class='ocrx_word' id='word_1_643' title='bbox 1955 4409 2134 4455; x_wconf 90' lang='lat' dir='ltr'><strong>tamen</strong></span> 
     </span>
    </p>
   </div>
   <div class='ocr_carea' id='block_1_93' title="bbox 2236 4392 3742 4482">
    <p class='ocr_par' dir='ltr' id='par_1_93' title="bbox 2245 4392 3742 4472">
     <span class='ocr_line' id='line_1_93' title="bbox 2245 4392 3742 4472; baseline -0.015 -15"><span class='ocrx_word' id='word_1_644' title='bbox 2245 4402 2656 4472; x_wconf 77' lang='grc' dir='ltr'>ἀνακτήσασθαι</span> <span class='ocrx_word' id='word_1_645' title='bbox 2685 4401 2783 4472; x_wconf 77' lang='grc' dir='ltr'>τὴν</span> <span class='ocrx_word' id='word_1_646' title='bbox 2824 4402 3009 4472; x_wconf 80' lang='grc' dir='ltr'>νῆσον,</span> <span class='ocrx_word' id='word_1_647' title='bbox 3049 4403 3116 4454; x_wconf 80' lang='grc' dir='ltr'><strong>τὰ</strong></span> <span class='ocrx_word' id='word_1_648' title='bbox 3159 4401 3350 4472; x_wconf 86' lang='grc' dir='ltr'>πρῶτά</span> <span class='ocrx_word' id='word_1_649' title='bbox 3396 4414 3452 4450; x_wconf 81' lang='grc' dir='ltr'><strong>τε</strong></span> <span class='ocrx_word' id='word_1_650' title='bbox 3493 4392 3742 4458; x_wconf 74' lang='grc' dir='ltr'>δυνάμενον</span> 
     </span>
    </p>
   </div>
   <div class='ocr_carea' id='block_1_94' title="bbox 574 4491 2141 4565">
    <p class='ocr_par' dir='ltr' id='par_1_94' title="bbox 574 4491 2141 4565">
     <span class='ocr_line' id='line_1_94' title="bbox 574 4491 2141 4565; baseline 0.003 -22"><span class='ocrx_word' id='word_1_651' title='bbox 574 4491 745 4554; x_wconf 87' lang='lat' dir='ltr'><strong>illam,</strong></span> <span class='ocrx_word' id='word_1_652' title='bbox 781 4495 1060 4562; x_wconf 80' lang='lat' dir='ltr'><strong>negotium</strong></span> <span class='ocrx_word' id='word_1_653' title='bbox 1097 4493 1249 4563; x_wconf 87' lang='lat' dir='ltr'><strong>prius</strong></span> <span class='ocrx_word' id='word_1_654' title='bbox 1304 4493 1671 4565; x_wconf 88' lang='lat' dir='ltr'><strong>pcrpenderet</strong></span> <span class='ocrx_word' id='word_1_655' title='bbox 1712 4493 2022 4562; x_wconf 83' lang='lat' dir='ltr'><strong>diligenter,</strong></span> <span class='ocrx_word' id='word_1_656' title='bbox 2074 4508 2141 4548; x_wconf 91' lang='lat' dir='ltr'><strong>ne</strong></span> 
     </span>
    </p>
   </div>
   <div class='ocr_carea' id='block_1_95' title="bbox 575 4585 2144 4657">
    <p class='ocr_par' dir='ltr' id='par_1_95' title="bbox 575 4585 2144 4657">
     <span class='ocr_line' id='line_1_95' title="bbox 575 4585 2144 4657; baseline 0.004 -19"><span class='ocrx_word' id='word_1_657' title='bbox 575 4585 691 4653; x_wconf 86' lang='lat' dir='ltr'><strong>ipse</strong></span> <span class='ocrx_word' id='word_1_658' title='bbox 731 4597 893 4655; x_wconf 87' lang='lat' dir='ltr'><strong>caput</strong></span> <span class='ocrx_word' id='word_1_659' title='bbox 957 4597 1013 4642; x_wconf 91' lang='lat' dir='ltr'><strong>et</strong></span> <span class='ocrx_word' id='word_1_660' title='bbox 1046 4587 1294 4644; x_wconf 81' lang='lat' dir='ltr'><strong>fortunas</strong></span> <span class='ocrx_word' id='word_1_661' title='bbox 1323 4605 1450 4644; x_wconf 88' lang='lat' dir='ltr'><strong>suas</strong></span> <span class='ocrx_word' id='word_1_662' title='bbox 1487 4589 1538 4643; x_wconf 90' lang='lat' dir='ltr'><strong>in</strong></span> <span class='ocrx_word' id='word_1_663' title='bbox 1571 4589 1870 4657; x_wconf 88' lang='lat' dir='ltr'><strong>periculum</strong></span> <span class='ocrx_word' id='word_1_664' title='bbox 1905 4588 2144 4644; x_wconf 79' lang='lat' dir='ltr'><strong>adduce-</strong></span> 
     </span>
    </p>
   </div>
   <div class='ocr_carea' id='block_1_96' title="bbox 576 4675 2144 4750">
    <p class='ocr_par' dir='ltr' id='par_1_96' title="bbox 576 4675 2144 4750">
     <span class='ocr_line' id='line_1_96' title="bbox 576 4675 2144 4750; baseline 0.005 -25"><span class='ocrx_word' id='word_1_665' title='bbox 576 4682 680 4737; x_wconf 82' lang='lat' dir='ltr'><strong>ret,</strong></span> <span class='ocrx_word' id='word_1_666' title='bbox 713 4675 759 4728; x_wconf 90' lang='lat' dir='ltr'><strong>si</strong></span> <span class='ocrx_word' id='word_1_667' title='bbox 798 4676 1099 4744; x_wconf 83' lang='lat' dir='ltr'><strong>imperator</strong></span> <span class='ocrx_word' id='word_1_668' title='bbox 1127 4693 1251 4731; x_wconf 91' lang='lat' dir='ltr'><strong>cum</strong></span> <span class='ocrx_word' id='word_1_669' title='bbox 1283 4679 1458 4748; x_wconf 84' lang='lat' dir='ltr'><strong>eOpiis</strong></span> <span class='ocrx_word' id='word_1_670' title='bbox 1501 4695 1607 4732; x_wconf 92' lang='lat' dir='ltr'><strong>non</strong></span> <span class='ocrx_word' id='word_1_671' title='bbox 1633 4681 1796 4750; x_wconf 88' lang='lat' dir='ltr'><strong>justis</strong></span> <span class='ocrx_word' id='word_1_672' title='bbox 1825 4696 1889 4733; x_wconf 89' lang='lat' dir='ltr'><strong>eo</strong></span> <span class='ocrx_word' id='word_1_673' title='bbox 1919 4679 2144 4733; x_wconf 84' lang='lat' dir='ltr'><strong>adnavi-</strong></span> 
     </span>
    </p>
   </div>
   <div class='ocr_carea' id='block_1_97' title="bbox 574 4765 2140 4840">
    <p class='ocr_par' dir='ltr' id='par_1_97' title="bbox 574 4765 2140 4840">
     <span class='ocr_line' id='line_1_97' title="bbox 574 4765 2140 4840; baseline 0.004 -23"><span class='ocrx_word' id='word_1_674' title='bbox 574 4777 745 4834; x_wconf 86' lang='lat' dir='ltr'><strong>garet.</strong></span> <span class='ocrx_word' id='word_1_675' title='bbox 773 4765 888 4821; x_wconf 91' lang='lat' dir='ltr'><strong>Sibi</strong></span> <span class='ocrx_word' id='word_1_676' title='bbox 915 4767 1134 4835; x_wconf 88' lang='lat' dir='ltr'><strong>quidem</strong></span> <span class='ocrx_word' id='word_1_677' title='bbox 1160 4769 1295 4822; x_wconf 90' lang='lat' dir='ltr'><strong>nihil</strong></span> <span class='ocrx_word' id='word_1_678' title='bbox 1329 4784 1449 4824; x_wconf 85' lang='lat' dir='ltr'><strong>esse</strong></span> <span class='ocrx_word' id='word_1_679' title='bbox 1475 4770 1734 4839; x_wconf 84' lang='lat' dir='ltr'><strong>optatius,</strong></span> <span class='ocrx_word' id='word_1_680' title='bbox 1765 4786 1924 4840; x_wconf 87' lang='lat' dir='ltr'><strong>quam</strong></span> <span class='ocrx_word' id='word_1_681' title='bbox 1944 4769 2140 4824; x_wconf 92' lang='lat' dir='ltr'><strong>Chium</strong></span> 
     </span>
    </p>
   </div>
   <div class='ocr_carea' id='block_1_98' title="bbox 573 4861 2142 4928">
    <p class='ocr_par' dir='ltr' id='par_1_98' title="bbox 573 4861 2142 4928">
     <span class='ocr_line' id='line_1_98' title="bbox 573 4861 2142 4928; baseline 0.006 -19"><span class='ocrx_word' id='word_1_682' title='bbox 573 4873 791 4928; x_wconf 89' lang='lat' dir='ltr'><strong>quoque</strong></span> <span class='ocrx_word' id='word_1_683' title='bbox 823 4875 931 4913; x_wconf 91' lang='lat' dir='ltr'><strong>non</strong></span> <span class='ocrx_word' id='word_1_684' title='bbox 966 4861 1317 4916; x_wconf 69' lang='lat' dir='ltr'><strong>mediocriter</strong></span> <span class='ocrx_word' id='word_1_685' title='bbox 1354 4872 1690 4917; x_wconf 88' lang='lat' dir='ltr'><strong>tructuosam</strong></span> <span class='ocrx_word' id='word_1_686' title='bbox 1721 4865 1822 4918; x_wconf 88' lang='lat' dir='ltr'><strong>sub</strong></span> <span class='ocrx_word' id='word_1_687' title='bbox 1863 4864 2142 4919; x_wconf 79' lang='lat' dir='ltr'><strong>Romano-</strong></span> 
     </span>
    </p>
   </div>
   <div class='ocr_carea' id='block_1_99' title="bbox 574 4950 2143 5020">
    <p class='ocr_par' dir='ltr' id='par_1_99' title="bbox 574 4950 2143 5020">
     <span class='ocr_line' id='line_1_99' title="bbox 574 4950 2143 5020; baseline 0.004 -16"><span class='ocrx_word' id='word_1_688' title='bbox 574 4966 696 5004; x_wconf 90' lang='lat' dir='ltr'><strong>rum</strong></span> <span class='ocrx_word' id='word_1_689' title='bbox 735 4950 998 5006; x_wconf 88' lang='lat' dir='ltr'><strong>ditionem</strong></span> <span class='ocrx_word' id='word_1_690' title='bbox 1030 4953 1369 5020; x_wconf 87' lang='lat' dir='ltr'><strong>succedere;</strong></span> <span class='ocrx_word' id='word_1_691' title='bbox 1409 4954 1769 5009; x_wconf 88' lang='lat' dir='ltr'><strong>nihilominus</strong></span> <span class='ocrx_word' id='word_1_692' title='bbox 1828 4970 1886 5010; x_wconf 91' lang='lat' dir='ltr'><strong>se</strong></span> <span class='ocrx_word' id='word_1_693' title='bbox 1917 4955 2021 5011; x_wconf 89' lang='lat' dir='ltr'><strong>sibi</strong></span> <span class='ocrx_word' id='word_1_694' title='bbox 2077 4971 2143 5011; x_wconf 80' lang='lat' dir='ltr'><strong>ac</strong></span> 
     </span>
    </p>
   </div>
   <div class='ocr_carea' id='block_1_100' title="bbox 573 5045 2144 5118">
    <p class='ocr_par' dir='ltr' id='par_1_100' title="bbox 573 5045 2144 5118">
     <span class='ocr_line' id='line_1_100' title="bbox 573 5045 2144 5118; baseline 0.005 -23"><span class='ocrx_word' id='word_1_695' title='bbox 573 5045 896 5114; x_wconf 78' lang='lat' dir='ltr'><strong>propinquis</strong></span> <span class='ocrx_word' id='word_1_696' title='bbox 947 5047 1063 5099; x_wconf 89' lang='lat' dir='ltr'><strong>suis</strong></span> <span class='ocrx_word' id='word_1_697' title='bbox 1094 5047 1426 5116; x_wconf 85' lang='lat' dir='ltr'><strong>prospicere.</strong></span> <span class='ocrx_word' id='word_1_698' title='bbox 1478 5047 1534 5102; x_wconf 84' lang='lat' dir='ltr'><strong>Si</strong></span> <span class='ocrx_word' id='word_1_699' title='bbox 1584 5063 1820 5118; x_wconf 91' lang='lat' dir='ltr'><strong>namque</strong></span> <span class='ocrx_word' id='word_1_700' title='bbox 1861 5063 1948 5102; x_wconf 85' lang='lat' dir='ltr'><strong>res</strong></span> <span class='ocrx_word' id='word_1_701' title='bbox 1987 5063 2144 5103; x_wconf 91' lang='lat' dir='ltr'><strong>secus</strong></span> 
     </span>
    </p>
   </div>
   <div class='ocr_carea' id='block_1_101' title="bbox 573 5139 2145 5209">
    <p class='ocr_par' dir='ltr' id='par_1_101' title="bbox 573 5139 2145 5209">
     <span class='ocr_line' id='line_1_101' title="bbox 573 5139 2145 5209; baseline 0.001 -18"><span class='ocrx_word' id='word_1_702' title='bbox 573 5139 882 5200; x_wconf 86' lang='lat' dir='ltr'><strong>evenirent,</strong></span> <span class='ocrx_word' id='word_1_703' title='bbox 914 5152 1038 5191; x_wconf 89' lang='lat' dir='ltr'><strong>cum</strong></span> <span class='ocrx_word' id='word_1_704' title='bbox 1067 5148 1176 5192; x_wconf 86' lang='lat' dir='ltr'><strong>tota</strong></span> <span class='ocrx_word' id='word_1_705' title='bbox 1199 5140 1368 5209; x_wconf 85' lang='lat' dir='ltr'><strong>stirpe</strong></span> <span class='ocrx_word' id='word_1_706' title='bbox 1395 5139 1504 5193; x_wconf 87' lang='lat' dir='ltr'><strong>vita</strong></span> <span class='ocrx_word' id='word_1_707' title='bbox 1534 5149 1588 5194; x_wconf 92' lang='lat' dir='ltr'><strong>et</strong></span> <span class='ocrx_word' id='word_1_708' title='bbox 1641 5139 1990 5193; x_wconf 79' lang='lat' dir='ltr'><strong>facultatibus</strong></span> <span class='ocrx_word' id='word_1_709' title='bbox 2012 5155 2145 5193; x_wconf 74' lang='lat' dir='ltr'><strong>exu-</strong></span> 
     </span>
    </p>
   </div>
   <div class='ocr_carea' id='block_1_102' title="bbox 571 5229 2144 5302">
    <p class='ocr_par' dir='ltr' id='par_1_102' title="bbox 571 5229 2144 5302">
     <span class='ocr_line' id='line_1_102' title="bbox 571 5229 2144 5302; baseline 0.003 -21"><span class='ocrx_word' id='word_1_710' title='bbox 571 5241 689 5282; x_wconf 83' lang='lat' dir='ltr'><strong>tum</strong></span> <span class='ocrx_word' id='word_1_711' title='bbox 722 5229 812 5294; x_wconf 89' lang='lat' dir='ltr'><strong>iri,</strong></span> <span class='ocrx_word' id='word_1_712' title='bbox 842 5245 1037 5300; x_wconf 89' lang='lat' dir='ltr'><strong>nempe</strong></span> <span class='ocrx_word' id='word_1_713' title='bbox 1066 5230 1277 5287; x_wconf 88' lang='lat' dir='ltr'><strong>Latinis</strong></span> <span class='ocrx_word' id='word_1_714' title='bbox 1300 5231 1722 5287; x_wconf 84' lang='lat' dir='ltr'><strong>resciseeutibus</strong></span> <span class='ocrx_word' id='word_1_715' title='bbox 1749 5233 1869 5302; x_wconf 84' lang='lat' dir='ltr'><strong>ejus</strong></span> <span class='ocrx_word' id='word_1_716' title='bbox 1906 5231 2144 5301; x_wconf 88' lang='lat' dir='ltr'><strong>impulsu</strong></span> 
     </span>
    </p>
   </div>
   <div class='ocr_carea' id='block_1_103' title="bbox 575 5322 2145 5391">
    <p class='ocr_par' dir='ltr' id='par_1_103' title="bbox 575 5322 2145 5391">
     <span class='ocr_line' id='line_1_103' title="bbox 575 5322 2145 5391; baseline 0.003 -18"><span class='ocrx_word' id='word_1_717' title='bbox 575 5325 964 5391; x_wconf 84' lang='lat' dir='ltr'><strong>imperatorem</strong></span> <span class='ocrx_word' id='word_1_718' title='bbox 1005 5337 1131 5377; x_wconf 87' lang='lat' dir='ltr'><strong>cum</strong></span> <span class='ocrx_word' id='word_1_719' title='bbox 1175 5323 1362 5378; x_wconf 89' lang='lat' dir='ltr'><strong>hostili</strong></span> <span class='ocrx_word' id='word_1_720' title='bbox 1422 5325 1596 5379; x_wconf 88' lang='lat' dir='ltr'><strong>classe</strong></span> <span class='ocrx_word' id='word_1_721' title='bbox 1654 5323 1968 5378; x_wconf 82' lang='lat' dir='ltr'><strong>advenisse.</strong></span> <span class='ocrx_word' id='word_1_722' title='bbox 2016 5322 2145 5378; x_wconf 86' lang='lat' dir='ltr'><strong>Ideo</strong></span> 
     </span>
    </p>
   </div>
   <div class='ocr_carea' id='block_1_104' title="bbox 519 5414 2143 5485">
    <p class='ocr_par' dir='ltr' id='par_1_104' title="bbox 519 5414 2143 5485">
     <span class='ocr_line' id='line_1_104' title="bbox 519 5414 2143 5485; baseline 0.002 -21"><span class='ocrx_word' id='word_1_723' title='bbox 519 5425 533 5440; x_wconf 79' lang='lat'>&#39;</span> <span class='ocrx_word' id='word_1_724' title='bbox 575 5429 742 5481; x_wconf 68' lang='lat' dir='ltr'><strong>porro</strong></span> <span class='ocrx_word' id='word_1_725' title='bbox 791 5429 850 5469; x_wconf 89' lang='lat' dir='ltr'><strong>se</strong></span> <span class='ocrx_word' id='word_1_726' title='bbox 905 5415 1010 5484; x_wconf 79' lang='lat' dir='ltr'><strong>ipsi</strong></span> <span class='ocrx_word' id='word_1_727' title='bbox 1049 5426 1176 5470; x_wconf 87' lang='lat' dir='ltr'><strong>ante</strong></span> <span class='ocrx_word' id='word_1_728' title='bbox 1215 5432 1410 5472; x_wconf 89' lang='lat' dir='ltr'><strong>omnes</strong></span> <span class='ocrx_word' id='word_1_729' title='bbox 1446 5427 1682 5472; x_wconf 87' lang='lat' dir='ltr'><strong>mentem</strong></span> <span class='ocrx_word' id='word_1_730' title='bbox 1715 5430 1871 5472; x_wconf 86' lang='lat' dir='ltr'><strong>suam</strong></span> <span class='ocrx_word' id='word_1_731' title='bbox 1905 5414 2143 5485; x_wconf 85' lang='lat' dir='ltr'><strong>aperire,</strong></span> 
     </span>
    </p>
   </div>
   <div class='ocr_carea' id='block_1_105' title="bbox 571 5503 2146 5578">
    <p class='ocr_par' dir='ltr' id='par_1_105' title="bbox 571 5503 2146 5578">
     <span class='ocr_line' id='line_1_105' title="bbox 571 5503 2146 5578; baseline 0.002 -21"><span class='ocrx_word' id='word_1_732' title='bbox 571 5503 723 5572; x_wconf 84' lang='lat' dir='ltr'><strong>quod</strong></span> <span class='ocrx_word' id='word_1_733' title='bbox 754 5504 1052 5574; x_wconf 87' lang='lat' dir='ltr'><strong>imperator</strong></span> <span class='ocrx_word' id='word_1_734' title='bbox 1072 5522 1171 5576; x_wconf 88' lang='lat' dir='ltr'><strong>per</strong></span> <span class='ocrx_word' id='word_1_735' title='bbox 1197 5510 1381 5562; x_wconf 89' lang='lat' dir='ltr'><strong>omnia</strong></span> <span class='ocrx_word' id='word_1_736' title='bbox 1413 5523 1478 5562; x_wconf 77' lang='lat' dir='ltr'><strong>ex</strong></span> <span class='ocrx_word' id='word_1_737' title='bbox 1501 5509 1623 5578; x_wconf 85' lang='lat' dir='ltr'><strong>ejus</strong></span> <span class='ocrx_word' id='word_1_738' title='bbox 1659 5507 1869 5578; x_wconf 91' lang='lat' dir='ltr'><strong>judicio</strong></span> <span class='ocrx_word' id='word_1_739' title='bbox 1889 5507 2146 5560; x_wconf 88' lang='lat' dir='ltr'><strong>arbitrio-</strong></span> 
     </span>
    </p>
   </div>
   <div class='ocr_carea' id='block_1_106' title="bbox 579 5597 2143 5672">
    <p class='ocr_par' dir='ltr' id='par_1_106' title="bbox 579 5597 2143 5672">
     <span class='ocr_line' id='line_1_106' title="bbox 579 5597 2143 5672; baseline 0.002 -24"><span class='ocrx_word' id='word_1_740' title='bbox 579 5612 689 5663; x_wconf 79' lang='lat' dir='ltr'><strong>que</strong></span> <span class='ocrx_word' id='word_1_741' title='bbox 720 5605 942 5652; x_wconf 85' lang='lat' dir='ltr'><strong>acturus</strong></span> <span class='ocrx_word' id='word_1_742' title='bbox 971 5599 1065 5652; x_wconf 76' lang='lat' dir='ltr'><strong>sit;</strong></span> <span class='ocrx_word' id='word_1_743' title='bbox 1099 5597 1223 5653; x_wconf 71' lang='lat' dir='ltr'><strong>llaec</strong></span> <span class='ocrx_word' id='word_1_744' title='bbox 1259 5599 1419 5653; x_wconf 88' lang='lat' dir='ltr'><strong>matri</strong></span> <span class='ocrx_word' id='word_1_745' title='bbox 1454 5600 1631 5672; x_wconf 86' lang='lat' dir='ltr'><strong>magni</strong></span> <span class='ocrx_word' id='word_1_746' title='bbox 1685 5598 1972 5654; x_wconf 87' lang='lat' dir='ltr'><strong>domestici</strong></span> <span class='ocrx_word' id='word_1_747' title='bbox 2005 5598 2143 5652; x_wconf 88' lang='lat' dir='ltr'><strong>clam</strong></span> 
     </span>
    </p>
   </div>
   <div class='ocr_carea' id='block_1_107' title="bbox 577 5685 2146 5765">
    <p class='ocr_par' dir='ltr' id='par_1_107' title="bbox 577 5685 2146 5765">
     <span class='ocr_line' id='line_1_107' title="bbox 577 5685 2146 5765; baseline 0.005 -24"><span class='ocrx_word' id='word_1_748' title='bbox 577 5685 649 5741; x_wconf 75' lang='lat' dir='ltr'><strong>de</strong></span> <span class='ocrx_word' id='word_1_749' title='bbox 675 5687 812 5744; x_wconf 88' lang='lat' dir='ltr'><strong>Chio</strong></span> <span class='ocrx_word' id='word_1_750' title='bbox 835 5690 1184 5759; x_wconf 81' lang='lat' dir='ltr'><strong>Calothctus;</strong></span> <span class='ocrx_word' id='word_1_751' title='bbox 1227 5708 1348 5762; x_wconf 61' lang='lat' dir='ltr'><strong>qua:</strong></span> <span class='ocrx_word' id='word_1_752' title='bbox 1385 5693 1639 5749; x_wconf 87' lang='lat' dir='ltr'><strong>stimulos</strong></span> <span class='ocrx_word' id='word_1_753' title='bbox 1667 5693 1716 5748; x_wconf 91' lang='lat' dir='ltr'><strong>ei</strong></span> <span class='ocrx_word' id='word_1_754' title='bbox 1749 5693 1984 5765; x_wconf 85' lang='lat' dir='ltr'><strong>majores</strong></span> <span class='ocrx_word' id='word_1_755' title='bbox 2015 5694 2146 5749; x_wconf 86' lang='lat' dir='ltr'><strong>sub-</strong></span> 
     </span>
    </p>
   </div>
   <div class='ocr_carea' id='block_1_108' title="bbox 2246 4479 3746 4578">
    <p class='ocr_par' dir='ltr' id='par_1_108' title="bbox 2246 4479 3746 4578">
     <span class='ocr_line' id='line_1_108' title="bbox 2246 4479 3746 4578; baseline -0.01 -29"><span class='ocrx_word' id='word_1_756' title='bbox 2246 4497 2398 4578; x_wconf 73' lang='grc' dir='ltr'>παρὰ</span> <span class='ocrx_word' id='word_1_757' title='bbox 2433 4496 2586 4559; x_wconf 84' lang='grc' dir='ltr'>Χίοις</span> <span class='ocrx_word' id='word_1_758' title='bbox 2634 4495 2728 4548; x_wconf 72' lang='grc' dir='ltr'>καὶ</span> <span class='ocrx_word' id='word_1_759' title='bbox 2772 4494 3006 4556; x_wconf 79' lang='grc' dir='ltr'>πολλοὺς</span> <span class='ocrx_word' id='word_1_760' title='bbox 3054 4493 3278 4563; x_wconf 82' lang='grc' dir='ltr'>ἑτέρους</span> <span class='ocrx_word' id='word_1_761' title='bbox 3310 4479 3746 4578; x_wconf 49' lang='grc' dir='ltr'>προσεταιρισάμες</span> 
     </span>
    </p>
   </div>
   <div class='ocr_carea' id='block_1_109' title="bbox 2244 4565 3743 4655">
    <p class='ocr_par' dir='ltr' id='par_1_109' title="bbox 2244 4565 3743 4655">
     <span class='ocr_line' id='line_1_109' title="bbox 2244 4565 3743 4655; baseline -0.016 -13"><span class='ocrx_word' id='word_1_762' title='bbox 2244 4565 2457 4643; x_wconf 55' lang='grc' dir='ltr'>νον’καὶ</span> <span class='ocrx_word' id='word_1_763' title='bbox 2499 4587 2608 4640; x_wconf 85' lang='grc' dir='ltr'><strong>τῶν</strong></span> <span class='ocrx_word' id='word_1_764' title='bbox 2639 4586 2810 4655; x_wconf 84' lang='grc' dir='ltr'>φίλων</span> <span class='ocrx_word' id='word_1_765' title='bbox 2839 4588 2932 4639; x_wconf 71' lang='grc' dir='ltr'>καὶ</span> <span class='ocrx_word' id='word_1_766' title='bbox 2963 4585 3071 4638; x_wconf 87' lang='grc' dir='ltr'><strong>τῶν</strong></span> <span class='ocrx_word' id='word_1_767' title='bbox 3111 4583 3406 4654; x_wconf 84' lang='grc' dir='ltr'>συγγενῶν.</span> <span class='ocrx_word' id='word_1_768' title='bbox 3433 4577 3571 4632; x_wconf 80' lang='grc' dir='ltr'>Εἶναι</span> <span class='ocrx_word' id='word_1_769' title='bbox 3601 4565 3743 4625; x_wconf 77' lang='grc' dir='ltr'>δὲκαὶ</span> 
     </span>
    </p>
   </div>
   <div class='ocr_carea' id='block_1_110' title="bbox 2247 4663 3740 4750">
    <p class='ocr_par' dir='ltr' id='par_1_110' title="bbox 2247 4663 3740 4750">
     <span class='ocr_line' id='line_1_110' title="bbox 2247 4663 3740 4750; baseline -0.011 -18"><span class='ocrx_word' id='word_1_770' title='bbox 2247 4664 2502 4750; x_wconf 68' lang='grc' dir='ltr'>ἀφορμὰς</span> <span class='ocrx_word' id='word_1_771' title='bbox 2541 4679 2642 4730; x_wconf 77' lang='grc' dir='ltr'>οὑκ</span> <span class='ocrx_word' id='word_1_772' title='bbox 2675 4678 2918 4744; x_wconf 77' lang='grc' dir='ltr'>ἀγεννεῖς</span> <span class='ocrx_word' id='word_1_773' title='bbox 2945 4679 3039 4729; x_wconf 79' lang='grc' dir='ltr'>τοῦ</span> <span class='ocrx_word' id='word_1_774' title='bbox 3075 4677 3212 4747; x_wconf 83' lang='grc' dir='ltr'>πρὸς</span> <span class='ocrx_word' id='word_1_775' title='bbox 3238 4675 3502 4746; x_wconf 81' lang='grc' dir='ltr'>Μαρτῖνον</span> <span class='ocrx_word' id='word_1_776' title='bbox 3526 4663 3740 4750; x_wconf 41' lang='grc' dir='ltr'>πολέμου)</span> 
     </span>
    </p>
   </div>
   <div class='ocr_carea' id='block_1_111' title="bbox 2244 4745 3743 4854">
    <p class='ocr_par' dir='ltr' id='par_1_111' title="bbox 2244 4745 3743 4854">
     <span class='ocr_line' id='line_1_111' title="bbox 2244 4745 3743 4854; baseline -0.018 -30"><span class='ocrx_word' id='word_1_777' title='bbox 2244 4745 2372 4824; x_wconf 76' lang='grc' dir='ltr'>τότε</span> <span class='ocrx_word' id='word_1_778' title='bbox 2398 4745 2560 4842; x_wconf 62' lang='grc' dir='ltr'><strong>⁷πρὸς</strong></span> <span class='ocrx_word' id='word_1_779' title='bbox 2598 4770 2778 4834; x_wconf 77' lang='grc' dir='ltr'>ἔξοδον</span> <span class='ocrx_word' id='word_1_780' title='bbox 2831 4770 2930 4840; x_wconf 60' lang='grc' dir='ltr'><strong>ήδη</strong></span> <span class='ocrx_word' id='word_1_781' title='bbox 2985 4745 3131 4822; x_wconf 28' lang='grc' dir='ltr'>εἶναι.</span> <span class='ocrx_word' id='word_1_782' title='bbox 3174 4768 3273 4829; x_wconf 81' lang='grc' dir='ltr'>τὰς</span> <span class='ocrx_word' id='word_1_783' title='bbox 3329 4745 3743 4854; x_wconf 39' lang='grc' dir='ltr'>σπονδας,ηκιίητδ</span> 
     </span>
    </p>
   </div>
   <div class='ocr_carea' id='block_1_112' title="bbox 2248 4841 3742 4936">
    <p class='ocr_par' dir='ltr' id='par_1_112' title="bbox 2248 4841 3742 4936">
     <span class='ocr_line' id='line_1_112' title="bbox 2248 4841 3742 4936; baseline -0.009 -18"><span class='ocrx_word' id='word_1_784' title='bbox 2248 4841 2514 4936; x_wconf 68' lang='grc' dir='ltr'>βασιλέως</span> <span class='ocrx_word' id='word_1_785' title='bbox 2562 4863 2886 4930; x_wconf 75' lang='grc' dir='ltr'>ἀγνοοῦντος</span> <span class='ocrx_word' id='word_1_786' title='bbox 2943 4861 3242 4933; x_wconf 83' lang='grc' dir='ltr'>ἀκρόπολιν</span> <span class='ocrx_word' id='word_1_787' title='bbox 3293 4859 3386 4911; x_wconf 70' lang='grc' dir='ltr'><strong>ἐπὶ</strong></span> <span class='ocrx_word' id='word_1_788' title='bbox 3433 4852 3507 4924; x_wconf 70' lang='grc' dir='ltr'>τῷ</span> <span class='ocrx_word' id='word_1_789' title='bbox 3536 4847 3648 4902; x_wconf 77' lang='grc' dir='ltr'>Χίον</span> <span class='ocrx_word' id='word_1_790' title='bbox 3672 4841 3742 4936; x_wconf 53' lang='grc' dir='ltr'>βίᾳ</span> 
     </span>
    </p>
   </div>
   <div class='ocr_carea' id='block_1_113' title="bbox 2246 4930 3742 5026">
    <p class='ocr_par' dir='ltr' id='par_1_113' title="bbox 2246 4930 3742 5026">
     <span class='ocr_line' id='line_1_113' title="bbox 2246 4930 3742 5026; baseline -0.016 -16"><span class='ocrx_word' id='word_1_791' title='bbox 2246 4930 2542 5026; x_wconf 77' lang='grc' dir='ltr'>κατασχεῖν</span> <span class='ocrx_word' id='word_1_792' title='bbox 2585 4956 2915 5024; x_wconf 77' lang='grc' dir='ltr'>οἰκοδομεῖν,</span> <span class='ocrx_word' id='word_1_793' title='bbox 2973 4930 3146 5007; x_wconf 76' lang='grc' dir='ltr'>ἐδεῖτό</span> <span class='ocrx_word' id='word_1_794' title='bbox 3178 4969 3237 5004; x_wconf 87' lang='grc' dir='ltr'><strong>τε</strong></span> <span class='ocrx_word' id='word_1_795' title='bbox 3283 4948 3448 5016; x_wconf 80' lang='grc' dir='ltr'>αὐτῆς</span> <span class='ocrx_word' id='word_1_796' title='bbox 3486 4930 3742 5026; x_wconf 53' lang='grc' dir='ltr'>σκέψασθαι</span> 
     </span>
    </p>
   </div>
   <div class='ocr_carea' id='block_1_114' title="bbox 2247 5020 3741 5123">
    <p class='ocr_par' dir='ltr' id='par_1_114' title="bbox 2247 5020 3741 5123">
     <span class='ocr_line' id='line_1_114' title="bbox 2247 5020 3741 5123; baseline -0.018 -17"><span class='ocrx_word' id='word_1_797' title='bbox 2247 5053 2376 5122; x_wconf 75' lang='grc' dir='ltr'>περὶ</span> <span class='ocrx_word' id='word_1_798' title='bbox 2408 5020 2574 5104; x_wconf 66' lang='grc' dir='ltr'>αυτοῦ</span> <span class='ocrx_word' id='word_1_799' title='bbox 2613 5020 2879 5118; x_wconf 64' lang='grc' dir='ltr'>πρότερον</span> <span class='ocrx_word' id='word_1_800' title='bbox 2907 5046 3112 5110; x_wconf 77' lang='grc' dir='ltr'>καλῶς,</span> <span class='ocrx_word' id='word_1_801' title='bbox 3139 5046 3287 5108; x_wconf 84' lang='grc' dir='ltr'>ὅπως</span> <span class='ocrx_word' id='word_1_802' title='bbox 3322 5042 3392 5113; x_wconf 76' lang='grc' dir='ltr'><strong>μὴ</strong></span> <span class='ocrx_word' id='word_1_803' title='bbox 3421 5032 3556 5101; x_wconf 85' lang='grc' dir='ltr'><strong>αὑτῷ</strong></span> <span class='ocrx_word' id='word_1_804' title='bbox 3582 5020 3741 5123; x_wconf 47' lang='grc' dir='ltr'>ἐσκίῖ·</span> 
     </span>
    </p>
   </div>
   <div class='ocr_carea' id='block_1_115' title="bbox 2245 5117 3742 5209">
    <p class='ocr_par' dir='ltr' id='par_1_115' title="bbox 2245 5117 3742 5209">
     <span class='ocr_line' id='line_1_115' title="bbox 2245 5117 3742 5209; baseline -0.015 -12"><span class='ocrx_word' id='word_1_805' title='bbox 2245 5117 2400 5198; x_wconf 79' lang='grc' dir='ltr'>δυνον</span> <span class='ocrx_word' id='word_1_806' title='bbox 2421 5143 2490 5196; x_wconf 77' lang='grc' dir='ltr'><strong>τὰ</strong></span> <span class='ocrx_word' id='word_1_807' title='bbox 2535 5117 2836 5209; x_wconf 80' lang='grc' dir='ltr'>πράγματα</span> <span class='ocrx_word' id='word_1_808' title='bbox 2869 5139 3132 5209; x_wconf 84' lang='grc' dir='ltr'>χωρήσει,</span> <span class='ocrx_word' id='word_1_809' title='bbox 3164 5135 3421 5206; x_wconf 76' lang='grc' dir='ltr'>βασιλέως</span> <span class='ocrx_word' id='word_1_810' title='bbox 3448 5128 3504 5181; x_wconf 84' lang='grc' dir='ltr'>οὐ</span> <span class='ocrx_word' id='word_1_811' title='bbox 3531 5117 3742 5209; x_wconf 21' lang='grc' dir='ltr'><strong>μετάᾑτῆιί</strong></span> 
     </span>
    </p>
   </div>
   <div class='ocr_carea' id='block_1_116' title="bbox 2248 5199 3743 5306">
    <p class='ocr_par' dir='ltr' id='par_1_116' title="bbox 2248 5199 3743 5306">
     <span class='ocr_line' id='line_1_116' title="bbox 2248 5199 3743 5306; baseline -0.027 -4"><span class='ocrx_word' id='word_1_812' title='bbox 2248 5199 3406 5306; x_wconf 37' lang='grc' dir='ltr'>προσηκοῦσῆςδυνόιμεσωςεκεῖἐλθόντος.</span> <span class='ocrx_word' id='word_1_813' title='bbox 3455 5214 3575 5287; x_wconf 82' lang='grc' dir='ltr'>Περὶ</span> <span class='ocrx_word' id='word_1_814' title='bbox 3626 5199 3743 5306; x_wconf 30' lang='lat' dir='ltr'><strong>trimi</strong></span> 
     </span>
    </p>
   </div>
   <div class='ocr_carea' id='block_1_117' title="bbox 2249 5296 3737 5398">
    <p class='ocr_par' dir='ltr' id='par_1_117' title="bbox 2249 5296 3737 5398">
     <span class='ocr_line' id='line_1_117' title="bbox 2249 5296 3737 5398; baseline -0.018 -16"><span class='ocrx_word' id='word_1_815' title='bbox 2249 5296 2376 5382; x_wconf 75' lang='grc' dir='ltr'>στου</span> <span class='ocrx_word' id='word_1_816' title='bbox 2418 5296 2527 5398; x_wconf 39' lang='grc' dir='ltr'><strong>’μὲν</strong></span> <span class='ocrx_word' id='word_1_817' title='bbox 2574 5296 2687 5396; x_wconf 70' lang='grc' dir='ltr'>γὰρ</span> <span class='ocrx_word' id='word_1_818' title='bbox 2735 5296 3009 5378; x_wconf 69' lang='grc' dir='ltr'>ποίεῖσθαι</span> <span class='ocrx_word' id='word_1_819' title='bbox 3065 5323 3162 5376; x_wconf 78' lang='grc' dir='ltr'>καὶ</span> <span class='ocrx_word' id='word_1_820' title='bbox 3209 5297 3278 5373; x_wconf 27' lang='grc' dir='ltr'><strong>τὸ.</strong></span> <span class='ocrx_word' id='word_1_821' title='bbox 3318 5316 3444 5372; x_wconf 86' lang='grc' dir='ltr'>Χίον</span> <span class='ocrx_word' id='word_1_822' title='bbox 3491 5296 3737 5392; x_wconf 60' lang='grc' dir='ltr'>Ῥωμαίοξς</span> 
     </span>
    </p>
   </div>
   <div class='ocr_carea' id='block_1_118' title="bbox 2248 5399 3736 5490">
    <p class='ocr_par' dir='ltr' id='par_1_118' title="bbox 2248 5399 3736 5490">
     <span class='ocr_line' id='line_1_118' title="bbox 2248 5399 3736 5490; baseline -0.036 3"><span class='ocrx_word' id='word_1_823' title='bbox 2248 5419 2646 5490; x_wconf 77' lang='grc' dir='ltr'>προσχωρῆσαι</span> <span class='ocrx_word' id='word_1_824' title='bbox 2689 5416 2962 5486; x_wconf 65' lang='grc' dir='ltr'>ὦεξέλειαν</span> <span class='ocrx_word' id='word_1_825' title='bbox 3010 5409 3354 5482; x_wconf 79' lang='grc' dir='ltr'>παρέξουσαν</span> <span class='ocrx_word' id='word_1_826' title='bbox 3382 5405 3441 5460; x_wconf 78' lang='grc' dir='ltr'>οὗ</span> <span class='ocrx_word' id='word_1_827' title='bbox 3468 5399 3556 5490; x_wconf 80' lang='grc' dir='ltr'>τὴν</span> 
     </span>
    </p>
   </div>
   <div class='ocr_carea' id='block_1_119' title="bbox 2250 5476 3737 5578">
    <p class='ocr_par' dir='ltr' id='par_1_119' title="bbox 2250 5476 3737 5578">
     <span class='ocr_line' id='line_1_119' title="bbox 2250 5476 3737 5578; baseline -0.022 -17"><span class='ocrx_word' id='word_1_828' title='bbox 2250 5476 2568 5561; x_wconf 49' lang='grc' dir='ltr'>σαψδὺδέν</span> <span class='ocrx_word' id='word_1_829' title='bbox 2599 5508 2655 5560; x_wconf 72' lang='grc' dir='ltr'>δὲ</span> <span class='ocrx_word' id='word_1_830' title='bbox 2693 5476 2856 5576; x_wconf 60' lang='grc' dir='ltr'>ἧττον</span> <span class='ocrx_word' id='word_1_831' title='bbox 2907 5505 3001 5557; x_wconf 73' lang='grc' dir='ltr'>καὶ</span> <span class='ocrx_word' id='word_1_832' title='bbox 3055 5476 3252 5556; x_wconf 71' lang='grc' dir='ltr'>ἑαυτοῦ</span> <span class='ocrx_word' id='word_1_833' title='bbox 3305 5495 3396 5551; x_wconf 76' lang='grc' dir='ltr'>καὶ</span> <span class='ocrx_word' id='word_1_834' title='bbox 3440 5476 3737 5578; x_wconf 19' lang='grc' dir='ltr'>τῶνᾼοίκιίςιίθ</span> 
     </span>
    </p>
   </div>
   <div class='ocr_carea' id='block_1_120' title="bbox 2248 5575 3740 5700">
    <p class='ocr_par' dir='ltr' id='par_1_120' title="bbox 2248 5575 3740 5700">
     <span class='ocr_line' id='line_1_120' title="bbox 2248 5575 3740 5700; baseline -0.012 -46"><span class='ocrx_word' id='word_1_835' title='bbox 2248 5601 2616 5670; x_wconf 82' lang='grc' dir='ltr'>προνοεῖσθαι,</span> <span class='ocrx_word' id='word_1_836' title='bbox 2640 5575 2724 5663; x_wconf 12' lang='grc' dir='ltr'>ῶςῗ</span> <span class='ocrx_word' id='word_1_837' title='bbox 2746 5601 2793 5652; x_wconf 84' lang='grc' dir='ltr'><strong>εί</strong></span> <span class='ocrx_word' id='word_1_838' title='bbox 2824 5597 2899 5668; x_wconf 76' lang='grc' dir='ltr'><strong>μὴ</strong></span> <span class='ocrx_word' id='word_1_839' title='bbox 2927 5597 3067 5650; x_wconf 77' lang='grc' dir='ltr'>κατὰ</span> <span class='ocrx_word' id='word_1_840' title='bbox 3103 5593 3326 5700; x_wconf 59' lang='grc' dir='ltr'>γνώμην</span> <span class='ocrx_word' id='word_1_841' title='bbox 3349 5582 3486 5652; x_wconf 72' lang='grc' dir='ltr'>αὐτῷ</span> <span class='ocrx_word' id='word_1_842' title='bbox 3511 5575 3740 5700; x_wconf 40' lang='grc' dir='ltr'><strong>τξινῖράῖἷ</strong></span> 
     </span>
    </p>
   </div>
   <div class='ocr_carea' id='block_1_121' title="bbox 2253 5667 3718 5763">
    <p class='ocr_par' dir='ltr' id='par_1_121' title="bbox 2253 5667 3718 5763">
     <span class='ocr_line' id='line_1_121' title="bbox 2253 5667 3718 5763; baseline -0.005 -19"><span class='ocrx_word' id='word_1_843' title='bbox 2253 5709 2398 5763; x_wconf 77' lang='grc' dir='ltr'>ματα</span> <span class='ocrx_word' id='word_1_844' title='bbox 2454 5691 2734 5763; x_wconf 84' lang='grc' dir='ltr'>χωρήσει,</span> <span class='ocrx_word' id='word_1_845' title='bbox 2795 5686 3114 5761; x_wconf 66' lang='grc' dir='ltr'>πανοικεσίᾳ.</span> <span class='ocrx_word' id='word_1_846' title='bbox 3167 5669 3654 5754; x_wconf 65' lang='grc' dir='ltr'>διαφθαρησομένου»</span> <span class='ocrx_word' id='word_1_847' title='bbox 3699 5667 3718 5704; x_wconf 68' lang='grc' dir='ltr'><strong>ε</strong></span> 
     </span>
    </p>
   </div>
  </div>
