4010 6190
271 293 372 359 ιπ

284 505 705 572 ἔπεστρὰτευσεν
764 498 950 562 αὐτοῖς
1009 499 1037 551 ὁ
1095 496 1368 569 βασιλεύς.
1417 488 1494 548 Ob
1548 494 1614 563 δὴ
1664 490 1830 544 ἕνεκα

287 597 417 665 αὐτῇ
466 594 565 663 τὴν
622 590 853 661 γνώμην
883 590 1167 645 ἀναθεῖναι
1221 588 1416 659 πρώτῃ
1455 584 1532 647 ὡς
1591 584 1733 637 ἄττα
1763 580 1831 635 ἂν

290 688 419 757 αὐτῇ
454 686 639 755 δοκοίη
675 686 886 739 ἐκείνου
920 681 1384 752 διαπραξομένου.
1439 675 1677 731 Τοιαῦτα
1729 672 1830 742 μὲν

289 781 317 832 ὁ
362 776 663 839 Καλόθετος
710 780 779 846 τῇ
820 775 996 845 μητρὶ
1049 773 1145 827 τοῦ
1208 771 1447 842 μεγάλου
1505 764 1830 837 δομεστίκου

289 860 461 938 κρύφα
491 868 618 938 περὶ
661 865 794 920 Χίου
827 865 1119 935 διειλέχθη·
1151 864 1263 933 ἡδὲ
1292 859 1572 933 ἐπέρρωσέ
1598 874 1659 911 τε
1693 854 1830 927 μᾶλ-

289 959 371 1012 λον
422 958 554 1026 πρὸς
587 957 653 1010 τὸ
701 957 865 1026 ιργον
910 955 1097 1019 αὐτὸν,
1131 954 1225 1008 καὶ
1258 950 1441 1014 καλῶς
1486 948 1692 1018 ἔφασκε
1733 947 1829 999 καὶ

288 1047 689 1111 λυσιτελούντως
744 1046 1133 1117 βεϐουλεῦσθαι
1193 1046 1287 1099 καὶ
1354 1039 1650 1111 Ῥωμαίοις
1732 1038 1827 1093 καὶ

287 1137 467 1207 ἐαυτῷ.
521 1138 678 1191 Ἐπεὶ
727 1137 787 1191 δὲ
821 1138 966 1208 αὐτῇ
1005 1134 1101 1206 τὴν
1131 1135 1333 1205 πρᾶξιν
1363 1132 1588 1202 ἀναθείη
1634 1129 1829 1200 πρώτῃ

285 1230 363 1282 διὰ
407 1230 504 1299 τὴν
559 1229 793 1300 ἀρχαίαν
851 1228 1163 1297 οίκειότητα
1213 1226 1307 1278 καὶ
1360 1225 1459 1296 τὴν
1514 1222 1726 1275 εὔνοιαν
1758 1220 1826 1290 ἢν

284 1321 499 1390 ἔσχηκεν
554 1320 621 1373 ὲκ
675 1319 910 1373 παλαιοῦ
969 1319 1109 1382 πρὸς
1167 1316 1341 1385 αὐτὴν
1375 1315 1470 1368 καὶ
1518 1312 1652 1377 υίδν,
1683 1309 1824 1377 αὐτὴ

285 1415 369 1468 καὶ
403 1411 761 1481 διαπράξεται
797 1411 947 1470 ὅπως
989 1409 1190 1478 ἄριστα
1237 1405 1387 1476 αὐτῷ
1431 1404 1565 1471 ἕξει.
1610 1401 1824 1472 Ἐκείνη

287 1505 373 1572 μὲν
399 1504 487 1557 οὖν
537 1502 765 1556 τοιαῦτα
797 1498 942 1556 εἷπε·
976 1500 1245 1571 πέμψασα
1299 1498 1355 1551 δὲ
1400 1497 1470 1549 ὲκ
1525 1494 1823 1559 Βυζαντίου

285 1593 492 1662 βασιλέα
540 1594 635 1647 καὶ
674 1594 768 1647 τὸν
806 1593 923 1665 υῖὺν
965 1593 1045 1655 είς
1074 1589 1457 1660 Διδυμδτειχον
1508 1585 1714 1664 ἐκάλει,
1749 1587 1826 1648 ὡς

1413 280 1952 352 HISTORIARUM
1981 242 2215 340 suum
2253 276 2337 338 tt.

278 407 571 480 κατάδηλον
592 405 804 476 γένοιτο
846 404 1127 469 Λατίνοις,
1156 404 1240 458 δτι
1269 401 1440 457 αὺτοῦ
1497 401 1825 471 πράττοντος

1928 394 2080 465 jecit,
2097 393 2415 461 bonumque
2441 394 2495 444 et
2517 385 2663 443 utile
2677 393 2787 440 tmn
2815 378 3081 439 Romanis
3134 388 3246 435 tum
3277 380 3499 436 sibimet

3391 264 3507 329 478

1934 498 2155 555 quoque
2187 482 2472 537 consilium
2505 477 2721 533 dedisse
2746 473 3056 531 allirmavit.
3094 472 3163 527 Et
3193 471 3321 541 quia
3342 471 3407 524 ad
3436 484 3496 525 se

1932 578 2172 649 primum
2212 587 2313 643 pro
2338 570 2558 640 antiqua
2590 568 2960 623 familiaritate
3014 580 3078 619 ac
3106 560 3498 618 benevolentia

1932 684 2055 739 quas
2080 666 2161 722 illi
2195 680 2403 728 secum,
2449 671 2505 719 et
2535 678 2659 718 cum
2691 661 2803 716 lilio
2846 659 2973 714 inde
3003 672 3034 712 a
3068 654 3369 727 majoribus
3407 653 3496 707 in-

1933 755 2298 819 tercessisset,
2338 752 2684 808 referendum
2731 747 3050 821 putavisset,
3082 759 3140 801 se
3169 758 3281 798 rem
3303 754 3498 812 qnam-

1932 848 2137 918 optime
2184 847 2575 918 coniecturam.
2614 843 2738 898 Haec
2782 841 2892 896 illa.
2933 838 3064 892 inde
3107 836 3494 906 imperatorem

1930 948 1987 994 et
2018 938 2188 992 lilium
2224 936 2479 1008 Byzantio
2505 933 2970 1005 Didymoticbum,
3002 928 3146 984 utde
3168 923 3497 981 necessariis

1929 1027 2254 1099 quibusdam
2274 1041 2398 1082 cum
2429 1024 2561 1092 ipsis
2585 1034 2794 1088 actura,
2819 1021 3088 1084 accersit;
3117 1019 3349 1088 quigmox
3374 1015 3498 1070 aliis

1929 1118 2282 1190 posthabitis,
2324 1118 2379 1171 in
2426 1117 2571 1171 viam
2631 1129 2689 1170 se
2740 1113 3029 1168 dederunt.
3069 1109 3271 1169 Audita
3325 1122 3494 1162 causa

1929 1212 2000 1267 ob
2020 1227 2183 1282 quam
2214 1217 2398 1264 essent
2422 1205 2658 1272 evocati,
2693 1205 2936 1259 lanitium
2973 1210 3238 1271 ceperunt
3266 1199 3495 1253 bellum-

1927 1317 2035 1372 que
2087 1316 2185 1371 pro
2227 1298 2365 1355 Chio
2398 1307 2458 1351 ut
2506 1311 2621 1349 rem
2657 1293 2911 1364 praecipui
2947 1291 3206 1346 momenti
3244 1296 3493 1358 prompte

1928 1391 2356 1462 comparandum
2389 1389 2774 1444 decreverunt.
2808 1384 3058 1439 Accitum
3095 1396 3313 1451 quoque
3333 1380 3492 1436 Calo-

1928 1486 2139 1539 tltetum
2192 1480 2377 1537 verbis
2423 1477 2738 1534 efﬁcacibus
2795 1476 2849 1529 in
2886 1474 3170 1545 proposito
3207 1470 3498 1527 conﬁrma-

1929 1582 2158 1635 rnnl.et
2204 1587 2304 1642 pro
2345 1570 2609 1640 dignitate
2634 1583 2734 1622 sua
2781 1563 3096 1621 humaniter
3114 1566 3492 1626 munerarunt;

259 1653 580 1752 ’δναγκαίων
629 1686 760 1755 πέρι
797 1653 1174 1753 διαλεξομένη.
1204 1653 1284 1736 '01
1322 1653 1565 1743 δ’ἰγεύθὺς
1597 1653 1703 1734 τῶν
1734 1679 1827 1732 ἄλ-

1933 1666 2187 1735 datisque
2213 1663 2518 1733 promissis,
2562 1676 2622 1716 se
2662 1660 2765 1730 ipsi
2811 1668 2867 1714 et
2893 1657 3080 1729 generi
3110 1670 3211 1712 suo
3239 1653 3495 1711 benefac-

286 1778 383 1829 ὶων
441 1777 837 1847 ἀμελήσαντες,
888 1778 1101 1847 εἴχοντο
1141 1775 1263 1829 δδοῦ
1289 1790 1305 1808 ο
1342 1774 1626 1844 γενόμενοι
1674 1770 1731 1824 δὲ
1769 1771 1829 1823 ἐν

286 1869 665 1940 Διδυμοτείχῳ,
718 1869 844 1923 ἐπεὶ
898 1868 1162 1922 ἐπύθοντο
1220 1866 1351 1932 περὶ
1400 1861 1475 1920 ὥν
1519 1865 1783 1942 καλοῖντο
1809 1900 1825 1927 ,

291 1962 449 2031 ήδέως
478 1978 536 2015 τε
566 1961 817 2027 ἐδέξαντο
854 1962 983 2024 τοὺς
1030 1959 1246 2027 λόγους,
1279 1959 1377 2013 καὶ
1409 1957 1581 2010 ἐδόκει
1609 1956 1717 2009 δεῖν
1754 1954 1831 2017 ὡς

287 2055 401 2123 περὶ
429 2055 733 2122 ἀναγκαίου
759 2054 858 2122 τῆς
887 2053 1019 2106 Χίου
1049 2050 1574 2123 παρασκευάζεσθαι
1600 2052 1668 2102 τὰ
1694 2047 1829 2118 πρὸς

286 2149 367 2200 τὸν
415 2148 648 2217 πόλεμον
712 2146 1032 2215 προθύμως.
1093 2146 1198 2199 Τόν
1250 2162 1310 2198 τε
1354 2142 1660 2197 Καλόθετον
1721 2137 1829 2209 ἰδίᾳ

288 2234 791 2304 μετακαλεσάμενοι,
824 2234 1083 2303 ἑκάτερος
1116 2231 1297 2284 αὐτῶν
1340 2230 1520 2298 λόγοις
1561 2245 1620 2281 τε
1666 2226 1833 2298 snsp-

285 2329 455 2395 ρωσαν
486 2325 620 2392 πρὸς
653 2325 714 2378 τὸ
749 2324 910 2396 ἔργον
956 2325 1291 2392 ἐπαγωγοῖς,
1325 2324 1419 2375 καὶ⁹
1451 2322 1645 2389 δώροις
1677 2319 1828 2387 φιλο·

283 2416 672 2484 φρονησάμενοι
698 2416 862 2480 ἀξίως
900 2414 1138 2476 ἑαυτῶν,
1164 2415 1250 2467 ἔτι
1283 2414 1339 2466 δὲ
1369 2409 1831 2480 ἐπαγγειλάμενοι

282 2507 432 2561 αὑτὸν
472 2524 535 2560 τε
582 2511 679 2561 καὶ
714 2509 878 2576 γένος
925 2496 986 2561 εἶ’)
1023 2506 1291 2577 ποιήσειν,
1334 2502 1650 2573 ἐξέπεμψαν
1695 2500 1832 2571 πρὸς

282 2597 402 2651 Χίον
444 2599 519 2663 ὡς
558 2594 632 2652 ῶν
669 2599 737 2654 ἂν
769 2601 946 2654 δέοιτο
975 2599 1534 2671 παρασκευασάμενον
1596 2597 1727 2667 πρὸς
1772 2597 1833 2648 τὸ

281 2688 539 2751 Λατίνοις,
574 2689 644 2759 ἣν
681 2689 795 2760 δέῃ,
832 2690 1143 2744 ἐπιθέσθαι.
1193 2691 1361 2744 Δύτοὶ
1419 2691 1474 2743 δὲ
1516 2689 1595 2751 είς
1628 2686 1834 2750 Βυζάν-

280 2794 384 2831 τιον
436 2779 965 2849 ἐπαναστρέψαντες,
1016 2783 1260 2851 τριήρεις
1320 2797 1380 2834 τε
1459 2777 1835 2847 ἐναυπηγοῦν-

280 2882 360 2929 το,
414 2866 507 2918 καὶ
561 2867 733 2920 τᾶλλα
803 2870 1278 2938 παρεσκευάζοντο
1331 2870 1407 2933 ῶς
1437 2866 1832 2937 πλευσούμενοι

276 2959 339 3018 ις
390 2950 535 3014 χιυυς
566 2959 987 3030 ιΣκεπτομὲνοις
1037 2962 1101 3015 δὲ·
1152 2962 1335 3023 αὐτοῖς
1379 2961 1573 3029 ἥντινα
1613 2959 1830 3025 ἐξέσται

275 3047 373 3101 τοῦ
400 3049 637 3120 πολέμου
696 3052 1061 3123 εὐπρόσωπον
1114 3053 1288 3125 ἀρχὴν
1339 3034 1549 3115 λαϐεῖν,
1584 3053 1613 3104 ὁ
1655 3050 1832 3120 μέγας

268 3141 584 3210 δομέστικος
630 3143 986 3198 συνεϐούλευε
1036 3145 1136 3208 τὰς
1185 3146 1288 3215 μὲν
1327 3146 1575 3214 τριήρεις
1619 3156 1832 3211 ναυπη-

270 3230 499 3297 γεῖσθαι,
530 3230 628 3284 καὶ
650 3232 717 3285 τὰ
756 3230 897 3284 ὅπλα
934 3226 1010 3286 ῶν
1040 3233 1252 3287 δέονται
1277 3229 1829 3302 παρασκευάζεσθαι,

275 3322 363 3374 καὶ
406 3322 658 3376 ναυτικὸν
701 3323 985 3391 συλλέγειν
1033 3324 1084 3378 oi
1126 3326 1502 3394 ὲπιϐήσονται,
1531 3323 1628 3377 καὶ
1670 3320 1831 3374 ὁπλί-

276 3430 388 3476 τας.
434 3413 586 3467 Ἐπεὶ
624 3414 682 3467 δὲ
723 3415 785 3468 αῖ
824 3432 887 3468 τι
937 3416 1163 3470 σπονδαὶ
1192 3416 1269 3485 τῷ
1296 3417 1560 3486 Μαρτίιῳ
1583 3417 1640 3467 ὲν
1666 3412 1830 3483 ἐξόδῳ

275 3504 409 3557 είσὶν
445 3504 566 3575 ήδη,
618 3507 716 3558 καὶ
761 3505 941 3576 ἄκραν
988 3506 1256 3576 βασιλέως
1302 3507 1378 3575 μὴ
1429 3506 1829 3577 ἐπιτρέψαντος

269 3590 542 3660 οἰκοδομεῖ
610 3592 704 3645 ἔπι
753 3592 833 3662 τῷ
898 3592 1411 3647 καταδουλώσασθαι
1481 3592 1584 3663 τὴν
1644 3591 1829 3660 νῆσον,

272 3682 602 3752 πρόσταγμα
659 3682 795 3753 πρὸς
844 3683 1058 3737 ἐκεῖνον
1105 3683 1272 3736 αὐτοῦ
1324 3682 1668 3752 πεμφθῆναι,
1712 3680 1830 3749 ἅμα

272 3772 364 3840 μὶν
415 3772 577 3824 αὐτὸν
633 3774 966 3842 αἰτιωμένου
1022 3772 1098 3835 ὡς
1156 3773 1255 3842 τὴν
1305 3773 1483 3841 ἄκραν
1534 3770 1698 3825 αὐτοῦ
1754 3771 1829 3840 μὴ

267 3867 565 3930 συνειδότος
599 3867 938 3938 οῖκοδομοίη,
981 3867 1295 3931 κελεύοντός
1333 3883 1393 3919 τε
1426 3865 1488 3919 τὸ
1519 3865 1829 3936 οἰκοδομεῖν

266 3953 375 4024 est,
411 3955 507 4008 καὶ
537 3956 850 4026 περαιτέρω
882 3955 958 4026 μὴ
990 3956 1307 4027 προϐαίνειν
1326 3972 1342 3988 ·
1378 3956 1497 4028 ἄμα
1521 3958 1580 4011 δὲ
1605 3957 1700 4010 καὶ
1730 3958 1829 4020 τὰς

268 4041 498 4105 σπονδὰς
546 4042 623 4106 ὡς
654 4044 707 4096 εί
731 4041 978 4112 βούλοιτο
1028 4044 1225 4112 ἑτέρας
1262 4045 1455 4099 θέσθαι
1505 4045 1616 4099 τῶν
1649 4045 1831 4098 οὐσῶν

266 4128 357 4198 ήδη
416 4129 751 4199 ιξηκουσῶν,
814 4130 894 4191 είς
951 4128 1249 4195 Βυζάντιον
1322 4130 1501 4186 ἐλθεῖν
1529 4142 1546 4162 ⁸
1574 4130 1681 4185 κᾶν
1730 4130 1832 4201 μὲν

264 4219 540 4289 παύσηταί
568 4236 629 4273 τε
659 4220 985 4291 οἰκοδομεῖν,
1018 4221 1113 4275 καὶ¹
1138 4221 1430 4292 γενόμενος
1456 4223 1514 4275 ὲν
1547 4221 1834 4297 Βυζαντίιρ

263 4311 388 4380 περὶ
422 4311 630 4383 ἑτέρων
653 4310 828 4364 δέοιτο
868 4312 1135 4374 σπονδῶν,
1163 4313 1192 4365 ὃ
1217 4328 1272 4365 τι
1314 4311 1383 4366 ἂν
1425 4314 1514 4383 εἴη
1553 4312 1833 4383 σκεψαμέ-

1854 1740 1903 1801 Β
1934 1762 2104 1817 turos,
2143 1750 2340 1805 Chium
2369 1749 2717 1812 dimiserunt,
2752 1755 2813 1802 ut
2852 1747 3051 1817 quibus
3084 1759 3226 1815 opus
3258 1744 3400 1799 foret
3425 1743 3493 1797 ad

1929 1843 2153 1898 Latinos
2205 1843 2261 1896 in
2318 1851 2562 1911 tempore
2613 1838 2953 1894 adoriundos
2992 1844 3352 1907 praepararet;
3393 1835 3493 1904 ipsi

1928 1932 2248 2005 Byzantium
2279 1932 2508 1996 reversi,
2557 1931 2809 1986 triremes
2840 1928 3188 1985 fabricandos
3220 1927 3492 1988 locarunt,

1928 2037 1985 2084 et
2022 2038 2218 2086 cetera
2264 2040 2522 2099 tanquam
2571 2029 2771 2084 Citium
2805 2027 3107 2097 navigaturi
3134 2030 3490 2080 curaverunt.

1929 2120 2068 2175 Dum
2126 2135 2258 2175 vero
2289 2120 2802 2190 circumspicerent,
2842 2128 2897 2174 et
2936 2120 3229 2173 honestum
3272 2114 3496 2185 aliquod

1932 2216 2060 2271 belli
2089 2216 2423 2287 principium
2471 2223 2802 2285 qutnrerent,
2846 2228 3076 2284 magnus
3121 2211 3285 2280 229
3311 2210 3500 2264 deme.

1930 2307 2123 2372 sticus,
2174 2307 2429 2361 triremes
2481 2316 2538 2362 et
2593 2321 2743 2361 arma
2786 2305 3092 2359 necessaria
3120 2300 3493 2366 conﬁcienda,

1931 2402 2254 2470 copiamque
2302 2400 2571 2465 navalem,
2606 2407 2663 2454 et
2688 2397 2870 2468 gravis
2909 2406 3199 2452 armaturae
3239 2395 3494 2461 militem,

1931 2491 2023 2560 qui
2057 2491 2481 2554 conscenderet,
2528 2488 2898 2561 colligendum
2932 2487 3220 2543 suadebat.
3253 2488 3322 2541 Et
3361 2502 3499 2557 quo-

1933 2585 2077 2639 niam
2110 2583 2333 2639 ftederis
2367 2598 2490 2638 cum
2517 2582 2750 2636 Martino
2781 2581 3050 2636 terminus
3080 2580 3314 2644 adesset,
3351 2580 3497 2648 ipse-

1931 2691 2039 2745 que
2068 2675 2378 2730 inconsulto
2414 2676 2745 2743 imperatore
2773 2688 2956 2728 arcem
2990 2672 3056 2725 ad
3110 2672 3348 2727 insulam
3386 2686 3500 2726 scr-

1933 2769 2102 2822 vitute
2136 2766 2551 2837 Opprimendam
2604 2766 2992 2830 exaediﬁcaret,
3048 2765 3366 2819 mandatum
3418 2763 3497 2817 illi

1933 2860 2282 2923 mittendum,
2315 2875 2425 2929 quo
2453 2868 2566 2913 tum
2606 2858 2675 2914 de
2727 2858 2871 2913 facto
2916 2858 3285 2922 incusaretur,
3315 2864 3372 2911 et
3399 2871 3497 2911 ex-

1928 2950 2230 3006 structione
2252 2947 2859 3017 desisterejuberetur;
2881 2955 2992 3000 tum
3015 2945 3061 2999 si
3084 2944 3263 2999 latius
3290 2956 3493 2997 novum

1937 3050 2185 3112 cuperet,
2215 3042 2396 3112 priore
2425 3042 2535 3111 jam
2567 3049 2782 3106 exacto,
2818 3039 3138 3111 Byzantium
3168 3037 3356 3092 venire
3379 3049 3497 3089 mo-

1939 3142 2183 3189 neretur.
2235 3133 2291 3188 Si
2324 3132 2598 3189 aediﬁcare
2629 3124 2874 3197 cessarit,
2901 3140 2957 3187 et
3002 3128 3320 3201 Byzantium
3357 3141 3495 3198 pro-

1931 3225 2129 3288 fectus,
2188 3236 2347 3296 pacta
2403 3235 2671 3281 conventa
2708 3238 2849 3279 nova
2893 3223 3186 3294 rogaverit,
3233 3220 3386 3292 quod
3436 3237 3498 3277 re

1931 3318 2276 3374 considerata
2306 3318 2502 3373 melius
2525 3316 2859 3381 censebitur,
2892 3330 2949 3369 se
2982 3315 3245 3369 facturos.
3275 3313 3496 3369 Etenim

1931 3420 2025 3464 aut
2044 3410 2254 3480 justum
2274 3423 2419 3473 esse;
2448 3424 2557 3463 non
2579 3408 2688 3478 pati
2716 3406 2786 3461 de
2815 3414 3013 3460 caetero
3035 3406 3329 3460 Martinnm
3356 3404 3495 3458 Chio

1930 3500 2222 3568 imperare,
2256 3499 2352 3553 sed
2379 3498 2487 3552 alio
2514 3498 2676 3552 modo
2705 3498 2772 3551 de
2806 3496 2899 3551 illo
2926 3495 3065 3551 bene
3096 3495 3318 3561 mereri,
3347 3495 3497 3548 insu-

1929 3592 2147 3661 lamque
2194 3590 2457 3644 Romanis
2490 3604 2680 3658 parere
2714 3607 2728 3644 :
2762 3597 2858 3642 aut
2910 3587 3090 3642 foedus
3138 3601 3249 3641 non
3303 3586 3356 3639 in
3398 3601 3500 3640 eas

1929 3680 2297 3744 conditiones,
2336 3678 2389 3733 in
2420 3692 2556 3748 quas
2581 3686 2765 3742 antea,
2799 3677 2895 3732 sed
2934 3678 3137 3746 quibus
3164 3675 3296 3745 ipsis
3320 3674 3498 3730 libue-

1929 3771 2023 3833 rit,
2049 3770 2368 3835 ineundum,
2399 3784 2594 3839 nempe
2624 3778 2685 3823 ut
2721 3769 2988 3824 Martinus
3020 3782 3239 3824 rursum
3263 3766 3328 3822 ad
3363 3778 3500 3821 tem-

1928 3875 2033 3933 pus
2058 3870 2270 3916 eertum
2298 3860 2480 3929 praesit
2506 3877 2522 3914 :
2552 3868 2610 3915 et
2637 3859 2681 3915 si
2705 3875 2883 3930 neque
2908 3860 3181 3915 aadilicare
3203 3858 3499 3923 destiterit,

1929 3970 2108 4025 neque
2136 3954 2338 4009 hedera
2373 3968 2512 4008 nova
2542 3951 2843 4023 quaesierit,
2873 3965 2937 4007 ac
2963 3952 3008 4006 si
3030 3952 3143 4023 jam
3174 3953 3331 4005 lirma
3358 3960 3430 4006 stt
3449 3949 3501 4006 ei

1929 4056 1987 4102 et
2016 4045 2232 4100 stabilis
2262 4044 2455 4099 insulas
2506 4044 2805 4114 possessio,
2869 4052 2985 4099 tum
3017 4042 3300 4097 instructis
3334 4041 3497 4097 trire-

1930 4137 2113 4192 mibus
2138 4135 2318 4206 primo
2347 4148 2567 4204 quoque
2593 4143 2837 4203 tempore
2864 4133 2994 4188 illuc
3019 4132 3496 4197 contendendum;

1931 4228 2338 4297 mittendasque
2367 4226 2594 4296 insuper
2622 4225 2855 4289 litteras,
2885 4241 3009 4296 quas
3046 4223 3215 4279 Chios
3240 4223 3296 4277 in
3327 4220 3500 4277 aedili-

1930 4320 2108 4375 cando
2149 4332 2378 4389 pergere
2402 4325 2607 4383 vetent,
2640 4325 2700 4371 ut
2745 4316 2851 4372 bac
2880 4316 3099 4370 ratione
3152 4321 3248 4369 aut
3294 4313 3501 4368 invitus

264 4419 367 4465 νοις
399 4404 613 4475 βέλτιον
665 4405 862 4459 ποιεῖν.
900 4404 974 4457 Ἢ
1016 4403 1126 4474 γὰρ
1155 4403 1353 4473 μηκέτι
1391 4404 1526 4457 Χίου
1551 4405 1828 4475 Μαρτῖνον

1932 4409 2170 4476 desinat,
2206 4409 2275 4464 ab
2308 4408 2493 4478 operis
2520 4407 2805 4474 desertus;
2838 4418 2936 4462 aut
2968 4408 3014 4463 si
3046 4407 3211 4462 etiam
3246 4404 3499 4461 nolentes

262 4493 449 4563 ἄρχειν
496 4495 711 4548 δίκαιον
743 4492 864 4566 ὲᾷν,
892 4495 1008 4551 ἀλλ’
1037 4494 1230 4565 ἕτερον
1267 4494 1468 4566 τρόπον
1511 4493 1572 4547 εὖ
1607 4497 1781 4549 ποιεῖν
1805 4511 1822 4528 ⁶

262 4586 357 4655 τὴν
384 4588 549 4656 νῆσον
592 4587 651 4641 δὲ
696 4587 873 4641 τελεῖν
907 4586 1013 4642 ὑπὸ
1051 4586 1437 4658 Ῥωμαίους,ἢ
1479 4588 1714 4650 σπονδὰς
1763 4587 1825 4642 οὐ

262 4678 400 4731 κατὰ
435 4679 540 4743 τὰς
586 4679 885 4749 προτέρας,
926 4680 1043 4733 ἀλλ’
1083 4680 1174 4749 ἔφ’
1203 4676 1287 4743 οἷς
1312 4679 1379 4734 ἂν
1407 4681 1591 4742 αὐτοῖς
1618 4680 1826 4750 βέλτιον

260 4767 436 4840 δοκοίη
471 4769 746 4837 τίθεσθαι,
774 4769 916 4824 ῶστε
970 4767 1129 4836 αὖθις
1164 4773 1440 4842 Μαρτῖνον
1464 4772 1598 4826 Χίου
1637 4771 1827 4843 ἄρχειν

261 4856 350 4908 ἐπὶ
407 4858 607 4928 χρόνον
663 4860 790 4912 τινὰ
851 4859 1016 4931 ῥητόν
1047 4878 1060 4893 ο
1110 4860 1204 4915 ἐὰν
1267 4861 1324 4915 δὲ
1368 4863 1524 4933 μήτε
1585 4862 1827 4931 παύηται

261 4948 580 5020 οἰκοδομῶν,
614 4950 864 5006 σπονδῶν
906 4968 967 5005 τε
1002 4953 1097 5023 -μὴ
1147 4954 1322 5008 δέοιτο
1351 4954 1577 5026 ἑτέρων,
1611 4953 1687 5019 ὡς
1723 4955 1823 5026 ήδη

262 5037 492 5107 βεϐαίως
516 5042 616 5112 τῆς
654 5045 821 5113 νήσου
862 5045 1150 5116 ἐχομένης,
1195 5049 1319 5100 τότε
1367 5050 1823 5119 παρεσκευασμέ-

261 5148 364 5184 νων
410 5133 525 5186 τῶν
560 5135 837 5205 τριήρεων
882 5136 1079 5202 οὐσῶν,
1102 5138 1207 5207 τὴν
1236 5138 1500 5209 ταχίστην
1530 5140 1782 5192 ἐπιπλεῖν
1806 5157 1820 5172 θ

261 5222 501 5291 πέμπειν
528 5223 587 5278 δὲ
622 5230 718 5279 καὶ
750 5227 915 5298 ἔτερα
963 5228 1275 5299 γράμματα
1315 5231 1492 5295 Χίοις,
1525 5230 1824 5285 κελεύοντα

261 5317 351 5365 καὶ
377 5316 565 5379 αὐτοῖς
588 5317 928 5387 ἀποσχέσθαι
957 5318 1053 5372 τοῦ
1082 5321 1410 5389 οἰκοδομεῖν,
1428 5323 1503 5386 ὡς
1534 5324 1567 5395 ἢ
1595 5324 1826 5379 παύοιτο

259 5407 353 5457 καὶ
372 5406 525 5460 ἄκων
547 5407 645 5462 οὐκ
664 5407 805 5478 ἔχων
826 5411 955 5473 τοὺς
978 5412 1425 5481 συναιρομένους,
1448 5414 1479 5483 ἦ
1506 5416 1554 5466 εί
1582 5414 1825 5485 βιάζοιτο

260 5501 347 5548 καί
398 5497 655 5564 ἄκοντας,
708 5500 910 5568 μᾶλλον
951 5502 1390 5572 ὲκπολεμωθείεν
1443 5507 1579 5576 πρὸς
1633 5507 1821 5560 αὐτόν.

259 5587 412 5641 Οὕτω
463 5588 919 5661 βουλευσαμένοις
954 5594 1129 5647 ἐδόκει
1173 5597 1288 5651 δεῖν
1317 5598 1386 5650 τά
1424 5616 1483 5650 τε
1514 5600 1819 5669 γράμματα

258 5681 344 5745 εἰς,
402 5681 538 5736 Χίον
591 5683 848 5753 πέμπειν,
902 5688 996 5741 καὶ
1051 5688 1302 5760 τριήρεις
1372 5690 1471 5755 τὰς
1539 5708 1598 5744 τε
1655 5691 1822 5755 οὔσας

1931 4503 2195 4572 coegerit,
2226 4501 2331 4557 sibi
2378 4500 2710 4557 iniensiores
2736 4501 2952 4557 reddat.
2988 4500 3177 4570 itaque
3206 4498 3499 4554 consilium

1930 4602 2214 4665 ceperunt,
2242 4603 2302 4649 ut
2333 4593 2487 4650 Chiis
2514 4595 2843 4658 scriberent,
2878 4602 2936 4649 et
2968 4608 3089 4664 qua:
3129 4602 3313 4649 essent
3339 4606 3502 4660 para-

1931 4695 2002 4743 ta
2054 4686 2329 4753 triremes,
2372 4701 2466 4742 eas
2506 4697 2805 4750 armarent,
2831 4686 3078 4757 aliasque
3123 4700 3293 4740 novas
3333 4683 3502 4739 adde-

1928 4772 2073 4832 rent.
2103 4775 2182 4830 Ac
2208 4775 2436 4856 epistola
2463 4775 2685 4844 quidem
2717 4775 3063 4844 imperatoris
3101 4776 3339 4830 Martino
3373 4773 3501 4827 red.

1930 4868 2042 4924 dita
2097 4867 2301 4922 frustra
2332 4865 2467 4922 fuit:
2499 4883 2561 4922 ea
2592 4868 2864 4938 siquidem
2923 4868 3084 4932 lecta,
3133 4868 3287 4938 operi
3321 4866 3497 4936 magis

1928 4959 2147 5024 institit,
2174 4974 2387 5015 summa
2424 4974 2529 5029 ope
2573 4961 2789 5016 enitens
2854 4973 2915 5016 ut
2947 4977 3045 5016 arx
3077 4961 3495 5024 absolveretur;

1928 5061 1984 5107 et
2014 5060 2074 5107 ut
2099 5052 2300 5121 quibus
2328 5064 2474 5106 esset
2505 5066 2664 5123 opus,
2696 5053 2766 5107 iis
2797 5052 3092 5107 adventum
3122 5050 3497 5120 imperatoris,

1928 5158 2092 5214 quem
2111 5143 2221 5212 jam
2247 5142 2558 5214 suspicione
2587 5153 2642 5199 et
2689 5142 2803 5214 ipse
2833 5143 3207 5213 praecipiebat,
3238 5150 3495 5196 antever-

1931 5240 2088 5288 teret.
2114 5231 2444 5289 Benedictus
2466 5247 2633 5302 porro
2664 5247 2788 5289 cum
2820 5232 3054 5288 Martin
3074 5231 3241 5286 fratre
3272 5230 3496 5298 litigatis

1928 5325 1999 5380 de
2039 5339 2135 5380 sex
2162 5339 2456 5380 aureorum
2487 5323 2749 5387 millibus,
2784 5338 2907 5393 qua:
2942 5322 3047 5379 sibi
3080 5323 3135 5377 in
3165 5335 3340 5376 annos
3373 5321 3494 5376 sin-

1927 5418 2083 5487 gulos
2106 5417 2452 5472 hmreditario
2485 5416 2611 5487 jure
2642 5415 2710 5471 de
2739 5415 2976 5486 publicis
3005 5413 3366 5486 vectigalibus
3393 5413 3503 5469 de-

1929 5509 2216 5570 bebantur,
2252 5509 2564 5576 quibusque
2602 5507 2671 5562 ab
2713 5507 2908 5562 eodem
2942 5507 3224 5561 fraudatus
3255 5517 3396 5577 erat,
3424 5505 3496 5560 ad

1927 5601 2312 5669 imperatorem
2354 5613 2410 5652 se
2436 5598 2696 5662 contulit,
2730 5597 2918 5653 fratris
2950 5598 3299 5669 iniquitatem
3331 5613 3500 5653 accu-

1926 5707 2053 5746 sans
2109 5699 2162 5746 et
2214 5678 2477 5745 auxilium
2536 5687 2780 5760 ﬂagitans
2816 5705 2830 5743 :
2864 5690 2997 5761 quin
3051 5690 3217 5748 etiam
3275 5689 3503 5747 litteras
