4010 6190
298 356 393 420 481
464 351 473 360 ’

1434 343 1975 405 HISTORIARUM
2015 344 2246 405 LIBER
2288 345 2364 404 ll.

3413 349 3520 417 482

294 466 626 528 ὀκτακοσίοις
671 463 765 528 οὒς
803 461 941 534 εἶχε,
992 462 1332 533 φραξάμενοι
1380 463 1614 532 ἀνῆλθον
1666 463 1748 526 είς
1782 462 1848 516 τὰ

1957 461 2266 532 ﬁgebantur
2295 483 2306 516 :
2334 460 2491 531 quasi
2522 459 2702 515 insula
2725 459 2796 515 ab
2819 474 2886 516 eo
2911 469 3062 516 certo
3085 461 3195 531 jam
3223 466 3514 534 acquisita.

297 563 464 630 τείχη.
495 559 567 620 ὡς
595 555 965 625 ἀμυνούμενοι
1011 554 1234 607 ἐπιόντα
1261 553 1510 622 βασιλέα.
1557 553 1698 622 ΙἪδη
1743 552 1872 621 γάρπ

299 652 603 706 ἀνθίσταντο
669 645 992 714 ἀναφανδόν.
1056 646 1164 697 Καὶ
1234 643 1356 696 οὐδὲ
1430 643 1673 713 σημαίας
1754 641 1854 705 τὰς

301 741 568 814 βασιλικὰς
607 739 850 807 ἠξίωσαν
895 737 1191 804 ἀναγαγεῖν
1223 736 1315 788 ἐπὶ
1353 737 1423 788 τὰ
1457 735 1633 806 τείχη,
1662 734 1852 804 ὥσπερ

299 833 360 905 ἦν
406 834 544 897 εθος,
596 831 736 885 ἀλλὰ
792 829 889 892 τὰς
946 826 1226 896 Μαρτίνου
1264 825 1451 894 μόνας,
1492 825 1567 888 ώς
1621 825 1853 894 βεϐαίως

299 929 391 997 ἤδη
421 925 516 994 τῆς
569 923 738 991 νήσου
797 919 1092 990 ἐχομένης.
1139 917 1446 980 Καλόθετος
1491 917 1536 970 δ’
1582 917 1699 986 ἅμα
1742 919 1854 979 τοῖς

239 1078 251 1086 ,
300 1018 423 1085 περὶ
460 1014 642 1075 αὐτὸν,
676 1013 863 1074 ὅπλοις
906 1011 1006 1080 μὲν
1060 1010 1160 1063 οὐκ
1209 1009 1454 1078 ἐτόλμων
1498 1008 1737 1078 χρῆσθαι
1775 1007 1853 1076 τῷ

295 1109 396 1160 δέει
439 1105 546 1159 τῶν
588 1104 875 1158 Λατίνων·
917 1098 1432 1169 παρεσκευασμένοι
1486 1099 1544 1152 δὲ
1581 1094 1726 1168 ἦσαν
1775 1097 1851 1160 ὡς

301 1197 670 1264 ἐπιθησόμενοι
699 1195 907 1256 αὐτοῖς,
945 1193 1168 1263 ἐπειδὰν
1199 1193 1227 1244 ὁ
1265 1191 1519 1259 βασιλεὺς
1560 1193 1641 1253 τίς
1681 1207 1855 1260 τειχο-

302 1290 486 1359 μαχίαν
511 1288 783 1355 καταστῇ.
810 1285 1087 1353 Μαρτῖνος
1117 1283 1216 1352 μὲν
1249 1276 1341 1334 οὖν
1362 1279 1507 1334 οὕτω
1539 1283 1652 1343 τοῖς
1684 1280 1851 1332 ὀκτα-

299 1379 485 1446 κοσίρις
528 1375 826 1439 πεποιθὼς,
858 1373 1220 1442 ἀντικατέστη
1279 1373 1419 1442 πρὸς
1477 1371 1577 1441 τὴν
1641 1372 1846 1440 μάχην.

301 1467 544 1529 Βασιλεὺς
581 1467 638 1519 δὲ
691 1467 757 1535 τῇ
788 1466 936 1534 νήσῳ
993 1463 1069 1525 ὡς
1115 1464 1438 1532 προσέσχεν,
1481 1461 1754 1515 ἀπόϐασιν
1789 1477 1848 1512 τε

303 1560 546 1622 ἐποιεῖτο,
595 1557 692 1624 τῆς
722 1554 831 1624 γῆς
893 1555 1052 1618 εὐθὺς
1103 1552 1344 1622 κρατῶν,
1397 1552 1492 1606 καὶ
1539 1553 1636 1623 τὴν
1686 1553 1849 1606 ἵππον

303 1651 498 1718 ὲξάγων
571 1646 1015 1716 παρεσκευάζετο
1088 1646 1224 1713 πρὸς
1298 1645 1398 1716 τὴν
1465 1645 1846 1715 τειχομαχίαν.

303 1733 564 1796 Μπενέτος
610 1734 666 1787 δὲ
713 1734 743 1786 ὁ
789 1730 1068 1802 Μαρτίνου
1109 1731 1339 1802 ἀδελφδς
1376 1731 1634 1801 φρούριόν
1668 1749 1722 1784 τι
1752 1732 1847 1785 καὶ

303 1825 448 1887 αὐτὸς
514 1824 765 1892 κατέχων
835 1824 897 1876 οὐ
980 1824 1200 1894 μακρὰν
1259 1825 1360 1893 τῆς
1419 1824 1590 1892 ἄλλης
1638 1823 1848 1886 πόλεως
1883 1803 1924 1857 Β

298 1913 721 1986 ᾠκοδομημένον,
780 1913 900 1967 ἀλλ’
957 1915 1083 1969 ὅσον
1133 1915 1227 1985 ἀφ’
1269 1917 1532 1985 ἑκατέρου
1597 1916 1736 1984 πρὸς
1786 1916 1847 1968 τὸ

299 2008 467 2077 ἕτερον
511 2005 647 2076 λίθῳ
690 2005 880 2074 σχεδὸν
921 2007 1270 2073 ἐξικνεῖσθαι,
1295 2008 1629 2079 ἐνεχείρισεν
1674 2007 1848 2062 ἐλθὼν

299 2095 366 2165 τῷ
402 2095 622 2165 βασιλεῖ,
661 2094 832 2148 πολλὰ
873 2093 970 2147 τοῦ
1005 2095 1239 2164 ἀδελφοῦ
1289 2097 1620 2166 κατηγορῶν
1646 2098 1721 2161 ὡς
1751 2097 1846 2150 καὶ

297 2182 481 2250 ἀνόητα
513 2181 608 2235 καὶ
636 2181 798 2236 ἄδικα
825 2181 1092 2250 πράττειν
1130 2182 1435 2249 ἐγνωκότος
1465 2201 1478 2213 ·
1512 2184 1674 2238 τοῦτο
1719 2185 1842 2254 μὲν,

292 2273 337 2324 εί
374 2274 504 2341 πρὸς
548 2273 821 2340 τοσαύτην
863 2272 1097 2342 δύναμιν
1144 2273 1497 2344 ἀντισχήσειν
1525 2275 1723 2346 ἧλπισε
1768 2276 1845 2348 μὴ

292 2362 445 2424 αὐτὸς
473 2363 530 2428 ἑξ
561 2363 688 2434 ῐσης
739 2362 1065 2432 ὁρμώμενος
1099 2367 1457 2434 παρασκευῆς
1483 2383 1497 2400 ο
1531 2369 1749 2422 ἀδικίαν
1785 2369 1844 2423 δὲ

297 2451 688 2518 κατεγίνωσκεν
721 2450 912 2517 αὑτοῦ,
945 2453 994 2504 εί
1023 2451 1194 2504 πολλὰ
1224 2453 1360 2523 πρὸς
1387 2453 1652 2523 βασιλέως
1689 2458 1848 2527 εὐερ-

293 2544 552 2613 γετηθεὶς,
588 2544 722 2597 Χίον
751 2543 1000 2613 διενοήθη
1043 2544 1210 2597 αὑτοῦ
1250 2545 1648 2616 ἀποστερῆσαι.
1687 2547 1844 2600 Βασι-

291 2632 407 2696 λεὺς
456 2633 554 2702 μὲν
603 2633 698 2686 οὖν
757 2635 836 2692 είς
880 2632 942 2685 τὸ
985 2634 1246 2704 φρούριον
1292 2637 1528 2705 εἰσῆλθε,
1563 2637 1844 2691 Μπενέτον

292 2724 379 2787 τῆς
402 2725 480 2786 είς
518 2725 681 2777 αὐτὸν
715 2724 929 2788 εὐνοίας
975 2724 1298 2788 ἐπαινέσας.
1332 2727 1441 2778 Καὶ
1473 2728 1611 2794 μετὰ
1649 2730 1845 2797 μικρὸν

290 2814 510 2878 ἐξελθὼν
537 2815 815 2884 διεκόσμει
840 2815 939 2888 τὴν
970 2816 1234 2887 στρατιὰν
1264 2816 1339 2878 ὡς
1371 2818 1429 2879 ἐς
1458 2819 1839 2888 τειχομαχίαν.

288 2906 550 2975 Μαρτίνος
597 2907 656 2960 δὲ
716 2907 851 2976 πρός
901 2923 959 2959 τε
999 2907 1096 2976 τὴν
1129 2908 1417 2978 βασιλέως¹
1443 2911 1704 2976 στρατιὰν
1739 2911 1842 2980 ἥδη

287 2996 470 3046 ἑαυτὸν
525 2996 623 3047 ούκ
666 2994 970 3064 ἀξιόμαχον
1007 2994 1172 3064 δρῶν,
1199 2994 1265 3047 ἐκ
1302 3011 1360 3045 τε
1406 2995 1514 3047 τῶν
1541 2996 1691 3049 Χίων
1719 2999 1842 3049 ἐπι-

283 3082 500 3150 κουρίαν
553 3082 812 3150 οὐδεμίαν
870 3081 1188 3151 προσδοκῶν
1267 3081 1356 3134 διά
1410 3081 1472 3134 τὸ
1527 3083 1625 3151 οὐχ
1676 3077 1846 3154 ἧσσον

285 3172 446 3224 αὐτοῦ
482 3173 852 3241 ἀφεστηκέναι
881 3175 1002 3235 ταῖς
1031 3171 1284 3240 γνώμαις
1313 3171 1344 3241 ἢ
1379 3172 1502 3225 καθ’
1543 3174 1669 3226 ὅσον
1698 3171 1845 3228 εὖνοι

284 3257 421 3330 ἦσαν
451 3261 658 3331 βασιλεῖ
694 3260 1137 3322 ὑπωπτευκέναι,
1166 3260 1342 3322 ἄλλως
1362 3275 1422 3312 τε
1453 3260 1546 3311 καὶ
1562 3260 1846 3313 Μπενέτου

287 3354 796 3424 προσχωρήσαντος,
828 3352 922 3406 καὶ
953 3351 1014 3404 τὸ
1041 3351 1304 3420 φρούριον
1327 3350 1663 3420 παραδόντος
1686 3351 1714 3403 δ
1747 3351 1847 3404 οὐκ

288 3445 498 3497 ἔλαττον
536 3443 769 3512 ἠδύνατο
813 3441 1206 3511 ἀποτειχισμοῦ
1237 3439 1380 3493 οὕτω
1433 3441 1659 3512 πλησίον
1704 3442 1848 3512 ᾠκο-

286 3533 603 3603 δομημένον,
637 3533 883 3600 σφοδρῶς
923 3548 983 3584 τε
1019 3518 1352 3600 ἐθορυϐεῖτο,
1381 3533 1478 3586 καὶ
1509 3534 1607 3595 τὰς
1643 3532 1849 3598 σωζού-

287 3641 379 3688 σας
439 3625 819 3692 ἀπεγίνωσκεν
864 3623 1107 3686 ἱλπίδας.
1138 3623 1296 3676 Ἐπεὶ
1325 3623 1382 3676 δὲ
1415 3623 1484 3677 τά
1533 3641 1592 3678 τε
1645 3627 1847 3694 σημεῖα

287 3716 376 3785 ήδη
413 3716 573 3785 ᾔρετο
611 3718 709 3769 καὶ
739 3710 910 3784 ἦρχον
948 3715 1126 3786 μάχης
1159 3717 1208 3768 οί
1235 3715 1524 3784 Ῥωμαῖοι,
1548 3715 1848 3785 πρεσϐείαν

287 3808 502 3875 πέμψας
556 3809 586 3860 ὸ
642 3809 940 3876 Μαρτῖνος,
971 3808 1141 3860 ἐδεῖτο
1199 3808 1466 3879 βασιλέως
1517 3808 1848 3878 συγγνώμης

285 3901 482 3966 τυχεῖν,
515 3898 610 3950 καὶ⁵
645 3897 782 3964 πρὸς
823 3896 1130 3966 συμϐάσεις
1159 3899 1408 3967 χωρῆσαι
1439 3897 1558 3960 οἵας
1605 3896 1672 3950 ἂν
1715 3898 1845 3968 δοκῇ

289 3987 510 4055 βασιλεῖ.
541 3987 808 4050 Βασιλεὺς
852 3989 909 4040 δὲ
958 3986 1250 4041 ἀπεώσατό
1287 4004 1348 4041 τε
1394 3988 1492 4059 τὴν
1527 3988 1844 4058 πρεσϐείαν,

287 4080 370 4131 καὶ
399 4080 506 4131 οὒκ
538 4079 747 4148 ἔφασκε
778 4079 888 4131 δεῖν
924 4080 1022 4148 τῆς
1055 4080 1316 4148 στρατιᾶς
1348 4079 1483 4148 πρὸς
1529 4080 1627 4148 τὴν
1667 4080 1848 4150 μάχην

289 4171 800 4240 παρατεταγμένης,
867 4169 1219 4239 διαλέγεσθαι
1295 4171 1423 4240 περὶ
1502 4171 1846 4240 συμϐάσεων.

290 4261 550 4331 Πρότερον
599 4263 709 4329 γὰρ
756 4261 908 4328 αὐτῷ
937 4259 1068 4331 ἐξῆν
1114 4264 1248 4332 πρὶν
1283 4262 1472 4315 ὶνθάδε
1501 4263 1680 4332 ἥκειν,
1714 4279 1846 4330 συγ-

288 4353 503 4422 γνώμην
539 4369 596 4403 τε
625 4353 820 4416 αἰτεῖν,
849 4353 943 4405 καὶ
983 4353 1221 4415 σπονδὰς
1261 4352 1506 4407 τίθεσθαι
1535 4355 1844 4424 εἰρηνικὰς,

1955 563 2010 607 ct
2055 551 2328 622 mancipio
2374 550 2598 606 obtenta
2644 559 2809 606 esset.
2851 549 3146 606 Calotheus
3201 567 3324 607 cum
3357 557 3512 627 231

1957 641 2073 694 suis
2119 641 2441 696 Latinorum
2493 650 2638 695 metu
2694 643 2969 712 corripere
3020 659 3170 698 arma
3217 645 3362 700 ultro
3406 662 3518 703 non

1956 732 2258 799 audebant,
2284 734 2377 790 sed
2407 735 2474 789 ad
2513 750 2736 805 operam
2767 737 3154 805 praestandam,
3174 738 3266 793 ubi
3290 740 3522 808 impera-

1956 832 2043 878 tor
2071 840 2392 896 Oppugnare
2424 828 2613 882 urbem
2643 829 2921 897 ccepisset,
2955 830 3128 898 parati
3164 839 3339 885 erant.
3380 831 3520 884 Mar-

1959 918 2108 972 tinus
2145 919 2478 990 octingentis
2517 922 2626 976 illis
2654 921 2914 980 confisus.
2944 937 3001 975 se
3034 921 3327 977 defendere
3363 923 3520 991 insti-

1955 1010 2163 1063 tuebat.
2188 1010 2492 1078 Imperator
2509 1011 2574 1065 ad
2592 1013 2748 1066 littus
2771 1013 3056 1081 appulsus,
3086 1021 3141 1066 et
3159 1015 3518 1068 exscensione

1953 1098 2118 1164 facta,
2163 1109 2309 1155 terra
2357 1103 2543 1156 statim
2578 1103 2806 1171 potitus,
2859 1103 3130 1172 producto
3166 1106 3417 1173 equitatu
3448 1106 3519 1159 ad

1951 1191 2415 1260 oppugnationem
2461 1194 2872 1263 accingebatur.
2919 1194 3250 1249 Benedictus
3297 1197 3518 1252 Martini

1952 1294 2248 1341 germanus
2287 1283 2571 1336 castellum
2603 1284 2753 1352 jactu
2795 1285 2994 1354 lapidis
3026 1285 3094 1339 ab
3127 1286 3328 1355 oppido
3356 1287 3518 1342 dissi-

1955 1379 2070 1424 tum
2111 1384 2302 1426 tenens
2346 1373 2517 1436 venit,
2571 1375 2814 1444 illudque
2863 1376 3179 1444 imperatori
3231 1379 3416 1444 tradit,
3460 1389 3517 1434 et

1951 1459 2180 1515 fratrem
2221 1471 2282 1515 ut
2334 1461 2603 1531 injustam
2642 1478 2706 1518 ac
2735 1463 2993 1518 stolidum
3027 1477 3249 1519 accusat
3274 1508 3288 1532 ,
3312 1468 3356 1520 si
3386 1468 3512 1537 qui-

1951 1551 2073 1605 dem
2117 1562 2382 1622 apparatu
2426 1555 2600 1609 multo
2645 1555 2896 1619 inferior,
2948 1557 3114 1611 tantis
3161 1559 3336 1628 copiis
3379 1561 3518 1616 resi-

1950 1652 2098 1696 stere
2126 1657 2186 1697 se
2228 1658 2392 1713 posse
2421 1646 2774 1715 speravisset,
2806 1656 2861 1702 et
2884 1648 3136 1715 pluribus
3177 1649 3244 1702 ab
3278 1650 3517 1717 impera-

1952 1739 2071 1788 tore
2123 1733 2403 1789 beneficiis
2463 1736 2776 1806 obligatus,
2841 1736 2982 1792 Chio
3040 1740 3216 1807 ipsum
3279 1740 3516 1809 spoliare

1949 1825 2244 1882 meditatus
2287 1836 2453 1882 esset.
2511 1829 2818 1898 Imperator
2851 1831 3134 1885 castellum
3181 1833 3512 1901 ingreditur,

1949 1917 2310 1974 Benedictum
2338 1921 2406 1975 de
2447 1920 2628 1976 ofﬁcio
2663 1923 3009 1975 commendat
3044 1941 3058 1976 :
3089 1923 3357 1992 oauloqne
3390 1940 3516 1996 post

1949 2012 2251 2066 exercitum
2305 2011 2372 2066 ad
2425 2013 2843 2083 oppugnandam
2897 2016 3088 2072 urbem
3148 2019 3390 2084 ordinat,
3449 2037 3516 2076 ac

1949 2101 2215 2170 disponit.
2259 2102 2532 2157 Martinus
2556 2105 2668 2174 jam
2719 2116 2778 2158 se
2816 2102 2894 2159 illi
2923 2105 3185 2176 imparem
3221 2110 3514 2179 aspiciens,

1948 2200 2004 2246 et
2046 2193 2255 2256 nullum
2295 2210 2335 2258 ,α
2384 2193 2538 2250 Cliiis
2585 2194 2895 2250 subsidium
2949 2209 3316 2267 exspectans.
3368 2202 3514 2272 quod

1946 2298 2137 2338 eorum
2169 2284 2385 2339 animos
2436 2299 2546 2338 non
2593 2285 2777 2340 minus
2809 2301 2838 2340 a
2882 2299 2942 2342 se
2989 2302 3233 2353 aversos,
3261 2305 3425 2360 quam
3458 2292 3514 2346 in

1948 2375 2356 2444 imperatorem
2393 2390 2688 2430 conversos
2737 2377 3100 2446 coniectabat,
3162 2395 3289 2434 cum
3346 2382 3512 2436 etiam

1945 2466 2275 2521 Benedictus
2308 2466 2589 2522 deditione
2631 2468 2842 2522 castelli
2886 2468 3028 2524 facta
3075 2472 3244 2541 (quod
3289 2473 3512 2542 quidem

1947 2572 2106 2612 muro
2149 2558 2336 2612 valido
2375 2559 2618 2614 cinctum
2665 2571 2720 2615 et
2764 2561 3068 2628 firmatum,
3113 2563 3350 2633 urbique
3383 2565 3518 2621 vici-

1945 2664 2102 2714 num,
2129 2664 2284 2719 aeque
2315 2651 2571 2705 resistere
2605 2653 2865 2720 poterat),
2898 2653 3016 2724 ejus
3056 2653 3180 2708 ﬁdei
3229 2660 3515 2724 potestati-

1945 2754 2053 2810 que
2100 2754 2160 2795 se
2207 2740 2570 2810 permisisset,
2624 2743 2945 2799 medullitus
2995 2745 3379 2808 conturbatus,
3433 2747 3503 2801 de

1947 2844 2044 2900 spe
2097 2847 2210 2901 qua
2251 2847 2307 2887 se
2335 2832 2516 2886 adhuc
2544 2834 2951 2908 consolabatur,
2985 2835 3209 2890 decidit.
3240 2835 3375 2890 Cum
3409 2835 3518 2891 Bo~

1946 2922 2092 2974 mani
2129 2923 2239 2992 jam
2271 2923 2424 2992 signa
2469 2922 2756 2988 vellerent,
2785 2940 3137 2994 pugnamque
3170 2926 3511 2991 ordirentur,

1946 3011 2131 3066 missis
2163 3012 2358 3082 legatis
2386 3013 2656 3068 Martinus
2699 3014 2912 3068 veniam
2957 3017 3194 3083 precari,
3225 3027 3281 3072 et
3321 3020 3512 3087 pactis,

1947 3117 2070 3170 quae
2105 3103 2270 3157 vellet
2301 3103 2604 3172 imperator
2637 3119 2696 3160 se
2729 3115 3000 3160 staturum
3036 3107 3381 3174 promittere.
3422 3109 3516 3164 llle

1951 3191 2156 3261 legatos
2183 3193 2494 3261 repudiare,
2530 3207 2593 3247 ac
2623 3193 2831 3256 dicere,
2859 3201 3037 3248 stante
3063 3195 3174 3263 jam
3217 3196 3268 3248 in
3295 3198 3517 3265 procin-

1949 3291 2038 3337 ctu
2071 3283 2273 3344 milite,
2307 3284 2686 3353 importunum
2713 3299 2835 3339 esse
2856 3283 2921 3338 de
2952 3285 3128 3354 pactis
3158 3299 3342 3356 agere,
3371 3287 3517 3343 inte-

1948 3387 2106 3442 grum
2136 3373 2186 3427 ei
2218 3374 2385 3428 fuisse
2412 3384 2706 3444 antequam
2748 3375 2857 3430 huc
2885 3377 3060 3430 iretur
3082 3385 3139 3431 ct
3176 3379 3391 3432 veniam
3430 3394 3520 3434 ro-

1950 3475 2096 3531 gare,
2131 3470 2184 3514 et
2214 3463 2282 3516 de
2316 3479 2447 3531 pace
2477 3479 2662 3518 secum
2689 3465 3010 3519 convenire.
3049 3465 3210 3520 Nunc
3242 3467 3425 3522 facere
3457 3484 3516 3524 se

1949 3549 2096 3619 quod
2149 3551 2372 3616 liberet,
2426 3554 2648 3622 quando
2700 3555 2818 3623 ipse
2865 3570 2962 3609 sua
3021 3556 3196 3610 fretus
3245 3559 3512 3624 potentia,

1951 3647 2142 3692 contra
2191 3655 2248 3693 se
2287 3655 2440 3694 arma
2473 3656 2672 3711 capere
2719 3657 2831 3696 non
2877 3642 3205 3696 dubitasset.
3249 3643 3517 3698 Martinus

1949 3728 2098 3782 omni
2129 3731 2240 3799 jam
2273 3747 2369 3800 spe
2415 3731 2700 3800 deperdita
2735 3733 2932 3788 timens
2973 3748 3043 3786 ne
3077 3733 3304 3801 insuper
3352 3735 3515 3788 morti

1949 3819 2281 3885 dederetur,
2325 3822 2464 3877 urbe
2505 3837 2780 3892 egressus,
2833 3818 3037 3893 seque;
3096 3825 3516 3893 exercitumque

1949 3922 2105 3962 suum
2151 3909 2468 3978 imperatori
2504 3909 2798 3964 transdidit
2826 3948 2840 3963 .
2885 3911 3003 3964 Chii
3041 3911 3321 3965 hominem
3368 3926 3518 3966 nunc

1947 4004 2015 4058 ad
2061 4003 2261 4073 captivi
2303 4004 2578 4059 fortunam
2627 4005 2914 4060 redactum
2969 4014 3284 4070 cernentes,
3336 4004 3518 4058 insur-

1949 4109 2100 4165 gere,
2149 4106 2209 4150 ut
2239 4110 2364 4150 eum
2398 4107 2524 4150 ante
2568 4095 2760 4150 oculos
2790 4096 3138 4163 imperatoris
3183 4103 3513 4149 mactarent.

1948 4186 2019 4239 At
2080 4204 2310 4256 magnus
2351 4189 2691 4243 domesticus
2737 4203 2796 4242 se
2842 4188 3098 4257 pessimis
3153 4187 3332 4240 modis
3391 4187 3518 4242 illos

1949 4285 2304 4346 accepturum
2354 4280 2745 4342 comminatus,
2795 4277 2840 4332 si
2891 4277 3024 4346 quid
3071 4277 3122 4330 ei
3173 4278 3515 4342 nocuissent,

1947 4369 2135 4424 vivum
2211 4369 2658 4439 incolumemque
2733 4369 2995 4424 servavit.
3058 4369 3366 4437 Imperator
3448 4367 3516 4422 de

292 4442 374 4493 νῦν
399 4444 456 4496 δὲ
510 4431 659 4507 ὅπως
697 4443 763 4498 ἂν
809 4444 958 4514 αὐτῷ
998 4445 1130 4516 δοκῇ
1177 4446 1376 4504 ποιεῖν.
1431 4446 1557 4499 ἐπεὶ
1601 4449 1668 4517 τῇ
1710 4462 1842 4514 σφε-

1949 4459 2186 4514 amentia
2231 4431 2601 4530 obiurgatum,
2650 4460 2785 4515 nulli
2826 4459 3095 4528 supplicio
3126 4431 3377 4528 subjecit,
3421 4460 3517 4514 sed

289 4531 412 4602 τέρᾳ
459 4532 738 4596 πεποιθὼς
780 4534 1005 4605 δυνάμει
1037 4536 1180 4588 ὅπλα
1231 4535 1384 4605 αὐτῷ
1429 4535 1656 4606 ἀντῆρε.
1689 4537 1848 4590 Βασι-

289 4623 401 4687 lae;
444 4626 545 4695 μὲν
572 4623 667 4678 οὗν
690 4624 918 4679 τοιαῦτα
944 4621 1102 4678 εἷπε·
1131 4627 1406 4694 Μαρτϊνος
1437 4627 1494 4679 δὲ
1526 4628 1627 4697 ήδη
1664 4630 1848 4681 πᾶσαν

291 4713 465 4768 ἐλπίδα
513 4717 923 4787 περιῃρημένος
965 4718 1264 4785 σωτηρίας,
1299 4717 1484 4780 δείσας
1535 4718 1611 4789 μὴ
1647 4720 1742 4773 καὶ
1787 4718 1846 4770 τὸ

293 4803 382 4873 ζῇν
403 4807 754 4878 ἀφαιρεθείη,
793 4807 990 4860 ἑαυτὸν
1030 4806 1333 4876 ἐνεχείρισε
1373 4807 1584 4877 βασιλεῖ
1622 4809 1719 4863 καὶ
1747 4809 1846 4880 τὴν

292 4899 534 4963 στρατιὰν
583 4899 685 4967 τῆς
741 4898 951 4960 πόλεως
1009 4898 1268 4964 ἐξελθών.
1301 4901 1363 4952 Ol
1397 4901 1522 4952 Χῖοι
1572 4900 1630 4954 δὲ
1681 4901 1846 4954 αὐτὸν

290 4986 510 5054 δρῶντες
541 4991 643 5061 ήδη
682 4991 817 5058 πρὸς
853 4990 1204 5062 αἰχμαλώτου
1251 4992 1424 5063 τύχην
1470 4995 1842 5059 καταστάντα,

292 5075 543 5150 ὥρμησαν
587 5082 662 5145 ώς
703 5084 798 5134 ἐπὶ
843 5081 937 5135 τοῦ
971 5081 1238 5152 βασιλέως
1282 5084 1732 5150 ἀποκτενοῦντες.
1786 5087 1845 5139 ὐ

296 5169 456 5236 μέγας
479 5172 537 5225 δὲ
561 5173 886 5242 δομέστικος
917 5176 1224 5246 ἀπειλήσας
1245 5176 1446 5238 αὐτοὺς
1471 5176 1538 5229 τὰ
1557 5178 1844 5231 δεινότατα

292 5257 556 5330 ὅταθὴσειν
613 5264 666 5314 εἴ
713 5281 765 5317 τι
819 5265 1203 5335 νεωτερίζοιεν
1251 5268 1378 5335 περὶ
1423 5267 1606 5330 αὑτὸν,
1653 5269 1842 5337 ἀπαθῆ

292 5345 570 5420 διετήρησε
610 5354 823 5411 κακῶν.
870 5355 1136 5419 Βασιλεὺς
1169 5358 1226 5410 δὲ
1267 5358 1428 5409 αὑτὸν
1481 5359 1653 5412 πολλὰ
1679 5377 1846 5412 κατα-

297 5439 636 5510 μεμψάμενος
666 5444 764 5513 τῆς
792 5446 1072 5510 ἀϐουλίας,
1099 5447 1252 5516 ὅμως
1277 5447 1337 5500 οὐ
1386 5447 1641 5517 διέθηκεν
1679 5450 1843 5502 αὑτὸν

295 5533 486 5592 κακῶς,
516 5535 647 5588 ἀλλὰ
688 5537 786 5607 τὴν
833 5538 932 5606 μὲν
966 5541 1206 5606 γυναῖκα
1251 5539 1418 5592 αὐτοῦ
1448 5540 1705 5594 ἐκέλευσε
1748 5542 1843 5594 καὶ

297 5624 502 5688 παῖδας,
538 5626 694 5682 ἔτιδὲ
739 5632 836 5684 ml.
863 5632 1259 5701 θεραπαινίδας
1301 5633 1425 5686 ὅσαι
1464 5629 1628 5703 ἦσαν,
1674 5637 1846 5697 αὐτ-ὰς

239 5759 264 5776 ,
299 5712 391 5778 μὲν
433 5719 890 5790 ἐπιφορτίσασθαι
933 5725 1058 5780 ὅσον
1104 5725 1299 5780 ἁνῦσαι
1345 5726 1570 5781 δυνατὸν
1616 5730 1679 5782 ἐκ
1737 5731 1846 5784 τῶν

1949 4566 2196 4615 uxorem,
2231 4552 2458 4618 liberos,
2490 4561 2546 4608 et
2575 4553 2805 4606 famulas
2832 4560 3106 4622 quotquot
3138 4559 3297 4605 erant
3327 4551 3519 4607 tollere

1942 4639 2106 4710 jussit
2137 4651 2403 4710 quantum
2435 4641 2577 4695 ferre
2605 4641 2766 4711 232
2795 4653 3019 4710 possent
3051 4643 3118 4697 de
3154 4643 3302 4696 illius
3329 4643 3516 4708 rebus,

1946 4733 2294 4800 pretiosaque
2347 4731 2729 4800 supellectile:
2762 4732 2998 4786 famulos
3057 4743 3241 4786 autem
3291 4735 3516 4796 toralia,

1947 4829 2177 4890 tapetes,
2218 4837 2281 4877 ac
2325 4823 2534 4892 reliqua
2569 4822 2755 4877 omnia
2801 4823 2868 4876 ad
2917 4832 3244 4877 nocturnam
3276 4825 3517 4893 quietem

1947 4911 2232 4983 requisita,
2281 4921 2334 4967 et
2384 4913 2522 4968 Chio
2572 4913 2902 4969 excedentes
2957 4914 3059 4977 ire,
3109 4928 3220 4983 quo
3267 4913 3521 4967 voluntas

1947 5003 2194 5068 duceret,
2231 5001 2528 5059 Martinum
2575 5013 2757 5059 autem
2789 5005 2844 5059 in
2872 5004 3090 5059 vincula
3124 5003 3270 5057 duci.
3303 5001 3370 5055 Et
3401 5003 3519 5057 haec

1946 5094 2167 5166 quidem
2224 5095 2330 5150 hoc
2374 5095 2538 5150 modo
2565 5106 2780 5167 patrata
2827 5105 2976 5163 sunt,
3011 5113 3075 5152 ac
3117 5095 3289 5150 ferme
3332 5095 3517 5148 omnia

1947 5204 2068 5256 qua:
2097 5187 2360 5243 Martinus
2385 5188 2646 5252 habebat,
2678 5188 2941 5243 ministra:
2990 5196 3045 5242 et
3070 5202 3208 5240 uxor
3242 5187 3294 5238 in
3321 5183 3516 5236 hume-

1947 5292 2038 5330 ros
2088 5279 2298 5331 sublata
2353 5280 2695 5333 extulerunt.
2746 5279 3100 5347 Oetingcntos
3149 5285 3331 5328 autem
3370 5273 3512 5333 illos,

1948 5367 2040 5437 qui
2066 5368 2245 5422 cidem
2282 5370 2611 5433 militabant,
2642 5371 2798 5424 venia
2821 5382 2876 5422 et
2909 5371 3229 5438 impunitate
3258 5367 3517 5434 dignatus

1948 5468 2069 5525 est;
2120 5461 2213 5514 tali
2270 5463 2491 5529 optione
2543 5464 2690 5524 data,
2747 5467 2807 5512 ut
2859 5460 2951 5527 qui
3007 5459 3228 5522 vellent,
3279 5473 3402 5512 cum
3458 5473 3517 5510 re

1950 5549 2206 5604 familiari
2255 5567 2351 5605 sua
2384 5551 2559 5606 libere
2607 5551 2785 5604 insula
2822 5550 3228 5620 demigrarent;
3264 5549 3356 5620 qui
3403 5565 3518 5602 ma-

1949 5657 2081 5695 nere
2114 5642 2358 5709 mallent,
2381 5642 2449 5695 iis
2475 5658 2634 5697 nemo
2656 5649 2803 5697 esset
2826 5642 3106 5704 molestus,
3139 5651 3193 5695 et
3227 5643 3518 5712 imperato-

1950 5733 2030 5787 ris
2075 5732 2326 5788 militiam
2387 5732 2641 5789 rrercede
2698 5733 3017 5789 tolerarent.
3068 5734 3265 5790 Paucis
3315 5734 3515 5790 Chium
