4010 6190
437 1139 441 1144 ,
537 1088 728 1134 contra
755 1075 1047 1132 IIartinum
1083 1076 1222 1130 nihil
1257 1076 1647 1139 contulissent,
1687 1087 1864 1131 tamen
1897 1077 1943 1130 is
1975 1085 2095 1131 erat

459 3663 470 3679 ε
537 3601 841 3666 debuisset,
878 3600 949 3654 ab
988 3600 1079 3654 illo
1110 3609 1315 3665 autem,
1359 3602 1450 3671 qui
1501 3602 1736 3656 insulam
1771 3601 1876 3656 sibi
1912 3599 2102 3655 vendi-

525 338 637 402 ‘483
1699 338 2026 400 JOANNIS
2065 333 2593 398 CANTACUZENI
3613 337 3698 401 iiii

527 443 934 508 deserentibus,
964 444 1148 498 caeteri
1173 458 1364 499 omnes
1393 453 1488 498 aut
1515 444 1719 500 ibidem
1749 460 1854 499 aera
1880 460 2090 499 merere

2198 444 2394 513 ἐκείνῳ
2425 442 2738 512 προσόντων
2765 437 3061 511 χρημάτων
3084 439 3156 493 ’τε
3188 440 3282 492 καὶ
3313 439 3480 496 ἄλλων
3495 443 3701 500 ἐπίπλων

529 544 942 610 perrexerunt,
991 542 1085 589 aut
1142 535 1197 589 in
1252 534 1535 591 ministros
1582 538 1700 605 ejus
1756 536 2093 590 domesticos

2197 537 2290 590 aut".
2321 535 2534 588 σκευῶν
2571 531 2895 597 πολυτελῶν,
2924 532 3050 591 τοὺς
3091 531 3150 584 δέ
3183 532 3420 596 δούλους,
3447 535 3705 604 στρώματά

530 629 684 682 relati
723 635 870 681 sunt.
904 625 1018 680 Hac
1045 627 1254 680 ratione
1283 625 1453 682 Chius
1491 627 1543 680 in
1577 627 1954 680 Romanorum
2000 627 2091 695 jus

2197 645 2253 681 τε
2282 629 2376 681 καὶ
2404 629 2652 698 τάπητας
2684 623 2836 694 ἆραι,
2871 627 2966 678 καὶ
2993 625 3126 679 ἀλλα
3155 627 3257 678 ὅσα
3295 626 3560 695 ἐπιτήδεια
3597 628 3706 696 πρὸς

532 718 976 786 mancipiumque
1018 715 1202 771 rediit.
1247 717 1549 784 Imperator
1579 716 1780 770 deinde
1828 725 1883 770 et
1924 715 2095 769 Bene-

2197 719 2254 772 τὸ
2316 700 2752 786 καθεύδειν-τῆς
2811 717 3022 780 νυκτὸς.
3075 715 3170 769 καὶ
3231 715 3533 780 ἐξελθόντας
3575 719 3703 783 Χίον,

533 809 685 864 dicto
715 825 814 879 pro
851 819 1041 863 navata
1075 807 1454 862 benevolentia
1514 822 1578 860 ac
1615 818 1862 876 prompta
1899 808 2093 859 volun-

2197 808 2524 879 πορεύεσθαι
2575 810 2696 862 ὅποι
2750 809 2816 860 ἂν
2868 810 3023 879 δοκῇ,
3052 809 3330 878 Μαρτίνον
3372 809 3428 862 δὲ
3460 810 3706 863 ίικέλευσεν

536 908 667 964 tate,
698 908 752 952 et
793 897 1052 952 Chiorum
1097 896 1440 966 principibus
1515 898 1824 965 populoque
1864 896 2088 966 gratiam

2197 901 2500 971 εἱρχθῆναι.
2535 901 2644 954 Καὶ
2677 899 2836 953 τοῦτο
2870 901 2971 968 μὲν
3010 898 3200 951 τοῦτον
3235 899 3478 969 ἐπράχθη
3509 899 3589 952 τὸν
3610 901 3710 968 τρό-

537 989 761 1058 repenili
785 1003 1001 1056 aequum
1021 987 1308 1056 judicavit.
1333 985 1437 1052 Qui
1462 1002 1772 1056 quanquam
1801 987 1866 1040 ad
1893 987 2091 1041 bellum

2197 1007 2319 1052 πον,
2351 990 2446 1042 καὶ
2473 989 2662 1059 σχεδὸν
2690 991 2788 1043 ὅσα
2821 989 3084 1060 Μαρτίνῳ
3111 984 3251 1059 ἦσαν
3287 990 3344 1041 al
3375 987 3709 1057 θεραπαινίδες

2194 1083 2312 1151 ἅμα
2340 1085 2563 1149 γυναικὶ
2585 1081 3037 1152 ἐπεφορτίσαντο.
3065 1080 3206 1142 Τοὺς
3235 1078 3487 1142 συνόντας
3519 1080 3569 1133 δὲ
3587 1080 3711 1150 αὐτῷ

2193 1173 2571 1237 ὀκτακοσίους,
2615 1170 2948 1241 συγγνώμης
3009 1187 3067 1224 τε
3121 1171 3359 1240 ἠξίωσεν
3402 1171 3430 1222 ό
3473 1169 3707 1239 βασιλεὺς,

2194 1266 2461 1335 ἀδικήσας
2521 1263 2722 1335 μηδέν·
2777 1267 2874 1318 καὶ¹
2935 1262 3250 1331 προῦθηκεν
3307 1262 3511 1332 αἵρεσιν
3559 1261 3711 1322 αὐτοῖς

2194 1353 2473 1421 τοιαύτην,
2539 1352 2678 1405 ὥστε
2723 1353 2836 1415 τοῖς
2873 1367 2933 1404 τε
2969 1349 3322 1420 βουλομένοις
3368 1349 3434 1402 τὰ
3451 1349 3594 1400 ’ὐντα
3639 1347 3713 1399 λα-

2192 1443 2386 1506 ϐόντας
2419 1443 2618 1508 ἐξεῖναι
2649 1443 2956 1511 ἀναχωρεῖν
2983 1458 2996 1470 ·
3031 1443 3144 1504 τοίς
3180 1456 3242 1493 τε
3285 1439 3463 1508 μένειν
3497 1438 3709 1490 ἐθέλουσι

534 1183 724 1224 eorum
767 1183 964 1222 sensus
995 1176 1157 1237 atque
1200 1167 1434 1233 animus,
1482 1178 1540 1222 ut
1585 1171 1912 1225 necessitate
1943 1170 2094 1240 flagi-

536 1267 707 1321 tante,
758 1274 977 1313 omnem
1041 1273 1266 1327 operam
1316 1260 1382 1313 ad
1439 1260 1822 1328 imperatorem
1870 1269 2093 1314 strenue

531 1350 897 1420 adjuvandum
941 1340 1193 1404 colla'turi
1233 1349 1462 1405 fuerint.
1503 1351 1684 1418 Quare
1723 1359 1782 1405 et
1839 1350 2096 1406 Calothe—

534 1450 748 1504 tum,et
774 1441 1082 1509 genusejus
1111 1448 1224 1494 tum
1243 1440 1312 1496 iis
1340 1457 1460 1511 quae
1483 1442 1625 1510 apud
1655 1441 2093 1511 Didymoticbum

532 1532 603 1586 de
635 1530 773 1586 Chio
803 1530 1148 1585 clandestino
1176 1546 1361 1586 secum
1411 1531 1703 1586 disserenti
1744 1533 2091 1597 promiserat,

2199 1535 2403 1605 μηδένα
2466 1533 2747 1601 ἐνοχλεῖν·
2795 1531 2929 1585 ἀλλά
2987 1530 3090 1600 τὴν
3144 1529 3482 1598 μισθοφορὰν
3530 1525 3711 1595 λαμϐἀο

533 1635 652 1677 tum
713 1621 836 1676 aliis
897 1631 1163 1690 praeterea
1217 1622 1469 1690 pluribus
1532 1632 1910 1677 remuneratus
1963 1633 2090 1688 est;

2197 1641 2408 1691 νοντας,
2449 1623 2722 1678 δουλεύειν
2760 1622 2994 1691 βασιλεῖ.
3021 1621 3228 1688 Ὀλίγοι
3277 1622 3376 1690 μὲν
3404 1614 3494 1672 οὖν
3526 1617 3713 1670 ἐκείνων

532 1722 698 1782 atque
718 1712 858 1768 alios
879 1711 1044 1768 donis
1061 1697 1121 1768 et
1150 1712 1455 1767 honoribus
1479 1712 1650 1777 auxit,
1682 1713 1938 1782 populum
1961 1728 2093 1768 vero

2197 1715 2421 1784 ἀπῆραν
2467 1716 2533 1767 ἐκ
2574 1715 2674 1780 τῆς
2702 1712 2860 1776 Χίου,
2889 1712 2939 1764 οἱ
2977 1711 3158 1764 λοιποὶ
3187 1712 3269 1776 δὲ,
3304 1710 3354 1763 oi
3387 1711 3481 1778 μὲν
3529 1708 3715 1778 ἔμειναν

533 1805 867 1862 tributorum
925 1817 1127 1867 onere,
1187 1820 1298 1875 quo
1362 1805 1684 1867 gravissime
1739 1805 2095 1875 premebatur

2197 1804 2256 1856 ἐν
2291 1772 2406 1871 Χίῳ
2435 1800 2592 1864 αὖθις
2625 1772 3104 1870 μισθοφοροῦντες.
3137 1800 3188 1851 οἱ
3235 1772 3292 1850 δὲ
3353 1772 3460 1859 τοῖς
3491 1772 3716 1865 βασιλέως

529 1895 757 1952 levavit.
2202 1893 2694 1965 συνηριθμήθησαν
2757 1893 3019 1953 οἰκέταις.
3080 1891 3214 1954 Χίος
3272 1889 3372 1961 μὲν
3431 1885 3518 1941 οὖν
3569 1883 3715 1946 οὕτως

531 1984 690 2053 αὖθις
710 1989 934 2066 γέγονεν
963 1989 1068 2044 ὐπὸ
1091 1988 1385 2060 Ῥωμαίοις
1407 2007 1421 2020 ·
1485 1991 1740 2060 βασιλεὺς
1764 1991 1821 2045 δὲ
1879 1991 2163 2044 Μπενέτον
2200 2005 2260 2041 τε
2287 1988 2497 2041 δίκαιον
2523 1987 2738 2054 ἔκρινεν
2773 1984 3102 2052 ἀμείϐεσθαι
3128 1986 3228 2054 τῆς
3259 1983 3470 2045 εὐνοίας
3517 1980 3601 2034 καὶ
3639 1978 3720 2045 τῆς

533 2084 843 2156 προθυμίας
865 2085 966 2154 τῆς
993 2086 1074 2148 είς
1110 2083 1307 2137 αὐτόν’
1340 2085 1434 2138 καὶ
1463 2085 1572 2138 τῶν
1604 2085 1750 2139 Χίων
1810 2085 1942 2151 τοὺς
1998 2085 2258 2147 δυνατοὺς
2288 2085 2383 2136 καὶ
2441 2082 2532 2135 τὸν
2567 2081 2760 2152 δῆμον.
2797 2081 2861 2134 El
2891 2080 3000 2148 γὰρ
3066 2080 3164 2132 καὶ
3198 2077 3364 2148 μηδὲν
3396 2079 3474 2138 είς
3501 2075 3584 2126 τὸν
3605 2071 3720 2140 πρὸς

534 2176 812 2244 Μαρτῖνον
874 2177 1110 2244 πόλεμον
1164 2177 1490 2245 εἰσήνεγκαν
1544 2177 1717 2240 αὐτοὶ,
1775 2176 1915 2230 ἀλλά
1965 2179 2088 2238 ταῖς
2127 2176 2375 2244 γνώμαις
2434 2172 2608 2234 οὕτως
2652 2167 2794 2242 ἦσαν
2832 2170 3372 2240 παρεσκευασμένοι,
3429 2165 3501 2227 ὡς
3535 2163 3595 2235 ἢν
3620 2160 3717 2231 δέη,

534 2270 718 2322 πᾶσαν
765 2267 1160 2336 ἐπιδειξόμενοι
1203 2268 1441 2337 σπουδὴν
1478 2269 1571 2322 καὶ
1642 2271 1955 2340 προθυμίαν
2020 2269 2158 2338 ὑπὲρ
2200 2267 2488 2338 βασιλέως.
2529 2265 2618 2317 Διὸ
2653 2266 2749 2318 καὶ
2794 2263 3098 2317 Καλόθετον
3127 2264 3230 2332 μὲν
3269 2261 3362 2314 καὶ
3390 2260 3558 2331 γένος,
3589 2261 3648 2313 τά
3672 2274 3720 2309 τι

533 2361 594 2412 ἐν
643 2359 1010 2430 Διδυμοτείχῳ
1067 2362 1586 2431 προεπηγγελμένα,
1634 2363 1722 2415 ὅτε
1781 2362 1908 2431 περὶ
1988 2361 2120 2414 Χίου
2199 2362 2380 2430 κρύφα
2427 2357 2734 2427 διειλέχθη,
2791 2357 2883 2410 καὶ
2942 2355 3169 2429 προσέτι
3228 2353 3399 2409 πλείω
3447 2351 3717 2422 εὐηργέτει.

533 2454 645 2508 Καὶ
671 2455 798 2516 τοὺς
821 2454 1023 2527 κάλλους
1053 2456 1146 2508 καὶ
1171 2457 1361 2526 τιμαῖς
1396 2456 1655 2527 ἠμείϐετο
1695 2457 1787 2509 καὶ
1826 2457 2075 2527 δωρεαῖς.
2121 2453 2224 2507 Τὸν
2259 2454 2426 2524 δῆμον
2464 2452 2521 2506 δὲ
2555 2452 2663 2505 τῶν
2693 2450 2966 2522 δημοσίων
3028 2451 3234 2521 ἀνῆκεν
3298 2448 3575 2519 εἰσφορῶν,
3623 2447 3719 2498 ὅσαι

538 2548 776 2619 μάλιστα
812 2526 1048 2609 ἐπίεζον.

1961 2635 2182 2692 CAPUT
2223 2634 2339 2691 XII.

532 2735 836 2802 hnperator
872 2735 940 2788 ad
973 2734 1200 2802 gratiam
1231 2733 1509 2787 Benedicto
1536 2734 1884 2802 referendam,
1911 2732 2024 2786 Chii
2046 2732 2358 2802 prcefectura
2384 2727 2533 2802 illum
2565 2743 2760 2779 ornare
2778 2726 2912 2802 uult,
2935 2742 3052 2778 cum
3103 2726 3357 2779 reditibus
3399 2723 3716 2802 amplissimis.

631 2805 776 2858 lomo
802 2795 1015 2871 avarus,
1068 2812 1116 2856 et
1163 2805 1464 2856 ambitiosus
1512 2795 1677 2855 totam
1724 2805 1952 2855 insulam
1987 2795 2081 2868 pro
2119 2795 2320 2866 peculio
2349 2799 2503 2871 audet
2535 2807 2726 2871 patere.
2778 2795 3013 2871 Certatur
3044 2811 3163 2848 eum
3212 2810 3404 2871 sanare
3450 2796 3715 2871 imperator.

607 2874 781 2926 Datur
802 2863 1031 2942 spatium
1063 2874 1130 2925 ad
1158 2872 1570 2942 deliberandum.
1601 2872 1772 2942 Manet
1813 2875 1866 2924 in
1895 2863 2154 2942 sententia
2206 2863 2564 2942 pertinaciter2
2608 2865 2857 2942 Calatam
2901 2865 3309 2942 ti'iretttes_petit,
3342 2880 3473 2942 quas
3495 2863 3568 2942 illi
3593 2869 3718 2942 negat

607 2930 918 3010 imperator.
953 2942 1152 2995 Iterum
1174 2943 1405 3008 spatium
1436 2941 1759 3010 deliberandi
1787 2942 1969 3002 datur,
1998 2948 2046 2991 et
2074 2930 2506 3010 Benédictusyra
2537 2934 2682 3010 [aluo
2710 2935 2948 3010 habetur.
2979 2933 3267 3010 Consilium
3301 2930 3473 3010 magni
3491 2930 3718 3010 domestici

609 2996 920 3080 de'infamia
950 2996 1254 3078 imperatori
1283 3010 1593 3080 effugienda.
1634 3009 1676 3061 A
1724 2996 2033 3080 Latinorum
2073 3016 2328 3080 conventu
2381 2996 2689 3080 Benedictus
2733 3017 2828 3080 pro
2859 3005 3043 3080 insano
3073 2996 3405 3080 damnatur:
3421 3000 3629 3080 Honores
3651 2996 3716 3049 illi

607 3068 1165 3149 exqui'sitissinti,'_cunt
1199 3068 1695 3146 vigillti'aureorum
1735 3079 1969 3131 millibus
1999 3078 2376 3146 promittuntur
2403 3089 2418 3128 .'
2448 3075 2648 3141 spernit
2673 3068 2875 3124 omnia.
2904 3071 3250 3140 Imperatoris
3273 3071 3436 3123 virtus
3464 3068 3719 3123 laudatur:

604 3147 912 3204 Benedictus
949 3147 1201 3201 Galatam
1239 3149 1472 3215 navigat.

571 3239 578 3247 '
608 3239 943 3294 Accersitum
969 3251 1187 3306 quoque
1217 3237 1569 3293 Benedictum
1617 3237 1835 3292 Martini
1868 3236 2095 3292 fratrem

2268 3235 2548 3288 Μπένετον
2608 3233 2664 3286 δὲ
2732 3230 3254 3301 μετακαλεσάμενος
3322 3229 3414 3282 τὸν
3475 3227 3718 3298 Μαρτίνου

536 3330 904 3388 accusationis
943 3330 1220 3393 admonet,
1250 3344 1412 3397 quam
1444 3330 1492 3383 ei
1521 3329 1835 3400 Byzantium
1871 3328 2097 3384 veniens

2198 3327 2444 3395 ἀδελφὸν,
2499 3323 2877 3393 ἀνεμίμνησκὲ
2960 3339 3020 3374 τε
3101 3316 3180 3375 ὧν
3258 3320 3395 3391 πρὸς
3464 3319 3719 3381 Βυζάντιον

541 3422 856 3478 intenderat
887 3422 955 3476 de
983 3435 1075 3474 sex
1105 3435 1393 3475 aureorum
1426 3421 1686 3484 millibus,
1724 3437 1844 3490 quae
1877 3435 1975 3488 pro
2001 3434 2097 3489 pa-

2198 3417 2369 3472 ἐλθὼν
2410 3413 2776 3480 τοῦιάδελςροῦ
2825 3415 3149 3482 κατηγόρει,
3187 3415 3264 3476 ὡς
3295 3411 3611 3481 ἀποστεροίη
3640 3409 3722 3476 μὲν

2197 3509 2310 3564 τῶν
2340 3508 2725 3577 ἑξακισχιλίων
2769 3508 3034 3575 χρυσίων,
3067 3505 3103 3559 ἃ
3149 3505 3432 3576 προσῆκεν
3472 3501 3606 3570 αὐτῷ
3635 3500 3723 3551 ἀπὸ

2197 3601 2306 3654 τῶν
2391 3598 2666 3669 δημοσίων
2725 3596 3005 3665 προσόδων
3078 3597 3180 3665 τῆς
3248 3597 3383 3650 Χίου
3442 3593 3720 3663 λαμϐάνειν,

2199 3693 2363 3752 αὐτὸς
2439 3691 2497 3743 δὲ
2578 3689 2677 3760 τὴν
2749 3688 2915 3759 νῆσον
2995 3689 3451 3758 σφετεριζόμενος
3523 3687 3718 3738 ἀποστε-

2203 3785 2320 3856 ροίη
2379 3779 2472 3838 τοῦ
2528 3781 2786 3852 πατρῴου
2851 3782 3080 3850 κλήρου,
3138 3782 3238 3834 καὶ
3309 3781 3385 3844 ὡς
3436 3781 3591 3833 ἐδεῖτο
3643 3774 3722 3840 τῆς

2196 3878 2430 3947 δυνατῆς
2473 3878 2655 3946 τυχεῖν
2722 3875 3066 3943 ἐπικουρίας,
3128 3867 3208 3927 ὧν
3269 3890 3329 3926 τε
3381 3871 3533 3930 αὐτὸς
3579 3871 3723 3932 ἐπηγ-

2199 3967 2440 4036 γείλατο,
2466 3967 2543 4029 ὡς
2570 3967 2694 4019 ὅσον
2726 3965 2826 4036 ήδη
2854 3966 3148 4034 γενόμενος
3204 3966 3263 4017 ἐν
3292 3963 3406 4033 Χίῳ
3437 3965 3532 4030 τῆς
3571 3977 3621 4010 τε
3658 3957 3723 4016 εις

2200 4057 2365 4110 αὐτὸν
2407 4056 2502 4108 καὶ
2553 4053 2646 4106 τὸν
2682 4053 2909 4122 ἀδελφὸν
2956 4053 3173 4115 ἀδικίας
3224 4052 3567 4122 εἰσπράξεται
3597 4048 3724 4108 Μαρ-

2200 4151 2344 4200 τῖνον
2370 4147 2547 4209 δίκας.
2594 4143 2697 4197 Ὧν
2735 4145 2799 4216 δὴ
2833 4144 2930 4197 νῦν
2968 4145 3151 4208 καλῶς
3207 4146 3305 4199 καὶ
3356 4146 3428 4206 ὡς
3477 4141 3724 4211 προσῆκεν

2199 4239 2547 4302 ἀποϐάντων,
2581 4237 2676 4290 καὶ
2725 4237 3002 4307 Μαρτίνου
3038 4237 3173 4289 Χίου
3235 4229 3725 4304 ἐξεληλαμένου,⁰δί-

2201 4346 2358 4383 καιον
2408 4329 2663 4399 ήγεῖσθαι
2699 4330 2846 4381 εἰναι
2875 4328 2974 4391 τάς
3011 4345 3069 4381 τε
3105 4330 3436 4396 ἐπαγγελίας
3456 4319 3724 4392 ἐκπληροῦν

531 4431 678 4472 sare.
725 4415 991 4482 Quocirca
1045 4431 1103 4471 se
1152 4416 1229 4469 illi
1274 4415 1652 4484 praefecturam
1695 4417 1817 4472 Chii
1861 4418 2096 4472 deferre.

2199 4421 2298 4484 τάς
2323 4422 2402 4483 είς
2432 4420 2616 4483 αὐτὸν,
2650 4419 2746 4472 καὶ
2773 4422 2874 4488 τῆς
2907 4420 3126 4482 εὐνοίας
3152 4419 3475 4490 ἀμείϐεσθαι
3497 4414 3500 4418 ’
3520 4411 3581 4486 ἧς
3611 4411 3725 4480 πρὸς

531 4507 782 4575 Cumque
819 4507 1027 4562 reditus
1057 4506 1246 4561 insula:
1286 4517 1506 4560 centum
1549 4522 1612 4560 ac
1635 4507 1827 4577 viginti
1863 4509 2095 4563 millium

2200 4510 2425 4565 ἐλθόντα
2476 4508 2804 4573 ἐνεδείξατο,
2856 4510 2916 4562 τὸ
2942 4509 3205 4579 φρούριον
3263 4507 3552 4578 παραδούς.
3583 4498 3647 4556 Οὐ
3673 4499 3724 4566 δὴ

531 4611 829 4650 aureorum
883 4612 1147 4650 summam
1201 4597 1361 4668 plane
1420 4599 1789 4661 conﬁcerent,
1853 4600 1918 4653 ad
1982 4602 2097 4671 ejus

2202 4601 2366 4656 ἕνεκα
2402 4601 2502 4670 τῆς
2533 4618 2593 4653 τε
2627 4603 2761 4654 Χίου
2800 4601 3124 4670 ἐπιτρέπειν
3167 4601 3265 4669 τὴν
3297 4599 3486 4670 ἀρχὴν,
3520 4583 3602 4648 καλ
3635 4592 3723 4643 τὼν

531 4687 1001 4758 procurationem,
1029 4688 1095 4742 ad
1127 4689 1400 4755 praesidia,
1445 4706 1690 4759 ususque
1735 4695 2097 4759 necessarios,

2198 4691 2474 4760 προσόδων
2505 4691 2678 4760 αὐτῆς
2703 4691 2810 4743 τῶν
2841 4690 3116 4758 δημοσίων
3143 4691 3243 4742 οὐκ
3281 4690 3503 4742 ἔλαττον
3528 4681 3722 4754 χρυσίου

533 4783 800 4847 qbantum
850 4791 907 4830 re
935 4789 1223 4846 perspecta
1257 4782 1450 4835 merito
1480 4782 1682 4851 requiri
1711 4792 1951 4852 putaret,
2003 4786 2097 4838 im-

2200 4783 2480 4852 μυριάδων
2529 4781 2860 4835 δυοκαίδεκα
2909 4781 3108 4845 οὐσῶν,
3164 4783 3247 4843 είς
3294 4784 3396 4850 μέν
3441 4775 3724 4846 ἐπιμέλειαν

533 4865 840 4938 penderet;
871 4865 938 4921 de
975 4867 1188 4935 reliquo
1222 4869 1510 4924 dimidium
1555 4887 1725 4925 unum
1779 4877 1830 4926 in
1865 4875 2097 4942 impera-

2197 4875 2298 4943 τῆς
2373 4876 2540 4943 νήσου
2611 4874 2706 4926 καὶ
2761 4873 3037 4941 φυλακὴν,
3093 4873 3176 4925 ἐτι
3222 4890 3281 4924 τε
3335 4871 3525 4939 λοιπὴν
3576 4867 3722 4927 ἀναγ·

532 4961 667 5009 toris
724 4955 916 5010 iiscum
980 4957 1231 5024 inferret,
1283 4961 1456 5013 altero
1520 4961 1636 5030 ipse
1684 4965 1984 5020 frueretur.
2031 4965 2097 5018 Et

2199 4965 2371 5019 καίων
2410 4964 2782 5032 ἀναλωμάτων
2813 4963 3007 5034 χρείαν
3035 4965 3135 5016 ὅσα
3159 4963 3225 5017 ἂν
3247 4962 3397 5031 αὐτῷ
3429 4955 3722 5023 σκεψαμένῳ

528 5049 788 5118 quoniam
832 5065 967 5104 suus
992 5066 1265 5119 quemque
1304 5052 1420 5105 dies
1467 5053 1618 5118 latet,
1654 5070 1871 5124 aequum
1936 5071 2007 5111 se.
2041 5064 2097 5110 et

2207 5054 2417 5123 βέλτιον
2451 5054 2633 5123 δοκοίη
2672 5053 2817 5122 ἔχειν
2850 5051 3084 5105 ἀναλοῦν
3112 5068 3128 5083 ·
3160 5052 3230 5106 τά
3275 5053 3334 5105 δὲ
3365 5044 3722 5112 ὑπολειφθέντα

530 5142 662 5194 utile
688 5142 966 5206 arbitrari,
994 5156 1175 5196 arcem
1210 5159 1240 5197 a
1271 5143 1504 5197 Martino
1542 5145 1848 5201 inchoatam
1880 5148 2090 5216 perlici,

2200 5148 2478 5215 Χρήματα.
2500 5145 2568 5196 τὰ
2591 5143 2763 5214 ἡμίση
2796 5143 2895 5213 μὲν
2923 5142 3000 5211 τῷ
3022 5142 3290 5213 βασιλικῷ
3316 5139 3544 5209 ταμιείῳ
3573 5135 3724 5186 είσκοο

525 5245 581 5285 ut
611 5249 640 5287 a
669 5250 725 5286 se
753 5248 876 5288 cum
912 5235 1164 5303 praesidio
1192 5237 1469 5304 occupari;
1489 5253 1618 5307 quo,
1643 5240 1687 5292 si
1709 5239 1862 5308 quid,
1892 5246 1952 5293 ut
1973 5247 2097 5293 sunt

2202 5237 2401 5304 μίζειν,
2432 5235 2594 5288 αὐτὸν
2643 5235 2703 5288 δέ
2741 5235 2811 5288 τά
2848 5233 3105 5286 ἐπίλοιπα
3128 5231 3494 5302 καρποῦσθαι.
3525 5224 3721 5308 Ἄδηλον

530 5341 617 5378 res
647 5330 918 5392 humanm,
949 5327 1052 5381 sibi
1097 5329 1380 5391 acciderit,
1420 5340 1475 5383 et
1524 5331 1668 5383 inter
1697 5329 1947 5383 homines
1980 5345 2097 5384 esse

2197 5327 2253 5379 δὲ
2306 5327 2365 5379 ὃν
2401 5325 2674 5396 ἀνθρώπῳ
2724 5325 2888 5379 παντὶ
2915 5325 3080 5378 ὁπότε
3114 5323 3515 5394 ἀπροσδόκητον
3556 5307 3721 5389 ἐξειτδ

563 5419 770 5472 osii'l'll.
817 5419 1044 5470 [tomani
1093 5418 1313 5484 Chium,
1342 5422 1430 5474 cui
1485 5421 1641 5474 multi
1694 5429 1748 5472 et
1776 5421 1991 5482 remoti,
2047 5428 2097 5473 et

2197 5421 2350 5480 τέλος
2382 5419 2480 5487 τῆς
2507 5417 2900 5488 ζωῆς,δίκαιον
2921 5415 3038 5483 ἀμα
3069 5417 3164 5466 καὶ
3196 5414 3470 5477 λυσιτελὲς
3499 5401 3718 5476 ἡγεῖσθαι

538 5529 594 5553 u:
623 5527 716 5570 tttl,
753 5511 1164 5579 νιίυδυτιίιηιιυε
1206 5512 1343 5566 Delii
1377 5513 1790 5581 llospitalenses
1819 5511 1934 5581 (77)
1971 5512 2097 5564 insi-

2203 5508 2342 5563 εἶναι
2368 5511 2468 5580 τὴν
2491 5511 2810 5579 ἀκρόπολιν,
2850 5511 2882 5578 ἢ
2918 5507 3058 5576 πρὸς
3084 5508 3362 5576 Μαρτίνου
3393 5495 3712 5573 ᾠκοδομεῖτο.

1777 5619 1992 5680 Jacobi
2029 5616 2299 5676 Pontani
2335 5623 2521 5677 notes.

602 5709 716 5781 (Π)
745 5711 908 5770 Delus
930 5722 1044 5770 tum
1082 5715 1543 5788 liospitalensium
1573 5729 1714 5786 erat,
1740 5715 2016 5788 quomodo
2041 5727 2098 5770 et
2136 5713 2354 5770 Cra-cus
2402 5714 2571 5770 codex
2625 5714 2748 5770 illos
2766 5713 3033 5769 nominat.
3057 5713 3296 5783 Σπιτάλη
3324 5711 3464 5767 enim
3492 5707 3541 5762 in
3557 5699 3715 5757 Graeco

539 3523 694 3566 terna
750 3519 898 3565 sorte
946 3509 1012 3563 de
1061 3509 1296 3578 publicis
1370 3508 1493 3564 Chii
1553 3510 1824 3565 reditibus
1901 3521 2099 3579 capere

537 3701 738 3755 casset,
771 3689 1020 3760 privatus
1057 3690 1268 3746 fuisset.
1306 3690 1374 3744 Et
1403 3707 1514 3760 quo
1540 3701 1698 3759 pacto
1733 3691 2021 3756 auxilium,
2051 3691 2098 3745 si

538 3780 685 3852 quod
721 3787 930 3851 posset,
960 3779 1142 3834 afferri
1174 3778 1493 3849 petivisset;
1524 3795 1644 3850 quae
1674 3780 1788 3848 ipse
1819 3779 2100 3849 promisis-

537 3879 645 3938 set,
670 3871 828 3942 233
851 3885 1014 3940 quam
1047 3883 1238 3925 severe
1262 3870 1522 3923 nimirum
1555 3871 1611 3922 in
1639 3869 1834 3923 Chium
1866 3870 2098 3935 delatus,

535 3973 593 4020 et
621 3963 748 4028 sibi,
781 3973 838 4017 et
868 3963 944 4017 illi
979 3962 1234 4033 injuriam
1275 3962 1476 4016 illatam
1503 3961 1722 4016 ulturus
1746 3962 1908 4016 foret.
1941 3961 2098 4028 Quod

535 4053 797 4123 quoniam
851 4053 1104 4117 feliciter,
1148 4061 1312 4120 atque
1351 4061 1410 4105 ut
1440 4067 1538 4122 par
1577 4062 1715 4117 erat,
1745 4053 2011 4113 evenerit,
2043 4060 2100 4106 et

535 4144 803 4200 Martinus
833 4145 1012 4199 insula
1040 4152 1265 4200 exactus
1295 4144 1386 4210 sit,
1423 4154 1853 4199 consentaneum
1883 4146 1988 4200 sibi
2022 4145 2100 4198 vi-

536 4236 653 4291 deri
701 4236 966 4304 promissa
1017 4236 1357 4304 persolvere,
1411 4245 1468 4289 et
1510 4237 1736 4290 castello
1771 4245 1966 4306 sponte
2006 4240 2100 4290 de-

537 4325 718 4381 dendo
744 4327 1073 4380 declaratam
1114 4339 1244 4394 erga
1291 4341 1349 4379 se
1390 4327 1810 4394 propensionem
1841 4342 2102 4396 compen-
