4010 6190
572 322 672 388 491

574 442 744 501 veret,
775 447 881 488 non
933 441 1017 489 est
1060 428 1335 490 curiosius
1371 426 1778 502 inquirendum.
1801 431 2148 488 Censendum

580 539 708 578 vero
741 524 1075 580 furiosorum
1108 539 1231 579 esse
1263 524 1524 588 similem,
1548 523 1642 593 qui
1675 538 1854 593 neque
1889 523 2019 593 quid
2054 539 2149 577 ne-

576 631 683 685 que
766 616 911 685 apud
971 631 1109 685 quos
1163 616 1497 685 loquamur,
1547 624 1789 681 norunt,
1845 616 1941 670 sed
2011 628 2150 683 qua-

575 715 736 762 tenus
802 723 832 761 a
901 708 1280 767 cacodaamone
1354 708 1737 777 exagitantur,
1802 707 2151 777 cogitationi-

576 796 681 854 bus
728 798 987 853 humanis
1040 799 1397 853 abhorrentia
1456 799 1739 853 effutiunt.
1776 799 1848 854 Ut
1881 808 2064 853 autem
2093 798 2150 853 in

576 901 857 960 posterum
902 905 1004 945 nec
1028 891 1180 959 ipse,
1219 905 1323 944 nec
1350 889 1490 944 alius
1523 888 1811 943 veritatem
1861 890 2150 945 mendacio

578 984 877 1038 obscurare
926 990 1114 1050 queat,
1162 989 1219 1036 et
1268 981 1462 1036 inanes
1514 980 1858 1035 comminisci
1912 979 2145 1044 fabdlas,

576 1090 686 1143 quo
761 1073 921 1128 nobis
990 1073 1171 1127 labem
1233 1072 1476 1142 aliquam
1529 1070 1894 1142 improbitatis
1943 1070 2149 1136 inurat,

575 1166 739 1236 236
797 1181 921 1237 qua:
977 1165 1117 1220 mihi
1185 1165 1501 1228 videantur,
1534 1163 1581 1218 si
1639 1162 1780 1217 forte
1831 1161 2022 1216 eadem
2054 1161 2149 1215 tibi

577 1259 985 1329 probabuntur,
1019 1257 1269 1325 eloquar.
1305 1255 1443 1323 Quia
1493 1256 1546 1309 in
1597 1269 1837 1325 praesens
1882 1269 1991 1308 non
2038 1253 2150 1307 Ro-

575 1350 721 1405 mani
756 1350 1043 1414 duntaxat,
1078 1347 1172 1401 sed
1202 1356 1259 1400 et
1287 1345 1607 1401 Genuenses
1636 1355 1692 1401 et
1732 1345 1923 1401 Veneti
1959 1346 2013 1399 in
2048 1346 2152 1400 hac

575 1444 752 1498 insula
798 1441 1170 1510 negotiantur,
1199 1446 1255 1492 et
1291 1437 1548 1492 Nicolaus
1579 1418 2150 1507 Sanutus'Cycladum

574 1535 887 1605 praefectus,
938 1531 1031 1602 qui
1086 1529 1341 1585 amicitia:
1390 1543 1521 1599 ergo
1554 1538 1606 1582 te
1637 1529 1930 1583 salutatum
1962 1530 2149 1583 venit:

576 1628 703 1680 item
732 1638 799 1678 ex
829 1623 1040 1677 Latinis
1072 1621 1387 1690 episcopus.
1425 1620 1515 1674 cui
1547 1636 1577 1674 a
1610 1636 1745 1690 papa
1778 1619 1901 1675 Chii
1937 1617 2153 1689 pontiﬁ-

573 1726 729 1771 catus
778 1714 1107 1769 commissus
1153 1717 1238 1767 est
1291 1710 1428 1780 (79),
1468 1720 1523 1766 ct
1576 1711 1787 1781 aliquot
1833 1710 2152 1766 Ferrarien-

574 1810 661 1864 se's
694 1809 832 1879 (80),
863 1807 957 1877 qui
992 1816 1192 1859 terram
1221 1803 1365 1857 hanc
1393 1803 1653 1868 lustrare,
1684 1813 1737 1857 et
1759 1818 1941 1858 mores
1975 1802 2151 1858 homi-

464 1958 477 1976 κ
577 1915 705 1953 num
761 1889 1094 1969 cognoscere
1166 1894 1427 1959 student;
1487 1902 1822 1974 conventum
1890 1893 2148 1949 omnibus

574 1992 696 2046 istis
728 1989 977 2052 indicito,
1030 1997 1086 2042 ct
1131 1987 1185 2041 in
1222 2001 1415 2041 eorum
1461 1988 1753 2056 praesentia
1791 1986 2147 2041 Benedictum

575 2081 891 2152 compellari
912 2080 1104 2151 jubeto
1133 2095 1147 2132 :
1182 2077 1274 2146 qui
1308 2078 1354 2132 si
1386 2076 1532 2146 quod
1562 2076 1750 2140 oD‘ers,
1786 2086 2025 2131 mutatus
2054 2077 2149 2133 ad-

580 2176 814 2239 miserit,
849 2171 1260 2244 optatissimum
1296 2169 1604 2235 acciderit;
1637 2173 1718 2223 s'n
1757 2169 1940 2238 priore
1968 2173 2149 2225 adhuc

572 2268 871 2322 obstrictus
920 2264 1182 2326 amentia,
1231 2278 1352 2332 qu:e
1402 2262 1458 2316 in
1514 2262 1772 2315 manibus
1804 2262 1969 2317 habet
2002 2263 2146 2318 bona

570 2358 878 2428 abjecerit,
937 2371 1059 2425 quae
1105 2363 1286 2409 autem
1336 2354 1481 2406 nulla
1537 2362 1697 2415 sunt,
1730 2367 1908 2421 neque
1950 2363 2144 2421 gerunt,

577 2446 938 2515 concupierit,
966 2453 1022 2497 et
1051 2458 1153 2497 nos
1178 2442 1257 2496 illi
1280 2442 1437 2496 fidem
1470 2441 1651 2496 facere
1683 2444 2055 2511 nequibimus,
2080 2462 2145 2501 ea

574 2538 751 2605 ipsum
783 2535 1085 2605 postulare.
1124 2548 1247 2602 qua:
1287 2532 1402 2585 dari
1442 2548 1549 2586 non
1579 2534 1814 2602 possint,
1846 2546 1994 2589 certe
2017 2552 2148 2605 prae-

575 2640 762 2684 smtes
789 2627 1008 2698 quidem
1042 2641 1153 2680 non
1201 2626 1378 2680 solum
1420 2634 1606 2688 testes,
1637 2641 1829 2681 verum
1859 2629 2025 2682 etiam
2060 2631 2148 2684 in-

486 2790 507 2800 _
577 2722 847 2793 tegritatis
881 2730 987 2775 tua:
1040 2733 1104 2773 ac
1146 2717 1317 2773 studii
1366 2718 1419 2772 iu
1466 2717 1880 2785 benefaciendo,
1918 2731 1974 2776 et
2001 2722 2147 2778 illius

576 2816 804 2871 insaniae
836 2827 1117 2884 praecones
1138 2810 1468 2866 habebimus
1499 2830 1512 2865 :
1543 2822 1598 2866 et
1621 2812 1752 2867 hinc
1786 2818 2143 2883 przecipuam,

515 2968 523 2976 ,
572 2923 806 2977 eamque
837 2906 1146 2975 bipartitam
1189 2904 1477 2958 utilitatem
1515 2905 2018 2977 hauriemus,quod
2046 2921 2146 2962 nos

574 3003 724 3071 ipsos
756 3001 1019 3055 nimirum
1062 2999 1131 3053 ab
1177 2997 1448 3052 immerita
1502 2997 1723 3052 infamia
1781 3000 2143 3067 servabimus,

573 3102 628 3147 et
682 3093 803 3148 aliis
851 3108 880 3147 a
920 3097 1269 3146 nocuntento-
1308 3089 1581 3144 mendacii
1642 3091 1978 3145 cavebimus.
2022 3089 2147 3146 llmc

575 3186 668 3239 ubi
699 3184 895 3238 elfatus
925 3193 1010 3238 est
1046 3195 1274 3252 magnus
1303 3180 1660 3246 domesticus,
1698 3180 1997 3250 imperator
2024 3196 2147 3250 pro-

575 3276 725 3330 tinus
752 3274 804 3328 in
836 3273 956 3343 eius
992 3272 1326 3327 sententiam
1382 3270 1504 3332 ivit,
1552 3280 1608 3325 et
1658 3271 1735 3324 rei
1789 3270 2147 3326 conficiendae

576 3366 853 3437 negotium
887 3364 962 3419 illi
994 3364 1147 3419 dedit
1174 3381 1188 3416 :
1218 3372 1384 3432 atque
1418 3362 1524 3416 hoc
1556 3363 1811 3431 amplius,
1844 3361 1947 3416 nisi
1976 3362 2149 3416 Bene-

574 3462 756 3516 dictus
784 3475 849 3514 ex
891 3457 1059 3529 priori
1112 3455 1334 3512 decreto
1375 3455 1575 3510 Chium
1611 3455 1999 3510 administrare
2029 3454 2141 3510 vcl-

576 3555 670 3615 Ict,
713 3562 775 3607 ut
805 3552 967 3606 aliam
994 3551 1045 3606 ei
1076 3565 1142 3604 ex
1170 3548 1502 3604 liberalitate
1546 3547 1942 3611 conditionem,
1970 3549 2146 3618 prima

573 3660 925 3717 nequaquam
963 3642 1296 3698 deteriorem
1335 3651 1688 3712 proponeret.
1720 3641 1815 3696 Die
1840 3643 2148 3711 prmstituta

573 3754 700 3794 cum
746 3753 976 3809 magnus
1026 3735 1365 3790 domesticus
1411 3750 1477 3788 ex
1517 3734 1779 3790 Romanis
1835 3743 1891 3790 et
1935 3734 2147 3789 Latinis

575 3831 801 3886 advenis
829 3837 1162 3885 conventum
1191 3828 1501 3897 coegisset;
1543 3835 1813 3895 prmseute
1843 3828 2008 3882 etiam
2044 3827 2144 3880 Be-

574 3922 820 3987 nedicto,
845 3930 902 3976 ct
926 3935 1035 3974 non
1068 3918 1275 3989 paucis,
1304 3918 1397 3988 qui
1427 3925 1587 3971 antea
1615 3933 1740 3973 cum
1771 3917 2005 3972 Martino
2035 3910 2147 3970 fra-

578 4027 659 4070 tre
683 4014 803 4085 cjus
825 4012 1172 4067 familiariter
1198 4009 1475 4075 vivebant,
1493 4013 1560 4063 ad
1585 4009 1752 4064 verba
1776 4016 1998 4063 ventum
2024 4017 2140 4075 est;

576 4107 850 4174 altiusque
900 4102 1134 4173 repetito
1177 4088 1473 4170 principio,
1516 4100 1851 4156 domesticus
1878 4102 2142 4168 narravit,

1758 322 2081 384 JOANNIS
2122 300 2655 384 ca‘NrAcuzsm

3648 329 3732 399 Η.

2179 436 2225 491 Α
2253 424 2434 485 οἶκαδε
2466 433 2742 504 ἀπεχώρει
2763 431 2839 495 ὡς
2860 432 2929 486 τὰ
2952 432 3155 503 ἔσχατα
3179 428 3503 506 ἠδικημένος.
3523 438 3730 508 Βασιλεὺς

2250 524 2309 577 δὲ
2341 525 2435 577 ἐπὶ
2469 527 2584 589 τοῖς
2620 524 2930 596 γινομένοις
2959 526 3347 596 δυσχεραίνων.
3379 530 3478 582 τῶν
3501 534 3728 600 παρόντων

2251 617 2585 671 ἐπυνθάνετο
2621 616 2930 687 Ῥωμαίων,
2951 618 2998 670 εί
3026 617 3223 688 μὴ-τὴν
3253 622 3598 689 προσήκουσαν
3616 624 3732 692 εὐτρ-

2252 710 2449 776 γεσίαν
2477 709 2835 762 κατατίθεται
2888 709 3183 779 Μπενέτῳ,
3223 710 3386 781 μικρὰ
3414 711 3443 779 ἦ
3471 712 3605 765 οὐδὲν
3633 717 3734 783 apt;

2251 802 2344 854 τὸν
2373 801 2516 871 ὑπὲρ
2540 802 2640 868 τῆς
2665 801 2799 854 Χίου
2825 801 3064 864 πόλεμον
3092 789 3508 871 συναρα’μένῳ,ἣ
3534 804 3574 854 εί
3595 804 3735 856 δικαία

2253 895 2284 963 ἡ
2311 893 2538 957 ἀξίωσις
2578 892 2743 945 αὑτοῦ
2774 893 2871 945 καὶ
2901 892 2999 945 σὺν
3028 892 3169 960 λόγῳ
3195 893 3463 961 γινομένη.
3488 893 3634 945 Adth
3656 895 3737 964 γὰρ

2257 984 2332 1055 μὴ
2365 983 2627 1037 δύνασθαι
2656 985 2922 1046 συνεῖναι,
2966 984 2993 1035 ὂ
3053 999 3106 1035 τι
3138 982 3305 1036 ταῦτα
3331 983 3468 1051 αὐτῷ
3487 985 3544 1034 τὰ
3570 984 3741 1051 ῥήματα

2253 1079 2384 1130 νοεῖ.
2412 1076 2475 1129 Οἱ
2510 1075 2607 1145 μὲν
2629 1074 2722 1128 οὖν
2752 1074 2904 1128 ἄλλοι
2931 1073 3217 1128 Μπενέτον
3243 1090 3299 1126 τε
3326 1074 3647 1143 κατῃτιῶντο,
3670 1074 3740 1125 nt

2255 1167 2458 1238 πολλὴν
2493 1167 2904 1234 κατεγίνωσκον
2956 1163 3123 1219 αὐτοῦ
3160 1151 3478 1234 ἀϐελτηρίαν
3500 1181 3513 1194 ·
3556 1166 3579 1216 ό
3611 1165 3743 1231 μέγας

2252 1259 2308 1313 δὲ
2344 1259 2686 1329 δομέστικος.
2717 1257 2830 1327 Τὴν
2879 1257 2978 1326 μὲν
3020 1256 3264 1325 ἀλογίαν,
3299 1250 3461 1320 εἷπεν,
3488 1249 3529 1306 ὦ
3552 1253 3740 1323 βασιλεῦ,

2252 1350 2350 1404 καὶ
2379 1351 2479 1420 τὴν
2506 1350 2813 1418 παράνοιαν
2853 1348 2965 1401 τῶν
2995 1347 3282 1410 Μπενέτου
3315 1345 3619 1415 ζητημάτων
3645 1344 3746 1396 πάν-

2253 1458 2347 1505 τες
2375 1458 2434 1493 τε
2460 1441 2611 1494 ίσασι
2645 1441 2856 1509 σαφῶς,
2886 1441 2981 1493 καὶ
3008 1440 3108 1510 τὴν
3137 1438 3327 1509 ὁμοίαν
3356 1438 3525 1507 ψῆφον
3570 1437 3744 1505 φέροντι
3776 1434 3777 1439 “

2257 1531 2387 1601 περὶ
2422 1530 2608 1584 αὐτοῦ.
2649 1533 2740 1583 Διὸ
2770 1531 2893 1584 οὐδὲ
2932 1530 3413 1600 πολυπραγμονεῖν
3453 1525 3744 1593 ἐξετάζοντας

2254 1622 2361 1694 χρὴ
2407 1624 2436 1676 ὅ
2490 1640 2543 1676 τι
2609 1623 2935 1694 βουλόμενος
2984 1622 3276 1685 ἀνενδότως
3308 1622 3416 1692 ἔχει
3470 1620 3584 1689 περὶ
3623 1617 3744 1671 αὐτὰ.

2255 1716 2479 1769 Οίεσθαι
2512 1716 2570 1769 δὲ
2603 1716 2767 1770 αὐτὸν
2823 1719 2941 1778 τοῖς
2997 1716 3351 1787 μαινομένοις
3405 1710 3746 1782 προσεοικέναι,

2254 1810 2304 1863 οῖ
2340 1812 2478 1881 μήτε
2507 1812 2641 1881 περὶ
2674 1804 2750 1863 ὧν
2770 1809 3014 1878 λέγουσι.
3051 1811 3191 1880 μήτε
3222 1809 3359 1878 πρὸς
3407 1805 3493 1868 οὓς
3523 1801 3749 1857 ποιοῦνται

2257 1905 2405 1957 ῐσασι
2463 1904 2590 1967 τοὺς
2623 1903 2840 1972 λόγους,
2877 1903 2993 1955 ἀλλ’
3119 1903 3188 1956 ἂν
3225 1903 3286 1955 τὸ
3311 1898 3568 1967 δαιμόνιον
3590 1893 3749 1959 κινοίη.

2255 1996 2585 2064 φθέγγονται
2624 1995 2921 2065 ἀδιανόητα
2977 1980 3090 2058 τοῖς
3152 1996 3337 2055 πᾶσιν.
3376 1992 3459 2053 Ὠς
3485 1990 3544 2043 ἂν
3568 1987 3615 2039 δὲ
3654 1985 3749 2052 MV

2257 2086 2483 2157 ὓπτερτιν
2530 2087 2693 2149 αὐτός
2725 2104 2857 2139 ποτε
2910 2085 3034 2156 μηδ’
3087 2084 3275 2154 ἕτερός
3321 2101 3401 2144 τις
3430 2080 3521 2151 τὴν
3544 2077 3765 2162 ἀλήθειαν

2255 2180 2462 2233 ἐθέλων
2495 2180 2782 2248 ἀφανίζειν
2809 2179 3027 2255 δύναιτο
3054 2180 3131 2247 τῷ
3151 2179 3338 2248 ψεύδει
3367 2176 3584 2246 χρῆσθαι
3613 2167 3750 2223 καὶτᾶ

2254 2273 2356 2325 οὐκ
2382 2272 2509 2325 ὄντα
2539 2273 2866 2339 λογοποιεῖν,
2901 2273 3103 2325 κακίαν
3126 2272 3291 2340 δῆθεν
3347 2264 3750 2340 προστριϐόμενος

2253 2364 2386 2433 ἡμῖν
2414 2380 2560 2426 τινα,
2588 2362 2625 2416 ἆ
2660 2380 2755 2430 μοι
2781 2363 2925 2427 δοκῶ
2962 2362 3223 2434 ποιητέα,
3280 2361 3391 2430 εἴγε
3416 2359 3506 2412 καὶ
3539 2348 3667 2423 αὑτῷ
3690 2366 3754 2402 σοι

2255 2454 2559 2519 συνδόξειεν
2584 2451 2747 2516 εἶναι,
2792 2456 2923 2525 ἐρῶ.
2958 2458 3036 2523 Τῇ
3092 2454 3206 2525 Χίῳ
3230 2454 3346 2507 νυνὶ
3386 2450 3583 2507 πολλῶν
3609 2445 3753 2513 £136!)-

2259 2547 2527 2615 μούντων,
2559 2549 2621 2599 οὐ
2653 2549 2945 2614 Ῥωμαίων
2970 2549 3151 2617 μόνον,
3181 2547 3315 2600 ἀλλὰ
3342 2546 3428 2598 καὶ
3458 2547 3514 2596 ἐκ
3544 2543 3579 2593 Γ
3581 2540 3755 2599 εννούας

2254 2640 2348 2690 καί
2375 2638 2626 2700 Βενετίας
2653 2638 2775 2690 κατ’
2809 2638 3107 2708 ἐμπορίαν,
3141 2640 3239 2692 καὶ
3258 2635 3517 2690 Νικολάου
3542 2631 3754 2685 Σσνούτου

2251 2729 2348 2783 τοῦ
2376 2729 2483 2782 τῶν
2516 2729 2815 2783 Κυκλάδων
2838 2731 3120 2800 ἄρχοντος,
3155 2731 3219 2794 ὃς
3248 2725 3349 2802 ἧκε
3376 2727 3508 2782 κατὰ
3538 2712 3691 2793 φιλίαν
3713 2736 3757 2770 σε

2254 2818 2674 2887 προσκυνήσων,
2703 2818 2786 2904 Et:
2816 2816 2874 2870 δὲ
2901 2809 2997 2871 καὶ
3026 2819 3090 2872 ὲκ
3126 2820 3376 2873 Λατίνων
3411 2812 3693 2884 ἀρχιερέως.
3714 2807 3757 2868 δς

2252 2905 2353 2975 τὴν
2396 2905 2491 2973 τῆς
2529 2906 2664 2958 Χίου
2692 2900 2844 2977 παρὰ
2870 2905 2968 2959 τοῦ
2994 2907 3155 2960 πάπα
3196 2906 3555 2975 ἐπιτέτραπτο
3581 2900 3757 2950 ἐπισκο-

2254 2998 2383 3067 πὴν,
2417 2998 2512 3051 καὶ
2540 2996 2788 3067 Φρερίων
2814 2999 2979 3052 τινῶν
3010 3000 3138 3052 καθ’
3172 2999 3434 3068 ἱστορίαν,
3467 2997 3687 3048 κέλευσον
3711 2991 3758 3040 ἐκ

2175 3125 2219 3185 c
2255 3091 2473 3142 πάντων
2508 3091 2806 3162 ἐκκλησίαν
2828 3072 3188 3160 ἀθροισθῆναι
3219 3107 3235 3121 ·
3272 3093 3481 3147 πάντων
3506 3088 3557 3140 δὲ
3600 3080 3761 3153 παρόν

2251 3200 2358 3236 των
2386 3184 2643 3250 γενέσθαι
2675 3184 2804 3242 τθδε
2833 3185 3029 3253 λόγους
3070 3186 3213 3255 πρὸς
3254 3185 3546 3240 Μπενέτον.
3572 3179 3673 3232 Κᾶν

2250 3275 2414 3341 ξηται
2436 3275 2685 3337 πεισθεὶς
2711 3278 2811 3345 τὴν
2858 3276 3210 3347 εὐεργεσίαν,
3245 3275 3570 3346 πανταχόθεν
3597 3275 3651 3324 ἂν
3674 3270 3761 3335 ιχσιι

2250 3362 2433 3422 καλῶς
2457 3378 2472 3391 ⁸
2510 3363 2608 3415 ἐὰν
2628 3363 2684 3415 δὲ
2712 3367 2778 3433 τῇ
2805 3365 3055 3435 προτέρᾳ
3088 3366 3368 3436 παρανοίᾳ
3392 3356 3761 3433 χρώμενος,τιῖιν

2250 3456 2351 3525 μὲν
2375 3457 2430 3507 ὲν
2455 3459 2642 3527 χερσὶν
2668 3456 2976 3527 ἀπόσχηται
3000 3457 3246 3526 ἀγαθῶν,
3275 3457 3449 3510 τῶνδὲ
3475 3457 3597 3526 μήτε
3629 3450 3761 3502 δἸτίσιν

2252 3549 2393 3619 μήτε
2407 3548 2689 3617 ἐσομένων
2710 3548 3032 3619 ἐπιθυμοίη,
3053 3552 3102 3602 εί
3145 3553 3226 3620 μὴ
3265 3551 3423 3604 αὐτὸν
3468 3548 3538 3607 ὠς
3569 3542 3707 3596 ἀδύντ
3736 3554 3762 3587 α

2253 3641 2433 3711 ἀξιοίη
2456 3642 2644 3695 πεῖσαι
2667 3641 3031 3711 δυνησόμεθα,
3057 3642 3198 3696 ἀλλὰ
3213 3644 3339 3706 τούς
3357 3659 3417 3710 γε
3457 3637 3697 3709 παρόντας
3714 3630 3760 3680 θ’)

2250 3734 2538 3804 μάρτυρας
2561 3732 2723 3805 μόνον
2743 3732 2960 3804 ἕξομεν,
2986 3735 3125 3788 ἀλλὰ
3157 3737 3258 3790 καί
3292 3738 3550 3806 κήρυκας,
3588 3725 3761 3788 καὶτῆς

2250 3828 2348 3895 σῆς
2378 3827 2791 3894 καλοκαγαθίας
2830 3829 2924 3882 καὶ
2962 3829 3280 3897 φιλοτιμίας
3326 3830 3452 3897 περὶ
3476 3828 3564 3884 τὰς
3584 3820 3762 3885 εῧερτε’

2249 3915 2394 3981 σίας.
2412 3917 2655 3986 βασιλεῦ,
2674 3920 2881 3989 καὶτῆς
2900 3921 3112 3974 ἐκείνου
3133 3940 3207 3974 πα
3217 3912 3696 3991 ραπληξῖαςκιὶδύο
3710 3910 3762 3958 τὶ

2250 4010 2483 4079 μέγιστα
2502 4010 2749 4091 ἐντεῦθεν
2767 4012 3157 4083 κερδανοῦμεν,
3178 4016 3330 4085 ἡμᾶς
3352 4030 3407 4066 τε
3427 4010 3607 4069 αὐτοὺς
3627 3999 3766 4056 ἀπαλ-

2246 4101 2534 4165 λάττοντες
2575 4102 2791 4170 ἀδοξίας
2809 4105 2870 4157 οὐ
2897 4106 3307 4177 προσηκούσης,
3333 4105 3426 4158 καὶ
3459 4102 3576 4161 τοὺς
3609 4096 3764 4171 ἄλλους

576 4218 686 4272 quo
713 4209 874 4271 pacto
920 4197 1252 4252 Benedictus
1303 4196 1623 4266 Byzantium
1654 4197 1722 4250 ad
1752 4186 2143 4266 imperatorem

2245 4194 2344 4263 τῆς
2370 4195 2435 4247 ὲκ
2457 4195 2553 4248 τοῦ
2593 4195 2823 4264 ψεύδους
2851 4196 3263 4268 ἐλευθεροῦντες
3297 4187 3764 4267 προσγενησομένης

575 4292 936 4362 confugiens,
984 4288 1208 4343 fratrem
1244 4288 1569 4359 injuriarum
1599 4288 1952 4357 postulasset,
1984 4291 2146 4360 quid-

2248 4284 2469 4354 βλάϐης.
2490 4286 2724 4339 Τοιαῦτα
2744 4288 2841 4356 μὲν
2870 4288 2899 4338 ὀ
2934 4289 3109 4356 μέγας
3133 4288 3452 4359 δομέστικος
3482 4281 3614 4336 εἶπεσ
3642 4279 3766 4347 βατι-

576 4400 685 4455 que
715 4384 1014 4452 i'nperator
1047 4378 1282 4449 supplici
1313 4378 1706 4447 respondisset,
1738 4388 1796 4433 ct
1832 4396 1939 4449 qua
1975 4381 2022 4435 is
2050 4381 2146 4438 be-

2246 4376 2370 4440 λεὺς
2390 4377 2446 4430 δὲ
2469 4377 2718 4431 ἐπείθετό
2740 4395 2797 4430 τε
2822 4380 2983 4441 εὐθὺς
3016 4384 3131 4443 τοῖς
3169 4382 3488 4453 εἰρημένοις
3508 4378 3580 4437 ὡς
3618 4368 3775 4426 καλῶς.

577 4453 891 4530 nevolentia
940 4479 1127 4541 postea
1172 4469 1426 4524 eumdem
1468 4470 1855 4538 imperatorem
1902 4472 1956 4525 in
2004 4473 2141 4530 Chio

2245 4468 2449 4538 έχουσι,
2467 4470 2559 4523 καὶ
2582 4470 2732 4541 αὐτῷ
2757 4471 3024 4543 ἐπέτρεπε
3042 4473 3142 4542 τὴν
3185 4474 3386 4545 πρᾶξιν
3406 4513 3422 4537 ,
3440 4468 3689 4542 προσθεὶς,
3705 4461 3761 4517 ὡς

583 4568 901 4634 complexus
926 4570 1107 4627 esset;
1143 4572 1306 4631 atque
1358 4563 1497 4615 hanc
1545 4577 1666 4617 esse
1700 4578 1943 4632 causam,
1975 4582 2147 4636 quare

2248 4563 2296 4614 εἱ
2320 4562 2394 4631 μὴ
2410 4562 2657 4632 «βούλοιτο
2671 4564 2814 4618 κατὰ
2830 4564 2898 4617 τὰ
2915 4564 3247 4636 διατεταγμέ
3257 4585 3324 4621 να
3348 4568 3600 4635 πρότερον
3610 4560 3764 4626 ἄρχειν

585 4662 884 4728 imperator
906 4664 1114 4709 tantam
1140 4655 1192 4709 ei
1223 4654 1455 4724 gratiam
1500 4655 1750 4719 referret.
1786 4656 2142 4715 Benedictum

2247 4655 2275 4705 ὀ
2299 4655 2585 4718 Μπενέτος
2610 4656 2767 4721 Χίου,
2823 4659 2917 4709 καὶ
2941 4656 3208 4727 δευτέραν
3242 4659 3458 4728 αἵρεσιν
3490 4648 3765 4722 εὐεργεσίας

585 4760 765 4805 autem
794 4750 1013 4811 iterato,
1039 4746 1194 4816 quasi
1225 4760 1284 4800 se
1318 4745 1595 4815 indignam
1625 4748 1915 4816 rejecisse;
1948 4764 2013 4804 ac
2037 4752 2146 4806 nisi

2246 4748 2396 4818 αὐτῷ
2430 4747 2731 4818 προθεῖναι.
2761 4747 3048 4811 ἐλάττονος
3071 4748 3104 4817 ἢ
3131 4750 3274 4803 κατὰ
3298 4747 3397 4819 τὴν
3434 4743 3680 4815 προτέραν
3694 4736 3765 4787 οὐ·

580 4843 723 4897 Chio
756 4859 786 4895 a
821 4840 1067 4895 Romano
1099 4838 1334 4908 imperio
1377 4839 1565 4893 avulsa
1597 4839 1699 4893 sibi
1729 4842 1948 4910 penitus
1979 4843 2142 4898 cede-

580 4945 686 4998 ret,
718 4933 869 4988 nullo
893 4948 951 4987 se
985 4931 1093 4985 alio
1122 4931 1244 5001 ejus
1275 4929 1544 4985 beneflcio
1584 4946 1744 5000 egere
1772 4931 2008 5000 jactasse
2042 4951 2055 4986 :
2086 4944 2143 4988 ct

574 5042 647 5082 ne
677 5027 868 5081 irritus
897 5037 963 5077 ac
994 5021 1323 5077 temerarius
1350 5021 1509 5076 labor
1557 5020 1995 5089 impossibilibus
2036 5023 2143 5079 sibi

576 5118 875 5176 suadendis
924 5115 1322 5185 susciperetur,
1380 5111 1681 5167 monuisse.
1737 5112 1842 5176 Qui
1889 5111 2141 5176 aderant,

574 5211 757 5267 Latini
783 5206 1346 5281 prtesertimJatuum
1378 5204 1512 5259 adeo
1539 5203 1821 5259 Benedicti
1870 5203 2169 5274 judicium'

575 5302 1015 5366 insectabantur,
1068 5303 1141 5355 et‘
1180 5297 1517 5353 damnabant
1552 5297 1940 5365 apertissime;
1974 5306 2143 5367 atque

2243 4841 2454 4910 δαμῶς.
2485 4842 2670 4911 Τακτῇ
2705 4841 2761 4893 δὲ
2797 4841 2980 4911 ἡμέρᾳ
3026 4840 3328 4909 ἐκκλησίαν
3359 4843 3385 4893 ὁ
3418 4841 3583 4909 μέγας
3628 4829 3764 4899 δομέ·

2247 4949 2427 4994 στικος
2447 4932 2510 4985 ἔκ
2531 4949 2590 4984 τε
2606 4930 2892 5000 Ῥωμαίων
2930 4932 3024 4984 καὶ
3069 4932 3178 4986 τῶν
3201 4929 3659 5002 ἐπιχωριαζόντων
3681 4922 3765 4972 Λο-

2239 5026 2403 5078 τίνων
2427 5021 2775 5091 συναγαγὼν,
2794 5023 3063 5094 παρόντος
3086 5027 3178 5077 καὶ
3194 5024 3363 5078 αὑτοῦ
3384 5020 3671 5079 Μπενέτου,
3692 5009 3766 5065 καὶ

2241 5114 2354 5168 τῶν
2395 5116 2656 5186 Μαρτίνῳ
2709 5115 2787 5185 τῷ
2819 5114 3037 5185 ἀδελφῷ
3087 5117 3356 5189 πρότερον
3401 5116 3652 5168 συνόντων
3684 5104 3765 5157 οὐκ

2240 5200 2460 5273 ὀλίγων,
2491 5205 2568 5267 είς
2603 5202 2732 5271 λόγο
2743 5221 2801 5266 υς
2826 5221 2883 5256 τε
2905 5204 3254 5270 καθίσταντο,
3279 5207 3376 5260 καὶ
3397 5204 3625 5273 διηγεῖτο
3653 5195 3766 5250 ἄνω·

2243 5297 2337 5349 θεν
2372 5294 2656 5364 ἁπαρχῆς,
2680 5294 2831 5358 ὅπως
2859 5312 2921 5348 τε
2954 5296 3033 5357 είς
3061 5297 3359 5362 Βυζάντιον
3389 5297 3630 5365 ἀφίκοιτο
3652 5284 3762 5354 πρὸς

1822 5412 2035 5475 Jacobi
2061 5412 2331 5475 Pontaui
2371 5419 2555 5474 nota».

643 5546 754 5616 ('79)
787 5546 947 5600 Hunc
975 5540 1637 5616 episcopumGenuenses
1670 5540 2021 5605 induxerunt,
2048 5554 2136 5593 ca-

571 5613 838 5671 tholicum
872 5616 1083 5682 utique,
1111 5629 1210 5682 pro
1234 5613 1605 5667 schismatico.

646 5685 755 5755 (80)
785 5685 841 5743 ιιι
876 5678 1065 5755 Graeco
1095 5678 1358 5755 stplui-L,
1385 5682 1478 5748 qui
1518 5695 1630 5755 non
1657 5687 1787 5755 sunt
1818 5678 2137 5755 Ferrarien-

575 5749 696 5819 ses;
722 5749 830 5823 quo
858 5751 1044 5807 enim?
1083 5749 1217 5805 nam
1236 5760 1285 5805 ct
1320 5750 1564 5805 Ferraria
1592 5750 1815 5814 Cra-cis,
1849 5760 1907 5803 ut
1932 5750 1986 5802 in
2009 5749 2133 5804 cod.

2242 5538 2582 5613 Florentino,
2613 5537 2817 5594 dicitur
2850 5539 3127 5613 Φερῤαρία
3150 5541 3292 5613 ;Asod
3320 5549 3409 5613 est
3441 5554 3541 5613 vox
3565 5531 3763 5613 Gallica,

2245 5610 2413 5680 [réres
2430 5618 2640 5681 ;_erant
2683 5618 2864 5681 autem
2902 5608 3121 5679 equites
3169 5608 3658 5681 llierosolymitani,
3700 5611 3767 5681 t_e-

2243 5677 2639 5736 stanteNiccta
2674 5693 2799 5747 pag.
2838 5677 3164 5748 its—prima:
3197 5677 3472 5734 editionis.
3511 5677 3646 5745 Πρὸς
3672 5677 3763 5722 τῶν

2256 5749 2698 5819 Ἱεροσολυμιτῶν
2725 5749 2922 5814 λυθεὶς,
2960 5750 3055 5813 οὒς
3078 5751 3335 5821 Φρερίους
3370 5748 3545 5814 φασίν.
