4010 6190
382 3198 403 3210 “
473 3132 832 3200 pereuntibus
897 3134 1322 3208 incumhendum
1372 3178 1387 3201 ,

486 258 590 324 49)

1674 271 1805 331 10A
1816 269 1999 331 NNIS
2031 270 2555 330 CANTACUZENI
3566 261 3650 324 500

478 391 605 450 tur,
640 382 1009 457 addebatque,
1053 388 1099 442 si
1140 404 1219 453 se,
1256 398 1313 445 et
1345 389 1568 466 quidem
1604 405 1749 444 nunc
1778 400 2041 457 aegrotum

2151 389 2529 452 συνεϐούλευε,
2592 389 2687 441 καὶ
2721 381 3052 455 προσετίθει,
3090 380 3163 444 ὡς
3194 381 3241 432 εἰ
3293 378 3363 450 μὴ
3391 379 3529 450 ἀνιᾷν
3551 382 3652 450 limi-

476 475 799 529 contristare
821 477 1010 541 nollet,
1046 494 1115 534 ne
1149 479 1503 547 detrectaret,
1536 495 1644 550 quo
1685 482 2035 534 imitaretur.

480 568 586 622 Sed
636 570 972 633 domesticus
1015 576 1184 630 semel
1220 588 1485 646 susceptae
1514 577 1799 634 sententiae
1827 576 2037 642 afﬁxus,

475 659 659 712 omnia
697 661 882 727 potius
925 664 1065 718 velle
1095 666 1358 735 experiri,
1392 682 1555 736 quam
1588 678 1906 722 ornamenta
1940 667 2041 720 im-

475 750 749 816 peratoria
824 768 1131 825 capessere.
1213 754 1466 811 Senticns
1517 771 1683 835 porro
1746 746 2041 827 imperator

474 839 593 893 ﬁeri
627 856 734 895 non
768 858 949 911 posse,
988 854 1045 904 ut
1094 846 1146 903 in
1174 846 1393 900 habitus
1423 847 1781 901 mutationem
1812 863 2042 902 consen—

475 936 624 999 tiret,
672 951 783 991 non
828 937 966 996 ultra
1001 953 1164 1007 quam
1204 938 1285 995 fas
1321 955 1444 993 cum
1475 954 1541 994 co
1571 938 2035 1015 contendendum,

455 1025 639 1079 ‘rcbus
666 1027 719 1088 in
755 1036 931 1082 tantas
962 1031 1242 1094 angustias
1307 1033 1565 1094 redactis.
1595 1033 1690 1086 sed
1722 1032 1879 1087 factis
1908 1032 2040 1101 ipsis

473 1117 688 1185 imperii
738 1133 1120 1182 successorem
1184 1124 1606 1192 relinquendum
1667 1124 1879 1179 censuit
1927 1138 1942 1176 :
1985 1134 2040 1178 et

471 1208 780 1264 astantibus
807 1212 1091 1282 praecepit,
1140 1213 1420 1289 principes
1463 1198 1700 1289 primum
1734 1214 2038 1271 aulicorum

469 1314 757 1367 procerum
785 1311 842 1356 et
867 1302 1075 1376 alioqui
1110 1304 1398 1361 nobilitate
1460 1316 1804 1376 praestantes,
1842 1306 2040 1362 deinde

470 1389 610 1444 alios
664 1392 863 1448 ordine
921 1392 1200 1451 Romanos
1253 1396 1349 1466 qui
1394 1396 1623 1453 aderant
1666 1398 1868 1455 accire.
1934 1399 2041 1455 Ubi

472 1481 790 1548 adfuerunt,
841 1484 1221 1556 lectulumque
1298 1488 1801 1557 circumsteterunt,
1872 1492 2041 1547 etiam

473 1573 774 1639 Augustam
802 1579 989 1630 vocari
1028 1578 1216 1647 jussit.
1246 1578 1361 1645 Qua
1400 1593 1688 1649 praesente,
1721 1592 1776 1636 ut
1807 1583 2041 1639 maxime

474 1665 672 1728 putuit,
709 1679 766 1718 se
808 1665 1162 1733 conﬁrmans,
1193 1686 1365 1739 pauca
1411 1671 1480 1726 ad
1514 1688 1609 1728 eos
1636 1673 1723 1729 his
1750 1675 1932 1729 verbis
1963 1675 2043 1729 lo-

473 1764 634 1808 cutus
678 1765 759 1809 est
802 1775 815 1810 :
854 1757 1032 1813 Meum
1084 1776 1211 1831 erga
1260 1777 1358 1817 vos
1406 1778 1735 1833 propensum
1775 1767 2041 1832 animum,
2074 1737 2116 1794 Β

472 1845 656 1908 amici,
686 1856 742 1901 et
766 1849 1043 1916 quomodo
1084 1866 1168 1906 me
1203 1852 1581 1910 felicissimum
1614 1854 1969 1925 iudicassem,
1998 1858 2042 1912 si

475 1951 581 1988 non
629 1937 806 1993 solum
854 1938 908 1992 in
963 1954 1155 1996 omnes
1199 1944 1591 2012 communiter,
1626 1946 1720 2000 sed
1757 1947 1812 2001 in
1853 1963 2047 2001 unum-

472 2042 745 2096 quemque
773 2042 1017 2086 vestrum
1071 2048 1320 2087 seorsum
1361 2035 1662 2117 potuissem
1708 2037 2045 2115 quampluri-

472 2132 622 2171 mum
681 2118 1044 2189 benignitatis
1109 2124 1365 2181 conferre
1420 2141 1434 2178 :
1492 2142 1595 2182 nee
1661 2127 1880 2193 leviter,
1946 2129 2041 2189 sed

472 2226 689 2265 stnntno
715 2221 914 2266 conatu
944 2213 1258 2285 reipublicze
1285 2216 1680 2281 Romanorum,
1712 2219 1869 2273 vobis
1892 2218 2047 2290 adju-

475 2301 705 2365 toribus‘,
739 2303 1000 2372 prodesse
1032 2304 1241 2374 aliquid
1270 2309 1415 2376 apud
1447 2307 1688 2362 animum
1738 2320 1950 2363 certum
1981 2326 2043 2365 ac

473 2392 638 2448 fixum
678 2395 989 2456 habuerim.
1027 2407 1181 2451 ratus
1224 2400 1372 2452 omni
1411 2402 1519 2453 vita
1569 2401 1791 2455 suavius
1821 2415 1886 2455 ac
1917 2402 2045 2455 bea—

472 2486 600 2552 tius,
636 2487 680 2542 si
714 2503 812 2559 pro
854 2487 919 2541 iis
955 2498 1148 2543 contra
1192 2489 1455 2545 barbaros
1497 2491 1784 2547 decertans
1822 2501 2044 2563 oppete-

470 2596 607 2645 rcm,
641 2583 887 2653 ipse,qui
912 2584 1124 2639 occulta
1154 2594 1208 2639 et
1249 2584 1564 2641 abscondita
1591 2586 1875 2642 hominum
1922 2603 2045 2658 per-

471 2674 652 2742 Spicit,
679 2673 881 2745 quique
909 2675 1074 2729 corda
1104 2692 1169 2730 ac
1185 2693 1347 2733 renes
1374 2659 1650 2749 scrutatur
1674 2680 1837 2751 Deus,
1866 2678 2040 2733 novit.

436 2764 606 2835 'Quia
646 2781 776 2823 vero
816 2768 862 2820 is
902 2767 1006 2822 hoc
1046 2767 1165 2824 ticri
1219 2785 1326 2824 non
1385 2769 1589 2826 debere
1639 2773 1829 2827 statuit
1876 2774 1894 2845 (
1933 2788 2041 2841 quo

463 2853 694 2926 judicio,
751 2856 868 2927 ipse
914 2858 1061 2928 scit),
1094 2859 1187 2912 sed
1222 2866 1283 2914 ut
1313 2860 1579 2929 aspicitis.
1603 2871 1776 2916 morte
1809 2878 1909 2916 nos
1938 2862 2067 2916 cir-»

471 2946 772 3013 cumdedit,
801 2964 996 3005 omnes
1035 2952 1325 3009 manifesto
1376 2955 1623 3022 exemplo
1662 2970 2037 3017 commonens,

2146 481 2290 533 λοιτο
2334 480 2518 546 αὑτὸν,
2558 480 2652 533 καὶ
2695 476 2864 530 ταῦτα
2916 472 3172 527 νοσοῦντα
3230 469 3343 537 νῦν,
3387 470 3443 523 τὸ
3470 471 3653 523 κελευό-

2150 589 2307 642 μενον
2338 573 2529 625 ποιεῖν.
2596 570 2656 623 '0
2684 569 2729 624 δ’
2771 568 2923 620 οὐδὲν
2973 565 3192 618 ἔλαττον
3258 562 3363 614 τῶν
3406 561 3461 624 ἐξ
3509 561 3656 630 ἀρχῆς

2144 664 2322 732 εἴχετο
2359 662 2655 731 λογισμῶν,
2700 663 2793 714 καὶ
2820 657 3045 727 γνώμην
3094 651 3255 724 εἶχεν,
3308 653 3378 714 ὡς
3400 651 3497 705 οὐδ’
3536 650 3594 704 ἂν
3618 649 3662 704 εἰ

2145 774 2197 808 τι
2228 755 2437 823 γένοιτο
2498 756 2576 815 εἰς
2627 753 2888 823 βασιλέως
2956 751 3143 819 σχῆμα
3190 745 3500 815 κατασταίη.
3546 746 3660 797 Συν-

2149 846 2289 899 ιδὼν’
2318 844 2370 898 δὲ
2417 846 2443 897 ό
2485 842 2735 914 βασιλεὺς
2770 842 2844 905 ὡς
2881 842 2979 893 οὐκ
3015 840 3081 893 ἂν
3110 838 3320 891 δύναιτο
3368 834 3551 889 πείθευ.
3581 834 3664 887 αὖ.

2144 939 2236 990 τὶν
2267 936 2515 1007 ἀμείϐειν
2570 935 2631 989 τὸ
2677 935 2881 1004 σχῆμα,
2930 933 3071 1000 ἔγνω
3127 932 3235 985 δεῖν
3290 929 3363 999 μὴ
3413 930 3544 996 πέρα
3585 926 3663 979 τοῦ

2145 1028 2356 1091 δέοντος
2431 1028 2755 1096 φιλονεικεῖν
2808 1026 2867 1077 ἐν
2937 1023 3082 1078 οὕτω
3127 1020 3293 1089 στενῷ
3340 1020 3524 1089 κομιδῇ
3575 1018 3666 1071 τῶν

2148 1119 2492 1189 πραγμάτων
2551 1116 2935 1185 καθεστώτων,
2991 1113 3109 1168 ἀλλ’
3175 1112 3354 1183 αὐτοῖς
3410 1110 3666 1177 πράγμασι

2144 1211 2386 1280 διάδοχον
2419 1208 2582 1262 αὑτὸν
2613 1207 2712 1275 τῆς
2736 1205 3016 1275 βασιλείας
3046 1202 3400 1257 καταλιπεῖν·
3443 1198 3530 1253 καὶ
3573 1197 3667 1259 τοῖς

2149 1301 2494 1371 παρεστῶσιν
2537 1298 2756 1351 ἐκέλευε
2804 1296 2930 1358 τούς
2968 1312 3028 1347 τε
3078 1292 3410 1363 προῦχοντας
3442 1289 3531 1354 τῆς
3557 1301 3669 1354 συγ-

2147 1393 2345 1461 κλήτου
2381 1391 2621 1460 πρῶτον,
2667 1390 2762 1442 καὶ
2808 1388 2934 1451 τοὺς
2994 1387 3187 1449 ἄλλους
3243 1380 3484 1453 εὐγενείᾳ
3509 1379 3666 1446 διαφέ-

2149 1504 2360 1558 ροντας,
2389 1483 2562 1539 ἔπειτ’
2586 1483 2788 1560 ἐφεξῆς
2844 1483 2939 1535 καὶ
2989 1481 3115 1544 τοὺς
3145 1480 3337 1542 ἄλλους
3379 1478 3487 1531 ὅσοι
3514 1477 3669 1545 παρῆ-

2151 1596 2247 1630 σαν
2279 1576 2572 1647 Ῥωμαίων
2607 1574 2922 1644 συγκαλεῖν.
2939 1574 3094 1627 Ἐπεὶ
3123 1572 3180 1631 δὲ
3202 1569 3450 1639 συνῆλθον
3478 1568 3564 1621 καὶ
3591 1582 3671 1617 πε-

2150 1668 2443 1739 ριέστησαν
2476 1665 2659 1730 αὑτὸν,
2707 1667 2800 1720 καὶ
2828 1666 3029 1718 ’Λνναν
3067 1663 3167 1731 τὴν
3199 1660 3452 1732 ,βασιλίδα
3480 1657 3666 1711 ἐκέλευε

2147 1762 2425 1831 παρεῖναι.
2468 1759 2558 1822 Ὦς
2586 1758 2645 1811 δὲ
2688 1759 2782 1811 καὶ
2812 1757 2950 1827 αὐτὴ
2984 1756 3192 1826 παρῆν,
3230 1754 3308 1816 ὡς
3367 1751 3585 1821 μάλιστα
3611 1742 3671 1800 el-

2147 1870 2240 1923 χεν
2282 1851 2595 1924 ἐπιρρώσας
2652 1850 2868 1915 ἐαυτὸν,
2920 1848 3079 1915 ὀλίγοι
3108 1848 3243 1902 ἄττα
3270 1843 3528 1912 διειλέχθη
3555 1840 3670 1911 πρὸς

2145 1946 2344 2009 αὐτούς
2371 1958 2388 1976 ⁸
2423 1947 2527 2015 ἔφη
2556 1945 2665 2014 γάρ
2702 1959 2718 1975 ο
2746 1942 2857 2014 Τὴν
2894 1941 2993 2012 μὲν
3025 1940 3262 2005 εὔνοιαν,
3310 1931 3354 1991 ὧ
3394 1936 3547 2006 φίλοι,
3589 1933 3672 2001 τὴν

2147 2039 2273 2107 περὶ
2304 2039 2470 2108 ὑμᾶς,
2503 2037 2597 2091 καὶ
2620 2036 2696 2101 ώς
2741 2034 2837 2089 τοῦ
2872 2034 3075 2094 παντὸς
3113 2032 3181 2086 ἂν
3231 2028 3582 2100 ἐτιμησάμην,
3619 2025 3670 2076 οὐ

2149 2132 2312 2199 μόνον
2347 2132 2500 2200 κοινῇ
2536 2129 2766 2194 πάντας,
2812 2125 2950 2181 ἀλλὰ
2995 2127 3089 2179 καὶ
3117 2125 3354 2178 ἕκαστον
3410 2121 3551 2188 ὑμῶν
3582 2113 3674 2184 [δία

2143 2222 2211 2275 τὰ
2254 2223 2486 2291 μέγιστα
2520 2220 2902 2291 εὐεργετῆσαι,
2956 2219 3047 2270 καὶ
3071 2217 3146 2279 ὡς
3195 2215 3297 2268 οὐκ
3336 2217 3390 2268 ἐν
3418 2210 3672 2281 παρέργῳ,

2144 2311 2279 2365 ἀλλὰ
2326 2311 2473 2380 πάσῃ
2503 2310 2706 2379 σπουδῆ
2754 2309 2831 2379 τῷ
2884 2308 3044 2377 κοινῷ
3091 2306 3377 2377 Ῥωμαίων
3412 2322 3462 2357 τι
3487 2308 3677 2355 λυσιτε-

2144 2403 2328 2472 λήσειν
2358 2403 2484 2472 ὑμῖν
2516 2403 3115 2477 χρώμενοςσυνεργοῖς
3162 2398 3494 2469 προύθέμην,
3540 2390 3671 2460 νομί-

2144 2486 2253 2559 ζων
2282 2498 2330 2549 εἰ
2362 2495 2742 2563 ἀποθανοῦμαι
2788 2495 2897 2556 τοῖς
2924 2491 3220 2561 βαρῦάροις
3243 2491 3535 2560 μαχόμενος
3555 2483 3673 2550 ὑπὲρ

2146 2588 2348 2647 αὐτῶν,
2384 2586 2562 2653 πάσης
2593 2586 2746 2657 ἦδιον
2778 2586 2871 2637 καὶ
2904 2583 3321 2654 μακαριώτερον
3348 2581 3503 2648 ζωῆς,
3538 2575 3676 2635 αὐτὸς

2144 2680 2210 2733 ἂν
2236 2679 2402 2750 εἰδείη
2431 2678 2585 2743 Θεὸς,
2617 2680 2645 2730 ὁ
2673 2678 2740 2731 τὰ
2765 2676 2933 2746 ἄδηλα
2981 2679 3075 2728 καὶ
3104 2676 3173 2728 τὰ
3206 2671 3555 2743 κεκρυμμένα
3586 2666 3679 2719 τῶν

2143 2770 2443 2841 ἀνθρώπων
2487 2770 2664 2837 εἰδὼς,
2723 2769 2819 2823 καὶ
2859 2767 3097 2839 καρδιῶν
3144 2768 3243 2822 καὶ
3312 2765 3515 2835 φρενῶν
3571 2763 3679 2814 ἐτα-

2145 2865 2298 2933 στής.
2344 2862 2500 2916 Ἐπεὶ
2533 2861 2609 2935 δὲ,
2639 2855 2720 2922 οἷς
2763 2856 2870 2913 οἶδε
2904 2861 3169 2932 κρίμασιν
3200 2859 3381 2922 αὐτὸς,
3416 2856 3562 2909 τοῦτο
3590 2851 3675 2919 μὲν

2145 2950 2204 3002 οὐ
2252 2949 2477 3018 κέκρικε
2525 2948 2656 3009 δεῖν,
2700 2947 2815 3000 ἀλλ’
2851 2947 2927 3010 ὡς
2963 2948 3126 3019 ὁρᾶτε
3169 2940 3523 3015 περιέστησεν
3566 2941 3678 3009 ἡμῖν

470 3054 573 3093 nec
603 3041 870 3109 pecunia),
911 3058 1013 3098 nec
1041 3045 1270 3114 reliquis
1301 3045 1721 3118 quibuscunque
1760 3046 1919 3123 fluxis
1974 3060 2038 3100 ac

2143 3043 2239 3111 τὴν
2282 3040 2558 3111 τελευτὴν,
2611 3040 2812 3104 πάντας
2852 3039 3074 3107 λπείθων
3144 3038 3329 3109 ἔργοις
3372 3036 3563 3097 αὐτοῖς,
3613 3030 3678 3091 ὡς

472 3224 582 3278 Deo
638 3224 1014 3294 serviendum,
1073 3226 1233 3298 241
1296 3228 1459 3297 eique
1512 3227 1752 3297 quandiu
1798 3228 2042 3298 supersis

471 3315 885 3379 νόιιςυιόιιόυηι,
915 3325 971 3385 et
999 3317 1066 3371 ad
1123 3318 1272 3372 illam
1321 3318 1596 3374 ccelestcm
1630 3319 1796 3373 vitam
1843 3320 2040 3390 cuique

470 3424 651 3463 mores
710 3424 838 3464 suos
901 3410 1262 3481 corrigendos
1337 3413 1747 3482 aptandosque,
1802 3413 2038 3483 primum

468 3500 690 3570 quidem
743 3502 849 3557 hoc
905 3517 1162 3573 sermone
1215 3514 1523 3558 extremum
1564 3503 1723 3559 vobis
1770 3503 2038 3570 valedico,

366 3615 371 3619 -
469 3604 594 3641 cum
631 3588 901 3664 dubitem,
939 3591 1136 3660 ecquid
1188 3606 1287 3646 vos
1333 3591 1401 3646 de
1452 3602 1652 3647 caetero
1702 3592 2041 3648 allocuturus

470 3680 571 3734 sim
612 3695 625 3731 :
664 3696 922 3750 rogoque,
954 3683 999 3735 si
1035 3682 1166 3752 quid
1196 3697 1283 3737 me
1337 3684 1550 3748 amatis,
1600 3694 1658 3739 ut
1694 3683 1906 3738 Numen
1961 3696 2041 3738 to-

470 3773 576 3827 ties
606 3781 660 3827 et
690 3783 796 3827 tam
857 3774 1095 3843 graviter
1145 3789 1175 3828 a
1215 3791 1301 3830 me
1337 3774 1625 3841 oﬁ‘ensum,
1654 3777 1911 3853 precibus
1945 3793 2041 3831 ve-

471 3865 603 3920 Slris
636 3866 765 3929 mihi
810 3866 899 3920 tali
924 3876 1171 3937 tempore
1207 3868 1552 3938 potissimum
1588 3870 1684 3924 tali
1713 3870 1919 3924 auxilio
1960 3871 2042 3923 in-

403 3957 417 3976 ‘
458 3959 677 4027 Aligenti
756 3960 1077 4027 propitietis.
1139 3961 1344 4016 Deinde
1389 3962 1584 4017 ducem
1642 3979 1704 4017 ac
1749 3964 2039 4033 praesidem

472 4049 593 4105 loco
649 4063 770 4103 meo
828 4064 1082 4120 magnum
1134 4051 1492 4107 domesticum
1544 4054 1702 4107 vobis
1767 4055 2037 4123 relinquo.

471 4141 600 4197 Ilwc
645 4143 812 4206 fatus,
858 4143 1307 4214 comprehensam
1348 4147 1469 4213 eius
1498 4148 1776 4202 dexteram
1805 4148 2040 4203 dexterae

476 4233 866 4304 imperntricis,
906 4243 1019 4288 tum
1059 4236 1282 4290 Mariam
1335 4238 1499 4291 ﬁliam
1551 4246 1708 4292 utero
1755 4240 2036 4308 gestantis,

475 4342 596 4393 qum
654 4335 839 4393 postea
894 4326 1166 4389 Micltaeli,
1218 4328 1509 4381 Alexandri
1562 4330 1855 4385 Moesorum
1897 4331 2059 4401 regis

1434 3152 1497 3191 re
1507 3153 1624 3191 rum
1683 3138 1778 3191 uni
1829 3146 2037 3191 tantum

2143 3132 2264 3187 οὔτε
2297 3134 2573 3203 χρήμασιν
2602 3131 2726 3185 οὔτε
2759 3131 2884 3202 δόξῃ
2926 3129 3053 3184 οὔτε
3100 3132 3215 3194 τοῖς
3246 3130 3451 3191 λοιποῖς
3470 3127 3562 3180 ὅσα
3585 3123 3678 3177 τῶν

2145 3227 2376 3296 ῥεόντων
2429 3224 2525 3278 καὶ
2556 3223 2931 3293 φθειρομένων
2987 3220 3166 3292 χρεὼν
3214 3221 3535 3293 προσέχειν,·
3576 3213 3679 3268 ἀλλ’

2143 3316 2260 3379 ἐνὸς
2292 3314 2455 3385 μόνου
2504 3313 2751 3382 γίνεσθαι
2796 3313 2887 3366 τοῦ
2920 3313 3005 3365 διὰ
3044 3313 3162 3383 βίου
3189 3312 3390 3374 παντὸς
3421 3311 3679 3379 προσέχειν

2142 3408 2261 3477 Θεῷ
2282 3410 2375 3460 καὶ
2399 3408 2534 3477 πρὸς
2570 3407 2661 3460 τὶν
2684 3408 2894 3458 ἐκεῖθεν
2926 3405 3039 3474 βίον
3055 3405 3249 3457 ἑαυτὸν
3263 3404 3485 3458 ἕκαστον
3504 3401 3682 3470 μεταρ-

2144 3499 2431 3572 ρυθμίζειν
2493 3500 2586 3551 καὶ
2649 3498 3040 3568 μεθαρμόζειν,
3103 3497 3324 3567 πρῶτον
3393 3495 3488 3565 μέν
3551 3491 3678 3558 ὑμᾶς

2141 3594 2463 3664 ἀσπάζομαι
2485 3594 2552 3647 τά
2572 3593 2861 3646 τελευταῖα
2889 3591 2953 3662 δὴ
2984 3592 3178 3656 ταῦτα,
3215 3591 3411 3662 ἄδηλον
3447 3589 3506 3642 δν
3537 3590 3581 3638 εί
3609 3584 3679 3636 ἐτι

2143 3684 2749 3757 προσφθέγξομαι’ὐμῖν
2773 3701 2787 3716 ο
2831 3684 3139 3752 καὶδέομαι
3189 3684 3345 3753 ὑμῶν
3389 3683 3437 3734 εἰ
3467 3696 3544 3742 τις
3566 3676 3680 3745 ὑμῖν

2143 3782 2321 3833 κεῖται
2356 3779 2517 3847 χάρις
2549 3777 2707 3846 ἐμοῦ,
2743 3775 2974 3838 ἱκεσίαις
3014 3773 3350 3828 ίλεώσασθαι
3380 3773 3438 3826 τὸ
3462 3773 3683 3840 κρεῖττον

2141 3869 2264 3938 ἐμοὶ
2320 3867 2398 3937 τῷ
2470 3866 2641 3920 πολλὰ
2688 3866 2948 3930 πολλάκις
3003 3865 3151 3935 αὐτῴ
3217 3859 3681 3936 προσκεκρουκότι,

2144 3959 2379 4027 μάλιστα
2441 3958 2557 4009 νυνὶ
2606 3957 2849 4028 δεομένῳ
2905 3958 3007 4025 τῆς
3064 3957 3385 4023 ἐπικουρίας
3449 3946 3680 4018 ταυτησί.

2145 4051 2382 4103 Ἔπειτα
2427 4049 2484 4102 δὲ
2516 4049 2760 4118 ἡγεμόνα
2792 4050 2885 4101 καὶ
2918 4050 3234 4120 προστάτην
3290 4046 3406 4101 ἀντ’
3444 4043 3571 4113 ἐμοῦ
3604 4040 3684 4093 τὸν

2145 4141 2325 4211 μᾶγαν
2366 4141 2689 4209 δομέστικον
2745 4141 2948 4211 ἀφίημι
3007 4142 3175 4210 ὑμῖνν
3206 4140 3369 4195 Μετὰ
3421 4134 3682 4196 δὲ’τοῦτο,

2142 4233 2250 4287 τῶν
2282 4232 2449 4286 αὐτοῦ
2498 4233 2796 4303 λαϐόμενος
2835 4234 3056 4308 χειρῶν,
3099 4233 3194 4286 καὶ
3241 4235 3365 4296 ταῖς
3404 4231 3557 4303 χερσὶ
3597 4227 3684 4293 τῆς

2144 4326 2415 4397 βασιλίδος
2450 4325 2826 4397 περιαγαγὼν,
2872 4325 3103 4395 ἐχούσης
3151 4326 3210 4376 ἐν
3243 4318 3686 4393 γαστρὶΜαρίαν

431 4404 441 4419 “
478 4404 590 4466 tilio
620 4416 824 4484 nupsit,
854 4415 1143 4481 implicuit,
1172 4423 1227 4470 et
1252 4425 1376 4471 ante
1409 4417 1553 4472 illius
1586 4420 1895 4489 imaginem.
1918 4436 2040 4489 quae

2144 4416 2244 4485 τὴν
2301 4415 2596 4483 θυγατέρα,
2628 4415 2663 4485 ἢ
2709 4416 2802 4467 καὶ
2827 4414 3055 4485 ὕστερον
3086 4414 3309 4484 Μιχαὴλ
3357 4414 3494 4485 προς
3524 4412 3686 4477 γάμον

474 4518 639 4571 supra
675 4497 929 4558 naturam
978 4507 1044 4560 ad
1070 4507 1326 4563 'salutem
1358 4506 1583 4562 humani
1615 4510 1831 4578 generis
1866 4508 2035 4565 Deum

475 4593 675 4647 Jesume
712 4594 993 4649 Christum
1053 4600 1259 4666 peperit
1300 4615 1313 4650 :
1351 4598 1496 4663 Tibi,
1546 4600 1746 4669 inquit,
1789 4600 1950 4664 banc.
1983 4611 2039 4657 et

478 4685 754 4755 Romanos
803 4700 996 4742 omnes
1044 4689 1202 4742 trado
1250 4698 1413 4759 atque
1444 4692 1805 4759 commendo;
1837 4693 1935 4749 tibi
1970 4709 2035 4749 ex

476 4776 581 4829 hoc
618 4778 765 4829 cum
798 4785 979 4833 erunt.
1028 4778 1174 4833 illico
1236 4795 1295 4834 se
1344 4796 1535 4835 omnes
1578 4781 1633 4835 in
1682 4782 1919 4839 lamenta
1981 4794 2038 4837 et

476 4866 708 4936 gemitus
770 4865 1087 4933 effundere;
1130 4871 1243 4924 'nec
1293 4870 1481 4925 videre
1513 4871 1734 4939 licebat,
1786 4873 1891 4928 nisi
1944 4888 2039 4942 pe-

476 4968 627 5015 ctora
657 4959 941 5033 ferientes,
963 4969 1020 5014 et
1056 4962 1263 5015 crinem
1302 4960 1588 5019 laniantes.
1622 4962 1943 5020 Tollebatur
1969 4964 2035 5017 ad

474 5051 679 5104 aethera
730 5051 1035 5106 communis
1086 5053 1342 5123 ejulatus,
1394 5064 1450 5110 et
1497 5055 1737 5111 confusae
1790 5058 2036 5110 omnium

476 5157 639 5197 voces
669 5142 1116 5206 exaudiebantur,
1148 5158 1247 5198 nec
1269 5145 1558 5214 quisquam
1592 5147 1644 5200 in
1678 5155 1833 5201 tanto
1859 5146 2034 5209 luctu,

477 5234 577 5288 nisi
601 5249 632 5288 ο
656 5234 812 5288 silice
860 5246 1021 5290 natus
1045 5244 1211 5301 esset,
1240 5252 1271 5289 a
1302 5236 1430 5290 ﬂetu
1464 5247 1772 5308 temperare
1804 5246 2035 5306 poterat.

477 5325 696 5378 l=iutule
766 5326 935 5393 igitur
999 5326 1238 5398 universi
1298 5326 1604 5398 ploratibus
1651 5327 2033 5409 indulgebant;

421 5485 427 5492 ρ
474 5432 578 5470 nec
629 5415 698 5470 ad
743 5432 807 5471 ea
855 5433 975 5488 quae
1014 5418 1322 5488 audierant,
1371 5418 1706 5489 respondere
1757 5419 2033 5475 valebant.

473 5505 578 5563 Ubi
612 5522 736 5560 sero
764 5522 823 5560 se
848 5509 1206 5579 collegerunt,
1237 5519 1506 5580 praecepta
1544 5511 1893 5580 imperatoris
1924 5525 2041 5567 ser-

475 5608 606 5647 vare
658 5596 799 5649 inter
851 5611 909 5650 se
953 5597 1338 5663 decreverunt,
1386 5599 1550 5667 eique
1607 5598 1861 5654 ultimum
1920 5598 2037 5654 vale

478 5681 680 5763 singuli
708 5683 898 5745 multis
937 5701 1062 5741 cum
1108 5687 1364 5761 lacrymis
1394 5686 1638 5767 dicentes
1667 5697 2032 5748 recesserunt.

2141 4507 2357 4579 ἐξεδόθη
2388 4506 2464 4576 τῷ
2495 4506 2696 4561 Μυσῶν
2728 4506 2989 4576 βασιλέως
3027 4505 3383 4577 Ἀλεξάνδρου
3415 4522 3431 4538 ο
3465 4506 3556 4559 καὶ
3596 4500 3685 4566 τῆς

2140 4578 2353 4662 εἰκόνος
2404 4599 2768 4667 ἐφεστηκυίας
2822 4599 2918 4667 τῆς
2981 4598 3281 4667 ὑπερφυῶς
3332 4597 3421 4651 διὰ
3469 4591 3685 4664 τὴντῶν

2140 4688 2443 4758 ἀνθρώπων
2473 4689 2747 4758 σωτηρίαν
2775 4689 3054 4752 τετοκυίας
3085 4689 3219 4743 Θεὸν
3243 4690 3338 4741 τὸν
3366 4688 3565 4755 Κύριον
3593 4684 3685 4751 ’1η-

2143 4783 2269 4836 σοῦν
2332 4782 2589 4854 Χριστὸν,
2629 4783 2719 4835 Σοὶ
2778 4781 3002 4852 ταύτην,
3054 4781 3559 4859 ἔφη,›παραδίδωμι
3602 4774 3685 4828 καὶ

2140 4879 2349 4939 πάντας
2381 4876 2706 4943 Ῥωμαίους,
2732 4878 2822 4928 καὶ
2855 4874 3175 4928 τοαποτοῦδέ
3210 4891 3294 4927 σοι
3324 4874 3547 4944 μελήσει
3574 4866 3685 4933 περὶ

2140 4964 2341 5017 αὐτῶν.
2401 4962 2610 5034 Θρῆνος
2634 4961 2734 5031 μὲν
2787 4960 2879 5014 οῦν
2909 4962 3074 5024 εὐθὺς
3131 4963 3234 5015 ὑπὸ
3285 4963 3509 5016 πάντων
3564 4954 3686 5028 ᾗρτο

2139 5052 2416 5122 λαμπρὸς,
2454 5051 2551 5105 καὶ
2603 5051 2802 5111 πάντες
2870 5049 3173 5119 ἐτράποντο
3220 5050 3363 5118 πρὸς
3402 5044 3640 5117 οἰμωγάς
3668 5057 3682 5073 ⁸

2141 5142 2234 5197 καὶ
2288 5142 2441 5195 οὐδὲν
2489 5136 2559 5212 ἦν
2616 5143 2751 5210 όρᾷν
2780 5142 2829 5194 εἰ
2861 5142 2935 5210 μὴ
2980 5141 3355 5210 κοπτομένους
3403 5140 3499 5192 καὶ
3527 5151 3684 5190 κατα-

2139 5234 2504 5305 τιλλομένους,
2541 5233 2635 5287 καὶ
2674 5236 2701 5286 ό
2728 5234 2817 5286 διὰ
2845 5234 3061 5286 πάντων
3114 5233 3423 5302 ὀλοφυρμὸς
3473 5224 3685 5283 ἐπιπολῦ

2139 5327 2232 5380 τοῦ
2264 5326 2425 5398 ἀέρος
2460 5325 2679 5398 ἐχώρει,
2709 5326 2801 5379 καὶ
2850 5326 3030 5381 πάντα
3058 5324 3351 5395 ὲξηκσύετο
3396 5319 3635 5392 συμμιγῆ
3667 5329 3682 5346 ⁹

2140 5422 2235 5473 καὶ
2267 5419 2441 5482 οὐδεὶς
2485 5422 2533 5472 εί
2588 5421 2663 5491 μὴ
2692 5418 3034 5489 αὐτολιθίνην
3077 5415 3191 5488 εἶχε
3241 5416 3444 5489 ψυχὴν,
3487 5414 3685 5482 ἴσχυσεν

2140 5511 2206 5565 ἂν
2244 5512 2515 5582 ἐγκρατὴς
2553 5510 2742 5564 ἐαυτοῦ
2776 5510 3028 5578 γενέσθαι
3061 5511 3156 5563 καὶ
3222 5511 3294 5580 μὴ
3337 5504 3685 5574 ἐπιδακρῦσαι

2140 5605 2251 5667 τοῖς
2278 5602 2600 5673 γινομένοις.
2662 5601 2779 5670 Ἐφ’
2823 5600 3007 5656 ἱκανὸν
3070 5602 3170 5672 μὲν
3234 5595 3331 5653 οὖν
3380 5597 3575 5658 πάντες
3614 5594 3690 5646 ἐν·-

2140 5692 2361 5762 ἑμειναν
2388 5693 2498 5754 τοῖς
2527 5691 2874 5763 ὀλοφυρμοῖς,
2903 5693 3112 5756 οὐδενὸς
3138 5688 3465 5771 ’ἰσχύσαντος
3510 5683 3664 5742 ἀποὶο
