  <div class='ocr_page' id='page_1' title='image "/cluster/home/n/w/nwhite01/storage/ocr_20150623/153/hvd.32044073502643/260.png"; bbox 0 0 4010 6190; ppageno 0'>
   <div class='ocr_carea' id='block_1_1' title="bbox 370 231 509 293">
    <p class='ocr_par' dir='ltr' id='par_1_1' title="bbox 370 231 509 293">
     <span class='ocr_line' id='line_1_1' title="bbox 370 231 509 293; baseline 0.022 -3"><span class='ocrx_word' id='word_1_1' title='bbox 370 231 509 293; x_wconf 74' lang='grc'><strong>50⁸3</strong></span> 
     </span>
    </p>
   </div>
   <div class='ocr_carea' id='block_1_2' title="bbox 1587 229 2521 296">
    <p class='ocr_par' dir='ltr' id='par_1_2' title="bbox 1587 229 2521 296">
     <span class='ocr_line' id='line_1_2' title="bbox 1587 229 2521 296; baseline 0.003 -3"><span class='ocrx_word' id='word_1_2' title='bbox 1587 232 1948 293; x_wconf 70' lang='lat' dir='ltr'><strong>HISTORIA</strong></span> <span class='ocrx_word' id='word_1_3' title='bbox 1962 229 2125 290; x_wconf 78' lang='lat' dir='ltr'><strong>RUM</strong></span> <span class='ocrx_word' id='word_1_4' title='bbox 2167 232 2398 294; x_wconf 82' lang='lat' dir='ltr'><strong>LIBER</strong></span> <span class='ocrx_word' id='word_1_5' title='bbox 2439 234 2521 296; x_wconf 84' lang='lat' dir='ltr'><strong>Il.</strong></span> 
     </span>
    </p>
   </div>
   <div class='ocr_carea' id='block_1_3' title="bbox 3549 228 3657 296">
    <p class='ocr_par' dir='ltr' id='par_1_3' title="bbox 3549 228 3657 296">
     <span class='ocr_line' id='line_1_3' title="bbox 3549 228 3657 296; baseline -0.019 0"><span class='ocrx_word' id='word_1_6' title='bbox 3549 228 3657 296; x_wconf 77' lang='lat'><strong>510</strong></span> 
     </span>
    </p>
   </div>
   <div class='ocr_carea' id='block_1_4' title="bbox 2660 302 2757 325">
    <p class='ocr_par' dir='ltr' id='par_1_4' title="bbox 2660 302 2757 325">
     <span class='ocr_line' id='line_1_4' title="bbox 2660 302 2757 325; baseline 0 -10"><span class='ocrx_word' id='word_1_7' title='bbox 2660 308 2671 315; x_wconf 68' lang='grc' dir='ltr'><em>ι</em></span> <span class='ocrx_word' id='word_1_8' title='bbox 2738 302 2757 325; x_wconf 35' lang='grc' dir='ltr'><strong>ε.</strong></span> 
     </span>
    </p>
   </div>
   <div class='ocr_carea' id='block_1_5' title="bbox 366 349 1969 420">
    <p class='ocr_par' dir='ltr' id='par_1_5' title="bbox 366 349 1969 417">
     <span class='ocr_line' id='line_1_5' title="bbox 366 349 1969 417; baseline 0.002 -20"><span class='ocrx_word' id='word_1_9' title='bbox 366 361 514 398; x_wconf 75' lang='grc' dir='ltr'>τειν</span> <span class='ocrx_word' id='word_1_10' title='bbox 546 349 681 417; x_wconf 69' lang='grc' dir='ltr'>περὶ</span> <span class='ocrx_word' id='word_1_11' title='bbox 718 349 911 402; x_wconf 70' lang='grc' dir='ltr'>ἑαυτοῦ</span> <span class='ocrx_word' id='word_1_12' title='bbox 940 367 955 380; x_wconf 87' lang='grc'><strong>·</strong></span> <span class='ocrx_word' id='word_1_13' title='bbox 992 354 1018 403; x_wconf 78' lang='grc' dir='ltr'>ὁ</span> <span class='ocrx_word' id='word_1_14' title='bbox 1050 351 1105 403; x_wconf 72' lang='grc' dir='ltr'><strong>δὲ</strong></span> <span class='ocrx_word' id='word_1_15' title='bbox 1135 350 1394 415; x_wconf 64' lang='grc' dir='ltr'>ἀκούσας,</span> <span class='ocrx_word' id='word_1_16' title='bbox 1427 351 1614 413; x_wconf 78' lang='grc' dir='ltr'>ἔνθους</span> <span class='ocrx_word' id='word_1_17' title='bbox 1645 369 1704 403; x_wconf 81' lang='grc' dir='ltr'>τε</span> <span class='ocrx_word' id='word_1_18' title='bbox 1758 351 1969 417; x_wconf 67' lang='grc' dir='ltr'>ἐγένετο</span> 
     </span>
    </p>
   </div>
   <div class='ocr_carea' id='block_1_6' title="bbox 2073 349 3652 420">
    <p class='ocr_par' dir='ltr' id='par_1_6' title="bbox 2082 349 3652 420">
     <span class='ocr_line' id='line_1_6' title="bbox 2082 349 3652 420; baseline 0.003 -19"><span class='ocrx_word' id='word_1_19' title='bbox 2082 361 2306 403; x_wconf 84' lang='lat' dir='ltr'><strong>causam</strong></span> <span class='ocrx_word' id='word_1_20' title='bbox 2348 350 2717 405; x_wconf 85' lang='lat' dir='ltr'><strong>accersendus</strong></span> <span class='ocrx_word' id='word_1_21' title='bbox 2760 350 2833 406; x_wconf 83' lang='lat' dir='ltr'><strong>sit</strong></span> <span class='ocrx_word' id='word_1_22' title='bbox 2864 349 3080 420; x_wconf 69' lang='lat' dir='ltr'><strong>quaerit,</strong></span> <span class='ocrx_word' id='word_1_23' title='bbox 3121 364 3229 419; x_wconf 89' lang='lat' dir='ltr'><strong>qua</strong></span> <span class='ocrx_word' id='word_1_24' title='bbox 3268 349 3566 411; x_wconf 85' lang='lat' dir='ltr'><strong>intellecta.</strong></span> <span class='ocrx_word' id='word_1_25' title='bbox 3593 368 3652 405; x_wconf 83' lang='lat' dir='ltr'><strong>se</strong></span> 
     </span>
    </p>
   </div>
   <div class='ocr_carea' id='block_1_7' title="bbox 365 434 1971 510">
    <p class='ocr_par' dir='ltr' id='par_1_7' title="bbox 365 434 1971 510">
     <span class='ocr_line' id='line_1_7' title="bbox 365 434 1971 510; baseline 0.004 -23"><span class='ocrx_word' id='word_1_26' title='bbox 365 434 486 502; x_wconf 74' lang='grc' dir='ltr'><strong>ὑφ’</strong></span> <span class='ocrx_word' id='word_1_27' title='bbox 549 438 764 507; x_wconf 61' lang='grc' dir='ltr'>ἡδονῆς,</span> <span class='ocrx_word' id='word_1_28' title='bbox 804 442 898 493; x_wconf 70' lang='grc' dir='ltr'>καὶ</span> <span class='ocrx_word' id='word_1_29' title='bbox 948 440 1023 501; x_wconf 82' lang='grc' dir='ltr'>ὡς</span> <span class='ocrx_word' id='word_1_30' title='bbox 1058 441 1156 509; x_wconf 72' lang='grc' dir='ltr'>ἤδη</span> <span class='ocrx_word' id='word_1_31' title='bbox 1210 441 1440 509; x_wconf 76' lang='grc' dir='ltr'>λαμπρά</span> <span class='ocrx_word' id='word_1_32' title='bbox 1472 459 1591 493; x_wconf 91' lang='grc' dir='ltr'>τινα</span> <span class='ocrx_word' id='word_1_33' title='bbox 1631 438 1971 510; x_wconf 81' lang='grc' dir='ltr'>εὐτυχηκὼς,</span> 
     </span>
    </p>
   </div>
   <div class='ocr_carea' id='block_1_8' title="bbox 358 527 1972 602">
    <p class='ocr_par' dir='ltr' id='par_1_8' title="bbox 358 527 1972 602">
     <span class='ocr_line' id='line_1_8' title="bbox 358 527 1972 602; baseline 0.003 -23"><span class='ocrx_word' id='word_1_34' title='bbox 358 527 481 581; x_wconf 74' lang='grc' dir='ltr'>τὸν</span> <span class='ocrx_word' id='word_1_35' title='bbox 525 532 705 600; x_wconf 77' lang='grc' dir='ltr'>μέγαν</span> <span class='ocrx_word' id='word_1_36' title='bbox 723 532 1048 599; x_wconf 78' lang='grc' dir='ltr'>δομέστικον</span> <span class='ocrx_word' id='word_1_37' title='bbox 1089 534 1463 602; x_wconf 80' lang='grc' dir='ltr'>μετεκαλεῖτο,</span> <span class='ocrx_word' id='word_1_38' title='bbox 1506 535 1600 587; x_wconf 67' lang='grc' dir='ltr'>καὶ</span> <span class='ocrx_word' id='word_1_39' title='bbox 1635 534 1772 602; x_wconf 75' lang='grc' dir='ltr'>μετὰ</span> <span class='ocrx_word' id='word_1_40' title='bbox 1803 550 1972 584; x_wconf 86' lang='grc' dir='ltr'>σπου-</span> 
     </span>
    </p>
   </div>
   <div class='ocr_carea' id='block_1_9' title="bbox 354 612 1975 695">
    <p class='ocr_par' dir='ltr' id='par_1_9' title="bbox 354 612 1975 695">
     <span class='ocr_line' id='line_1_9' title="bbox 354 612 1975 695; baseline 0.001 -22"><span class='ocrx_word' id='word_1_41' title='bbox 354 619 484 688; x_wconf 77' lang='grc' dir='ltr'>δῆς</span> <span class='ocrx_word' id='word_1_42' title='bbox 567 624 787 676; x_wconf 76' lang='grc' dir='ltr'>ἐκέλευε</span> <span class='ocrx_word' id='word_1_43' title='bbox 842 625 1056 693; x_wconf 75' lang='grc' dir='ltr'>πατέρα</span> <span class='ocrx_word' id='word_1_44' title='bbox 1109 626 1200 677; x_wconf 69' lang='grc' dir='ltr'><strong>τὸν</strong></span> <span class='ocrx_word' id='word_1_45' title='bbox 1236 625 1610 695; x_wconf 72' lang='grc' dir='ltr'>πνευματικὸν</span> <span class='ocrx_word' id='word_1_46' title='bbox 1669 612 1851 680; x_wconf 82' lang='grc' dir='ltr'>καλεῖν</span> <span class='ocrx_word' id='word_1_47' title='bbox 1882 624 1975 677; x_wconf 80' lang='grc' dir='ltr'>τὸν</span> 
     </span>
    </p>
   </div>
   <div class='ocr_carea' id='block_1_10' title="bbox 356 713 1976 786">
    <p class='ocr_par' dir='ltr' id='par_1_10' title="bbox 356 713 1976 786">
     <span class='ocr_line' id='line_1_10' title="bbox 356 713 1976 786; baseline 0.002 -22"><span class='ocrx_word' id='word_1_48' title='bbox 356 713 600 767; x_wconf 69' lang='grc' dir='ltr'>ἑαυτοῦ</span> <span class='ocrx_word' id='word_1_49' title='bbox 627 731 646 746; x_wconf 76' lang='grc' dir='ltr'><strong>ο</strong></span> <span class='ocrx_word' id='word_1_50' title='bbox 672 717 701 768; x_wconf 83' lang='grc'>6</span> <span class='ocrx_word' id='word_1_51' title='bbox 732 715 788 768; x_wconf 70' lang='grc' dir='ltr'>δὲ</span> <span class='ocrx_word' id='word_1_52' title='bbox 839 717 950 768; x_wconf 85' lang='grc' dir='ltr'>τῶν</span> <span class='ocrx_word' id='word_1_53' title='bbox 974 717 1362 785; x_wconf 79' lang='grc' dir='ltr'><strong>γεγενημένων</strong></span> <span class='ocrx_word' id='word_1_54' title='bbox 1393 716 1550 780; x_wconf 78' lang='grc' dir='ltr'>εἰδὼς</span> <span class='ocrx_word' id='word_1_55' title='bbox 1580 717 1768 786; x_wconf 81' lang='grc' dir='ltr'>μηδὲν,</span> <span class='ocrx_word' id='word_1_56' title='bbox 1811 718 1976 768; x_wconf 76' lang='grc' dir='ltr'>ἐπυν-</span> 
     </span>
    </p>
   </div>
   <div class='ocr_carea' id='block_1_11' title="bbox 358 806 1975 880">
    <p class='ocr_par' dir='ltr' id='par_1_11' title="bbox 358 806 1975 880">
     <span class='ocr_line' id='line_1_11' title="bbox 358 806 1975 880; baseline 0.002 -23"><span class='ocrx_word' id='word_1_57' title='bbox 358 806 596 860; x_wconf 76' lang='grc' dir='ltr'>θάνετο</span> <span class='ocrx_word' id='word_1_58' title='bbox 628 808 731 878; x_wconf 76' lang='grc' dir='ltr'>τὴν</span> <span class='ocrx_word' id='word_1_59' title='bbox 762 809 947 861; x_wconf 86' lang='grc' dir='ltr'>αίτίαν</span> <span class='ocrx_word' id='word_1_60' title='bbox 1016 813 1116 878; x_wconf 79' lang='grc' dir='ltr'>τῆς</span> <span class='ocrx_word' id='word_1_61' title='bbox 1158 811 1405 879; x_wconf 77' lang='grc' dir='ltr'><strong>κλήσεως</strong></span> <span class='ocrx_word' id='word_1_62' title='bbox 1444 809 1567 880; x_wconf 77' lang='grc' dir='ltr'>ἥτις</span> <span class='ocrx_word' id='word_1_63' title='bbox 1616 810 1737 878; x_wconf 79' lang='grc' dir='ltr'>εῐηο</span> <span class='ocrx_word' id='word_1_64' title='bbox 1774 812 1895 862; x_wconf 78' lang='grc' dir='ltr'>ἐπεὶ</span> <span class='ocrx_word' id='word_1_65' title='bbox 1916 809 1975 862; x_wconf 81' lang='grc' dir='ltr'>δὲ</span> 
     </span>
    </p>
   </div>
   <div class='ocr_carea' id='block_1_12' title="bbox 357 900 1975 973">
    <p class='ocr_par' dir='ltr' id='par_1_12' title="bbox 357 900 1975 973">
     <span class='ocr_line' id='line_1_12' title="bbox 357 900 1975 973; baseline 0.002 -21"><span class='ocrx_word' id='word_1_66' title='bbox 357 900 613 966; x_wconf 74' lang='grc' dir='ltr'>μάθοι,</span> <span class='ocrx_word' id='word_1_67' title='bbox 672 902 885 971; x_wconf 85' lang='grc' dir='ltr'>βασιλεῖ</span> <span class='ocrx_word' id='word_1_68' title='bbox 946 902 1048 971; x_wconf 82' lang='grc' dir='ltr'>μὲν</span> <span class='ocrx_word' id='word_1_69' title='bbox 1118 903 1435 973; x_wconf 81' lang='grc' dir='ltr'><strong>ὑπισχνεῖτο</strong></span> <span class='ocrx_word' id='word_1_70' title='bbox 1500 902 1571 955; x_wconf 78' lang='grc' dir='ltr'><strong>τὰ</strong></span> <span class='ocrx_word' id='word_1_71' title='bbox 1636 902 1975 973; x_wconf 71' lang='grc' dir='ltr'>κελευόμενα</span> 
     </span>
    </p>
   </div>
   <div class='ocr_carea' id='block_1_13' title="bbox 353 992 1976 1064">
    <p class='ocr_par' dir='ltr' id='par_1_13' title="bbox 353 992 1976 1064">
     <span class='ocr_line' id='line_1_13' title="bbox 353 992 1976 1064; baseline 0.001 -20"><span class='ocrx_word' id='word_1_72' title='bbox 353 996 572 1045; x_wconf 78' lang='grc' dir='ltr'>ποιεῖν</span> <span class='ocrx_word' id='word_1_73' title='bbox 596 1010 610 1022; x_wconf 89' lang='grc'><strong>·</strong></span> <span class='ocrx_word' id='word_1_74' title='bbox 648 994 760 1056; x_wconf 85' lang='grc' dir='ltr'>τοῖς</span> <span class='ocrx_word' id='word_1_75' title='bbox 801 994 1009 1062; x_wconf 86' lang='grc' dir='ltr'>ίατροῖς</span> <span class='ocrx_word' id='word_1_76' title='bbox 1038 992 1093 1046; x_wconf 75' lang='grc' dir='ltr'>δὲ</span> <span class='ocrx_word' id='word_1_77' title='bbox 1142 995 1380 1061; x_wconf 70' lang='grc' dir='ltr'>ἐπετίμα</span> <span class='ocrx_word' id='word_1_78' title='bbox 1407 1011 1466 1046; x_wconf 82' lang='grc' dir='ltr'>τε</span> <span class='ocrx_word' id='word_1_79' title='bbox 1493 995 1553 1048; x_wconf 77' lang='grc' dir='ltr'><strong>οὐ</strong></span> <span class='ocrx_word' id='word_1_80' title='bbox 1589 996 1848 1064; x_wconf 86' lang='grc' dir='ltr'>μετρίως,</span> <span class='ocrx_word' id='word_1_81' title='bbox 1879 997 1976 1049; x_wconf 84' lang='grc' dir='ltr'><strong>καὶ</strong></span> 
     </span>
    </p>
   </div>
   <div class='ocr_carea' id='block_1_14' title="bbox 354 1087 1974 1158">
    <p class='ocr_par' dir='ltr' id='par_1_14' title="bbox 354 1087 1974 1158">
     <span class='ocr_line' id='line_1_14' title="bbox 354 1087 1974 1158; baseline 0.002 -21"><span class='ocrx_word' id='word_1_82' title='bbox 354 1087 553 1148; x_wconf 69' lang='grc' dir='ltr'>αὐτὸς</span> <span class='ocrx_word' id='word_1_83' title='bbox 590 1089 825 1158; x_wconf 73' lang='grc' dir='ltr'>ἦνεγκεν</span> <span class='ocrx_word' id='word_1_84' title='bbox 857 1089 959 1141; x_wconf 81' lang='grc' dir='ltr'>οὐκ</span> <span class='ocrx_word' id='word_1_85' title='bbox 990 1089 1256 1152; x_wconf 82' lang='grc' dir='ltr'>ἀνεκτῶς.</span> <span class='ocrx_word' id='word_1_86' title='bbox 1284 1089 1623 1158; x_wconf 79' lang='grc' dir='ltr'>Τρισομένης</span> <span class='ocrx_word' id='word_1_87' title='bbox 1655 1088 1712 1141; x_wconf 80' lang='grc' dir='ltr'>δὲ</span> <span class='ocrx_word' id='word_1_88' title='bbox 1742 1088 1974 1141; x_wconf 75' lang='grc' dir='ltr'><strong>ἐπιπολὺ</strong></span> 
     </span>
    </p>
   </div>
   <div class='ocr_carea' id='block_1_15' title="bbox 312 1164 1974 1281">
    <p class='ocr_par' dir='ltr' id='par_1_15' title="bbox 312 1180 1974 1281">
     <span class='ocr_line' id='line_1_15' title="bbox 312 1180 1974 1281; baseline 0.004 -51"><span class='ocrx_word' id='word_1_89' title='bbox 312 1182 467 1281; x_wconf 50' lang='grc' dir='ltr'><strong>ῂίτῆς</strong></span> <span class='ocrx_word' id='word_1_90' title='bbox 500 1180 674 1251; x_wconf 81' lang='grc' dir='ltr'>ὥρας</span> <span class='ocrx_word' id='word_1_91' title='bbox 710 1181 805 1235; x_wconf 78' lang='grc' dir='ltr'>καὶ</span> <span class='ocrx_word' id='word_1_92' title='bbox 836 1181 932 1235; x_wconf 76' lang='grc' dir='ltr'><strong>τοῦ</strong></span> <span class='ocrx_word' id='word_1_93' title='bbox 967 1183 1340 1249; x_wconf 77' lang='grc' dir='ltr'><strong>πνευματικοῦ</strong></span> <span class='ocrx_word' id='word_1_94' title='bbox 1392 1182 1600 1249; x_wconf 63' lang='grc' dir='ltr'>πατρὸς</span> <span class='ocrx_word' id='word_1_95' title='bbox 1628 1181 1690 1234; x_wconf 83' lang='grc' dir='ltr'>οὐ</span> <span class='ocrx_word' id='word_1_96' title='bbox 1725 1197 1974 1251; x_wconf 85' lang='grc' dir='ltr'>παραγι-</span> 
     </span>
    </p>
   </div>
   <div class='ocr_carea' id='block_1_16' title="bbox 324 1274 1974 1345">
    <p class='ocr_par' dir='ltr' id='par_1_16' title="bbox 324 1274 1974 1345">
     <span class='ocr_line' id='line_1_16' title="bbox 324 1274 1974 1345; baseline -0.001 -16"><span class='ocrx_word' id='word_1_97' title='bbox 324 1274 655 1341; x_wconf 79' lang='grc' dir='ltr'>ῐνομένου,</span> <span class='ocrx_word' id='word_1_98' title='bbox 694 1276 857 1338; x_wconf 80' lang='grc' dir='ltr'>αὑτός</span> <span class='ocrx_word' id='word_1_99' title='bbox 902 1292 962 1328; x_wconf 88' lang='grc' dir='ltr'>τε</span> <span class='ocrx_word' id='word_1_100' title='bbox 992 1275 1297 1328; x_wconf 75' lang='grc' dir='ltr'>ὲπέσπευδε</span> <span class='ocrx_word' id='word_1_101' title='bbox 1331 1275 1432 1344; x_wconf 82' lang='grc' dir='ltr'>τὴν</span> <span class='ocrx_word' id='word_1_102' title='bbox 1461 1274 1670 1345; x_wconf 73' lang='grc' dir='ltr'>ἄφιξιν,</span> <span class='ocrx_word' id='word_1_103' title='bbox 1722 1275 1974 1335; x_wconf 73' lang='grc' dir='ltr'>καὶτοὺς</span> 
     </span>
    </p>
   </div>
   <div class='ocr_carea' id='block_1_17' title="bbox 354 1361 1972 1434">
    <p class='ocr_par' dir='ltr' id='par_1_17' title="bbox 354 1361 1972 1434">
     <span class='ocr_line' id='line_1_17' title="bbox 354 1361 1972 1434; baseline 0.004 -23"><span class='ocrx_word' id='word_1_104' title='bbox 354 1361 623 1430; x_wconf 56' lang='lat' dir='ltr'><strong>turpe);</strong></span> <span class='ocrx_word' id='word_1_105' title='bbox 660 1362 763 1433; x_wconf 83' lang='grc' dir='ltr'><strong>τὴν</strong></span> <span class='ocrx_word' id='word_1_106' title='bbox 788 1362 972 1416; x_wconf 75' lang='grc' dir='ltr'>αἰτίαν</span> <span class='ocrx_word' id='word_1_107' title='bbox 997 1367 1094 1432; x_wconf 77' lang='grc' dir='ltr'><strong>τῆς</strong></span> <span class='ocrx_word' id='word_1_108' title='bbox 1125 1364 1438 1434; x_wconf 73' lang='grc' dir='ltr'><strong>μελλήσεως</strong></span> <span class='ocrx_word' id='word_1_109' title='bbox 1467 1364 1679 1434; x_wconf 75' lang='grc' dir='ltr'><strong>ἠρώτα.</strong></span> <span class='ocrx_word' id='word_1_110' title='bbox 1705 1364 1898 1426; x_wconf 70' lang='grc' dir='ltr'>Συνεὶς</span> <span class='ocrx_word' id='word_1_111' title='bbox 1915 1363 1972 1417; x_wconf 77' lang='grc' dir='ltr'>δὲ</span> 
     </span>
    </p>
   </div>
   <div class='ocr_carea' id='block_1_18' title="bbox 348 1453 1976 1525">
    <p class='ocr_par' dir='ltr' id='par_1_18' title="bbox 348 1453 1976 1525">
     <span class='ocr_line' id='line_1_18' title="bbox 348 1453 1976 1525; baseline 0.004 -21"><span class='ocrx_word' id='word_1_112' title='bbox 348 1453 478 1505; x_wconf 74' lang='grc' dir='ltr'><strong>ἀπὸ</strong></span> <span class='ocrx_word' id='word_1_113' title='bbox 503 1453 637 1505; x_wconf 82' lang='grc' dir='ltr'><strong>τῶν</strong></span> <span class='ocrx_word' id='word_1_114' title='bbox 667 1453 979 1524; x_wconf 77' lang='grc' dir='ltr'>λεγομένων</span> <span class='ocrx_word' id='word_1_115' title='bbox 1001 1456 1149 1524; x_wconf 72' lang='grc' dir='ltr'>ὑγιὲς</span> <span class='ocrx_word' id='word_1_116' title='bbox 1183 1457 1349 1524; x_wconf 79' lang='grc' dir='ltr'>μηδὲν</span> <span class='ocrx_word' id='word_1_117' title='bbox 1374 1457 1571 1518; x_wconf 67' lang='grc' dir='ltr'>αὐτοὺς</span> <span class='ocrx_word' id='word_1_118' title='bbox 1594 1456 1798 1525; x_wconf 80' lang='grc' dir='ltr'>λέγειν,</span> <span class='ocrx_word' id='word_1_119' title='bbox 1826 1460 1976 1510; x_wconf 76' lang='grc' dir='ltr'>ἐστο-</span> 
     </span>
    </p>
   </div>
   <div class='ocr_carea' id='block_1_19' title="bbox 347 1544 1975 1621">
    <p class='ocr_par' dir='ltr' id='par_1_19' title="bbox 347 1544 1975 1621">
     <span class='ocr_line' id='line_1_19' title="bbox 347 1544 1975 1621; baseline 0.005 -27"><span class='ocrx_word' id='word_1_120' title='bbox 347 1544 588 1609; x_wconf 75' lang='grc' dir='ltr'>χάζετο</span> <span class='ocrx_word' id='word_1_121' title='bbox 617 1547 773 1616; x_wconf 81' lang='grc' dir='ltr'><strong>παρά</strong></span> <span class='ocrx_word' id='word_1_122' title='bbox 802 1548 894 1601; x_wconf 76' lang='grc' dir='ltr'><strong>τοῦ</strong></span> <span class='ocrx_word' id='word_1_123' title='bbox 916 1547 1153 1616; x_wconf 77' lang='grc' dir='ltr'>μεγάλου</span> <span class='ocrx_word' id='word_1_124' title='bbox 1177 1548 1504 1608; x_wconf 83' lang='grc' dir='ltr'>δομεστίκου</span> <span class='ocrx_word' id='word_1_125' title='bbox 1534 1548 1844 1602; x_wconf 80' lang='grc' dir='ltr'><strong>κωλύεσθαι</strong></span> <span class='ocrx_word' id='word_1_126' title='bbox 1872 1548 1975 1621; x_wconf 80' lang='grc' dir='ltr'>τὴν</span> 
     </span>
    </p>
   </div>
   <div class='ocr_carea' id='block_1_20' title="bbox 349 1634 1973 1707">
    <p class='ocr_par' dir='ltr' id='par_1_20' title="bbox 349 1634 1973 1707">
     <span class='ocr_line' id='line_1_20' title="bbox 349 1634 1973 1707; baseline 0.004 -23"><span class='ocrx_word' id='word_1_127' title='bbox 349 1634 631 1703; x_wconf 73' lang='grc' dir='ltr'>πρᾶξινσ</span> <span class='ocrx_word' id='word_1_128' title='bbox 698 1637 795 1690; x_wconf 80' lang='grc' dir='ltr'>καὶ</span> <span class='ocrx_word' id='word_1_129' title='bbox 849 1638 1364 1707; x_wconf 78' lang='grc' dir='ltr'>μετακαλεσάμενος</span> <span class='ocrx_word' id='word_1_130' title='bbox 1425 1640 1608 1703; x_wconf 77' lang='grc' dir='ltr'>αὐτὸν,</span> <span class='ocrx_word' id='word_1_131' title='bbox 1672 1639 1771 1707; x_wconf 78' lang='grc' dir='ltr'>τῆς</span> <span class='ocrx_word' id='word_1_132' title='bbox 1807 1655 1868 1691; x_wconf 87' lang='grc' dir='ltr'>τε</span> <span class='ocrx_word' id='word_1_133' title='bbox 1910 1641 1973 1691; x_wconf 82' lang='grc' dir='ltr'>ὲκ</span> 
     </span>
    </p>
   </div>
   <div class='ocr_carea' id='block_1_21' title="bbox 351 1722 1970 1796">
    <p class='ocr_par' dir='ltr' id='par_1_21' title="bbox 351 1722 1970 1796">
     <span class='ocr_line' id='line_1_21' title="bbox 351 1722 1970 1796; baseline 0.005 -24"><span class='ocrx_word' id='word_1_134' title='bbox 351 1722 619 1795; x_wconf 59' lang='grc' dir='ltr'>πρώτης</span> <span class='ocrx_word' id='word_1_135' title='bbox 663 1723 881 1794; x_wconf 78' lang='grc' dir='ltr'>ἡλικίας</span> <span class='ocrx_word' id='word_1_136' title='bbox 904 1725 1041 1794; x_wconf 80' lang='grc' dir='ltr'>πρὸς</span> <span class='ocrx_word' id='word_1_137' title='bbox 1075 1725 1342 1796; x_wconf 73' lang='grc' dir='ltr'><strong>ἀλλήλους</strong></span> <span class='ocrx_word' id='word_1_138' title='bbox 1393 1726 1562 1779; x_wconf 67' lang='grc' dir='ltr'>αὐτὸν</span> <span class='ocrx_word' id='word_1_139' title='bbox 1593 1726 1970 1796; x_wconf 75' lang='grc' dir='ltr'><strong>ἀνεμίμνησκε</strong></span> 
     </span>
    </p>
   </div>
   <div class='ocr_carea' id='block_1_22' title="bbox 352 1810 1970 1883">
    <p class='ocr_par' dir='ltr' id='par_1_22' title="bbox 352 1810 1970 1883">
     <span class='ocr_line' id='line_1_22' title="bbox 352 1810 1970 1883; baseline 0.005 -24"><span class='ocrx_word' id='word_1_140' title='bbox 352 1810 597 1878; x_wconf 76' lang='grc' dir='ltr'>φιλίας,</span> <span class='ocrx_word' id='word_1_141' title='bbox 638 1813 862 1865; x_wconf 79' lang='grc' dir='ltr'>καὶτοῦ</span> <span class='ocrx_word' id='word_1_142' title='bbox 918 1813 1143 1883; x_wconf 83' lang='grc' dir='ltr'>μηδέπω</span> <span class='ocrx_word' id='word_1_143' title='bbox 1179 1815 1444 1883; x_wconf 76' lang='grc' dir='ltr'>μηδαμῶς</span> <span class='ocrx_word' id='word_1_144' title='bbox 1490 1814 1639 1883; x_wconf 82' lang='grc' dir='ltr'>παρὰ</span> <span class='ocrx_word' id='word_1_145' title='bbox 1671 1815 1848 1868; x_wconf 80' lang='grc' dir='ltr'>πάντα</span> <span class='ocrx_word' id='word_1_146' title='bbox 1879 1814 1970 1867; x_wconf 86' lang='grc' dir='ltr'>τδν</span> 
     </span>
    </p>
   </div>
   <div class='ocr_carea' id='block_1_23' title="bbox 354 1898 1972 1975">
    <p class='ocr_par' dir='ltr' id='par_1_23' title="bbox 354 1898 1972 1975">
     <span class='ocr_line' id='line_1_23' title="bbox 354 1898 1972 1975; baseline 0.006 -25"><span class='ocrx_word' id='word_1_147' title='bbox 354 1898 485 1969; x_wconf 81' lang='grc' dir='ltr'>βίον</span> <span class='ocrx_word' id='word_1_148' title='bbox 514 1902 819 1971; x_wconf 72' lang='grc' dir='ltr'>οὐδέτερον</span> <span class='ocrx_word' id='word_1_149' title='bbox 842 1902 1011 1974; x_wconf 74' lang='grc' dir='ltr'>ἑτέρῳ</span> <span class='ocrx_word' id='word_1_150' title='bbox 1034 1905 1276 1975; x_wconf 73' lang='grc' dir='ltr'>ταραχῆς</span> <span class='ocrx_word' id='word_1_151' title='bbox 1313 1906 1409 1958; x_wconf 72' lang='grc' dir='ltr'>καὶ</span> <span class='ocrx_word' id='word_1_152' title='bbox 1442 1906 1750 1958; x_wconf 82' lang='grc' dir='ltr'><strong>σκανδάλου</strong></span> <span class='ocrx_word' id='word_1_153' title='bbox 1793 1908 1972 1973; x_wconf 74' lang='grc' dir='ltr'>ἀφορο</span> 
     </span>
    </p>
   </div>
   <div class='ocr_carea' id='block_1_24' title="bbox 355 1990 1972 2068">
    <p class='ocr_par' dir='ltr' id='par_1_24' title="bbox 355 1990 1972 2068">
     <span class='ocr_line' id='line_1_24' title="bbox 355 1990 1972 2068; baseline 0.004 -25"><span class='ocrx_word' id='word_1_154' title='bbox 355 1990 478 2060; x_wconf 75' lang='grc' dir='ltr'>μὴν</span> <span class='ocrx_word' id='word_1_155' title='bbox 525 1996 974 2062; x_wconf 72' lang='grc' dir='ltr'>παρεσχηκέναι.</span> <span class='ocrx_word' id='word_1_156' title='bbox 1001 1995 1140 2047; x_wconf 83' lang='grc' dir='ltr'>Νυνὶ</span> <span class='ocrx_word' id='word_1_157' title='bbox 1163 1996 1222 2049; x_wconf 74' lang='grc' dir='ltr'>δὲ</span> <span class='ocrx_word' id='word_1_158' title='bbox 1255 1997 1485 2065; x_wconf 76' lang='grc' dir='ltr'>ἀπορεῖν</span> <span class='ocrx_word' id='word_1_159' title='bbox 1507 1996 1629 2050; x_wconf 85' lang='grc' dir='ltr'>ὅθεν</span> <span class='ocrx_word' id='word_1_160' title='bbox 1650 1996 1972 2068; x_wconf 69' lang='grc' dir='ltr'>ὁρμώμενος</span> 
     </span>
    </p>
   </div>
   <div class='ocr_carea' id='block_1_25' title="bbox 348 2083 1971 2159">
    <p class='ocr_par' dir='ltr' id='par_1_25' title="bbox 348 2083 1971 2159">
     <span class='ocr_line' id='line_1_25' title="bbox 348 2083 1971 2159; baseline 0.004 -24"><span class='ocrx_word' id='word_1_161' title='bbox 348 2083 558 2147; x_wconf 73' lang='grc' dir='ltr'>οὕτως</span> <span class='ocrx_word' id='word_1_162' title='bbox 624 2086 944 2156; x_wconf 74' lang='grc' dir='ltr'><strong>ἐξεπίτηδες</strong></span> <span class='ocrx_word' id='word_1_163' title='bbox 1001 2087 1274 2157; x_wconf 73' lang='grc' dir='ltr'>ἐϐουλήθη</span> <span class='ocrx_word' id='word_1_164' title='bbox 1322 2089 1626 2158; x_wconf 78' lang='grc' dir='ltr'>ἀχθόμενον</span> <span class='ocrx_word' id='word_1_165' title='bbox 1676 2084 1827 2159; x_wconf 78' lang='grc' dir='ltr'>αὐτῷ</span> <span class='ocrx_word' id='word_1_166' title='bbox 1889 2091 1971 2153; x_wconf 87' lang='grc' dir='ltr'><strong>είς</strong></span> 
     </span>
    </p>
   </div>
   <div class='ocr_carea' id='block_1_26' title="bbox 345 2174 1968 2248">
    <p class='ocr_par' dir='ltr' id='par_1_26' title="bbox 345 2174 1968 2248">
     <span class='ocr_line' id='line_1_26' title="bbox 345 2174 1968 2248; baseline 0.002 -22"><span class='ocrx_word' id='word_1_167' title='bbox 345 2174 505 2244; x_wconf 72' lang='grc' dir='ltr'>ᾅδην</span> <span class='ocrx_word' id='word_1_168' title='bbox 538 2176 946 2245; x_wconf 69' lang='grc' dir='ltr'>παραπέμψαι.</span> <span class='ocrx_word' id='word_1_169' title='bbox 988 2178 1079 2246; x_wconf 82' lang='grc' dir='ltr'><strong>Μὴ</strong></span> <span class='ocrx_word' id='word_1_170' title='bbox 1103 2177 1166 2247; x_wconf 80' lang='grc' dir='ltr'>δὴ</span> <span class='ocrx_word' id='word_1_171' title='bbox 1195 2177 1426 2231; x_wconf 85' lang='grc' dir='ltr'>τοιαῦτά</span> <span class='ocrx_word' id='word_1_172' title='bbox 1454 2195 1520 2247; x_wconf 87' lang='grc' dir='ltr'><strong>με</strong></span> <span class='ocrx_word' id='word_1_173' title='bbox 1554 2178 1762 2248; x_wconf 75' lang='grc' dir='ltr'>ἐργάσῃ</span> <span class='ocrx_word' id='word_1_174' title='bbox 1800 2180 1968 2242; x_wconf 76' lang='grc' dir='ltr'>κακὰ,</span> 
     </span>
    </p>
   </div>
   <div class='ocr_carea' id='block_1_27' title="bbox 345 2261 1970 2340">
    <p class='ocr_par' dir='ltr' id='par_1_27' title="bbox 345 2261 1970 2340">
     <span class='ocr_line' id='line_1_27' title="bbox 345 2261 1970 2340; baseline 0.001 -21"><span class='ocrx_word' id='word_1_175' title='bbox 345 2261 395 2319; x_wconf 80' lang='grc' dir='ltr'>ὦ</span> <span class='ocrx_word' id='word_1_176' title='bbox 423 2268 658 2336; x_wconf 73' lang='grc' dir='ltr'>φίλων,</span> <span class='ocrx_word' id='word_1_177' title='bbox 717 2268 925 2336; x_wconf 74' lang='grc' dir='ltr'>ἔλεγεν,</span> <span class='ocrx_word' id='word_1_178' title='bbox 962 2269 1177 2340; x_wconf 77' lang='grc' dir='ltr'>ἄριστε,</span> <span class='ocrx_word' id='word_1_179' title='bbox 1228 2270 1365 2338; x_wconf 82' lang='grc' dir='ltr'>μηδὲ</span> <span class='ocrx_word' id='word_1_180' title='bbox 1413 2272 1703 2340; x_wconf 66' lang='grc' dir='ltr'>καταπρόῃ</span> <span class='ocrx_word' id='word_1_181' title='bbox 1748 2287 1839 2339; x_wconf 92' lang='grc' dir='ltr'><strong>μοι</strong></span> <span class='ocrx_word' id='word_1_182' title='bbox 1868 2270 1970 2339; x_wconf 81' lang='grc' dir='ltr'><strong>τὴν</strong></span> 
     </span>
    </p>
   </div>
   <div class='ocr_carea' id='block_1_28' title="bbox 349 2361 1970 2433">
    <p class='ocr_par' dir='ltr' id='par_1_28' title="bbox 349 2361 1970 2433">
     <span class='ocr_line' id='line_1_28' title="bbox 349 2361 1970 2433; baseline 0.002 -21"><span class='ocrx_word' id='word_1_183' title='bbox 349 2362 580 2414; x_wconf 72' lang='grc' dir='ltr'>ἐλπίδα</span> <span class='ocrx_word' id='word_1_184' title='bbox 636 2361 740 2425; x_wconf 80' lang='grc' dir='ltr'>τῆς</span> <span class='ocrx_word' id='word_1_185' title='bbox 773 2362 1048 2431; x_wconf 77' lang='grc' dir='ltr'><strong>σωτηρίας</strong></span> <span class='ocrx_word' id='word_1_186' title='bbox 1075 2377 1089 2393; x_wconf 73' lang='grc'><strong>⁸</strong></span> <span class='ocrx_word' id='word_1_187' title='bbox 1133 2362 1252 2415; x_wconf 80' lang='grc' dir='ltr'>ἀλλ’</span> <span class='ocrx_word' id='word_1_188' title='bbox 1303 2361 1492 2433; x_wconf 82' lang='grc' dir='ltr'>ὥσπερ</span> <span class='ocrx_word' id='word_1_189' title='bbox 1533 2364 1799 2426; x_wconf 76' lang='grc' dir='ltr'><strong>πολλάκις</strong></span> <span class='ocrx_word' id='word_1_190' title='bbox 1829 2364 1970 2433; x_wconf 80' lang='grc' dir='ltr'>ὑπὲρ</span> 
     </span>
    </p>
   </div>
   <div class='ocr_carea' id='block_1_29' title="bbox 347 2454 1970 2526">
    <p class='ocr_par' dir='ltr' id='par_1_29' title="bbox 347 2454 1970 2526">
     <span class='ocr_line' id='line_1_29' title="bbox 347 2454 1970 2526; baseline 0.001 -20"><span class='ocrx_word' id='word_1_191' title='bbox 347 2454 455 2506; x_wconf 76' lang='grc' dir='ltr'>τοῦ</span> <span class='ocrx_word' id='word_1_192' title='bbox 493 2454 786 2523; x_wconf 75' lang='grc' dir='ltr'>δυστήνου</span> <span class='ocrx_word' id='word_1_193' title='bbox 848 2454 1102 2524; x_wconf 86' lang='grc' dir='ltr'>σώματος</span> <span class='ocrx_word' id='word_1_194' title='bbox 1150 2456 1370 2508; x_wconf 80' lang='grc' dir='ltr'>τουτουῒ</span> <span class='ocrx_word' id='word_1_195' title='bbox 1421 2455 1572 2525; x_wconf 82' lang='grc' dir='ltr'><strong>πάσῃ</strong></span> <span class='ocrx_word' id='word_1_196' title='bbox 1623 2457 1828 2526; x_wconf 79' lang='grc' dir='ltr'>σπουδῇ</span> <span class='ocrx_word' id='word_1_197' title='bbox 1875 2458 1970 2509; x_wconf 76' lang='grc' dir='ltr'>καὶ</span> 
     </span>
    </p>
   </div>
   <div class='ocr_carea' id='block_1_30' title="bbox 349 2546 1971 2615">
    <p class='ocr_par' dir='ltr' id='par_1_30' title="bbox 349 2546 1971 2615">
     <span class='ocr_line' id='line_1_30' title="bbox 349 2546 1971 2615; baseline 0.002 -17"><span class='ocrx_word' id='word_1_198' title='bbox 349 2546 680 2615; x_wconf 71' lang='grc' dir='ltr'>προθυμία</span> <span class='ocrx_word' id='word_1_199' title='bbox 709 2548 936 2600; x_wconf 80' lang='grc' dir='ltr'>σεαυτὸν</span> <span class='ocrx_word' id='word_1_200' title='bbox 960 2547 1215 2611; x_wconf 69' lang='grc' dir='ltr'>ὲνέᾖαλες</span> <span class='ocrx_word' id='word_1_201' title='bbox 1244 2550 1320 2611; x_wconf 85' lang='grc' dir='ltr'><strong>είς</strong></span> <span class='ocrx_word' id='word_1_202' title='bbox 1345 2549 1469 2612; x_wconf 81' lang='grc' dir='ltr'>τοὺς</span> <span class='ocrx_word' id='word_1_203' title='bbox 1493 2548 1792 2613; x_wconf 76' lang='grc' dir='ltr'>κινδύνους,</span> <span class='ocrx_word' id='word_1_204' title='bbox 1827 2547 1971 2601; x_wconf 76' lang='grc' dir='ltr'>οὕτω</span> 
     </span>
    </p>
   </div>
   <div class='ocr_carea' id='block_1_31' title="bbox 350 2633 1973 2707">
    <p class='ocr_par' dir='ltr' id='par_1_31' title="bbox 350 2633 1973 2707">
     <span class='ocr_line' id='line_1_31' title="bbox 350 2633 1973 2707; baseline 0.001 -22"><span class='ocrx_word' id='word_1_205' title='bbox 350 2634 455 2685; x_wconf 73' lang='grc' dir='ltr'>νῦν</span> <span class='ocrx_word' id='word_1_206' title='bbox 508 2633 715 2700; x_wconf 84' lang='grc' dir='ltr'>πολλῷ</span> <span class='ocrx_word' id='word_1_207' title='bbox 751 2635 911 2687; x_wconf 82' lang='grc' dir='ltr'>πλέον</span> <span class='ocrx_word' id='word_1_208' title='bbox 944 2637 1350 2700; x_wconf 79' lang='grc' dir='ltr'>κινδυνεύοντος</span> <span class='ocrx_word' id='word_1_209' title='bbox 1405 2636 1547 2689; x_wconf 81' lang='grc' dir='ltr'>κατὰ</span> <span class='ocrx_word' id='word_1_210' title='bbox 1578 2638 1779 2707; x_wconf 74' lang='grc' dir='ltr'>ψυχὴν,</span> <span class='ocrx_word' id='word_1_211' title='bbox 1841 2637 1973 2705; x_wconf 73' lang='grc' dir='ltr'><strong>ετρὸ-</strong></span> 
     </span>
    </p>
   </div>
   <div class='ocr_carea' id='block_1_32' title="bbox 351 2724 1969 2797">
    <p class='ocr_par' dir='ltr' id='par_1_32' title="bbox 351 2724 1969 2797">
     <span class='ocr_line' id='line_1_32' title="bbox 351 2724 1969 2797; baseline 0.002 -20"><span class='ocrx_word' id='word_1_212' title='bbox 351 2725 541 2794; x_wconf 80' lang='grc' dir='ltr'>στηθι</span> <span class='ocrx_word' id='word_1_213' title='bbox 575 2725 735 2794; x_wconf 77' lang='grc' dir='ltr'>πάσῃ</span> <span class='ocrx_word' id='word_1_214' title='bbox 764 2724 1058 2796; x_wconf 77' lang='grc' dir='ltr'>προθυμίᾳ,</span> <span class='ocrx_word' id='word_1_215' title='bbox 1092 2727 1153 2778; x_wconf 83' lang='grc' dir='ltr'><strong>οὐ</strong></span> <span class='ocrx_word' id='word_1_216' title='bbox 1190 2727 1353 2796; x_wconf 72' lang='grc' dir='ltr'>μόνον</span> <span class='ocrx_word' id='word_1_217' title='bbox 1385 2727 1472 2779; x_wconf 76' lang='grc' dir='ltr'>διὰ</span> <span class='ocrx_word' id='word_1_218' title='bbox 1502 2727 1601 2797; x_wconf 82' lang='grc' dir='ltr'><strong>τὴν</strong></span> <span class='ocrx_word' id='word_1_219' title='bbox 1623 2728 1830 2796; x_wconf 82' lang='grc' dir='ltr'>φιλίαν,</span> <span class='ocrx_word' id='word_1_220' title='bbox 1855 2726 1969 2781; x_wconf 84' lang='grc' dir='ltr'>ἀλλ’</span> 
     </span>
    </p>
   </div>
   <div class='ocr_carea' id='block_1_33' title="bbox 348 2816 1969 2890">
    <p class='ocr_par' dir='ltr' id='par_1_33' title="bbox 348 2816 1969 2890">
     <span class='ocr_line' id='line_1_33' title="bbox 348 2816 1969 2890; baseline 0.002 -22"><span class='ocrx_word' id='word_1_221' title='bbox 348 2816 442 2868; x_wconf 75' lang='grc' dir='ltr'><strong>ἵνα</strong></span> <span class='ocrx_word' id='word_1_222' title='bbox 478 2818 576 2885; x_wconf 82' lang='grc' dir='ltr'>μὴ</span> <span class='ocrx_word' id='word_1_223' title='bbox 608 2820 709 2869; x_wconf 71' lang='grc' dir='ltr'><strong>καῖ</strong></span> <span class='ocrx_word' id='word_1_224' title='bbox 738 2817 893 2880; x_wconf 88' lang='grc' dir='ltr'>δίκας</span> <span class='ocrx_word' id='word_1_225' title='bbox 929 2817 1173 2888; x_wconf 70' lang='grc' dir='ltr'>ὑπόσχῃς</span> <span class='ocrx_word' id='word_1_226' title='bbox 1207 2818 1287 2890; x_wconf 79' lang='grc' dir='ltr'><strong>τῷ</strong></span> <span class='ocrx_word' id='word_1_227' title='bbox 1335 2819 1554 2872; x_wconf 84' lang='grc' dir='ltr'>πάντων</span> <span class='ocrx_word' id='word_1_228' title='bbox 1584 2822 1784 2890; x_wconf 82' lang='grc' dir='ltr'>κριτῇ,</span> <span class='ocrx_word' id='word_1_229' title='bbox 1811 2821 1874 2872; x_wconf 69' lang='grc' dir='ltr'><strong>τό</strong></span> <span class='ocrx_word' id='word_1_230' title='bbox 1906 2836 1969 2887; x_wconf 88' lang='grc' dir='ltr'><strong>γε</strong></span> 
     </span>
    </p>
   </div>
   <div class='ocr_carea' id='block_1_34' title="bbox 346 2904 1969 2983">
    <p class='ocr_par' dir='ltr' id='par_1_34' title="bbox 346 2904 1969 2983">
     <span class='ocr_line' id='line_1_34' title="bbox 346 2904 1969 2983; baseline 0.002 -23"><span class='ocrx_word' id='word_1_231' title='bbox 346 2908 434 2970; x_wconf 72' lang='grc' dir='ltr'><strong>είς</strong></span> <span class='ocrx_word' id='word_1_232' title='bbox 470 2908 549 2960; x_wconf 75' lang='grc' dir='ltr'>σὲ</span> <span class='ocrx_word' id='word_1_233' title='bbox 577 2904 725 2979; x_wconf 80' lang='grc' dir='ltr'>ἧκον</span> <span class='ocrx_word' id='word_1_234' title='bbox 758 2911 1138 2980; x_wconf 71' lang='grc' dir='ltr'>ἀποστερήσας</span> <span class='ocrx_word' id='word_1_235' title='bbox 1190 2910 1353 2963; x_wconf 74' lang='grc' dir='ltr'>αὐτὸν</span> <span class='ocrx_word' id='word_1_236' title='bbox 1386 2911 1564 2981; x_wconf 75' lang='grc' dir='ltr'>ψυχῆς</span> <span class='ocrx_word' id='word_1_237' title='bbox 1598 2912 1739 2983; x_wconf 61' lang='grc' dir='ltr'>ὑπερ</span> <span class='ocrx_word' id='word_1_238' title='bbox 1776 2906 1844 2981; x_wconf 80' lang='grc' dir='ltr'>ἧς</span> <span class='ocrx_word' id='word_1_239' title='bbox 1870 2912 1969 2964; x_wconf 72' lang='grc' dir='ltr'><strong>αὑο</strong></span> 
     </span>
    </p>
   </div>
   <div class='ocr_carea' id='block_1_35' title="bbox 2083 439 3656 533">
    <p class='ocr_par' dir='ltr' id='par_1_35' title="bbox 2083 439 3656 533">
     <span class='ocr_line' id='line_1_35' title="bbox 2083 439 3656 533; baseline -0.001 -38"><span class='ocrx_word' id='word_1_240' title='bbox 2083 441 2358 495; x_wconf 81' lang='lat' dir='ltr'><strong>facturum</strong></span> <span class='ocrx_word' id='word_1_241' title='bbox 2409 441 2628 513; x_wconf 86' lang='lat' dir='ltr'><strong>recipit,</strong></span> <span class='ocrx_word' id='word_1_242' title='bbox 2651 457 2765 497; x_wconf 86' lang='lat' dir='ltr'><strong>rem</strong></span> <span class='ocrx_word' id='word_1_243' title='bbox 2813 440 3037 510; x_wconf 73' lang='lat' dir='ltr'><strong>indigne</strong></span> <span class='ocrx_word' id='word_1_244' title='bbox 3068 439 3477 533; x_wconf 30' lang='lat' dir='ltr'><strong>fertnmedicos</strong></span> <span class='ocrx_word' id='word_1_245' title='bbox 3503 455 3656 494; x_wconf 87' lang='lat' dir='ltr'><strong>accr-</strong></span> 
     </span>
    </p>
   </div>
   <div class='ocr_carea' id='block_1_36' title="bbox 2083 533 3658 604">
    <p class='ocr_par' dir='ltr' id='par_1_36' title="bbox 2083 533 3658 604">
     <span class='ocr_line' id='line_1_36' title="bbox 2083 533 3658 604; baseline -0.001 -18"><span class='ocrx_word' id='word_1_246' title='bbox 2083 535 2221 587; x_wconf 87' lang='lat' dir='ltr'><strong>rime</strong></span> <span class='ocrx_word' id='word_1_247' title='bbox 2276 533 2545 604; x_wconf 76' lang='lat' dir='ltr'><strong>increpat.</strong></span> <span class='ocrx_word' id='word_1_248' title='bbox 2596 533 2737 589; x_wconf 85' lang='lat' dir='ltr'><strong>Hora</strong></span> <span class='ocrx_word' id='word_1_249' title='bbox 2795 533 3190 603; x_wconf 87' lang='lat' dir='ltr'><strong>propemodum</strong></span> <span class='ocrx_word' id='word_1_250' title='bbox 3247 539 3546 597; x_wconf 84' lang='lat' dir='ltr'><strong>transacta,</strong></span> <span class='ocrx_word' id='word_1_251' title='bbox 3602 540 3658 586; x_wconf 91' lang='lat' dir='ltr'><strong>et</strong></span> 
     </span>
    </p>
   </div>
   <div class='ocr_carea' id='block_1_37' title="bbox 2082 623 3655 699">
    <p class='ocr_par' dir='ltr' id='par_1_37' title="bbox 2082 623 3655 699">
     <span class='ocr_line' id='line_1_37' title="bbox 2082 623 3655 699; baseline -0.003 -21"><span class='ocrx_word' id='word_1_252' title='bbox 2082 634 2237 694; x_wconf 86' lang='lat' dir='ltr'><strong>patre</strong></span> <span class='ocrx_word' id='word_1_253' title='bbox 2276 625 2551 699; x_wconf 71' lang='lat' dir='ltr'><strong>spirituali</strong></span> <span class='ocrx_word' id='word_1_254' title='bbox 2594 626 2845 680; x_wconf 84' lang='lat' dir='ltr'><strong>nomium</strong></span> <span class='ocrx_word' id='word_1_255' title='bbox 2904 624 3180 687; x_wconf 73' lang='lat' dir='ltr'><strong>veniente,</strong></span> <span class='ocrx_word' id='word_1_256' title='bbox 3243 623 3545 690; x_wconf 85' lang='lat' dir='ltr'><strong>imperator</strong></span> <span class='ocrx_word' id='word_1_257' title='bbox 3599 629 3655 674; x_wconf 91' lang='lat' dir='ltr'><strong>ut</strong></span> 
     </span>
    </p>
   </div>
   <div class='ocr_carea' id='block_1_38' title="bbox 2082 706 3654 781">
    <p class='ocr_par' dir='ltr' id='par_1_38' title="bbox 2082 706 3654 781">
     <span class='ocr_line' id='line_1_38' title="bbox 2082 706 3654 781; baseline -0.003 -10"><span class='ocrx_word' id='word_1_258' title='bbox 2082 706 2367 771; x_wconf 71' lang='lat' dir='ltr'><strong>advenire‘t</strong></span> <span class='ocrx_word' id='word_1_259' title='bbox 2384 717 2668 781; x_wconf 75' lang='lat' dir='ltr'><strong>‘instabat,</strong></span> <span class='ocrx_word' id='word_1_260' title='bbox 2720 726 2775 771; x_wconf 90' lang='lat' dir='ltr'><strong>et</strong></span> <span class='ocrx_word' id='word_1_261' title='bbox 2826 731 2892 771; x_wconf 80' lang='lat' dir='ltr'><strong>ex</strong></span> <span class='ocrx_word' id='word_1_262' title='bbox 2925 715 3157 770; x_wconf 72' lang='lat' dir='ltr'><strong>medicis</strong></span> <span class='ocrx_word' id='word_1_263' title='bbox 3178 729 3398 769; x_wconf 85' lang='lat' dir='ltr'><strong>causam</strong></span> <span class='ocrx_word' id='word_1_264' title='bbox 3426 725 3654 767; x_wconf 87' lang='lat' dir='ltr'><strong>cuncta-</strong></span> 
     </span>
    </p>
   </div>
   <div class='ocr_carea' id='block_1_39' title="bbox 2087 807 3657 865">
    <p class='ocr_par' dir='ltr' id='par_1_39' title="bbox 2087 807 3657 865">
     <span class='ocr_line' id='line_1_39' title="bbox 2087 807 3657 865; baseline -0.004 -1"><span class='ocrx_word' id='word_1_265' title='bbox 2087 809 2253 864; x_wconf 83' lang='lat' dir='ltr'><strong>tionis</strong></span> <span class='ocrx_word' id='word_1_266' title='bbox 2304 810 2708 865; x_wconf 77' lang='lat' dir='ltr'><strong>sciscitabatur.</strong></span> <span class='ocrx_word' id='word_1_267' title='bbox 2765 809 2873 864; x_wconf 89' lang='lat' dir='ltr'><strong>Sed</strong></span> <span class='ocrx_word' id='word_1_268' title='bbox 2922 824 3048 864; x_wconf 88' lang='lat' dir='ltr'><strong>cum</strong></span> <span class='ocrx_word' id='word_1_269' title='bbox 3095 807 3234 862; x_wconf 84' lang='lat' dir='ltr'><strong>nihil</strong></span> <span class='ocrx_word' id='word_1_270' title='bbox 3274 807 3548 862; x_wconf 88' lang='lat' dir='ltr'><strong>sincerum</strong></span> <span class='ocrx_word' id='word_1_271' title='bbox 3593 820 3657 858; x_wconf 88' lang='lat' dir='ltr'><strong>ac</strong></span> 
     </span>
    </p>
   </div>
   <div class='ocr_carea' id='block_1_40' title="bbox 2083 899 3658 971">
    <p class='ocr_par' dir='ltr' id='par_1_40' title="bbox 2083 899 3658 971">
     <span class='ocr_line' id='line_1_40' title="bbox 2083 899 3658 971; baseline -0.003 -16"><span class='ocrx_word' id='word_1_272' title='bbox 2083 900 2312 970; x_wconf 81' lang='lat' dir='ltr'><strong>simplex</strong></span> <span class='ocrx_word' id='word_1_273' title='bbox 2345 901 2795 971; x_wconf 75' lang='lat' dir='ltr'><strong>responderetur,</strong></span> <span class='ocrx_word' id='word_1_274' title='bbox 2837 916 2865 954; x_wconf 93' lang='lat' dir='ltr'><strong>a</strong></span> <span class='ocrx_word' id='word_1_275' title='bbox 2911 915 3108 969; x_wconf 74' lang='lat' dir='ltr'><strong>magno</strong></span> <span class='ocrx_word' id='word_1_276' title='bbox 3139 899 3443 953; x_wconf 83' lang='lat' dir='ltr'><strong>domestico</strong></span> <span class='ocrx_word' id='word_1_277' title='bbox 3479 912 3658 952; x_wconf 90' lang='lat' dir='ltr'><strong>moras</strong></span> 
     </span>
    </p>
   </div>
   <div class='ocr_carea' id='block_1_41' title="bbox 2083 987 3654 1062">
    <p class='ocr_par' dir='ltr' id='par_1_41' title="bbox 2083 987 3654 1062">
     <span class='ocr_line' id='line_1_41' title="bbox 2083 987 3654 1062; baseline -0.004 -17"><span class='ocrx_word' id='word_1_278' title='bbox 2083 991 2274 1062; x_wconf 87' lang='lat' dir='ltr'><strong>objici.</strong></span> <span class='ocrx_word' id='word_1_279' title='bbox 2333 992 2726 1061; x_wconf 80' lang='lat' dir='ltr'><strong>negotiumque</strong></span> <span class='ocrx_word' id='word_1_280' title='bbox 2778 991 3038 1060; x_wconf 89' lang='lat' dir='ltr'><strong>impediri</strong></span> <span class='ocrx_word' id='word_1_281' title='bbox 3089 988 3441 1059; x_wconf 89' lang='lat' dir='ltr'><strong>conjiciebat.</strong></span> <span class='ocrx_word' id='word_1_282' title='bbox 3482 987 3654 1053; x_wconf 84' lang='lat' dir='ltr'><strong>Quem</strong></span> 
     </span>
    </p>
   </div>
   <div class='ocr_carea' id='block_1_42' title="bbox 2083 1080 3653 1154">
    <p class='ocr_par' dir='ltr' id='par_1_42' title="bbox 2083 1080 3653 1154">
     <span class='ocr_line' id='line_1_42' title="bbox 2083 1080 3653 1154; baseline -0.004 -17"><span class='ocrx_word' id='word_1_283' title='bbox 2083 1082 2272 1138; x_wconf 85' lang='lat' dir='ltr'><strong>adesse</strong></span> <span class='ocrx_word' id='word_1_284' title='bbox 2314 1084 2526 1154; x_wconf 81' lang='lat' dir='ltr'><strong>iussum</strong></span> <span class='ocrx_word' id='word_1_285' title='bbox 2597 1083 2851 1137; x_wconf 68' lang='lat' dir='ltr'><strong>amicitiae</strong></span> <span class='ocrx_word' id='word_1_286' title='bbox 2880 1099 2909 1136; x_wconf 91' lang='lat' dir='ltr'><strong>a</strong></span> <span class='ocrx_word' id='word_1_287' title='bbox 2950 1082 3135 1152; x_wconf 80' lang='lat' dir='ltr'><strong>parvis</strong></span> <span class='ocrx_word' id='word_1_288' title='bbox 3173 1082 3440 1135; x_wconf 74' lang='lat' dir='ltr'><strong>instituta:</strong></span> <span class='ocrx_word' id='word_1_289' title='bbox 3468 1080 3653 1133; x_wconf 60' lang='lat' dir='ltr'><strong>admo&#39;</strong></span> 
     </span>
    </p>
   </div>
   <div class='ocr_carea' id='block_1_43' title="bbox 2083 1170 3658 1243">
    <p class='ocr_par' dir='ltr' id='par_1_43' title="bbox 2083 1170 3658 1243">
     <span class='ocr_line' id='line_1_43' title="bbox 2083 1170 3658 1243; baseline -0.004 -16"><span class='ocrx_word' id='word_1_290' title='bbox 2083 1173 2243 1238; x_wconf 89' lang='lat' dir='ltr'><strong>nuit;</strong></span> <span class='ocrx_word' id='word_1_291' title='bbox 2307 1183 2362 1227; x_wconf 85' lang='lat' dir='ltr'><strong>et</strong></span> <span class='ocrx_word' id='word_1_292' title='bbox 2409 1173 2688 1243; x_wconf 87' lang='lat' dir='ltr'><strong>quomodo</strong></span> <span class='ocrx_word' id='word_1_293' title='bbox 2732 1189 3016 1242; x_wconf 85' lang='lat' dir='ltr'><strong>nunquam</strong></span> <span class='ocrx_word' id='word_1_294' title='bbox 3064 1172 3120 1226; x_wconf 89' lang='lat' dir='ltr'><strong>in</strong></span> <span class='ocrx_word' id='word_1_295' title='bbox 3169 1171 3485 1226; x_wconf 69' lang='lat' dir='ltr'><strong>omni-vita</strong></span> <span class='ocrx_word' id='word_1_296' title='bbox 3521 1170 3658 1224; x_wconf 84' lang='lat' dir='ltr'><strong>alter</strong></span> 
     </span>
    </p>
   </div>
   <div class='ocr_carea' id='block_1_44' title="bbox 2083 1260 3654 1328">
    <p class='ocr_par' dir='ltr' id='par_1_44' title="bbox 2083 1260 3654 1328">
     <span class='ocr_line' id='line_1_44' title="bbox 2083 1260 3654 1328; baseline -0.004 -9"><span class='ocrx_word' id='word_1_297' title='bbox 2083 1264 2242 1320; x_wconf 85' lang='lat' dir='ltr'><strong>alteri</strong></span> <span class='ocrx_word' id='word_1_298' title='bbox 2271 1273 2367 1319; x_wconf 89' lang='lat' dir='ltr'><strong>aut</strong></span> <span class='ocrx_word' id='word_1_299' title='bbox 2417 1264 2739 1328; x_wconf 83' lang='lat' dir='ltr'><strong>turbatioui,</strong></span> <span class='ocrx_word' id='word_1_300' title='bbox 2766 1275 2859 1318; x_wconf 87' lang='lat' dir='ltr'><strong>aut</strong></span> <span class='ocrx_word' id='word_1_301' title='bbox 2905 1264 3197 1318; x_wconf 68' lang='grc' dir='ltr'>σπειιείοηί</span> <span class='ocrx_word' id='word_1_302' title='bbox 3248 1262 3460 1316; x_wconf 78' lang='lat' dir='ltr'><strong>fuisset.</strong></span> <span class='ocrx_word' id='word_1_303' title='bbox 3497 1260 3654 1314; x_wconf 76' lang='lat' dir='ltr'><strong>Nune</strong></span> 
     </span>
    </p>
   </div>
   <div class='ocr_carea' id='block_1_45' title="bbox 2084 1356 3651 1429">
    <p class='ocr_par' dir='ltr' id='par_1_45' title="bbox 2084 1356 3651 1429">
     <span class='ocr_line' id='line_1_45' title="bbox 2084 1356 3651 1429; baseline -0.004 -16"><span class='ocrx_word' id='word_1_304' title='bbox 2084 1367 2268 1413; x_wconf 82' lang='lat' dir='ltr'><strong>autem</strong></span> <span class='ocrx_word' id='word_1_305' title='bbox 2310 1359 2527 1413; x_wconf 82' lang='lat' dir='ltr'><strong>nescire</strong></span> <span class='ocrx_word' id='word_1_306' title='bbox 2556 1374 2635 1425; x_wconf 88' lang='lat' dir='ltr'><strong>se,</strong></span> <span class='ocrx_word' id='word_1_307' title='bbox 2669 1374 2780 1429; x_wconf 81' lang='lat' dir='ltr'><strong>quo</strong></span> <span class='ocrx_word' id='word_1_308' title='bbox 2811 1358 3050 1428; x_wconf 86' lang='lat' dir='ltr'><strong>impulsu</strong></span> <span class='ocrx_word' id='word_1_309' title='bbox 3076 1357 3156 1413; x_wconf 81' lang='lat' dir='ltr'><strong>sic</strong></span> <span class='ocrx_word' id='word_1_310' title='bbox 3184 1356 3253 1411; x_wconf 92' lang='lat' dir='ltr'><strong>de</strong></span> <span class='ocrx_word' id='word_1_311' title='bbox 3293 1356 3562 1409; x_wconf 89' lang='lat' dir='ltr'><strong>industria</strong></span> <span class='ocrx_word' id='word_1_312' title='bbox 3592 1368 3651 1407; x_wconf 88' lang='lat' dir='ltr'><strong>se</strong></span> 
     </span>
    </p>
   </div>
   <div class='ocr_carea' id='block_1_46' title="bbox 2083 1445 3699 1522">
    <p class='ocr_par' dir='ltr' id='par_1_46' title="bbox 2083 1445 3699 1522">
     <span class='ocr_line' id='line_1_46' title="bbox 2083 1445 3699 1522; baseline -0.006 -15"><span class='ocrx_word' id='word_1_313' title='bbox 2083 1460 2235 1507; x_wconf 73' lang='lat' dir='ltr'><strong>tanto</strong></span> <span class='ocrx_word' id='word_1_314' title='bbox 2267 1462 2547 1522; x_wconf 80' lang='lat' dir='ltr'><strong>gravatum</strong></span> <span class='ocrx_word' id='word_1_315' title='bbox 2598 1452 2842 1522; x_wconf 87' lang='lat' dir='ltr'><strong>pondere</strong></span> <span class='ocrx_word' id='word_1_316' title='bbox 2884 1451 2952 1505; x_wconf 89' lang='lat' dir='ltr'><strong>ad</strong></span> <span class='ocrx_word' id='word_1_317' title='bbox 2985 1449 3195 1513; x_wconf 77' lang='lat' dir='ltr'><strong>inferos</strong></span> <span class='ocrx_word' id='word_1_318' title='bbox 3214 1448 3347 1501; x_wconf 84' lang='lat' dir='ltr'><strong>velit</strong></span> <span class='ocrx_word' id='word_1_319' title='bbox 3374 1445 3656 1501; x_wconf 85' lang='lat' dir='ltr'><strong>transmit-</strong></span> <span class='ocrx_word' id='word_1_320' title='bbox 3692 1497 3699 1504; x_wconf 68' lang='grc'><strong>,</strong></span> 
     </span>
    </p>
   </div>
   <div class='ocr_carea' id='block_1_47' title="bbox 2083 1537 3655 1612">
    <p class='ocr_par' dir='ltr' id='par_1_47' title="bbox 2083 1537 3655 1612">
     <span class='ocr_line' id='line_1_47' title="bbox 2083 1537 3655 1612; baseline -0.005 -15"><span class='ocrx_word' id='word_1_321' title='bbox 2083 1551 2220 1599; x_wconf 89' lang='lat' dir='ltr'><strong>tere.</strong></span> <span class='ocrx_word' id='word_1_322' title='bbox 2245 1540 2345 1606; x_wconf 76' lang='lat' dir='ltr'><strong>Ne,</strong></span> <span class='ocrx_word' id='word_1_323' title='bbox 2378 1543 2580 1612; x_wconf 87' lang='lat' dir='ltr'><strong>inquit,</strong></span> <span class='ocrx_word' id='word_1_324' title='bbox 2618 1544 2920 1599; x_wconf 86' lang='lat' dir='ltr'><strong>amicorum</strong></span> <span class='ocrx_word' id='word_1_325' title='bbox 2960 1541 3190 1611; x_wconf 89' lang='lat' dir='ltr'><strong>optime,</strong></span> <span class='ocrx_word' id='word_1_326' title='bbox 3217 1547 3373 1593; x_wconf 87' lang='lat' dir='ltr'><strong>tanto</strong></span> <span class='ocrx_word' id='word_1_327' title='bbox 3404 1537 3546 1591; x_wconf 88' lang='lat' dir='ltr'><strong>malo</strong></span> <span class='ocrx_word' id='word_1_328' title='bbox 3569 1552 3655 1589; x_wconf 87' lang='lat' dir='ltr'><strong>me</strong></span> 
     </span>
    </p>
   </div>
   <div class='ocr_carea' id='block_1_48' title="bbox 2086 1629 3650 1703">
    <p class='ocr_par' dir='ltr' id='par_1_48' title="bbox 2086 1629 3650 1703">
     <span class='ocr_line' id='line_1_48' title="bbox 2086 1629 3650 1703; baseline -0.006 -13"><span class='ocrx_word' id='word_1_329' title='bbox 2086 1638 2435 1703; x_wconf 80' lang='lat' dir='ltr'><strong>mactaveris,</strong></span> <span class='ocrx_word' id='word_1_330' title='bbox 2464 1650 2601 1697; x_wconf 83' lang='lat' dir='ltr'><strong>neve</strong></span> <span class='ocrx_word' id='word_1_331' title='bbox 2628 1635 2826 1691; x_wconf 84' lang='lat' dir='ltr'><strong>salutis</strong></span> <span class='ocrx_word' id='word_1_332' title='bbox 2854 1649 2989 1689; x_wconf 81' lang='lat' dir='ltr'><strong>meae</strong></span> <span class='ocrx_word' id='word_1_333' title='bbox 3020 1647 3172 1703; x_wconf 84' lang='lat' dir='ltr'><strong>spem</strong></span> <span class='ocrx_word' id='word_1_334' title='bbox 3206 1629 3535 1703; x_wconf 85' lang='lat' dir='ltr'><strong>prodideris,</strong></span> <span class='ocrx_word' id='word_1_335' title='bbox 3555 1629 3650 1683; x_wconf 86' lang='lat' dir='ltr'><strong>sed</strong></span> 
     </span>
    </p>
   </div>
   <div class='ocr_carea' id='block_1_49' title="bbox 2078 1726 3655 1799">
    <p class='ocr_par' dir='ltr' id='par_1_49' title="bbox 2078 1726 3655 1799">
     <span class='ocr_line' id='line_1_49' title="bbox 2078 1726 3655 1799; baseline -0.007 -15"><span class='ocrx_word' id='word_1_336' title='bbox 2078 1729 2544 1799; x_wconf 80' lang='lat' dir='ltr'><strong>quemadmodum</strong></span> <span class='ocrx_word' id='word_1_337' title='bbox 2602 1729 2798 1783; x_wconf 86' lang='lat' dir='ltr'><strong>crebro</strong></span> <span class='ocrx_word' id='word_1_338' title='bbox 2845 1743 2946 1798; x_wconf 88' lang='lat' dir='ltr'><strong>pro</strong></span> <span class='ocrx_word' id='word_1_339' title='bbox 2992 1727 3100 1782; x_wconf 85' lang='lat' dir='ltr'><strong>hoc</strong></span> <span class='ocrx_word' id='word_1_340' title='bbox 3168 1726 3374 1780; x_wconf 90' lang='lat' dir='ltr'><strong>misero</strong></span> <span class='ocrx_word' id='word_1_341' title='bbox 3422 1735 3655 1791; x_wconf 87' lang='lat' dir='ltr'><strong>corpore</strong></span> 
     </span>
    </p>
   </div>
   <div class='ocr_carea' id='block_1_50' title="bbox 2077 1811 3655 1889">
    <p class='ocr_par' dir='ltr' id='par_1_50' title="bbox 2077 1811 3655 1889">
     <span class='ocr_line' id='line_1_50' title="bbox 2077 1811 3655 1889; baseline -0.006 -16"><span class='ocrx_word' id='word_1_342' title='bbox 2077 1818 2431 1889; x_wconf 84' lang='lat' dir='ltr'><strong>cupidissime</strong></span> <span class='ocrx_word' id='word_1_343' title='bbox 2502 1818 3015 1886; x_wconf 83' lang='lat' dir='ltr'><strong>studiosissimeque</strong></span> <span class='ocrx_word' id='word_1_344' title='bbox 3100 1815 3157 1869; x_wconf 88' lang='lat' dir='ltr'><strong>in</strong></span> <span class='ocrx_word' id='word_1_345' title='bbox 3217 1811 3539 1868; x_wconf 83' lang='lat' dir='ltr'><strong>discrimina</strong></span> <span class='ocrx_word' id='word_1_346' title='bbox 3603 1819 3655 1864; x_wconf 90' lang='lat' dir='ltr'><strong>te</strong></span> 
     </span>
    </p>
   </div>
   <div class='ocr_carea' id='block_1_51' title="bbox 2077 1902 3655 1974">
    <p class='ocr_par' dir='ltr' id='par_1_51' title="bbox 2077 1902 3655 1974">
     <span class='ocr_line' id='line_1_51' title="bbox 2077 1902 3655 1974; baseline -0.006 -9"><span class='ocrx_word' id='word_1_347' title='bbox 2077 1909 2321 1965; x_wconf 85' lang='lat' dir='ltr'><strong>obtulisti</strong></span> <span class='ocrx_word' id='word_1_348' title='bbox 2353 1908 2473 1964; x_wconf 86' lang='lat' dir='ltr'><strong>:sic</strong></span> <span class='ocrx_word' id='word_1_349' title='bbox 2503 1923 2650 1962; x_wconf 91' lang='lat' dir='ltr'><strong>nunc</strong></span> <span class='ocrx_word' id='word_1_350' title='bbox 2691 1907 2864 1962; x_wconf 88' lang='lat' dir='ltr'><strong>multo</strong></span> <span class='ocrx_word' id='word_1_351' title='bbox 2899 1906 2956 1961; x_wconf 85' lang='lat' dir='ltr'><strong>in</strong></span> <span class='ocrx_word' id='word_1_352' title='bbox 3000 1907 3208 1974; x_wconf 83' lang='lat' dir='ltr'><strong>majore</strong></span> <span class='ocrx_word' id='word_1_353' title='bbox 3242 1902 3487 1974; x_wconf 82' lang='lat' dir='ltr'><strong>periculo</strong></span> <span class='ocrx_word' id='word_1_354' title='bbox 3530 1918 3655 1956; x_wconf 82' lang='lat' dir='ltr'><strong>ver-</strong></span> 
     </span>
    </p>
   </div>
   <div class='ocr_carea' id='block_1_52' title="bbox 2077 1995 3655 2067">
    <p class='ocr_par' dir='ltr' id='par_1_52' title="bbox 2077 1995 3655 2067">
     <span class='ocr_line' id='line_1_52' title="bbox 2077 1995 3655 2067; baseline -0.007 -10"><span class='ocrx_word' id='word_1_355' title='bbox 2077 2010 2285 2057; x_wconf 83' lang='lat' dir='ltr'><strong>santem</strong></span> <span class='ocrx_word' id='word_1_356' title='bbox 2313 1999 2552 2054; x_wconf 89' lang='lat' dir='ltr'><strong>animam</strong></span> <span class='ocrx_word' id='word_1_357' title='bbox 2582 2014 2758 2053; x_wconf 92' lang='lat' dir='ltr'><strong>meam</strong></span> <span class='ocrx_word' id='word_1_358' title='bbox 2793 1998 3043 2061; x_wconf 77' lang='lat' dir='ltr'><strong>defende.</strong></span> <span class='ocrx_word' id='word_1_359' title='bbox 3068 1997 3233 2067; x_wconf 81' lang='lat' dir='ltr'><strong>idque</strong></span> <span class='ocrx_word' id='word_1_360' title='bbox 3277 1995 3393 2050; x_wconf 85' lang='lat' dir='ltr'><strong>non&#39;</strong></span> <span class='ocrx_word' id='word_1_361' title='bbox 3426 2004 3655 2064; x_wconf 85' lang='lat' dir='ltr'><strong>propter</strong></span> 
     </span>
    </p>
   </div>
   <div class='ocr_carea' id='block_1_53' title="bbox 2077 2087 3653 2156">
    <p class='ocr_par' dir='ltr' id='par_1_53' title="bbox 2077 2087 3653 2156">
     <span class='ocr_line' id='line_1_53' title="bbox 2077 2087 3653 2156; baseline -0.005 -8"><span class='ocrx_word' id='word_1_362' title='bbox 2077 2093 2371 2148; x_wconf 84' lang='lat' dir='ltr'><strong>amicitiam</strong></span> <span class='ocrx_word' id='word_1_363' title='bbox 2404 2102 2645 2147; x_wconf 87' lang='lat' dir='ltr'><strong>nostram</strong></span> <span class='ocrx_word' id='word_1_364' title='bbox 2689 2092 2886 2156; x_wconf 88' lang='lat' dir='ltr'><strong>solum,</strong></span> <span class='ocrx_word' id='word_1_365' title='bbox 2914 2104 3108 2144; x_wconf 86' lang='lat' dir='ltr'><strong>verum</strong></span> <span class='ocrx_word' id='word_1_366' title='bbox 3134 2089 3299 2143; x_wconf 87' lang='lat' dir='ltr'><strong>etiam</strong></span> <span class='ocrx_word' id='word_1_367' title='bbox 3331 2104 3399 2142; x_wconf 87' lang='lat' dir='ltr'><strong>ne</strong></span> <span class='ocrx_word' id='word_1_368' title='bbox 3424 2087 3653 2141; x_wconf 75' lang='lat' dir='ltr'><strong>univer-</strong></span> 
     </span>
    </p>
   </div>
   <div class='ocr_carea' id='block_1_54' title="bbox 2055 2171 3649 2252">
    <p class='ocr_par' dir='ltr' id='par_1_54' title="bbox 2055 2171 3649 2252">
     <span class='ocr_line' id='line_1_54' title="bbox 2055 2171 3649 2252; baseline -0.006 -13"><span class='ocrx_word' id='word_1_369' title='bbox 2055 2171 2263 2240; x_wconf 72' lang='lat' dir='ltr'><strong>sorum</strong></span> <span class='ocrx_word' id='word_1_370' title='bbox 2295 2183 2474 2238; x_wconf 79' lang='lat' dir='ltr'><strong>Judex</strong></span> <span class='ocrx_word' id='word_1_371' title='bbox 2501 2198 2693 2252; x_wconf 62' lang='lat' dir='ltr'><strong>poenas</strong></span> <span class='ocrx_word' id='word_1_372' title='bbox 2716 2183 2814 2236; x_wconf 88' lang='lat' dir='ltr'><strong>abs</strong></span> <span class='ocrx_word' id='word_1_373' title='bbox 2841 2192 2891 2236; x_wconf 90' lang='lat' dir='ltr'><strong>te</strong></span> <span class='ocrx_word' id='word_1_374' title='bbox 2922 2180 3200 2249; x_wconf 77' lang='lat' dir='ltr'><strong>reposcat.</strong></span> <span class='ocrx_word' id='word_1_375' title='bbox 3228 2179 3348 2248; x_wconf 84' lang='lat' dir='ltr'><strong>qui,</strong></span> <span class='ocrx_word' id='word_1_376' title='bbox 3381 2186 3649 2247; x_wconf 88' lang='lat' dir='ltr'><strong>quantum</strong></span> 
     </span>
    </p>
   </div>
   <div class='ocr_carea' id='block_1_55' title="bbox 2077 2266 3648 2338">
    <p class='ocr_par' dir='ltr' id='par_1_55' title="bbox 2077 2266 3648 2338">
     <span class='ocr_line' id='line_1_55' title="bbox 2077 2266 3648 2338; baseline -0.007 -7"><span class='ocrx_word' id='word_1_377' title='bbox 2077 2278 2132 2331; x_wconf 92' lang='lat' dir='ltr'><strong>in</strong></span> <span class='ocrx_word' id='word_1_378' title='bbox 2170 2286 2221 2332; x_wconf 92' lang='lat' dir='ltr'><strong>te</strong></span> <span class='ocrx_word' id='word_1_379' title='bbox 2276 2275 2403 2337; x_wconf 77' lang='lat' dir='ltr'><strong>fuit,</strong></span> <span class='ocrx_word' id='word_1_380' title='bbox 2435 2275 2673 2329; x_wconf 87' lang='lat' dir='ltr'><strong>animam</strong></span> <span class='ocrx_word' id='word_1_381' title='bbox 2708 2274 2787 2327; x_wconf 92' lang='lat' dir='ltr'><strong>illi</strong></span> <span class='ocrx_word' id='word_1_382' title='bbox 2824 2271 3138 2335; x_wconf 81' lang='lat' dir='ltr'><strong>abstuleris,</strong></span> <span class='ocrx_word' id='word_1_383' title='bbox 3182 2284 3284 2338; x_wconf 90' lang='lat' dir='ltr'><strong>pro</strong></span> <span class='ocrx_word' id='word_1_384' title='bbox 3313 2284 3420 2338; x_wconf 88' lang='lat' dir='ltr'><strong>qua</strong></span> <span class='ocrx_word' id='word_1_385' title='bbox 3451 2268 3568 2337; x_wconf 87' lang='lat' dir='ltr'><strong>ipse</strong></span> <span class='ocrx_word' id='word_1_386' title='bbox 3593 2266 3648 2321; x_wconf 87' lang='lat' dir='ltr'><strong>in</strong></span> 
     </span>
    </p>
   </div>
   <div class='ocr_carea' id='block_1_56' title="bbox 2077 2360 3650 2433">
    <p class='ocr_par' dir='ltr' id='par_1_56' title="bbox 2077 2360 3650 2433">
     <span class='ocr_line' id='line_1_56' title="bbox 2077 2360 3650 2433; baseline -0.006 -10"><span class='ocrx_word' id='word_1_387' title='bbox 2077 2381 2241 2423; x_wconf 79' lang='lat' dir='ltr'><strong>cruce</strong></span> <span class='ocrx_word' id='word_1_388' title='bbox 2289 2365 2514 2421; x_wconf 74' lang='lat' dir='ltr'><strong>sutilsus</strong></span> <span class='ocrx_word' id='word_1_389' title='bbox 2569 2379 2759 2419; x_wconf 88' lang='lat' dir='ltr'><strong>necem</strong></span> <span class='ocrx_word' id='word_1_390' title='bbox 2814 2362 3062 2433; x_wconf 86' lang='lat' dir='ltr'><strong>pertulit.</strong></span> <span class='ocrx_word' id='word_1_391' title='bbox 3095 2361 3215 2416; x_wconf 86' lang='lat' dir='ltr'><strong>Noli</strong></span> <span class='ocrx_word' id='word_1_392' title='bbox 3255 2360 3361 2415; x_wconf 88' lang='lat' dir='ltr'><strong>hoc</strong></span> <span class='ocrx_word' id='word_1_393' title='bbox 3411 2370 3650 2429; x_wconf 80' lang='lat' dir='ltr'><strong>tempus.</strong></span> 
     </span>
    </p>
   </div>
   <div class='ocr_carea' id='block_1_57' title="bbox 2078 2454 3650 2531">
    <p class='ocr_par' dir='ltr' id='par_1_57' title="bbox 2078 2454 3650 2531">
     <span class='ocr_line' id='line_1_57' title="bbox 2078 2454 3650 2531; baseline -0.003 -19"><span class='ocrx_word' id='word_1_394' title='bbox 2078 2475 2282 2531; x_wconf 61' lang='lat' dir='ltr'><strong>quaiso.</strong></span> <span class='ocrx_word' id='word_1_395' title='bbox 2315 2470 2422 2514; x_wconf 89' lang='lat' dir='ltr'><strong>tam</strong></span> <span class='ocrx_word' id='word_1_396' title='bbox 2473 2458 2870 2518; x_wconf 86' lang='lat' dir='ltr'><strong>necessarium.</strong></span> <span class='ocrx_word' id='word_1_397' title='bbox 2902 2456 3162 2526; x_wconf 82' lang='lat' dir='ltr'><strong>quodque</strong></span> <span class='ocrx_word' id='word_1_398' title='bbox 3196 2457 3253 2511; x_wconf 91' lang='lat' dir='ltr'><strong>in</strong></span> <span class='ocrx_word' id='word_1_399' title='bbox 3302 2454 3492 2508; x_wconf 87' lang='lat' dir='ltr'><strong>multis</strong></span> <span class='ocrx_word' id='word_1_400' title='bbox 3521 2467 3650 2523; x_wconf 87' lang='lat' dir='ltr'><strong>pre-</strong></span> 
     </span>
    </p>
   </div>
   <div class='ocr_carea' id='block_1_58' title="bbox 2078 2535 3735 2618">
    <p class='ocr_par' dir='ltr' id='par_1_58' title="bbox 2078 2535 3735 2618">
     <span class='ocr_line' id='line_1_58' title="bbox 2078 2535 3735 2618; baseline -0.006 -14"><span class='ocrx_word' id='word_1_401' title='bbox 2078 2551 2237 2605; x_wconf 87' lang='lat' dir='ltr'><strong>cibus</strong></span> <span class='ocrx_word' id='word_1_402' title='bbox 2283 2563 2408 2603; x_wconf 91' lang='lat' dir='ltr'><strong>cum</strong></span> <span class='ocrx_word' id='word_1_403' title='bbox 2459 2548 2647 2603; x_wconf 88' lang='lat' dir='ltr'><strong>studio</strong></span> <span class='ocrx_word' id='word_1_404' title='bbox 2681 2535 2945 2618; x_wconf 58' lang='lat' dir='ltr'><strong>singulari</strong></span> <span class='ocrx_word' id='word_1_405' title='bbox 2990 2544 3304 2615; x_wconf 87' lang='lat' dir='ltr'><strong>ponendum</strong></span> <span class='ocrx_word' id='word_1_406' title='bbox 3334 2551 3441 2606; x_wconf 88' lang='lat' dir='ltr'><strong>est,</strong></span> <span class='ocrx_word' id='word_1_407' title='bbox 3474 2541 3649 2611; x_wconf 75' lang='lat' dir='ltr'><strong>negli-</strong></span> <span class='ocrx_word' id='word_1_408' title='bbox 3726 2544 3735 2561; x_wconf 89' lang='lat'>&#39;</span> 
     </span>
    </p>
   </div>
   <div class='ocr_carea' id='block_1_59' title="bbox 2078 2627 3647 2710">
    <p class='ocr_par' dir='ltr' id='par_1_59' title="bbox 2078 2627 3647 2710">
     <span class='ocr_line' id='line_1_59' title="bbox 2078 2627 3647 2710; baseline -0.01 -16"><span class='ocrx_word' id='word_1_409' title='bbox 2078 2655 2215 2710; x_wconf 79' lang='lat' dir='ltr'><strong>gere</strong></span> <span class='ocrx_word' id='word_1_410' title='bbox 2254 2648 2420 2708; x_wconf 83' lang='lat' dir='ltr'><strong>atque</strong></span> <span class='ocrx_word' id='word_1_411' title='bbox 2468 2646 2755 2691; x_wconf 86' lang='lat' dir='ltr'><strong>conterere</strong></span> <span class='ocrx_word' id='word_1_412' title='bbox 2783 2653 2795 2687; x_wconf 93' lang='lat'>:</span> <span class='ocrx_word' id='word_1_413' title='bbox 2823 2637 2966 2703; x_wconf 90' lang='lat' dir='ltr'><strong>quod</strong></span> <span class='ocrx_word' id='word_1_414' title='bbox 3019 2634 3065 2687; x_wconf 90' lang='lat' dir='ltr'><strong>si</strong></span> <span class='ocrx_word' id='word_1_415' title='bbox 3101 2646 3248 2686; x_wconf 92' lang='lat' dir='ltr'><strong>nunc</strong></span> <span class='ocrx_word' id='word_1_416' title='bbox 3296 2627 3647 2700; x_wconf 67' lang='lat' dir='ltr'><strong>praeterierit.</strong></span> 
     </span>
    </p>
   </div>
   <div class='ocr_carea' id='block_1_60' title="bbox 2078 2721 3649 2799">
    <p class='ocr_par' dir='ltr' id='par_1_60' title="bbox 2078 2721 3649 2799">
     <span class='ocr_line' id='line_1_60' title="bbox 2078 2721 3649 2799; baseline -0.009 -13"><span class='ocrx_word' id='word_1_417' title='bbox 2078 2732 2281 2786; x_wconf 80' lang='lat' dir='ltr'><strong>frustra</strong></span> <span class='ocrx_word' id='word_1_418' title='bbox 2311 2729 2641 2799; x_wconf 82' lang='lat' dir='ltr'><strong>requiretur.</strong></span> <span class='ocrx_word' id='word_1_419' title='bbox 2680 2725 2843 2798; x_wconf 64' lang='grc'><strong>246</strong></span> <span class='ocrx_word' id='word_1_420' title='bbox 2870 2725 2984 2795; x_wconf 70' lang='grc' dir='ltr'><strong>Εέο</strong></span> <span class='ocrx_word' id='word_1_421' title='bbox 3019 2739 3149 2778; x_wconf 76' lang='lat' dir='ltr'><strong>vero</strong></span> <span class='ocrx_word' id='word_1_422' title='bbox 3176 2722 3322 2793; x_wconf 87' lang='lat' dir='ltr'><strong>quod</strong></span> <span class='ocrx_word' id='word_1_423' title='bbox 3355 2721 3455 2775; x_wconf 89' lang='lat' dir='ltr'><strong>hoc</strong></span> <span class='ocrx_word' id='word_1_424' title='bbox 3473 2735 3649 2789; x_wconf 86' lang='lat' dir='ltr'><strong>quan—</strong></span> 
     </span>
    </p>
   </div>
   <div class='ocr_carea' id='block_1_61' title="bbox 2081 2817 3644 2893">
    <p class='ocr_par' dir='ltr' id='par_1_61' title="bbox 2081 2817 3644 2893">
     <span class='ocr_line' id='line_1_61' title="bbox 2081 2817 3644 2893; baseline -0.009 -15"><span class='ocrx_word' id='word_1_425' title='bbox 2081 2832 2413 2893; x_wconf 82' lang='lat' dir='ltr'><strong>tumcunque</strong></span> <span class='ocrx_word' id='word_1_426' title='bbox 2462 2820 2809 2876; x_wconf 82' lang='lat' dir='ltr'><strong>intervallum</strong></span> <span class='ocrx_word' id='word_1_427' title='bbox 2862 2828 3042 2873; x_wconf 86' lang='lat' dir='ltr'><strong>tecum</strong></span> <span class='ocrx_word' id='word_1_428' title='bbox 3097 2817 3332 2885; x_wconf 86' lang='lat' dir='ltr'><strong>loquens</strong></span> <span class='ocrx_word' id='word_1_429' title='bbox 3360 2825 3644 2873; x_wconf 87' lang='lat' dir='ltr'><strong>consumo,</strong></span> 
     </span>
    </p>
   </div>
   <div class='ocr_carea' id='block_1_62' title="bbox 2079 2904 3649 2981">
    <p class='ocr_par' dir='ltr' id='par_1_62' title="bbox 2079 2904 3649 2981">
     <span class='ocr_line' id='line_1_62' title="bbox 2079 2904 3649 2981; baseline -0.008 -12"><span class='ocrx_word' id='word_1_430' title='bbox 2079 2915 2214 2970; x_wconf 90' lang='lat' dir='ltr'><strong>mibi</strong></span> <span class='ocrx_word' id='word_1_431' title='bbox 2260 2914 2740 2968; x_wconf 83' lang='lat' dir='ltr'><strong>damnosissimum</strong></span> <span class='ocrx_word' id='word_1_432' title='bbox 2778 2911 2993 2981; x_wconf 90' lang='lat' dir='ltr'><strong>judico.</strong></span> <span class='ocrx_word' id='word_1_433' title='bbox 3028 2909 3109 2963; x_wconf 82' lang='lat' dir='ltr'><strong>Ad</strong></span> <span class='ocrx_word' id='word_1_434' title='bbox 3140 2908 3521 2977; x_wconf 69' lang='lat' dir='ltr'><strong>bzectnagnus</strong></span> <span class='ocrx_word' id='word_1_435' title='bbox 3548 2904 3649 2958; x_wconf 86' lang='lat' dir='ltr'><strong>do-</strong></span> 
     </span>
    </p>
   </div>
   <div class='ocr_carea' id='block_1_63' title="bbox 346 3000 1969 3108">
    <p class='ocr_par' dir='ltr' id='par_1_63' title="bbox 346 3000 1967 3073">
     <span class='ocr_line' id='line_1_63' title="bbox 346 3000 1967 3073; baseline 0.001 -21"><span class='ocrx_word' id='word_1_436' title='bbox 346 3002 448 3064; x_wconf 82' lang='grc' dir='ltr'><strong>τδς</strong></span> <span class='ocrx_word' id='word_1_437' title='bbox 506 3000 766 3053; x_wconf 76' lang='grc' dir='ltr'>θάνατον</span> <span class='ocrx_word' id='word_1_438' title='bbox 816 3000 993 3055; x_wconf 85' lang='grc' dir='ltr'>εῖλετο</span> <span class='ocrx_word' id='word_1_439' title='bbox 1024 3003 1118 3055; x_wconf 80' lang='grc' dir='ltr'>καὶ</span> <span class='ocrx_word' id='word_1_440' title='bbox 1159 3004 1432 3072; x_wconf 79' lang='grc' dir='ltr'>σταυρόνο</span> <span class='ocrx_word' id='word_1_441' title='bbox 1495 3003 1632 3073; x_wconf 83' lang='grc' dir='ltr'>μηδὲ</span> <span class='ocrx_word' id='word_1_442' title='bbox 1671 3003 1967 3070; x_wconf 71' lang='grc' dir='ltr'>κατάτριεε</span> 
     </span>
    </p>
   </div>
   <div class='ocr_carea' id='block_1_64' title="bbox 2073 3000 3645 3108">
    <p class='ocr_par' dir='ltr' id='par_1_64' title="bbox 2079 3003 3645 3074">
     <span class='ocr_line' id='line_1_64' title="bbox 2079 3003 3645 3074; baseline -0.008 -12"><span class='ocrx_word' id='word_1_443' title='bbox 2079 3008 2342 3062; x_wconf 88' lang='lat' dir='ltr'><strong>mesticus</strong></span> <span class='ocrx_word' id='word_1_444' title='bbox 2367 3007 2556 3061; x_wconf 86' lang='lat' dir='ltr'><strong>dolore</strong></span> <span class='ocrx_word' id='word_1_445' title='bbox 2588 3007 2885 3074; x_wconf 86' lang='lat' dir='ltr'><strong>absorptus</strong></span> <span class='ocrx_word' id='word_1_446' title='bbox 2924 3003 3239 3065; x_wconf 85' lang='lat' dir='ltr'><strong>obmutuit;</strong></span> <span class='ocrx_word' id='word_1_447' title='bbox 3285 3014 3645 3070; x_wconf 73' lang='lat' dir='ltr'><strong>egressusque</strong></span> 
     </span>
    </p>
   </div>
   <div class='ocr_carea' id='block_1_65' title="bbox 347 3091 1969 3162">
    <p class='ocr_par' dir='ltr' id='par_1_65' title="bbox 347 3091 1969 3162">
     <span class='ocr_line' id='line_1_65' title="bbox 347 3091 1969 3162; baseline 0 -18"><span class='ocrx_word' id='word_1_448' title='bbox 347 3093 448 3146; x_wconf 80' lang='grc' dir='ltr'>τὸν</span> <span class='ocrx_word' id='word_1_449' title='bbox 488 3091 735 3161; x_wconf 68' lang='grc' dir='ltr'>καιρὸν,</span> <span class='ocrx_word' id='word_1_450' title='bbox 766 3091 941 3155; x_wconf 80' lang='grc' dir='ltr'>οὕτως</span> <span class='ocrx_word' id='word_1_451' title='bbox 970 3095 1269 3160; x_wconf 87' lang='grc' dir='ltr'>ἀναγκαῖον</span> <span class='ocrx_word' id='word_1_452' title='bbox 1324 3093 1474 3155; x_wconf 77' lang='grc' dir='ltr'>ὄντα,</span> <span class='ocrx_word' id='word_1_453' title='bbox 1508 3094 1567 3147; x_wconf 81' lang='grc' dir='ltr'><strong>ὃν</strong></span> <span class='ocrx_word' id='word_1_454' title='bbox 1598 3094 1757 3157; x_wconf 74' lang='grc' dir='ltr'>αὖθις</span> <span class='ocrx_word' id='word_1_455' title='bbox 1786 3093 1969 3162; x_wconf 79' lang='grc' dir='ltr'>εὑρεῖν</span> 
     </span>
    </p>
   </div>
   <div class='ocr_carea' id='block_1_66' title="bbox 347 3184 1970 3255">
    <p class='ocr_par' dir='ltr' id='par_1_66' title="bbox 347 3184 1970 3255">
     <span class='ocr_line' id='line_1_66' title="bbox 347 3184 1970 3255; baseline -0.001 -20"><span class='ocrx_word' id='word_1_456' title='bbox 347 3186 461 3236; x_wconf 72' lang='grc' dir='ltr'>οὐκ</span> <span class='ocrx_word' id='word_1_457' title='bbox 498 3184 740 3249; x_wconf 72' lang='grc' dir='ltr'>ἐξέσται</span> <span class='ocrx_word' id='word_1_458' title='bbox 763 3184 1095 3253; x_wconf 72' lang='grc' dir='ltr'>διαφυγόντα</span> <span class='ocrx_word' id='word_1_459' title='bbox 1124 3186 1219 3238; x_wconf 84' lang='grc' dir='ltr'>νῦν</span> <span class='ocrx_word' id='word_1_460' title='bbox 1252 3202 1266 3216; x_wconf 85' lang='grc'><strong>·</strong></span> <span class='ocrx_word' id='word_1_461' title='bbox 1314 3186 1434 3239; x_wconf 79' lang='grc' dir='ltr'>ἀλλ’</span> <span class='ocrx_word' id='word_1_462' title='bbox 1460 3186 1637 3255; x_wconf 78' lang='grc' dir='ltr'>εὐχῶν</span> <span class='ocrx_word' id='word_1_463' title='bbox 1671 3204 1732 3239; x_wconf 71' lang='grc' dir='ltr'><strong>τε</strong></span> <span class='ocrx_word' id='word_1_464' title='bbox 1760 3186 1970 3239; x_wconf 83' lang='grc' dir='ltr'>πολλῶν</span> 
     </span>
    </p>
   </div>
   <div class='ocr_carea' id='block_1_67' title="bbox 350 3274 1970 3348">
    <p class='ocr_par' dir='ltr' id='par_1_67' title="bbox 350 3274 1970 3348">
     <span class='ocr_line' id='line_1_67' title="bbox 350 3274 1970 3348; baseline 0 -21"><span class='ocrx_word' id='word_1_465' title='bbox 350 3275 649 3341; x_wconf 80' lang='grc' dir='ltr'>δεόμενον</span> <span class='ocrx_word' id='word_1_466' title='bbox 695 3276 788 3327; x_wconf 72' lang='grc' dir='ltr'>καὶ</span> <span class='ocrx_word' id='word_1_467' title='bbox 822 3274 1059 3343; x_wconf 80' lang='grc' dir='ltr'>σπουδῆς</span> <span class='ocrx_word' id='word_1_468' title='bbox 1101 3275 1161 3326; x_wconf 69' lang='grc' dir='ltr'><strong>οὐ</strong></span> <span class='ocrx_word' id='word_1_469' title='bbox 1219 3275 1321 3346; x_wconf 84' lang='grc' dir='ltr'>τῆς</span> <span class='ocrx_word' id='word_1_470' title='bbox 1352 3275 1648 3347; x_wconf 84' lang='grc' dir='ltr'>τυχούσης.</span> <span class='ocrx_word' id='word_1_471' title='bbox 1686 3276 1828 3345; x_wconf 83' lang='grc' dir='ltr'><strong>Ἐγὼ</strong></span> <span class='ocrx_word' id='word_1_472' title='bbox 1860 3278 1970 3348; x_wconf 66' lang='grc' dir='ltr'>γὰρ</span> 
     </span>
    </p>
   </div>
   <div class='ocr_carea' id='block_1_68' title="bbox 350 3366 1970 3438">
    <p class='ocr_par' dir='ltr' id='par_1_68' title="bbox 350 3366 1970 3438">
     <span class='ocr_line' id='line_1_68' title="bbox 350 3366 1970 3438; baseline 0.001 -19"><span class='ocrx_word' id='word_1_473' title='bbox 350 3371 459 3420; x_wconf 77' lang='grc' dir='ltr'><strong>καὶ</strong></span> <span class='ocrx_word' id='word_1_474' title='bbox 494 3367 571 3420; x_wconf 84' lang='grc' dir='ltr'>ὃν</span> <span class='ocrx_word' id='word_1_475' title='bbox 615 3366 896 3419; x_wconf 87' lang='grc' dir='ltr'>ἀναλίσκω</span> <span class='ocrx_word' id='word_1_476' title='bbox 948 3383 1030 3419; x_wconf 87' lang='grc' dir='ltr'><strong>σοι</strong></span> <span class='ocrx_word' id='word_1_477' title='bbox 1077 3367 1465 3437; x_wconf 83' lang='grc' dir='ltr'>δ.αλεγόμενος</span> <span class='ocrx_word' id='word_1_478' title='bbox 1498 3369 1715 3438; x_wconf 83' lang='grc' dir='ltr'>χρόνον,</span> <span class='ocrx_word' id='word_1_479' title='bbox 1763 3368 1970 3438; x_wconf 79' lang='grc' dir='ltr'>ζημίαν</span> 
     </span>
    </p>
   </div>
   <div class='ocr_carea' id='block_1_69' title="bbox 350 3457 1970 3530">
    <p class='ocr_par' dir='ltr' id='par_1_69' title="bbox 350 3457 1970 3530">
     <span class='ocr_line' id='line_1_69' title="bbox 350 3457 1970 3530; baseline 0.002 -21"><span class='ocrx_word' id='word_1_480' title='bbox 350 3459 605 3530; x_wconf 73' lang='grc' dir='ltr'>ἥγημαι</span> <span class='ocrx_word' id='word_1_481' title='bbox 634 3458 739 3521; x_wconf 79' lang='grc' dir='ltr'><strong>τὴν</strong></span> <span class='ocrx_word' id='word_1_482' title='bbox 767 3457 1023 3528; x_wconf 68' lang='grc' dir='ltr'>ἐσχάτην.</span> <span class='ocrx_word' id='word_1_483' title='bbox 1067 3457 1125 3509; x_wconf 90' lang='grc'><strong>’0</strong></span> <span class='ocrx_word' id='word_1_484' title='bbox 1158 3458 1334 3527; x_wconf 77' lang='grc' dir='ltr'>μέγας</span> <span class='ocrx_word' id='word_1_485' title='bbox 1379 3458 1436 3511; x_wconf 81' lang='grc' dir='ltr'>δὲ</span> <span class='ocrx_word' id='word_1_486' title='bbox 1482 3459 1804 3528; x_wconf 73' lang='grc' dir='ltr'>δομέστικος</span> <span class='ocrx_word' id='word_1_487' title='bbox 1829 3462 1970 3513; x_wconf 88' lang='grc' dir='ltr'>ἀπο-</span> 
     </span>
    </p>
   </div>
   <div class='ocr_carea' id='block_1_70' title="bbox 352 3546 1969 3621">
    <p class='ocr_par' dir='ltr' id='par_1_70' title="bbox 352 3546 1969 3621">
     <span class='ocr_line' id='line_1_70' title="bbox 352 3546 1969 3621; baseline 0.001 -20"><span class='ocrx_word' id='word_1_488' title='bbox 352 3546 686 3617; x_wconf 72' lang='grc' dir='ltr'>κρίνασθαι</span> <span class='ocrx_word' id='word_1_489' title='bbox 712 3547 813 3616; x_wconf 84' lang='grc' dir='ltr'><strong>μὲν</strong></span> <span class='ocrx_word' id='word_1_490' title='bbox 838 3547 1057 3617; x_wconf 77' lang='grc' dir='ltr'>ἴσχυσεν</span> <span class='ocrx_word' id='word_1_491' title='bbox 1072 3548 1253 3614; x_wconf 66' lang='grc' dir='ltr'>οῦδὲν,</span> <span class='ocrx_word' id='word_1_492' title='bbox 1273 3549 1374 3617; x_wconf 80' lang='grc' dir='ltr'>τῆς</span> <span class='ocrx_word' id='word_1_493' title='bbox 1401 3548 1579 3619; x_wconf 68' lang='grc' dir='ltr'>ψυχῆς</span> <span class='ocrx_word' id='word_1_494' title='bbox 1601 3550 1703 3621; x_wconf 76' lang='grc' dir='ltr'>ήδη</span> <span class='ocrx_word' id='word_1_495' title='bbox 1733 3554 1799 3620; x_wconf 79' lang='grc' dir='ltr'>τῇ</span> <span class='ocrx_word' id='word_1_496' title='bbox 1827 3549 1969 3621; x_wconf 81' lang='grc' dir='ltr'>λύπῃ</span> 
     </span>
    </p>
   </div>
   <div class='ocr_carea' id='block_1_71' title="bbox 350 3640 1967 3713">
    <p class='ocr_par' dir='ltr' id='par_1_71' title="bbox 350 3640 1967 3713">
     <span class='ocr_line' id='line_1_71' title="bbox 350 3640 1967 3713; baseline -0.007 -16"><span class='ocrx_word' id='word_1_497' title='bbox 350 3641 1019 3710; x_wconf 73' lang='grc' dir='ltr'>καταϐεϐαπτισμένης·</span> <span class='ocrx_word' id='word_1_498' title='bbox 1050 3641 1154 3705; x_wconf 78' lang='grc' dir='ltr'><strong>ἔξω</strong></span> <span class='ocrx_word' id='word_1_499' title='bbox 1186 3642 1243 3695; x_wconf 68' lang='grc' dir='ltr'>δὲ</span> <span class='ocrx_word' id='word_1_500' title='bbox 1274 3640 1444 3694; x_wconf 71' lang='grc' dir='ltr'>ἐλθὼν</span> <span class='ocrx_word' id='word_1_501' title='bbox 1468 3642 1735 3713; x_wconf 76' lang='grc' dir='ltr'>ἀνῴμωξέ</span> <span class='ocrx_word' id='word_1_502' title='bbox 1783 3661 1844 3696; x_wconf 81' lang='grc' dir='ltr'>τε</span> <span class='ocrx_word' id='word_1_503' title='bbox 1875 3662 1967 3697; x_wconf 81' lang='grc' dir='ltr'><strong>πι.</strong></span> 
     </span>
    </p>
   </div>
   <div class='ocr_carea' id='block_1_72' title="bbox 352 3732 1967 3805">
    <p class='ocr_par' dir='ltr' id='par_1_72' title="bbox 352 3732 1967 3805">
     <span class='ocr_line' id='line_1_72' title="bbox 352 3732 1967 3805; baseline -0.001 -17"><span class='ocrx_word' id='word_1_504' title='bbox 352 3737 556 3804; x_wconf 77' lang='grc' dir='ltr'>κρῶς,</span> <span class='ocrx_word' id='word_1_505' title='bbox 592 3734 694 3785; x_wconf 71' lang='grc' dir='ltr'>καὶ</span> <span class='ocrx_word' id='word_1_506' title='bbox 733 3733 828 3785; x_wconf 71' lang='grc' dir='ltr'>τὸν</span> <span class='ocrx_word' id='word_1_507' title='bbox 878 3732 1033 3801; x_wconf 83' lang='grc' dir='ltr'>φίλον</span> <span class='ocrx_word' id='word_1_508' title='bbox 1073 3732 1428 3787; x_wconf 79' lang='grc' dir='ltr'>ἀνεκαλεῖτοο</span> <span class='ocrx_word' id='word_1_509' title='bbox 1464 3737 1561 3787; x_wconf 80' lang='grc' dir='ltr'>καὶ</span> <span class='ocrx_word' id='word_1_510' title='bbox 1614 3736 1818 3805; x_wconf 85' lang='grc' dir='ltr'>μικροῦ</span> <span class='ocrx_word' id='word_1_511' title='bbox 1867 3739 1967 3805; x_wconf 74' lang='grc' dir='ltr'>μὲν</span> 
     </span>
    </p>
   </div>
   <div class='ocr_carea' id='block_1_73' title="bbox 348 3825 1963 3897">
    <p class='ocr_par' dir='ltr' id='par_1_73' title="bbox 348 3825 1963 3897">
     <span class='ocr_line' id='line_1_73' title="bbox 348 3825 1963 3897; baseline -0.001 -21"><span class='ocrx_word' id='word_1_512' title='bbox 348 3826 612 3894; x_wconf 75' lang='grc' dir='ltr'>ἰδέησεν</span> <span class='ocrx_word' id='word_1_513' title='bbox 667 3825 889 3890; x_wconf 70' lang='grc' dir='ltr'>ἀφεῖναι</span> <span class='ocrx_word' id='word_1_514' title='bbox 944 3825 1042 3876; x_wconf 71' lang='grc' dir='ltr'><strong>καὶ</strong></span> <span class='ocrx_word' id='word_1_515' title='bbox 1070 3825 1171 3895; x_wconf 79' lang='grc' dir='ltr'><strong>τὴν</strong></span> <span class='ocrx_word' id='word_1_516' title='bbox 1220 3825 1401 3896; x_wconf 78' lang='grc' dir='ltr'>ψυχὴν</span> <span class='ocrx_word' id='word_1_517' title='bbox 1435 3826 1528 3879; x_wconf 73' lang='grc' dir='ltr'><strong>ἐπὶ</strong></span> <span class='ocrx_word' id='word_1_518' title='bbox 1559 3830 1672 3888; x_wconf 73' lang='grc' dir='ltr'>τοῖς</span> <span class='ocrx_word' id='word_1_519' title='bbox 1721 3827 1963 3897; x_wconf 82' lang='grc' dir='ltr'>θρήνοις,</span> 
     </span>
    </p>
   </div>
   <div class='ocr_carea' id='block_1_74' title="bbox 351 3916 1965 3990">
    <p class='ocr_par' dir='ltr' id='par_1_74' title="bbox 351 3916 1965 3990">
     <span class='ocr_line' id='line_1_74' title="bbox 351 3916 1965 3990; baseline 0.002 -19"><span class='ocrx_word' id='word_1_520' title='bbox 351 3920 582 3987; x_wconf 75' lang='grc' dir='ltr'>Ὅμως</span> <span class='ocrx_word' id='word_1_521' title='bbox 608 3916 656 3968; x_wconf 78' lang='grc' dir='ltr'>δ’</span> <span class='ocrx_word' id='word_1_522' title='bbox 685 3916 1024 3985; x_wconf 71' lang='grc' dir='ltr'>ἀνελάμϐανε</span> <span class='ocrx_word' id='word_1_523' title='bbox 1051 3934 1109 3969; x_wconf 84' lang='grc' dir='ltr'>τε</span> <span class='ocrx_word' id='word_1_524' title='bbox 1132 3918 1295 3971; x_wconf 76' lang='grc' dir='ltr'>πάλιν</span> <span class='ocrx_word' id='word_1_525' title='bbox 1324 3919 1540 3984; x_wconf 77' lang='grc' dir='ltr'>ἑαυτὸν,</span> <span class='ocrx_word' id='word_1_526' title='bbox 1569 3921 1662 3973; x_wconf 78' lang='grc' dir='ltr'>καὶ</span> <span class='ocrx_word' id='word_1_527' title='bbox 1689 3923 1791 3983; x_wconf 70' lang='grc' dir='ltr'><strong>τιάς</strong></span> <span class='ocrx_word' id='word_1_528' title='bbox 1815 3921 1965 3990; x_wconf 68' lang='grc' dir='ltr'>ὄψεις</span> 
     </span>
    </p>
   </div>
   <div class='ocr_carea' id='block_1_75' title="bbox 351 4009 1967 4081">
    <p class='ocr_par' dir='ltr' id='par_1_75' title="bbox 351 4009 1967 4081">
     <span class='ocr_line' id='line_1_75' title="bbox 351 4009 1967 4081; baseline 0.002 -18"><span class='ocrx_word' id='word_1_529' title='bbox 351 4010 534 4063; x_wconf 77' lang='grc' dir='ltr'>ὕδατι</span> <span class='ocrx_word' id='word_1_530' title='bbox 576 4009 688 4061; x_wconf 84' lang='grc' dir='ltr'><strong>τῶν</strong></span> <span class='ocrx_word' id='word_1_531' title='bbox 718 4009 973 4076; x_wconf 85' lang='grc' dir='ltr'>δακρύων</span> <span class='ocrx_word' id='word_1_532' title='bbox 1001 4010 1413 4081; x_wconf 82' lang='grc' dir='ltr'>ἀποκαθαίρων,</span> <span class='ocrx_word' id='word_1_533' title='bbox 1454 4010 1645 4080; x_wconf 83' lang='grc' dir='ltr'>ὥσπερ</span> <span class='ocrx_word' id='word_1_534' title='bbox 1675 4012 1836 4066; x_wconf 75' lang='grc' dir='ltr'>ἄλλου</span> <span class='ocrx_word' id='word_1_535' title='bbox 1863 4015 1967 4067; x_wconf 74' lang='grc' dir='ltr'>πά-</span> 
     </span>
    </p>
   </div>
   <div class='ocr_carea' id='block_1_76' title="bbox 354 4098 1966 4171">
    <p class='ocr_par' dir='ltr' id='par_1_76' title="bbox 354 4098 1966 4171">
     <span class='ocr_line' id='line_1_76' title="bbox 354 4098 1966 4171; baseline 0.001 -17"><span class='ocrx_word' id='word_1_536' title='bbox 354 4117 612 4171; x_wconf 82' lang='grc' dir='ltr'>σχοντος</span> <span class='ocrx_word' id='word_1_537' title='bbox 668 4098 968 4167; x_wconf 78' lang='grc' dir='ltr'>ἀδάκρυτος</span> <span class='ocrx_word' id='word_1_538' title='bbox 1002 4100 1187 4170; x_wconf 77' lang='grc' dir='ltr'>ὡρᾶτο</span> <span class='ocrx_word' id='word_1_539' title='bbox 1240 4101 1470 4170; x_wconf 82' lang='grc' dir='ltr'>βασιλεῖ.</span> <span class='ocrx_word' id='word_1_540' title='bbox 1516 4102 1607 4163; x_wconf 81' lang='grc' dir='ltr'>Ὠς</span> <span class='ocrx_word' id='word_1_541' title='bbox 1639 4101 1696 4154; x_wconf 75' lang='grc' dir='ltr'>δὲ</span> <span class='ocrx_word' id='word_1_542' title='bbox 1728 4104 1755 4154; x_wconf 88' lang='grc' dir='ltr'>ὁ</span> <span class='ocrx_word' id='word_1_543' title='bbox 1811 4101 1966 4171; x_wconf 65' lang='grc' dir='ltr'>βασις</span> 
     </span>
    </p>
   </div>
   <div class='ocr_carea' id='block_1_77' title="bbox 352 4194 1968 4265">
    <p class='ocr_par' dir='ltr' id='par_1_77' title="bbox 352 4194 1968 4265">
     <span class='ocr_line' id='line_1_77' title="bbox 352 4194 1968 4265; baseline 0.002 -19"><span class='ocrx_word' id='word_1_544' title='bbox 352 4196 499 4257; x_wconf 74' lang='grc' dir='ltr'><strong>λεῦς</strong></span> <span class='ocrx_word' id='word_1_545' title='bbox 540 4194 781 4263; x_wconf 76' lang='grc' dir='ltr'>συχνοὺς</span> <span class='ocrx_word' id='word_1_546' title='bbox 807 4194 1079 4261; x_wconf 78' lang='grc' dir='ltr'>ἀγγέλους</span> <span class='ocrx_word' id='word_1_547' title='bbox 1134 4196 1489 4264; x_wconf 74' lang='grc' dir='ltr'>ἐπιπέμπων,</span> <span class='ocrx_word' id='word_1_548' title='bbox 1541 4196 1641 4265; x_wconf 82' lang='grc' dir='ltr'><strong>τὴν</strong></span> <span class='ocrx_word' id='word_1_549' title='bbox 1670 4196 1766 4249; x_wconf 80' lang='grc' dir='ltr'>τοῦ</span> <span class='ocrx_word' id='word_1_550' title='bbox 1805 4213 1968 4249; x_wconf 86' lang='grc' dir='ltr'>πνευ-</span> 
     </span>
    </p>
   </div>
   <div class='ocr_carea' id='block_1_78' title="bbox 361 4286 2021 4359">
    <p class='ocr_par' dir='ltr' id='par_1_78' title="bbox 361 4286 2021 4359">
     <span class='ocr_line' id='line_1_78' title="bbox 361 4286 2021 4359; baseline -0.002 -18"><span class='ocrx_word' id='word_1_551' title='bbox 361 4286 624 4357; x_wconf 79' lang='grc' dir='ltr'>ματικοῦ</span> <span class='ocrx_word' id='word_1_552' title='bbox 662 4287 868 4356; x_wconf 77' lang='grc' dir='ltr'>πατρὸς</span> <span class='ocrx_word' id='word_1_553' title='bbox 900 4288 1088 4355; x_wconf 71' lang='grc' dir='ltr'>ἄφιξιν</span> <span class='ocrx_word' id='word_1_554' title='bbox 1138 4289 1493 4349; x_wconf 79' lang='grc' dir='ltr'>ἐπέσπευδεν,</span> <span class='ocrx_word' id='word_1_555' title='bbox 1540 4290 1569 4340; x_wconf 85' lang='grc' dir='ltr'>ὁ</span> <span class='ocrx_word' id='word_1_556' title='bbox 1605 4289 1777 4357; x_wconf 77' lang='grc' dir='ltr'>μέγας</span> <span class='ocrx_word' id='word_1_557' title='bbox 1807 4289 1965 4359; x_wconf 82' lang='grc' dir='ltr'>δομέ-</span> <span class='ocrx_word' id='word_1_558' title='bbox 2016 4332 2021 4337; x_wconf 91' lang='grc'>,</span> 
     </span>
    </p>
   </div>
   <div class='ocr_carea' id='block_1_79' title="bbox 2076 3089 3647 3165">
    <p class='ocr_par' dir='ltr' id='par_1_79' title="bbox 2076 3089 3647 3165">
     <span class='ocr_line' id='line_1_79' title="bbox 2076 3089 3647 3165; baseline -0.009 -9"><span class='ocrx_word' id='word_1_559' title='bbox 2076 3103 2242 3164; x_wconf 81' lang='lat' dir='ltr'><strong>foras,</strong></span> <span class='ocrx_word' id='word_1_560' title='bbox 2275 3100 2434 3155; x_wconf 77' lang='lat' dir='ltr'><strong>amici</strong></span> <span class='ocrx_word' id='word_1_561' title='bbox 2481 3113 2682 3153; x_wconf 88' lang='lat' dir='ltr'><strong>nomen</strong></span> <span class='ocrx_word' id='word_1_562' title='bbox 2716 3097 2861 3151; x_wconf 81' lang='lat' dir='ltr'><strong>inter</strong></span> <span class='ocrx_word' id='word_1_563' title='bbox 2893 3110 3111 3150; x_wconf 87' lang='lat' dir='ltr'><strong>amaras</strong></span> <span class='ocrx_word' id='word_1_564' title='bbox 3134 3089 3647 3165; x_wconf 74' lang='lat' dir='ltr'><strong>lacrymasiugemi-</strong></span> 
     </span>
    </p>
   </div>
   <div class='ocr_carea' id='block_1_80' title="bbox 2074 3185 3645 3261">
    <p class='ocr_par' dir='ltr' id='par_1_80' title="bbox 2074 3185 3645 3261">
     <span class='ocr_line' id='line_1_80' title="bbox 2074 3185 3645 3261; baseline -0.005 -15"><span class='ocrx_word' id='word_1_565' title='bbox 2074 3193 2261 3257; x_wconf 82' lang='lat' dir='ltr'><strong>navit;</strong></span> <span class='ocrx_word' id='word_1_566' title='bbox 2319 3207 2458 3261; x_wconf 85' lang='lat' dir='ltr'><strong>quas</strong></span> <span class='ocrx_word' id='word_1_567' title='bbox 2501 3199 2610 3246; x_wconf 87' lang='lat' dir='ltr'><strong>tam</strong></span> <span class='ocrx_word' id='word_1_568' title='bbox 2663 3189 2890 3257; x_wconf 75' lang='lat' dir='ltr'><strong>largiter</strong></span> <span class='ocrx_word' id='word_1_569' title='bbox 2937 3186 3201 3257; x_wconf 79' lang='lat' dir='ltr'><strong>proludit,</strong></span> <span class='ocrx_word' id='word_1_570' title='bbox 3230 3194 3291 3241; x_wconf 89' lang='lat' dir='ltr'><strong>ut</strong></span> <span class='ocrx_word' id='word_1_571' title='bbox 3340 3202 3464 3242; x_wconf 90' lang='lat' dir='ltr'><strong>cum</strong></span> <span class='ocrx_word' id='word_1_572' title='bbox 3513 3185 3645 3256; x_wconf 78' lang='lat' dir='ltr'><strong>ipsis</strong></span> 
     </span>
    </p>
   </div>
   <div class='ocr_carea' id='block_1_81' title="bbox 2072 3276 3645 3354">
    <p class='ocr_par' dir='ltr' id='par_1_81' title="bbox 2072 3276 3645 3354">
     <span class='ocr_line' id='line_1_81' title="bbox 2072 3276 3645 3354; baseline -0.005 -14"><span class='ocrx_word' id='word_1_573' title='bbox 2072 3300 2209 3354; x_wconf 86' lang='lat' dir='ltr'><strong>pene</strong></span> <span class='ocrx_word' id='word_1_574' title='bbox 2250 3283 2492 3339; x_wconf 85' lang='lat' dir='ltr'><strong>animam</strong></span> <span class='ocrx_word' id='word_1_575' title='bbox 2533 3280 2914 3351; x_wconf 78' lang='lat' dir='ltr'><strong>profunderet.</strong></span> <span class='ocrx_word' id='word_1_576' title='bbox 2959 3279 3341 3334; x_wconf 76' lang='lat' dir='ltr'><strong>Verumtamen</strong></span> <span class='ocrx_word' id='word_1_577' title='bbox 3387 3291 3449 3333; x_wconf 84' lang='lat' dir='ltr'><strong>se</strong></span> <span class='ocrx_word' id='word_1_578' title='bbox 3477 3276 3645 3332; x_wconf 86' lang='lat' dir='ltr'><strong>colic-</strong></span> 
     </span>
    </p>
   </div>
   <div class='ocr_carea' id='block_1_82' title="bbox 2072 3366 3644 3444">
    <p class='ocr_par' dir='ltr' id='par_1_82' title="bbox 2072 3366 3644 3444">
     <span class='ocr_line' id='line_1_82' title="bbox 2072 3366 3644 3444; baseline -0.005 -17"><span class='ocrx_word' id='word_1_579' title='bbox 2072 3374 2150 3444; x_wconf 79' lang='lat' dir='ltr'><strong>git</strong></span> <span class='ocrx_word' id='word_1_580' title='bbox 2175 3374 2396 3437; x_wconf 86' lang='lat' dir='ltr'><strong>iterum,</strong></span> <span class='ocrx_word' id='word_1_581' title='bbox 2429 3371 2728 3439; x_wconf 88' lang='lat' dir='ltr'><strong>ablutaque</strong></span> <span class='ocrx_word' id='word_1_582' title='bbox 2769 3368 2928 3430; x_wconf 83' lang='lat' dir='ltr'><strong>facie.</strong></span> <span class='ocrx_word' id='word_1_583' title='bbox 2963 3368 3307 3441; x_wconf 79' lang='lat' dir='ltr'><strong>imperatori,</strong></span> <span class='ocrx_word' id='word_1_584' title='bbox 3351 3368 3502 3422; x_wconf 77' lang='lat' dir='ltr'><strong>velut</strong></span> <span class='ocrx_word' id='word_1_585' title='bbox 3532 3366 3644 3423; x_wconf 81' lang='lat' dir='ltr'><strong>alio</strong></span> 
     </span>
    </p>
   </div>
   <div class='ocr_carea' id='block_1_83' title="bbox 2070 3457 3642 3535">
    <p class='ocr_par' dir='ltr' id='par_1_83' title="bbox 2070 3457 3642 3535">
     <span class='ocr_line' id='line_1_83' title="bbox 2070 3457 3642 3535; baseline -0.005 -16"><span class='ocrx_word' id='word_1_586' title='bbox 2070 3465 2353 3535; x_wconf 88' lang='lat' dir='ltr'><strong>quopiam,</strong></span> <span class='ocrx_word' id='word_1_587' title='bbox 2385 3478 2493 3517; x_wconf 86' lang='lat' dir='ltr'><strong>non</strong></span> <span class='ocrx_word' id='word_1_588' title='bbox 2546 3478 2604 3516; x_wconf 85' lang='lat' dir='ltr'><strong>se</strong></span> <span class='ocrx_word' id='word_1_589' title='bbox 2647 3469 2966 3530; x_wconf 69' lang='lat' dir='ltr'><strong>aegrotante,</strong></span> <span class='ocrx_word' id='word_1_590' title='bbox 3009 3474 3109 3513; x_wconf 86' lang='lat' dir='ltr'><strong>nec</strong></span> <span class='ocrx_word' id='word_1_591' title='bbox 3152 3457 3365 3515; x_wconf 82' lang='lat' dir='ltr'><strong>ﬂevisse</strong></span> <span class='ocrx_word' id='word_1_592' title='bbox 3414 3459 3642 3528; x_wconf 87' lang='lat' dir='ltr'><strong>quidem</strong></span> 
     </span>
    </p>
   </div>
   <div class='ocr_carea' id='block_1_84' title="bbox 2072 3551 3642 3621">
    <p class='ocr_par' dir='ltr' id='par_1_84' title="bbox 2072 3551 3642 3621">
     <span class='ocr_line' id='line_1_84' title="bbox 2072 3551 3642 3621; baseline -0.004 -9"><span class='ocrx_word' id='word_1_593' title='bbox 2072 3558 2225 3612; x_wconf 80' lang='lat' dir='ltr'><strong>visus</strong></span> <span class='ocrx_word' id='word_1_594' title='bbox 2252 3566 2358 3610; x_wconf 88' lang='lat' dir='ltr'><strong>est.</strong></span> <span class='ocrx_word' id='word_1_595' title='bbox 2381 3555 2486 3621; x_wconf 86' lang='lat' dir='ltr'><strong>Qui</strong></span> <span class='ocrx_word' id='word_1_596' title='bbox 2531 3569 2654 3608; x_wconf 91' lang='lat' dir='ltr'><strong>cum</strong></span> <span class='ocrx_word' id='word_1_597' title='bbox 2683 3554 2910 3608; x_wconf 85' lang='lat' dir='ltr'><strong>nuntios</strong></span> <span class='ocrx_word' id='word_1_598' title='bbox 2952 3552 3261 3621; x_wconf 83' lang='lat' dir='ltr'><strong>duplicans,</strong></span> <span class='ocrx_word' id='word_1_599' title='bbox 3295 3551 3642 3621; x_wconf 88' lang='lat' dir='ltr'><strong>spiritualem</strong></span> 
     </span>
    </p>
   </div>
   <div class='ocr_carea' id='block_1_85' title="bbox 2070 3641 3643 3719">
    <p class='ocr_par' dir='ltr' id='par_1_85' title="bbox 2070 3641 3643 3719">
     <span class='ocr_line' id='line_1_85' title="bbox 2070 3641 3643 3719; baseline -0.005 -15"><span class='ocrx_word' id='word_1_600' title='bbox 2070 3661 2281 3719; x_wconf 84' lang='lat' dir='ltr'><strong>patrem</strong></span> <span class='ocrx_word' id='word_1_601' title='bbox 2320 3647 2387 3701; x_wconf 90' lang='lat' dir='ltr'><strong>ad</strong></span> <span class='ocrx_word' id='word_1_602' title='bbox 2418 3662 2477 3701; x_wconf 88' lang='lat' dir='ltr'><strong>se</strong></span> <span class='ocrx_word' id='word_1_603' title='bbox 2517 3645 2825 3701; x_wconf 85' lang='lat' dir='ltr'><strong>accelerare</strong></span> <span class='ocrx_word' id='word_1_604' title='bbox 2854 3645 3092 3715; x_wconf 84' lang='lat' dir='ltr'><strong>juberet.</strong></span> <span class='ocrx_word' id='word_1_605' title='bbox 3120 3658 3350 3712; x_wconf 66' lang='lat' dir='ltr'><strong>magnus</strong></span> <span class='ocrx_word' id='word_1_606' title='bbox 3382 3641 3643 3696; x_wconf 88' lang='lat' dir='ltr'><strong>domesti-</strong></span> 
     </span>
    </p>
   </div>
   <div class='ocr_carea' id='block_1_86' title="bbox 2070 3734 3643 3810">
    <p class='ocr_par' dir='ltr' id='par_1_86' title="bbox 2070 3734 3643 3810">
     <span class='ocr_line' id='line_1_86' title="bbox 2070 3734 3643 3810; baseline -0.004 -15"><span class='ocrx_word' id='word_1_607' title='bbox 2070 3756 2169 3795; x_wconf 81' lang='lat' dir='ltr'><strong>cus</strong></span> <span class='ocrx_word' id='word_1_608' title='bbox 2191 3755 2289 3810; x_wconf 88' lang='lat' dir='ltr'><strong>per</strong></span> <span class='ocrx_word' id='word_1_609' title='bbox 2318 3745 2532 3792; x_wconf 75' lang='lat' dir='ltr'><strong>centum</strong></span> <span class='ocrx_word' id='word_1_610' title='bbox 2564 3737 2846 3791; x_wconf 86' lang='lat' dir='ltr'><strong>hominem</strong></span> <span class='ocrx_word' id='word_1_611' title='bbox 2885 3747 3098 3805; x_wconf 84' lang='lat' dir='ltr'><strong>patrem</strong></span> <span class='ocrx_word' id='word_1_612' title='bbox 3129 3738 3283 3790; x_wconf 88' lang='lat' dir='ltr'><strong>illum</strong></span> <span class='ocrx_word' id='word_1_613' title='bbox 3314 3734 3554 3800; x_wconf 87' lang='lat' dir='ltr'><strong>monuit,</strong></span> <span class='ocrx_word' id='word_1_614' title='bbox 3582 3743 3643 3789; x_wconf 92' lang='lat' dir='ltr'><strong>ut</strong></span> 
     </span>
    </p>
   </div>
   <div class='ocr_carea' id='block_1_87' title="bbox 2067 3829 3636 3903">
    <p class='ocr_par' dir='ltr' id='par_1_87' title="bbox 2067 3829 3636 3903">
     <span class='ocr_line' id='line_1_87' title="bbox 2067 3829 3636 3903; baseline -0.004 -16"><span class='ocrx_word' id='word_1_615' title='bbox 2067 3831 2450 3903; x_wconf 87' lang='lat' dir='ltr'><strong>Didymoticho</strong></span> <span class='ocrx_word' id='word_1_616' title='bbox 2477 3830 2690 3893; x_wconf 76' lang='lat' dir='ltr'><strong>exiens,</strong></span> <span class='ocrx_word' id='word_1_617' title='bbox 2714 3830 2767 3882; x_wconf 90' lang='lat' dir='ltr'><strong>in</strong></span> <span class='ocrx_word' id='word_1_618' title='bbox 2795 3829 3063 3883; x_wconf 90' lang='lat' dir='ltr'><strong>suburbio</strong></span> <span class='ocrx_word' id='word_1_619' title='bbox 3085 3829 3351 3896; x_wconf 80' lang='lat' dir='ltr'><strong>tantisper</strong></span> <span class='ocrx_word' id='word_1_620' title='bbox 3371 3838 3636 3894; x_wconf 87' lang='lat' dir='ltr'><strong>maneret,</strong></span> 
     </span>
    </p>
   </div>
   <div class='ocr_carea' id='block_1_88' title="bbox 2068 3919 3637 3993">
    <p class='ocr_par' dir='ltr' id='par_1_88' title="bbox 2068 3919 3637 3993">
     <span class='ocr_line' id='line_1_88' title="bbox 2068 3919 3637 3993; baseline -0.003 -16"><span class='ocrx_word' id='word_1_621' title='bbox 2068 3922 2248 3993; x_wconf 84' lang='lat' dir='ltr'><strong>quoad</strong></span> <span class='ocrx_word' id='word_1_622' title='bbox 2269 3921 2387 3990; x_wconf 87' lang='lat' dir='ltr'><strong>ipse</strong></span> <span class='ocrx_word' id='word_1_623' title='bbox 2413 3921 2717 3990; x_wconf 77' lang='lat' dir='ltr'><strong>ingressum</strong></span> <span class='ocrx_word' id='word_1_624' title='bbox 2745 3920 2824 3975; x_wconf 89' lang='lat' dir='ltr'><strong>illi</strong></span> <span class='ocrx_word' id='word_1_625' title='bbox 2854 3919 3204 3989; x_wconf 86' lang='lat' dir='ltr'><strong>permitteret</strong></span> <span class='ocrx_word' id='word_1_626' title='bbox 3232 3937 3245 3973; x_wconf 89' lang='lat'>:</span> <span class='ocrx_word' id='word_1_627' title='bbox 3277 3919 3446 3973; x_wconf 87' lang='lat' dir='ltr'><strong>citius</strong></span> <span class='ocrx_word' id='word_1_628' title='bbox 3476 3934 3637 3973; x_wconf 80' lang='lat' dir='ltr'><strong>cave-</strong></span> 
     </span>
    </p>
   </div>
   <div class='ocr_carea' id='block_1_89' title="bbox 2070 4012 3640 4082">
    <p class='ocr_par' dir='ltr' id='par_1_89' title="bbox 2070 4012 3640 4082">
     <span class='ocr_line' id='line_1_89' title="bbox 2070 4012 3640 4082; baseline -0.003 -13"><span class='ocrx_word' id='word_1_629' title='bbox 2070 4025 2155 4069; x_wconf 90' lang='lat' dir='ltr'><strong>ret</strong></span> <span class='ocrx_word' id='word_1_630' title='bbox 2185 4013 2420 4082; x_wconf 76' lang='lat' dir='ltr'><strong>ingredi,</strong></span> <span class='ocrx_word' id='word_1_631' title='bbox 2455 4013 2708 4082; x_wconf 78' lang='lat' dir='ltr'><strong>quamvis</strong></span> <span class='ocrx_word' id='word_1_632' title='bbox 2732 4012 2787 4066; x_wconf 87' lang='lat' dir='ltr'><strong>id</strong></span> <span class='ocrx_word' id='word_1_633' title='bbox 2822 4028 3014 4067; x_wconf 89' lang='lat' dir='ltr'><strong>omnes</strong></span> <span class='ocrx_word' id='word_1_634' title='bbox 3042 4012 3303 4067; x_wconf 83' lang='lat' dir='ltr'><strong>mortales</strong></span> <span class='ocrx_word' id='word_1_635' title='bbox 3330 4013 3381 4067; x_wconf 90' lang='lat' dir='ltr'><strong>ei</strong></span> <span class='ocrx_word' id='word_1_636' title='bbox 3413 4013 3640 4066; x_wconf 80' lang='lat' dir='ltr'><strong>deman-</strong></span> 
     </span>
    </p>
   </div>
   <div class='ocr_carea' id='block_1_90' title="bbox 2067 4086 3637 4175">
    <p class='ocr_par' dir='ltr' id='par_1_90' title="bbox 2067 4086 3637 4175">
     <span class='ocr_line' id='line_1_90' title="bbox 2067 4086 3637 4175; baseline -0.004 -13"><span class='ocrx_word' id='word_1_637' title='bbox 2067 4111 2285 4162; x_wconf 88' lang='lat' dir='ltr'><strong>darent.</strong></span> <span class='ocrx_word' id='word_1_638' title='bbox 2312 4105 2495 4159; x_wconf 78' lang='lat' dir='ltr'><strong>Alium</strong></span> <span class='ocrx_word' id='word_1_639' title='bbox 2545 4120 2677 4158; x_wconf 76' lang='lat' dir='ltr'><strong>vero</strong></span> <span class='ocrx_word' id='word_1_640' title='bbox 2711 4104 2768 4157; x_wconf 86' lang='lat' dir='ltr'><strong>in</strong></span> <span class='ocrx_word' id='word_1_641' title='bbox 2801 4104 2920 4175; x_wconf 86' lang='lat' dir='ltr'><strong>ejus</strong></span> <span class='ocrx_word' id='word_1_642' title='bbox 2951 4105 3134 4158; x_wconf 88' lang='lat' dir='ltr'><strong>locum</strong></span> <span class='ocrx_word' id='word_1_643' title='bbox 3171 4086 3534 4158; x_wconf 86' lang='lat' dir='ltr'><strong>subornatum</strong></span> <span class='ocrx_word' id='word_1_644' title='bbox 3568 4102 3637 4156; x_wconf 88' lang='lat' dir='ltr'><strong>ad</strong></span> 
     </span>
    </p>
   </div>
   <div class='ocr_carea' id='block_1_91' title="bbox 2070 4195 3634 4271">
    <p class='ocr_par' dir='ltr' id='par_1_91' title="bbox 2070 4195 3634 4271">
     <span class='ocr_line' id='line_1_91' title="bbox 2070 4195 3634 4271; baseline -0.003 -20"><span class='ocrx_word' id='word_1_645' title='bbox 2070 4199 2464 4271; x_wconf 78' lang='lat' dir='ltr'><strong>imperatprem</strong></span> <span class='ocrx_word' id='word_1_646' title='bbox 2536 4196 2868 4257; x_wconf 88' lang='lat' dir='ltr'><strong>introducit.</strong></span> <span class='ocrx_word' id='word_1_647' title='bbox 2945 4211 3219 4259; x_wconf 80' lang='lat' dir='ltr'><strong>narrans,</strong></span> <span class='ocrx_word' id='word_1_648' title='bbox 3294 4195 3634 4251; x_wconf 87' lang='lat' dir='ltr'><strong>ordinarium</strong></span> 
     </span>
    </p>
   </div>
   <div class='ocr_carea' id='block_1_92' title="bbox 2068 4279 3634 4358">
    <p class='ocr_par' dir='ltr' id='par_1_92' title="bbox 2068 4279 3634 4358">
     <span class='ocr_line' id='line_1_92' title="bbox 2068 4279 3634 4358; baseline -0.003 -13"><span class='ocrx_word' id='word_1_649' title='bbox 2068 4292 2258 4345; x_wconf 81' lang='lat' dir='ltr'><strong>abesse</strong></span> <span class='ocrx_word' id='word_1_650' title='bbox 2288 4304 2535 4357; x_wconf 80' lang='lat' dir='ltr'><strong>peregre,</strong></span> <span class='ocrx_word' id='word_1_651' title='bbox 2552 4298 2605 4340; x_wconf 90' lang='lat' dir='ltr'><strong>et</strong></span> <span class='ocrx_word' id='word_1_652' title='bbox 2632 4287 2786 4341; x_wconf 87' lang='lat' dir='ltr'><strong>addit</strong></span> <span class='ocrx_word' id='word_1_653' title='bbox 2808 4279 3205 4358; x_wconf 85' lang='lat' dir='ltr'><strong>juramentum,</strong></span> <span class='ocrx_word' id='word_1_654' title='bbox 3228 4302 3287 4342; x_wconf 86' lang='lat' dir='ltr'><strong>se</strong></span> <span class='ocrx_word' id='word_1_655' title='bbox 3306 4303 3431 4340; x_wconf 83' lang='lat' dir='ltr'><strong>vera</strong></span> <span class='ocrx_word' id='word_1_656' title='bbox 3459 4286 3634 4356; x_wconf 86' lang='lat' dir='ltr'><strong>loqui.</strong></span> 
     </span>
    </p>
   </div>
   <div class='ocr_carea' id='block_1_93' title="bbox 360 4378 1969 4450">
    <p class='ocr_par' dir='ltr' id='par_1_93' title="bbox 360 4378 1960 4450">
     <span class='ocr_line' id='line_1_93' title="bbox 360 4378 1960 4450; baseline 0.002 -18"><span class='ocrx_word' id='word_1_657' title='bbox 360 4398 574 4442; x_wconf 80' lang='grc' dir='ltr'>στικος</span> <span class='ocrx_word' id='word_1_658' title='bbox 627 4378 876 4449; x_wconf 73' lang='grc' dir='ltr'>πέμψας,</span> <span class='ocrx_word' id='word_1_659' title='bbox 912 4380 1005 4432; x_wconf 72' lang='grc' dir='ltr'><strong>τὸν</strong></span> <span class='ocrx_word' id='word_1_660' title='bbox 1041 4380 1138 4450; x_wconf 79' lang='grc' dir='ltr'><strong>μὲν</strong></span> <span class='ocrx_word' id='word_1_661' title='bbox 1170 4380 1544 4450; x_wconf 79' lang='grc' dir='ltr'>πνευματικὸν</span> <span class='ocrx_word' id='word_1_662' title='bbox 1571 4379 1822 4434; x_wconf 73' lang='grc' dir='ltr'>ἐκέλευεν</span> <span class='ocrx_word' id='word_1_663' title='bbox 1854 4382 1960 4449; x_wconf 77' lang='grc' dir='ltr'><strong>ἔξω</strong></span> 
     </span>
    </p>
   </div>
   <div class='ocr_carea' id='block_1_94' title="bbox 2073 4378 3635 4450">
    <p class='ocr_par' dir='ltr' id='par_1_94' title="bbox 2073 4379 3635 4450">
     <span class='ocr_line' id='line_1_94' title="bbox 2073 4379 3635 4450; baseline -0.001 -13"><span class='ocrx_word' id='word_1_664' title='bbox 2073 4384 2222 4437; x_wconf 87' lang='lat' dir='ltr'><strong>Hunc</strong></span> <span class='ocrx_word' id='word_1_665' title='bbox 2252 4392 2457 4444; x_wconf 82' lang='lat' dir='ltr'><strong>autem,</strong></span> <span class='ocrx_word' id='word_1_666' title='bbox 2489 4381 2594 4435; x_wconf 85' lang='lat' dir='ltr'><strong>etsi</strong></span> <span class='ocrx_word' id='word_1_667' title='bbox 2637 4380 2863 4434; x_wconf 84' lang='lat' dir='ltr'><strong>minime</strong></span> <span class='ocrx_word' id='word_1_668' title='bbox 2910 4389 3259 4439; x_wconf 86' lang='lat' dir='ltr'><strong>consuetum.</strong></span> <span class='ocrx_word' id='word_1_669' title='bbox 3295 4379 3414 4450; x_wconf 71' lang='lat' dir='ltr'><strong>ejus</strong></span> <span class='ocrx_word' id='word_1_670' title='bbox 3442 4391 3635 4436; x_wconf 87' lang='lat' dir='ltr'><strong>coactu</strong></span> 
     </span>
    </p>
   </div>
   <div class='ocr_carea' id='block_1_95' title="bbox 361 4470 1964 4541">
    <p class='ocr_par' dir='ltr' id='par_1_95' title="bbox 361 4470 1964 4541">
     <span class='ocr_line' id='line_1_95' title="bbox 361 4470 1964 4541; baseline 0.002 -19"><span class='ocrx_word' id='word_1_671' title='bbox 361 4470 779 4540; x_wconf 68' lang='grc' dir='ltr'>Διδυμοτείχου</span> <span class='ocrx_word' id='word_1_672' title='bbox 808 4473 1025 4540; x_wconf 82' lang='grc' dir='ltr'>χωρεῖν,</span> <span class='ocrx_word' id='word_1_673' title='bbox 1070 4474 1162 4523; x_wconf 75' lang='grc' dir='ltr'>καὶ</span> <span class='ocrx_word' id='word_1_674' title='bbox 1193 4472 1496 4541; x_wconf 74' lang='grc' dir='ltr'>διατρίϐειν</span> <span class='ocrx_word' id='word_1_675' title='bbox 1532 4473 1592 4523; x_wconf 84' lang='grc' dir='ltr'><strong>ὲν</strong></span> <span class='ocrx_word' id='word_1_676' title='bbox 1616 4474 1964 4541; x_wconf 80' lang='grc' dir='ltr'>προαστείοις</span> 
     </span>
    </p>
   </div>
   <div class='ocr_carea' id='block_1_96' title="bbox 361 4558 1964 4632">
    <p class='ocr_par' dir='ltr' id='par_1_96' title="bbox 361 4558 1964 4632">
     <span class='ocr_line' id='line_1_96' title="bbox 361 4558 1964 4632; baseline 0.001 -21"><span class='ocrx_word' id='word_1_677' title='bbox 361 4560 543 4627; x_wconf 68' lang='grc' dir='ltr'>ἄχρις</span> <span class='ocrx_word' id='word_1_678' title='bbox 595 4558 663 4609; x_wconf 73' lang='grc' dir='ltr'><strong>ἂν</strong></span> <span class='ocrx_word' id='word_1_679' title='bbox 711 4558 875 4618; x_wconf 73' lang='grc' dir='ltr'>αὐτὸς</span> <span class='ocrx_word' id='word_1_680' title='bbox 916 4558 1015 4627; x_wconf 82' lang='grc' dir='ltr'>τὴν</span> <span class='ocrx_word' id='word_1_681' title='bbox 1066 4558 1272 4611; x_wconf 78' lang='grc' dir='ltr'>εἴσοδον</span> <span class='ocrx_word' id='word_1_682' title='bbox 1296 4558 1452 4628; x_wconf 79' lang='grc' dir='ltr'>ἐνδῷ,</span> <span class='ocrx_word' id='word_1_683' title='bbox 1502 4559 1769 4630; x_wconf 77' lang='grc' dir='ltr'>πρότερον</span> <span class='ocrx_word' id='word_1_684' title='bbox 1799 4561 1964 4632; x_wconf 80' lang='grc' dir='ltr'>δὲμὴ</span> 
     </span>
    </p>
   </div>
   <div class='ocr_carea' id='block_1_97' title="bbox 361 4650 1966 4723">
    <p class='ocr_par' dir='ltr' id='par_1_97' title="bbox 361 4650 1966 4723">
     <span class='ocr_line' id='line_1_97' title="bbox 361 4650 1966 4723; baseline 0.002 -20"><span class='ocrx_word' id='word_1_685' title='bbox 361 4652 645 4713; x_wconf 75' lang='grc' dir='ltr'>εἰσιέναι,</span> <span class='ocrx_word' id='word_1_686' title='bbox 677 4650 800 4720; x_wconf 82' lang='grc' dir='ltr'>μηδ’</span> <span class='ocrx_word' id='word_1_687' title='bbox 820 4653 869 4703; x_wconf 83' lang='grc' dir='ltr'><strong>εί</strong></span> <span class='ocrx_word' id='word_1_688' title='bbox 901 4652 1102 4714; x_wconf 85' lang='grc' dir='ltr'>πάντες</span> <span class='ocrx_word' id='word_1_689' title='bbox 1130 4650 1409 4722; x_wconf 79' lang='grc' dir='ltr'>ἄνθρωποι</span> <span class='ocrx_word' id='word_1_690' title='bbox 1434 4653 1813 4723; x_wconf 67' lang='grc' dir='ltr'>ίπιτρέποιεν·</span> <span class='ocrx_word' id='word_1_691' title='bbox 1848 4655 1966 4706; x_wconf 73' lang='grc' dir='ltr'>ἓτε-</span> 
     </span>
    </p>
   </div>
   <div class='ocr_carea' id='block_1_98' title="bbox 366 4742 1963 4814">
    <p class='ocr_par' dir='ltr' id='par_1_98' title="bbox 366 4742 1963 4814">
     <span class='ocr_line' id='line_1_98' title="bbox 366 4742 1963 4814; baseline 0.004 -21"><span class='ocrx_word' id='word_1_692' title='bbox 366 4760 471 4812; x_wconf 76' lang='grc' dir='ltr'>ρον</span> <span class='ocrx_word' id='word_1_693' title='bbox 494 4742 557 4794; x_wconf 76' lang='grc' dir='ltr'>δὲ</span> <span class='ocrx_word' id='word_1_694' title='bbox 594 4742 713 4794; x_wconf 83' lang='grc' dir='ltr'>ἀνθ’</span> <span class='ocrx_word' id='word_1_695' title='bbox 741 4743 958 4795; x_wconf 74' lang='grc' dir='ltr'>ἐκείνου</span> <span class='ocrx_word' id='word_1_696' title='bbox 989 4742 1343 4812; x_wconf 79' lang='grc' dir='ltr'>παραλαὸὤν,</span> <span class='ocrx_word' id='word_1_697' title='bbox 1374 4744 1667 4814; x_wconf 72' lang='grc' dir='ltr'>εἰσήγαγεν</span> <span class='ocrx_word' id='word_1_698' title='bbox 1696 4745 1772 4807; x_wconf 86' lang='grc' dir='ltr'>ὼς</span> <span class='ocrx_word' id='word_1_699' title='bbox 1802 4744 1963 4814; x_wconf 66' lang='grc' dir='ltr'>βασι-</span> 
     </span>
    </p>
   </div>
   <div class='ocr_carea' id='block_1_99' title="bbox 364 4834 1958 4908">
    <p class='ocr_par' dir='ltr' id='par_1_99' title="bbox 364 4834 1958 4908">
     <span class='ocr_line' id='line_1_99' title="bbox 364 4834 1958 4908; baseline 0.003 -21"><span class='ocrx_word' id='word_1_700' title='bbox 364 4836 502 4897; x_wconf 76' lang='grc' dir='ltr'>λέα,</span> <span class='ocrx_word' id='word_1_701' title='bbox 536 4834 750 4901; x_wconf 67' lang='grc' dir='ltr'>ἔφατκέ</span> <span class='ocrx_word' id='word_1_702' title='bbox 800 4852 860 4887; x_wconf 86' lang='grc' dir='ltr'>τε</span> <span class='ocrx_word' id='word_1_703' title='bbox 892 4836 987 4888; x_wconf 73' lang='grc' dir='ltr'><strong>τὸν</strong></span> <span class='ocrx_word' id='word_1_704' title='bbox 1023 4839 1122 4907; x_wconf 76' lang='grc' dir='ltr'><strong>μὲν</strong></span> <span class='ocrx_word' id='word_1_705' title='bbox 1159 4837 1390 4892; x_wconf 85' lang='grc' dir='ltr'>είωθότα</span> <span class='ocrx_word' id='word_1_706' title='bbox 1442 4839 1546 4908; x_wconf 80' lang='grc' dir='ltr'>τῆς</span> <span class='ocrx_word' id='word_1_707' title='bbox 1580 4840 1786 4902; x_wconf 69' lang='grc' dir='ltr'>πόλεως</span> <span class='ocrx_word' id='word_1_708' title='bbox 1823 4840 1958 4892; x_wconf 82' lang='grc' dir='ltr'>ἀπο-</span> 
     </span>
    </p>
   </div>
   <div class='ocr_carea' id='block_1_100' title="bbox 366 4928 1963 5005">
    <p class='ocr_par' dir='ltr' id='par_1_100' title="bbox 366 4928 1963 5005">
     <span class='ocr_line' id='line_1_100' title="bbox 366 4928 1963 5005; baseline 0.003 -26"><span class='ocrx_word' id='word_1_709' title='bbox 366 4928 729 5005; x_wconf 38' lang='grc' dir='ltr'>δημείνηκαὶ</span> <span class='ocrx_word' id='word_1_710' title='bbox 758 4929 959 4998; x_wconf 79' lang='grc' dir='ltr'>ὅρκους</span> <span class='ocrx_word' id='word_1_711' title='bbox 989 4929 1303 4997; x_wconf 81' lang='grc' dir='ltr'>προστιθεὶς</span> <span class='ocrx_word' id='word_1_712' title='bbox 1329 4930 1406 4992; x_wconf 81' lang='grc' dir='ltr'>ὡς</span> <span class='ocrx_word' id='word_1_713' title='bbox 1434 4930 1713 5000; x_wconf 82' lang='grc' dir='ltr'>ἀληθεύοι,</span> <span class='ocrx_word' id='word_1_714' title='bbox 1749 4931 1963 4984; x_wconf 79' lang='grc' dir='ltr'>τουτονὶ</span> 
     </span>
    </p>
   </div>
   <div class='ocr_carea' id='block_1_101' title="bbox 366 5019 1964 5093">
    <p class='ocr_par' dir='ltr' id='par_1_101' title="bbox 366 5019 1964 5093">
     <span class='ocr_line' id='line_1_101' title="bbox 366 5019 1964 5093; baseline 0.003 -22"><span class='ocrx_word' id='word_1_715' title='bbox 366 5019 428 5071; x_wconf 73' lang='grc' dir='ltr'>δὲ</span> <span class='ocrx_word' id='word_1_716' title='bbox 470 5023 794 5086; x_wconf 81' lang='grc' dir='ltr'>εἰσαγαγεῖν</span> <span class='ocrx_word' id='word_1_717' title='bbox 816 5021 1068 5089; x_wconf 72' lang='grc' dir='ltr'>οὐδαμῶς</span> <span class='ocrx_word' id='word_1_718' title='bbox 1098 5022 1225 5074; x_wconf 78' lang='grc' dir='ltr'>ὄντα</span> <span class='ocrx_word' id='word_1_719' title='bbox 1250 5039 1332 5074; x_wconf 91' lang='grc' dir='ltr'>σοι</span> <span class='ocrx_word' id='word_1_720' title='bbox 1367 5023 1427 5074; x_wconf 71' lang='grc' dir='ltr'><strong>ἐν</strong></span> <span class='ocrx_word' id='word_1_721' title='bbox 1456 5021 1717 5093; x_wconf 80' lang='grc' dir='ltr'>συνηθείᾳ</span> <span class='ocrx_word' id='word_1_722' title='bbox 1740 5024 1836 5075; x_wconf 75' lang='grc' dir='ltr'><strong>καὶ</strong></span> <span class='ocrx_word' id='word_1_723' title='bbox 1859 5022 1964 5075; x_wconf 81' lang='grc' dir='ltr'><strong>πά-</strong></span> 
     </span>
    </p>
   </div>
   <div class='ocr_carea' id='block_1_102' title="bbox 368 5111 1960 5181">
    <p class='ocr_par' dir='ltr' id='par_1_102' title="bbox 368 5111 1960 5181">
     <span class='ocr_line' id='line_1_102' title="bbox 368 5111 1960 5181; baseline 0.005 -19"><span class='ocrx_word' id='word_1_724' title='bbox 368 5130 439 5162; x_wconf 86' lang='grc' dir='ltr'><strong>νυ</strong></span> <span class='ocrx_word' id='word_1_725' title='bbox 480 5112 690 5163; x_wconf 75' lang='grc' dir='ltr'>ἄκοντα</span> <span class='ocrx_word' id='word_1_726' title='bbox 717 5111 808 5165; x_wconf 86' lang='grc' dir='ltr'>διὰ</span> <span class='ocrx_word' id='word_1_727' title='bbox 839 5113 901 5164; x_wconf 77' lang='grc' dir='ltr'>τὸ</span> <span class='ocrx_word' id='word_1_728' title='bbox 956 5113 1239 5181; x_wconf 74' lang='grc' dir='ltr'>βιάζεσθαι</span> <span class='ocrx_word' id='word_1_729' title='bbox 1291 5115 1398 5167; x_wconf 78' lang='grc' dir='ltr'>ὑπὸ</span> <span class='ocrx_word' id='word_1_730' title='bbox 1452 5114 1571 5169; x_wconf 83' lang='grc' dir='ltr'>σοῦ.</span> <span class='ocrx_word' id='word_1_731' title='bbox 1607 5115 1871 5178; x_wconf 85' lang='grc' dir='ltr'>Βασιλεὺς</span> <span class='ocrx_word' id='word_1_732' title='bbox 1903 5116 1960 5169; x_wconf 82' lang='grc' dir='ltr'>δὲ</span> 
     </span>
    </p>
   </div>
   <div class='ocr_carea' id='block_1_103' title="bbox 368 5202 1959 5276">
    <p class='ocr_par' dir='ltr' id='par_1_103' title="bbox 368 5202 1959 5276">
     <span class='ocr_line' id='line_1_103' title="bbox 368 5202 1959 5276; baseline 0.003 -22"><span class='ocrx_word' id='word_1_733' title='bbox 368 5202 548 5254; x_wconf 73' lang='grc' dir='ltr'>αὑτὸν</span> <span class='ocrx_word' id='word_1_734' title='bbox 578 5203 1051 5274; x_wconf 80' lang='grc' dir='ltr'>προσαγορεύσας.</span> <span class='ocrx_word' id='word_1_735' title='bbox 1091 5206 1234 5276; x_wconf 83' lang='grc' dir='ltr'><strong>Ὦρα</strong></span> <span class='ocrx_word' id='word_1_736' title='bbox 1263 5222 1371 5270; x_wconf 91' lang='grc' dir='ltr'>σοι,</span> <span class='ocrx_word' id='word_1_737' title='bbox 1404 5206 1603 5275; x_wconf 85' lang='grc' dir='ltr'>πάτερ,</span> <span class='ocrx_word' id='word_1_738' title='bbox 1643 5205 1816 5274; x_wconf 77' lang='grc' dir='ltr'>ἔλεγε,</span> <span class='ocrx_word' id='word_1_739' title='bbox 1847 5211 1959 5268; x_wconf 80' lang='grc' dir='ltr'>τοῖς</span> 
     </span>
    </p>
   </div>
   <div class='ocr_carea' id='block_1_104' title="bbox 368 5295 1961 5369">
    <p class='ocr_par' dir='ltr' id='par_1_104' title="bbox 368 5295 1961 5369">
     <span class='ocr_line' id='line_1_104' title="bbox 368 5295 1961 5369; baseline 0.006 -26"><span class='ocrx_word' id='word_1_740' title='bbox 368 5296 783 5359; x_wconf 77' lang='grc' dir='ltr'>πνευματικοῖς</span> <span class='ocrx_word' id='word_1_741' title='bbox 804 5295 1038 5364; x_wconf 81' lang='grc' dir='ltr'>χρῆσθαι</span> <span class='ocrx_word' id='word_1_742' title='bbox 1080 5297 1418 5365; x_wconf 79' lang='grc' dir='ltr'>φαρμάκοις,</span> <span class='ocrx_word' id='word_1_743' title='bbox 1468 5298 1562 5352; x_wconf 64' lang='grc' dir='ltr'><strong>καὶ¹</strong></span> <span class='ocrx_word' id='word_1_744' title='bbox 1588 5297 1686 5367; x_wconf 77' lang='grc' dir='ltr'>τὴν</span> <span class='ocrx_word' id='word_1_745' title='bbox 1735 5299 1961 5369; x_wconf 74' lang='grc' dir='ltr'><strong>ἐπιστή-</strong></span> 
     </span>
    </p>
   </div>
   <div class='ocr_carea' id='block_1_105' title="bbox 371 5383 1955 5463">
    <p class='ocr_par' dir='ltr' id='par_1_105' title="bbox 371 5383 1955 5463">
     <span class='ocr_line' id='line_1_105' title="bbox 371 5383 1955 5463; baseline 0.006 -30"><span class='ocrx_word' id='word_1_746' title='bbox 371 5400 495 5451; x_wconf 85' lang='grc' dir='ltr'><strong>μην</strong></span> <span class='ocrx_word' id='word_1_747' title='bbox 544 5383 957 5438; x_wconf 73' lang='grc' dir='ltr'>ἐπιδείκνυσθαι</span> <span class='ocrx_word' id='word_1_748' title='bbox 1009 5390 1111 5456; x_wconf 82' lang='grc' dir='ltr'><strong>τὴν</strong></span> <span class='ocrx_word' id='word_1_749' title='bbox 1171 5388 1362 5442; x_wconf 83' lang='grc' dir='ltr'>πασῶν</span> <span class='ocrx_word' id='word_1_750' title='bbox 1412 5390 1955 5463; x_wconf 80' lang='grc' dir='ltr'>φιλανθρωποτάτην,</span> 
     </span>
    </p>
   </div>
   <div class='ocr_carea' id='block_1_106' title="bbox 366 5475 1961 5554">
    <p class='ocr_par' dir='ltr' id='par_1_106' title="bbox 366 5475 1961 5554">
     <span class='ocr_line' id='line_1_106' title="bbox 366 5475 1961 5554; baseline 0.009 -29"><span class='ocrx_word' id='word_1_751' title='bbox 366 5476 477 5526; x_wconf 70' lang='grc' dir='ltr'>καὶ</span> <span class='ocrx_word' id='word_1_752' title='bbox 508 5475 692 5544; x_wconf 72' lang='grc' dir='ltr'>ψυχὴν</span> <span class='ocrx_word' id='word_1_753' title='bbox 749 5477 1096 5550; x_wconf 70' lang='grc' dir='ltr'>ὀδυνωμένην</span> <span class='ocrx_word' id='word_1_754' title='bbox 1140 5482 1238 5534; x_wconf 75' lang='grc' dir='ltr'>καὶ</span> <span class='ocrx_word' id='word_1_755' title='bbox 1273 5483 1459 5546; x_wconf 83' lang='grc' dir='ltr'>κακῶς</span> <span class='ocrx_word' id='word_1_756' title='bbox 1500 5485 1817 5554; x_wconf 80' lang='grc' dir='ltr'>πάσχουσαν</span> <span class='ocrx_word' id='word_1_757' title='bbox 1853 5487 1961 5539; x_wconf 80' lang='grc' dir='ltr'>ὑπὸ</span> 
     </span>
    </p>
   </div>
   <div class='ocr_carea' id='block_1_107' title="bbox 368 5565 1955 5647">
    <p class='ocr_par' dir='ltr' id='par_1_107' title="bbox 368 5565 1955 5647">
     <span class='ocr_line' id='line_1_107' title="bbox 368 5565 1955 5647; baseline 0.008 -28"><span class='ocrx_word' id='word_1_758' title='bbox 368 5565 600 5619; x_wconf 79' lang='grc' dir='ltr'>πολλῶν</span> <span class='ocrx_word' id='word_1_759' title='bbox 624 5571 961 5639; x_wconf 83' lang='grc' dir='ltr'>τραυμάτων</span> <span class='ocrx_word' id='word_1_760' title='bbox 993 5573 1090 5626; x_wconf 77' lang='grc' dir='ltr'><strong>καὶ</strong></span> <span class='ocrx_word' id='word_1_761' title='bbox 1120 5576 1485 5645; x_wconf 82' lang='grc' dir='ltr'>πταισμάτων</span> <span class='ocrx_word' id='word_1_762' title='bbox 1536 5578 1955 5647; x_wconf 77' lang='grc' dir='ltr'>ἀνακαλεῖσθαι,</span> 
     </span>
    </p>
   </div>
   <div class='ocr_carea' id='block_1_108' title="bbox 370 5657 1958 5742">
    <p class='ocr_par' dir='ltr' id='par_1_108' title="bbox 370 5657 1958 5742">
     <span class='ocr_line' id='line_1_108' title="bbox 370 5657 1958 5742; baseline 0.01 -30"><span class='ocrx_word' id='word_1_763' title='bbox 370 5657 480 5712; x_wconf 66' lang='grc' dir='ltr'>καὶ</span> <span class='ocrx_word' id='word_1_764' title='bbox 500 5659 639 5729; x_wconf 78' lang='grc' dir='ltr'>πρὸς</span> <span class='ocrx_word' id='word_1_765' title='bbox 666 5662 974 5734; x_wconf 82' lang='grc' dir='ltr'>σωτηρίους</span> <span class='ocrx_word' id='word_1_766' title='bbox 1012 5664 1233 5737; x_wconf 77' lang='grc' dir='ltr'>τρίϐους</span> <span class='ocrx_word' id='word_1_767' title='bbox 1276 5667 1619 5740; x_wconf 79' lang='grc' dir='ltr'>καθοδηγεῖν,</span> <span class='ocrx_word' id='word_1_768' title='bbox 1656 5670 1746 5724; x_wconf 73' lang='grc' dir='ltr'><strong>καὶ</strong></span> <span class='ocrx_word' id='word_1_769' title='bbox 1792 5688 1958 5742; x_wconf 82' lang='grc' dir='ltr'>μετα-</span> 
     </span>
    </p>
   </div>
   <div class='ocr_carea' id='block_1_109' title="bbox 2067 4473 3638 4542">
    <p class='ocr_par' dir='ltr' id='par_1_109' title="bbox 2067 4473 3638 4542">
     <span class='ocr_line' id='line_1_109' title="bbox 2067 4473 3638 4542; baseline -0.001 -12"><span class='ocrx_word' id='word_1_770' title='bbox 2067 4477 2135 4530; x_wconf 86' lang='lat' dir='ltr'><strong>ab</strong></span> <span class='ocrx_word' id='word_1_771' title='bbox 2158 4492 2216 4532; x_wconf 90' lang='lat' dir='ltr'><strong>se</strong></span> <span class='ocrx_word' id='word_1_772' title='bbox 2257 4476 2431 4530; x_wconf 85' lang='lat' dir='ltr'><strong>invito</strong></span> <span class='ocrx_word' id='word_1_773' title='bbox 2468 4490 2531 4528; x_wconf 87' lang='lat' dir='ltr'><strong>ac</strong></span> <span class='ocrx_word' id='word_1_774' title='bbox 2553 4474 2773 4528; x_wconf 89' lang='lat' dir='ltr'><strong>nolente</strong></span> <span class='ocrx_word' id='word_1_775' title='bbox 2819 4473 3038 4527; x_wconf 88' lang='lat' dir='ltr'><strong>adduci.</strong></span> <span class='ocrx_word' id='word_1_776' title='bbox 3072 4474 3375 4542; x_wconf 85' lang='lat' dir='ltr'><strong>imperator</strong></span> <span class='ocrx_word' id='word_1_777' title='bbox 3397 4488 3464 4528; x_wconf 90' lang='lat' dir='ltr'><strong>eo</strong></span> <span class='ocrx_word' id='word_1_778' title='bbox 3493 4475 3638 4528; x_wconf 88' lang='lat' dir='ltr'><strong>salu-</strong></span> 
     </span>
    </p>
   </div>
   <div class='ocr_carea' id='block_1_110' title="bbox 2069 4564 3633 4636">
    <p class='ocr_par' dir='ltr' id='par_1_110' title="bbox 2069 4564 3633 4636">
     <span class='ocr_line' id='line_1_110' title="bbox 2069 4564 3633 4636; baseline -0.002 -15"><span class='ocrx_word' id='word_1_779' title='bbox 2069 4576 2224 4622; x_wconf 87' lang='lat' dir='ltr'><strong>tato:</strong></span> <span class='ocrx_word' id='word_1_780' title='bbox 2270 4567 2513 4636; x_wconf 87' lang='lat' dir='ltr'><strong>Tempus</strong></span> <span class='ocrx_word' id='word_1_781' title='bbox 2551 4574 2658 4627; x_wconf 79' lang='lat' dir='ltr'><strong>est.</strong></span> <span class='ocrx_word' id='word_1_782' title='bbox 2711 4564 2911 4634; x_wconf 85' lang='lat' dir='ltr'><strong>inquit,</strong></span> <span class='ocrx_word' id='word_1_783' title='bbox 2966 4573 3142 4634; x_wconf 86' lang='lat' dir='ltr'><strong>pater.</strong></span> <span class='ocrx_word' id='word_1_784' title='bbox 3184 4575 3245 4620; x_wconf 85' lang='lat' dir='ltr'><strong>ut</strong></span> <span class='ocrx_word' id='word_1_785' title='bbox 3293 4566 3633 4635; x_wconf 81' lang='lat' dir='ltr'><strong>Spiritualem</strong></span> 
     </span>
    </p>
   </div>
   <div class='ocr_carea' id='block_1_111' title="bbox 2066 4657 3638 4728">
    <p class='ocr_par' dir='ltr' id='par_1_111' title="bbox 2066 4657 3638 4728">
     <span class='ocr_line' id='line_1_111' title="bbox 2066 4657 3638 4728; baseline -0.001 -13"><span class='ocrx_word' id='word_1_786' title='bbox 2066 4660 2204 4715; x_wconf 87' lang='lat' dir='ltr'><strong>mihi</strong></span> <span class='ocrx_word' id='word_1_787' title='bbox 2236 4659 2564 4713; x_wconf 82' lang='lat' dir='ltr'><strong>medicinam</strong></span> <span class='ocrx_word' id='word_1_788' title='bbox 2615 4657 2809 4724; x_wconf 80' lang='lat' dir='ltr'><strong>facias,</strong></span> <span class='ocrx_word' id='word_1_789' title='bbox 2845 4658 3247 4728; x_wconf 82' lang='lat' dir='ltr'><strong>scientiamque</strong></span> <span class='ocrx_word' id='word_1_790' title='bbox 3284 4659 3336 4713; x_wconf 89' lang='lat' dir='ltr'><strong>iu</strong></span> <span class='ocrx_word' id='word_1_791' title='bbox 3368 4675 3455 4714; x_wconf 90' lang='lat' dir='ltr'><strong>me</strong></span> <span class='ocrx_word' id='word_1_792' title='bbox 3477 4675 3638 4714; x_wconf 80' lang='lat' dir='ltr'><strong>exer-</strong></span> 
     </span>
    </p>
   </div>
   <div class='ocr_carea' id='block_1_112' title="bbox 2065 4751 3639 4820">
    <p class='ocr_par' dir='ltr' id='par_1_112' title="bbox 2065 4751 3639 4820">
     <span class='ocr_line' id='line_1_112' title="bbox 2065 4751 3639 4820; baseline -0.001 -13"><span class='ocrx_word' id='word_1_793' title='bbox 2065 4767 2190 4807; x_wconf 82' lang='lat' dir='ltr'><strong>ceas</strong></span> <span class='ocrx_word' id='word_1_794' title='bbox 2220 4754 2468 4805; x_wconf 89' lang='lat' dir='ltr'><strong>omnium</strong></span> <span class='ocrx_word' id='word_1_795' title='bbox 2520 4751 2971 4806; x_wconf 83' lang='lat' dir='ltr'><strong>humanissimam</strong></span> <span class='ocrx_word' id='word_1_796' title='bbox 3006 4791 3022 4817; x_wconf 96' lang='lat'><strong>,</strong></span> <span class='ocrx_word' id='word_1_797' title='bbox 3051 4751 3403 4820; x_wconf 77' lang='lat' dir='ltr'><strong>animamque</strong></span> <span class='ocrx_word' id='word_1_798' title='bbox 3450 4752 3639 4807; x_wconf 81' lang='lat' dir='ltr'><strong>multis</strong></span> 
     </span>
    </p>
   </div>
   <div class='ocr_carea' id='block_1_113' title="bbox 2062 4842 3633 4911">
    <p class='ocr_par' dir='ltr' id='par_1_113' title="bbox 2062 4842 3633 4911">
     <span class='ocr_line' id='line_1_113' title="bbox 2062 4842 3633 4911; baseline -0.001 -12"><span class='ocrx_word' id='word_1_799' title='bbox 2062 4845 2334 4900; x_wconf 88' lang='lat' dir='ltr'><strong>molestiis</strong></span> <span class='ocrx_word' id='word_1_800' title='bbox 2354 4843 2743 4899; x_wconf 87' lang='lat' dir='ltr'><strong>discruciatam</strong></span> <span class='ocrx_word' id='word_1_801' title='bbox 2799 4851 2856 4897; x_wconf 91' lang='lat' dir='ltr'><strong>et</strong></span> <span class='ocrx_word' id='word_1_802' title='bbox 2888 4842 3143 4899; x_wconf 73' lang='lat' dir='ltr'><strong>afflictam</strong></span> <span class='ocrx_word' id='word_1_803' title='bbox 3175 4859 3356 4909; x_wconf 87' lang='lat' dir='ltr'><strong>sanes,</strong></span> <span class='ocrx_word' id='word_1_804' title='bbox 3380 4852 3546 4911; x_wconf 88' lang='lat' dir='ltr'><strong>atque</strong></span> <span class='ocrx_word' id='word_1_805' title='bbox 3576 4844 3633 4897; x_wconf 89' lang='lat' dir='ltr'><strong>in</strong></span> 
     </span>
    </p>
   </div>
   <div class='ocr_carea' id='block_1_114' title="bbox 2065 4934 3637 5005">
    <p class='ocr_par' dir='ltr' id='par_1_114' title="bbox 2065 4934 3637 5005">
     <span class='ocr_line' id='line_1_114' title="bbox 2065 4934 3637 5005; baseline -0.003 -13"><span class='ocrx_word' id='word_1_806' title='bbox 2065 4937 2365 4992; x_wconf 86' lang='lat' dir='ltr'><strong>salutarem</strong></span> <span class='ocrx_word' id='word_1_807' title='bbox 2424 4935 2679 4990; x_wconf 79' lang='lat' dir='ltr'><strong>semitam</strong></span> <span class='ocrx_word' id='word_1_808' title='bbox 2718 4934 2983 4997; x_wconf 87' lang='lat' dir='ltr'><strong>deducas.</strong></span> <span class='ocrx_word' id='word_1_809' title='bbox 3015 4944 3072 4990; x_wconf 88' lang='lat' dir='ltr'><strong>et</strong></span> <span class='ocrx_word' id='word_1_810' title='bbox 3100 4935 3441 5005; x_wconf 68' lang='lat' dir='ltr'><strong>paenitentiae</strong></span> <span class='ocrx_word' id='word_1_811' title='bbox 3475 4934 3637 4988; x_wconf 91' lang='lat' dir='ltr'><strong>indu-</strong></span> 
     </span>
    </p>
   </div>
   <div class='ocr_carea' id='block_1_115' title="bbox 2062 5025 3629 5099">
    <p class='ocr_par' dir='ltr' id='par_1_115' title="bbox 2062 5025 3629 5099">
     <span class='ocr_line' id='line_1_115' title="bbox 2062 5025 3629 5099; baseline -0.003 -16"><span class='ocrx_word' id='word_1_812' title='bbox 2062 5029 2264 5083; x_wconf 85' lang='lat' dir='ltr'><strong>mentis</strong></span> <span class='ocrx_word' id='word_1_813' title='bbox 2321 5029 2692 5099; x_wconf 82' lang='lat' dir='ltr'><strong>operibusque</strong></span> <span class='ocrx_word' id='word_1_814' title='bbox 2716 5027 2959 5095; x_wconf 87' lang='lat' dir='ltr'><strong>judicem</strong></span> <span class='ocrx_word' id='word_1_815' title='bbox 2988 5027 3065 5082; x_wconf 91' lang='lat' dir='ltr'><strong>illi</strong></span> <span class='ocrx_word' id='word_1_816' title='bbox 3098 5027 3166 5081; x_wconf 90' lang='lat' dir='ltr'><strong>ad</strong></span> <span class='ocrx_word' id='word_1_817' title='bbox 3196 5025 3629 5081; x_wconf 87' lang='lat' dir='ltr'><strong>misericordiam</strong></span> 
     </span>
    </p>
   </div>
   <div class='ocr_carea' id='block_1_116' title="bbox 2063 5119 3634 5192">
    <p class='ocr_par' dir='ltr' id='par_1_116' title="bbox 2063 5119 3634 5192">
     <span class='ocr_line' id='line_1_116' title="bbox 2063 5119 3634 5192; baseline -0.003 -17"><span class='ocrx_word' id='word_1_818' title='bbox 2063 5136 2365 5192; x_wconf 70' lang='lat' dir='ltr'><strong>prmpares.</strong></span> <span class='ocrx_word' id='word_1_819' title='bbox 2399 5121 2494 5176; x_wconf 84' lang='lat' dir='ltr'><strong>ille</strong></span> <span class='ocrx_word' id='word_1_820' title='bbox 2525 5121 2913 5191; x_wconf 88' lang='lat' dir='ltr'><strong>imperatorem</strong></span> <span class='ocrx_word' id='word_1_821' title='bbox 2942 5119 3267 5183; x_wconf 88' lang='lat' dir='ltr'><strong>resalutans,</strong></span> <span class='ocrx_word' id='word_1_822' title='bbox 3294 5135 3403 5173; x_wconf 87' lang='lat' dir='ltr'><strong>non</strong></span> <span class='ocrx_word' id='word_1_823' title='bbox 3442 5120 3493 5173; x_wconf 88' lang='lat' dir='ltr'><strong>ei</strong></span> <span class='ocrx_word' id='word_1_824' title='bbox 3514 5119 3634 5172; x_wconf 83' lang='lat' dir='ltr'><strong>lici-</strong></span> 
     </span>
    </p>
   </div>
   <div class='ocr_carea' id='block_1_117' title="bbox 2063 5211 3633 5282">
    <p class='ocr_par' dir='ltr' id='par_1_117' title="bbox 2063 5211 3633 5282">
     <span class='ocr_line' id='line_1_117' title="bbox 2063 5211 3633 5282; baseline -0.003 -15"><span class='ocrx_word' id='word_1_825' title='bbox 2063 5221 2177 5267; x_wconf 87' lang='lat' dir='ltr'><strong>tum</strong></span> <span class='ocrx_word' id='word_1_826' title='bbox 2205 5228 2327 5267; x_wconf 85' lang='lat' dir='ltr'><strong>esse</strong></span> <span class='ocrx_word' id='word_1_827' title='bbox 2344 5212 2650 5277; x_wconf 77' lang='lat' dir='ltr'><strong>dixit,vivo</strong></span> <span class='ocrx_word' id='word_1_828' title='bbox 2675 5212 2986 5266; x_wconf 85' lang='lat' dir='ltr'><strong>etiamnum</strong></span> <span class='ocrx_word' id='word_1_829' title='bbox 3014 5220 3185 5282; x_wconf 83' lang='lat' dir='ltr'><strong>patre.</strong></span> <span class='ocrx_word' id='word_1_830' title='bbox 3223 5211 3394 5266; x_wconf 77' lang='lat' dir='ltr'><strong>cuise</strong></span> <span class='ocrx_word' id='word_1_831' title='bbox 3417 5211 3473 5265; x_wconf 92' lang='lat' dir='ltr'><strong>in</strong></span> <span class='ocrx_word' id='word_1_832' title='bbox 3514 5211 3633 5279; x_wconf 80' lang='lat' dir='ltr'><strong>spi-</strong></span> 
     </span>
    </p>
   </div>
   <div class='ocr_carea' id='block_1_118' title="bbox 2063 5302 3629 5375">
    <p class='ocr_par' dir='ltr' id='par_1_118' title="bbox 2063 5302 3629 5375">
     <span class='ocr_line' id='line_1_118' title="bbox 2063 5302 3629 5375; baseline 0 -18"><span class='ocrx_word' id='word_1_833' title='bbox 2063 5305 2356 5359; x_wconf 84' lang='lat' dir='ltr'><strong>ritualibus</strong></span> <span class='ocrx_word' id='word_1_834' title='bbox 2387 5304 2738 5375; x_wconf 79' lang='lat' dir='ltr'><strong>subjecisset,</strong></span> <span class='ocrx_word' id='word_1_835' title='bbox 2769 5305 2937 5357; x_wconf 87' lang='lat' dir='ltr'><strong>alium</strong></span> <span class='ocrx_word' id='word_1_836' title='bbox 2983 5318 3081 5373; x_wconf 88' lang='lat' dir='ltr'><strong>pro</strong></span> <span class='ocrx_word' id='word_1_837' title='bbox 3123 5318 3190 5357; x_wconf 91' lang='lat' dir='ltr'><strong>eo</strong></span> <span class='ocrx_word' id='word_1_838' title='bbox 3223 5303 3500 5374; x_wconf 76' lang='lat' dir='ltr'><strong>deligere:</strong></span> <span class='ocrx_word' id='word_1_839' title='bbox 3536 5302 3629 5357; x_wconf 88' lang='lat' dir='ltr'><strong>tali</strong></span> 
     </span>
    </p>
   </div>
   <div class='ocr_carea' id='block_1_119' title="bbox 2060 5398 3631 5468">
    <p class='ocr_par' dir='ltr' id='par_1_119' title="bbox 2060 5398 3631 5468">
     <span class='ocr_line' id='line_1_119' title="bbox 2060 5398 3631 5468; baseline 0.001 -17"><span class='ocrx_word' id='word_1_840' title='bbox 2060 5402 2362 5466; x_wconf 67' lang='lat' dir='ltr'><strong>praesertim</strong></span> <span class='ocrx_word' id='word_1_841' title='bbox 2408 5399 2661 5463; x_wconf 90' lang='lat' dir='ltr'><strong>articulo,</strong></span> <span class='ocrx_word' id='word_1_842' title='bbox 2696 5414 2806 5468; x_wconf 74' lang='lat' dir='ltr'><strong>quo</strong></span> <span class='ocrx_word' id='word_1_843' title='bbox 2841 5399 2968 5451; x_wconf 87' lang='lat' dir='ltr'><strong>hinc</strong></span> <span class='ocrx_word' id='word_1_844' title='bbox 3003 5398 3339 5466; x_wconf 81' lang='lat' dir='ltr'><strong>migraturus</strong></span> <span class='ocrx_word' id='word_1_845' title='bbox 3394 5406 3452 5452; x_wconf 90' lang='lat' dir='ltr'><strong>et</strong></span> <span class='ocrx_word' id='word_1_846' title='bbox 3482 5398 3631 5453; x_wconf 87' lang='lat' dir='ltr'><strong>inter</strong></span> 
     </span>
    </p>
   </div>
   <div class='ocr_carea' id='block_1_120' title="bbox 2062 5474 3626 5558">
    <p class='ocr_par' dir='ltr' id='par_1_120' title="bbox 2062 5474 3626 5558">
     <span class='ocr_line' id='line_1_120' title="bbox 2062 5474 3626 5558; baseline 0.001 -15"><span class='ocrx_word' id='word_1_847' title='bbox 2062 5490 2287 5543; x_wconf 88' lang='lat' dir='ltr'><strong>ordines</strong></span> <span class='ocrx_word' id='word_1_848' title='bbox 2330 5490 2590 5558; x_wconf 69' lang='lat' dir='ltr'><strong>angelicae</strong></span> <span class='ocrx_word' id='word_1_849' title='bbox 2644 5490 2962 5558; x_wconf 67' lang='lat' dir='ltr'><strong>reipublicae</strong></span> <span class='ocrx_word' id='word_1_850' title='bbox 3016 5474 3370 5545; x_wconf 69' lang='lat' dir='ltr'><strong>collocandus</strong></span> <span class='ocrx_word' id='word_1_851' title='bbox 3418 5504 3567 5547; x_wconf 79' lang='lat' dir='ltr'><strong>esset</strong></span> <span class='ocrx_word' id='word_1_852' title='bbox 3611 5509 3626 5545; x_wconf 91' lang='lat'><strong>:</strong></span> 
     </span>
    </p>
   </div>
   <div class='ocr_carea' id='block_1_121' title="bbox 2059 5581 3629 5654">
    <p class='ocr_par' dir='ltr' id='par_1_121' title="bbox 2059 5581 3629 5654">
     <span class='ocr_line' id='line_1_121' title="bbox 2059 5581 3629 5654; baseline 0.002 -20"><span class='ocrx_word' id='word_1_853' title='bbox 2059 5581 2507 5652; x_wconf 87' lang='lat' dir='ltr'><strong>quandoquidem</strong></span> <span class='ocrx_word' id='word_1_854' title='bbox 2544 5592 2601 5638; x_wconf 89' lang='lat' dir='ltr'><strong>et</strong></span> <span class='ocrx_word' id='word_1_855' title='bbox 2649 5582 2708 5636; x_wconf 92' lang='lat' dir='ltr'><strong>in</strong></span> <span class='ocrx_word' id='word_1_856' title='bbox 2749 5583 2900 5636; x_wconf 90' lang='lat' dir='ltr'><strong>omni</strong></span> <span class='ocrx_word' id='word_1_857' title='bbox 2930 5582 3042 5637; x_wconf 83' lang='lat' dir='ltr'><strong>vita</strong></span> <span class='ocrx_word' id='word_1_858' title='bbox 3066 5597 3132 5637; x_wconf 89' lang='lat' dir='ltr'><strong>eo</strong></span> <span class='ocrx_word' id='word_1_859' title='bbox 3158 5595 3495 5654; x_wconf 61' lang='lat' dir='ltr'><strong>praeceptore</strong></span> <span class='ocrx_word' id='word_1_860' title='bbox 3524 5583 3629 5650; x_wconf 81' lang='lat' dir='ltr'><strong>uti,</strong></span> 
     </span>
    </p>
   </div>
   <div class='ocr_carea' id='block_1_122' title="bbox 2060 5664 3632 5749">
    <p class='ocr_par' dir='ltr' id='par_1_122' title="bbox 2060 5664 3632 5749">
     <span class='ocr_line' id='line_1_122' title="bbox 2060 5664 3632 5749; baseline 0.003 -20"><span class='ocrx_word' id='word_1_861' title='bbox 2060 5682 2115 5729; x_wconf 88' lang='lat' dir='ltr'><strong>et</strong></span> <span class='ocrx_word' id='word_1_862' title='bbox 2175 5682 2432 5744; x_wconf 82' lang='lat' dir='ltr'><strong>tanquam</strong></span> <span class='ocrx_word' id='word_1_863' title='bbox 2473 5674 2585 5731; x_wconf 87' lang='lat' dir='ltr'><strong>Deo</strong></span> <span class='ocrx_word' id='word_1_864' title='bbox 2607 5673 2770 5730; x_wconf 81' lang='lat' dir='ltr'><strong>alicui</strong></span> <span class='ocrx_word' id='word_1_865' title='bbox 2799 5674 3111 5732; x_wconf 81' lang='lat' dir='ltr'><strong>auscultare</strong></span> <span class='ocrx_word' id='word_1_866' title='bbox 3136 5664 3344 5749; x_wconf 71' lang='lat' dir='ltr'><strong>justum</strong></span> <span class='ocrx_word' id='word_1_867' title='bbox 3376 5677 3492 5743; x_wconf 84' lang='lat' dir='ltr'><strong>sit;</strong></span> <span class='ocrx_word' id='word_1_868' title='bbox 3528 5690 3632 5734; x_wconf 83' lang='lat' dir='ltr'><strong>nec</strong></span> 
     </span>
    </p>
   </div>
  </div>
