4010 6190
563 253 666 311 5ἱῶ

1712 250 1955 312 ,ΙΟΑΝΝ
1971 251 2037 309 IS
2069 250 2155 308 CA
2169 249 2599 311 NTACUZENI

3641 263 3724 326 556

561 372 918 440 applicarent,
939 379 992 422 ct
1012 370 1154 423 inter
1186 367 1556 424 amicissimos
1574 379 1946 423 numerarent.
1969 368 2110 433 Quod

2229 369 2416 420 λευσεν
2446 368 2481 421 ἃ.
2515 368 2820 439 Συργιάννῃ
2870 368 3133 438 ἐγκαλοίη
3175 369 3250 430 είς
3282 370 3433 438 μέσον
3461 371 3593 440 ἄγειν
3618 393 3628 405 ·
3655 380 3724 428 οὐ.

560 477 684 516 cum
730 475 758 514 a
804 459 1072 530 principio
1101 460 1285 514 statim
1339 459 1677 526 videremus,
1709 461 1962 515 arbitrati
1996 475 2124 514 eum

559 553 743 620 gloria:
773 551 1109 619 laudumque
1159 550 1463 620 cupiditate
1497 551 1672 620 (quas
1698 550 1951 605 homines
1980 550 2124 605 beati

558 643 828 713 praecipue
859 643 1223 708 admirantur,
1255 651 1308 696 et
1333 641 1754 710 obstupescunt)
1779 642 1868 696 isti
1895 657 2127 709 occupa-

560 733 693 788 tioni
725 748 783 788 se
811 733 1046 797 dedisse,
1070 749 1182 788 rem
1213 733 1355 786 haud
1389 733 1608 800 indigne
1631 733 1959 788 ferebamus.
1989 732 2126 788 Cum

557 835 742 880 autem
775 834 1018 894 tempore
1068 824 1398 892 procedente
1436 825 1556 894 ejus
1587 824 1641 878 itt
1672 823 1759 879 his
1789 824 2124 894 diligentiam

558 915 700 968 ultra
743 929 962 983 aaquum
991 927 1238 967 crescere
1267 913 1710 977 observaremus,
1745 914 1934 969 incidit
1965 914 2127 970 nobis

554 1006 817 1077 suspicio,
850 1021 956 1060 non
990 1004 1198 1075 gloriae,
1227 1005 1322 1060 sed
1355 1005 1659 1075 cujuspiam
1691 1007 2010 1062 occultioris
2043 1007 2123 1060 rei

553 1099 828 1154 dcsiderio
859 1098 912 1152 in
939 1097 1042 1152 hoc
1070 1111 1198 1152 eum
1229 1112 1448 1166 operam
1474 1113 1696 1166 ponere,
1732 1110 1784 1152 et
1813 1101 2124 1156 accuratius

552 1190 618 1244 ad
654 1204 717 1243 ea
744 1203 867 1258 qua:
891 1188 1242 1258 agitabantur
1283 1188 1723 1244 attendebamus.
1752 1189 1820 1245 Ut
1860 1205 1987 1245 vero
2030 1207 2126 1245 ne-

552 1281 701 1349 gotio
724 1279 978 1348 indagato
1001 1279 1396 1347 comperimus,
1421 1287 1774 1349 aggregantes
1793 1296 1851 1336 se
1872 1282 1938 1335 ad
1972 1283 2124 1336 illum

551 1386 658 1424 non
686 1370 995 1424 inconsulte
1028 1369 1082 1423 in
1111 1369 1408 1423 amicitiam
1437 1371 1630 1439 recipi,
1655 1372 1749 1426 sed
1780 1371 1942 1427 fidem
1970 1390 2123 1428 suam

544 1465 859 1533 jnratnento
881 1462 1204 1531 astringere,
1237 1461 1528 1533 ipsumque
1560 1463 1799 1519 vicissim
1825 1481 1978 1520 suam
2015 1467 2125 1523 illis

549 1563 896 1608 sacramento
929 1553 1186 1622 obligare,
1225 1562 1340 1607 tum
1375 1555 1531 1610 nobis
1560 1565 1718 1610 aucta
1745 1565 1828 1610 est
1858 1559 2121 1628 suspicio,

549 1646 830 1700 hominem
878 1661 1069 1714 magna
1113 1645 1360 1715 quaedam
1413 1647 1619 1701 scelera
1663 1649 1862 1715 moliri,
1895 1651 2125 1717 diligen-

549 1746 746 1804 terque
771 1735 1122 1790 conditiones
1164 1747 1221 1791 et
1247 1737 1423 1805 capita
1445 1737 1497 1790 in
1529 1752 1652 1806 qua:
1677 1740 1921 1808 juratum
1952 1756 2119 1806 esset,

549 1825 962 1896 inquisivimus.
990 1825 1329 1880 Narrabatur
1352 1837 1538 1882 autem
1560 1841 1591 1881 a
1611 1831 1868 1894 consciis,
1885 1833 2120 1900 primum

543 1922 759 1990 jurasse
773 1917 1059 1990 Syrgianni
1087 1918 1408 1984 amicitiam,
1430 1930 1485 1973 et
1506 1918 1858 1990 Syrgiannem
1905 1923 2034 1990 illis,
2065 1934 2122 1980 et

547 2010 883 2068 onmimodis
906 2011 1048 2064 inter
1080 2023 1140 2064 se
1161 2009 1498 2079 profuturos.
1532 2010 1742 2068 Deinde
1767 2014 1814 2068 si
1851 2015 1982 2084 quid
2021 2017 2120 2070 im-

550 2102 790 2172 peratori
820 2101 1139 2156 humanitus
1164 2101 1512 2172 contigisset,
1538 2117 1647 2158 non
1667 2119 2118 2177 unumquemque

547 2193 694 2264 quod
724 2193 826 2248 sibi
855 2191 1200 2248 conducibile
1217 2204 1528 2262 appareret,
1553 2195 1646 2249 sed
1679 2211 1800 2264 qua:
1820 2209 1941 2266 post
1971 2215 2120 2254 cont-

546 2300 766 2340 munem
781 2284 1236 2340 deliberationem
1251 2284 1580 2356 Syrgiannes
1594 2302 1690 2356 pro
1710 2289 1936 2346 utilibus
1953 2291 2118 2348 habe-

543 2391 648 2446 ret,
675 2395 738 2434 ea
771 2380 992 2434 demum
1018 2377 1283 2436 facturos.
1303 2379 1434 2434 Haec
1468 2395 1502 2434 a
1543 2397 1632 2436 me
1655 2398 1787 2439 vere
1810 2387 2116 2441 asseverari

543 2484 711 2529 testes
742 2473 903 2529 dabo.
930 2473 1010 2528 Tu
1039 2473 1226 2541 igitur,
1257 2472 1578 2544 imperator.
1603 2476 1733 2544 quid
1767 2477 1835 2531 de
1863 2479 1950 2532 bis
1991 2494 2117 2548 pro-

544 2567 764 2622 nunties
774 2567 1046 2621 monitore
1065 2581 1175 2620 non
1191 2580 1336 2635 eges;
1359 2567 1726 2636 mihiquidem
1749 2569 2115 2626 insolentissi-

543 2673 693 2713 mum
706 2669 786 2714 est
813 2659 1012 2722 visum,
1029 2658 1194 2729 269
1206 2658 1445 2729 aliquem
1465 2659 1784 2730 imperatori
1809 2672 2110 2732 parentem.

543 2751 965 2821 subjectumque
1025 2764 1086 2806 se
1145 2750 1535 2818 confitentem,
1593 2754 1720 2808 talia
1784 2757 2109 2811 machinari.

541 2841 739 2896 Audivi
761 2841 928 2896 etiam
953 2855 983 2895 a
1008 2841 1306 2912 majoribus
1326 2842 1464 2899 meis
1487 2844 1832 2902 subditorum
1857 2848 2112 2920 huiusce-

542 2932 690 2987 modi
721 2947 888 2988 ausus
913 2931 1156 2988 nefarios
1195 2935 1431 2990 maxime
1459 2937 1704 2992 omnium
1729 2955 1924 2996 eorum
1948 2945 2109 3013 perti—

2228 457 2286 510 δέ
2335 458 2442 528 γάρ
2483 476 2568 512 πω
2621 459 2737 529 ᾔδει
2767 461 2893 530 περὶ
2951 461 3131 514 αὑτῶν
3187 463 3354 517 οὐδέν.
3397 463 3724 533 Thyniam:

2230 551 2286 606 δὲ
2325 551 2532 605 ἀνωθεν
2589 553 2919 622 ἀρξάμενος,
2953 553 3125 618 οὕτως
3173 558 3398 611 ἐποιεῖτο
3455 560 3540 628 τὴν
3589 579 3726 630 κατηι

2229 640 2419 710 γορίαν
2445 657 2459 672 ·
2493 643 2828 712 Συργιάννης
2861 644 3067 707 οὑτοσ“τ,
3117 645 3307 713 λέγων,
3345 640 3387 700 ὦ
3417 647 3628 716 βασιλεῦ,
3655 652 3730 719 τὴν

2231 734 2327 799 τῆς
2373 733 2614 802 ἑσπέρας
2671 734 2844 803 ἀρχὴν
2893 737 3380 805 ἐπιτετραμμένος,
3450 739 3621 808 πρῶτα
3657 741 3748 807 μένι

2229 825 2468 878 ἐποιεῖτο
2495 825 2583 878 διὰ
2607 826 2869 896 σπουδῆς,
2897 827 2994 879 καὶ
3041 827 3200 896 ἔργον
3239 825 3306 905 ἦν
3343 829 3482 899 αὑτῷ
3509 831 3603 882 τῶν
3629 833 3733 886 πᾶνα

2228 931 2338 967 των
2407 916 3011 984 περισπουδαστότατον
3079 917 3351 987 ἑταιρείαν
3417 921 3732 989 συστήσασθαι

2230 1007 2362 1078 περὶ
2393 1008 2581 1069 αὑτὸν,
2616 1007 2714 1062 καλ⁸
2770 1009 2978 1070 πάντας
3029 1010 3075 1061 εί
3133 1008 3348 1063 δύναιτο
3407 1009 3544 1077 αὑτῷ
3587 1015 3732 1065 πείσαι

2229 1099 2544 1169 προσέχειν,
2581 1099 2676 1152 καὶ
2727 1099 2784 1150 ἐν
2817 1100 2930 1158 τοῖς
2960 1098 3198 1168 μάλιστα
3234 1099 3342 1151 τῶν
3381 1098 3537 1167 φίλων
3570 1099 3696 1166 ἀγειν
3721 1118 3732 1130 ·

2229 1194 2390 1261 ἡμεῖς
2423 1193 2480 1246 δέ
2506 1193 2575 1245 τά
2616 1189 2843 1244 τοιαῦτα
2892 1191 3124 1260 ὁρῶντες
3171 1191 3404 1260 μάλιστα
3434 1193 3487 1244 ἐν
3531 1194 3632 1254 ταῖς
3657 1194 3734 1260 ἀρα

2228 1286 2368 1353 χαίς,
2403 1284 2640 1352 οἰόμενοι
2679 1283 2840 1336 αὑτὸν
2873 1281 3032 1351 δόξης
3092 1282 3460 1351 ἐπιθυμοῦντα
3494 1285 3577 1335 καὶ
3613 1286 3734 1336 ἐπαί-

2228 1391 2353 1436 νων,
2405 1376 2484 1435 είς
2536 1373 2570 1425 ἃ
2631 1372 2868 1443 μάλιστα
2918 1373 3214 1442 ἐπτόηνται
3265 1373 3313 1424 οἱ
3360 1371 3619 1433 δοκοῦντες
3662 1375 3732 1421 εὖ-

2226 1466 2412 1536 τυχεϊν
2461 1468 2573 1526 τοῖς
2614 1464 2877 1525 τοιούτοις
2933 1463 3288 1534 ἠσχολῆσθαι,
3342 1462 3642 1530 ἐποιούμεθα
3686 1464 3736 1511 τὰ

2229 1560 2577 1628 πραττόμενα
2625 1557 2728 1609 οὑκ
2783 1559 2840 1607 ἐν
2874 1555 3033 1624 δεινῴ
3056 1571 3070 1586 ο
3103 1553 3178 1616 ὡς
3228 1554 3284 1606 (ῖέ
3311 1553 3403 1606 τοῦ
3446 1555 3618 1622 χρόνου
3644 1570 3733 1619 τρι·

2230 1650 2484 1720 δομένου,
2553 1648 2650 1718 τὴν
2703 1650 2760 1701 ἐν
2805 1651 2919 1711 τοῖς
2984 1646 3253 1710 τοιούτοις
3332 1647 3555 1716 σπουδὴν
3601 1644 3738 1713 μείζίει

2227 1741 2321 1795 τοῦ
2351 1741 2723 1812 προσήκοντος
2781 1739 3078 1808 γινομένην
3127 1737 3412 1809 ἑωρῶμεν,
3460 1735 3736 1790 ὑποπτεύειν

2225 1830 2402 1902 ἐπῄει,
2451 1832 2526 1902 μὴ
2575 1831 2696 1902 οὑχὶ
2752 1830 2996 1896 εὐδοξίας
3047 1830 3211 1882 ἕνεκα
3260 1829 3328 1881 τὰ
3359 1827 3568 1882 τοιαῦτα
3609 1828 3738 1880 αὑτὸν

2223 1923 2584 1994 ἐπιτηδεύειν,
2641 1920 2778 1976 ἀλλά
2848 1938 2994 1985 τινος
3055 1921 3247 1991 ἐτέρου
3309 1921 3464 1990 χάριν
3524 1920 3733 1988 ἀπορρη-

2221 2016 2444 2086 τοτέρου
2493 2032 2507 2046 ·
2570 2015 2665 2068 καὶ
2731 2014 3153 2083 περιεργότερον
3232 2011 3578 2084 προσείχομεν
3651 2015 3738 2073 τοῖς

2220 2107 2527 2175 γινομένοις
2568 2118 2583 2135 ·
2623 2103 2700 2167 ὡς
2754 2103 2812 2156 δὲ
2869 2103 2942 2157 τὰ
2999 2101 3228 2157 τοιαῦτα
3303 2101 3583 2172 ἐρευνῶσιν
3627 2101 3736 2170 ἐμη-

2221 2198 2377 2252 νύετο
2412 2197 2487 2259 ὼς
2537 2196 2896 2259 οὑδέ.ἀπλῶς
2946 2196 3041 2248 καὶ
3089 2195 3437 2266 ἀπεριέργως
3497 2194 3548 2247 αί
3593 2191 3734 2261 φιλίαι

2218 2290 2476 2359 γίνωνται
2507 2288 2618 2341 τῶν
2653 2287 3057 2356 συνισταμένων
3109 2285 3249 2356 πρὸς
3314 2285 3497 2349 αὑτὸν,
3543 2285 3641 2338 ἀλλ’
3664 2285 3736 2355 ὅρ-

2219 2396 2336 2443 κοις
2360 2380 2612 2434 διδόντων
2637 2381 2848 2444 πίστεις
2884 2380 3111 2450 ίσχυράς
3135 2379 3230 2432 καὶ
3251 2378 3618 2449 λαμϐανόντων
3633 2374 3734 2446 παρ’

2215 2472 2401 2538 αὑτοῦ,
2454 2471 2566 2526 τότ’
2600 2473 2697 2543 ἤδη
2745 2474 2802 2525 ἐν
2831 2472 3040 2525 πλείονι
3091 2466 3239 2541 ἦμεν
3282 2469 3486 2541 ὑποψίᾳ
3524 2469 3608 2523 τοῦ
3659 2485 3737 2535 με·

2216 2568 2358 2636 γάλα
2413 2569 2534 2621 τινὰ
2581 2569 2912 2636 κακουργεῖν
2962 2565 3123 2618 αὑτόν
3152 2581 3166 2596 ο
3196 2565 3294 2618 καὶ
3317 2565 3442 2626 τοὺς
3471 2565 3644 2634 ὅρκους
3671 2562 3736 2630 ἐφ’

2212 2659 2417 2719 ὁποίοις
2473 2658 2713 2725 γίνονται
2760 2657 3001 2728 ἀκριϐῶς
3057 2657 3452 2728 διηρευνῶμεν.
3482 2655 3738 2725 Ἐμηνύετο

2211 2747 2257 2801 δ’
2318 2746 2410 2800 ὑπ’
2445 2746 2656 2800 αὐτῶν
2711 2746 2823 2799 τῶν
2895 2746 2964 2800 τὰ
3013 2747 3246 2800 τοιαῦτα
3301 2746 3632 2810 συνειδότων,
3675 2745 3736 2806 ὡς

2211 2838 2431 2909 πρῶτον
2478 2837 2581 2907 μὲν
2600 2837 2834 2906 γίνοιντο
2866 2837 2916 2890 οί
2947 2837 3108 2906 ὅρκοι
3140 2837 3242 2889 ἐπὶ
3263 2836 3341 2905 τῷ
3368 2835 3558 2900 αὑτοὺς
3583 2835 3737 2904 φίλους

2211 2927 2349 2984 εἶναι
2388 2928 2716 3001 Συργιάννῃ,
2751 2930 2844 2982 καὶ
2880 2927 3046 2981 αὑτὸν
3099 2927 3286 2992 αὑτοῖς
3312 2945 3329 2963 ·
3372 2929 3461 2981 καὶ
3486 2927 3548 2982 τὰ
3591 2925 3737 2978 συνοί-

537 3025 682 3079 diam
705 3023 1180 3094 detectionemque
1227 3040 1480 3094 arguere.
1505 3028 1745 3087 Proinde
1767 3047 1891 3088 cum
1922 3044 2106 3092 tacere

2213 3040 2375 3078 σοντα
2438 3021 2689 3092 ἀλλήλοις
2724 3023 2785 3074 ἐκ
2814 3021 3016 3084 παντὸς
3042 3021 3251 3092 τρόπου
3305 3022 3557 3092 πράττειν
3581 3017 3741 3071 ἐκατὲη

537 3130 648 3170 non
685 3129 923 3186 possem,
956 3115 1152 3170 horum
1185 3116 1363 3185 ipsum
1398 3118 1541 3188 apud
1572 3131 1626 3174 te
1657 3124 1934 3189 accusavi,
1984 3126 2109 3196 opi-

539 3217 720 3273 natus,
755 3207 982 3277 perinde
1014 3221 1135 3262 esse
1162 3217 1328 3278 atque
1360 3209 1405 3262 si
1432 3210 1570 3266 mala
1601 3213 1763 3267 simul
1799 3227 2105 3285 perpetres,

516 3299 642 3374 _nisi
669 3314 732 3354 ea
765 3298 1020 3354 conscius
1047 3299 1360 3354 accusando
1399 3300 1640 3371 detegas.
1676 3305 1776 3360 Ubi
1817 3307 2107 3378 Zamp'aco

533 3389 828 3456 conticuit,
860 3387 1192 3461 Syrgiannes
1220 3390 1514 3456 atlirmare,
1545 3393 1801 3464 injuriam
1837 3399 1940 3452 sibi
1965 3401 2101 3467 fieri,

533 3494 591 3539 et
621 3497 680 3538 se
721 3483 1061 3538 calumniose
1107 3485 1437 3552 oppugnari,
1493 3487 1820 3557 mentirique
1853 3490 2105 3562 Zampla-

534 3591 750 3640 concm,
793 3575 887 3646 qui
942 3576 1044 3628 ista
1096 3582 1175 3626 ρι’
1211 3573 1339 3628 odio
1382 3575 1690 3632 inveterato
1741 3581 2101 3651 confinxerit;

535 3669 665 3736 quia
693 3667 904 3722 scilicet
943 3666 1083 3719 filios
1116 3667 1257 3736 ejus,
1284 3666 1685 3735 Zatnplaconis.
1724 3672 1966 3741 inquam,
2008 3677 2103 3745 qui

533 3759 605 3814 ab
651 3759 981 3827 imperatore
1019 3757 1354 3820 defecerant,
1388 3758 1496 3812 dux
1532 3770 1723 3815 contra
1751 3779 1847 3816 eos
1885 3766 2099 3830 missus,

538 3859 726 3919 captos
751 3857 805 3902 et
824 3850 1038 3902 vinctos
1055 3848 1120 3902 ad
1145 3848 1528 3917 imperatorem
1544 3852 2106 3924 adduxeritZampIa-

535 3952 600 3991 co
626 3936 730 3990 sibi
759 3936 900 3990 filios
924 3951 1122 4004 parvae.
1155 3947 1247 3990 aut
1283 3939 1418 3992 nulli
1445 3954 1590 3993 cura:
1615 3941 1750 3995 dixit
1782 3958 1924 4003 esse,
1957 3946 2102 4013 quod

534 4045 636 4084 nec
673 4027 948 4098 profuturi
987 4028 1098 4082 sint
1139 4029 1457 4100 quidquam,
1493 4031 1537 4084 si
1572 4033 2103 4101 meliores(l4),nec

534 4120 800 4174 maculam
832 4121 935 4174 sibi
963 4120 1261 4188 aspersuri,
1292 4121 1336 4173 si
1365 4121 1490 4174 mali
1517 4121 1754 4186 fuerint;
1787 4125 2101 4192 imperaturi

531 4207 684 4259 cordi
713 4207 852 4270 fore.
876 4221 988 4276 quo
1026 4216 1184 4274 pacto
1217 4221 1315 4262 eos
1350 4217 1568 4273 tractet,
1605 4225 1728 4268 cum
1767 4213 1843 4266 illi
1867 4215 2098 4271 subsint.

532 4301 672 4354 Udio
710 4309 895 4354 autem
941 4308 1275 4354 commotum
1320 4316 1626 4367 accusasse,
1673 4319 1782 4359 non
1831 4306 2102 4362 inﬁciatu-

534 4407 693 4456 rum;
735 4405 838 4445 nec
877 4391 1025 4446 enim
1063 4406 1245 4460 posse,
1277 4391 1370 4461 qui
1401 4408 1459 4448 se
1491 4394 1739 4464 improbe
1768 4413 1895 4468 erga
1929 4399 2101 4468 impe-

535 4493 773 4535 ratorem
799 4483 1084 4550 grcsserit,
1115 4497 1222 4535 non
1245 4481 1460 4538 odisse:
1489 4485 1790 4556 orabatque
1819 4490 2098 4554 eumdem,

537 4587 603 4625 ne
647 4586 839 4624 eorum
883 4588 1210 4641 quemquant
1260 4573 1482 4628 domum
1533 4575 1873 4643 dimitteret,
1925 4581 2100 4637 donec

2213 3135 2338 3189 ρους
2359 3131 2375 3148 ο
2406 3116 2598 3170 ἔπειτα
2624 3113 2692 3166 ἂν
2743 3113 2926 3182 συμὸῇ
2981 3112 3207 3182 βασιλέα
3242 3113 3430 3183 τρόπῳ
3459 3111 3516 3182 δή
3543 3127 3635 3162 τινι
3662 3124 3734 3160 τεο

2209 3209 2492 3280 λευτῆσαι.
2530 3207 2605 3278 μὴ
2637 3205 2870 3260 ἕκαστον
2898 3205 2984 3273 ἐφ’
3025 3203 3224 3258 ἑαυτοῦ
3282 3206 3310 3257 ὃ
3359 3223 3410 3258 τι
3437 3205 3500 3258 ἀν
3528 3204 3641 3270 δοκῇ
3669 3215 3739 3252 συ-

2207 3307 2384 3359 νοῖσον
2418 3301 2697 3370 πράττειν,
2763 3297 2898 3350 ἀλλά
2939 3299 3088 3366 κοινῇ
3137 3297 3530 3367 σκεψαμένους,
3580 3296 3637 3346 τὰ
3665 3291 3737 3342 δο-

2209 3396 2406 3451 κοῦντα
2427 3395 2761 3466 ’Συργιάννῃ
2795 3389 3319 3447 Metuisti».thst
3352 3407 3366 3421 ο
3403 3391 3481 3442 ὅτι
3535 3389 3588 3440 δέ
3628 3385 3738 3449 ἀληο

2207 3489 2298 3558 Οῆ,
2336 3489 2618 3558 μάρτυρας
2674 3486 2986 3554 παρέξομαι
3021 3487 3129 3537 τῶν
3169 3481 3500 3554 λεγομένεέδὲκ
3560 3476 3736 3550 Σὲςμὲῖσ

2205 3579 2299 3632 οὑν
2364 3580 2431 3632 ἂν
2489 3577 2708 3646 εἰδείης,
2783 3569 2829 3628 ὦ
2885 3573 3129 3644 βασιλεῦ,
3184 3577 3212 3630 ὅ
3268 3594 3322 3629 τι
3395 3575 3497 3646 χρὴ
3537 3573 3736 3637 ἀποφαί-

2207 3671 2394 3724 νεσθαι
2415 3671 2540 3738 περὶ
2562 3669 2741 3721 αὑτῶν
2767 3683 2782 3698 ο
2814 3668 2939 3736 ἐμοὶ
2960 3666 3018 3719 δὲ
3046 3666 3222 3720 ἐδόκει
3253 3669 3362 3721 τῶν
3382 3661 3734 3720 ἀτοπωτάτων.

2208 3762 2312 3818 ὑπὸ
2347 3761 2572 3831 βασιλέα
2629 3758 2750 3811 τινὰ
2801 3755 3082 3820 τελοῦντα,
3135 3758 3234 3811 καὶ
3293 3752 3738 3822 δουλείαν¹ὑμλψ

2205 3854 2408 3924 γοῦντα
2439 3851 2696 3918 ὀφείλειν,
2727 3845 2990 3908 τοιούτοις
3013 3848 3315 3917 ἐγχειρεῖν.
3365 3845 3659 3914 Ἑπυοόμην
3686 3843 3730 3892 δὲ

2205 3949 2302 4001 καὶ
2337 3944 2444 3998 τῶν
2497 3941 2729 4014 πρώτων
2785 3940 2898 3992 τῶν
2951 3939 3100 4007 ἐμῶν
3146 3939 3285 4006 ἐγὼ,
3321 3940 3398 4002 ὡς
3446 3938 3514 3992 τὰ
3543 3934 3735 3991 τοιαῦτα

2207 4037 2532 4106 τολμώμενα
2593 4029 2746 4102 παρά
2796 4030 2906 4082 τῶν
2965 4029 3225 4099 ὑπηκόων
3275 4030 3605 4085 ἀποστασίαν
3658 4025 3736 4078 καὶ

2204 4129 2461 4184 ἀπιστίαν
2485 4125 2704 4179 πάντων
2735 4121 2971 4193 μάλιστα
2999 4122 3066 4176 ἂν
3085 4123 3267 4175 αὐτῶν
3290 4121 3632 4192 κατηγοροίη.
3661 4117 3736 4170 Διὸ

2204 4221 2322 4275 οὑδὲ
2355 4217 2669 4289 ἠνεσχόμην
2701 4216 2827 4283 σιγῇ
2859 4213 3077 4282 φέρειν’
3109 4212 3228 4266 ἀλλ’
3283 4215 3376 4266 ἐπὶ
3409 4213 3502 4265 σοῦ
3549 4211 3612 4263 τὰ
3647 4224 3732 4259 τοιο
3760 4255 3764 4258 ,

2205 4313 2342 4367 αὕτα
2371 4306 2730 4377 κατηγόρηκα
2757 4303 2946 4367 αὐτοῦ,
2975 4303 3211 4371 νομίζων
3238 4305 3340 4358 οὑκ
3368 4303 3581 4358 ἔλαττον
3616 4295 3736 4352 εἶναι

2201 4408 2261 4460 τὸ
2319 4400 2695 4472 συμπράττειν
2740 4396 2878 4466 πρὸς
2907 4382 2994 4449 cap
3019 4395 3198 4463 φαῦλα
3238 4397 3334 4449 τοῦ
3386 4396 3648 4450 συνειδότα
3673 4392 3734 4458 μὴ

2196 4497 2441 4564 ἐλέγχειν
2469 4494 2548 4552 είς
2577 4488 2914 4559 κατηγορίας
2943 4487 3125 4554 λόγον.
3175 4487 3217 4538 Τ
3221 4487 3419 4540 οιαῦτα
3461 4484 3734 4555 Τζαμπλιὶ-

2197 4603 2367 4646 κωνος
2426 4582 2735 4646 διεξιόντος,
2780 4576 3101 4653 ,ἀδικεῖσΟαι
3157 4577 3249 4627 καὶ
3314 4573 3730 4646 συκοφαντεῖσθαι

537 4663 650 4729 ipse
684 4660 932 4716 testibus
967 4661 1234 4726 evocatis,
1290 4663 1429 4717 nihil
1460 4680 1518 4719 se
1559 4667 1928 4723 calumniandi
1977 4672 2104 4726 libi-

2212 4679 2486 4730 ῑιετείνετο
2523 4677 2551 4726 ὁ
2598 4671 2936 4740 Συργιάννης
2969 4670 3066 4721 καὶ
3092 4667 3530 4737 καταψεύδεσθαι
3577 4663 3734 4730 Τζαμ·

535 4755 661 4807 dine
687 4749 898 4816 fictum,
928 4751 1022 4806 sed
1056 4752 1326 4821 ipsissima
1356 4755 1474 4825 eius
1498 4755 1636 4812 facta
1666 4759 1719 4813 in
1745 4762 2096 4819 accusatione

535 4860 632 4899 sua
667 4857 918 4914 posuisse
939 4844 1228 4898 manifeste
1251 4846 1587 4904 ostenderet.
1614 4851 1914 4922 Imperator
1939 4857 2095 4912 Zam-

535 4939 818 5008 placonem
843 4953 1060 5006 aequum
1100 4946 1290 5006 petere
1319 4953 1573 5006 censens,
1599 4942 1670 4996 ita
1705 4944 1882 5001 facere
1909 4948 2098 5017 jussit.

535 5031 654 5083 Mos
689 5039 746 5083 et
781 5027 1109 5100 Syrgiannes
1139 5031 1318 5083 oravit
1346 5033 1527 5099 jacciri
1560 5035 1851 5102 quosdam,
1884 5040 1976 5107 qui
2013 5057 2102 5096 se-

534 5138 656 5178 cum
689 5135 784 5190 per
808 5120 1111 5176 calumnias
1137 5121 1323 5190 inique
1363 5133 1543 5177 actum
1577 5132 1931 5180 testarentur.
1959 5131 2102 5183 Con-

533 5231 748 5270 cessum
780 5223 886 5278 est,
933 5227 1056 5283 quae
1091 5211 1159 5266 ad
1196 5213 1481 5266 veritatem
1517 5215 1997 5271 demonstrandam
2037 5220 2104 5273 li-

534 5317 703 5370 ceret,
736 5305 1082 5375 experiretur
1111 5303 1317 5358 omnia.
1349 5303 1544 5358 Subito
1575 5305 1760 5375 itaque
1796 5310 1968 5375 missi,
2003 5313 2098 5380 qui

2203 4770 2465 4822 πλάκωνα
2496 4763 2683 4827 αὑτοῦ,
2711 4763 3061 4831 πλασάμενον
3082 4760 3342 4824 διαϐολὰς
3378 4761 3522 4831 ἔχθει
3546 4754 3734 4820 παλαιῴ

2198 4860 2278 4931 τῷ
2312 4860 2447 4928 προς
2472 4856 2659 4924 αὑτὸν,
2689 4856 2770 4907 ὅτι
2805 4852 2934 4915 τοὺς
2977 4853 3147 4915 υἱοὺς,
3177 4853 3447 4928 βασιλέως
3487 4849 3731 4906 ἀποστάν-

2197 4967 2319 5016 τας,
2349 4946 2653 5018 στρατηγδς
2683 4943 2804 4996 κατ’
2835 4943 3015 4994 αὑτῶν
3046 4942 3392 5010 ἐκπεμφθεὶς
3435 4933 3733 5010 χειρώσαιτὸ

2195 5057 2257 5092 τε
2297 5039 2390 5089 καὶ
2412 5034 2700 5104 δεσμώτας
2726 5032 2858 5101 πρὸς
2878 5031 3102 5098 βασιλέα
3123 5031 3432 5098 ἀπαγάγοι.
3461 5023 3731 5096 Τςαμπλὰ-

2198 5145 2308 5180 κων
2337 5127 2396 5179 δὲ
2428 5124 2536 5177 τῶν
2575 5122 2676 5192 μὲν
2718 5121 2850 5174 υίῶν
2897 5121 3045 5190 αὑτῷ
3081 5121 3260 5189 μέλειν
3304 5122 3494 5186 ἔλεγεν
3531 5116 3670 5180 ὀλίγα
3703 5111 3729 5178 ἦ

2196 5220 2372 5279 οὐδὲν,
2401 5217 2475 5279 ὡς
2501 5213 2623 5267 οὕτε
2657 5213 2961 5290 όνησύντων
3014 5213 3165 5265 οὑεὲν
3213 5211 3280 5265 ἂν
3328 5211 3566 5281 βελτίους
3596 5201 3727 5261 ὦσιν.

2197 5308 2322 5363 οὑτε
2349 5305 2840 5378 προστριψομένων
2883 5304 3007 5356 τινὰ
3053 5306 3318 5372 αἰσχύνην
3368 5301 3432 5355 ἀν
3462 5300 3728 5368 φαίνωνται

1789 5421 2005 5482 Jacobi
2043 5422 2306 5485 Pontani
2352 5427 2535 5481 notas.

603 5524 714 5589 (ιε)
753 5521 1080 5593 Videndum,
1107 5523 1383 5593 quomodo
1405 5538 1536 5580 vera
1563 5524 1636 5578 sit
1660 5524 1775 5579 bare
1799 5528 2088 5581 sententia.

535 5593 690 5664 [iere
723 5592 817 5645 filii
839 5631 855 5655 ,
878 5604 934 5646 et
961 5596 1343 5662 nepmes-boni
1387 5595 1452 5648 ad
1488 5596 1655 5648 decus
1680 5607 1733 5648 et
1757 5595 1982 5664 gloriam
2016 5600 2084 5649 fa-

541 5663 702 5714 milia:
762 5675 872 5716 suae
930 5675 1192 5729 prosunt;
1249 5672 1305 5718 et
1345 5665 1486 5717 filius
1533 5663 1872 5733 sapiens'cst
1915 5666 2086 5733 gloria

2201 5528 2370 5596 patris
2421 5527 2504 5580 sui
2533 5567 2548 5593 ,
2581 5535 2634 5580 et
2659 5523 3040 5596 nequatnifilii,
3074 5523 3250 5578 eidem
3303 5520 3640 5596 ignominiam
3674 5528 3727 5567 ac

2198 5589 2435 5676 dedecus
2467 5589 2694 5651 inurunt
2719 5589 2915 5666 {quod
2946 5595 3211 5665 exemplis
3233 5589 3466 5664 probare
3508 5589 3633 5645 nihil
3659 5596 3728 5639 at-

2197 5676 2354 5721 tinet.
