4010 6190
330 280 432 362 557
966 320 970 324 ι
1498 283 2036 344 HlSTOHlARUM
2086 281 2310 340 LIBER
2357 280 2438 339 li.
3462 277 3565 339 {iis

325 391 533 446 κακοίο
573 390 788 461 βασιλεῖ
824 392 932 461 γάρ
969 391 1229 464 μελήσειν
1286 395 1394 462 ὅπη
1422 395 1487 448 ἂν
1543 395 1796 464 διάθηται
1831 394 1899 450 τὰ

2005 401 2173 447 testes
2224 393 2277 444 in
2329 390 2538 458 judicio
2588 390 2808 458 utrique
2854 387 3144 442 adfuturos
3193 387 3564 451 adducerem;

331 480 448 534 κατ’
470 481 689 544 αὐτοὺς,
719 481 879 543 ὄντας
905 482 1401 552 ύπηκόους.Ἔχθει
1420 481 1478 534 δὲ
1495 481 1573 550 τῷ
1594 483 1728 551 πρὸς
1754 485 1897 533 ὲκεί-

2003 481 2108 550 ipsi
2139 482 2348 535 interea
2385 481 2524 549 apud
2559 481 2941 548 imperatorem
2967 480 3262 543 tumentes,
3293 478 3358 531 ad
3399 482 3568 533 actin—
3614 517 3618 520 η

323 586 415 620 νον
461 571 932 640 κατηγορηκέναι,
979 573 1082 626 ούκ
1133 573 1200 626 ἂν
1239 573 1468 643 ἔξαρνος
1509 571 1784 640 γενέσθαι.

2003 587 2128 625 nem
2161 588 2219 626 se
2245 573 2656 639 comparabant.

325 659 432 726 γὰρ
461 659 530 712 ἀν
576 660 796 717 δύναιτο
865 664 1023 734 κακῷ
1079 667 1359 735 γενομένῳ
1401 666 1532 735 περὶ
1581 667 1804 736 βασιλέα
1850 665 1924 733 μὴ
1963 663 2292 734 ὲχθραίνειν.
2330 666 2526 718 Ἐδεῖτό
2568 682 2628 718 τε
2695 665 2962 733 βασιλέως
3015 665 3218 734 μηδένα
3270 663 3449 717 αὐτῶν
3476 662 3570 728 ἐᾷν

323 749 510 802 οἴκαδε
541 751 867 822 ἀναχωρεῖν,
901 753 1017 807 ἀλλ’
1067 755 1219 825 αὐτῷ
1268 754 1688 823 συνδιατρίϐειν,
1736 754 1897 822 ἄχρις
1935 753 2002 806 ἂν
2038 751 2539 822 μεταπεμψάμενος
2602 753 2728 815 τοὺς
2801 754 3256 824 μαρτυρήσοντας
3285 754 3393 812 τοῖς
3421 752 3571 818 εἰρη-

327 843 537 907 μένοις,
592 843 875 914 ἀπελέγξῃ
913 845 1240 916 διαρρήδην,
1309 847 1389 909 ὡς
1441 846 1596 900 οὐδὲν
1634 845 1701 898 ἂν
1737 845 1824 913 εἴη
1859 839 1934 898 ὧν
1973 845 2328 916 κατηγόρηκε
2370 845 2596 912 πλάσμα
2667 845 2761 897 καὶ
2793 845 3151 910 συκοφαντία,
3187 842 3301 896 ἀλλ’
3335 842 3473 895 αὐτὰ
3505 843 3570 894 τὰ

326 935 672 1000 γεγενημένα
699 935 794 988 ὑπ’
825 936 1016 991 αὐτοῦ.
1046 936 1312 1001 Βασιλεὺς
1373 937 1433 991 δὲ
1493 936 1680 990 δίκαιά
1702 953 1760 990 τε
1821 937 2246 1007 Τζαμπλάκωνα
2275 935 2647 1004 ἐπεψηφίζετο
2665 935 2871 1000 ἀξιοῦν,
2894 941 2988 989 καὶ
3034 936 3406 1005 προσέταττεν
3429 933 3572 986 οὕτω

325 1025 617 1094 πράττειν.
665 1027 970 1093 ’Δξιοῦντος
1001 1030 1058 1084 δὲ
1087 1034 1182 1084 καὶ⁵
1213 1031 1521 1102 Συργιάννη
1564 1031 1992 1100 προσκαλεῖσθαι
2057 1049 2210 1094 τινας
2269 1029 2319 1082 οἳ
2381 1030 2739 1100 ἀδικούμενον
2788 1031 2948 1083 αὐτὸν
2988 1033 3084 1084 καὶ
3132 1031 3576 1102 συκοφαντούμεο

235 1162 251 1173 .
322 1133 418 1168 νον
449 1118 855 1187 ἀποφανοῦσιν,
887 1123 1158 1193 ἐπέτρεπε
1192 1123 1292 1176 καὶ
1326 1122 1476 1192 αὐτῷ
1514 1125 1624 1177 πᾶν
1687 1123 1825 1192 ὅπερ
1872 1123 1940 1176 ἂν
2052 1123 2188 1192 προς
2241 1122 2522 1187 ἀπόδειξιν
2578 1121 2679 1189 τῆς
2717 1121 2974 1192 ἀληθείας
3020 1123 3224 1186 ἐξεῖναι
3270 1125 3560 1192 πράττειν.

321 1207 466 1270 Τοὺς
497 1209 599 1278 μιν
638 1209 735 1264 οὖν
772 1214 1343 1282 συμμαρτυρήσοντας
1401 1214 1588 1276 αὐτοῖς
1653 1215 1748 1266 ἐπὶ
1792 1215 1890 1284 τῆς
1929 1215 2087 1282 δίκης
2156 1213 2360 1268 αὐτίκα
2406 1214 2662 1282 ἔπεμψαν
2714 1218 2841 1279 τοὺς
2889 1214 3250 1285 κομιοῦντας·
3319 1216 3476 1269 αὐτοὶ
3497 1210 3570 1265 ’δὲ

321 1300 580 1366 συνόντες
607 1303 842 1372 βασιλεῖ,
872 1306 1353 1374 παρεσκευάζοντο
1375 1305 1457 1368 ὡς
1487 1304 1582 1357 ἐπὶ
1607 1305 1788 1375 δίκην.

1723 1427 1953 1483 CAPUT
1993 1426 2182 1482 XXIII.

316 1514 381 1568 1η
413 1517 721 1600 dscrimjne
745 1535 843 1600 suo
870 1521 1050 1589 magni
1073 1521 1342 1573 domestici
1361 1537 1513 1600 opem
1537 1518 1830 1600 adiutorem
1867 1518 2188 1600 Syrgiannes
2217 1523 2490 1600 implorat,
2524 1521 2840 1600 cuipamqne
2869 1521 3140 1600 confitens,
3175 1521 3575 1600 maiora-polli—

389 1597 567 1660 catur.
613 1589 933 1660 perueniens
956 1605 1272 1660 enumerans
1327 1593 1529 1660 suain
1577 1590 1729 1643 illum
1775 1589 1994 1660 _merita,
2050 1591 2470 1660 ingratissima»:
2525 1589 2684 1660 {iniisse
2733 1591 3010 1650 convincit,
3043 1601 3234 1643 etcum
3277 1589 3573 1643 conditione

390 1658 656 1730 promittit
715 1657 996 1715 auxilium.
1049 1658 1319 1714 Prwterea
1367 1659 1494 1727 quid
1545 1661 1724 1727 fecerit
1761 1657 2124 1730 Sgrgianneaf
2162 1673 2208 1714 et
2253 1662 2380 1728 quid
2419 1657 2554 1713 nunc
2604 1664 2778 1727 facere
2823 1660 3025 1721 debeat,
3076 1660 3304 1730 eleganti
3351 1660 3572 1729 apoloyu

391 1727 632 1778 docetur.

395 1833 515 1900 Τῆς
545 1834 757 1904 ἡμέρας
785 1836 842 1889 δὲ
875 1837 1092 1909 ἐκείνης
1123 1839 1521 1910 παρελθούσης,
1555 1843 1676 1894 ἐπεὶ
1701 1839 1894 1907 ἐπεγέ-

2067 1841 2181 1896 Sub
2232 1841 2472 1896 medium
2529 1841 2708 1896 noctis
2757 1841 3072 1912 sequentis,
3133 1839 3461 1911 Syrgiannes
3517 1841 3571 1894 in

316 1941 452 1976 νετο
483 1927 514 1991 ἡ
552 1926 646 1990 νὺξ
683 1928 812 1997 περὶ
849 1928 1046 1998 μέσην,
1071 1930 1100 1982 ὁ
1132 1931 1468 2002 Συργιάννης
1493 1934 1572 1995 είς
1603 1932 1700 2002 τὴν
1724 1931 1898 1985 οὶκίαν

312 2017 430 2086 τὴν
475 2017 717 2086 μεγάλου
757 2017 1081 2088 δομεστίκου
1136 2021 1410 2088 ἀπελθὼν,
1469 2023 1639 2077 ἐδεῖτο
1679 2023 1753 2094 μὴ
1799 2041 1898 2076 πε-

309 2109 519 2180 ριῶεῖν
580 2108 684 2160 ὑπὸ
738 2109 1103 2177 συκοφαντίας
1156 2112 1226 2164 τὰ
1259 2112 1462 2182 ἔσχατα
1513 2114 1896 2183 προσδοκῶντα

310 2199 615 2251 πείσεσθαι
651 2198 822 2265 δεινὰ,
856 2200 992 2254 ἀλλὰ
1033 2205 1190 2272 χεῖρα
1243 2204 1520 2268 σώζουσαν
1569 2207 1892 2276 παρασχεῖνο

307 2287 413 2340 καὶ
476 2285 554 2357 μὴ
594 2288 684 2341 διὰ
735 2291 796 2340 τὸ
845 2291 1346 2358 προσκεκρουκέναι
1387 2293 1678 2362 ἀφειδῆσαι
1719 2295 1898 2348 κινδυ-

306 2377 617 2441 νεύοντος,
667 2378 803 2429 ἀλλά
853 2380 1106 2447 πρόνοιάν
1156 2399 1274 2434 τινα
1329 2384 1656 2453 ποιήσασθαι
1706 2386 1894 2440 αὑτοῦ.

309 2467 487 2536 Αὐτῷ
529 2470 630 2538 μὲν
680 2473 790 2538 γὰρ
842 2469 1127 2540 ὁμολογεῖν
1176 2477 1724 2546 προσκεκρουκέναι,
1784 2495 1900 2530 πει·

307 2561 533 2614 σθέντα
557 2561 778 2630 φαύλοις
813 2563 1119 2632 ἀνθρώποις
1152 2566 1245 2618 καὶ
1277 2565 1607 2638 διεφθορόσι,
1639 2570 1731 2623 καὶ
1761 2569 1896 2638 ψευ-

304 2652 576 2722 δομένυις
623 2652 697 2716 ὡς
729 2654 801 2707 τὰ
831 2654 1021 2708 πολλάο
1048 2657 1142 2709 καὶ
1172 2655 1260 2710 διὰ
1295 2655 1452 2710 τοῦτο
1496 2659 1658 2712 αὐτόν
1682 2675 1742 2712 τε
1771 2660 1898 2712 ἑαυ-

308 2747 409 2800 τοῦ
471 2749 803 2816 κατηγορεῖν
845 2748 1048 2818 πολλὴν
1096 2749 1494 2822 ἀγνωμοσύνην
1521 2791 1537 2816 ,
1600 2752 1699 2805 καὶ
1747 2751 1898 2822 αὐτῷ

308 2838 543 2906 ἐφιέναι
577 2839 642 2909 ἢν
693 2839 762 2892 διν
806 2839 982 2893 ἐθέλοι
1027 2840 1189 2909 δίκην
1218 2841 1517 2912 λαμῦἀνειν
1547 2846 1679 2914 παρ’
1708 2845 1894 2899 αὑτοῦ.

307 2933 462 2999 Περὶ
513 2931 747 3002 βασιλέα
767 2931 827 2986 δέ
863 2932 1037 3003 μηδὲν
1066 2934 1243 3003 ἐαυτῷ
1269 2935 1424 3004 κακῷ
1456 2938 1735 3008 γενομένῳ
1772 2954 1895 2990 συν-

307 3021 552 3084 εοδέναι,
605 3020 720 3074 ἀλλ’
747 3021 987 3090 ἄκρατον
1041 3017 1185 3075 εἶναι
1233 3021 1334 3092 τὴν
1375 3023 1648 3094 διαόολήν.
1705 3017 1782 3079 Οὖ
1827 3026 1895 3096 δὴ

304 3116 489 3170 ἕνεκα
525 3113 692 3168 αὐτοῦ
727 3113 933 3167 δεῖσθαι
972 3113 1276 3182 συγγνῶναί
1309 3131 1378 3186 ,τε
1427 3115 1577 3184 αύτῷ
1625 3116 1724 3186 τῆς
1767 3118 1897 3196 περὶ

1998 1931 2147 1987 aedes
2199 1933 2374 2002 magni
2423 1933 2707 1988 domestici
2747 1933 3069 1998 adventans,
3111 1939 3232 1985 orat
3283 1946 3352 1986 ne
3400 1946 3459 1986 se
3503 1933 3574 1984 oti

2001 2021 2038 2076 ἰ.
2064 2022 2201 2076 lsam
2242 2023 2684 2078 criminationem
2718 2023 3062 2077 atrocissima
3095 2022 3571 2092 pertimescentem

2003 2115 2271 2183 supplicia
2323 2115 2624 2184 despiciat,
2675 2115 2772 2169 sed
2834 2115 3133 2168 salutarem
3189 2113 3293 2168 sibi
3351 2130 3570 2167 manum

2001 2204 2280 2273 porrigat:
2321 2219 2455 2258 neve
2489 2215 2714 2272 propter
2752 2204 3116 2259 oﬂ‘ensionem
3165 2202 3333 2256 animi
3366 2203 3448 2256 sui
3481 2219 3576 2270 pe-

2002 2295 2175 2348 riculo
2210 2295 2375 2364 27o
2415 2295 2676 2363 jactatu-m
2724 2303 3074 2364 aspernetur,
3118 2292 3216 2350 sed
3259 2291 3443 2364 aliqua
3487 2297 3572 2348 sui

2002 2400 2132 2438 cura
2163 2393 2435 2454 tangatur.
2467 2384 2666 2449 Fateri,
2692 2399 2750 2439 se
2786 2400 3021 2454 nequam
3049 2397 3104 2440 et
3132 2385 3363 2454 perditis
3392 2385 3573 2438 homi-

2001 2475 2187 2539 nibus,
2215 2484 2272 2530 et
2304 2483 2363 2528 ut
2399 2475 2693 2544 plurimum
2740 2476 3138 2532 mentientibus
3175 2476 3340 2530 nimis
3373 2475 3573 2530 credu—

1999 2566 2214 2628 dulum,
2255 2566 2313 2619 in
2351 2581 2478 2620 eum
2507 2565 2824 2636 deliquisse.
2856 2567 2988 2621 Ideo
3027 2575 3202 2622 semet
3232 2583 3438 2637 magna:
3468 2568 3574 2621 im-

1999 2657 2292 2727 probitatis
2325 2657 2694 2711 condemnare
2716 2696 2732 2722 ,
2768 2668 2825 2712 et
2865 2657 3280 2713 aestimationem
3313 2673 3488 2728 pcenae
3519 2659 3571 2710 in

1998 2750 2123 2820 ejus
2149 2747 2419 2802 arbitratu
2450 2763 2676 2818 ponere.
2706 2749 2805 2803 Ast
2847 2750 2900 2803 in
2927 2750 3318 2820 imperatorem
3363 2753 3572 2807 nullius

1997 2837 2263 2894 facinoris
2280 2839 2386 2893 sibi
2411 2839 2716 2902 conscium,
2741 2854 3055 2910 meramque
3078 2841 3408 2896 calumniam
3426 2858 3573 2897 esse.

1997 2930 2365 2996 Quamobrem
2404 2946 2600 3000 rogare
2647 2939 2705 2984 ut
2749 2931 3032 3002 injustitite
3061 2941 3117 2988 et
3162 2933 3574 3004 ingratitudinis

1999 3037 2114 3077 sua:
2140 3021 2366 3092 gratiam
2397 3023 2499 3076 sibi
2537 3022 2720 3086 faciat,
2749 3023 3238 3095 imminentemque
3267 3024 3573 3082 cervicibus

1998 3113 2115 3168 suis
2139 3112 2502 3169 calamitatem
2529 3123 2762 3176 avertat,
2789 3129 2885 3183 per
2913 3129 3131 3169 omnem
3162 3114 3423 3186 deinceps
3446 3126 3575 3172 teta-

309 3209 494 3266 αὑτὸν
541 3206 758 3270 ἀδικίας
805 3207 908 3261 καὶ
959 3184 1378 3278 ἀγνωμοσύνης,
1415 3207 1510 3262 καὶ
1538 3207 1636 3279 τὴν
1667 3184 1898 3280 προσδρ.

2002 3216 2112 3262 tem
2142 3207 2280 3261 nihil
2317 3207 2377 3260 in
2405 3220 2535 3260 eum
2566 3205 2692 3260 mali
2725 3214 3149 3269 attentaturum,
3187 3208 3307 3276 ejus
3333 3184 3576 3262 auctori-

311 3301 594 3372 σειομένην
639 3299 788 3354 λύειν
824 3301 1132 3372 συμφοράνο
1177 3302 1350 3356 αὑτὸν
1385 3300 1444 3354 δέ
1495 3301 1679 3371 ὅρκοις
1713 3295 1794 3366 οἷς
1833 3302 1900 3357 ἂν

311 3393 505 3444 ἐθέλοι
541 3391 604 3443 τὸ
638 3390 717 3460 μὴ
753 3391 843 3444 διὰ
895 3390 1012 3460 βίον
1045 3392 1247 3455 παντὸς
1285 3392 1454 3446 κακὸν
1498 3392 1732 3462 ὀφθῆναι
1775 3394 1902 3464 περὶ

309 3483 533 3543 αὑτὸν,
593 3480 727 3535 ἀλλά
776 3481 954 3537 πάντα
1001 3481 1151 3551 αὐτῷ
1199 3483 1574 3536 πιστώσασθαι
1628 3483 1896 3537 ὑπείκειν.

308 3573 673 3644 Συργιάννης
709 3573 809 3642 μὲν
853 3571 946 3626 οὖν
985 3571 1218 3626 τοιαῦτα
1275 3573 1463 3628 ἐδεῖτο.
1523 3573 1580 3627 '0
1638 3574 1814 3642 μέγας
1841 3573 1899 3627 δέ

306 3667 649 3736 δομέστικος
693 3664 852 3736 αύτῷ
894 3665 1199 3731 ὑπετίθετο,
1242 3665 1465 3738 θαρρεῖν
1497 3666 1574 3729 ὡς
1612 3669 1713 3720 οὐκ
1759 3669 1892 3720 ἀπο-

310 3759 653 3830 στερήσοιτο
681 3755 791 3811 τῶν
817 3758 1062 3810 δικαίωνο
1096 3758 1214 3811 οὐδὲ
1241 3757 1330 3811 διὰ
1353 3759 1716 3826 συκοφαντίαν
1749 3759 1899 3830 αύτῷ

307 3852 638 3918 ἀπαντήσει
671 3849 931 3920 δυσχερὲς
969 3849 1126 3902 οὐδέν
1151 3865 1165 3880 °
1212 3847 1335 3902 οὔτε
1365 3850 1474 3918 γὰρ
1509 3851 1735 3920 βασιλέα
1763 3853 1898 3906 ἀνα-

221 3925 232 3932 ”
312 3939 558 4010 σχέσθαι
592 3939 658 3992 ἀν
693 3955 822 4008 ποτε
855 3938 1338 4009 καταψηφίσασθαι
1370 3941 1897 4010 συκοφαντουμένου,

312 4037 453 4106 μήτ’
493 4032 664 4086 αὐτὸν
701 4031 981 4102 περιϊδεῖν.
1039 4033 1114 4085 Τὸ
1165 4033 1212 4086 δ’
1271 4033 1467 4102 ὅρκους
1518 4033 1898 4106 παρασχέσθαι

315 4123 679 4196 ἐπηγογέλοαι
704 4162 720 4186 ,
760 4123 824 4177 ἀν
866 4139 946 4175 σοι
988 4123 1084 4177 νῦν
1123 4123 1254 4193 περὶ
1312 4124 1410 4187 τὰς
1443 4125 1900 4196 προσδοκωμένας

232 4210 243 4221 ’
313 4218 502 4289 τύχας
553 4217 786 4285 χήσιμος
835 4214 1010 4284 όφθῶ,
1070 4216 1213 4270 ὥστε
1257 4216 1347 4268 διὰ
1394 4216 1510 4286 βίον
1553 4217 1752 4280 παντὸς
1778 4219 1901 4288 ἐμοὶ

315 4308 585 4362 ὑπείκειν
627 4307 722 4358 καὶ
761 4305 1030 4375 μηδέποτε
1059 4306 1466 4375 ἀγνωμονῆσαι,
1511 4308 1647 4378 μηδὲ
1699 4309 1776 4371 είς
1800 4309 1898 4380 λή-

312 4399 420 4466 θην
449 4397 570 4450 τῶν
604 4395 933 4474 εὐεργεσιῶν
961 4395 1158 4461 ἐλθεῖν,
1197 4400 1255 4450 ἐν
1307 4399 1404 4466 ίσῳ
1458 4415 1550 4468 μοι
1588 4399 1766 4463 δοκεῖς
1806 4400 1902 4453 καὶ

2004 3298 2098 3351 tati
2133 3298 2186 3351 in
2209 3296 2464 3351 omnibus
2494 3297 2911 3362 obsecuturum,
2939 3305 3103 3366 atque
3130 3296 3296 3367 hujus
3319 3297 3573 3368 promissi

2003 3388 2186 3449 ﬁdem,
2223 3389 2267 3442 si
2319 3389 2469 3450 velit,
2513 3387 2660 3442 dicto
2710 3397 3055 3443 sacramento
3101 3388 3397 3444 facturum.
3454 3390 3576 3443 llaec

2001 3474 2351 3545 Syrgiannes.
2380 3475 2554 3540 Quem
2577 3490 2808 3546 magnus
2827 3476 3162 3530 domesticus
3187 3477 3446 3531 admouet
3474 3477 3572 3531 ho-

2001 3580 2132 3620 num
2169 3565 2376 3620 habere
2408 3565 2852 3629 animum,.salva
2883 3565 2958 3618 illi
2995 3580 3116 3620 esse
3141 3566 3268 3634 jura
3293 3581 3390 3620 sua
3422 3585 3435 3620 :
3471 3583 3572 3620 nec

2001 3666 2225 3727 propter
2254 3656 2669 3726 schphantiam
2690 3655 2990 3725 quidquam
3019 3656 3496 3710 incommodorum
3521 3657 3572 3710 ei

2001 3749 2364 3802 nasciturum.
2406 3745 2597 3816 Neque
2637 3746 2785 3801 enim
2830 3745 3246 3815 imperatorem,
3279 3756 3339 3801 ut
3371 3747 3575 3800 calum-

2001 3839 2110 3894 niis
2157 3839 2535 3895 tantummodo
2563 3845 2911 3910 oppugnatus
2957 3835 3286 3902 damnetur,
3331 3852 3572 3906 unquam

2000 3946 2317 4002 passurum,
2353 3946 2532 4001 neque
2573 3930 2696 3999 ejus
2735 3945 2822 3985 res
2852 3929 3256 4000 neglecturum.
3290 3928 3447 3994 Quod
3481 3945 3579 3984 au-

2003 4033 2112 4080 tem
2143 4026 2462 4096 'juraturum
2507 4023 2801 4093 promittis,
2849 4022 3048 4091 inquit.
3080 4020 3125 4075 si
3183 4035 3332 4075 nunc
3376 4021 3578 4076 amictu

2004 4116 2103 4172 tibi
2149 4130 2496 4181 succurrero,
2531 4123 2583 4169 te
2611 4114 2665 4168 in
2702 4113 2852 4168 omni
2885 4114 3096 4183 reliqua
3136 4113 3248 4167 vita
3299 4112 3353 4166 in
3389 4122 3579 4166 aucto-

2003 4212 2165 4265 ritate
2187 4207 2314 4263 'mea
2357 4221 2806 4278 permansurum,
2841 4206 2980 4259 nihil
3023 4205 3316 4259 adversum
3354 4219 3440 4258 me
3476 4205 3579 4258 im—

2002 4302 2174 4372 probe
2207 4299 2601 4362 admissurutn,
2641 4313 2819 4366 neque
2860 4297 3256 4352 beneﬁciorum
3295 4298 3581 4350 immemo-

2005 4407 2119 4447 rem
2144 4393 2414 4453 l’uturum,
2454 4387 2660 4442 videris
2685 4387 2878 4441 eadem
2919 4385 3169 4441 oratione
3213 4385 3578 4454 impossibilia

312 4489 573 4542 ἀδύνατα
607 4486 810 4548 ἀξιοῦν.
853 4487 914 4538 '0
940 4487 1048 4553 γὰρ
1092 4486 1228 4554 μήτε
1281 4488 1543 4555 πρότερον
1580 4487 1712 4558 μήθ’
1745 4487 1899 4542 ὓστε.

2009 4497 2214 4555 petere.
2246 4481 2352 4547 Qui
2407 4482 2552 4535 enim
2600 4479 2792 4533 amicis
2830 4492 3111 4547 nunquam
3162 4475 3324 4538 lidus,
3359 4477 3460 4531 sed
3508 4478 3580 4529 ob

312 4597 414 4650 ρον
452 4575 664 4644 ἀγαθὸς
711 4579 1004 4645 γενόμενος
1062 4579 1191 4644 περὶ
1236 4575 1362 4639 τοὺς
1396 4572 1606 4644 φῐλους,
1640 4575 1776 4630 ἀλλά
1807 4597 1903 4649 μι-

312 4671 466 4739 κρᾶς
505 4667 602 4721 καὶ
633 4665 845 4735 φαύλης
871 4669 1014 4729 τινὸς
1053 4667 1216 4720 ἕνεκα
1247 4667 1426 4730 αἰτίας
1458 4666 1491 4736 ἢ
1522 4667 1644 4720 οὐδὲ
1674 4672 1900 4739 μικρᾶς,

314 4763 580 4835 Εὐρίπου
631 4759 788 4830 δίκην
844 4760 1286 4828 μεταφερόμενος
1325 4761 1419 4816 καὶ
1455 4762 1704 4816 ἀστατῶν
1730 4802 1744 4822 ,
1785 4764 1902 4826 πῶς

314 4855 386 4907 ἂν
439 4853 565 4920 εῖης
625 4851 836 4912 δίκαιος
881 4851 1235 4904 πιστεύεσθαι
1277 4854 1405 4922 περὶ
1466 4853 1558 4905 τοῦ
1617 4853 1903 4922 μέλλοντος

317 4942 711 5013 παρεχόμενος
759 4940 856 5002 τὰς
911 4941 1164 5004 πίστεις;
1208 4938 1380 4996 Οἶσθα
1435 4945 1542 5013 γὰρ
1591 4944 1667 5008 ὡς
1718 4945 1901 5012 φιλίας

322 5036 471 5104 ημῖν
512 5030 722 5086 ἀνωθεν
767 5030 834 5083 ἐκ
869 5031 1073 5083 παίδων
1095 5035 1627 5103 προσγεγενημένης,
1658 5033 1769 5100 ἐγὼ
1801 5035 1898 5104 μὲν

321 5119 650 5174 ἐσπούδασα
679 5119 769 5172 ἀεὶ
816 5120 1091 5190 μηδεμίαν
1126 5124 1396 5192 πρόφασιν
1420 5124 1638 5178 δικαίαν
1679 5141 1759 5177 σοι
1787 5125 1904 5178 δια-

324 5215 586 5274 στάσεως
639 5214 940 5281 παρασχεῖν
996 5214 1282 5283 ταραχῆς,
1341 5216 1437 5268 καὶ
1484 5216 1782 5286 διετήρησά
1838 5233 1903 5286 γε

319 5305 572 5373 ἐμαυτὸν
617 5299 746 5371 ἄχρι
794 5300 890 5355 νῦν
920 5302 1014 5355 ἐπὶ
1040 5306 1138 5374 τῆς
1168 5304 1360 5372 ὁμοίας
1394 5306 1769 5374 προαιρέσεως
1809 5306 1905 5358 καὶ

320 5394 428 5448 τοῦ
463 5393 602 5446 Θεοῦ
635 5394 1056 5466 συναιρομένΟΨ
1083 5395 1147 5448 σὺ
1175 5394 1231 5447 δὲ
1261 5400 1355 5449 καὶ
1385 5394 1534 5461 ἅπαξ
1563 5399 1658 5449 καὶ
1691 5397 1773 5459 δὶς
1802 5413 1902 5467 μη-

315 5485 418 5543 δὲν
454 5484 597 5552 ἔχων
637 5486 911 5552 ἐγκαλεῖν,
953 5487 1076 5539 ἀντὶ
1113 5486 1267 5554 φίλου
1307 5490 1402 5542 καὶ
1449 5487 1714 5557 συνήθους
1749 5486 1907 5539 πολέ-

322 5593 456 5645 μιος
488 5573 748 5646 ἐξαίφνης
801 5575 1096 5644 ἀνεφάνης*
1129 5580 1222 5630 καὶ
1269 5578 1508 5640 οὐδενὸς,
1531 5579 1592 5630 τό
1635 5595 1697 5644 γε
1732 5579 1810 5638 είς
1845 5578 1904 5630 σὲ

315 5664 494 5740 ἧκον,
528 5667 633 5719 τῶν
667 5667 858 5721 λυπεῖν
885 5669 1126 5738 ἀπέσχου
1161 5670 1496 5740 δυναμένωνο
1527 5669 1562 5724 ἃ
1595 5669 1689 5723 νῦν
1714 5671 1901 5739 ἔμοιγε

2006 4587 2228 4629 causam
2274 4570 2544 4628 modicam
2613 4577 2669 4624 et
2717 4571 2959 4629 inanem,
3015 4569 3126 4622 imo
3177 4583 3246 4622 ne
3307 4566 3582 4622 modicam

2003 4666 2250 4735 quidem,
2302 4673 2362 4719 ut
2400 4664 2636 4733 Euripus
2663 4661 2946 4716 variahilis
2982 4669 3039 4714 et
3096 4665 3413 4715 inconstans
3451 4661 3575 4721 fuit,

2003 4755 2282 4825 quomodo
2311 4755 2418 4819 hic,
2453 4754 2704 4821 quamvis
2733 4752 2893 4805 ﬁdem
2927 4751 3166 4815 dederit,
3194 4751 3260 4806 de
3291 4761 3489 4805 caetero
3523 4753 3584 4803 li.

2003 4848 2128 4902 dem
2172 4844 2492 4902 mereatur?
2531 4843 2692 4898 Certe
2724 4846 2887 4908 nosti,
2923 4860 3032 4912 quo
3067 4855 3252 4913 pacto,
3286 4858 3410 4896 cum
3450 4841 3579 4894 inde

2004 4954 2179 5011 usque
2210 4955 2238 4992 a
2277 4938 2467 5008 pueris
2499 4937 2642 4991 inter
2676 4952 2776 4990 nos
2803 4937 3189 4997 amaverimus,
3224 4949 3326 5002 ego
3363 4949 3581 5001 semper

2006 5032 2332 5095 studuerim,
2365 5047 2434 5086 ne
2467 5030 2560 5086 tibi
2589 5031 2790 5098 justam
2833 5029 3072 5091 dissidii,
3118 5043 3182 5080 ac
3213 5024 3584 5094 perturbatio-

2009 5127 2098 5180 nis
2139 5124 2481 5180 occasionem
2531 5123 2718 5177 darem
2753 5130 2850 5175 :et
2898 5122 2952 5174 in
3002 5120 3148 5172 hunc
3189 5131 3360 5183 usque
3410 5115 3578 5177 diem,

2013 5213 2125 5268 Deo
2160 5211 2475 5282 adjuvante,
2509 5211 2564 5266 in
2607 5221 2862 5279 suscepto
2889 5207 3129 5263 consilio
3160 5202 3404 5274 perstiti.
3438 5203 3582 5268 Quid

2003 5303 2102 5358 tu?
2141 5301 2281 5357 Cum
2323 5303 2493 5356 ueniet
2540 5311 2704 5369 atque
2749 5301 2942 5355 iterum
2978 5313 3086 5351 non
3135 5297 3394 5358 haberes,
3433 5294 3580 5363 quod

2003 5410 2105 5449 nos
2123 5408 2436 5451 accusares.
2459 5409 2555 5461 pro
2581 5409 2756 5446 nlllICO
2779 5401 2834 5444 et
2854 5390 3112 5444 lamiliari
3159 5397 3383 5456 repente
3406 5387 3508 5442 hos
3537 5387 3583 5440 is

2001 5487 2227 5543 evasisti
2259 5503 2274 5539 :
2306 5494 2362 5539 et
2389 5494 2657 5554 quantum
2696 5485 2752 5538 in
2793 5493 2844 5536 te
2884 5483 3008 5546 fuit,
3055 5482 3193 5534 nihil
3225 5481 3292 5534 ad
3323 5481 3573 5535 dolorem

2003 5579 2164 5634 nobis
2211 5576 2646 5646 ingenerandum
2698 5575 2961 5639 omisisti,
3009 5567 3138 5644 (ιιιεέ
3186 5589 3334 5628 nunc
3384 5587 3582 5642 expro-

2005 5669 2198 5725 brandi
2229 5679 2445 5737 tempus
2477 5682 2583 5722 non
2615 5678 2723 5736 est,
2753 5683 2876 5721 cum
2904 5684 2964 5722 ea
3000 5669 3167 5722 semet
3195 5665 3574 5722 condonarim.
