4010 6190
483 213 586 265 ξεῖν

1675 205 1995 264 ,ΙΟΛΝΧΙΞ
2033 204 2552 266 CANTACUZEFTI
3378 254 3393 263 ρ
3587 212 3672 268 ίιιῖν

487 318 731 387 Denique
751 333 876 372 cum
905 318 1214 388 imperante
1241 318 1456 374 seniore
1488 318 1537 369 in
1554 318 1802 372 custodia
1822 317 2056 371 vinculis

2160 321 2438 385 ὀνειδίζειν
2478 323 2539 374 οὐ
2581 321 2719 373 κατὰ
2761 319 2951 390 καιρ³.ν
3004 318 3171 380 δοκεῖ,
3206 319 3330 385 περῖ
3363 318 3526 368 citi».
3563 321 3681 374 ἅττ-ξ

483 410 817 464 constrictus
863 419 1132 474 tenerere,
1171 411 1316 464 nulla
1363 426 1458 480 spe
1491 410 1790 470 evadendi.
1835 409 2057 464 sceleris

482 502 559 553 tui
584 503 890 562 immemor,
909 511 963 555 et
982 502 1234 556 amicitiae
1258 513 1458 556 nostra:
1501 502 2054 594 consuetuditque,

488 603 544 644 nt
580 592 754 655 soleo,
802 594 1140 655 recordatus,
1171 610 1292 663 qua:
1342 605 1395 646 tu
1437 608 1536 646 nec
1560 591 1918 660 speravissﬁ.
1954 605 2056 644 nec

485 684 552 736 ab
583 684 691 736 alio
718 695 933 737 narrata
960 685 1310 744 credidisses,
1345 699 1406 736 ea
1435 700 1534 753 ego
1571 694 1660 736 tua
1690 699 1853 737 eausa
1880 694 1936 735 et
1965 697 2058 736 co-

481 774 673 842 gitavi,
726 784 780 828 et
835 776 938 828 feci
985 790 1134 828 :nec
1171 776 1346 828 solum
1383 791 1413 828 e
1447 789 1664 828 carcere
1720 784 1775 826 et
1825 771 2058 826 vinculis

484 872 536 916 te
585 864 760 932 eripui
811 864 1158 933 (quanquam
1207 865 1552 933 imperatoris
1607 872 1778 917 mater
1823 879 1942 917 eam
1980 864 2054 915 tui

482 969 668 1007 curam
701 954 754 1010 in
795 970 876 1008 me
909 955 1362 1025 reprehenderet,
1410 963 1466 1008 et
1516 954 1815 1022 imperator
1850 969 1956 1006 non
1989 953 2058 1006 ob

483 1046 653 1109 aliud,
682 1047 838 1115 271
872 1062 1032 1116 quam
1065 1047 1209 1116 quod
1238 1062 1336 1116 ego
1368 1045 1440 1098 ita
1473 1046 1689 1108 vellem,
1715 1045 1852 1098 hanc
1887 1044 2059 1098 licen-

483 1139 612 1190 tiam
639 1137 842 1206 daret),
879 1153 1070 1198 verum
1105 1139 1269 1190 etiam
1318 1138 1384 1190 de
1424 1135 1643 1206 publico
1675 1135 1816 1189 haud
1865 1150 2056 1204 parum

479 1229 577 1282 tibi
625 1229 827 1297 profui,
863 1243 1077 1282 annuos
1110 1229 1204 1282 tibi
1239 1228 1444 1282 reditus
1477 1244 1507 1281 e
1546 1227 1683 1281 locis
1725 1227 1891 1281 certis
1921 1242 2057 1294 sup-

481 1321 758 1388 peditans,
812 1320 1145 1388 urbiumque
1192 1319 1508 1389 przefcclum
1569 1328 1620 1374 te
1669 1320 2052 1382 constituens;

479 1431 580 1468 nec
605 1415 788 1471 minus
817 1414 884 1466 dc
916 1416 1054 1467 meis
1078 1413 1431 1466 facultatibus
1459 1413 1555 1467 tibi
1593 1413 1905 1476 consulens,
1935 1427 2056 1481 quae

483 1518 627 1555 nunc
662 1502 941 1570 sigillatim
987 1518 1296 1564 recensere,
1334 1518 1434 1556 nec
1481 1502 1806 1572 ingenuum,
1856 1511 1911 1554 et
1943 1516 2055 1555 mo-

483 1594 633 1646 ribus
660 1594 796 1646 meis
826 1593 1062 1646 alienum
1095 1602 1260 1648 esset.
1300 1594 1407 1647 Res
1435 1593 1582 1647 enim
1617 1593 1747 1662 ipsae
1779 1592 1978 1648 docere
2003 1601 2055 1647 te

481 1691 747 1750 possunt.
807 1684 1023 1751 qualem
1084 1685 1317 1736 amicum
1367 1698 1490 1736 cum
1547 1693 1640 1736 tuo
1699 1683 1828 1736 vitio
1879 1683 2060 1751 perdi-

481 1774 674 1839 disses,
725 1774 898 1843 ipsius
948 1773 1196 1827 bonitate
1238 1774 1667 1843 recuperaveris.
1718 1775 2055 1828 l’ostremoo

484 1865 632 1918 tenui
697 1865 1031 1934 ignobilique
1073 1864 1394 1933 praefectura
1427 1865 1493 1918 ad
1539 1865 1706 1918 totius
1743 1863 2057 1919 Occidentis

479 1957 928 2023 procurationem
963 1964 1014 2009 te
1037 1955 1281 2024 provexi.
1312 1954 1381 2008 At
1415 1963 1494 2020 tu,
1522 1969 1619 2023 pro
1651 1955 1771 2009 istis
1799 1954 2056 2008 omnibus

479 2045 853 2100 admirabilem
879 2044 1169 2114 quamdam
1209 2052 1265 2100 et
1327 2044 1546 2114 ingenio
1593 2052 1686 2097 tuo
1724 2042 2058 2097 convenien-

478 2150 589 2193 tem
623 2139 676 2193 in
721 2120 910 2208 primis
953 2138 1183 2208 gratiam
1228 2137 1553 2206 rependisti.
1599 2137 1736 2192 Cum
1773 2137 1920 2190 enim
1971 2151 2057 2191 me

479 2231 622 2283 bene
669 2236 992 2292 merentem,
1025 2235 1493 2295 servatoremque,
1541 2241 1604 2282 ae
1633 2236 1868 2280 tutorem
1901 2236 2055 2281 tuum

479 2321 640 2373 dietis
687 2330 740 2373 et
773 2318 932 2372 lactis
967 2317 1210 2387 proﬁteri
1261 2315 1572 2374 debuisses.
1608 2331 1837 2385 prorsus
1865 2323 2056 2370 contra

479 2412 662 2476 ιιτςὶδιί,
715 2422 971 2480 tanquam
1023 2409 1076 2460 in
1113 2409 1325 2462 hostem
1376 2408 1831 2462 nocentissimum
1871 2417 1920 2462 te
1975 2407 2057 2459 in-

481 2517 722 2568 struens,
764 2514 818 2560 et
853 2505 1054 2558 multos
1093 2501 1150 2556 in
1189 2501 1509 2556 sodalitium
1559 2516 1879 2572 aggregans,
1918 2510 1976 2554 ut
2010 2501 2056 2555 si

483 2585 676 2650 iterum
725 2611 920 2650 vexare
955 2605 1007 2649 te
1039 2594 1254 2658 vellem,
1299 2607 1487 2662 posses
1532 2600 1584 2646 te
1626 2592 1955 2661 comparatis
1989 2592 2056 2645 ad

484 2694 532 2742 id
576 2690 783 2742 visibus
811 2687 949 2742 tueri
987 2698 1150 2756 atque
1175 2685 1485 2740 defendere.
1521 2684 1698 2746 Unde,
1733 2695 1792 2738 ut
1823 2699 2053 2738 accusa-

482 2791 627 2834 tores
669 2780 747 2834 tui
787 2780 1084 2843 dictitant,
1148 2779 1202 2832 in
1248 2777 1566 2832 barathrum
1615 2777 1769 2846 longe
1816 2776 2058 2830 deterius

479 2884 642 2940 atque
679 2869 966 2924 exitiosius
1009 2879 1174 2924 temet
1207 2867 1530 2922 deturbasti.
1573 2866 1691 2922 Jam
1733 2881 1865 2921 vero
1897 2867 2058 2920 intel-

2164 414 2542 481 συνεγνωκότισ
2574 415 2638 465 τὰ
2670 413 2952 465 τελευταῖα
2985 413 3040 464 δὲ
3074 409 3167 462 νῦν
3189 410 3356 463 ταῦτα
3395 411 3492 461 ὑπὸ
3514 410 3681 472 ximat,-

2160 509 2217 578 ἐν
2241 507 2596 576 δεσμωτηρίῳ
2630 507 2732 559 ὑπὸ
2775 505 2869 559 τοῦ
2909 505 3277 573 πρεσϐυτέρου
3312 503 3557 572 βασιλέως
3579 521 3687 555 κατ·

2159 599 2422 668 εχομένῳ.
2463 600 2554 650 καὶ
2596 598 2868 666 μηδεμίαν
2903 597 3094 649 ἐλπίδα
3147 597 3321 664 ἔχοντι
3353 594 3446 663 τῆς
3476 593 3574 645 τῶν
3597 595 3689 646 δει-

2160 691 2266 740 νῶν
2322 689 2640 755 ἀπαλλαγῆς
2669 730 2682 749 ,
2729 688 2828 753 τῆς
2871 687 2969 755 μὲν
3025 691 3123 752 σῆς
3174 685 3553 753 ἀγνωμοσύνης
3585 686 3687 737 οἱδὶ

2161 782 2533 850 ἐπεμνήσθην*
2565 779 2665 848 τῆς
2713 779 2770 832 δὲ
2815 779 2954 845 ὲμῆς
2987 779 3124 847 πρὸς
3155 778 3212 829 σε
3245 777 3423 843 φιλίας
3467 778 3553 828 καὶ
3585 793 3688 827 συν-

2161 870 2370 939 ηθείας,
2397 870 2585 939 ὥσπερ
2608 868 2794 931 εἴωθα,
2819 869 3190 936 μεμνημένος,
3213 866 3354 936 ἅπερ
3371 865 3474 918 οὐδ’
3499 866 3558 919 ἄν
3583 881 3689 918 ποτε

2160 962 2323 1023 αὐτὸς
2363 961 2620 1028 ήλπισας,
2651 959 2762 1012 οὐδ’
2795 959 2862 1013 ἂν
2891 958 3084 1028 ἑτέρου
3124 958 3372 1028 λέγοντος
3403 958 3602 1008 ἐπείθου
3629 956 3690 1017 ὡς

2161 1051 2245 1121 εῐη
2275 1050 2472 1119 ἀληθῆ,
2519 1049 2746 1102 τοιαῦτα
2799 1052 2894 1102 καὶ
2942 1049 3226 1118 διενοήθην
3264 1049 3358 1100 καὶ
3383 1049 3690 1117 εἰργασάμην
3731 1074 3745 1086 ο

2159 1143 2301 1211 ὑπὲρ
2334 1141 2454 1194 σοῦ’
2484 1143 2574 1194 καὶ
2599 1141 2658 1193 οὐ
2703 1142 2863 1210 μόνον
2897 1141 2993 1194 τοῦ
3032 1140 3408 1209 δεσμωτηρίου
3443 1138 3693 1206 ἁπήίλαξα

2161 1225 2408 1286 καὶτῶν
2481 1233 2700 1294 κλοιῶν,
2763 1232 3010 1300 καίτοιγε
3073 1231 3242 1285 πολλὰ
3305 1234 3398 1284 καὶ
3459 1231 3693 1301 βασιλίδος

2158 1326 2258 1393 τῆς
2311 1324 2574 1394 βασιλέως
2635 1327 2844 1395 μητρὸς
2892 1311 2993 1393 τῆς
3047 1324 3126 1386 είς
3181 1324 3239 1375 σὲ
3278 1324 3524 1392 προνοίας
3555 1323 3692 1373 ἕνεκα

2158 1419 2495 1484 αἰτιωμένης
2521 1457 2534 1478 ο
2593 1419 2689 1470 καὶ
2735 1415 2995 1484 βασιλέως
3036 1415 3201 1468 αὐτοῦ
3243 1414 3312 1467 δι’
3338 1414 3487 1469 οὐδὲν
3530 1415 3692 1480 ἕτερον

2158 1513 2190 1582 ἢ
2222 1512 2312 1564 διὰ
2336 1512 2396 1564 τὸ
2438 1511 2540 1579 ἐμὲ
2573 1511 2855 1579 βούλεσθαι
2887 1511 3045 1578 μόνον
3077 1510 3175 1578 τήν
3226 1509 3410 1562 ἄδειαν
3449 1522 3694 1573 παρεσχη-

2163 1604 2348 1671 μένου,
2379 1602 2512 1654 ἀλλὰ
2552 1601 2643 1654 καὶ
2688 1601 2751 1653 ἐκ
2791 1618 2849 1654 τε
2883 1601 2992 1652 τῶν
3030 1601 3220 1653 κοινῶν
3245 1598 3504 1666 ὡφέλησα
3530 1596 3692 1654 πολλὰ,

2161 1693 2456 1760 προσόδους
2500 1709 2555 1744 τε
2616 1691 2872 1761 παρέχων
2924 1692 3174 1759 ἐτησίους
3225 1692 3291 1742 ἐκ
3347 1689 3587 1756 χωρίων,
3619 1687 3697 1736 κςὶ

2158 1784 2396 1855 ἄρχοντα
2435 1785 2641 1838 πόλεων
2689 1784 2975 1848 καθιστὰς,
3008 1785 3105 1836 καὶ
3137 1785 3199 1834 ἐκ
3237 1782 3348 1834 τῶν
3401 1781 3540 1833 ἰδίων
3569 1780 3697 1831 οἰδὲν

2158 1877 2408 1930 ἔλαττον·
2445 1877 2479 1929 ἃ.
2513 1876 2604 1929 νῦν
2649 1877 2859 1930 ἕκαστα
2907 1875 3268 1943 ἀπαριθμεῖν,
3303 1873 3491 1940 ἀγενὲς
3522 1872 3579 1923 ἂν
3606 1872 3695 1937 εἴη,

2160 1970 2255 2024 καὶ
2305 1969 2557 2038 οὐδαμῶς
2604 1970 2772 2036 ἐγγὺς
2823 1967 2916 2021 τοῦ
2971 1967 3243 2037 ἡμετέρου
3277 1966 3510 2035 τρόπον’
3548 1965 3699 2015 ἐκεῖνο

2160 2061 2376 2120 ὲννοῶν,
2408 2061 2482 2124 ὡς
2517 2060 2657 2114 αὐτὰ
2693 2059 2760 2112 τὰ
2811 2061 3116 2128 πράγματα
3144 2059 3354 2123 διδάξαι
3385 2058 3574 2110 δυνατὰ
3605 2051 3699 2106 οἷον

2136 2151 2314 2219 ,φίλον
2347 2151 2454 2222 ίδίᾳ
2490 2151 2792 2220 φαυλὸτητι
2821 2149 3042 2220 τρόπων
3075 2148 3466 2211 ἀπολωλεκότι,
3498 2151 3557 2214 τῇ
3589 2164 3700 2213 σφε-

2157 2244 2270 2312 τὲρ’
2309 2243 2472 2295 αὐτοῦ
2525 2241 2899 2310 καλοκαγαθία
2946 2241 3110 2294 πάλιν
3155 2241 3400 2310 ὑπῆρξεν
3447 2240 3700 2293 ἀνασώσα-

2160 2333 2307 2387 σθαι·
2335 2336 2429 2386 καὶ
2457 2333 2768 2385 τελευταῖον
2795 2331 2902 2384 ἀπὸ
2937 2333 3143 2402 μικρᾶς
3181 2347 3334 2392 τινος
3365 2330 3457 2382 καὶ
3479 2329 3699 2392 εὐτελοῦς

2160 2424 2336 2494 ἀρχῆς
2375 2424 2467 2475 ἐπὶ
2525 2425 2707 2475 πᾶσαν
2749 2423 2848 2490 τῆς
2893 2423 3132 2491 ἑσπέρας
3166 2422 3373 2490 ἀνῆγον
3402 2423 3494 2489 τὴν
3523 2425 3698 2490 ἠγεμοο

2159 2518 2298 2572 νίαν.
2353 2516 2426 2568 Σὺ
2461 2515 2529 2578 δ’,
2561 2517 2700 2568 ἀντὶι
2735 2517 2949 2584 πάντων
2988 2514 3194 2566 τούτων
3244 2514 3549 2584 θαυμασίαν
3599 2512 3700 2565 τινὰ

2158 2610 2254 2661 καὶ
2291 2608 2524 2674 μάλιστα
2576 2610 2658 2659 σοὶ
2707 2607 3090 2676 προσήκουσαν
3121 2605 3406 2668 ἀπεδίδους
3441 2607 3533 2674 τὴν
3572 2606 3700 2657 ἀντι-

2163 2699 2404 2768 μισθίαν.
2438 2699 2566 2750 Δέον
2599 2697 2711 2766 γὰρ
2753 2697 2934 2766 ἔργοις
2981 2713 3039 2748 τε
3081 2699 3176 2751 καὶ
3213 2697 3396 2764 λόγοις
3439 2697 3700 2767 εὐεργέτην

2160 2789 2577 2860 ἀναγράφεσθαι
2649 2791 2741 2842 καὶ
2811 2790 3030 2858 σωτῆρα
3085 2791 3182 2842 καὶ
3249 2791 3554 2859 κηδεμόνα,
3609 2790 3700 2838 πᾶν

2171 2883 2380 2944 ἐποίεις
2412 2880 2745 2934 τούναντίονο
2778 2880 2852 2942 ὡς
2880 2882 2972 2932 ἐπὶ
3004 2881 3269 2950 πολέμιον
3311 2885 3404 2934 καὶ
3431 2881 3587 2934 πολλὰ
3609 2879 3700 2931 δει-

479 2963 669 3031 ligens,
715 2976 827 3030 quo
880 2960 1226 3014 miseriarum
1283 2968 1371 3012 tua
1403 2968 1455 3013 te
1504 2956 1742 3012 amentia
1789 2957 2054 3026 adegerit,

2162 2976 2226 3027 νὰ
2260 2973 2619 3044 εἰργασμένον
2672 2973 3256 3042 παρασκευαζόμενος,
3312 2974 3409 3026 καὶ
3436 2989 3700 3040 προσεται-

479 3070 600 3122 qna:
629 3054 745 3108 sola
779 3053 842 3108 ad
878 3051 1165 3107 levandam
1196 3060 1518 3121 praesentem
1547 3047 1909 3103 calamitatem
1947 3049 2060 3102 suf-

478 3150 691 3203 l‘cctura
729 3144 1013 3215 judicasti,
1043 3144 1160 3199 haec
1207 3151 1264 3198 ut
1293 3141 1531 3202 diceres.
1567 3141 1862 3195 meditatus
1893 3141 2060 3195 adve-

481 3238 631 3292 nisti.
663 3235 826 3304 Atqui
858 3250 958 3304 ego
991 3233 1128 3288 nihil
1163 3241 1214 3287 te
1247 3231 1455 3296 celans,
1483 3245 1595 3300 quo
1625 3239 1727 3286 sim
1759 3231 1812 3283 in
1846 3239 1896 3284 te
1934 3231 2058 3284 ani-

486 3344 595 3391 mo,
637 3335 691 3379 et
726 3325 857 3394 quid
891 3324 1248 3388 decreverim,
1289 3324 1610 3378 enuntiabo.
1653 3324 1841 3393 Neque
1873 3324 1947 3378 ita
1981 3325 2060 3379 af-

465 3409 660 3474 l‘netus
712 3433 856 3482 sum,
912 3426 971 3472 ut
1026 3416 1325 3486 aliquando
1377 3425 1430 3471 te
1481 3415 1536 3468 in
1575 3415 1784 3470 amicos
1829 3417 2056 3481 referre,

481 3523 884 3581 tuaque'causa
922 3508 1052 3579 quid
1103 3509 1170 3563 de
1216 3506 1408 3563 ciliciis
1455 3508 1756 3562 amantium
1798 3519 2060 3576 praestare

478 3607 732 3674 cegitrm,
782 3619 960 3673 neque
1005 3601 1180 3658 hostis
1226 3601 1348 3656 loco
1379 3611 1433 3655 te
1478 3601 1702 3666 habere,
1741 3612 2058 3671 quantaque

480 3697 688 3764 possim
736 3697 1062 3750 detrimenta
1100 3694 1195 3748 tibi
1234 3694 1523 3765 injungere
1558 3693 1743 3749 velim.
1795 3693 1900 3748 Sed
1931 3709 2057 3748 cum

483 3801 534 3842 Ie
577 3789 627 3841 in
651 3787 864 3858 judicio
895 3787 1120 3852 stiteris,
1161 3795 1216 3841 et
1247 3787 1313 3841 ad
1359 3787 1540 3854 capita
1571 3785 1936 3839 accusationis
1973 3802 2060 3839 re-

485 3881 798 3948 sponderis,
831 3894 930 3948 ego
958 3878 1179 3946 longum
1212 3875 1404 3931 silebo.
1441 3873 1508 3928 Et
1537 3875 1580 3926 si
1612 3873 1833 3942 quidem
1869 3874 2061 3926 confu-

489 3971 617 4024 tatis
667 3968 1081 4022 aecusatoribus
1129 3965 1466 4028 absolveris,
1526 3962 1763 4032 placebit
1813 3963 1867 4016 id
1925 3963 2056 4017 mihi

480 4078 738 4131 quoque:
778 4075 880 4115 nec
915 4059 1019 4112 tibi
1065 4059 1154 4128 jus
1184 4067 1348 4109 tuum
1397 4055 1596 4122 adepto
1629 4053 1906 4108 invidebo.
1963 4054 2058 4108 Sin

481 4156 654 4208 multo
701 4151 1037 4206 adversariis
1083 4148 1328 4212 inferior,
1379 4161 1542 4201 causa
1595 4145 1866 4200 cecidisse
1907 4147 2058 4201 vide-

481 4244 610 4298 bere
647 4261 661 4297 :
693 4252 747 4296 et
781 4251 875 4295 aut
906 4239 1196 4310 :_imperitia
1224 4237 1462 4301 dieendi,
1505 4245 1599 4290 aut
1645 4237 1932 4306 iniquitate
1968 4254 2060 4292 ea-

2165 3059 2450 3129 ριζόμενος
2480 3059 2739 3123 πολλοὺς,
2775 3057 2850 3120 ὡς
2892 3057 2958 3110 ἂν
3008 3061 3056 3111 εί
3093 3059 3418 3129 βουληθείην
3451 3058 3627 3126 ὥσπερ
3649 3055 3702 3123 δή

2162 3152 2256 3204 καὶ
2283 3151 2548 3222 πρότερον
2589 3151 2795 3204 ἀδικεῖν
2827 3151 2922 3204 καὶ
2961 3151 3146 3213 κακῶς
3183 3153 3385 3216 ποιεῖν,
3427 3151 3576 3212 αὐτὸς
3607 3150 3704 3215 air;

2160 3243 2385 3308 δυνατὸς
2436 3243 2747 3314 ἀμύνεσθαι
2777 3246 2843 3313 τῇ
2878 3244 3488 3315 προπαρεσκευασμένη
3518 3241 3705 3311 χρώμεο

2161 3357 2247 3400 νος
2269 3342 2519 3411 δυνάμει.
2559 3341 2650 3405 Ἐξ
2671 3336 2768 3403 ὧν,
2791 3341 2982 3410 ὥσπερ
3013 3340 3168 3394 αὐτοὶ
3195 3340 3450 3408 λέγουσιν
3481 3341 3526 3392 oi
3560 3353 3706 3404 κατηο

2159 3433 2473 3504 γοροῦντες.
2515 3434 2596 3497 είς
2633 3433 2812 3503 πολλῷ
2858 3432 3241 3504 χαλεπώτερον
3277 3433 3374 3486 καὶ
3423 3433 3592 3501 χεῖρον
3627 3429 3704 3498 βά-

2163 3524 2359 3594 ραθρον
2392 3522 2894 3593 κατεκρημνίσθηςο
2933 3522 2999 3574 σὺ
3041 3522 3100 3574 δὲ
3141 3523 3242 3592 ήδη
3296 3521 3536 3591 συνορῶν
3556 3521 3600 3571 οξ
3629 3537 3705 3570 κα·

2160 3615 2271 3668 κῶν
2305 3614 2396 3666 ὑπ’
2441 3614 2696 3676 ἁδουλίας
2733 3613 3066 3682 συνηλὰθης,
3093 3611 3128 3665 ἆ
3174 3629 3256 3664 σοι
3302 3612 3448 3676 ἔδοξε
3479 3612 3600 3678 μόνα
3627 3609 3704 3661 δυ-

2159 3702 2298 3755 νατὰ
2364 3703 2500 3771 προς
2559 3701 2660 3772 τήν
2716 3701 3004 3772 παροῦσαν
3061 3702 3317 3770 ἀνάγκην
3362 3701 3704 3770 ἀποχρήσειν,

2160 3793 2343 3846 ταῦτα
2384 3795 2541 3862 ἥκεις
2593 3795 2930 3864 ἐσκεμμένος
2987 3793 3189 3860 λέγειν.
3267 3792 3413 3860 Ἐγὼ
3460 3794 3514 3845 δὲ
3562 3789 3706 3861 μηδὲν

2160 3882 2642 3952 ἀποκρυψάμενος,
2685 3883 2830 3945 ὅπως
2884 3899 2944 3934 τε
2994 3881 3274 3952 διάκειμαι
3338 3884 3472 3952 πρὸς
3514 3883 3588 3945 σὲ,
3629 3879 3706 3933 xui

2159 3965 2514 4041 οἷα“ποιήσω,
2559 3971 2692 4040 ἐρῶ.
2726 3969 2858 4025 Οὕθ*
2891 3970 3066 4031 οὕτως
3112 3971 3221 4040 ἔχω
3269 3972 3415 4024 ὥστε
3451 3972 3569 4024 ποτὲ
3611 3970 3706 4026 τοῖς

2161 4063 2338 4134 φίλοις
2367 4081 2426 4117 σε
2469 4065 2789 4117 συντάττειν
2821 4066 2934 4126 τοῖς
2984 4065 3158 4132 ἐμοῖς,
3200 4066 3302 4120 καὶ
3338 4064 3475 4133 ὑπὲρ
3500 4061 3586 4116 σοῦ
3614 4061 3706 4113 τῶν
3767 4109 3776 4120 ,

2162 4155 2546 4225 προσηκόντων
2583 4156 2693 4216 τοῖς
2724 4153 2940 4221 φιλοῦσι
2970 4155 3232 4224 πράττειν
3267 4172 3347 4218 τι,
3391 4155 3508 4208 οὗθ’
3531 4155 3600 4214 ὠς
3627 4168 3706 4202 πο·

2161 4247 2332 4316 λεμίφ
2375 4246 2612 4317 χρῆσθαι
2671 4245 2923 4314 βλάπτων
2963 4249 3065 4299 ὃσα
3104 4247 3336 4299 δυνατά·
3371 4247 3484 4300 ἀλλ’
3518 4247 3601 4298 ἐπὶ
3622 4245 3705 4311 τῆς

482 4337 911 4393 lumniatorum.
958 4342 1054 4387 aut
1108 4332 1218 4386 alio
1275 4329 1513 4400 quodam
1566 4330 1729 4385 modo
1772 4331 1903 4400 jure
1960 4340 2052 4384 tuo

2161 4335 2316 4404 δίκης
2350 4336 2666 4404 γενομένου,
2707 4337 2800 4388 καὶ
2829 4336 2971 4404 ὑπὲρ
2997 4328 3070 4387 ὧν
3095 4340 3388 4405 κατηγορῇ
3412 4337 3508 4400 τὰς
3540 4334 3708 4387 ἁπολο·

478 4429 728 4483 excidere
755 4425 1068 4497 contigerit,
1107 4421 1472 4494 patrocinium
1505 4423 1580 4476 tui
1619 4422 1893 4492 perlibens
1925 4424 2060 4476 arri-

480 4524 646 4590 piam,
676 4529 731 4574 et
761 4520 956 4590 injusta
991 4527 1043 4571 te
1079 4516 1228 4570 feriri
1267 4516 1536 4570 sententia
1572 4531 1679 4569 non
1711 4516 1886 4569 sinam
1915 4531 1930 4568 :
1967 4530 2060 4568 nec

477 4626 583 4676 qne
634 4610 686 4663 id
728 4609 826 4662 tibi
881 4607 1075 4676 magis,
1110 4622 1273 4677 quam
1328 4606 1573 4675 aequitati
1623 4605 1784 4660 dabo.
1818 4604 1910 4660 Sin
1939 4608 2061 4676 jure

477 4699 848 4762 damnaberis,
883 4698 1086 4752 nullam
1116 4713 1146 4751 a
1176 4712 1260 4752 me
1291 4696 1662 4750 defensionem
1689 4696 2057 4764 exspectabis.

479 4792 553 4844 lix
581 4804 692 4858 quo
719 4788 866 4842 enim
893 4797 950 4842 tu
980 4787 1276 4842 amicitiam
1311 4801 1483 4839 meam
1510 4785 1814 4855 projecisti,
1844 4785 2059 4841 hostes-

476 4899 581 4951 que
612 4880 817 4935 imitari
851 4879 1114 4943 maluisti,
1149 4894 1213 4932 ex
1245 4893 1310 4932 eo
1341 4892 1442 4947 ego
1474 4892 1695 4946 quoque
1729 4886 1780 4929 te
1821 4876 2057 4931 amicum

476 4989 771 5045 agnoscere
803 4974 962 5037 desii,
992 4983 1047 5027 et
1081 4983 1236 5027 vetus
1275 4971 1548 5042 quoddam
1586 4969 1720 5027 vita:
1744 4969 2056 5024 institutum

475 5067 608 5120 mihi
643 5065 982 5126 custodiens,
1018 5072 1074 5116 ut
1111 5063 1317 5116 nemini
1361 5061 1573 5116 scilicet
1621 5059 1878 5112 inimicus
1927 5060 2055 5124 sim,

475 5173 651 5225 neque
686 5157 782 5210 tibi
811 5158 1078 5211 hactenus
1109 5155 1207 5213 fui~
1241 5169 1418 5222 neque
1452 5153 1504 5206 in
1539 5161 1816 5220 posterum
1847 5165 1977 5215 ero;
2008 5160 2062 5204 et

478 5249 754 5316 quomodo
799 5248 986 5317 inique
1029 5247 1241 5309 laesum,
1277 5255 1335 5298 ut
1366 5244 1616 5313 promisi,
1649 5258 1756 5296 non
1785 5242 2059 5304 deseram,

478 5342 556 5392 sic
607 5340 796 5408 inique
852 5337 1138 5392 laedentem
1185 5334 1504 5388 discrimine
1551 5333 1696 5386 haud
1751 5333 2058 5400 eXpediam.

478 5429 640 5497 272
667 5409 834 5498 lgittir
860 5444 984 5482 eum
1014 5426 1324 5496 prudentia,
1349 5433 1403 5478 et
1429 5439 1611 5478 rerum
1661 5423 2060 5492 verborumque

478 5520 868 5572 exercitatiooe
920 5525 1121 5580 valeas,
1166 5515 1627 5585 quemadmodum
1672 5514 1772 5567 tibi
1816 5514 2059 5575 videtur,

483 5609 565 5664 sic
595 5625 712 5680 age.
747 5609 1106 5680 Syrgianuem
1141 5609 1286 5664 illico
1316 5624 1421 5662 non
1448 5617 1643 5678 parum
1687 5605 1802 5659 haec
1834 5612 2058 5658 contur-

2161 4427 2287 4494 γίας
2323 4429 2672 4494 ποιουμένου,
2719 4426 2884 4488 αὐτὸς
2919 4427 3135 4494 μακρὰν
3171 4426 3465 4495 ἐξασκήσω
3498 4425 3704 4492 σιωπὴν.

2160 4519 2534 4588 φθεγγόμενος
2560 4518 2748 4588 μηδὲν·
2787 4517 2891 4569 κᾶν
2924 4517 3025 4585 μὲν
3055 4517 3164 4568 τῶν
3204 4519 3528 4586 κατηγόρων
3572 4532 3704 4583 περι-

2160 4611 2292 4679 γένῃ
2329 4612 2423 4664 καὶ
2453 4611 2552 4680 τὴν
2581 4610 2742 4678 δίκην
2771 4607 3067 4678 διαφύγῃς,
3097 4609 3372 4676 ἀγαπήσω
3417 4609 3508 4660 καὶ
3544 4606 3703 4663 nisi.)

2163 4702 2258 4754 καὶ
2311 4701 2373 4754 οὐ
2416 4701 2668 4771 φθονήσω
2696 4701 2915 4770 τυχόντι
2943 4699 3052 4751 τῶν
3085 4698 3334 4752 δικαίων·
3375 4699 3441 4750 ἂν
3479 4697 3522 4751 δ’
3551 4697 3706 4764 fr:th

2161 4793 2331 4863 φαίνῃ
2359 4793 2510 4861 παρὰ
2548 4792 2684 4844 πολὺ
2717 4793 2814 4844 καὶ
2843 4789 3046 4860 ἁλίσκῃ
3079 4790 3302 4854 ἀδικῶν,
3345 4789 3412 4843 ἂν
3454 4789 3548 4858 μὲν
3571 4787 3704 4837 ἀπει-

2164 4882 2258 4952 ρίᾳ
2293 4882 2464 4948 λόγων
2497 4881 2530 4948 ἢ
2567 4880 2752 4951 ἀδικίᾳ
2799 4879 2907 4932 τῶν
2959 4879 3334 4946 συκοφαντῶν,
3368 4879 3399 4948 ή
3434 4879 3609 4946 τρόπῳ
3649 4872 3702 4939 δή

2161 4990 2267 5026 τινι
2320 4973 2491 5042 ἑτέρῳ
2544 4971 2970 5036 ἀποστερεῖσθαι
3029 4970 3274 5039 συμϐαίη
3324 4970 3433 5022 τῶν
3485 4964 3701 5023 δικαίων,

2162 5064 2541 5132 προστήσομαι
2593 5061 2912 5131 προθύμως,
2965 5063 3062 5115 καὶ
3089 5061 3148 5113 οὐ
3180 5059 3510 5129 περιόψομαι
3541 5056 3702 5110 ἄδικον

2160 5153 2343 5224 ψῆφον
2366 5153 2678 5222 ἐνεχθεῖσαν
2707 5153 2848 5206 κατά
2875 5151 2992 5217 σοῦ,
3020 5153 3078 5204 οὺ
3102 5151 3196 5203 σοῦ
3226 5168 3288 5218 γε
3315 5152 3479 5204 ἕνεκα
3505 5146 3700 5219 μᾶλλον,

2161 5243 2194 5313 ἢ
2229 5243 2400 5296 αὑτοῦ
2439 5241 2671 5294 δικαίου·
2712 5241 2779 5294 ἂν
2822 5241 2879 5294 δὲ
2929 5239 3103 5311 προσῇ
3136 5242 3196 5293 τὸ
3228 5241 3450 5302 δικαίως
3488 5243 3547 5308 τῇ
3579 5234 3700 5291 κατὰ

2167 5332 2261 5386 σοῦ
2309 5331 2621 5402 ἐξαγομένη
2652 5330 2853 5400 ψήφῳ,
2902 5331 3174 5400 μηδεμίαν
3205 5331 3516 5403 ἐπικουρίαν
3548 5339 3698 5397 προσ-

2161 5419 2292 5472 δόκα
2325 5419 2456 5486 παρ’
2498 5418 2654 5487 ἐμοῦ.
2709 5418 2801 5482 Ἐξ
2845 5421 2968 5471 ὅτου
3003 5418 3134 5489 ςγάρ
3169 5419 3331 5482 αὐτὸς
3368 5419 3570 5472 ἀπώσω
3615 5414 3698 5474 τὴν

2165 5510 2349 5578 φιλίαν
2400 5509 2499 5579 τὴν
2548 5510 2690 5578 ιμήν
2714 5549 2729 5575 ,
2776 5511 2871 5564 καὶ
2914 5510 3178 5578 πολεμίου
3210 5511 3348 5580 ἔργα
3378 5510 3520 5561 εἵλου
3551 5515 3699 5576 πρατ-

2162 5619 2306 5668 τειν,
2364 5603 2460 5656 καὶ
2517 5602 2682 5664 αὐτὸς
2743 5600 2836 5654 τοῦ
2883 5601 3124 5670 νομίζειν
3179 5604 3330 5670 φίλον
3377 5600 3690 5666 ἀπεσχόςιιμ·
