4010 6190
308 329 407 393 διε

1502 330 2034 390 HlSTORlARU-M
2080 329 2304 390 LIBER
2347 328 2427 389 Ιῐ.

3455 323 3565 389 566

309 445 492 506 γ;ῖτο·
549 440 724 494 ἐδόκει
781 441 840 496 δὲ
892 442 1046 496 οὐδὲν
1106 442 1408 512 προφέρειν
1466 418 1709 513 ίσχυρὺν,
1768 439 1883 494 ἀλλ’

2006 439 2273 496 ῑιΙίοιιάυιη
2328 443 2563 506 censuit,
2599 456 2798 512 rogans
2834 439 3244 510 imperatorem,
3274 437 3379 494 sibi
3413 437 3558 492 diem

311 534 582 586 ἐπλανᾶτο
619 535 747 604 περὶ
773 535 871 597 τὰς
913 535 1241 599 ἀποδείξεις,
1278 537 1374 589 καὶ
1409 535 1674 597 ἀδύνατος
1708 534 1885 587 ἐδόκει

312 620 474 678 εἶναι.
508 626 775 688 Βασιλεὺς
809 628 908 696 μὲν
941 624 1032 680 οὖν
1073 629 1166 680 καὶ
1204 627 1254 680 oi
1296 626 1443 680 ἄλλοι
1480 628 1747 698 παρόντες
1777 627 1886 679 τῶν

316 718 702 786 συγκλητικῶν
729 720 1051 782 ἐϐασάνιζόν
1093 737 1152 772 τε
1188 719 1256 772 τὰ
1283 718 1552 788 λεγόμενα
1601 718 1730 786 παρ’
1759 719 1889 770 ἐκα-

315 810 512 876 τέρων,
545 812 637 862 καὶ
669 812 968 880 ἐπειρῶντο
1007 813 1116 865 ἀπὸ
1150 815 1248 882 τῆς
1287 813 1637 880 συζητήσεως
1677 811 1886 881 τάληθῆ

317 901 648 970 ἀνερευνᾷν·
689 902 718 952 ό
756 903 929 970 μέγας
988 903 1309 970 δομέστικος
1370 902 1670 971 ἐφθέγγετο
1697 902 1883 956 οὐδέν·

317 992 453 1042 ἀλλὰ
499 992 742 1059 καθῆστο
803 995 963 1062 μόνον
993 995 1346 1064 ἀκροώμενος
1401 994 1510 1048 τῶν
1555 993 1886 1064 λεγομένων.

319 1084 448 1150 Τρὶς
478 1083 535 1136 δὲ
573 1085 666 1136 καὶ
699 1085 960 1154 τετράκις
987 1086 1284 1154 γενομένου
1323 1085 1586 1155 συλλόγου
1625 1089 1752 1155 περὶ
1781 1085 1889 1138 τῶν

321 1175 523 1240 αὐτῶν,
559 1175 684 1228 ἐπεὶ
722 1178 749 1229 ό
780 1177 1123 1248 Συργιάννης
1160 1176 1406 1246 συνεώρα
1433 1179 1531 1245 τὴν
1569 1177 1724 1244 νίκην
1755 1178 1891 1248 πρὸς

322 1265 748 1334 Τζαμπλάκωνα
779 1268 1090 1340 χωροῦσαν,
1123 1269 1296 1322 ἐδόκει
1323 1270 1433 1322 δεῖν
1462 1267 1893 1338 διακρούσασθαι

322 1358 416 1423 τὴν
440 1357 617 1424 δίκην,
641 1359 736 1410 καὶ
759 1359 932 1412 ἐδεῖτο
960 1359 1228 1428 βασιλέως
1259 1359 1606 1430 προθεσμίαν
1635 1359 1784 1427 αὐτῷ
1810 1359 1891 1411 ἔτι

325 1451 630 1517 παρασχεῖν
657 1449 748 1500 ἐπὶ
779 1448 857 1518 τῷ
887 1451 1177 1520 μάρτυρας
1216 1450 1440 1521 ἑτέρους
1466 1451 1699 1518 ἀγαγεῖν
1727 1450 1777 1502 οῖ
1804 1449 1895 1502 δυ-

327 1544 582 1606 νήσονται
621 1540 772 1608 αὐτῷ
827 1541 1165 1612 συνάρασθαι
1205 1541 1343 1612 πρὸς
1368 1542 1428 1594 τὸ
1474 1542 1762 1610 διαφυγεῖν
1795 1543 1894 1610 τὴν

327 1631 652 1700 καταδίκην.
681 1632 945 1695 Βασιλεὺς
972 1633 1028 1684 δὲ
1067 1633 1375 1703 παρέσχετο
1415 1633 1715 1702 προθύμως
1742 1635 1834 1686 καὶ
1865 1637 1894 1688 ὅ

327 1740 378 1774 τι
410 1722 476 1775 ἂν
505 1724 697 1794 ἕτερον
720 1725 903 1793 δοκοίη
936 1724 1234 1794 δυνάμενον
1263 1724 1411 1792 αύτῷ
1432 1724 1754 1793 ἐπικουρίαν
1784 1742 1889 1778 παπ

1990 532 2306 600 praetiniret,
2353 533 2422 587 ad
2474 548 2636 604 quem
2689 533 2825 588 alios
2862 541 3032 588 testes
3057 540 3380 602 apponeret,
3421 543 3562 599 quoe

1991 639 2110 676 rum
2161 639 2329 694 opera
2362 626 2774 682 damnationem
2802 624 3071 697 eﬁ‘ugeret
3101 641 3114 679 :
3143 623 3290 693 quod
3328 622 3564 691 impera-

1989 724 2075 768 tor
2101 725 2353 785 prompte
2382 716 2514 770 fecit
2535 756 2550 780 ,
2585 717 2812 772 hortans
2836 716 3082 785 insuper,
3111 723 3169 769 ut
3196 714 3240 768 si
3265 712 3394 783 quid
3423 727 3560 780 prae-

1991 816 2136 862 terea
2181 817 2400 877 putaret
2452 809 2656 862 auxilio
2697 823 2816 863 esse
2859 822 3038 875 posse,
3078 807 3149 859 .id
3179 804 3282 859 sibi
3324 785 3556 873 prepez'e

1989 910 2228 970 pararet.
2257 899 2548 970 Zamplaco
2578 900 2826 971 judicum
2854 899 3016 953 [idem
3045 897 3360 966 implorare.
3391 906 3444 950 et
3482 893 3564 946 in-

1990 995 2212 1063 dignum
2274 993 2494 1057 ducere,
2553 993 2598 1047 si
2647 991 2979 1063 Syrgianues
3028 988 3248 1043 testium
3297 994 3562 1056 prmtextu

1990 1085 2246 1138 evaderet
2271 1121 2286 1146 ,
2331 1097 2396 1137 ac
2417 1082 2686 1152 supplicio
2703 1083 2827 1152 jure
2853 1078 3151 1149 inﬂigendo
3174 1093 3232 1132 se
3258 1077 3523 1132 eximeret
3547 1091 3562 1138 ;

1993 1190 2116 1228 nam
2167 1174 2313 1228 diem
2360 1175 2724 1243 praestitutum
2774 1172 2912 1227 nihil
2943 1172 2994 1226 ei
3033 1169 3334 1246 adiumenti
3370 1167 3566 1221 allatu-

1992 1282 2149 1328 rum;
2209 1274 2374 1320 testes
2424 1265 2570 1319 enim
2617 1277 2796 1332 neque
2845 1263 3051 1332 plures,
3085 1274 3264 1327 neque
3303 1255 3566 1310 meliores

1992 1356 2310 1410 habiturum
2363 1355 2452 1418 iis.
2487 1370 2626 1425 quos
2681 1353 3096 1408 introduxisset.
3139 1348 3345 1405 Orabat
3394 1345 3565 1417 igitur

1996 1451 2385 1519 imperatorem
2415 1487 2430 1512 ,
2475 1447 2579 1500 nisi
2616 1444 2918 1515 plurimum
2952 1439 3238 1512 Syrgianni
3269 1436 3565 1507 gratiﬁcari

1994 1541 2179 1605 vellet,
2219 1541 2294 1592 uti
2343 1547 2635 1606 utrumque
2677 1535 2730 1588 in
2778 1533 3084 1589 custodiam
3136 1529 3403 1598 tantisper
3437 1526 3566 1580 mit-

1995 1640 2160 1695 teret,
2216 1631 2346 1685 dum
2405 1638 2570 1684 testes
2619 1627 2964 1682 advenirent.
3013 1624 3349 1692 imperatore
3406 1618 3568 1672 Zam-

1997 1722 2244 1791 plac0nis
2281 1719 2602 1790 petitionem
2636 1731 2735 1787 pro
2760 1717 2905 1787 justa
2933 1719 3286 1782 agnoscente,
3308 1709 3569 1780 Syrgian-

251 1890 255 1892 _
335 1817 552 1884 ρασχεῖν
581 1782 702 1871 τινα
746 1782 916 1887 μηδὲν
963 1782 1400 1887 ἀναδαλλόμενον
1435 1782 1698 1878 κελεύσας
1729 1819 1898 1870 ἐκπο-

2006 1829 2101 1867 nes
2157 1811 2420 1876 occurrit,
2477 1823 2586 1862 non
2639 1823 2759 1862 esse
2807 1820 3045 1875 aequum,
3097 1802 3297 1856 frustra
3340 1814 3406 1854 ac
3449 1798 3569 1854 sine

335 1908 502 1977 ρ⁵ξειν
540 1908 739 1975 ἑαυτῷ.
781 1907 1171 1980 Τξαμπλάκων
1203 1910 1259 1961 δὲ
1302 1907 1540 1962 κατεϐόα
1592 1907 1684 1960 τοῦ
1741 1908 1894 1962 δικα-

332 1998 551 2062 στηρίου
601 1999 696 2051 καὶ
727 1999 876 2052 δεινὰ
934 2003 1189 2068 ἐποιεῖτο,
1217 2004 1262 2055 εἰ
1298 2005 1570 2075 προφάσει
1614 1992 1896 2078 χρώμενος

329 2093 434 2150 τοῖς
467 2091 706 2159 μάρτυσι
755 2092 1093 2163 Συργιάννης
1129 2095 1386 2165 διαφύγοι
1416 2097 1514 2168 τὴν
1566 2099 1658 2151 ἐπὶ
1709 2103 1773 2170 τῇ
1813 2100 1897 2154 δίο

328 2199 398 2250 κῃ
459 2183 730 2254 τιμωρίαν
775 2184 1018 2254 διαδράς.
1082 2186 1158 2239 Οὐ
1192 2188 1297 2256 γὰρ
1361 2187 1490 2241 ἄλλο
1518 2205 1572 2241 τι
1632 2189 1896 2244 δύνασθαι

328 2273 478 2342 αὐτῷ
508 2274 609 2344 τὴν
657 2275 1002 2346 προθεσμίαν
1028 2293 1042 2307 ο
1095 2278 1382 2348 μάρτυρας
1426 2280 1536 2350 γὰρ
1582 2281 1736 2354 αὐτῷ
1772 2280 1896 2336 οὕτε

333 2366 552 2428 πλείους
607 2369 730 2421 οὗτε
790 2367 1035 2442 βελτίους
1091 2366 1230 2423 εῖναι
1261 2370 1369 2423 τῶν
1421 2376 1897 2443 παρηνεγμενων·

333 2457 498 2511 ἐδεῖτό
529 2475 586 2511 τε
625 2459 911 2528 βασιλέως,
957 2461 1006 2512 εί
1036 2461 1110 2532 μὴ
1138 2462 1367 2516 πλεῖστα
1400 2462 1643 2532 βούλοιτο
1673 2465 1899 2536 χαρίζε-

335 2551 452 2601 σθαι
502 2548 834 2622 Συργιάννῃ.
888 2552 1252 2625 δεσμωτηρίῳ
1284 2556 1635 2627 ἀμφοτέρους
1690 2559 1899 2628 ὲμὸλη-

339 2638 522 2700 θέντας
548 2644 904 2712 φρουρεῖσθαι
944 2648 1042 2715 τὴν
1072 2645 1258 2714 ἄφιξιν
1280 2647 1391 2701 τῶν
1420 2650 1716 2719 μαρτύρων
1746 2667 1900 2719 περι·-

342 2731 618 2798 μένοντας.
654 2734 849 2787 Δίκαια
880 2735 937 2788 δὲ
968 2737 1269 2804 φάσκοντος
1293 2739 1558 2808 βασιλέως
1597 2742 1688 2795 τὸν
1713 2741 1900 2812 Τζαμ·

341 2825 595 2878 πλάκωνα
617 2825 823 2890 ἀξιοῦν,
859 2827 1002 2880 Ἀλλ’
1024 2829 1083 2880 οὗ
1108 2829 1290 2894 καλὸν,
1315 2827 1464 2884 εἶπεν
1484 2832 1512 2885 ό
1537 2833 1896 2904 Συργιάννης,

341 2918 454 2984 εἰκῆ
490 2911 588 2970 καλ⁴
647 2918 823 2988 μάτην
859 2919 1215 2990 εῑργομένους
1255 2923 1744 2996 ταλαιπωρεῖσθαι,
1781 2927 1899 2992 ἐξὸν

343 3010 612 3080 ἐγγυητάς
640 3011 1096 3082 παρασχομένους
1123 3015 1464 3087 ἀμφοτέρους
1491 3018 1584 3072 τοῦ
1636 3019 1715 3090 μὴ
1767 3021 1901 3073 ἀπο-

2003 1920 2165 1960 causa
2208 1917 2425 1958 carcere
2455 1899 2726 1964 alllietari,
2751 1914 2874 1953 cum
2907 1896 2976 1950 ab
3007 1905 3243 1963 utroque
3273 1903 3570 1962 sponsores

2003 1997 2220 2066 exigere
2272 1996 2470 2057 liceat,
2527 2007 2635 2046 non
2690 1989 2982 2066 fugituros,
3011 1985 3104 2040 sed
3161 1981 3384 2038 interim
3423 1978 3570 2036 domi

2004 2089 2310 2159 quieturos.
2356 2085 2460 2142 Ubi
2507 2094 2563 2139 et
2616 2085 2721 2138 hoc
2778 2079 3115 2136 conveniens
3143 2071 3459 2131 securitatis
3488 2071 3572 2141 pi-

2005 2193 2143 2249 gnus
2192 2175 2464 2246 apparuit,
2517 2174 2814 2242 imperator
2870 2170 2996 2230 reis,
3050 2175 3110 2220 ut
3155 2176 3446 2233 sponsores
3480 2159 3574 2214 da-

2006 2247 2150 2330 rent,
2198 2263 2506 2333 imperavit,
2552 2269 2996 2328 conventumque
3049 2252 3279 2310 dimisit.
3307 2247 3573 2306 Postridie

2007 2358 2062 2412 in
2101 2358 2308 2413 aedibus
2341 2353 2518 2426 magni
2549 2349 2836 2407 domestici
2885 2346 3240 2420 Syrgiannes,
3268 2340 3400 2407 Quae
3429 2337 3574 2408 apud

2005 2448 2355 2505 Chalcidicen
2408 2445 2542 2501 mihi
2595 2443 2742 2499 dicta
2779 2450 2947 2506 sunt,
2988 2435 3195 2508 inquit,
3239 2434 3350 2506 jam
3377 2444 3576 2486 evene-

2007 2551 2168 2608 runt;
2215 2555 2334 2612 qua:
2374 2537 2588 2594 tametsi
2627 2536 2780 2607 prius
2804 2532 3034 2596 credita,
3066 2543 3216 2584 nunc
3247 2535 3424 2581 tamen
3457 2537 3577 2578 cer-

2009 2637 2166 2698 tiora,
2227 2639 2416 2702 utpote
2477 2646 2536 2686 re
2598 2628 2716 2698 ipsa
2768 2624 3168 2696 comprobata,
3234 2623 3572 2682 evaserunt;
3684 2633 3688 2637 '

2007 2721 2455 2795 quandoquidem
2509 2721 2562 2775 in
2599 2719 2808 2791 judicio
2849 2715 2985 2771 nihil
3020 2713 3321 2785 quidquam
3353 2725 3451 2780 pro
3485 2723 3574 2763 me
3608 2749 3611 2752 -

2008 2827 2102 2872 aut
2139 2816 2322 2885 egisti,
2378 2821 2474 2868 aut
2513 2813 2730 2868 locutus
2757 2825 2838 2875 es,
2867 2824 2992 2864 cum
3021 2823 3089 2862 ne
3119 2806 3201 2862 sic
3225 2804 3445 2875 quidem
3479 2817 3576 2871 pe-

2010 2908 2200 2964 riculis
2252 2905 2497 2974 undique
2543 2904 2978 2958 circumventum
3025 2897 3282 2952 deserere
3315 2902 3575 2965 Oportue-

2010 2999 2100 3054 rit.
2149 2997 2306 3052 Nunc
2343 3005 2403 3050 ut
2432 3009 2520 3049 me
2549 2993 2671 3064 Opis
2699 3002 2805 3047 tua:
2835 2991 3070 3046 maxime
3101 2996 3350 3059 egentem
3379 3002 3447 3042 ne
3477 2987 3570 3040 ab-

341 3103 530 3171 δρᾶναι
583 3105 901 3176 άναπαύλης
947 3106 1262 3171 ἀπολαύειν,
1311 3083 1450 3164 οἴκοι
1503 3083 1901 3182 διατρίδοντας.
1931 3133 1972 3192 C
2003 3089 2206 3163 Ῐίθίθθν
2254 3088 2352 3144 sed
2420 3087 2608 3159 Priora
2676 3084 2874 3142 demta
2903 3083 3252 3160 ,ίῧηοεθθηεο
3305 3087 3570 3150 quantum

354 3197 437 3250 Ὠς
483 3198 541 3252 δὲ
590 3198 686 3253 καὶ
715 3172 874 3254 τοῦτο
910 3202 1208 3271 ἀσφαλείας
1251 3203 1509 3274 ἐνέχυρον
1543 3172 1692 3270 ἀξιόν
1728 3172 1902 3262 ἐδόκει

2009 3193 2164 3254 potes
2209 3179 2370 3250 275
2423 3194 2509 3234 me
2547 3178 2770 3249 adjuves
2801 3215 2817 3242 ,
2853 3175 3022 3231 etiam
3082 3182 3247 3242 atque
3299 3172 3465 3226 etiam
3528 3179 3579 3222 te

346 3285 496 3354 εῖναι,
538 3290 629 3343 τδν
673 3291 937 3358 σύλλογον
989 3294 1090 3362 μὲν
1139 3294 1384 3348 διέλυσεν
1412 3296 1440 3348 ό
1479 3295 1751 3365 βασιλεὺς,
1779 3301 1906 3365 τοὺς

345 3384 614 3454 ἐγγυητὰς
637 3383 694 3438 δὲ
719 3385 940 3459 ἐκέλευε
959 3385 1225 3457 παρέχειν
1253 3388 1364 3451 τοῖς
1387 3387 1786 3460 δικαζομένοις.
1813 3391 1906 3454 Ἐς

344 3477 435 3546 τὴν
467 3477 764 3546 ὑστεραίαν
789 3477 847 3532 δὲ
869 3480 898 3530 ό
927 3479 1287 3550 Συργιάννης,
1318 3481 1607 3550 γενόμενος
1636 3484 1694 3536 ἐν
1719 3486 1785 3552 τῇ
1810 3484 1904 3537 τοῦ
1992 3536 1994 3539 _

350 3569 580 3636 μεγάλου
613 3568 938 3637 δομεστίκου
959 3569 1132 3639 οίκίᾳ,
1158 3569 1244 3624 Τὰ
1275 3571 1372 3641 μὲν
1397 3573 1454 3624 έν
1479 3573 1545 3641 τῇ
1580 3567 1905 3644 Χαλκιδικῇ,

345 3661 462 3726 ἔφη,
502 3661 770 3730 εἰρημένα
802 3661 937 3728 πρὸς
976 3660 1098 3730 ἐμὲ,
1139 3660 1314 3730 πέρας
1357 3661 1457 3732 ἤδη
1509 3660 1668 3730 ἔσχεν
1695 3679 1708 3692 ·
1743 3662 1778 3716 ἃ
1815 3663 1908 3716 καῖ⁹

349 3752 605 3821 πρότερον
637 3753 1024 3820 πιστευόμενα,
1070 3753 1165 3805 νῦν
1215 3754 1415 3821 μᾶλλον
1449 3753 1482 3824 ἢ
1527 3755 1795 3824 πρότερον
1819 3758 1910 3808 ἐπὶ

345 3842 448 3892 τῶν
477 3840 658 3908 ἔργων
691 3831 884 3910 βῖσαια
917 3843 1114 3912 ἐφάνη.
1163 3844 1304 3912 Πρὸς
1333 3844 1487 3896 οὐδὲν
1523 3845 1630 3914 γὰρ
1680 3848 1772 3897 ἐπὶ
1813 3847 1909 3914 τῆς

344 3931 493 3997 δίκης
522 3932 742 3985 ἐναντία
771 3935 1024 4002 πράττων
1054 3935 1085 4002 ἢ
1130 3933 1497 4004 φθεγγόμενος
1533 3936 1651 4004 ἐμοὶ
1674 3937 1905 4004 ἐφάνης·

344 4023 447 4073 ἔδει
484 4023 541 4075 δὲ
572 4023 695 4092 μηδ’
716 4022 858 4074 οὕτω
888 4023 1206 4076 παντάπασι
1265 4026 1643 4078 κινδυνεύοντα
1674 4025 1914 4097 0160'th-

341 4129 433 4164 τον
475 4114 815 4166 καταλιπεῖν.
870 4114 1010 4168 Νυνὶ⁸
1063 4113 1119 4167 δὲ
1167 4113 1401 4183 μάλιστα
1436 4113 1750 4183 ἀναγκαίως
1787 4116 1912 4168 επις

342 4207 573 4273 κουρίας
633 4205 872 4276 δεομένῳ
927 4207 1002 4276 μὴ
1053 4208 1320 4276 περιιδεῖν
1382 4207 1734 4276 παρακαλῶ,
1795 4208 1916 4262 ἀλλ’

340 4297 435 4347 ἐπὶ
500 4296 616 4374 τοῖς
676 4294 940 4363 πρότερον
993 4294 1405 4364 ἡμαρτημένοις
1430 4294 1762 4366 συγγνώμην
1813 4313 1917 4349 πα-

345 4386 652 4455 ρασχόντα,
721 4385 936 4455 βοηθεῖν
988 4387 1058 4437 τὰ
1119 4386 1341 4439 δυνατά.
1420 4385 1632 4456 ᾙτεῖτό
1689 4402 1749 4440 τε
1820 4388 1916 4454 ἐγ·-

2007 3290 2125 3331 oro.
2163 3272 2542 3329 Contendebat
2574 3286 2703 3326 vero
2743 3277 2802 3324 ut
2831 3283 2930 3340 pro
2962 3281 3021 3322 se
3054 3265 3381 3334 ﬁdejuberet
3407 3263 3583 3317 donec

2006 3360 2184 3417 vocati
2239 3358 2440 3428 quibus
2499 3356 2716 3427 egebat,
2777 3365 2946 3411 testes
2992 3352 3273 3409 adessent.
3322 3348 3583 3406 Promisit

2008 3465 2238 3523 magnus
2282 3447 2622 3505 domesticus
2677 3446 2914 3500 libenter
2964 3445 3242 3500 iacturum
3278 3455 3400 3511 qua:
3431 3448 3584 3510 pete-

2007 3554 2132 3610 ret;
2180 3542 2271 3597 ille
2301 3538 2674 3611 singularibus
2712 3538 2849 3593 actis
2880 3537 3075 3609 gratiis
3105 3534 3379 3592 discessit.
3412 3531 3587 3586 Caete-

2010 3652 2128 3691 rum
2179 3641 2368 3694 noctu,
2423 3630 2745 3700 priusquam
2777 3631 3092 3695 satisdaret,
3125 3625 3387 3698 Byzantio
3417 3638 3581 3692 quam

2009 3731 2188 3801 potuit
2245 3730 2618 3784 occultissime
2682 3725 2929 3782 Galatam
2984 3721 3296 3794 trajiciens,
3351 3727 3471 3772 tuto
3525 3732 3584 3771 se

2009 3820 2316 3876 abscondit.
2368 3819 2469 3874 Ubi
2516 3832 2705 3873 rumor
2749 3815 3045 3884 dissipatus
3088 3819 3194 3874 est,
3224 3809 3582 3880 Syrgiannem

2012 3914 2312 3985 aufugisse.
2357 3914 2618 3969 omnibus
2651 3911 2786 3966 locis
2823 3904 3223 3978 pervestigatis,
3263 3899 3585 3972 inquireba-

2013 4017 2120 4062 tur.
2185 4007 2321 4062 Cum
2377 4006 2610 4077 angulus
2666 4003 2850 4057 nullus
2913 4007 3150 4054 restaret
3207 3995 3299 4050 ubi
3347 3991 3584 4063 amplius

2012 4107 2373 4170 quaareretur,
2422 4107 2576 4152 ratus
2632 4099 2931 4166 imperatur
2983 4089 3364 4161 indagatorum
3412 4085 3584 4156 negli-

2013 4195 2192 4264 gentia
2251 4191 2520 4260 elapsum.
2549 4206 2646 4261 per
2681 4195 2854 4244 semet
2912 4185 3189 4240 hominem
3229 4193 3474 4251 quaerere
3506 4177 3587 4232 in-

2016 4287 2214 4350 stituit,
2244 4284 2604 4353 Galatamque
2625 4295 2750 4336 cum
2785 4277 3051 4334 Romanis
3078 4273 3258 4331 obviis
3284 4271 3582 4342 profectus,

2017 4379 2276 4449 quoniam
2333 4375 2510 4432 Latini
2559 4375 2612 4429 id
2644 4386 2901 4428 recusare
2933 4385 3044 4426 non
3080 4372 3358 4439 poterant,
3396 4363 3587 4418 domos

341 4453 484 4546 γύας
538 4453 839 4547 παρασχεῖν
861 4478 1017 4546 ,ὑπὲρ
1046 4477 1231 4542 αὑτοῦ,
1287 4453 1466 4547 ἄχρις-
1492 4475 1557 4530 ἂν
1590 4477 1810 4548 πέμψας
1841 4453 1905 4533 tiu

2021 4472 2261 4543 singulas
2287 4476 2690 4540 perscrutatum
2726 4465 2898 4520 misit.
2930 4463 3022 4517 Ille
3085 4475 3218 4514 vero
3248 4456 3404 4529 quasi
3435 4453 3562 4510 Orci
3589 4491 3591 4493 ι

340 4574 516 4625 δέοιτο
533 4570 814 4640 μάρτυρας
832 4569 1051 4637 ἀγάγοι.
1091 4569 1592 4639 Ἔπαγγειλαμένου
1627 4570 1683 4624 δὲ
1715 4571 1917 4642 προθύ-

345 4681 468 4734 μως
500 4662 536 4716 ἃ
568 4663 746 4732 ᾐτεῖτο
775 4659 1178 4728 ὲκπληρώσειν,
1218 4661 1428 4714 ἐκεῖθεν
1458 4661 1558 4732 μὲν
1592 4661 1790 4724 πολλὰς
1821 4663 1917 4717 αύ-

342 4755 423 4821 τῷ
490 4752 717 4822 χάριτας
753 4750 1098 4821 ἀνεχώρησεν
1149 4751 1448 4820 ὁμολογῶν.
1493 4752 1917 4823 Ἐπιγενομένης

343 4849 401 4899 δὲ
425 4847 616 4908 νυκτὸς
636 4848 698 4899 ἐκ
724 4843 1023 4908 Βυζαντίου
1052 4843 1126 4906 ώς
1153 4844 1386 4914 μάλιστα
1413 4845 1538 4914 ὲνῆν
1555 4844 1756 4909 λαθὼν,
1789 4846 1917 4915 πρὶν

352 4941 554 5008 ἐγγύας
588 4941 908 5009 παρασχεῖν,
959 4938 1038 4998 είς
1063 4935 1306 4988 Γαλατᾶν
1327 4934 1658 5006 ἐπεραιώθη,
1695 4937 1788 4990 καὶ
1819 4954 1918 4991 κα-

351 5034 617 5102 τέκρυψεν
654 5033 846 5084 ἑαυτὸν
874 5034 932 5084 ὲν
959 5031 1212 5099 ἀσφαλεῖ.
1263 5030 1414 5084 Ἐπεὶ
1451 5029 1512 5082 δὲ
1556 5028 1912 5099 διεθρυλλήθη

352 5123 780 5194 ἀποδεδρακέναι
827 5123 1186 5193 Συργιάννην,
1247 5122 1420 5176 πάντα
1479 5125 1738 5192 χρήματα
1792 5119 1915 5189 ἐξη-

2016 4565 2221 4635 galeam
2270 4563 2533 4617 subiisset
2559 4558 2694 4630 (l9),
2741 4571 3008 4626 nusquam
3045 4551 3450 4609 inveniebatur.
3478 4546 3587 4601 Ta-

2017 4673 2144 4711 men
2195 4653 2394 4709 Galatae
2445 4653 2502 4707 in
2548 4652 2643 4706 vili
2697 4665 2826 4705 casa
2879 4649 3149 4714 latitahat,
3182 4653 3348 4715 atque
3379 4640 3589 4696 idcirco

2018 4748 2094 4802 ibi
2130 4762 2236 4800 non
2271 4755 2356 4800 est
2385 4743 2648 4814 quaesitus
2676 4760 2690 4796 :
2724 4741 2826 4796 etsi
2860 4739 2989 4794 dum
3021 4753 3117 4808 per
3148 4745 3374 4792 caeteras
3397 4730 3590 4785 domos

2017 4841 2397 4908 vestigaretur,
2429 4836 2496 4890 ad
2541 4851 2659 4890 eam
2689 4835 2986 4903 imperator
3013 4830 3272 4885 venisset.
3300 4823 3474 4879 Simul
3503 4829 3587 4875 at-

2021 4948 2127 5001 que
2161 4929 2345 4984 Galata
2378 4929 2695 4984 inventione
2732 4926 2952 4998 penitus
2994 4922 3282 4989 deeperata
3311 4911 3586 4974 discessit.

2022 5024 2350 5096 Syrgiannes
2375 5035 2672 5078 conscensa
2705 5018 2855 5084 navi,
2880 5030 3002 5086 qua:
3029 5013 3290 5068 Euboeam
3317 5004 3585 5067 solvebat,

2021 5134 2086 5173 co
2128 5118 2362 5187 primum
2417 5123 2663 5184 portatus
2703 5121 2787 5168 est
2829 5109 2966 5180 (20).
2991 5106 3126 5163 Dein
3161 5117 3258 5174 per
3287 5099 3492 5154 Locros
3530 5105 3586 5150 et

1600 5254 1809 5316 Jacobi
1844 5254 2112 5315 Pontani
2154 5257 2336 5339 notas.

427 5413 540 5482 (l9)
594 5411 719 5468 Orci
761 5410 912 5482 galea
961 5409 1318 5482 proverbium
1355 5409 1409 5482 in
1452 5424 1551 5464 eos
1593 5409 1683 5482 qui
1715 5415 1923 5482 se‘arte

357 5476 594 5552 quadam
647 5476 979 5552 occultantf
1008 5479 1219 5552 Simile,
1281 5478 1444 5552 Gygis
1491 5476 1726 5532 annulus
1769 5476 1923 5530 Plato

359 5548 452 5607 lib.
485 5570 538 5607 ι.
572 5553 647 5606 De
677 5549 966 5620 republica,
1002 5551 1139 5620 dixit
1176 5548 1393 5620 semper
1426 5548 1656 5620 honesta
1680 5555 1924 5620 propter

355 5637 415 5675 se
437 5622 592 5692 sequi
621 5613 901 5692 oportere,
933 5619 1144 5692 etiamsi
1159 5613 1313 5692 Aquis—
1337 5616 1504 5692 Gygis
1529 5613 1811 5692 arinuln‘m,
1840 5613 1920 5668 vel

361 5685 610 5746 Plutonis
639 5685 865 5744 haberet
893 5689 1123 5759 galeam.
1151 5685 1411 5759 Origenes
1449 5685 1591 5750 libro
1620 5700 1634 5737 ι
1672 5685 1921 5759 adversus

363 5762 569 5816 Celsum
625 5755 935 5814 harrcticum
989 5759 1182 5819 decet,
1240 5755 1406 5827 magis
1464 5758 1816 5815 convenisse,
1865 5763 1921 5805 ut

2024 5402 2276 5458 Christus
2305 5401 2358 5454 in
2382 5399 2674 5471 [Egyptum
2707 5397 2921 5471 fugiens
2934 5391 3284 5471 subduceret
3324 5404 3445 5471 sese
3468 5389 3586 5471 ile—

2025 5472 2179 5526 rodis
2222 5459 2690 5537 insanizej'quam
2721 5459 2902 5537 si'suh
2933 5461 3178 5537 Plutonis
3209 5459 3420 5515 casside
3468 5460 3592 5512 lati-

2028 5551 2171 5603 tans,
2195 5543 2446 5592 eumdem
2476 5532 2776 5591 fefellisset.
2804 5536 2935 5589 Vide
2952 5532 3270 5589 Chiliasten.

2097 5597 2209 5678 (EO)
2243 5606 2512 5678 Gregoras
2541 5619 2570 5678 :A
2593 5604 2717 5678 (fast
2743 5620 2940 5656 annum
2981 5610 3160 5678 autem
3208 5598 3467 5678 supplices
3493 5597 3589 5678 ⁵ίίι-

2027 5669 2168 5733 teres
2196 5669 2259 5731 ea:
2283 5669 2476 5730 Euboea
2503 5676 2571 5728 ad
2601 5675 2970 5741 imperatorem
2991 5672 3151 5733 misit,
3184 5669 3369 5741 quibus
3386 5671 3591 5741 ueniam

2025 5748 2251 5819 petebat,
2301 5754 2348 5802 el
2400 5746 2568 5800 locum
2616 5739 2840 5812 aliquem
2897 5745 2948 5796 in
3003 5739 3245 5796 eth-emis
3277 5739 3590 5793 Maccdeniw
