3992 6202
534 268 636 330 587

1573 235 1598 242 ”
1697 267 2018 333 JOANNIS
2057 263 2600 326 CANTACUZEND
3622 269 3702 334 588

532 385 730 457 gerint,
761 399 922 454 quam
951 385 1097 452 quod
1144 372 1301 454 pauci
1357 385 1609 456 pluribus
1641 398 1802 455 pares
1833 397 1952 436 esse
1991 394 2097 433 non

2206 378 2479 448 συνθήκας
2509 377 2747 454 ἀλρτους
2774 377 2980 447 μένειν,
3008 379 3100 432 καὶ
3132 379 3360 442 πλείονος
3383 379 3527 434 ἕνεκα
3560 383 3702 450 φιλίας

531 476 835 546 potuerint.
884 478 945 530 in
1001 476 1298 548 amissione
1361 487 1540 531 autem
1596 491 1821 531 suorum
1887 473 2098 527 nullum

529 581 652 622 esse
673 567 972 621 discrimen
998 582 1013 632 ;
1052 566 1162 620 imo
1195 567 1344 635 ipsos
1369 567 1558 636 plures
1585 566 1858 619 amisisse.
1899 562 2004 618 Sed
2035 574 2102 614 ne

531 655 709 711 victus
761 654 831 709 ab
884 655 991 710 illis
1039 655 1330 720 habeatur,
1383 656 1527 710 nolle
1581 670 1727 709 nunc
1781 653 2100 708 affinitatem

536 745 910 812 contrahere;
947 761 1134 816 pacem
1164 746 1330 816 286
1359 746 1626 800 duntaxat
1672 755 1727 800 et
1785 745 1963 800 foedus
1992 759 2100 797 non

532 855 824 906 recusare;
877 838 967 893 ubi
1007 839 1230 893 domum
1263 837 1886 907 redierit,legatiouem
1939 849 2105 906 super

533 935 886 991 matrimonio
936 933 1234 988 missurum
1259 971 1274 995 ,
1305 940 1363 987 et
1391 931 1539 1001 quod
1594 932 1702 987 sibi
1759 947 1817 986 re
1854 930 2118 1009 discussa.

530 1023 792 1095 expedire
825 1021 1001 1078 visum
1035 1022 1240 1090 fuerit,
1269 1023 1326 1078 in
1371 1023 1768 1092 tranquillitate
1819 1029 1876 1077 et
1913 1022 2104 1089 requie

530 1118 830 1175 facturum.
887 1117 1082 1174 lbanes
1133 1130 1258 1170 cum
1315 1116 1421 1170 hoc
1473 1128 1738 1183 responso
1795 1112 1863 1168 ad
1921 1127 2103 1182 regem

532 1226 692 1267 suum
727 1222 1002 1272 reversus,
1039 1206 1201 1277 paulo
1249 1215 1374 1275 post
1415 1219 1540 1259 cum
1587 1204 1758 1270 socio,
1805 1204 2104 1260 Alexandri

533 1314 730 1374 patruo
754 1300 1044 1373 Synadeno
1072 1298 1259 1354 rediit.
1281 1298 1457 1367 Caput
1476 1297 1764 1367 legationis
1793 1295 1934 1351 idem
1957 1295 2105 1365 quod

531 1406 683 1459 ante,
713 1392 1206 1459 disserueruntque
1236 1388 1304 1443 de
1340 1389 1604 1443 affinitate
1639 1387 1743 1441 ista
1775 1387 1946 1442 multa
1976 1401 2104 1456 pro-

532 1485 812 1549 babiliter,
847 1482 1051 1555 quibus
1094 1496 1154 1537 se
1202 1482 1587 1550 imperatorem
1639 1479 1875 1536 ﬂexuros
1910 1481 2104 1549 opina-

533 1573 756 1626 bantur.
811 1569 1013 1625 Yerum
1059 1568 1106 1628 is
1143 1568 1324 1623 denuo
1370 1563 1426 1624 in
1473 1569 1719 1624 eamdem
1769 1570 2101 1626 sententiam

2206 472 2299 523 καὶ
2333 469 2643 538 ἀσφαλείας
2671 469 2770 537 τῆς
2803 471 2937 540 πρὸς
2977 472 3077 534 τὰς
3111 471 3332 534 σπονδὰς
3363 472 3452 542 τὴν
3477 471 3705 544 θυγατέρα

2204 561 2304 630 τὴν
2356 559 2520 614 αὑτοῦ
2549 560 2772 631 τῷὐιῷ
2823 562 3035 615 ἐκείνου
3089 563 3466 632 κατεγγυῆσαι.
3498 564 3708 630 Βασιλεὺς

2203 652 2263 706 δὲ
2292 652 2352 704 τὸ
2377 651 2478 722 μὲν
2512 651 2838 705 τελεσθῆναι
2867 653 2966 716 τὰς
2995 653 3363 721 γεγενημένας
3393 654 3595 716 σπονδὰς
3639 658 3710 708 καὶ

2205 743 2357 814 αὐτῷ
2378 741 2518 797 εἶναι
2548 744 2892 814 ἀπεκρίνατο
2912 743 3056 797 κατὰ
3088 743 3333 812 γνώμην,
3357 745 3468 796 ἐπεὶ
3498 746 3580 798 καὶ
3610 750 3712 814 πρό-

2205 853 2383 908 τερον,
2411 837 2473 890 οὐ
2505 837 2646 906 πρὸς
2667 837 2934 906 ἀνάγκην,
2959 836 3096 890 ἀλλά
3124 837 3210 890 διὰ
3225 836 3282 889 τὸ
3308 835 3578 890 λυσιτελεῖν
3591 840 3713 907 νομί-

2212 932 2330 996 ζειν
2379 929 2477 1002 τὴν
2520 929 2752 1000 εἰρήνην
2797 929 3129 999 γεγενῆσθαι
3155 945 3169 959 ο
3203 929 3300 998 τὴν
3339 928 3394 982 δὲ
3448 930 3711 1001 συγγένειαν

2211 1023 2286 1095 μὴ
2340 1021 2634 1094 βούλεσθαι
2657 1038 2671 1054 ι
2714 1022 2867 1086 δόξαι
2899 1021 3008 1092 γὰρ
3049 1021 3115 1074 ἂν
3163 1021 3298 1073 πᾶσι
3333 1018 3398 1071 δι’
3435 1019 3646 1086 ἀνάγκην
3685 1019 3711 1090 ή

2205 1115 2374 1184 φόϐον
2393 1111 2630 1167 τοιαῦτα
2649 1113 2913 1182 πράττειν
2937 1108 3026 1166 οἷα
3049 1112 3114 1183 δὴ
3141 1111 3480 1181 νενικημένον
3503 1111 3593 1164 ὑπὸ
3613 1111 3712 1163 σοῦ·

2207 1209 2389 1264 καίτοι
2421 1204 2487 1258 τδ
2541 1205 2640 1272 μὲν
2679 1207 2956 1275 τραπῆναι
3024 1203 3371 1272 συμὸἐόηκεν
3423 1203 3543 1270 ἡμῖν
3573 1202 3717 1270 μόνοις

2207 1299 2317 1354 ὑπὸ
2348 1297 2626 1350 πλειόνων
2677 1295 3002 1366 βιασθεῖσιν.
3043 1295 3430 1362 ’Δποστερήσει
3466 1292 3517 1345 at
3538 1293 3627 1344 τῶν
3660 1293 3719 1343 ol-

2206 1393 2371 1446 κείων
2425 1389 2579 1443 οὐδὲν
2628 1389 3020 1460 διενηνόχαμεν
3075 1387 3342 1456 ἀλλήλων.
3390 1385 3593 1446 Πλείους
3630 1387 3713 1454 γὰρ

2205 1481 2511 1538 ἀπεὸἀλετε
2534 1483 2692 1553 ὑμεῖς
2706 1498 2721 1513 ·
2744 1482 2895 1551 ὅμως
2915 1481 3079 1534 αὐτοῦ
3101 1495 3164 1545 γε
3203 1477 3365 1532 ἕνεκα
3386 1475 3474 1529 τοῦ
3495 1475 3718 1546 ήσσῆσθαι

2205 1573 2382 1627 δοκεῖν
2405 1574 2575 1642 ἡμᾶς,
2603 1573 2663 1626 οὐ
2691 1572 2951 1641 βούλομαι
2976 1571 3075 1641 τὴν
3096 1567 3411 1638 συγγένειαν
3440 1566 3717 1635 ποιήσασθαι

531 1664 850 1734 respondet,
881 1666 1070 1732 pacem
1147 1661 1370 1732 quidem
1420 1676 1481 1716 se
1528 1661 1826 1732 amplecti,
1873 1676 2102 1731 eamque

2209 1657 2482 1732 ν-υνὶ,’”ὀ.λλ’
2501 1665 2724 1736 εἰρήνην
2748 1664 2908 1734 μόνον
2925 1664 3019 1716 καὶ
3031 1662 3285 1725 σπονδάς
3308 1659 3664 1729 ἀναστρέψαντι
3675 1658 3720 1710 δὲ

532 1755 746 1812 tendere
826 1753 1157 1823 interposito
1229 1752 1684 1808 confirmaturum
1715 1791 1731 1817 ,
1784 1751 2102 1807 afﬁnitatem

2207 1757 2290 1820 είς
2347 1757 2448 1826 τὴν
2497 1755 2706 1809 οἰκείαν
2735 1793 2751 1820 ,
2807 1754 3106 1825 πρεσϐείαν
3161 1752 3291 1824 περὶ
3340 1755 3436 1822 τῆς
3469 1749 3722 1818 ἐπιγαμίας

531 1856 717 1904 autem
747 1862 855 1901 non
887 1845 1051 1900 modo
1076 1883 1093 1909 ,
1144 1843 1240 1898 sed
1271 1859 1395 1898 cum
1437 1843 1541 1898 sibi
1576 1843 1846 1913 placuerit
1902 1844 2102 1914 ingres-

2207 1847 2506 1904 ποιεῖσθαι·
2543 1847 2638 1901 καὶ
2667 1846 3000 1915 σκεψαμένῳ
3029 1846 3058 1898 ὅ
3099 1861 3152 1898 τι
3186 1844 3253 1899 ἂν
3275 1842 3553 1896 λυσιτελεῖν
3575 1840 3722 1908 δοκοίη

531 1942 746 1994 surum.
777 1935 833 1992 Si
869 1936 1038 2006 igitur
1063 1934 1255 1990 eadem
1295 1935 1365 1989 sit
1393 1936 1612 1990 illorum
1644 1935 1920 2001 voluntas,
1951 1950 2104 2005 quaa-

531 2029 766 2085 rendum
798 2028 867 2084 de
893 2026 1112 2098 Scythis
1135 2066 1150 2092 ,
1181 2042 1280 2082 cur
1310 2027 1388 2081 illi
1413 2026 1671 2082 videlicet
1720 2042 1908 2097 pacem
1945 2041 2108 2096 rupe-

529 2121 664 2175 rint.
690 2119 786 2173 Sin
819 2117 924 2173 alia
947 2117 1198 2184 quaedam
1215 2117 1637 2186 cogitent,eant,
1666 2126 1722 2172 et
1751 2131 1810 2172 se
1835 2127 2108 2188 quatenus

523 2210 750 2291 libuerit
780 2217 1122 2278 comparent.
1151 2208 1353 2284 ‘Legati
1389 2216 1450 2262 ut
1481 2208 1868 2277 imperatorem
1903 2208 2040 2262 nihil
2074 2224 2104 2263 a

526 2299 709 2370 primo
762 2298 1116 2354 immutatum
1172 2297 1726 2363 animadverterunt,
1779 2297 2103 2354 afﬁnitatem

526 2391 646 2460 ejus
667 2389 928 2446 dixerunt
951 2403 1133 2460 regem
1160 2389 1412 2458 ipsorum
1439 2397 1701 2458 exoptare
1728 2404 2105 2460 summopere,

527 2482 743 2553 sitique
778 2483 1081 2552 imperasse
1109 2519 1126 2545 .
1182 2490 1246 2536 ut
1296 2481 1350 2534 in
1399 2496 1464 2536 ea
1495 2481 1841 2537 concilianda
1893 2483 2102 2536 nullam

527 2573 872 2646 diligentiam
902 2572 1416 2644 pratermittereut.
1473 2572 1571 2628 Sin
1611 2573 1720 2628 iret
1771 2574 1823 2628 in
1855 2573 1960 2628 alia
1989 2588 2107 2628 om-

527 2667 644 2747 nia,
678 2676 792 2720 tum
825 2665 893 2720 de
947 2679 1012 2720 ea
1041 2679 1354 2719 sermonem
1384 2663 1440 2718 in
1470 2664 1618 2720 aliud
1657 2674 1873 2734 tempus
1900 2679 2105 2734 Oppor-

526 2757 717 2812 tunius
745 2756 1061 2827 rejicerent,
1091 2754 1313 2822 interim
1346 2769 1534 2824 pacem
1564 2754 1771 2810 foedere
1802 2755 2102 2810 sancirent.

2208 1943 2332 1996 καθ’
2361 1940 2596 2011 ἡσυχίαν
2649 1938 2938 2007 πράττειν.
2983 1937 3199 2006 ’ίὸἀνης
3229 1937 3326 2004 μὲν
3353 1929 3442 1987 οὖν
3468 1931 3720 2001 ἑπανῆλθεν

2203 2031 2280 2094 ὡς
2296 2029 2522 2100 βασιλέα
2545 2028 2636 2082 τὸν
2667 2029 2889 2095 οἰκεῖον,
2907 2030 3006 2090 τὰς
3033 2026 3356 2096 ἀποκρίσεις
3374 2024 3462 2077 τοῦ
3485 2021 3725 2091 Ῥωμαίων

2206 2122 2470 2192 βασιλέως
2521 2121 2703 2189 ἄγων
2758 2121 2854 2174 καὶ
2881 2121 3019 2186 μετά
3057 2122 3257 2191 μικρὸν
3295 2117 3552 2188 ἐπανῆλθε
3593 2114 3720 2167 πάλιν

2205 2215 2354 2282 ἄγων
2381 2212 2475 2266 καὶ
2501 2213 2960 2282 συμπρεσϐευτήν
2995 2213 3088 2264 τὸν
3128 2211 3470 2280 Ἀλεξάνδρου
3491 2209 3575 2262 τοῦ
3601 2208 3725 2277 βασι⁸

2205 2306 2342 2368 λέως
2367 2305 2508 2358 θεῖον
2526 2305 2850 2376 Συναδηνὸν,
2867 2307 2932 2358 τὰ
2955 2307 3043 2358 teat
3067 2305 3439 2374 πρεσϐεύοντα
3469 2304 3552 2356 καὶ
3582 2300 3722 2363 αὖθις,

2206 2398 2339 2466 περί
2369 2414 2428 2450 τε
2460 2399 2552 2451 τοῦ
2577 2398 2773 2468 κήδους
2804 2399 2976 2451 πολλὰ
3003 2398 3385 2466 διαλεγόμενοι
3408 2391 3726 2462 suaviora,“

2203 2483 2280 2544 ὧν
2331 2488 2499 2560 ᾧοντο
2531 2489 2625 2543 τὸν
2673 2491 2898 2561 βασιλέα
2945 2491 3167 2543 πεῖσαι·
3207 2492 3237 2543 ό
3267 2489 3510 2558 βασιλεὺς
3550 2487 3600 2540 δὲ
3638 2489 3725 2549 τοῖς

2203 2584 2492 2653 προτέροις
2541 2585 2636 2635 καὶ
2695 2581 2849 2645 αὖθις
2897 2583 3098 2652 ἐχρῆτο
3153 2582 3377 2651 λόγοις,
3423 2583 3514 2635 καὶ
3539 2580 3624 2650 τὴν
3649 2578 3726 2647 μὲν

2205 2678 2429 2748 εἰρήνην
2473 2675 2713 2743 ἔφασκεν
2763 2675 3060 2745 αἱρεῖσθαι,
3115 2677 3216 2729 καὶ
3266 2674 3452 2729 θέσθαι
3487 2671 3725 2744 βούλεσθαι

2208 2773 2336 2842 περὶ
2378 2772 2548 2841 αὑτῆς
2599 2771 2876 2836 σπονδὰς.
2909 2772 3013 2843 τὴν
3071 2773 3403 2841 συγγένειαν
3444 2769 3498 2823 δέ
3539 2770 3593 2821 οὐ
3635 2767 3727 2819 νυνὶ

527 2848 725 2904 Paucis
777 2846 1038 2916 utrinque
1086 2846 1286 2906 dictis.
1331 2861 1421 2900 res
1475 2847 1766 2913 convenit,
1801 2846 2102 2916 eademque

2209 2864 2482 2932 ποιήσειν,
2529 2863 2641 2922 ἀλλ’
2680 2865 2734 2925 ἐς
2769 2861 2999 2934 ὕστερον
3035 2862 3101 2933 ἢν
3141 2863 3297 2932 αὐτῷ
3346 2863 3492 2931 δοκῇ.
3529 2861 3614 2913 Ἂν
3650 2857 3727 2922 μὲν

527 2939 618 2996 die
647 2939 794 2995 inter
824 2952 978 3008 reges
1032 2936 1215 2996 foedus
1254 2937 1619 3008 jurejurando
1671 2938 1905 2993 solemni
1952 2953 2102 2992 more

2205 2955 2296 3008 οὖν
2329 2958 2423 3008 καὶ
2471 2957 2657 3018 αὐτοῖς
2698 2954 2767 3007 τὰ
2795 2953 3030 3008 τοιαῦτα
3079 2955 3226 3008 κατὰ
3258 2954 3480 3023 γνώμην
3505 2946 3556 3023 ᾗ,
3585 2948 3729 3002 διαλέ-

528 3031 829 3094 ﬁrmatum,
881 3041 938 3084 et
970 3028 1173 3102 captivi
1219 3025 1587 3082 Romanorum
1609 3067 1625 3093 ,
1659 3035 1719 3083 ut
1749 3029 1803 3082 in
1831 3028 2102 3084 conditio-

2207 3045 2401 3113 γεσθαι
2441 3045 2570 3116 περὶ
2607 3045 2715 3098 τῶν
2774 3045 3079 3114 συνθηκῶν,
3108 3045 3176 3098 ἃν
3213 3045 3279 3100 δ’
3304 3045 3463 3113 ἕτερά
3490 3059 3598 3095 τινα
3639 3041 3731 3091 δια-

528 3121 693 3177 nibus
725 3133 1042 3190 expressum
1071 3129 1214 3187 erat,
1237 3120 1444 3189 absque
1471 3119 1652 3188 pretio
1679 3118 1913 3175 dimissi.
1942 3119 2096 3175 Diem

2204 3135 2449 3203 νοῶνται,
2509 3135 2845 3197 ἀπελθόντας
2905 3136 3422 3206 παρασκευάζεσθαι
3481 3133 3576 3188 καθ
3631 3133 3730 3185 ὅτι

525 3220 851 3283 sequentem
879 3219 1052 3265 totum
1088 3209 1561 3280 comprendendo,
1595 3218 1652 3265 et
1676 3209 1746 3265 de
1773 3225 1952 3280 pugna
1987 3211 2100 3280 pri-

2204 3225 2265 3280 ἂν
2299 3225 2452 3294 δοκῇ.
2504 3224 2568 3276 Οἱ
2603 3223 2646 3276 δ’
2681 3223 2805 3276 ἐπεὶ
2859 3221 3049 3294 ἑώρων
3107 3223 3336 3294 βασιλέα
3370 3222 3731 3294 ἀμεταστρεπτὶ

525 3303 691 3364 diana
721 3300 1126 3361 confabulando
1151 3309 1474 3371 exegerunt.
1529 3300 1838 3356 Alexander
1863 3310 1919 3356 et
1943 3300 2097 3358 Mmsi

2204 3317 2306 3369 τῶν
2336 3314 2397 3379 ἐξ
2427 3315 2604 3386 ἀρχῆς
2651 3315 2917 3385 ἐχόμενον
2972 3313 3279 3384 λογισμῶν,
3329 3315 3428 3384 τὴν
3452 3313 3543 3384 μὲν
3573 3309 3733 3378 συγγέ-

527 3397 902 3454 Romanorum
947 3395 1208 3450 virtutem
1256 3407 1382 3448 cum
1426 3403 1654 3462 stupore
1704 3393 2097 3464 praedicabant.

525 3486 620 3557 qui
643 3501 756 3542 non
786 3485 943 3541 multi
971 3501 1097 3541 cum
1148 3485 1308 3552 longe
1335 3483 1587 3553 pluribus
1614 3483 2008 3559 decertassent,
2043 3491 2100 3540 et

525 3591 652 3633 cum
679 3586 1021 3648 postremum
1047 3590 1240 3646 agmen
1269 3589 1465 3629 manus
1490 3575 1648 3643 plane
1670 3573 1932 3641 dedisset,
1961 3574 2099 3632 nihil

526 3679 711 3728 tamen
743 3667 928 3724 animo
955 3665 1142 3730 fracti,
1190 3663 1347 3734 quasi
1397 3665 1532 3719 nihil
1584 3665 1902 3736 contigisset
1946 3666 2098 3731 novi,

511 3759 974 3822 constantissimo
1008 3758 1206 3829 spiritu
1234 3774 1358 3814 cum
1387 3757 1642 3814 hostibus
1663 3759 2096 3823 concurrissent,

525 3852 909 3924 compulsique
959 3861 1150 3921 postea
1208 3851 1278 3906 ab
1312 3851 1634 3905 instantium
1689 3850 1961 3914 catervis,
2025 3850 2099 3905 ita

525 3944 908 4008 recessissent,
941 3951 1002 3996 ut
1029 3958 1140 4000 non
1179 3942 1359 4011 fugam
1391 3950 1726 4011 spectarent,
1763 3941 1860 4000 sed
1897 3941 2102 3996 abeun-

525 4043 612 4092 tes
659 4049 718 4093 se
771 4032 1168 4098 defenderent,
1204 4031 1352 4101 quod
1404 4032 1513 4086 'llis
1565 4030 1632 4084 ad
1682 4030 1916 4092 salutent
1966 4046 2101 4086 sane

527 4126 754 4182 inultum
819 4124 1044 4195 profuit.
1094 4123 1161 4177 Et
1187 4125 1534 4197 asseverabat
1561 4121 1886 4183 Alexander,
1917 4135 2102 4176 sacra-

528 4225 714 4272 mento
738 4216 952 4278 addito,
1005 4212 1054 4267 si
1086 4213 1267 4268 adhuc
1313 4212 1710 4281 aliquantisper
1759 4212 1815 4265 in
1856 4226 1926 4266 eo
1953 4219 2099 4268 statu

525 4325 616 4365 res
639 4310 911 4374 durasset,
939 4320 1045 4362 nec
1061 4304 1342 4376 fugissent
1392 4304 1646 4368 Romani,
1697 4303 1956 4359 sustineri
1991 4319 2100 4359 non

2193 3422 2350 3461 -νειαν
2381 3405 2475 3459 τὸν
2513 3404 2693 3458 αὐτῶν
2715 3405 2925 3473 ἔφασαν
2957 3404 3179 3474 βασιλέα
3211 3406 3343 3476 περὶ
3371 3404 3604 3458 πλείστου
3632 3415 3731 3453 ποι-

2199 3497 2403 3564 εῖσθαι,
2422 3496 2518 3551 καὶ
2539 3495 2723 3559 αὐτοῖς
2749 3495 3186 3565 προστεταχέναι
3205 3497 3340 3568 περὶ
3360 3496 3564 3567 ὲκείνης
3585 3493 3732 3544 πᾶσαν

2199 3584 2578 3651 ιπιδείξασθαι
2615 3583 2855 3654 σπουδήν
2879 3597 2894 3612 ·
2929 3585 2998 3636 ἂν
3032 3583 3091 3637 δὲ
3122 3583 3199 3653 μὴ
3241 3581 3580 3654 προσχωροίη
3621 3579 3732 3649 μηδι

2201 3677 2492 3732 πείθοιτοό
2516 3674 2793 3746 βασιλεὺς,
2833 3673 2947 3727 τότ’
2979 3672 3081 3744 ήδη
3113 3673 3242 3736 τοὺς
3277 3675 3376 3744 μὲν
3399 3673 3521 3743 περὶ
3552 3670 3735 3737 ἐκείνης

2200 3767 2395 3836 λόγους
2425 3767 2507 3830 είς
2563 3764 2627 3817 τὺ
2693 3763 2890 3834 μέλλον
2940 3763 3282 3834 ὑπερθέσθαι
3341 3763 3418 3828 ὥς
3471 3759 3635 3832 καιρῷ
3675 3755 3736 3826 τῷ

2202 3858 2540 3929 προσήκοντι
2572 3855 2973 3924 γενησομένους
2992 3869 3008 3886 θ
3039 3855 3243 3918 αὐτοὺς
3276 3855 3336 3910 δὲ
3383 3855 3508 3926 περὶ
3539 3854 3627 3922 τῆς
3671 3847 3736 3901 εί-

2204 3951 2372 4020 ρήνης
2406 3948 2684 4003 ποιεῖσθαι
2715 3947 2811 4010 τὰς
2843 3947 3143 4015 συνθήκας.
3180 3947 3294 4000 Καὶ
3317 3947 3610 4015 γενομένων
3629 3937 3737 4007 παρ’

2202 4037 2530 4109 ἀμφοτέρων
2567 4036 2744 4103 λόγων
2787 4036 2849 4088 οὐ
2907 4035 3140 4103 πολλῶν,
3182 4035 3488 4106 συνέδησάν
3537 4050 3607 4095 τε,
3660 4031 3737 4081 καὶ

2201 4129 2300 4191 τὰς
2339 4129 2572 4190 σπονδὰς
2620 4128 2947 4197 ἐποιήσαντο
3015 4127 3372 4198 αὐθημερόνο
3437 4127 3525 4179 καὶ
3572 4125 3737 4193 ὅρκους

2201 4221 2529 4289 ἐποιήσαντο
2550 4219 2638 4272 ἐπ’
2669 4219 2865 4280 αὐταῖς
2895 4217 2945 4270 oi
2974 4215 3222 4284 βασιλεῖς
3252 4217 3397 4270 κατὰ
3417 4216 3474 4269 τὸ
3497 4213 3637 4279 ἔθος,
3663 4211 3738 4262 καὶ

2203 4311 2329 4373 τοὺς
2367 4311 2652 4380 περιόντας
2684 4310 2794 4364 τῶν
2834 4309 3126 4379 Ῥωμαίων
3177 4308 3532 4379 δοριαλώτους
3572 4305 3740 4359 ἔλυσαν

527 4403 791 4474 potuisse.
823 4401 920 4464 sed
969 4398 1168 4456 Moesus
1208 4411 1400 4454 eorum
1437 4396 1640 4450 virtute
1687 4410 1751 4450 ac
1787 4395 2095 4464 tolerantia,

2204 4405 2332 4458 ἄνευ
2360 4403 2568 4471 λύτρων
2597 4417 2612 4436 '
2659 4401 2803 4454 οὕτω
2829 4400 2938 4470 γὰρ
2964 4397 3032 4471 ἦν
3067 4401 3190 4460 ταῖς
3231 4400 3525 4469 συνθήκαις
3550 4391 3738 4465 εἰρημέ-

529 4496 914 4567 prarcipueque
963 4489 1314 4560 imperatoris
1354 4486 1658 4551 attonitos,
1704 4487 1885 4556 fugam
1948 4501 2099 4541 arre-

528 4596 722 4656 pturos
751 4584 942 4640 fuisse.
971 4583 1098 4637 Haec
1130 4591 1190 4637 et
1239 4580 1346 4637 alia
1377 4587 1490 4634 toto
1513 4577 1604 4633 die
1649 4578 1937 4648 colloquiis
1984 4579 2098 4649 agi-

2203 4512 2313 4548 νον.
2349 4495 2442 4557 Εἰς
2475 4493 2572 4561 τὴν
2589 4491 2883 4560 ὑστεραίαν
2930 4507 2988 4542 τε
3016 4491 3298 4558 γενόμενοι
3328 4489 3387 4540 ὲν
3432 4485 3604 4554 ταύτῷ
3633 4494 3738 4534 aw-

2204 4585 2508 4656 ηρίστησάν
2536 4601 2593 4636 τε
2621 4583 2872 4653 ἀλληλοις
2905 4585 2998 4634 καὶ
3049 4581 3430 4651 συνδιέτριψαν
3458 4579 3542 4632 διά
3587 4575 3738 4640 πάσης

436 4674 443 4680 ’
529 4682 750 4739 tantes,
805 4673 875 4727 ad
928 4685 1214 4741 vesperam
1271 4671 1415 4724 inter
1466 4684 1524 4723 se
1575 4668 1976 4724 valedixerunt.
2032 4669 2101 4724 Et

2204 4679 2300 4748 τῆς
2335 4677 2549 4748 ἡμέρας
2604 4677 2733 4746 περὶ
2762 4674 2870 4729 τῶν
2928 4674 3321 4742 γεγενημένων
3369 4675 3435 4741 τῇ
3476 4662 3738 4740 προτεραίᾳ

525 4765 834 4822 Alexander
856 4762 1078 4831 quidem
1122 4763 1179 4815 iu
1208 4776 1438 4830 regnum
1482 4774 1642 4814 suum
1689 4759 1963 4824 discessit,
2000 4760 2102 4813 im-

2204 4769 2349 4824 κατὰ
2398 4772 2501 4836 τὴν
2559 4768 2742 4836 μάχην
2773 4764 3119 4836 ὁμιλοῦντες.
3155 4763 3464 4834 Ἐκπληξις
3487 4762 3586 4831 γὰρ
3615 4753 3738 4824 εἶχεν

525 4865 750 4930 perator
783 4853 1136 4910 lthosocastri
1161 4852 1358 4907 diebus
1388 4852 1599 4921 aliquot
1631 4863 1896 4918 moratus,
1933 4852 2100 4924 Didy-

2213 4858 2562 4929 Ἀλέξανδρόν
2579 4875 2640 4912 τε
2665 4858 2759 4911 καὶ
2773 4856 2996 4920 Μυσοὺς
3016 4856 3114 4925 τῆς
3142 4854 3429 4920 Ῥωμαίων
3447 4853 3636 4922 τόλμης
3660 4845 3736 4900 καί

503 4950 835 5009 motichum
862 4946 990 5003 inde
1022 4945 1326 5018 profectus,
1360 4943 1590 5000 militem
1622 4943 1853 5004 dimisit.
2093 4977 2100 4994 .

2204 4951 2300 5021 τῆς
2317 4949 2602 5019 εὐψυχίας,
2630 4950 2714 5000 ὅτι
2732 4947 2904 5014 ὀλίγοι
2945 4945 3083 5014 πρὸς
3108 4945 3544 5007 πολλαπλασίους
3571 4947 3735 5009 ἀγωνιο

525 5046 770 5115 ζόμενοι,
824 5040 922 5096 καὶ
957 5039 1067 5092 τῶν
1104 5036 1224 5109 μετ’
1251 5036 1448 5100 αὐτοὺς
1481 5038 1832 5106 τεταγμένων
1854 5041 2179 5112 ἡττημένων
2215 5044 2318 5114 ήδη
2361 5040 2655 5110 λαμπρῶς,
2699 5039 2851 5092 οὐδὲν
2909 5037 3110 5107 μᾶλλον
3141 5039 3363 5110 ὑφῆκαν
3405 5039 3501 5108 τῆς
3549 5030 3736 5101 ἁνδρίις

524 5144 622 5196 καὶ
661 5141 761 5211 τῆς
783 5140 989 5208 τόλμης
1023 5151 1041 5167 ⁹
1094 5134 1213 5189 ἀλλ’
1242 5133 1433 5204 ὥσπερ
1476 5133 1707 5205 μηδενὸς
1737 5137 1928 5191 καινοῦ
1958 5142 2268 5208 γεγονότος,
2292 5139 2548 5209 ἀτρέπτῳ
2602 5138 2914 5208 φρονήματι
2967 5136 3261 5190 συνέϐαλον
3299 5147 3425 5199 τους
3455 5131 3732 5203 πολεμίους’

525 5241 623 5294 καὶ
665 5236 985 5309 βιασθέντες
1019 5231 1124 5286 ὑπὸ
1175 5229 1270 5285 τοῦ
1311 5231 1555 5300 πλήθους
1612 5231 1754 5301 μετά
1787 5232 1964 5288 ταῦτα
1995 5235 2120 5292 ἐπεὶ
2158 5234 2498 5306 ἀνεχώρουν,
2520 5234 2582 5285 οὐ
2613 5232 2752 5303 πρὸς
2776 5233 2955 5302 φυγὴν
2987 5233 3334 5290 παντάπασιν
3369 5231 3604 5293 ἀπετδον,
3635 5221 3731 5280 ἀλλ’

526 5335 796 5404 ἠμύνοντο
823 5331 1098 5393 ἀπιόντες,
1154 5327 1292 5396 ὅπερ
1320 5329 1415 5382 καὶ
1469 5325 1708 5396 μάλιστα
1740 5327 1998 5382 διέσωσεν
2031 5331 2250 5396 αὐτούς.
2277 5328 2656 5384 Διεϐεσαιοῦτό
2683 5344 2743 5381 τε
2793 5327 3141 5399 Ἀλέξανδρος
3199 5333 3292 5384 καὶ
3332 5332 3522 5398 ὅρκους
3549 5335 3734 5393 προστι-

529 5424 664 5489 θεὶς,
689 5425 765 5489 ὡς
802 5425 851 5476 εί
880 5423 1070 5492 χρόνον
1092 5421 1215 5475 τινὰ
1242 5421 1322 5474 ἔτι
1361 5421 1647 5489 ἐνέμειναν
1681 5420 1879 5490 μικρὸν
1906 5421 2000 5475 ἐπὶ
2029 5421 2121 5475 τοῦ
2161 5422 2465 5491 χρήματος,
2495 5422 2590 5475 καὶ
2624 5421 2698 5491 μὴ
2729 5420 2943 5488 ἐγένετο
2973 5425 3008 5493 ή
3041 5427 3237 5494 τροπὴ,
3258 5424 3358 5477 οὐκ
3387 5423 3452 5475 ἀν
3474 5422 3732 5484 ὑπέμειναν

925 5517 1129 5590 ῷχσντο
1181 5517 1502 5589 φεύγοντες,
1535 5516 1982 5587 ἐκπεπληγμένοι
2009 5517 2109 5588 τὴν
2148 5517 2354 5587 τόλμαν
2385 5518 2565 5571 αὐτῶν
2631 5518 2725 5570 καὶ
2755 5518 2850 5588 τὴν
2901 5520 3199 5589 καρτερίαν
3228 5519 3321 5572 καὶ
3381 5515 3606 5588 μάλιστα
3656 5506 3733 5573 β¹’

532 5615 746 5679 σιλέως.
772 5614 1012 5669 Τοιαῦτα
1050 5617 1142 5668 καὶ
1164 5613 1307 5683 ἕτερ’
1338 5613 1473 5667 ἄττα
1499 5611 1589 5666 διὰ
1620 5613 1799 5682 πάσης
1823 5614 1922 5682 τῆς
1951 5599 2165 5684 ἡμέρας
2192 5600 2592 5681 ὁμιλήσαντες,
2649 5613 2788 5679 πρὸς
2852 5614 3095 5680 ἑσπέραν
3158 5611 3535 5672 συνταξάμενοι
3592 5599 3728 5664 ἀλλά·

767 5520 813 5540 ιλ
825 5520 844 5540 ⁸.
856 5520 871 5540 ἱ
