3992 6202
260 274 370 339 591

1429 268 1980 337 HISTORIARUM
2020 273 2250 334 LlBER
2291 271 2374 334 II.

3405 266 3512 332 598

263 386 552 457 ζομόνους,
579 386 836 459 ναυάρχῳ
869 386 946 454 τῷ
982 386 1238 460 σφετέρῳ
1286 387 1384 460 τὴν
1415 389 1640 460 γνώμην
1671 391 1839 444 κατά-

1945 388 2216 456 lgnaviter
2258 395 2487 459 cogatur
2539 387 2752 458 fugere,
2783 383 2919 456 ipsis
2946 397 3053 440 nec
3103 381 3214 436 vim
3259 381 3512 448 illaturis,

260 479 428 546 ὅμιλον
479 479 718 544 ἐποίουν,
755 480 1056 548 φάσκοντες
1084 479 1159 544 ώς
1196 481 1333 534 πᾶσι
1370 480 1574 549 μᾶλλον
1621 481 1835 549 ἀνθρώ-

264 589 390 632 ποις
437 573 470 642 ἢ
519 572 729 640 βασιλεῖ
775 574 852 643 τῷ
888 574 1179 644 Ῥωμαίων
1213 574 1352 628 ὅπλα
1388 575 1672 644 ἀνταίρειν
1725 569 1836 626 εἷεν

259 665 500 720 δυνατοί.
536 662 611 720 OB
652 666 718 734 δὴ
744 666 912 720 ἕνεκα
955 668 1050 720 καὶ
1082 670 1212 737 πρὶν
1255 669 1596 737 καταστῆναι
1655 669 1713 730 ες
1739 665 1837 736 τὴν

262 755 469 822 μάχην,
508 755 752 824 φανερὰν
797 753 945 826 αύτῷ
980 756 1080 826 τήν
1109 756 1312 828 βουλήν
1359 759 1536 810 ποιεῖν
1570 757 1721 820 ὅπως
1743 756 1838 809 τά·

256 859 428 912 χιστα
477 847 545 898 τὰ
579 845 768 898 δέοντα
825 847 1188 919 βουλεύσηται
1241 849 1336 902 καὶ
1394 849 1472 919 μὴ
1502 849 1836 918 ἀναγκασθῇ

257 935 492 1003 φεύγειν
518 937 760 1008 αίσχρῶς
794 941 887 992 καὶ
915 940 1177 1008 ἀγεννῶς,
1213 939 1524 1011 μήτε,ὄπλα
1545 940 1838 1010 ἀνταιρόν-

256 1043 369 1078 των
397 1025 580 1080 αύτών
611 1030 749 1096 μήτε
770 1028 1150 1099 ἀμυνομένων.
1195 1029 1255 1085 '0
1289 1031 1348 1085 δὲ
1375 1031 1574 1094 αὐτοὺς
1609 1031 1711 1100 μὲν
1736 1030 1838 1100 τῆς

256 1117 526 1186 ἀληθείας
586 1118 752 1173 ἕνεκα
819 1121 1076 1192 ἐπῄνεσε,
1139 1122 1237 1175 καὶ
1296 1123 1458 1193 χάριν
1510 1123 1838 1194 ὡμολόγησε

258 1209 486 1278 πολλήν.
519 1211 810 1282 Δομηνίκῳ
838 1211 897 1266 δὲ
932 1213 1014 1282 τῷ
1060 1214 1266 1276 παντὸς
1307 1215 1531 1284 ἄρχοντι
1574 1215 1672 1268 τοῦ
1719 1214 1840 1268 στόι

254 1296 380 1362 λου,
413 1301 504 1352 καὶ
523 1303 634 1364 τοῖς
684 1302 865 1364 ἄλλοις
882 1303 1174 1372 ναυάρχοις
1202 1305 1313 1356 τῶν
1337 1306 1586 1359 Λατίνων
1607 1307 1838 1374 προσελο

255 1389 393 1454 θὼν,
417 1391 519 1444 ούιι
551 1392 755 1460 ἔφασκε
771 1393 996 1459 δεόντως
1017 1393 1407 1465 βεϐουλεῦσθαι
1430 1398 1561 1466 πρὶν
1593 1397 1839 1468 ἀκριϐῶς

250 1480 527 1549 ικμαθεῖν
567 1483 768 1546 ὁπόσας
800 1485 924 1551 ἄγοι
981 1486 1232 1557 τριήρεις
1261 1487 1291 1539 ό
1336 1486 1610 1554 βασιλεὺς,
1641 1489 1840 1559 ἀπερι-

255 1574 515 1637 σκέπτως
567 1575 704 1646 πρὸς
746 1577 847 1646 τὴν
907 1579 1220 1648 ναυμαχίαν
1268 1579 1412 1632 οὕτω
1456 1582 1554 1632 καὶ
1586 1579 1839 1650 θρασέως

252 1668 482 1736 χωρεῖν.
542 1667 670 1720 Ἐὰν
704 1669 815 1736 γὰρ
851 1669 1098 1738 συμσαίη
1146 1670 1470 1741 ἡττηθῆναι,
1527 1671 1678 1724 οὐδὲν
1705 1672 1834 1725 ἄλλο

1943 1669 2059 1715 tum
2099 1661 2318 1717 demum
2372 1663 2775 1736 confligendum
2829 1682 2843 1718 :

1939 491 2043 533 nec
2092 477 2298 554 illatam
2352 476 2676 546 repulsuris.
2723 473 3040 529 Navarchus
3062 487 3161 528 eos
3195 471 3264 526 de
3297 471 3514 528 confes-

1939 566 2095 622 sione
2142 566 2258 621 veri
2304 566 2840 637 collaudat,-gratias
2873 579 3097 634 magnas
3139 562 3272 633 agit,
3307 561 3373 616 ad
3409 561 3516 617 Do-

1940 656 2201 712 minicum
2265 658 2434 714 totius
2495 659 2686 714 classis
2741 657 3124 726 imperatorem
3176 660 3514 722 ceterosque

1939 745 2262 802 Latinorum
2296 749 2602 802 navarchos
2630 747 2884 812 accedit;
2914 761 3024 801 non
3054 759 3151 799 eos
3177 745 3384 800 bonum
3425 759 3514 800 ce-

1940 839 2096 907 pisse
2115 838 2410 894 consilium
2437 839 2593 904 dicit,
2625 839 2944 909 priusquam
2977 845 3168 892 exacte
3192 834 3510 901 didicerint,

1941 945 2067 986 cum
2116 941 2253 1000 quot
2295 933 2613 988 triremibus
2668 931 2948 986 Romanus
2975 931 3252 994 adveniat,
3297 928 3370 983 ita
3411 927 3512 981 imo

1939 1023 2170 1092 provide
2206 1024 2657 1101 confidenterque
2701 1023 2893 1080 navale
2923 1037 3048 1079 cum
3095 1024 3216 1094 ipso
3261 1020 3510 1092 praelium

1940 1101 2306 1174 committere.
2340 1119 2478 1174 Nam
2535 1119 2581 1175 si
2618 1113 2762 1174 vinci
2793 1117 3105 1188 contigerit,
3135 1116 3276 1170 nihil
3314 1128 3513 1184 super-

1939 1224 2059 1266 esse
2111 1225 2278 1280 quam
2330 1211 2604 1282 disperire
2644 1211 2916 1274 funditus,
2945 1225 3070 1265 cum
3110 1223 3302 1264 omnes
3327 1208 3425 1278 qui
3454 1207 3509 1262 in

1941 1300 2117 1356 insula
2149 1302 2282 1364 sint,
2317 1303 2564 1372 ipsorum
2597 1302 2784 1356 hostes
2815 1303 2945 1363 sint,
2974 1311 3194 1372 unaque
3235 1315 3360 1354 cum
3401 1298 3512 1353 llo-

1941 1391 2119 1446 manis
2171 1391 2239 1445 ad
2300 1406 2488 1445 eorum
2554 1390 2783 1446 exitium
2834 1389 3134 1444 incubituri
3197 1389 3508 1468 videantur.

1939 1479 2122 1546 Quare
2155 1482 2499 1552 imperatoris
2530 1483 2674 1537 vires
2731 1490 2785 1537 et
2815 1483 3117 1552 potentiam
3161 1480 3319 1550 prius
3351 1479 3511 1533 inda-

1939 1571 2172 1639 gandam
2210 1587 2226 1625 :
2267 1581 2322 1626 et
2360 1575 2405 1627 si
2445 1588 2503 1628 se
2545 1581 2740 1628 contra
2789 1588 2898 1627 non
2947 1572 3196 1626 infirmos
3245 1571 3510 1636 sentiant,

2915 1663 3000 1718 sin
3061 1663 3268 1726 minus,
3318 1662 3515 1718 salutis

255 1757 510 1810 λείπεται
561 1758 594 1827 ἢ
638 1761 957 1813 παντάπασι
1016 1760 1409 1830 διαφθαρῆναι,
1459 1763 1682 1816 πάντων
1727 1762 1838 1816 τῶν

1943 1753 2164 1822 aliquod
2213 1754 2519 1826 perfugium
2546 1733 2933 1826 quaerendum.
2979 1755 3136 1821 Quod
3169 1755 3242 1809 ad
3266 1769 3352 1810 me
3383 1754 3515 1809 atti-

254 1847 452 1901 δνθάδε
493 1849 772 1919 πολεμίων
821 1850 992 1904 ὄντων
1037 1851 1132 1906 καὶ
1187 1852 1722 1924 συνεπιθησομένων.
1763 1848 1839 1910 Ob

250 1936 326 2004 δὴ
375 1935 536 1989 ἕνεκα
582 1936 755 2008 ἐχρῆν
813 1938 1081 2009 πρότερον
1138 1941 1237 2011 τὴν
1291 1940 1523 2010 δύναμιν
1573 1942 1838 2012 βασιλέως

252 2028 492 2099 ἑρευνᾷν
543 2028 750 2099 όπόσην
785 2030 934 2099 ἄγει,
971 2030 1082 2084 κᾶν
1117 2031 1219 2101 μὲν
1259 2025 1363 2086 οἶοί
1411 2050 1469 2086 τε
1494 2029 1592 2104 ἦτε
1620 2035 1839 2088 διαναυ-

254 2123 482 2189 μαχεῖν,
517 2120 586 2174 ἄν
626 2121 683 2174 δὲ
721 2125 819 2193 μή,
853 2123 1182 2194 καταφυγήν
1209 2141 1330 2178 τινα
1364 2125 1470 2196 ὅπη
1525 2127 1837 2198 σωθήσεσθε

253 2210 472 2278 ζητεῖν.
518 2210 662 2280 Ἐγὼ
691 2213 749 2266 δὲ
779 2213 1079 2284 προθύμως
1108 2214 1212 2282 μὲν
1243 2215 1308 2270 ἂν
1332 2217 1469 2285 πρὸς
1503 2217 1601 2289 τὴν
1632 2237 1840 2288 ναυμα-

251 2301 391 2368 χίαν
421 2302 887 2371 συνηγωνισάμην
913 2302 1106 2372 παρὼν
1142 2304 1294 2373 ὑμῖν.
1322 2305 1550 2374 Δηλίους
1589 2307 1645 2359 δὲ
1684 2309 1839 2363 οὐδέν

251 2389 378 2440 isti
406 2389 470 2440 τὸ
495 2391 682 2441 πεῖσον
713 2389 854 2442 ὅπλα
888 2391 1170 2461 ἀνταίρειν
1226 2391 1460 2462 βασιλεῖ,
1484 2393 1622 2449 ἀλλὰ
1660 2395 1838 2450 πάντα

255 2481 470 2548 μᾶλλον
501 2481 746 2551 αἱρετέα,
801 2482 834 2552 ἢ
874 2483 1007 2552 πρὸς
1037 2483 1265 2554 βασιλέα
1305 2485 1493 2548 αὐτοῖς
1525 2487 1838 2558 πολεμητέα

251 2566 407 2622 εἶναι
437 2569 677 2636 λέγουσι.
708 2570 1002 2635 Βιάξεσθαι
1047 2573 1148 2641 μὲν
1180 2569 1274 2628 οὖν
1325 2575 1426 2628 οὐκ
1472 2572 1681 2640 ἔξεστιν
1737 2577 1838 2632 αύ-

251 2664 387 2723 τοὺς
417 2662 626 2726 πάντας
687 2662 882 2732 ἐπίσης
937 2663 1038 2733 τὴν
1062 2664 1258 2734 ὁμοίαν
1303 2665 1531 2738 γνώμην
1589 2668 1837 2738 ἔχοντας.

257 2750 458 2814 Ἔδοξε
505 2750 560 2803 δέ
599 2768 691 2822 μοι
739 2749 952 2819 βέλτιον
1016 2753 1374 2824 σκεψαμένῳ,
1431 2756 1562 2828 πρὶν
1613 2756 1840 2826 βασιλέα

251 2845 441 2906 ήκειν,
498 2843 822 2915 ἀναχωρεῖν.
878 2845 1004 2897 Ἐὰν
1036 2847 1144 2915 γὰρ
1197 2847 1458 2915 ὀφθέντος
1522 2850 1839 2921 φεύγωμεν,

252 2929 533 3006 αἰσχύνην
583 2936 645 2989 οὐ
691 2935 791 3006 τὴν
833 2937 1102 3006 τυχοῦσαν
1149 2940 1603 3010 προστριψόμεθα
1643 2944 1844 3000 Σπιταο

1939 1854 2056 1909 net,
2115 1845 2314 1915 inquit,
2356 1848 2554 1917 cupide
2604 1848 2894 1903 vobiscum
2943 1847 3010 1902 ad
3067 1847 3213 1901 hanc
3266 1846 3513 1900 navalem

1941 1950 2178 2004 pugnam
2213 1937 2588 2008 aggrederer:
2630 1939 2814 1995 Delios
2847 1949 3053 2004 autem,
3093 1954 3152 1994 ιιι
3193 1935 3513 2009 imperatori

1940 2027 2110 2082 armis
2147 2028 2433 2094 resistant,
2474 2043 2636 2083 nemo
2664 2029 2902 2084 adducet
2936 2046 2953 2083 :
2994 2029 3090 2099 qui
3126 2027 3292 2085 citius
3329 2026 3514 2082 omnia

1939 2116 2043 2171 sibi
2076 2119 2454 2188 perpetienda,
2488 2135 2651 2190 quam
2689 2121 2951 2176 adversus
2997 2135 3122 2176 eum
3155 2119 3513 2191 pugnandum

1942 2214 2232 2262 testantur.
2279 2209 2487 2279 Cogere
2520 2211 2686 2278 igitur
2724 2209 2850 2264 illos
2886 2210 2969 2264 fas
3011 2224 3119 2265 non
3148 2218 3251 2273 est,
3293 2209 3515 2278 quando

1939 2313 2006 2354 ex
2044 2313 2203 2369 atquo
2241 2316 2434 2356 omnes
2471 2302 2547 2356 ita
2571 2303 2842 2358 sentiunt.
2874 2301 3008 2356 Mihi
3035 2314 3204 2375 porro
3239 2315 3297 2355 re
3331 2283 3514 2356 consl-

1940 2387 2131 2444 derata
2161 2389 2566 2450 conducibilius
2609 2399 2855 2462 apparet,
2891 2401 3192 2462 antequam
3229 2390 3376 2446 adsit
3408 2390 3514 2444 im-

1940 2490 2182 2549 perator,
2218 2480 2498 2536 recedere.
2551 2481 2608 2538 Si
2651 2483 2799 2537 enirn
2844 2491 2970 2536 ante
3002 2483 3124 2554 eius
3155 2490 3513 2551 conspectum

1939 2572 2262 2643 fugerimus,
2318 2588 2425 2628 non
2467 2575 2909 2645 qualemcunque
2941 2575 3118 2630 labem
3163 2573 3516 2645 Bos‘pitalen-

1940 2664 2096 2719 sibus
2157 2681 2466 2720 rnuremus.
2502 2665 2670 2721 Vobis
2719 2681 2865 2720 curae
2902 2664 3030 2727 erit.
3071 2673 3132 2719 ut
3169 2664 3279 2722 illis
3307 2667 3514 2736 optime

1939 2758 2277 2812 consulatur.
2313 2758 2442 2814 Haec
2481 2769 2775 2829 pOstquam
2811 2758 2967 2814 dicta
2991 2759 3164 2824 dedit,
3193 2775 3290 2815 eos
3329 2761 3512 2816 valere

1935 2847 2122 2917 jussit,
2191 2865 2257 2905 ac
2309 2851 2500 2906 Delum
2541 2852 2806 2906 cucurrit.
2857 2851 3142 2907 Dominico
3192 2853 3516 2922 c'eterisque

1941 2941 2176 2997 ducibus
2215 2959 2323 2998 non
2375 2943 2612 3013 amplius
2659 2944 2762 2998 fuit
2813 2944 3087 3000 sententia
3140 2944 3376 3000 navibus
3419 2943 3516 3000 de-

252 3030 513 3090 λιώταις.
545 3027 790 3095 Μελήσει
836 3027 890 3080 δὲ
920 3027 1047 3097 ὑμῖν
1074 3029 1223 3092 ὅπως
1264 3031 1330 3084 ἂν
1359 3030 1615 3101 βέλτιστα
1645 3035 1838 3106 διάθη-

1943 3041 2190 3097 certare,
2266 3034 2360 3089 sed
2437 3037 2693 3091 triremes
2754 3035 2950 3108 quinas
3003 3034 3350 3105 'quidem-in
3421 3051 3516 3092 ca-

253 3121 357 3173 σθε
390 3121 465 3173 τὰ
492 3119 614 3174 καθ’
646 3119 870 3183 αὐτούς.
905 3120 966 3174 '0
1009 3121 1108 3190 μὲν
1143 3121 1236 3175 οὖν
1267 3123 1373 3177 τῶν
1402 3126 1613 3197 Δηλίων
1639 3127 1841 3199 ναύαρ-

251 3229 377 3281 χος,
410 3210 640 3264 τοιαῦτα
687 3209 859 3265 εἰπὼν
909 3211 1001 3263 καὶ
1045 3211 1447 3281 συνταξάμενος
1476 3216 1681 3283 αὐτοῖς,
1707 3218 1843 3274 ἀπέ-

253 3304 505 3356 πλευσεν
532 3304 613 3365 είς
646 3301 838 3372 Δῆλον.
868 3303 1148 3372 Δομενίκῳ
1175 3302 1230 3355 δὲ
1256 3305 1348 3356 καὶ
1377 3308 1491 3370 τοῖς
1521 3306 1701 3372 ἄλλοις
1729 3315 1844 3373 τοῖς

254 3395 699 3462 ὑπολειφθεῖσιν,
724 3395 908 3447 ούκὲτι
935 3394 1111 3448 ἐδόκει
1145 3401 1448 3467 ναυμαχεῖν
1468 3414 1482 3429 ·
1516 3399 1654 3454 ἀλλὰ
1680 3401 1841 3455 πέντε

256 3490 363 3559 μὲν
394 3486 506 3542 τῶν
535 3488 810 3557 τριήρεων
836 3486 1092 3556 ἔπεμψαν
1119 3488 1198 3550 είς
1249 3488 1532 3561 Καλλονὴν
1577 3492 1841 3563 φρούριόν

252 3601 306 3636 τι
347 3581 499 3635 κατὰ
526 3582 628 3650 τὴν
661 3579 870 3632 Λέσϐον
892 3581 988 3633 ἐπὶ
1015 3580 1092 3650 τῷ
1120 3582 1268 3636 σῖτόν
1298 3599 1357 3636 τε
1385 3585 1704 3652 είσαγαγεῖν
1747 3586 1842 3640 καὶ

253 3673 533 3742 φρουράν.
550 3672 854 3727 Ἑδεδίεσαν
876 3672 986 3743 γὰρ
1010 3676 1140 3744 περ)⁹
1157 3675 1322 3728 αὐτοῦ
1349 3675 1428 3747 μὴ
1449 3677 1553 3730 ὑπὸ
1577 3677 1842 3746 βασιλέως

253 3766 316 3828 ἐξ
350 3763 660 3836 ἐπιδρομῆς
685 3764 798 3834 ἁλῷ
819 3781 832 3795 ·
865 3763 1016 3818 αὐτοὶ
1055 3764 1112 3818 δὲ
1139 3769 1254 3829 ταῖς
1294 3767 1510 3832 λοιπαῖς
1538 3768 1840 3840 ἐφρούρουν

254 3855 608 3928 Μιτυλήνην.
643 3857 904 3920 Βασιλεὺς
931 3857 985 3910 δὲ
1013 3858 1130 3928 ἅμα
1170 3861 1337 3912 παντὶ
1367 3858 1447 3930 τῷ
1483 3861 1654 3931 στόλῳ
1675 3857 1841 3932 ἦλθεν

252 3955 338 4014 είς
378 3951 602 4021 Ἔρεσόν
627 3967 638 3981 ·
673 3951 966 4012 ἐπαινέσας
990 3951 1049 4004 δὲ
1083 3951 1400 4022 Ἐρεσσίους
1426 3954 1527 4024 τῆς
1566 3955 1647 4017 είς
1677 3954 1842 4008 αὐτὸν

254 4041 479 4103 εὐνοίας
510 4040 696 4104 ἕνεκα,
729 4040 826 4092 καὶ
875 4041 1130 4109 προνοίας
1171 4041 1302 4111 ὅσης
1333 4042 1545 4096 ἐδέοντο
1580 4043 1837 4110 ἀξιώσας,

256 4135 408 4203 ἄρας
455 4131 668 4186 ἐκεῖθεν
722 4131 874 4185 ἔπλει
914 4133 1006 4184 ἐπὶ
1031 4133 1184 4188 Χίον.
1236 4133 1368 4186 Ἀπὸ
1395 4136 1630 4198 σκοπιᾶς
1663 4138 1718 4190 δέ
1756 4154 1841 4201 τις

262 4227 415 4296 μέγα
438 4223 602 4293 βοῶν,
622 4223 954 4277 ἐπυνθάνετο
982 4226 1112 4294 περὶ
1141 4223 1328 4277 στόλου
1363 4225 1502 4280 ὅτων
1530 4227 1639 4297 εἴη.
1677 4229 1840 4282 Ἀποα

260 4313 618 4382 κριναμὲνων
647 4313 723 4378 δὲ,
749 4313 824 4375 ὡς
845 4314 930 4383 εἴη
961 4312 1250 4382 βασιλέως,
1282 4317 1442 4380 αὑτός
1473 4333 1532 4369 τε
1573 4318 1841 4388 πάρεστιν

1943 3125 2163 3180 stellum
2206 3126 2481 3195 quoddam
2523 3126 2709 3192 Lesbi,
2755 3127 3036 3183 Callonem
3097 3127 3386 3194 vocabulo,
3445 3125 3514 3182 ad
3603 3197 3610 3204 μ

1944 3228 2313 3273 commeatum
2369 3229 2426 3274 et
2457 3219 2773 3288 praesidium
2815 3219 3226 3290 importandum
3259 3219 3515 3282 mittunt,

1943 3311 2090 3380 quod
2123 3311 2192 3366 ab
2239 3312 2573 3381 imperatore
2623 3328 2721 3382 per
2763 3313 3132 3368 incursionem
3178 3321 3400 3384 captum
3448 3314 3518 3371 iri

1943 3401 2294 3469 metuebant:
2341 3402 2443 3471 ipsi
2494 3417 2618 3456 cum
2679 3402 2904 3472 reliquis
2948 3402 3242 3473 Mitylenen
3288 3407 3522 3462 tueban-

1945 3498 2053 3544 tur.
2083 3492 2244 3561 292
2275 3492 2577 3560 Imperator
2617 3505 2741 3545 cum
2785 3499 2896 3544 tota
2929 3490 3104 3545 classe
3139 3491 3399 3548 Eressum
3441 3503 3522 3551 te-

1942 3598 2101 3648 nens,
2161 3581 2366 3636 civium
2417 3595 2544 3651 erga
2595 3595 2653 3634 se
2701 3579 3428 3648 studium'commendavit,
3462 3597 3521 3642 et

1942 3688 2135 3730 eorum
2199 3673 2363 3728 rebus
2427 3685 2524 3740 pro
2582 3669 2908 3724 necessitate
2979 3671 3326 3740 prospexit:
3391 3672 3520 3729 inde

1941 3764 2139 3820 Chium
2172 3762 2466 3833 navigavit.
2527 3762 2570 3817 E
2620 3761 2841 3830 specula
2877 3776 3043 3830 porro
3080 3765 3305 3833 quidam
3339 3765 3514 3821 altum

1942 3855 2269 3919 vociferans,
2311 3853 2585 3924 quaesivit,
2631 3853 2918 3922 cuiusnam
2954 3855 3149 3910 classis
3191 3865 3380 3923 esset;
3427 3874 3516 3912 re-

1943 3963 2256 4020 sponsum,
2304 3947 2652 4017 imperatoris
2699 3961 2821 4002 esse
2849 3985 2863 4010 ,
2918 3958 2975 4002 et
3021 3962 3146 4002 eum
3192 3960 3514 4018 praesentem

1941 4041 2156 4095 adesse.
2187 4040 2256 4094 At
2285 4039 2432 4095 enim
2465 4052 2588 4109 quae
2615 4037 2670 4092 in
2719 4039 2842 4094 sinu
2889 4037 3147 4105 Callones
3191 4049 3321 4096 sunt
3359 4042 3517 4096 trire-

1944 4148 2080 4198 mes,
2116 4133 2317 4202 inquit,
2355 4132 2516 4203 cujus
2539 4138 2672 4186 sunt
2687 4132 2716 4184 τ
2738 4131 2781 4186 Ε
2807 4131 3007 4202 quibus
3031 4131 3218 4188 verbis
3249 4133 3518 4204 colligens

1943 4225 2242 4295 imperator
2286 4223 2354 4279 de
2395 4223 2461 4279 iis
2491 4239 2633 4290 esse,
2666 4237 2788 4294 quae
2835 4222 2979 4294 apud
3011 4222 3304 4296 Mitylenen
3335 4235 3512 4294 erant,

1943 4319 2010 4372 ad
2049 4317 2327 4372 Callonem
2355 4317 2609 4372 tuendam
2639 4315 2822 4371 missae
2853 4314 3130 4381 videlicet,
3166 4331 3422 4373 reversus
3459 4318 3516 4374 in

261 4412 290 4462 ὀ
322 4407 606 4479 βασιλεύςο
635 4407 703 4458 At
739 4405 795 4458 δὲ
826 4409 886 4458 ὲν
927 4405 1004 4476 τῷ
1027 4406 1215 4474 κόλπῳ
1247 4406 1348 4476 τῆς
1374 4409 1673 4478 Καλλονῆς,
1710 4411 1836 4482 ἔφη,

1947 4409 2090 4479 ipsas
2130 4408 2425 4465 ferebatur.
2467 4409 2590 4465 lam
2631 4423 2742 4462 nox
2790 4409 2958 4463 rebus
3007 4407 3356 4475 incubuerat,
3389 4425 3514 4466 cum

263 4501 516 4571 τριήρεις
546 4498 724 4559 τίνο;;
768 4485 862 4550 Ἐκ
887 4497 981 4551 τοῦ
1013 4497 1177 4566 λόγου
1221 4499 1281 4552 δὲ
1318 4501 1496 4563 συνεὶς
1523 4502 1550 4553 ό
1583 4501 1840 4571 βασιλευς

266 4593 332 4643 ἐκ
354 4589 467 4642 τῶν
503 4589 583 4651 είς
612 4584 926 4657 Μιτυλήνην
953 4587 1130 4642 οὐσῶν
1155 4585 1297 4643 εῖναι
1329 4589 1673 4662 φρουρούσας
1695 4593 1841 4648 Καλ-

262 4681 452 4748 λονὴν,
503 4677 850 4748 ἀναστρέψας
895 4676 1128 4747 ἤλαυνεν
1174 4679 1262 4732 ἐπ’
1295 4681 1560 4744 ἐκείνους.
1591 4682 1732 4752 Ἤδη
1781 4683 1838 4736 δὲ

265 4770 567 4825 ἐπελάϐετο
593 4771 627 4840 ή
658 4768 770 4834 νύξ.
804 4770 1023 4822 Λατῖνοι
1052 4769 1109 4822 δὲ
1143 4770 1220 4832 ὡς
1253 4765 1394 4824 εἶδον
1416 4772 1640 4842 βασιλέα
1670 4790 1838 4844 προσ-

269 4863 588 4927 ελαύνοντα,
627 4862 689 4914 τό
719 4877 780 4914 τε
830 4859 1055 4930 φεύγειν
1101 4861 1306 4932 ἄπορον
1351 4863 1612 4933 ὁρῶντες,
1654 4864 1748 4918 καὶ
1781 4866 1842 4917 τὸ

267 4953 688 5019 διαγωνίζεσθαι
739 4952 1024 5016 ἀδύνατον,
1077 4951 1286 5020 ῖξῷσαν
1336 4955 1420 5016 είς
1459 4953 1560 5024 τήν
1603 4955 1709 5024 γῆν
1739 4955 1841 5019 τὰς

267 5047 424 5112 ναῦς,
449 5045 724 5099 καὶαύτοὶ
757 5044 1182 5114 κατεκρύόησαν
1217 5045 1324 5099 ὑπὸ
1361 5046 1462 5116 τὴν
1489 5045 1645 5116 ὕλην,
1672 5063 1842 5116 συνη-

269 5140 468 5208 ρεφοῦς
504 5137 598 5191 τοῦ
641 5139 808 5191 τόπου
845 5137 1174 5207 πεφυκότος,
1210 5137 1328 5208 ἅμα
1351 5137 1408 5191 δι
1448 5139 1841 5210 συνεργοῦντος

269 5231 492 5285 καὶτοῦ
530 5231 777 5294 σκότους.
835 5231 945 5284 Καὶ
989 5231 1088 5294 τὰς
1139 5230 1240 5300 μὲν
1285 5233 1536 5301 τριήρεις
1584 5234 1842 5287 εἵλκυσαν

270 5323 432 5384 κενὰς
460 5321 510 5373 oi
542 5321 832 5390 βασιλικοί.
871 5320 1200 5382 Ἀποὸάντες
1242 5339 1302 5376 τε
1350 5321 1444 5374 καὶ
1488 5321 1843 5395 διερευνησά-

273 5429 420 5481 μενοι
447 5413 548 5482 τὴν
585 5413 819 5482 λόχμην,
867 5414 1008 5482 ὑπὲρ
1057 5415 1278 5484 ἡμίσεις
1338 5415 1520 5468 αὐτῶν
1568 5417 1696 5480 τοὺς
1743 5417 1842 5486 μὲν

270 5502 623 5570 ἀπέκτειναν,
657 5506 784 5566 τοὺς
812 5504 869 5556 δὲ
894 5505 986 5556 καὶ
1013 5499 1160 5557 εἷλον
1199 5504 1429 5568 ζῶντας.
1463 5489 1620 5558 ⁸⁸0σοί
1649 5507 1705 5559 δὲ
1736 5508 1843 5562 ὑπὸ

278 5593 464 5655 σκότος
495 5593 836 5662 ἠδυνήθησαν
865 5593 1175 5661 διαφυγεῖν,
1207 5595 1286 5656 είς
1317 5596 1630 5664 Μιτυλήνην
1654 5596 1844 5649 διεσώ-

280 5680 448 5751 θησαν
474 5685 611 5754 πρὸς
643 5683 768 5747 τοὺς
797 5686 1053 5758 οἰκείους.
1089 5686 1351 5750 Βασιλεὺς
1381 5686 1435 5738 δὲ
1469 5689 1582 5740 ἐκεῖ
1613 5688 1840 5759 πιγκέρ-

1942 4500 2122 4554 Latini
2167 4501 2244 4555 illi
2277 4502 2666 4571 imperatorem
2699 4499 2862 4554 allabi
2916 4509 3338 4570 cognoscentes,
3384 4503 3517 4572 quia

1938 4590 2063 4662 fuga
2091 4607 2358 4663 nusquam
2379 4591 2619 4663 patebat,
2639 4599 2693 4647 et
2718 4600 2910 4648 contra
2939 4605 3182 4662 pugnare
3217 4607 3329 4647 non
3350 4592 3518 4649 daba-

1943 4693 2052 4749 tur,
2079 4698 2245 4738 naves
2290 4683 2356 4736 ad
2407 4691 2606 4738 terram
2631 4681 2940 4752 appellunt,
2971 4691 3028 4738 et
3056 4682 3160 4753 ipsi
3198 4698 3258 4740 se
3289 4684 3345 4738 in
3378 4685 3514 4741 silva

1940 4776 2210 4845 proxima,
2260 4775 2383 4830 loco
2414 4784 2612 4830 natura
2646 4775 2908 4831 umbroso
2962 4783 3016 4830 et
3045 4789 3242 4846 opaco,
3276 4778 3518 4834 tenebris

1941 4873 2106 4928 etiam
2151 4889 2247 4928 eos
2297 4873 2683 4943 adjuvantibus
2733 4872 3106 4930 abscondunt.
3146 4874 3226 4930 Ac
3265 4875 3518 4930 triremes

1941 4963 2164 5032 quidem
2193 4977 2395 5018 vacuas
2418 4963 2650 5018 Romani
2682 4964 2988 5030 trahentes,
3015 4963 3361 5020 descendunt
3391 4977 3406 5016 :
3432 4963 3516 5018 lo-

1941 5069 2116 5122 caque
2143 5054 2407 5109 insidiosa
2433 5058 2784 5124 perscrutati,
2809 5071 2976 5126 supra
2999 5056 3291 5110 dimidium
3321 5069 3515 5110 eorum

1942 5147 2140 5216 partim
2171 5146 2473 5212 trucidant,
2499 5146 2697 5216 partim
2720 5148 2963 5216 capiunt.
2987 5146 3091 5212 Qui
3123 5161 3218 5216 per
3242 5147 3497 5202 tenebras

1943 5237 2188 5307 effugere
2217 5247 2537 5306 potuerunt,
2574 5237 2867 5309 Mitylenen
2893 5237 2974 5302 ,ad
3006 5252 3138 5292 suos
3158 5237 3293 5293 salvi
3323 5252 3514 5308 perve-

1946 5337 2169 5384 nerunt.
2221 5331 2550 5400 Imperator,
2603 5329 2869 5398 pincerna
2922 5329 3396 5400 Philanthropeno
3444 5331 3516 5388 ad

1943 5419 2238 5490 Mitylenen
2284 5421 2523 5489 pedestri
2566 5430 2622 5474 et
2672 5420 2920 5490 equestri
2961 5435 3124 5474 manu
3158 5421 3515 5480 obsidendam

1944 5511 2160 5576 relicto,
2188 5510 2472 5566 Phocaeam
2500 5526 2725 5565 cursum
2753 5510 3116 5574 intendit,cui
3152 5523 3279 5570 tunc
3305 5514 3516 5571 Odoar-

1945 5601 2051 5655 dus
2081 5609 2332 5670 prmerat.
2390 5601 2450 5656 ln
2499 5601 2678 5658 Lesbo
2731 5602 2898 5673 igitur
2947 5603 3151 5672 relicti,
3180 5609 3381 5678 oppida
3416 5624 3520 5665 cato

1950 5701 2061 5748 tera
2106 5690 2171 5747 ad
2212 5707 2382 5750 unum
2422 5695 2475 5750 in
2525 5693 2864 5753 deditionem
2900 5695 3179 5768 rccipiunt
3216 5718 3227 5752 :
3265 5699 3520 5776 Mitylene
