3992 6202
391 269 499 330 605

1554 261 2106 326 HISTORIARUM
2146 263 2378 324 LIBER
2420 262 2504 321 tt.
2601 212 2605 215 ’

3519 253 3631 315 fifﬁ

392 379 584 439 αὐτοὺς
627 371 783 446 οἴμαι
812 375 1068 445 ἐξάρνους
1091 375 1413 444 δυνήσεσθαι
1442 376 1694 444 γενέσθαι
1715 392 1728 408 ο
1765 375 1954 429 ἔπειτα

2061 376 2243 440 debet,
2271 376 2547 446 quomodo
2567 390 2664 444 per
2693 371 2844 428 nefas
2877 371 3052 426 aliena
3081 378 3310 439 occupet
3343 385 3358 422 :
3389 370 3486 423 sed
3520 372 3629 437 pri-

389 472 443 524 δὲ
473 469 595 522 οὖᾶ
630 468 814 530 ἀνοίας
849 468 943 521 καὶ
992 466 1251 530 ἀϐουλίας
1283 467 1599 520 κατελίπετε
1629 467 1954 536 ὑπερϐολήν.

391 559 496 610 ἠν
527 557 640 625 γὰρ
663 556 902 625 ἄρχοντα
931 556 1170 625 πολέμου
1211 556 1272 608 ού
1306 557 1410 626 χρὴ
1437 555 1594 608 τοῦτο
1625 557 1790 622 μόνον
1838 573 1960 609 σκο-

392 655 516 702 πεῖν
547 651 694 711 ὅπως
714 648 971 718 ἀδικήσῃ,
1007 648 1144 700 ἀλλά
1168 649 1381 717 πρῶτον
1416 649 1514 715 μὲν
1553 647 1689 715 είγε
1724 647 1960 716 μάλιστα

391 739 546 810 αὐτῷ
599 741 756 793 τοῦτο
809 738 1053 802 δυνατὸν,
1090 739 1282 790 ἔπειτα
1327 737 1405 799 δὲ,
1439 739 1488 789 εί
1543 739 1637 791 καὶ
1684 738 1961 807 ἀρκοῦσαν

393 830 621 899 δύναμιν
644 829 758 900 ἔχει
789 831 926 902 πρὸς
950 828 1010 882 τὸ
1032 829 1100 882 τὰ
1131 828 1455 898 ἀδικηθέντα
1475 827 1960 898 διασώζειν.Ὑμῐν

393 921 447 972 δέ
474 921 609 987 πρός
641 937 699 972 τε
732 923 792 972 τὸ
840 921 909 974 τὰ
937 919 1192 990 ἀλλότρια
1227 919 1497 988 ἁρπάζειν
1538 919 1571 986 ἠ
1607 917 1841 988 δύναμις
1869 921 1959 971 ἐν·

393 1005 539 1077 δεῆς,
558 1009 654 1062 καὶ
669 1008 805 1076 πρὸς
821 1009 880 1060 τὸ
907 1008 971 1061 τά
1003 1007 1328 1076 ἡρπασμένα
1355 1007 1644 1071 διασώζειν
1673 1006 1955 1076 ἐλαχίστη.

395 1095 588 1162 Λέσϐῳ
631 1097 731 1166 μὲν
756 1099 863 1166 γὰρ
891 1097 1160 1159 ἐπιόντες,
1188 1097 1417 1166 Δηλίους
1465 1097 1717 1150 ἐπείσατε
1749 1097 1843 1150 καὶ
1867 1097 1959 1149 Σι-

393 1185 657 1248 κελιώτας
690 1189 999 1256 συμμαχεῖν
1020 1201 1034 1217 ο
1065 1184 1322 1255 βασιλέως
1347 1186 1402 1238 δὲ
1435 1186 1960 1256 ἐπιστρατεύσαντος

396 1275 544 1344 ὑμῖν,
601 1278 652 1328 ot
683 1275 962 1345 σύμμαχοι
993 1275 1197 1346 ᾤχοντο
1235 1277 1378 1346 ὑμᾶς
1427 1277 1809 1342 ἀπολιπόντες,
1838 1276 1960 1329 οὐδὲ

393 1364 533 1418 δπλα
564 1365 843 1435 ἀνταίρειν
870 1365 1210 1434 δυνηθέντες.
1256 1365 1442 1436 ’Υμῶν
1472 1367 1527 1419 δὲ
1568 1366 1725 1438 μόνον
1762 1367 1958 1420 ὑπολε-

394 1454 731 1524 λειμμένων,
782 1457 832 1509 οι
865 1457 964 1525 μὲν
993 1450 1272 1510 ἀπώλοντο
1298 1456 1434 1510 κατά
1464 1456 1564 1525 τὴν
1593 1457 1872 1527 Καλλονὴν
1901 1457 1959 1509 ἐν

396 1546 557 1599 πέντε
600 1547 855 1617 τριήρεσι
885 1547 1295 1617 διαφθαρέντες,
1339 1549 1384 1600 οί
1413 1548 1470 1600 δὲ
1495 1547 1636 1601 κατά
1661 1548 1761 1617 τὴν
1788 1549 1962 1601 Μιτυ-

393 1637 564 1707 λήνην
591 1637 685 1691 καὶ
730 1633 985 1691 Φώκαιαν
1014 1639 1502 1709 ἀποκεκλεισμένοι
1556 1639 1956 1710 πολιορκεῖσθε,

2065 483 2212 522 mum
2236 467 2477 537 quidem,
2512 465 2714 520 satisne
2747 465 2890 519 istuc
2933 460 3219 515 commode
3266 460 3457 528 pessit;
3512 470 3626 511 tum

2064 575 2132 614 an
2162 559 2228 613 ad
2260 575 2323 613 ea
2349 575 2469 628 quae
2497 575 2592 625 per
2613 560 2718 612 vim
2748 554 3035 624 occupavit
3093 551 3466 606 conservanda
3509 553 3629 603 sul-

2067 651 2257 705 ﬁciens
2285 652 2336 705 ei
2371 650 2603 704 facultas
2639 648 2803 702 adsit.
2844 645 3014 700 Vobis
3057 652 3239 697 autem
3273 652 3326 693 et
3356 641 3422 694 ad
3449 641 3627 693 aliena

2065 741 2326 810 rapienda
2386 740 2533 793 vires
2559 746 2688 792 sunt
2737 751 2936 806 parvae,
2989 743 3044 788 et
3101 732 3169 786 ad
3223 740 3376 799 rapta
3408 745 3632 784 conser-

2064 833 2239 887 vanda
2283 831 2636 900 parvissinne.
2679 827 2892 882 Etenim
2923 827 3160 880 Lesbum
3220 823 3485 884 invasuri,
3521 821 3627 874 fte-

2064 925 2265 978 liorum
2307 921 2728 990 Siculorumque
2772 916 3392 1000 auxiliis‘indiguistis;
3435 923 3490 968 et
3527 916 3632 967 im-

2065 1013 2335 1085 peratoria
2369 1013 2540 1067 classe
2567 1009 2917 1074 adventante,
2947 1009 3078 1064 socii
3113 1008 3364 1062 imbelles
3389 1006 3626 1071 dilrnge-

2066 1111 2228 1168 runt;
2257 1115 2311 1156 et
2350 1102 2442 1156 alii
2479 1101 2696 1170 quidem
2743 1108 2986 1154 vestrum
3035 1098 3180 1166 apud
3232 1096 3510 1151 Callonem
3572 1094 3627 1145 in

2065 1195 2306 1263 quinque
2332 1192 2650 1246 triremibus
2674 1191 2998 1261 perierunt;
3031 1189 3122 1241 alii
3152 1188 3296 1240 intra
3331 1186 3627 1253 Mitylenen

2066 1295 2121 1340 et
2154 1286 2438 1340 Phocaeam
2467 1283 2709 1338 conclusi
2739 1296 2863 1335 cum
2887 1281 3095 1334 incerta
3126 1295 3222 1345 spe
3260 1278 3452 1331 salutis
3479 1277 3631 1327 obsi-

2067 1375 2292 1431 demini.
2337 1375 2414 1428 Ac
2449 1374 2617 1427 nolim
2668 1381 2721 1426 te
2770 1370 2958 1424 mirari
2983 1369 3128 1438 quod
3163 1368 3400 1422 dixerim
3421 1366 3625 1420 trullam

2067 1485 2168 1526 vos
2183 1468 2372 1525 salutis
2397 1476 2602 1523 certam
2629 1479 2780 1535 spem
2811 1463 2976 1533 296
2997 1463 3201 1524 fovere,
3228 1463 3439 1515 tametsi
3470 1474 3565 1514 vos
3594 1475 3630 1513 ε

2068 1561 2341 1616 moenibus
2392 1557 2688 1612 fortissime
2739 1554 3080 1616 defendatis;
3138 1567 3242 1606 nec
3304 1552 3478 1606 ullum
3532 1563 3629 1604 aut

2063 1655 2184 1706 leve
2235 1649 2496 1704 damnum
2549 1646 2834 1716 accipiatis
2864 1660 2893 1699 a
2929 1644 3075 1700 saxis
3128 1660 3248 1713 qua:
3275 1657 3306 1698 e
3341 1643 3633 1697 tormentis

396 1725 650 1795 οὐδεμίαν
680 1724 896 1796 ἔχοντες
917 1727 1104 1780 ἐλπίδα
1127 1725 1352 1797 βεϐαίαν
1392 1729 1686 1800 σωτηρίας.
1719 1729 1810 1800 Μὴ
1834 1731 1958 1784 θαυ-

2060 1743 2361 1815 iaciuntur,
2409 1755 2440 1795 a
2490 1739 2670 1802 scalis,
2721 1736 3042 1804 ceterisque
3104 1735 3393 1799 machinis,
3421 1750 3543 1804 qua!
3568 1735 3629 1789 in

399 1815 576 1887 μάσης
605 1815 660 1869 δέ
684 1816 734 1868 si
772 1816 1046 1886 μηδεμίαν
1093 1811 1249 1870 εἷπον
1282 1817 1474 1871 ἐλπίδα
1529 1817 1755 1887 βεϐαίαν
1785 1835 1961 1888 σωτη-

398 1905 519 1976 ρίας
541 1906 685 1976 ὑμᾶς
713 1906 882 1978 ἐχειν,
935 1907 1111 1962 καίτοι
1151 1908 1541 1976 καρτερώτατα
1586 1909 1963 1978 ἀμυνομένους

395 1993 504 2046 ἀπὸ
531 1991 641 2046 τῶν
658 1995 880 2064 τειχῶν,
909 1994 1003 2048 καὶ
1029 1995 1300 2066 μηδεμίαν
1331 1995 1364 2068 ἢ
1388 1995 1575 2064 ὀλίγην
1600 1995 1806 2066 βλάϐην
1829 1997 1964 2048 ὐπο-

395 2085 659 2153 μένοντας
687 2086 796 2138 ἀπό
829 2103 886 2140 τε
915 2086 1025 2140 τῶν
1058 2087 1439 2140 ἐκπιπτόντων
1463 2088 1561 2158 τῆς
1609 2088 1855 2159 μηχανῆς
1878 2087 1961 2139 λί-

393 2172 525 2238 θων,
554 2173 650 2227 καὶ
679 2173 789 2227 τῶν
830 2175 1153 2243 κλιμάκων,
1207 2177 1300 2229 καὶ
1333 2175 1443 2228 τῶν
1475 2175 1654 2230 ἄλλων
1707 2177 1964 2246 μηχανῶν

387 2263 502 2316 τῶν
536 2265 677 2318 κατά
703 2265 802 2330 τὰς
853 2265 1052 2335 συχνὰς
1096 2265 1455 2336 τειχομαχίας
1502 2269 1960 2338 προσαγομένων.

401 2355 699 2418 ’Δποδείξω
733 2357 843 2428 γὰρ
884 2357 1199 2424 σαφέστατα
1222 2359 1365 2428 ὑμᾶς
1396 2361 1458 2411 ού
1493 2358 1626 2412 πολὺ
1659 2359 1964 2429 ἀπέχοντας

387 2442 488 2496 τοῦ
517 2446 577 2497 ἐν
606 2445 856 2515 ἐσχάτοις
882 2445 1148 2509 κινδύνοις
1182 2439 1342 2501 εἴναι.
1372 2447 1553 2518 Τριῶν
1575 2448 1681 2519 γὰρ
1732 2449 1901 2501 δντων
1927 2447 1962 2501 ἃ

389 2535 466 2588 ἃν
523 2535 760 2604 μάλιστα
792 2535 1078 2598 διασώζειν
1133 2535 1353 2588 δύναιτο
1383 2537 1512 2598 τοὺς
1569 2537 1963 2606 πολιορκουμέ-

387 2643 541 2687 νους,
580 2625 678 2678 τοῦ
702 2627 762 2678 τέ
791 2627 958 2679 ποθεν
981 2626 1180 2692 ἔξωθεν
1217 2626 1550 2680 ἐπελθοῦσαν
1576 2628 1809 2696 δύναμιν
1837 2629 1963 2692 τοὺς

387 2716 820 2785 πολιορκοῦντας
852 2717 1098 2787 ἀνιστᾷν,
1141 2717 1342 2771 καὶτοῦ
1377 2717 1641 2786 ἀφθονίαν
1680 2720 1827 2772 σίτου
1866 2720 1961 2772 καὶ

391 2807 506 2860 τῶν
542 2807 720 2860 ἄλλων
753 2807 1076 2876 ἐπιτηδείων
1105 2809 1351 2878 ἔχοντας,
1385 2809 1521 2877 μετά
1551 2809 1834 2880 ῥᾳστώνης
1863 2809 1962 2881 τὴν

384 2900 717 2970 πολιορκίαν
765 2901 1068 2969 διαφέρειν,
1107 2902 1202 2954 καὶ
1256 2902 1442 2970 τρίτου
1471 2901 1568 2956 τοῦ
1614 2904 1705 2956 τὸν
1741 2904 1961 2973 πολιορ-

2064 1843 2175 1888 tam
2205 1829 2414 1888 crebris
2433 1827 2937 1898 oppugnationibus
2982 1827 3050 1880 ad
3087 1842 3278 1882 muros
3323 1827 3626 1880 admoven-

2062 1931 2187 1989 tur;
2213 1922 2606 1977 demonstrabo
2628 1921 2774 1976 enim
2824 1917 3396 1974 luculentissime'vos
3427 1915 3498 1971 ab
3526 1931 3628 1970 ex.

2061 2020 2238 2068 tremo
2263 2011 2582 2068 discrimine
2602 2010 2746 2066 baud
2768 2011 2926 2080 longe
2951 2010 3166 2072 abesse;
3200 2021 3328 2062 nam
3356 2021 3480 2061 cu
3509 2007 3614 2060 tria

2063 2101 2175 2157 sint
2225 2116 2348 2170 qua:
2395 2099 2651 2156 obsessos
2685 2113 2905 2154 servare
2959 2098 3217 2166 tuerique
3277 2095 3625 2165 potissimum

2061 2197 2285 2260 queant:
2313 2190 2550 2260 primum
2603 2189 2825 2244 aliunde
2879 2187 3276 2257 superveniens
3335 2184 3626 2247 auxilium,

2060 2296 2172 2350 quo
2200 2281 2410 2336 obsessi
2460 2280 2674 2346 erigant
2705 2278 2954 2342 animos;
2985 2278 3217 2331 alterum
3263 2274 3522 2330 frumenti
3559 2288 3626 2329 ac

2061 2366 2256 2436 reliqui
2288 2374 2626 2423 commeatus
2650 2365 3007 2428 abundantia,
3043 2364 3189 2418 unde
3223 2364 3382 2418 facile
3411 2363 3624 2432 perfer-

2061 2465 2148 2512 tur
2189 2457 2434 2524 obsidio;
2484 2456 2729 2520 tertium,
2761 2455 2982 2524 quando
3029 2455 3202 2510 hostis
3249 2454 3459 2508 diutius
3480 2453 3624 2507 assi-

2060 2533 2190 2604 dere
2219 2557 2315 2603 aut
2369 2548 2680 2618 sumptibus
2711 2540 2979 2612 defectus,
3013 2555 3108 2601 aut
3155 2546 3344 2600 animo
3393 2544 3624 2606 fractus,

2061 2649 2155 2706 aut
2208 2639 2313 2693 alia
2357 2638 2423 2693 de
2476 2653 2639 2694 causa
2693 2653 2802 2692 non
2843 2646 3045 2707 potest:
3079 2651 3180 2706 ego
3218 2634 3429 2690 docebo
3482 2634 3626 2688 nihil

2060 2729 2258 2784 horum
2297 2729 2454 2784 vobis
2484 2728 2697 2784 adesse.
2725 2729 2972 2784 Forsitan
3018 2726 3185 2795 igitur
3220 2725 3488 2780 auxilium
3521 2738 3622 2778 vos

2039 2811 2148 2907 liis
2215 2821 2577 2887 submissum,
2617 2828 2674 2875 et
2714 2836 2825 2874 non
2858 2818 3078 2874 aliunde
3108 2832 3270 2887 quam
3296 2815 3484 2872 Genua
3515 2818 3627 2885 (ut-

2057 2922 2187 2981 pote
2244 2928 2273 2966 a
2321 2914 2535 2992 civibus
2586 2912 2944 2982 cognatisque
2993 2910 3215 2979 vestris)
3284 2908 3626 2964 submissum

380 2991 594 3044 κοῦντα
609 2992 868 3046 ἀδύνατον
891 2987 1036 3077 εἶναι.
1051 2993 1521 3065 προσκαθέζεσθαι
1555 2994 1588 3066 ἢ
1620 2994 1689 3048 δι’
1721 2995 1956 3065 ἀπορίαν

2061 2997 2184 3066 quis
2220 2987 2630 3053 existimaverit.
2670 2999 2834 3068 Atqui
2871 2999 2976 3054 hoc
3009 3004 3119 3051 tam
3172 3005 3442 3050 remotum
3467 3002 3554 3049 est
3592 3009 3626 3049 a

377 3081 790 3150 ἀναλωμάτων,
825 3082 859 3154 ἢ
885 3081 972 3136 διὰ
1001 3073 1389 3153 μικροψυχίαν,
1435 3085 1468 3154 ἦ
1494 3101 1616 3138 τινα
1657 3084 1838 3137 αῑτίαν
1861 3085 1956 3139 ἀλ-

377 3173 513 3239 λην,
553 3171 666 3236 ἐγὼ
715 3173 847 3242 ὑμῖν
906 3173 1109 3241 προσὸν
1168 3173 1440 3238 ἀποδείξω
1485 3175 1692 3228 τούτων
1726 3175 1845 3228 οὐδὲ
1873 3176 1952 3234 ἐν.

379 3263 507 3332 Τὴν
548 3261 650 3332 μὲν
690 3258 785 3317 οὖν
815 3261 948 3328 ἴσως
984 3264 1050 3317 ἂν
1089 3265 1425 3318 ἐπελθοῦσαν
1473 3264 1674 3331 ἔξωθεν
1706 3265 1957 3335 βοήθειαν

376 3355 525 3423 ὑμῖν
559 3353 856 3420 οὐδαμόθεν
895 3354 1120 3408 ἄλλοθεν
1163 3357 1227 3408 ἀν
1282 3372 1366 3417 τις
1397 3355 1603 3424 οίηθείη
1649 3355 1680 3425 ἢ
1723 3357 1786 3408 ἐκ
1828 3356 1956 3408 Γεν-

375 3447 555 3508 νούας
584 3441 668 3497 οἷα
721 3446 792 3515 δὴ
814 3447 1106 3515 ὁμοφύλων
1144 3447 1316 3500 δντων
1360 3448 1488 3516 ὑμῖν
1521 3447 1615 3500 καὶ
1660 3446 1954 3515 συγγενῶν.

377 3534 566 3588 Τοῦτο
593 3535 648 3586 δὲ
673 3535 928 3588 τοσοῦτον
980 3537 1172 3606 ἀπέχει
1205 3536 1296 3589 τοῦ
1329 3532 1468 3589 εἷναι
1494 3535 1711 3606 ἀληθὲς,
1742 3537 1774 3605 ῆ
1813 3537 1958 3605 ὑμᾶς

373 3626 603 3679 οἴεσθαι
631 3625 894 3689 ἐλπίζειν,
925 3627 1064 3679 ὥστε
1105 3627 1418 3681 τούναντίον
1459 3628 1662 3696 μᾶλλον
1692 3626 1777 3694 ἐφ’
1812 3628 1955 3695 ὑμᾶς

374 3718 704 3769 ἐλεύσονται
731 3719 930 3769 ἐκεῖνοι
982 3717 1507 3787 ἐκπολιορκήσοντες
1535 3717 1612 3781 ὡς
1660 3717 1954 3785 πολεμίους

371 3805 461 3873 τῷ
497 3805 685 3871 κοινῷ,
719 3806 785 3856 ἂν
807 3804 1008 3875 κελεύῃ
1051 3805 1326 3874 βασιλεύς.
1363 3808 1507 3858 Ἰστε
1541 3808 1648 3876 γάρ
1685 3807 1748 3876 δὴ
1787 3807 1954 3874 σαφέ-

373 3913 566 3949 στατα
597 3897 752 3963 ὑμεῖς
773 3895 848 3958 ώς
873 3897 930 3946 ἐν
961 3895 1083 3957 ταῖς
1127 3896 1427 3966 συνθήκαις
1481 3899 1573 3950 καὶ
1616 3897 1729 3957 τοῖς
1751 3896 1953 3964 ὅρκοις,

370 3987 661 4054 οὒςπρὸς
717 3987 816 4056 τὴν
870 3987 1147 4053 βασιλείαν
1189 3981 1477 4055 Ῥωμαίων
1525 3984 1557 4054 ἠ
1595 3985 1762 4055 βουλὴ
1793 3985 1888 4038 καὶ
1928 3985 1956 4037 ό

371 4079 564 4148 δῆμος
626 4076 776 4129 ιθετο
825 4076 1091 4141 Γεννούας
1147 4077 1239 4146 ira
1269 4078 1334 4144 τῇ
1402 4074 1619 4145 εἰρήνῃ,
1660 4076 1797 4142 πρὸς
1846 4075 1958 4136 τοῖς

370 4171 571 4230 ἄλλοις
607 4168 994 4237 περιείληπται
1030 4165 1330 4231 καὶτοῦτο,
1357 4163 1418 4217 τὸ
1454 4163 1719 4232 μὴμόνον
1754 4162 1813 4216 τὸ
1845 4181 1958 4216 κοι-

371 4267 471 4312 νον
509 4258 696 4310 αὐτῶν
753 4258 1025 4328 μηδεμίαν
1088 4257 1290 4326 βλάϐην
1319 4256 1351 4325 ἢ
1384 4255 1586 4323 ζημίαν
1615 4255 1840 4320 ἐπάγειν
1888 4257 1955 4325 τῇ

2059 3087 2308 3152 veritate,
2361 3095 2682 3158 tantumque
2733 3088 2887 3143 abest
2921 3096 2980 3142 ut
3005 3086 3058 3141 id
3082 3086 3413 3155 sperandum
3468 3084 3634 3140 vobis

2057 3180 2148 3245 sit,
2182 3189 2242 3234 ut
2275 3179 2576 3234 timendum
2600 3179 2779 3248 potius
2808 3194 2875 3232 ne
2895 3186 3088 3233 contra
3117 3193 3216 3233 vos
3265 3177 3344 3231 illi
3381 3174 3628 3251 venturi,

2056 3277 2112 3323 et
2143 3268 2398 3323 hortante
2426 3267 2756 3336 imperatore
2787 3275 2849 3321 ut
2875 3265 3128 3322 inimicos
3170 3265 3486 3336 reipublicae
3529 3266 3632 3319 ob-

2059 3358 2262 3413 sessuri
2311 3356 2440 3412 sint.
2501 3357 2660 3412 Scitis
2693 3357 2841 3411 enim
2893 3357 3213 3427 planissime
3241 3357 3415 3426 pactis
3441 3365 3498 3410 et
3527 3353 3634 3410 fce-

2057 3447 2300 3512 deribus,
2332 3462 2454 3516 qua:
2482 3461 2604 3500 cum
2639 3447 2883 3500 Romano
2933 3446 3170 3514 imperio
3197 3454 3420 3499 senatus
3450 3460 3635 3513 popu-

2057 3539 2253 3606 iusque
2283 3535 2612 3592 Genuatium
2661 3534 2812 3602 pacis
2865 3547 3025 3586 causa
3090 3533 3240 3597 fecit,
3283 3541 3481 3602 praater
3515 3533 3624 3588 alia

2058 3627 2164 3680 hoc
2213 3627 2378 3679 etiam
2427 3623 2722 3686 contineri,
2759 3633 2818 3676 ut
2844 3636 3137 3676 commune
3193 3623 3437 3690 ipsorum
3509 3637 3628 3676 non

2057 3715 2222 3771 modo
2254 3715 2462 3769 nullum
2499 3713 2749 3766 Romano
2801 3712 3035 3779 imperio
3088 3710 3480 3765 detrimentum
3526 3711 3626 3765 da-

2055 3819 2315 3862 mnumve
2355 3791 2612 3872 imponet
2640 3801 2704 3868 (si
2735 3801 2947 3855 nullam.
2981 3799 3111 3855 belli
3144 3801 3492 3855 occasionem
3531 3800 3630 3854 de-

2058 3897 2242 3964 derit),
2270 3896 2366 3950 sed
2393 3894 2580 3964 siquis
2611 3893 2774 3949 etiam
2808 3893 3055 3962 privatus
3090 3893 3399 3946 Romanum
3435 3907 3629 3961 quem-

2057 3989 2202 4059 piam
2232 3987 2459 4052 lzeserit,
2494 3995 2554 4040 ut
2578 3985 2646 4040 de
2671 3984 3113 4055 possessionibus
3133 3993 3229 4038 aut
3273 3983 3631 4040 facultatibus
3667 4035 3670 4038 .

2059 4079 2177 4149 ejus
2232 4079 2479 4134 Romano
2548 4077 2714 4133 multa
2767 4076 3030 4131 solvatur.
3093 4075 3185 4130 Sin
3235 4076 3464 4144 imperio
3518 4075 3634 4130 Rc-

2059 4185 2221 4226 mano
2267 4170 2696 4225 detrimentosus
2729 4167 3020 4230 exstiterit,
3073 4175 3168 4220 aut
3225 4165 3481 4230 insulam,
3535 4174 3633 4220 aut

2059 4258 2385 4312 maritimam
2421 4256 2636 4321 urbem,
2673 4263 2766 4310 aut
2791 4253 2938 4309 aliud
2970 4253 3258 4324 diripiens.
3309 4263 3370 4306 ut
3437 4251 3629 4307 cadent

382 4349 688 4413 Ῥωμαίων
739 4347 984 4416 βασιλεία⁵
1042 4346 1320 4414 πρόφασιν
1360 4343 1600 4411 πολέμου
1629 4344 1692 4395 ού
1723 4359 1953 4411 παρεχο-

2060 4349 2269 4403 ratione
2299 4347 2365 4401 de
2391 4361 2582 4400 eorum
2616 4343 3081 4416 possessionibus,
3129 4353 3224 4398 aut
3253 4342 3630 4421 facultatibus,

374 4442 554 4512 μένῃ,
596 4436 734 4488 ἀλλά
761 4438 854 4490 καὶ
883 4437 977 4489 ἐάν
1009 4453 1092 4499 τις
1125 4434 1342 4503 ἰδιώτης
1395 4433 1663 4502 Ῥωμαῖον
1696 4429 1953 4501 ἀδικήσῃ,

367 4533 490 4584 ἀπδ)
524 4529 638 4580 τῶν
671 4528 980 4596 προσόντων
1014 4525 1164 4595 αύτῷ
1223 4524 1518 4595 κτημάτων
1545 4524 1578 4594 ἦ
1613 4523 1959 4593 πραγμάτων

369 4623 480 4691 τὴν
514 4620 719 4688 ζημίαν
750 4617 1158 4687 ἀπολαμϐάνειν
1185 4616 1276 4668 τὸν
1320 4616 1613 4684 Ῥωμαῖον.
1655 4615 1752 4665 ’Ἂν
1786 4613 1844 4666 δέ
1865 4613 1958 4666 καὶ

368 4717 440 4783 τῇ
483 4711 743 4780 βασιλείᾳ
781 4709 1068 4777 Ῥωμαίων
1121 4709 1222 4776 τὴν
1255 4705 1459 4774 ζημίαν
1505 4704 1762 4774 προξενῇν
1800 4703 1833 4769 ἢ
1865 4703 1961 4777 νῆτ

372 4820 475 4856 σον
511 4801 851 4869 διαρπάζων,
883 4799 914 4866 ἢ
943 4797 1100 4850 πόλιν
1131 4798 1252 4850 τινὰ
1299 4795 1566 4865 παράλιον
1589 4795 1624 4864 ἢ
1659 4810 1710 4847 τι
1751 4793 1834 4846 ἓτε
1847 4808 1956 4861 ρον,

368 4895 472 4948 τὸν
525 4892 639 4944 ἴσον
675 4892 875 4960 τρόπον
903 4889 1011 4941 ἀπὸ
1065 4888 1175 4940 τῶν
1239 4886 1462 4939 ἐκείνων
1515 4885 1814 4954 κτημάτων
1863 4881 1960 4934 καὶ

371 4983 755 5054 πραγμάτων,
804 4982 854 5033 ει
884 4981 1068 5033 πολλοὶ
1118 4976 1229 5032 εἷεν
1259 4978 1292 5047 ἦ
1345 4974 1446 5040 εἷς,
1472 4978 1572 5048 τὴν
1599 4977 1803 5045 ζημίαν
1831 4978 1959 5028 ἁποο

371 5072 670 5129 τίννυσθαι
703 5071 933 5137 βασιλεῖ,
959 5073 1122 5124 αὐτὸν
1149 5071 1207 5124 δὲ
1229 5069 1564 5139 ψηφίζεσθαι
1598 5068 1858 5135 πολέμιον
1881 5065 1958 5135 τῷ

371 5168 548 5236 δήμῳ
583 5163 678 5216 καὶ
707 5168 772 5235 τῇ
809 5163 991 5234 βουλῇ,
1025 5165 1118 5217 καὶ
1173 5160 1491 5235 στρατεύειν
1531 5160 1616 5211 ἐπ’
1649 5161 1854 5211 ἐκεῖνον
1883 5160 1958 5221 ὼς

372 5257 622 5310 ἄπιστον
644 5253 738 5306 καὶ
767 5252 1037 5323 προδότην
1081 5251 1175 5304 τοῦ
1217 5248 1422 5304 κοινοῦ.
1469 5242 1542 5300 Ob
1577 5248 1641 5318 δὴ
1671 5249 1831 5301 ἕνεκα
1865 5249 1957 5301 καὶ

377 5342 622 5417 βασιλέα
681 5344 983 5412 πρεσϐείαν
1031 5343 1166 5412 πρὸς
1218 5343 1485 5394 Γέννουαν
1531 5339 1956 5402 ἀπεσταλκέναι,

374 5437 536 5489 ὥστε
589 5434 664 5502 μὴ
722 5434 884 5502 μόνον
934 5432 1004 5488 τὰ
1038 5435 1294 5500 κτήματα
1325 5432 1481 5497 ὑμῶν
1510 5431 1620 5480 τῶν
1657 5431 1957 5498 χρημάτων

373 5531 558 5585 ἕνεκα
585 5519 662 5580 ὧν
687 5526 930 5578 ἀνάλωσε
968 5524 1218 5589 πολεμῶν
1258 5525 1386 5592 ὑμῖν
1428 5520 1787 5591 παραλαϐεῖν,
1825 5521 1958 5574 ἀλλά

379 5619 484 5672 καὶ
521 5618 766 5687 τριήρεις
801 5614 1059 5669 καλεῦσαι
1095 5613 1306 5682 πέμψαι
1357 5611 1478 5666 καθ’
1514 5612 1670 5682 ὑμῶν
1714 5612 1852 5666 κατὰ
1893 5612 1958 5664 τά

2061 4457 2157 4496 seu
2188 4441 2399 4510 plures,
2457 4454 2551 4494 seu
2585 4453 2727 4492 unus
2763 4437 3026 4492 duntaxat
3080 4435 3264 4502 fuerit,
3311 4435 3629 4506 imperatori

2060 4531 2311 4596 satisfiat,
2377 4531 2601 4600 ipseque
2653 4544 2682 4584 a
2725 4539 2918 4582 senatu
2977 4527 3288 4596 populoque
3351 4525 3630 4583 Genuensi

2060 4621 2232 4676 hostis
2259 4620 2555 4690 iudicetur,
2620 4626 2676 4672 et
2698 4633 2848 4671 arma
2883 4615 2939 4670 in
2975 4616 3127 4671 illum
3161 4625 3220 4670 ut
3253 4614 3524 4685 perﬁdum
3567 4630 3636 4670 ac

2061 4713 2374 4780 reipublicae
2400 4711 2732 4781 proditorem
2753 4710 3059 4779 capiantur.
3082 4709 3252 4781 Cujus
3275 4709 3355 4764 rei
3385 4710 3555 4779 gratia
3575 4717 3636 4763 et

2060 4804 2439 4871 imperatorem
2454 4801 2518 4855 ad
2533 4800 2848 4856 Genuenses
2863 4801 3186 4870 legationem
3209 4799 3418 4854 misisse
3438 4801 3633 4862 nostis,

2060 4905 2166 4945 non
2186 4892 2362 4945 solum
2388 4900 2442 4944 ut
2468 4890 2665 4944 fundos
2692 4898 2747 4960 _et
2766 4889 2922 4943 villas
2956 4899 3165 4945 vestras
3188 4889 3257 4944 ad
3297 4887 3635 4943 reﬁciendos

2059 4989 2330 5050 sumptus,
2345 4981 2473 5035 dum
2488 4982 2769 5036 vobiscum
2788 4980 3090 5050 belligerat,
3109 4979 3363 5034 toleratos
3377 4977 3630 5044 recipiat,

2059 5074 2154 5128 sed
2181 5087 2277 5127 eos
2306 5074 2529 5142 insuper
2557 5073 2622 5126 ad
2654 5074 2906 5127 triremes
2931 5070 3231 5126 secundum
3272 5079 3540 5123 conventa
3572 5076 3632 5122 rt

2054 5161 2362 5232 juramenta
2396 5171 2584 5216 contra
2633 5175 2733 5216 vos
2764 5159 3060 5214 mittendas
3095 5157 3395 5228 impulisse.
3430 5155 3632 5222 Quam-

2059 5253 2253 5310 obrem
2318 5270 2426 5309 non
2484 5253 2792 5309 subsidium
2850 5251 3074 5318 Genua,
3157 5249 3252 5303 sed
3304 5247 3506 5302 bellum
3571 5251 3630 5302 et

2060 5345 2277 5402 hostilis
2321 5346 2665 5417 adnavigatio
2721 5343 2892 5413 magis
2938 5339 3300 5411 exspectanda
3334 5339 3488 5393 vobis
3519 5346 3629 5393 est.

2061 5437 2234 5490 Porro
2267 5445 2323 5489 et
2359 5437 2532 5490 victus
2560 5434 2745 5505 inopia
2773 5448 2873 5487 vos
2902 5432 3176 5494 laborare,
3204 5430 3478 5498 pauloque
3503 5433 3627 5497 post

2062 5522 2205 5589 quod
2245 5521 2508 5575 lia-sitctis
2559 5539 2667 5576 non
2702 5522 3006 5584 habituros,
3046 5537 3111 5575 ex
3146 5535 3204 5574 re
3235 5518 3348 5586 ipsa
3379 5517 3502 5572 duci
3534 5533 3624 5572 ar-

2067 5624 2382 5682 gumcntum
2433 5615 2798 5669 certissimum
2843 5621 3042 5683 potest.
3087 5613 3234 5684 Quos
3278 5612 3422 5668 enim
3483 5613 3621 5667 urbe
