3992 6202
396 229 509 294 607

1569 228 1892 292 JOANNIS
1931 225 2468 292 CANTACUZENI

3519 233 3617 298 608

400 346 654 413 exegistis
689 346 934 407 Romani.
962 347 1122 418 297
1158 363 1502 418 quorumque
1524 347 1797 401 alimentis
1820 344 1956 398 frui-

2089 344 2406 414 τυγκείμενα
2461 347 2554 400 καὶ
2583 346 2706 410 τοὺς
2741 346 2959 418 ὅρκους.
2993 346 3159 400 Ὥστε
3183 346 3244 401 ἐκ
3270 347 3535 413 Γεννούας
3568 354 3623 406 ού

403 435 562 502 mini,
581 451 887 490 mensuram
917 438 1189 490 alimoniae
1207 452 1330 492 cum
1356 437 1700 491 obsessorum
1726 435 1972 489 multitu-

404 527 533 580 dine
562 528 975 591 contendentes,
1038 530 1177 582 intra
1205 530 1374 583 breve
1401 541 1614 596 tempus
1641 528 1972 583 omnimodis

405 625 709 680 commeatu
730 633 825 672 vos
841 620 1110 674 carituros
1129 619 1417 674 aflirmant.
1435 621 1574 690 Ergo
1598 623 1711 673 haec
1727 636 1832 674 una
1845 635 1972 689 spes

408 710 603 762 salutis
631 719 818 771 restat,
851 710 895 763 si
946 711 1246 779 imperator
1297 713 1454 766 deses
1500 712 1693 775 factus,
1722 721 1816 766 aut
1848 729 1974 781 pro-

412 808 532 865 pter
563 801 822 867 impensa:
856 801 1316 868 magnitudinem,
1351 813 1445 855 aut
1472 812 1696 871 propter
1724 805 1971 857 attritum

407 887 802 957 labm-ibnsqne
861 890 1168 944 confectum
1233 893 1563 956 exercitum,
1618 904 1713 948 aut
1748 906 1974 964 propter

409 978 785 1032 imminentem
822 981 1059 1034 hiemem
1095 982 1436 1037 obsidionem
1464 987 1657 1038 solvat.
1695 987 1806 1053 Ego
1845 981 1975 1042 vero

407 1080 461 1122 rt
495 1073 544 1120 in
575 1070 658 1124 his
687 1071 858 1124 nostri
912 1073 1156 1140 ipsorum
1209 1074 1384 1128 factus
1424 1076 1694 1144 proditor,
1754 1095 1972 1133 omnem

410 1162 483 1212 rei
519 1161 797 1216 Veritatem
833 1168 1070 1232 gratuito
1131 1181 1446 1233 expromam
1479 1184 1492 1220 :
1523 1184 1834 1238 quanquam
1883 1186 1978 1225 vos

405 1251 491 1302 vel
525 1251 786 1305 talentum
831 1253 1003 1308 fuisse
1054 1266 1440 1310 numeratnros
1467 1258 1661 1318 sciam,
1693 1259 1735 1312 si
1762 1275 1882 1328 quae
1910 1259 1977 1313 de

407 1341 565 1394 Vobis
599 1346 747 1397 taciti
781 1347 1108 1414 cogitamus,
1171 1363 1298 1401 vere
1332 1365 1666 1417 cognosCt-sre
1705 1351 1974 1406 licuisset.

408 1431 516 1485 Sed
553 1434 700 1487 enim
742 1436 897 1490 vobis
931 1437 1036 1491 hoc
1068 1438 1238 1506 gratis
1263 1439 1421 1493 dabo.
1480 1441 1802 1508 Imperator,
1851 1458 1973 1508 nos,

410 1522 794 1590 exercitusque
826 1541 1076 1594 magnam
1114 1536 1322 1594 partem
1351 1528 1572 1582 dommn
1606 1529 1976 1598 discedemus,

410 1624 480 1664 ne
526 1610 615 1665 hic
665 1622 868 1667 temere
930 1630 992 1669 ac
1018 1615 1222 1670 frustra
1251 1633 1594 1673 maceremnr
1632 1636 1645 1672 :
1677 1621 1976 1686 prtesertim

412 1717 537 1756 cum
594 1713 649 1758 et
701 1706 810 1760 illic
875 1710 1182 1775 respublica
1233 1710 1472 1765 oﬂicium
1538 1713 1980 1782 industriamque

413 1807 658 1850 nostram
702 1797 997 1858 desideret.
1038 1817 1199 1869 quam
1243 1804 1292 1857 ei
1350 1803 1454 1857 nisi
1515 1817 1810 1873 praesentes
1845 1822 1982 1875 prae-

414 1898 559 1944 stare
617 1906 722 1944 non
777 1906 1087 1960 possumus.
1121 1892 1219 1949 Hic
1247 1895 1313 1949 ad
1351 1897 1779 1951 continuandam
1834 1899 1982 1953 obsi-

415 1979 636 2033 dionem
687 1982 942 2036 triremes
987 1984 1158 2039 denas
1204 1996 1261 2040 et
1320 1988 1598 2042 uniremes
1643 1989 1863 2042 vicenas
1898 2005 1986 2044 re-

414 2070 732 2140 linquemus
770 2090 782 2124 :
815 2084 1074 2142 praatcrea
1129 2076 1198 2129 de
1261 2078 1493 2132 navibus
1526 2079 1822 2134 Sarchanis
1851 2097 1985 2135 uua-

417 2169 544 2214 tuor
569 2168 625 2215 et
656 2162 868 2231 viginti,
929 2165 1292 2220 adnumerato
1340 2180 1607 2238 quantum
1665 2187 1839 2241 usque
1912 2173 1980 2228 ad

416 2267 644 2306 vernam
696 2262 1077 2322 tempestatem
1136 2255 1336 2312 sufﬁcit
1381 2261 1677 2328 stipendio.
1712 2263 1891 2333 Atque
1927 2264 1984 2320 hi

416 2355 514 2395 vos
543 2351 599 2394 et
628 2339 974 2413 Mytilenaeos,
1009 2362 1038 2400 a
1077 2349 1211 2401 mari
1250 2348 1390 2404 facto
1429 2351 1657 2420 impetu.
1701 2363 1856 2410 certo
1888 2370 1984 2426 op-

419 2430 738 2500 pugnabant
773 2450 785 2486 :
824 2451 853 2488 a
885 2439 1198 2493 continente
1255 2440 1552 2508 Sarchanis
1604 2445 1776 2514 capi-.e
1821 2447 1980 2501 auxi-

418 2521 584 2578 liares
613 2526 746 2578 satis
776 2538 1047 2595 prement.
1089 2530 1404 2600 Mytilenmis
1440 2516 1570 2588 varo
1609 2536 1986 2593 Romanorum

421 2614 742 2670 conductitii
820 2618 1126 2688 ingressum
1183 2622 1237 2675 in
1301 2625 1530 2678 insulam
1597 2627 1986 2691 intercludent,

422 2713 484 2758 ut
519 2705 681 2760 ambo
740 2715 882 2760 terra
939 2711 1184 2779 marique
1222 2712 1425 2766 vietum
1479 2715 1740 2770 invehere
1798 2717 1987 2786 prohi-

420 2796 680 2852 beamini.
718 2796 856 2853 Vere
897 2816 1037 2853 novo
1070 2817 1260 2871 magna
1308 2805 1480 2858 classe
1531 2820 1887 2873 revertemur,
1923 2824 1990 2863 eo

419 2889 624 2950 animo,
647 2900 705 2944 ut
733 2891 919 2946 tandiu
947 2908 1044 2947 vos
1071 2910 1469 2965 Oppugnemus,
1497 2899 1676 2966 quoad
1709 2899 1790 2952 vel
1825 2899 1988 2962 fame,

2081 437 2241 504 μόνον
2294 439 2614 507 ἐπικουρίαν
2649 439 2926 509 οὐδεμίαν,
2984 438 3118 492 ἀλλὰ
3152 439 3244 492 καὶ
3277 440 3512 508 πόλεμον
3545 443 3629 494 καὶ

2075 527 2341 582 ἐπίπλουν
2397 531 2700 601 προσδοκᾷν
2759 533 2889 600 χρή.
2928 530 3051 585 Ὀτι
3095 531 3153 583 δέ
3187 532 3276 584 καὶ
3309 530 3419 584 τῶν
3451 532 3632 601 ἐπιτη-

2073 615 2233 670 δείων
2266 618 2360 671 νῦν
2396 635 2456 671 τε
2487 619 2685 682 ἐνδεεῖς
2717 621 2866 684 ἐστε,
2901 620 2996 672 καὶ
3026 620 3146 690 μετ’
3165 619 3346 686 ὀλίγον
3377 619 3636 688 ἐπιλείψει

2077 709 2358 772 παντελῶς
2385 709 2551 780 ὑμᾶς,
2589 710 2649 775 ἐξ
2710 711 2889 764 αὐτῶν
2918 711 2984 765 ἄν
3011 729 3096 774 τις
3152 711 3261 764 τῶν
3299 713 3636 780 πραγμάτων

2073 799 2418 870 ἀληθέστατα
2472 804 2831 870 τεκμήραιτο.
2866 801 2930 853 Oi
2995 800 3102 868 γὰρ
3160 799 3506 865 ἐξελαθέντες
3550 802 3639 854 τοῦ

2074 892 2266 952 ἄστεος
2303 892 2392 959 ὑφ’
2425 891 2580 960 ὑμῶν
2615 892 2918 961 Ῥωμαῖοι,
2973 885 3048 946 ὧν
3077 892 3232 945 αὐτοὶ
3260 893 3332 945 τά
3363 893 3638 960 ἐπιτήδεια

2075 985 2332 1048 λαϐόντες
2392 984 2621 1055 χρῆσθε,
2678 983 2739 1037 τὸ
2772 983 2972 1054 μέτρον
3021 983 3120 1052 τῆς
3179 983 3394 1053 τροφῆς
3429 983 3561 1050 πρὸς
3585 984 3640 1034 τδ

2075 1075 2182 1128 τῶν
2215 1075 2688 1144 πολιορκουμένων
2725 1073 2932 1142 πλῆθος
2965 1072 3330 1142 λογιζόμενοι,
3365 1073 3518 1134 ἐντὸς
3550 1071 3646 1123 ὀλί-

2077 1180 2174 1231 γου
2205 1163 2398 1233 χρόνου
2431 1161 2747 1215 παντάπασί
2775 1178 2940 1230 φασιν
2969 1162 3113 1230 ὑμᾶς
3153 1161 3222 1213 τὰ
3262 1159 3411 1213 σιτία
3450 1159 3644 1212 ἐπιλεί-

2075 1254 2221 1323 ψειν.
2259 1253 2524 1307 Λείπεται
2559 1254 2624 1324 δὴ
2654 1252 2783 1320 μίαν
2812 1251 3202 1304 ὑπολείπεσθαι
3250 1249 3448 1304 ἐλπίδα
3485 1267 3649 1319 σωτη-

2080 1346 2224 1415 ρίας,
2259 1345 2320 1397 τὸ
2347 1344 2578 1414 βασιλέα
2623 1343 3020 1416 ρᾳθυμήσαντα
3056 1343 3090 1412 ἢ
3123 1343 3212 1396 διὰ
3237 1343 3301 1395 τὸ
3334 1343 3448 1394 τῶν
3480 1342 3650 1394 ἀναλι-

2081 1439 2359 1509 σκομένων
2423 1437 2628 1508 πλῆθος
2666 1436 2966 1508 χρημάτων
2997 1473 3014 1500 ,
3080 1433 3115 1503 ἢ
3143 1433 3232 1487 διά
3256 1433 3358 1504 τὴν
3392 1434 3534 1486 κατὰ
3558 1432 3650 1500 τὴν
3711 1493 3720 1500 _

2080 1530 2369 1601 στρατείαν
2393 1529 2764 1584 κακοπάθειαν
2793 1527 2976 1582 λύσειν
3001 1531 3104 1598 τὴν
3132 1525 3476 1597 πολιορκίαν,
3510 1525 3542 1594 ἦ
3573 1525 3652 1578 διὰ

2079 1623 2140 1675 τὺ
2199 1621 2443 1692 χειμῶνα
2478 1619 2819 1688 ἐπιγίνεσθαι
2866 1618 2968 1690 ἤδη
2998 1619 3334 1688 προσδοκᾷν.
3409 1615 3552 1682 Ἐγὼ
3599 1613 3652 1666 δὲ

2085 1717 2178 1770 καὶ
2205 1715 2338 1785 περὶ
2371 1715 2560 1767 τούτου
2617 1711 2887 1782 προδότης
2915 1712 3218 1779 γενήσομαι
3253 1709 3415 1778 ἡμῶν
3459 1708 3651 1771 αὐτῶν,

2085 1808 2179 1859 καὶ
2214 1804 2440 1875 μηνύσω
2479 1804 2683 1873 προῖκα
2736 1802 2882 1856 ἅπαν
2914 1800 3168 1870 τάληθές.
3214 1799 3418 1851 Καίτοι
3447 1815 3508 1866 γε
3532 1796 3653 1847 πολ-

2084 1900 2179 1953 λοῦ
2231 1899 2298 1952 ἂν
2349 1896 2610 1966 ἐπρίασθε
2660 1892 2842 1958 αὐτοὶ,
2874 1892 2932 1946 εὖ
2963 1889 3097 1957 οἶδα,
3153 1893 3203 1944 εί
3237 1891 3277 1944 ἃ
3305 1887 3656 1957 διανοούμεθα

2087 1987 2215 2056 περὶ
2243 1985 2396 2054 ὑμῶν
2422 1984 2637 2054 ἀληθῶς
2690 1983 2973 2051 ἐξεγένετο
3003 1980 3220 2050 μαθεῖν.
3268 1978 3419 2047 Ἐγὼ
3451 1979 3506 2032 δὲ
3536 1979 3653 2047 ὑμῖν

2087 2078 2184 2131 καὶ
2216 2076 2376 2130 τοῦτο
2424 2074 2746 2146 χαριοῦμαι.
2781 2072 3045 2135 Βασιλεὺς
3076 2071 3176 2141 μὲν
3214 2070 3332 2140 γάρ
3371 2071 3467 2122 καὶ
3506 2070 3656 2138 ἡμεῖς

2088 2171 2182 2224 καὶ
2209 2169 2268 2221 τὸ
2297 2168 2432 2221 πολὺ
2463 2167 2562 2232 τῆς
2593 2165 2848 2235 στρατιᾶς
2881 2163 3065 2217 οἴκαδε
3105 2161 3550 2231 ἀπελευσόμεθα,
3575 2161 3654 2213 ίνα

2093 2261 2169 2332 μὴ
2227 2259 2350 2327 είκῆ
2403 2257 2499 2312 καὶ
2549 2241 2727 2326 μάτην
2775 2254 3242 2324 κατατριὸὠμεθα
3285 2252 3545 2314 ἐνταῦθα,
3575 2251 3652 2304 άλρ

2089 2352 2196 2416 λως
2224 2368 2282 2404 τε
2329 2350 2423 2403 καὶ
2454 2347 2566 2400 τῶν
2613 2347 2789 2400 ἐκεῖσε
2822 2344 3165 2416 πραγμάτων
3197 2343 3526 2412 ἐπιμελείας
3554 2341 3654 2393 δεο-

2094 2446 2293 2516 μένων,
2327 2446 2394 2514 ἢν
2414 2441 2515 2494 οὒκ
2543 2439 2662 2504 ἐξὸν
2691 2439 2965 2492 ποιεῖσθαι
2997 2436 3071 2508 μὴ
3103 2437 3217 2489 ἐκεῖ
3240 2433 3655 2505 ἐπιδημοῦντας.

2103 2537 2384 2591 Ἐνταυθοῖ
2417 2536 2471 2588 δὲ
2505 2533 2642 2603 πρὸς
2687 2533 2786 2604 τὴν
2818 2530 3136 2596 πολιορκίαν
3173 2529 3312 2583 δέκα
3347 2526 3654 2594 καταλεὲψο-

2095 2648 2195 2700 μεν
2216 2629 2484 2698 τριήρεις,
2517 2626 2612 2680 καὶ
2649 2625 2906 2695 μονήρεις
2938 2621 3136 2688 εἴκοσι,
3170 2622 3269 2676 καὶ
3321 2621 3515 2691 ἐτέρας
3551 2618 3654 2670 τέτα

2091 2737 2264 2786 ταρας
2303 2721 2395 2772 καὶ
2420 2719 2592 2771 είκοσι
2623 2717 2722 2779 τὰς
2741 2717 2836 2770 τοῦ
2860 2714 3110 2786 Σαρχάνη
3128 2712 3284 2778 ναῦς,
3333 2711 3521 2781 μισθὸν
3557 2727 3653 2760 πι-

2096 2810 2386 2882 ρασχόντες
2417 2811 2774 2881 διαρκέσοντα
2820 2809 2948 2877 άχρι
2979 2802 3146 2877 ἦρος.-
3174 2804 3237 2860 Οἳ
3303 2805 3452 2873 ὑμᾶς
3479 2819 3534 2854 τε
3567 2799 3654 2853 καὶ

2093 2903 2490 2972 Μιτυληναίους
2518 2901 2773 2969 ἀσφαλῶς
2807 2899 3263 2970 πολιορκήσουσιν
3297 2895 3654 2967 ἐφορμοῦντες

421 2979 506 3032 vel
543 2982 712 3036 armis
737 2985 996 3048 domitos,
1024 2984 1076 3038 in
1107 2987 1425 3040 servitutem
1481 2988 1810 3058 redigamus.
1841 2990 1982 3044 Prae-

2089 2998 2147 3049 ἐκ
2183 2995 2456 3064 θαλάσσης
2483 3011 2495 3024 ’
2528 2995 2590 3046 ἐκ
2629 2993 2684 3045 δὲ
2725 2992 2955 3062 ἠπείρου
3001 2993 3134 3060 ὑμῖν
3189 2989 3291 3059 μὲν
3338 2988 3656 3059 ἀρκέσουσιν

423 3078 508 3124 ter
535 3071 652 3128 hmo
702 3074 838 3130 alias
893 3078 1073 3133 adhuc
1125 3079 1470 3148 imperatoris
1497 3082 1858 3150 cogitationes
1889 3100 1984 3138 oc-

422 3165 600 3218 cultas
655 3183 762 3221 non
828 3169 1065 3224 habebo.
1131 3173 1254 3226 Vult
1335 3173 1483 3226 enim
1541 3173 1696 3228 vobis
1749 3174 1989 3230 obsessis

422 3258 684 3312 onmihus
713 3259 939 3314 alterius
970 3263 1250 3328 optionem
1281 3279 1401 3317 esse
1434 3262 1656 3332 juratis,
1705 3274 1800 3317 aut
1847 3265 1988 3317 intra

423 3344 621 3400 muenia
660 3360 964 3414 manentes,
1010 3352 1109 3420 ipsi
1166 3363 1223 3408 et
1247 3353 1621 3408 Genuensium
1674 3355 1987 3423 reipublica:

426 3440 609 3494 hostes
637 3441 848 3509 haheri,
883 3454 976 3499 aut
1009 3460 1280 3515 egressos,
1309 3455 1364 3501 et
1393 3463 1422 3502 a
1451 3447 1606 3502 vobis
1644 3449 1986 3516 secedentes,

425 3547 542 3604 non,
589 3535 656 3588 ab
734 3536 1062 3605 imperatore
1121 3539 1384 3593 duntaxat
1427 3541 1842 3596 commissorum
1895 3557 1990 3596 ve-

427 3625 569 3678 niam
621 3640 675 3682 et
738 3629 1064 3699 ἀμνηστίαν,
1120 3632 1216 3686 sed
1279 3632 1445 3686 etiam
1509 3633 1651 3702 apud
1695 3648 1992 3688 commune

390 3715 794 3773 'Gcnuensium
853 3722 1234 3791 impunitatem
1278 3725 1398 3794 ejus
1441 3726 1771 3780 auctoritate
1794 3739 1991 3779 conse-

423 3809 539 3877 qui.
598 3809 752 3876 Quod
788 3829 950 3882 quam
985 3815 1168 3868 multis
1229 3817 1375 3868 inter
1401 3816 1660 3870 obsessos
1712 3815 1779 3869 ad
1811 3816 1994 3870 detec-

427 3902 628 3956 tionem
681 3905 1034 3960 incitamento
1096 3906 1339 3961 futurum
1399 3909 1488 3972 sit,
1549 3923 1658 3961 non
1729 3915 1780 3960 te
1830 3905 1987 3974 fugit.

425 3991 656 4056 Quando
690 3996 856 4063 igitur
909 4007 966 4051 et
1014 3997 1082 4050 ab
1128 3999 1288 4052 initio
1310 4008 1508 4066 prteter
1531 3998 1613 4051 fas
1646 3999 1749 4052 hoc
1782 3999 1987 4053 bellum

425 4085 758 4144 suscilaslis.
789 4097 842 4140 et
899 4105 1042 4143 mine
1072 4091 1232 4142 rebus
1259 4101 1448 4143 contra
1480 4106 1630 4159 spem
1665 4090 1992 4147 cadentibus

426 4187 532 4225 non
597 4175 922 4244 insipientiae
977 4177 1152 4230 solum
1200 4176 1552 4248 audaciteth
1595 4180 1810 4246 culpam
1866 4197 1989 4234 sus-

429 4263 632 4328 tinetis,
690 4281 877 4318 verum
911 4266 1074 4320 etiam
1138 4267 1192 4320 iu
1239 4269 1623 4337 gravissimum
1689 4269 1988 4325 discrimen

425 4357 741 4422 dvvenistis,
800 4357 894 4428 qui
972 4359 1185 4412 tandem
1239 4358 1532 4422 conducet.
1595 4369 1688 4413 aut
1718 4364 1992 4430 quomodo

425 4461 609 4504 mente
663 4466 759 4504 sua
812 4454 1178 4505 constantium
1231 4451 1356 4514 erit,
1404 4452 1544 4505 mala
1595 4455 1823 4508 consilia
1887 4471 1992 4510 non

424 4552 738 4609 permutare
777 4543 1116 4605 melioribus,
1155 4552 1212 4597 et
1251 4543 1459 4612 aliquid
1491 4543 1617 4597 inde
1649 4545 1715 4599 ad
1762 4548 1994 4602 salutem

426 4633 680 4686 idoneum
711 4632 930 4696 elicere,
987 4634 1150 4703 298
1180 4635 1272 4688 sed
1308 4636 1670 4702 perstolidam
1693 4640 1998 4694 contentio-

425 4739 547 4779 nem
573 4731 628 4776 et
649 4723 1012 4791 arrogantiam
1034 4726 1355 4794 semetipsos
1386 4729 1465 4782 ire
1487 4729 1780 4797 perditum,
1797 4739 1851 4783 et
1874 4747 1998 4800 pro-

423 4813 646 4882 pinquis
683 4826 747 4865 ac
779 4815 1107 4867 necessariis
1147 4831 1255 4869 non
1281 4817 1522 4885 inopiam
1553 4825 1610 4872 et
1637 4819 1992 4875 amissionem

423 4905 742 4960 facultatum
771 4907 1148 4960 tantummodo
1178 4923 1392 4976 parere,
1427 4923 1613 4964 verum
1645 4913 1808 4966 etiam
1837 4912 1994 4978 igno-

422 4993 1005 5065 miniam'perpetuam
1037 4998 1302 5053 inurere?
1338 5001 1534 5056 Adhuc
1568 5011 1767 5072 prteter
1802 5004 1995 5060 isthaec

423 5087 607 5140 omnia
633 5102 759 5142 cum
791 5087 1120 5156 imperatore
1147 5090 1351 5146 bellum
1389 5092 1612 5155 ducere,
1640 5110 1992 5164 nequaquam

422 5179 580 5236 vobis
613 5181 868 5249 prodi-sse
901 5183 1211 5237 ostendam.
1269 5184 1568 5245 Etsi.enim
1599 5204 1778 5256 neque
1803 5189 1992 5254 armis,

424 5285 605 5338 neque
639 5271 801 5335 fante,
834 5288 1011 5342 neque
1039 5267 1148 5329 alia
1187 5279 1421 5345 quadam
1449 5279 1532 5331 via
1565 5279 1631 5331 ad
1659 5279 1994 5335 deditionem

423 5377 521 5414 vos
551 5363 880 5430 compellere
944 5367 1268 5434 poterimus,
1307 5381 1485 5423 tamen
1543 5385 1609 5425 ne
1659 5373 1738 5426 sic
1768 5373 1992 5440 quidem

424 5449 580 5503 vobis
620 5452 893 5508 conducet
935 5456 1196 5511 obsideri.
1236 5459 1500 5525 Primum,
1548 5476 1657 5514 non
1695 5473 1753 5516 ιιι
1778 5478 1995 5531 semper

425 5539 846 5607 obsidet-emitti,
886 5554 940 5598 ct
995 5551 1219 5615 penuria
1254 5551 1433 5605 victus
1494 5553 1820 5622 ueterisque
1878 5555 1994 5610 bel-

428 5633 612 5688 lorum
644 5633 1011 5693 incommodis
1046 5643 1454 5706 pretneremini,
1487 5643 1645 5697 Lesbi
1697 5655 1848 5699 tanto
1871 5661 1993 5701 cum

2027 4323 2073 4380 D

2087 3090 2119 3157 ἠ
2149 3088 2241 3141 τοῦ
2273 3087 2524 3158 Σαρχάνη
2557 3085 2936 3154 παρακειμένη
2989 3082 3239 3152 στρατιά.
3277 3075 3654 3145 Μιτυληναίοις

2084 3179 2141 3232 δέ
2175 3180 2224 3231 oi
2261 3177 2546 3246 Ῥωμαίων
2581 3176 2901 3246 μισθοφόροι
2940 3175 3038 3245 τὴν
3079 3175 3159 3236 είς
3183 3173 3286 3244 τὴν
3318 3171 3524 3226 Λέσϐον
3551 3168 3653 3232 ἐξο-

2085 3271 2174 3324 δον
2203 3270 2576 3338 άπείρξουσιν,
2611 3268 2753 3322 ὥστε
2801 3269 2896 3321 καὶ
2941 3267 3292 3337 ἀμφοτέρους
3327 3261 3655 3334 ἑκατέρωθεν

2089 3363 2449 3432 ἀπείργεσθαι
2504 3362 2569 3415 ἐκ
2606 3377 2668 3414 τε
2715 3360 2821 3428 γῆς
2877 3360 2970 3414 καὶ
3025 3359 3302 3426 θαλάττης
3355 3355 3452 3410 τοῦ
3503 3352 3656 3423 μηδὶν

2089 3452 2330 3519 εἰσάγειν
2360 3450 2468 3502 τῶν
2529 3449 2876 3518 ἐπιτηδείων.
2913 3448 3065 3516 ’Ἅμα
3114 3446 3174 3498 δὲ
3223 3441 3323 3515 ἦρι
3357 3441 3650 3514 ἀρχομένῳ.

2092 3543 2262 3612 στόλῳ
2297 3540 2516 3610 μεγάλῳ
2539 3535 2697 3599 αὖθις
2722 3539 2807 3607 ἐφ’
2829 3539 2970 3609 ὑμᾶς
3000 3535 3416 3604 πλευσούμεθα,
3445 3533 3654 3600 γνώμην

2091 3628 2302 3700 ἔχοντες
2334 3628 2496 3697 μέχρι
2522 3629 2720 3702 παντὸς
2743 3629 3145 3698 διακαρτερεῖν,
3175 3626 3337 3694 ἄχρις
3368 3625 3434 3678 ἂν
3467 3618 3653 3693 ἣλιμῷ

2090 3722 2123 3790 ἢ
2148 3721 2333 3782 ὅπλοις
2353 3720 2864 3790 παραστησάμενοι,
2891 3717 3478 3790 ἐξανδραποδισώμεθα
3502 3714 3653 3783 ὑμᾶς.

2092 3813 2233 3881 Πρὸς
2267 3811 2475 3873 τούτοις
2502 3811 2560 3863 δὲ
2605 3811 2702 3863 καὶ
2755 3810 2946 3880 ἑτέραν
2978 3809 3240 3880 βασιλέως
3271 3809 3524 3862 ἐπίνοιαν
3564 3806 3655 3857 οὐκ

2094 3903 2418 3972 ἀποκρύψω.
2471 3901 2730 3954 Βούλεται
2761 3900 2870 3972 γὰρ
2901 3902 3016 3964 τοῖς
3070 3896 3654 3969 συμπολιορκουμένοις

2094 3995 2223 4063 ὑμῖν
2259 3995 2393 4047 πᾶσι
2445 3993 2512 4045 δι’
2545 3993 2726 4062 ὅρκων
2779 3993 2991 4066 αἵρεσιν
3025 3991 3310 4056 προθεῖναι
3344 3991 3378 4060 ἢ
3413 3990 3656 4058 μένοντας

2093 4083 2244 4145 ἐντὸς
2265 4081 2460 4151 τειχῶν
2491 4079 2784 4149 πολεμίους
2817 4079 2968 4149 αὐτῷ
3011 4096 3067 4132 τε
3093 4075 3234 4131 εἶναι
3272 4080 3371 4132 καὶ⁵
3398 4078 3475 4146 τῷ
3503 4071 3652 4140 κοινῷ

2093 4175 2373 4237 Γεννούας.
2403 4173 2436 4244 ἣ
2455 4171 2559 4237 ἔξω
2575 4171 2899 4244 γενομένους
2916 4169 3013 4222 καὶ
3053 4168 3458 4229 καταλιπόντας
3497 4165 3651 4231 ὑμᾶςς

2099 4267 2175 4336 μὴ
2214 4267 2372 4334 μόνον
2438 4262 2589 4330 παρὰ
2641 4261 2908 4331 βασιλέως
2962 4263 3145 4328 τυχεῖν
3181 4258 3516 4326 συγγνώμης
3571 4253 3652 4306 καὶ

2101 4358 2404 4428 ἀμνηστίας
2433 4349 2506 4410 ὧν
2547 4355 3018 4424 ἐξημαρτήκασιν,
3069 4351 3206 4406 ἀλλὰ
3261 4354 3357 4403 καὶ
3391 4350 3538 4418 παρὰ
3585 4345 3654 4412 τῷ

2100 4449 2263 4518 κοινῷ
2290 4446 2551 4505 Γεννούας
2581 4444 2846 4514 ἀζημίους
2868 4440 3028 4504 εἶναι,
3061 4440 3328 4511 βασιλέως
3363 4441 3459 4510 τὴν
3482 4439 3650 4492 ἄδειαν

2098 4539 2534 4612 παρασχομένου.
2559 4537 2737 4606 Ὅπερ
2769 4537 2850 4588 ὅτι
2889 4533 3114 4594 πολλοὺς
3148 4534 3258 4585 τῶν
3288 4533 3418 4602 ύμῖν
3449 4546 3646 4599 συμπο-

2096 4632 2496 4704 λιορκουμένων
2525 4630 2704 4682 πείσει
2734 4625 3060 4694 ἀποστῆναι,
3084 4625 3197 4678 οὐδ’
3233 4624 3397 4686 αὐτὸς
3430 4624 3645 4688 dno/osi;

2098 4727 2228 4780 Ὀτε
2254 4725 2435 4778 τοίνυν
2485 4721 2545 4786 ἐξ
2597 4721 2769 4790 ἀρχῆς
2817 4735 2876 4771 τε
2910 4718 2969 4770 ού
3026 4717 3211 4769 δίκαια
3247 4715 3530 4774 ποιοῦντες
3565 4713 3645 4764 τὸν

2097 4819 2330 4886 πόλεμον
2357 4815 2682 4884 κεκινήκατε
2711 4811 2944 4874 τουτονὶ,
2977 4809 3072 4863 νῦν
3096 4827 3158 4862 τε
3187 4809 3294 4863 τῶν
3324 4806 3645 4879 πραγμάτων

2097 4905 2409 4976 ἐναντίωςῆ
2449 4905 2602 4959 αὐτοὶ
2632 4903 3003 4972 προσεδοκᾶτε
3045 4903 3432 4972 χωρησάντων,
3475 4898 3531 4950 οὐ
3564 4895 3650 4963 pd-

2097 5016 2188 5053 vov
2235 4997 2491 5059 ἀϐουλίας
2551 4995 2646 5049 καὶ
2702 4994 2996 5055 ἀσυνεσίας
3051 4992 3250 5062 ὄφλετε
3311 4989 3645 5060 κατηγορίαν.

2097 5090 2239 5145 ἀλλὰ
2273 5089 2368 5142 καὶ
2399 5088 2455 5140 ἐν
2484 5087 2731 5156 ἐσχάτοις
2769 5084 3068 5148 κατέστητε
3101 5081 3390 5145 κινδύνοις,
3441 5077 3538 5131 ποῦ
3564 5077 3644 5126 λυ-

2101 5181 2306 5244 σιτελὲς
2335 5180 2368 5250 ἢ
2397 5176 2819 5248 σωφρονούντων
2857 5175 2992 5236 ὅλως
3024 5175 3335 5243 ἀνθρώπιον
3387 5173 3460 5243 μὴ
3496 5184 3646 5239 μετα-

2099 5271 2448 5328 ϐουλεύεσθαι
2501 5270 2632 5340 περὶ
2677 5268 2784 5321 τῶν
2824 5267 3009 5329 κακῶς
3069 5265 3524 5335 βεϐουλευμένων,
3559 5257 3642 5310 καὶ

2099 5366 2374 5437 σωτηρίαν
2423 5361 2546 5416 τινά
2581 5360 2762 5422 αὐτοῖς
2793 5362 2854 5412 ἐκ
2889 5358 2996 5410 τῶν
3047 5358 3275 5419 ἐνόντων
3328 5349 3640 5421 ἐκπορίζειν,

2099 5459 2232 5514 ἀλλὰ
2258 5457 2346 5511 διὰ
2377 5453 2706 5524 φιλονεικίαν
2734 5451 2829 5505 καὶ
2873 5451 3191 5512 ἀλαζονείαν
3223 5448 3348 5502 νοῦν
3375 5446 3470 5499 οῦκ
3505 5445 3641 5510 Exeu-

2101 5566 2221 5613 σαν,
2251 5543 2447 5609 αὐτούς
2475 5562 2534 5598 τε
2564 5543 2898 5597 ἀπόλλυσθαι
2929 5541 3138 5604 κακῶς,
3172 5541 3266 5593 καὶ
3297 5532 3638 5601 τοῖξοίκείοις

2098 5645 2156 5698 οῦ
2185 5643 2376 5696 πενίαν
2421 5639 2581 5710 μόνον
2636 5637 2726 5690 καὶ
2763 5634 3129 5705 ἀποστέρησιν
3163 5634 3270 5687 τῶν
3307 5631 3486 5690 ὄντων,
3520 5621 3637 5675 ἀλλὰ
