3992 6202
325 306 428 366 CO9

1478 309 2020 370 ntsmnmnun
2071 310 2300 368 LIBER
2344 293 2468 368 ιῐῇ

3445 316 3550 382 620

323 412 413 459 xxi.
440 408 652 472 άδιιξίαν
707 409 1126 480 προστρίόεσθαι
1181 412 1270 465 διὰ
1329 413 1486 482 βίους
1534 415 1675 483 Ἐγὼ
1707 417 1764 470 δὲ
1795 416 1883 471 καί

1998 417 2278 487 impendio
2321 415 2595 484 potiundae
2637 413 2838 485 cupido
2870 402 3021 474 vobis
3081 420 3326 486 incessit,
3360 426 3452 478 sed
3491 435 3551 479 ut

321 501 521 553 τούτων
558 500 818 552 ἁπάντων
849 501 1042 568 χωρὶς,
1095 503 1346 571 οὐδαμῶς
1382 505 1759 560 λυσιτελοῦντα
1789 509 1881 561 τὸν

321 592 454 656 πρὸς
501 590 725 660 βασιλέα
777 592 1014 659 πόλεμον
1053 594 1182 662 ὑμῖν
1232 595 1516 662 ἀποφανῶ.
1549 597 1610 649 Εἰ
1655 597 1764 666 γὰρ
1791 599 1884 652 καὶ

321 686 459 756 μήτε
512 684 718 748 ὅπλοις,
777 691 913 754 μήτε
944 685 1110 753 λιμῷ,
1149 688 1277 756 μήθ’
1309 689 1471 760 ἑτέρᾳ
1524 693 1740 762 μηχανῇ
1775 707 1882 742 τινι

317 775 771 842 ππραστήσασθαι
802 774 1145 844 δυνησόμεθα
1199 776 1363 845 ὑμᾶς,
1399 779 1509 831 οὐδ’
1537 779 1682 832 οὕτω
1703 780 1763 832 τὸ
1789 797 1886 833 πο-

314 862 652 931 λιορκεῖσθαι
681 864 1087 933 λυσιτελήσειεν
1125 866 1191 918 ἂν
1216 868 1362 935 ὑμῖν.
1393 868 1615 938 Πρῶτον
1644 870 1741 938 μὲν
1775 871 1884 940 γὰρ

312 953 416 1005 οὐκ
448 954 542 1005 ἐπί
583 954 660 1021 τῷ
689 954 950 1022 διηνεκῶς
1007 955 1415 1027 πολιορκεῖσθαι
1459 961 1550 1013 καὶ
1584 960 1760 1030 ἐνδείᾳ
1790 964 1886 1016 καὶ

311 1044 424 1104 τοῖς
455 1043 634 1106 ἄλλοις
660 1046 770 1106 τοῖς
803 1045 868 1097 ἐκ
920 1045 1018 1098 τοῦ
1055 1048 1298 1117 πολέμου
1355 1053 1546 1113 κακοῖς
1599 1052 1885 1114 πιέζεσθαι

311 1132 523 1185 Λέσϐου
581 1135 858 1204 κρατῆσαι
914 1137 1042 1205 ὑμῖν
1095 1139 1297 1208 ἐπῆλθε
1355 1141 1593 1194 τοσαῦτα
1624 1143 1884 1212 χρήματα

310 1224 676 1288 ἁναλωκόσιν,
716 1225 834 1279 ἀλλ’
867 1229 960 1280 ἐπὶ
987 1229 1064 1297 τῷ
1097 1229 1484 1300 πολλαπλασίω
1515 1232 1624 1284 τῶν
1675 1233 1884 1286 ἀναλω-

312 1317 496 1382 μὲνων
523 1319 915 1387 κτησαμένους,
947 1322 1044 1373 καὶ
1071 1321 1174 1390 τῆς
1195 1322 1362 1392 νήσου
1386 1313 1656 1390 ἔχειντὴν
1687 1325 1884 1392 ἀρχήν.

1987 509 2262 577 impensas
2330 507 2512 596 multo‘
2560 506 2858 576 majoribus
2919 509 3122 565 divitiis
3181 513 3549 576 consolantis.

1988 599 2183 653 insulae
2234 613 2455 668 quoque
2487 597 2846 652 dominatum
2907 598 3240 656 obtineretis
3275 617 3288 654 :
3322 603 3374 656 in
3440 619 3552 671 quo

1985 691 2217 746 multum
2251 691 2409 759 plane
2437 699 2616 744 vestra
2650 705 2746 742 vos
2788 690 2991 744 delusit
3039 693 3248 760 opinio.
3281 693 3413 747 Nam
3455 712 3554 764 pe-

1986 783 2205 837 cuniam
2240 782 2293 835 in
2330 780 2586 835 triremes
2609 780 3026 850 absumpsistis,
3069 795 3121 837 et
3165 785 3340 838 insula
3371 785 3555 856 (Mity-

1985 873 2107 928 lene
2133 872 2381 942 excepta)
2411 873 2794 941 imperatorem
2831 889 3023 928 rursus
3048 876 3354 945 principem
3391 892 3550 930 suum

1985 965 2251 1036 agnoscit,
2304 979 2466 1041 quam
2532 964 2697 1032 (sicut
2739 973 2795 1019 et
2841 965 3144 1036 Phocaeam)
3180 968 3552 1035 prmsidiarios

1987 1055 2239 1110 mercede
2283 1055 2583 1109 conductos
2647 1071 2755 1109 non
2806 1056 3091 1125 pauciores
3155 1057 3302 1111 mille
3335 1069 3553 1126 oportet

1988 1146 2158 1199 alere.
2214 1145 2368 1200 Unde
2432 1144 2598 1214 igitur
2645 1146 2901 1199 alimenta
2945 1145 3052 1199 illis
3090 1147 3555 1216 suppeditabitis?

1988 1234 2174 1304 Neque
2201 1236 2350 1290 enim
2380 1237 2434 1288 in
2478 1236 2712 1288 navibus
2737 1246 2943 1288 tantum
2976 1237 3221 1304 pecuniae
3240 1237 3552 1302 habebatis,

1987 1334 2252 1393 quantum
2307 1325 2582 1379 obsidioni
2629 1326 2924 1380 tolerandae
3007 1327 3314 1393 sulliceret;
3371 1345 3554 1396 neque

321 1402 488 1456 Γοῦτο
521 1405 566 1457 δ’
589 1401 850 1469 ἐναντίως
898 1408 930 1478 ἢ
978 1409 1134 1464 αὐτοὶ
1173 1411 1490 1482 συμὸέδηκε
1522 1413 1884 1482 προσδοκᾶτε.

307 1493 392 1546 Τά
423 1511 484 1547 τε
535 1495 644 1566 γὰρ
674 1498 933 1566 χρήματα
986 1499 1292 1554 άνάλωνται
1333 1501 1412 1562 εἰς
1456 1502 1557 1562 τὰς
1594 1503 1841 1571 τριήρεις
1867 1517 1882 1533 ⁶

1989 1416 2178 1471 Genua
2234 1417 2457 1470 missum
2509 1416 2572 1468 iri
2622 1417 2952 1485 sperandum
2979 1428 3083 1471 est.
3118 1418 3250 1470 Nam
3283 1435 3404 1488 quae
3443 1421 3554 1475 illic

1987 1506 2300 1575 possidetis,
2333 1518 2388 1560 et
2420 1506 2564 1559 unde
2601 1507 2900 1576 vectigalia-
2944 1507 3266 1576 eapiebatis,
3319 1510 3553 1576 impera-

307 1583 474 1653 καὶ-ἠ
521 1585 686 1655 νῆσος
742 1587 850 1640 ὑπὸ
879 1589 1103 1658 βασιλέα
1132 1587 1290 1652 αὖθις
1342 1590 1487 1643 τελεῖ
1534 1591 1675 1659 πλὴν
1706 1593 1883 1645 Μιτυ-

1990 1598 2094 1650 tori
2140 1595 2637 1666 adjudicabuntur;
2685 1607 2886 1665 etquae
2934 1599 3084 1664 prius
3126 1600 3350 1654 Phocais
3400 1603 3556 1656 vobis

305 1670 520 1742 λήνης,
561 1673 632 1742 ἦν
656 1674 738 1727 δεῖ
789 1675 881 1728 καὶ
923 1677 1177 1728 Φώκαιαν
1230 1677 1490 1747 φρουρεῖν
1522 1677 1883 1749 μισθοφόρους

1996 1685 2274 1754 pendebat
2356 1685 2559 1739 bellum
2645 1686 2885 1739 sustulit.
2946 1686 3160 1740 Etenim
3245 1696 3552 1741 mercatura

308 1764 620 1833 τρέφοντας
653 1767 838 1836 χιλίων
857 1769 956 1826 οὐκ
987 1769 1270 1832 ἐλάσσους.
1291 1770 1460 1823 Πόθεν
1483 1769 1579 1824 οὖν
1603 1772 1881 1840 ποριεῖσθε

1985 1776 2186 1838 omnis,
2223 1775 2382 1830 nobis
2406 1791 2555 1830 mare
2584 1775 2917 1840 tenentibus,
2939 1778 3283 1846 conquievit;
3317 1789 3373 1831 et
3404 1779 3551 1846 agri-

308 1854 412 1922 τὴν
444 1856 649 1926 τροφὴν
702 1857 921 1924 αὐτοῖςς
959 1857 1099 1912 υύτε
1143 1860 1252 1932 γὰρ
1315 1862 1574 1930 χρήματα
1619 1861 1793 1930 είχετε
1823 1862 1882 1914 ἐν

1989 1866 2206 1920 cultura
2237 1881 2332 1934 per
2372 1881 2474 1920 nos
2499 1881 2673 1935 usque
2705 1866 2844 1921 adeo
2881 1869 3167 1930 arcemini,
3205 1879 3264 1922 ut
3294 1883 3363 1922 ne
3393 1877 3554 1937 porta

306 1946 435 2006 ταῖς
477 1947 667 2000 ναυσὶν
699 1947 735 2000 ἃ
757 1948 1031 2017 διαρκέσει
1066 1949 1205 2018 πρὸς
1237 1949 1337 2019 τὴν
1389 1950 1726 2019 πολιορκίαν,
1759 1949 1883 2004 οὔτε

1990 1956 2214 2026 quidem
2276 1955 2430 2010 urbis
2490 1970 2686 2016 secure
2762 1956 2954 2025 pedem
3033 1956 3232 2012 eﬂerre
3306 1959 3550 2028 possitis.

304 2034 370 2086 ἐκ
406 2035 676 2100 Γεννούας
711 2038 867 2102 ἐλπὶς
897 2039 1094 2096 ἐλθεῖν.
1145 2041 1226 2092 Τὰ
1254 2041 1364 2111 γὰρ
1393 2042 1571 2094 ἐκεῖσε
1629 2042 1883 2110 κτήματα

1989 2045 2168 2112 Quare
2220 2046 2335 2099 sive
2388 2044 2557 2098 armis
2602 2045 2992 2112 subjugeniini,
3059 2047 3172 2099 sive
3237 2063 3368 2110 non,
3407 2049 3552 2104 unde

304 2127 472 2195 ὑμῶν
499 2128 537 2182 ἃ
569 2133 796 2202 παρεῖχε
825 2133 923 2195 τὰς
947 2133 1270 2204 προσόδους,
1308 2134 1413 2186 ὑπὸ
1446 2132 1676 2203 βασιλέα
1709 2133 1883 2186 ἔσται·

1991 2133 2139 2188 unde
2170 2133 2430 2202 periculis
2460 2132 2767 2202 cingimini.
2803 2133 2942 2200 Ergo
2972 2133 3230 2200 quoniam
3271 2135 3418 2186 salus
3461 2149 3554 2188 ve-

301 2220 362 2271 αἵ
390 2237 460 2272 τε
493 2221 558 2273 ἐκ
582 2223 835 2286 Φωκαίας
881 2225 1305 2296 προσγινόμεναι
1345 2223 1610 2294 πρότερον
1638 2225 1883 2294 πρόσοδοι

1986 2233 2099 2278 stra
2128 2223 2329 2292 agitur,
2389 2236 2498 2275 non
2553 2221 2735 2276 obiter
2781 2233 2834 2276 et
2871 2222 3018 2276 velut
3047 2237 3146 2290 per
3181 2231 3553 2284 transennam,

300 2312 442 2379 ὑμῖν
483 2313 794 2384 ἀφῄρηνται
849 2315 937 2368 διά
961 2316 1051 2370 τὸν
1087 2316 1344 2384 πόλεμον.
1387 2315 1659 2384 Ἐμπορία
1686 2331 1746 2367 τε
1780 2313 1883 2385 γὰρ

1985 2317 2079 2368 sed
2129 2329 2254 2368 cum
2287 2313 2478 2369 amicis
2506 2329 2594 2368 res
2625 2313 3028 2384 perpendenda,
3067 2323 3123 2368 et
3173 2312 3388 2368 utilitati
3420 2328 3552 2368 con-

296 2401 597 2456 ἐκλέλοιπε
620 2406 788 2471 πᾶσα,
809 2405 1577 2478 θαλασσοκρατούντωνήμῶν,
1603 2407 1694 2459 καὶ
1716 2422 1883 2475 γεωρ-

1985 2404 2276 2462 sulendum
2306 2413 2410 2461 est.

297 2491 433 2557 γίας
478 2493 846 2566 ἀπείργομεν.
887 2498 1008 2550 οὐδὲ
1048 2499 1110 2549 τὸ
1139 2497 1325 2550 πυλῶν
1377 2497 1696 2567 προϐαίνειν
1731 2498 1888 2550 ἀκίν·

295 2599 464 2656 δυ’-ιον
499 2581 560 2638 ὃν
592 2585 737 2653 ὑμῖν.
773 2587 933 2640 Ὥστε
964 2587 1226 2642 πάντοθεν
1266 2589 1557 2657 συμϐαίνει
1620 2584 2010 2658 περιΐστασθαι
2074 2584 2165 2635 τὸν
2224 2580 2489 2643 κίνδυνον,
2513 2579 2578 2633 ἄν
2609 2595 2669 2631 τε
2732 2578 3004 2648 κρατῆσθε
3037 2581 3150 2644 τοῖς
3169 2579 3380 2646 ὅπλοις,
3407 2580 3470 2632 ἄν
3491 2594 3551 2630 τε

299 2676 371 2743 μή
405 2691 424 2705 ο
458 2674 539 2737 ὡς
565 2677 660 2730 οὖν
695 2679 818 2748 περὶ
846 2681 1122 2749 σωτηρίας
1181 2681 1313 2750 ὑμῖν
1353 2680 1799 2749 βουλευσομένοις
1823 2680 1924 2732 οὐκ
1962 2679 2021 2731 ἐν
2052 2675 2314 2746 παρέργῳ
2379 2671 2484 2744 χρὴ
2530 2671 2804 2726 ποιεῖσθαι
2852 2672 2952 2743 τὴν
2982 2671 3200 2743 βουλὴν,
3249 2673 3385 2727 ἀλλὰ
3414 2672 3553 2742 μετὰ

296 2767 404 2819 τῶν
431 2767 612 2836 φίλων
633 2773 1006 2840 σκεψαμένους
1037 2772 1105 2827 τὰ
1126 2774 1312 2828 δέοντα
1336 2773 1575 2828 ἑλέσθαι.

1709 2889 1936 2946 CAPUT
1977 2884 2169 2942 XXXI.

294 2976 541 3059 δρριιιια
574 2977 784 3059 culpam
807 2979 1028 3059 fatetur,
1060 2981 1336 3059 consilium
1366 3001 1396 3037 a
1423 2983 1703 3059 domestico
1733 2983 1877 3049 petit.
1913 2976 2137 3059 suadet,
2183 2973 2398 3059 religioni
2425 2970 2880 3059 _olt_"fnt‘perntore
2904 2969 3314 3059 “petendemLet
3354 2973 3552 3059 obsides

366 3048 585 3101 Persas
614 3038 1090 3120 eifcond'onandos;
1129 3052 1415 3119 Mytilenen
1437 3062 1485 3105 et
1529 3038 1804 3120 Pliocmrint
1833 3045 2198 3120 restituendos.
2231 3041 2402 3120 Quam
2423 3038 2598 3120 multis
2625 3041 2881 3120 bouisﬁos
2901 3049 3328 3120 remune‘raturus
3357 3044 3424 3095 sit
3453 3046 3546 3120 im:

363 3131 603 3188 ρει-οισι·
633 3117 802 3188 doce},
840 3127 916 3188 et,
956 3127 1011 3168 ut
1072 3108 1359 3185 maturent,
1415 3127 1678 3176 lcertatur.
1737 3118 1961 3172 Phocum
2020 3125 2068 3167 et
2118 3112 2368 3183 Mytilene
2418 3108 2722 3163 redduntur.
2763 3108 2930 3163 Filios
2975 3109 3172 3163 obsides
3216 3110 3393 3166 Persa:
3444 3112 3552 3166 terti

367 3185 652 3254 accipiunt
682 3201 700 3238 :
735 3185 919 3239 Lesbos
943 3195 1053 3240 tota
1081 3199 1443 3259 recuperatur.

371 3300 630 3355 Τοιαῦτα
691 3301 780 3354 τοῦ
850 3305 1086 3376 μεγάλου
1168 3307 1492 3377 δομεστίκου
1573 3303 1880 3376 εἰρηκότος,

2058 3299 2344 3353 Hactenus
2399 3311 2631 3367 maguus
2683 3295 3062 3362 domesticus;
3097 3297 3255 3366 cujus
3294 3311 3548 3354 sermone

295 3393 591 3463 Ντζιουὲιν
646 3393 879 3449 ἐπιπολὺ
917 3397 1014 3467 μὲν
1049 3393 1114 3466 ἦν
1143 3398 1384 3462 σιωπῶν,
1426 3397 1882 3467 ἐκπεπληγμένος

293 3490 378 3542 ὅτι
405 3489 484 3556 δὴ
524 3487 836 3556 σαφέστατα
865 3490 990 3558 περὶ
1021 3489 1131 3542 τῶν
1161 3490 1280 3542 κατ’
1315 3489 1511 3550 αὐτοὺς
1542 3487 1884 3556 πραγμάτων

291 3578 607 3647 διειλέχθη,
639 3578 887 3650 συνεώρα
930 3597 990 3633 τε
1033 3580 1134 3650 ἤδη
1169 3581 1265 3632 καὶ
1320 3579 1482 3641 αὐτὸς
1518 3579 1611 3631 τὸν
1637 3577 1883 3630 κίνδυνον

294 3667 369 3729 ὡς
395 3668 465 3719 ἐν
504 3667 641 3736 χρῷ.
671 3668 901 3722 Ἔπειτα
953 3667 1285 3734 ἀνενεγκὼν,
1330 3667 1421 3730 Ὣς
1450 3669 1550 3737 μὲν
1588 3665 1882 3735 ἀδικοῦμεν

294 3758 558 3827 πολέμου
574 3757 852 3826 ἄρχοντες,
883 3758 1008 3828 ἔφη,
1046 3759 1168 3812 οὐδὲ
1197 3759 1352 3812 αὐτοὶ
1404 3757 1684 3827 δυνάμεθα
1705 3759 1884 3810 ἀντει-

293 3852 446 3903 πεῖν.
488 3847 636 3918 Πλὴν
656 3848 832 3902 ἐλπίδι
858 3849 1186 3920 ἐπαρθέντες
1221 3849 1314 3902 τοῦ
1343 3867 1405 3903 τε
1441 3850 1729 3918 ἐγκρατεῖς
1787 3863 1883 3913 γε-

293 3939 578 4010 νήσεσθαι
607 3939 704 4009 τῆς
727 3938 962 4004 Λέσϐου,
994 3938 1090 3992 τοῦ
1123 3956 1178 3992 τε
1212 3938 1535 4002 ἀμυνεῖσθαι
1567 3935 1790 4008 βασιλέα
1817 3933 1882 3988 ἂν

291 4031 429 4101 ἐπίῃ
460 4029 556 4094 (οὐ
602 4029 710 4098 γὰρ
737 4027 1002 4097 τοσαύτην
1037 4044 1101 4096 γε
1130 4027 1351 4098 ᾠόμεθα
1366 4026 1596 4096 δύναμιν
1610 4025 1881 4094 ἁθροίσειν

291 4116 600 4188 ναυτικὴν)
630 4116 913 4188 ἠράμεθα·
947 4117 1064 4171 νυνὶ
1087 4116 1143 4169 δέ
1175 4117 1274 4188 ἤδη
1302 4117 1370 4170 τά
1395 4134 1450 4169 τε
1476 4121 1732 4186 χρήματα
1749 4112 1882 4166 ἀνά-

291 4210 479 4262 λωται
530 4208 682 4276 ἡμῖν,
737 4206 830 4261 καὶ
863 4207 1018 4260 αὐτοὶ
1053 4207 1511 4276 πολιορκούμεθα,
1545 4207 1645 4258 οὐκ
1673 4203 1882 4274 ἀγαθὰς

291 4301 548 4370 [zonae
563 4297 784 4359 ἐλπίδας
829 4297 959 4365 περὶ
988 4298 1094 4350 τῶν
1123 4297 1453 4364 μελλόντων.
1501 4296 1652 4348 Ἐπεὶ
1685 4295 1764 4358 δὲ,
1806 4295 1882 4358 ὠς

289 4392 452 4462 ὁρῶ,
496 4387 597 4441 τοῦ
648 4387 784 4440 Θεοῦ
812 4387 1164 4458 κεκινηκότος
1214 4389 1294 4450 εἰς
1343 4387 1468 4449 τοὺς
1505 4387 1632 4456 περὶ
1678 4385 1882 4439 τούτων

291 4479 602 4552 προήχθης
634 4477 848 4545 λόγους,
880 4477 1071 4546 δέομαι
1101 4476 1138 4531 ἃ.
1161 4477 1417 4546 λυσιτελῆ
1446 4478 1592 4531 δοκεῖ
1630 4477 1719 4530 καί
1739 4476 1883 4529 δέον-

286 4589 362 4624 τα
397 4567 806 4637 βουλεύσασθαι
831 4566 1070 4632 περὶτοῦ
1099 4566 1405 4631 μέλλοντος.
1439 4567 1520 4620 Τὰ
1545 4571 1651 4635 γὰρ
1682 4565 1883 4636 παρελ-

1989 3390 2278 3461 perculsus
2329 3388 2588 3453 Joannes,
2646 3387 2740 3440 diu
2771 3387 2948 3452 siluit,
2982 3388 3128 3456 quod
3162 3404 3385 3444 suorum
3415 3404 3546 3444 cou-

1984 3480 2251 3533 ditionem
2287 3477 2646 3532 disertissime
2683 3478 3007 3545 explicatam
3067 3478 3310 3541 videbat,
3341 3488 3398 3532 et
3433 3480 3545 3547 jam

1984 3568 2103 3638 ipse
2135 3581 2351 3637 quoque
2384 3554 2687 3637 periculum
2737 3581 2860 3621 esse
2900 3569 2956 3621 in
2987 3569 3298 3622 cervicibus
3349 3569 3546 3622 intelli-

1983 3660 2166 3730 gebat.
2199 3659 2489 3728 Postquam
2527 3674 2586 3713 se
2612 3659 2812 3716 deinde
2841 3660 3090 3728 collegit,
3138 3661 3214 3716 ita
3250 3661 3352 3715 fari
3384 3677 3550 3716 exor-

1982 3763 2079 3804 sus
2105 3757 2190 3804 est
2221 3763 2236 3803 :
2279 3750 2567 3817 Perpcram
2601 3764 2698 3803 nos
2725 3763 2906 3816 agere,
2943 3751 3071 3804 dum
3119 3750 3186 3804 ad
3220 3766 3370 3805 arma
3408 3752 3549 3820 prio-

1985 3856 2072 3897 res
2100 3841 2432 3911 prosilimus,
2465 3855 2628 3895 nemo
2660 3839 2742 3894 vel
2770 3849 3015 3892 nostrum
3049 3839 3257 3894 inﬁcias
3278 3840 3442 3913 299
3473 3842 3551 3895 ire

1984 3942 2184 4004 potest.
2214 3931 2483 3988 Caeterum
2515 3931 2677 3986 Lesbi
2713 3931 2905 3985 insulae
2934 3930 3322 4000 adipiscendae.
3356 3943 3412 3986 et
3451 3934 3551 3985 im-

1981 4033 2310 4094 peratorem,
2363 4021 2411 4076 si
2447 4021 2712 4096 impedire
2766 4005 3083 4082 conaretur,
3149 4021 3458 4090 depellendi
3490 4021 3548 4075 li-

1981 4115 2146 4172 ducia
2176 4114 2304 4168 elati
2337 4113 2506 4181 (baud
2545 4112 2693 4166 enim
2732 4120 2938 4165 tantam
2989 4111 3220 4165 classem
3264 4125 3550 4180 compara-

1982 4216 2168 4264 turum
2200 4205 2583 4273 ereilebamuS)
2611 4204 2818 4258 bellum
2847 4205 2987 4258 banc
3015 4205 3133 4257 ausi
3158 4218 3367 4257 sumus.
3395 4203 3550 4259 Nunc

1981 4315 2038 4356 et
2067 4298 2318 4369 pecuniis
2351 4295 2641 4361 exhausti,
2680 4303 2730 4348 et
2767 4295 2994 4362 insuper
3023 4293 3147 4369 \ipsi
3183 4293 3412 4356 obsessi,
3459 4297 3549 4349 lo-

1981 4405 2082 4444 nas
2113 4404 2242 4459 spes
2269 4402 2462 4442 omnes
2493 4387 2855 4457 perdidimus.
2909 4386 3046 4451 Quia
3077 4400 3206 4440 vero
3234 4386 3452 4444 divino,
3493 4396 3550 4441 ιιι

1982 4477 2242 4537 arbitror,
2276 4473 2458 4529 afﬂatu
2489 4475 2555 4528 de
2591 4474 2676 4528 his
2705 4475 2866 4527 rebus
2893 4472 3225 4531 disseruisti,
3263 4483 3314 4526 te
3344 4488 3462 4536 oro,
3493 4481 3551 4527 ω

1982 4583 2104 4638 quae
2154 4568 2310 4622 utilia
2366 4567 2524 4621 nobis
2560 4567 2613 4619 in
2653 4575 2936 4635 posterum
2991 4573 3047 4620 et
3080 4567 3390 4620 necessaria
3447 4566 3550 4619 du-

290 4633 472 4714 θόντα
505 4660 609 4711 οὐκ
628 4658 776 4711 ἐστιν
800 4658 975 4721 άλλως
1001 4657 1282 4712 διαθέσθαι
1307 4658 1339 4728 ἢ
1362 4658 1435 4722 ὡς
1469 4633 1629 4729 ἔτυχε
1655 4633 1881 4727 γεγενη-

1985 4661 2150 4726 xeris,
2189 4675 2252 4713 ea
2278 4658 2554 4724 consulas,
2582 4658 2803 4726 quando
2844 4657 3119 4726 praeterita
3143 4659 3420 4726 corrigere
3444 4675 3550 4712 non

293 4754 475 4820 μένα.
523 4750 584 4801 ’0
611 4751 786 4818 μέγας
821 4749 878 4802 δὲ
908 4748 1252 4817 δομέστικος,
1280 4749 1346 4803 Εἰ
1371 4749 1469 4818 μὲν
1503 4749 1626 4802 καθ’
1661 4751 1888 4813 ἑαυτοὺς

291 4844 467 4895 αὐτοὶ
493 4842 628 4910 περὶ
650 4840 758 4892 τῶν
784 4840 1087 4911 ὑμετέρων,
1110 4840 1238 4909 ἔφη,
1262 4840 1608 4894 ἐϐουλεύεσθε
1629 4844 1887 4912 πραγμά-

289 4952 438 4997 των,
467 4932 624 4986 ούδέν
657 4931 724 4985 ἂν
757 4931 995 4985 ἐκώλυεν
1047 4932 1270 5002 εἰρήνην
1298 4934 1329 5004 ἢ
1366 4935 1458 4986 τὸν
1494 4935 1728 5004 πόλεμον
1762 4937 1876 4990 ἐλέ-

295 5027 461 5080 σθαι.
501 5023 656 5075 Ἐπεὶ
687 5023 744 5076 δέ
778 5021 900 5093 ἐμοὶ
935 5023 1063 5091 περί
1092 5023 1198 5076 τῶν
1240 5024 1520 5091 ὑμετέρων
1556 5027 1881 5096 ἐπιτρέπετε

292 5113 670 5188 βουλεύεσθαι
703 5111 1075 5182 πραγμάτων,
1125 5113 1162 5167 ἆ
1219 5131 1309 5182 μοι
1339 5114 1480 5166 δοκῶ
1520 5114 1649 5184 ὑμῖν
1675 5119 1886 5187 συμφέ-

293 5222 484 5277 ροντα
518 5203 629 5273 ἐρῶ
652 5219 664 5231 ·
699 5204 827 5272 ὑμῖν
856 5203 914 5256 δὲ
957 5204 1173 5268 ἐξέσται
1214 5203 1246 5272 ἢ
1297 5204 1569 5272 αἱρεῖσθαι
1598 5207 1664 5259 τὰ
1698 5207 1885 5274 βεϐου-

291 5295 556 5363 λευμένα
585 5292 620 5364 ἢ
650 5292 978 5348 διωθεῖσθαι.
1005 5288 1171 5362 οἶμαι
1201 5294 1256 5346 δέ
1304 5295 1425 5348 ούδὲ
1456 5296 1665 5348 πολλῶν
1694 5299 1877 5369 δεήσε-

293 5390 440 5442 σθαι
474 5385 646 5452 λόγων
683 5385 812 5453 περὶ
855 5385 967 5437 τῶν
997 5385 1126 5454 ὑμῖν
1153 5388 1413 5440 πείθοντα
1441 5388 1738 5442 δοκούντων
1788 5391 1885 5443 λυ.

294 5475 573 5531 σιτελεῖν.
595 5475 663 5526 ’Δ
684 5475 794 5544 γὰρ
822 5473 1126 5544 διειλέχθην
1153 5477 1438 5548 πρότερον,
1464 5478 1676 5533 πολλῶν
1699 5479 1884 5532 κακῶν

292 5565 444 5637 ύμῖν
475 5565 562 5616 τὸν
582 5565 814 5634 πόλεμον
840 5567 1163 5619 αἰτιώτατον
1179 5570 1546 5638 γεγενημένον
1567 5571 1882 5637 ἀποφαίνων

292 5660 402 5713 καὶ
454 5655 538 5708 ἐτι
578 5654 862 5722 μέλλοντα,
889 5657 1098 5721 τούτοις
1139 5657 1314 5722 ἔξεστι
1345 5661 1776 5724 κατασκευάζειν
1807 5662 1881 5725 ὡς

1984 4749 2134 4819 licet,
2211 4748 2292 4803 Ad
2353 4749 2469 4803 haec
2525 4763 2754 4816 magnus
2806 4747 3182 4803 domesticus:
3216 4749 3295 4814 Si,
3349 4749 3549 4820 inquit,

1984 4841 2270 4896 vobiscum
2327 4840 2430 4909 ipsi
2494 4839 2562 4895 de
2610 4856 2668 4895 re
2694 4849 2870 4894 vestra
2923 4839 3362 4907 consuluisse-tis,
3417 4842 3550 4896 nihil

1978 4934 2046 4987 ad
2079 4948 2266 5002 pacem
2296 4933 2438 4987 bello
2471 4933 2862 5001 praeferendam
2895 4933 3220 4988 obstitisset.
3282 4932 3390 4987 Sed
3424 4933 3549 5003 quia

1986 5024 2120 5078 mihi
2153 5024 2206 5076 in
2235 5038 2401 5077 causa
2441 5031 2622 5076 vestra
2669 5022 2940 5090 judicium
2999 5037 3161 5074 omne
3210 5021 3548 5090 permittitis,

1987 5130 2108 5185 quae
2135 5114 2423 5184 profutura
2451 5114 2673 5182 opinor,
2728 5127 2836 5166 non
2867 5113 3058 5167 tacebo
3096 5129 3110 5165 :
3152 5111 3308 5166 vobis
3336 5121 3431 5165 aut
3459 5126 3546 5180 pa-

1987 5223 2110 5262 rere
2147 5207 2382 5262 consilio
2416 5222 2560 5271 meo,
2596 5217 2690 5259 aut
2722 5206 2772 5258 id
2807 5203 3098 5273 repudiare
3123 5203 3401 5273 integrum
3423 5207 3533 5256 erit

1992 5297 2258 5354 Existimo
2279 5308 2461 5351 autem
2513 5295 2932 5365 explicationem
2987 5294 3204 5348 consilii
3237 5293 3342 5348 mei
3394 5295 3546 5362 longe

1991 5389 2244 5442 oratione
2306 5387 2452 5442 haud
2496 5400 2679 5456 egere.
2729 5385 2865 5439 Nam
2925 5397 3154 5452 quaeque
3202 5384 3360 5452 prius
3399 5398 3432 5438 a
3470 5398 3546 5436 me

1990 5479 2134 5535 dicta
2179 5486 2328 5542 sunt,
2375 5478 2577 5546 quibus
2615 5477 2819 5532 bellum
2873 5477 3041 5530 hocce
3107 5478 3444 5545 praecipuum
3499 5486 3548 5530 el

1989 5572 2167 5627 solum
2233 5567 2599 5637 complurium
2653 5568 2920 5623 malorum
2979 5574 3289 5622 vestrorum
3347 5567 3548 5622 l'onten:

1989 5661 2158 5715 fuisse
2193 5657 2442 5722 probavi.
2494 5670 2727 5718 noscens
2775 5656 2955 5711 adhuc
2995 5653 3245 5711 dicturus
3284 5670 3430 5718 sum,
3463 5654 3544 5709 iis-
