3992 6202
499 291 604 356 611

1681 281 2014 342 JOANNIS
2053 281 2577 343 CANFACUZENI
3578 286 3662 348 612

497 405 628 457 dem
680 415 867 471 pacem
900 396 1370 467 somplectendam
1419 409 1560 459 esse,
1613 391 1921 446 conﬁrmari
1961 406 2059 460 po-

2172 393 2379 460 ιίρετέα
2411 392 2442 458 ἡ
2474 391 2667 460 είρήνη
2689 405 2702 418 ·
2739 390 2826 442 τὸν
2859 390 3058 459 τρόπον
3082 391 3132 442 δὲ
3162 391 3219 443 δν
3251 391 3310 443 ἂν
3330 392 3445 460 ὑμῖν
3473 394 3665 461 μάλιστα

499 504 630 549 test.
663 491 880 544 Modum
911 503 1097 558 porro,
1121 502 1231 556 quo
1258 487 1312 540 id
1345 483 1781 540 fructuosissime
1825 483 2059 545 faciatis,

453 585 788 652 'exponam.
860 581 1166 647 Antequam
1231 593 1298 632 to
1357 574 1699 629 necessitatis
1765 573 2064 641 compella-

497 673 657 735 mini,
692 680 753 724 ut
772 671 940 724 etiam
971 669 1128 723 inviti
1159 667 1230 720 ad
1281 667 1670 734 imperatorem
1729 678 1824 718 vos
1870 664 2064 732 adjuno

495 779 626 834 gere
657 761 976 824 videamini,
1017 758 1269 828 praesenti
1298 755 1682 811 benevolentia
1723 755 2060 822 praeteritam

499 853 757 922 iniuriam
785 860 1091 916 exaequato,
1123 864 1188 903 ac
1217 863 1316 917 per
1341 847 1550 916 legatos
1583 845 1902 900 bellicarum
1930 844 2058 898 ista~

499 962 621 1000 rum
650 944 980 1000 oﬂ‘ensarum
1007 941 1222 996 veniam
1251 939 1514 1008 flagitate.
1558 938 1662 1004 Qui
1701 953 1827 992 cum
1860 937 1933 992 sit
1963 937 2068 990 mi-

491 1038 572 1090 tis
602 1033 844 1104 ingenio,
884 1031 1020 1087 etin
1059 1046 1119 1085 se
1168 1029 1526 1100 peccantibus
1573 1037 1860 1098 promptus
1910 1026 2068 1096 igno-

497 1140 678 1186 scere,
713 1123 759 1177 si
783 1125 906 1192 ejus
946 1123 1084 1176 iram
1110 1119 1322 1175 fuerint
1347 1119 1653 1188 deprecati.
1683 1120 1850 1174 etiam
1882 1117 2066 1184 vobis,

498 1231 622 1272 meo
660 1215 889 1284 insuper
932 1213 1233 1267 accedente
1279 1209 1557 1279 impulsu,
1613 1209 1849 1263 libenter
1915 1207 2069 1277 igno-

495 1315 638 1362 scet.
690 1304 793 1360 Ubi
833 1317 959 1358 eum
991 1299 1359 1370 placaveritis,
1423 1298 1717 1353 Sarchanis
1744 1297 2068 1353 Persarum-

497 1413 607 1466 que
638 1396 871 1450 aliorum
909 1394 1067 1456 ﬁlios,
1105 1406 1248 1460 quos
1293 1389 1546 1445 obsidum
1604 1389 1827 1443 nomine
1881 1395 2071 1443 custoo

499 1487 656 1549 ditis,
686 1485 869 1540 eidem
905 1484 962 1536 in
995 1481 1237 1536 muneris
1270 1481 1393 1535 loco
1424 1479 1719 1534 oﬂ'ertote:
1773 1477 2068 1548 Mitylenen

499 1589 762 1648 praeterea
796 1591 854 1630 et
907 1572 1516 1628 Phocasamrestituite.
1549 1571 1642 1624 lite
1673 1585 1805 1624 vero
1829 1578 2071 1624 vestrum

501 1671 605 1723 hoc
639 1683 764 1736 erga
797 1681 855 1720 se
899 1663 1144 1719 studium
1186 1676 1576 1730 compensans,
1603 1676 1708 1714 una
1741 1675 1865 1714 cum
1888 1660 2068 1723 venia,

2165 483 2564 552 λυσιτελήσειεν
2597 482 2954 550 ὑφηγήσομαι
2987 481 3118 546 ἐγώ.
3178 484 3306 548 Πρὶν
3347 483 3420 546 είς
3451 485 3662 541 τοσοῦτον

2165 576 2414 629 κινδύνου
2479 575 2640 643 ήκειν
2693 573 2836 626 ὥστε
2864 572 3042 624 δοκεῖν
3077 573 3169 625 καὶ
3193 572 3410 632 ἄκοντας
3435 579 3670 640 προσιέναι

2166 669 2393 738 βασιλεῖ,
2445 666 2754 731 ἐνδείξασθε
2787 665 3004 718 εὔνοιάν
3037 682 3160 719 τινα
3206 665 3512 736 ἀντίρροπον
3562 672 3674 739 πρδς

2172 761 2273 828 τὴν
2327 758 2604 828 προτέραν
2657 757 2892 819 ἀδικίαν,
2938 757 3032 810 καὶ
3075 757 3360 826 πρεσϐείαν
3413 760 3676 828 πέμψαντες

2165 849 2300 920 πρὸς
2340 849 2582 919 βασιλέα,
2617 846 2949 916 συγγνώμην
2979 847 3235 918 αίτήσατε
3265 849 3348 916 ἐφ’
3371 846 3448 911 οἷς
3477 868 3678 920 προσκε.

2165 941 2442 1010 κρούκατε
2490 939 2641 992 κατὰ
2695 936 2786 992 τὸν
2847 937 3113 1006 πόλεμον.
3140 937 3302 990 Φύσει
3345 939 3397 992 δὲ
3415 938 3485 992 ὢν
3507 941 3679 1004 ἐκεῖνος

2168 1033 2360 1102 πρᾶος,
2384 1034 2478 1085 καὶ
2510 1034 2624 1094 τοῖς
2652 1030 2932 1085 ἀδικοῦσιν
2953 1031 3171 1101 ἕτοιμος
3197 1033 3450 1100 παρέχειν
3478 1034 3683 1100 συγγνώ-

2170 1135 2300 1188 μην,
2329 1119 2395 1172 ἂν
2416 1119 2794 1184 παραιτῶνται
2820 1119 2920 1190 τὴν
2946 1119 3140 1188 ὀργὴν,
3167 1120 3260 1172 καὶ
3283 1121 3405 1188 ὑμῖν
3429 1121 3684 1189 conicim-

2166 1227 2256 1262 ται
2295 1209 2510 1280 ῥᾳδίως,
2545 1209 2640 1262 καὶ
2668 1208 2805 1276 ἐμοῦ
2862 1209 2999 1278 πρὸς
3027 1208 3187 1262 τοῦτο
3220 1208 3449 1278 μάλιστα
3494 1210 3682 1276 ὶνάγον·

2165 1318 2278 1364 τος.
2325 1300 2575 1354 Ἐπειδὰν
2602 1301 2657 1352 δὲ
2689 1299 2787 1366 τὴν
2812 1299 3077 1369 βασιλέως
3109 1299 3482 1369 ὲκμειλίξησθε
3523 1299 3681 1367 ὀργὴν,

2168 1391 2260 1442 τὸν
2301 1387 2468 1440 παῖδα
2523 1388 2777 1458 Σαρχάνη
2836 1389 2930 1440 καὶ
2983 1388 3094 1441 τῶν
3124 1387 3298 1441 ἄλλων
3334 1388 3541 1458 Περσῶν
3569 1389 3613 1440 οῖ
3639 1391 3686 1442 ὲν

2168 1478 2390 1548 ὁμήρων
2421 1478 2772 1547 προσχήματι
2808 1475 3174 1546 φρουροῦνται
3210 1477 3339 1546 παρ’
3361 1477 3500 1544 ὑμίν,
3525 1475 3688 1530 λαθόν-

2170 1583 2262 1630 τες
2327 1565 2523 1634 ὥσπερ
2567 1565 2717 1634 δῶρα
2744 1604 2759 1628 ,
2795 1563 3205 1634 προσκομίσατε
3259 1565 3336 1634 τῷ
3367 1564 3577 1634 βασιλεῖ,
3614 1569 3689 1620 καὶ

2171 1658 2484 1726 Μιτυλήνην
2514 1656 2611 1710 καὶ
2636 1655 2894 1708 Φώκαιαν
2921 1655 3218 1723 παράδοτε.
3274 1656 3527 1717 Κάκεῖνος
3558 1656 3689 1723 ἀμει·

499 1774 607 1828 qua
638 1773 735 1812 vos
765 1756 1059 1826 impertiet,
1095 1755 1260 1808 etiam
1296 1761 1550 1822 sumptus
1579 1767 1607 1804 a
1639 1766 1699 1805 se
1733 1751 1788 1804 in
1819 1750 1926 1804 hoc
1947 1751 2064 1804 bel-

2172 1749 2402 1818 ϐόμενος
2435 1747 2582 1816 ὑμᾶς
2606 1747 2706 1816 τῆς
2764 1746 2979 1809 εὐνοίας
3039 1747 3205 1799 ἕνεκα
3231 1745 3326 1815 τῆς
3356 1747 3482 1814 πρὸς
3533 1748 3687 1812 αὐτὸν,

503 1852 618 1904 lum
647 1850 968 1911 collocatos,
1005 1856 1060 1901 et
1085 1846 1302 1900 Lesbiis
1331 1861 1431 1915 per
1453 1860 1552 1898 vos
1585 1842 1784 1896 damna
1810 1841 2067 1911 irrogata,

501 1958 624 2011 qua:
658 1940 968 2010 respublica
1014 1938 1322 1994 Gcnuensis
1354 1952 1422 1990 ex
1455 1935 1662 1990 foedere
1703 1934 1771 1988 de
1800 1932 2071 1987 facultati-

502 2035 606 2088 bus
637 2040 693 2086 ct
747 2031 911 2085 bonis
947 2029 1141 2084 vestris
1179 2027 1444 2082 resarcire
1473 2025 1658 2089 debet,
1713 2025 1949 2093 benigne
1981 2039 2074 2076 re-

501 2126 704 2177 mittet.
735 2123 926 2191 Neque
972 2121 1078 2174 hoc
1111 2127 1346 2184 tantum,
1379 2117 1474 2172 sed
1505 2126 1562 2172 et
1606 2125 1868 2185 tanquam
1901 2114 2071 2168 hosti-

501 2217 605 2269 bus
639 2213 960 2282 reipublicae
996 2209 1309 2274 declaratis,
1359 2223 1422 2263 ac
1453 2209 1800 2277 proscriptis,
1831 2217 1888 2262 et
1913 2207 2072 2276 perfi-

502 2305 607 2359 dia.-
639 2319 857 2374 ptenam
899 2301 1258 2364 commeritis,
1295 2300 1678 2368 impunitatem
1732 2298 2065 2368 impetrabit,

498 2406 752 2449 senatum
803 2391 869 2446 ad
911 2391 1126 2445 veniam
1153 2389 1500 2443 tribuendam
1543 2389 1869 2443 cohortatus
1903 2405 1917 2440 :
1957 2404 2069 2458 quo

501 2486 652 2538 nulla
693 2499 752 2538 re
781 2481 1048 2552 spoliatis,
1082 2481 1264 2535 denuo
1298 2481 1353 2532 in
1376 2480 1655 2548 republica
1700 2481 1868 2534 libere
1905 2494 2069 2548 nego-

504 2573 642 2627 tium
683 2585 844 2626 suum
882 2583 1045 2638 agere
1096 2567 1279 2621 liceat.
1311 2566 1462 2620 Adde
1489 2566 1632 2635 quod
1681 2567 1920 2620 Phocaeae
1959 2568 2069 2620 Ro-

2173 1842 2313 1909 μετὰ
2339 1843 2438 1908 τῆς
2473 1839 2808 1907 συγγνώμης
2839 1839 2908 1908 ἢν
2962 1835 3280 1908 παρέξεται,
3311 1837 3402 1889 καὶ
3423 1838 3485 1890 τά
3506 1854 3558 1889 τε
3586 1839 3691 1890 ἀνα-

2169 1933 2414 1985 λωθέντα
2439 1932 2698 1999 χρήματα
2761 1929 2842 1990 είς
2875 1928 2967 1981 τὸν
3000 1928 3240 1996 πόλεμον
3268 1927 3357 1980 τδν
3403 1927 3516 1980 καθ’
3564 1928 3691 1996 ὑμῶν

2170 2024 2263 2074 καὶ
2297 2021 2332 2074 ἃ.
2361 2018 2710 2088 ἐζημιώσατε
2768 2017 3053 2080 Λεσϐίους,
3090 2016 3128 2070 ἃ
3171 2018 3234 2070 τὸ
3263 2017 3434 2070 κοινὸν
3463 2017 3692 2080 Γεννούας

2168 2109 2365 2163 ἐκτῶν
2412 2108 2695 2176 ὑμετέρων
2750 2108 3046 2174 κτημάτων
3101 2107 3247 2160 κατὰ
3303 2105 3398 2168 τὰς
3446 2106 3690 2176 συνθήκας

2167 2202 2378 2277 ὀφείλει.
2400 2201 2676 2253 ἀποτίνειν
2703 2202 2996 2268 χαριεῖται.
3027 2199 3102 2252 Οὐ
3139 2198 3250 2269 μὴν
3286 2197 3418 2251 ἀλλὰ
3451 2201 3538 2251 καὶ
3564 2198 3692 2250 πολε-

2171 2295 2325 2362 μίους
2353 2293 2887 2358 ἀναγεγραμμένους
2917 2289 2993 2358 τῷ
3028 2289 3220 2358 κοινῷ,
3256 2290 3350 2343 καὶ
3376 2291 3522 2351 δίκας
3565 2287 3692 2355 ὀφεί-

2167 2384 2358 2445 λοντας
2377 2383 2472 2443 τῆς
2498 2382 2779 2444 ἀπιστίας,
2811 2381 3084 2434 ἀπάθειαν
3103 2380 3294 2434 κακῶν
3327 2379 3692 2449 καταπράξεται

2167 2476 2320 2542 ὑμῖν,
2379 2477 2444 2544 τῇ
2499 2473 2661 2543 βουλῇ
2709 2471 3044 2541 συγγνώμην
3095 2472 3361 2534 κελεύσας
3411 2471 3692 2539 παρασχεῖν,

2161 2566 2307 2619 ὥστε
2331 2566 2506 2628 ἀδεῶς
2545 2565 2709 2618 πάλιν
2736 2563 3197 2634 ἐμπολιτεύεσθαι
3220 2565 3402 2627 αὐτοῖς
3426 2565 3694 2630 ἀποστερη-

501 2675 786 2715 manorum
843 2658 1080 2728 propriae
1111 2655 1506 2730 principatum,
1554 2664 1610 2710 et
1660 2656 2065 2714 usumfructum

2172 2650 2362 2718 θέντας
2393 2657 2501 2709 τῶν
2546 2656 2769 2708 οἰκείων
2803 2655 3052 2726 μηδενός.
3095 2657 3246 2726 Πρὸς
3296 2655 3500 2718 τούτοις
3531 2655 3583 2706 δὲ
3621 2655 3697 2705 καὶ

501 2756 647 2808 sicut
699 2752 878 2821 prius,
932 2749 1177 2819 quandiu
1226 2748 1482 2812 voluerit,
1540 2749 1696 2802 vobis
1760 2749 2063 2818 permittet.

2164 2749 2421 2812 Φωκαίας
2479 2748 2670 2818 ῶσπερ
2695 2749 2965 2820 πρότερον
3003 2749 3096 2800 καὶ
3120 2744 3285 2811 αὖθις
3310 2748 3490 2819 ἄρχειν
3519 2747 3700 2814 ἐπιτρέ-

501 2844 667 2912 300
700 2843 841 2908 Quin
881 2851 936 2894 et
963 2849 1144 2894 vestra
1191 2853 1361 2893 causa
1406 2853 1532 2893 cum
1565 2839 1841 2893 Sarchane
1889 2839 2068 2893 foedus

2172 2842 2280 2910 ψει,
2341 2841 2417 2904 ῶς
2471 2841 2717 2909 ὕπηκόου
2783 2841 2884 2910 μὲν
2955 2840 3260 2910 Ῥωμαίοις
3302 2841 3485 2908 οὔσης,
3520 2841 3631 2908 ὑμῖν
3655 2839 3700 2889 δὲ

500 2935 684 3000 feriet,
714 2943 774 2988 ut
805 2949 871 2987 ex
896 2933 1021 3003 ejus
1049 2931 1329 3001 provincia
1379 2930 1642 3000 pristinos
1697 2931 1906 2985 fructus
1938 2945 2066 3000 per-

500 3026 720 3096 cipiatis
749 3043 763 3079 :
797 3039 1006 3094 perque
1039 3038 1230 3078 omnes
1285 3023 1495 3077 insulas
1533 3035 1598 3076 ac
1649 3021 1901 3094 civitates
1960 3023 2066 3075 lio-

503 3130 791 3169 manorum
849 3122 1172 3168 mercatura:
1215 3112 1474 3166 facienda:
1550 3111 1828 3165 licentiam
1890 3111 2061 3166 dabit.

505 3205 766 3275 Dispicite
811 3204 998 3277 igitur,
1052 3211 1188 3272 quot
1231 3199 1564 3255 infortuniis
1602 3201 1706 3255 hoc
1737 3201 1939 3254 bellum
1973 3217 2065 3256 vos

504 3295 843 3357 mactaverit,
889 3309 952 3348 ac
1002 3293 1233 3347 forsitan
1291 3291 1658 3347 deterioribus
1679 3292 1976 3347 mactabit:
2011 3301 2067 3348 et

501 3396 639 3456 quot
666 3387 906 3440 vicissim
938 3386 1084 3440 bona
1115 3386 1272 3440 vobis
1294 3400 1396 3454 pax
1426 3383 1842 3454 suppeditatum
1878 3384 1973 3450 sit,
2017 3384 2064 3438 si

505 3493 590 3533 me
615 3477 952 3533 audiveritis.
987 3475 1147 3544 Quod
1171 3485 1353 3530 autem
1384 3476 1616 3540 suadeo,
1665 3475 1720 3529 id
1745 3475 1831 3529 vel
1877 3475 2065 3539 hodie,

503 3569 586 3623 vel
615 3562 738 3624 cras
791 3569 1020 3638 exsequi
1064 3567 1339 3638 poteritis.
1387 3567 1603 3621 Etenim
1657 3567 1706 3620 si
1773 3568 1930 3636 quasi
1957 3582 2068 3622 non

503 3662 875 3714 necessarium
929 3659 1278 3724 distuleritis,
1330 3660 1718 3728 imperatorem
1771 3659 1970 3714 deinde
1999 3659 2068 3713 ad

505 3751 1014 3805 reconciliationem
1071 3763 1180 3804 non
1213 3749 1441 3818 perinde
1483 3758 1796 3819 promptum
1823 3750 2071 3805 invenie-

505 3843 600 3897 tis.
637 3841 768 3897 Nam
799 3841 845 3895 si
879 3840 1151 3912 stipendia
1184 3840 1486 3911 remigibus
1541 3851 1598 3896 et
1625 3842 1746 3896 aliis
1791 3856 2073 3896 mercena-

510 3934 630 3996 riis,
659 3931 752 4000 qui
776 3947 874 3987 vos
918 3947 1018 4002 per
1076 3931 1312 3986 hiemem
1382 3931 1735 3997 obsidebunt,
1785 3941 2070 3986 numerata

511 4022 738 4086 fuerint,
767 4037 891 4088 qua:
924 4023 1033 4091 jam
1053 4021 1423 4090 quaestoribus
1463 4023 1776 4091 imperavit,
1804 4036 1906 4091 ego
1937 4037 2070 4076 vero

510 4122 740 4183 propter
765 4129 829 4168 ea
853 4127 975 4182 qua:
1007 4113 1140 4178 dixi,
1168 4128 1237 4165 ne
1263 4112 1459 4166 darent
1491 4112 1766 4181 prohibui,
1800 4113 1968 4166 timeo
2002 4127 2071 4168 ne

507 4213 696 4274 postea
728 4203 1056 4273 legationem
1085 4216 1196 4255 non
1233 4201 1510 4267 admittat,
1541 4202 1676 4256 illud
1699 4217 1884 4257 secum
1913 4217 2074 4272 repu—

507 4303 652 4356 tans,
687 4301 746 4346 ut
778 4300 860 4346 est
886 4289 1172 4352 credibile,
1219 4303 1381 4360 posse
1437 4305 1535 4345 vos
1593 4292 1657 4344 ad
1693 4289 2070 4344 conditionem

2169 2935 2500 3003 παρέχοντος
2559 2932 2830 3004 βασιλέως
2877 2935 2977 3003 τὴν
3017 2934 3194 3003 ἀρχὴν
3221 2973 3236 2997 ,
3283 2935 3441 3003 ἄχρις
3467 2933 3528 2986 ἂν
3567 2931 3709 2990 αὐτὸς,

2169 3025 2351 3096 ἐθέλῃ.
2401 3024 2514 3078 Καὶ
2573 3025 2803 3088 σπονδὰς
2855 3025 2986 3094 ὑμῖν
3033 3025 3173 3092 πρὸς
3227 3025 3505 3096 Σαρχάνην
3554 3021 3699 3090 θήσειν

2170 3121 2310 3174 ὥστε
2347 3122 2438 3174 καὶ
2469 3116 2622 3182 αὖθις
2652 3121 2748 3182 τὰς
2783 3121 3080 3190 προσόδους
3113 3121 3178 3182 ἃς
3238 3121 3336 3174 καὶ
3371 3120 3613 3189 πρότερον
3638 3113 3702 3168 el-

2169 3228 2314 3282 χετε,
2341 3213 2403 3264 ὲκ
2430 3210 2531 3280 τῆς
2553 3211 2737 3281 χώρας
2761 3213 2860 3279 τῆς
2884 3211 3049 3264 αὐτοῦ
3073 3211 3446 3280 καρποῦσθαι.
3473 3210 3570 3262 Καὶ
3589 3208 3705 3263 κατὰ

2173 3303 2352 3364 πάσας
2385 3303 2580 3372 νήσους
2612 3303 2706 3355 καὶ
2734 3304 2832 3364 τὰς
2869 3301 3073 3368 πόλεις,
3100 3302 3155 3354 αἶ
3185 3301 3421 3372 ὑπήκοοί
3459 3301 3558 3352 είσι
3593 3298 3703 3351 Ῥω·

2176 3393 2378 3462 μαῖοις,
2407 3393 2688 3447 ἀκώλυτον
2721 3395 2853 3462 ὑμῖν
2881 3395 2980 3460 τὴν
2998 3394 3276 3463 ἐμπορίαν
3310 3393 3548 3446 κελεύσει
3569 3387 3705 3442 εἶναι.

2172 3486 2435 3538 Σκοπεῖτε
2465 3479 2558 3538 οὖν
2609 3485 2784 3537 ὁπόσα
2829 3481 3097 3554 μὲν“ὑμίν
3129 3483 3158 3535 δ
3189 3484 3432 3554 πόλεμος
3470 3482 3706 3549 ὲπήνεγκι

2173 3577 2343 3641 κακὰ,
2377 3577 2506 3638 ίσως
2554 3575 2611 3628 δὲ
2645 3576 2739 3628 καὶ
2779 3575 2999 3646 χείρονα
3019 3573 3236 3641 ἑπάξει,
3272 3575 3482 3629 ὁπόσων
3511 3573 3565 3626 δὲ
3596 3572 3708 3638 ἀγα·

2173 3668 2345 3738 θῶνή
2391 3669 2578 3740 εἰρήνη
2620 3668 2914 3736 γενήσεται
2972 3666 3121 3731 ἀξία,
3175 3665 3250 3720 ἂν
3296 3665 3544 3737 πείθησθε
3587 3660 3708 3731 ίμοί.

2175 3759 2360 3811 Ταῦτα
2385 3758 2440 3812 δὲ
2472 3758 2601 3826 ὑμῖν
2629 3758 2662 3828 ἢ
2687 3759 2927 3828 σήμερον
2957 3759 3226 3826 πράττειν
3264 3757 3298 3828 ῆ
3326 3759 3406 3820 είς
3448 3757 3540 3826 τήν
3581 3755 3710 3806 ὕστε-

2179 3850 2337 3917 ραίαν
2361 3848 2600 3912 ἐξέσται.
2645 3849 2772 3902 Ἐὰν
2798 3850 2906 3918 γὰρ
2937 3851 3036 3902 οὐκ
3087 3850 3370 3916 ἀναγκαῖα
3407 3845 3710 3916 λογιζόμενοι

2177 3939 2510 4011 ύπέρθησθε,
2543 3939 2726 3993 οὐκέθ’
2753 3941 2956 4010 ὁμοίως
2983 3940 3272 4010 ,εὑρήσετε
3306 3939 3526 4010 βασιλέα
3559 3937 3710 4008 ῥᾴδιον

2175 4032 2312 4102 πρὸς
2341 4033 2439 4096 τὰς
2473 4031 2842 4100 καταλλαγάς.
2887 4031 3013 4084 Ἐὰν
3041 4033 3150 4101 γὰρ
3176 4031 3249 4085 τὰ
3280 4032 3535 4102 χρήματα
3561 4024 3707 4080 διαδο-

2179 4126 2247 4194 θῇ
2277 4127 2389 4186 τοῖς
2448 4125 2760 4194 τριηρίταις
2789 4123 2883 4175 καὶ
2929 4125 3042 4185 τοῖς
3076 4122 3260 4185 ἄλλοις
3319 4121 3648 4192 μισθοφόροις
3669 4113 3710 4165 οἳ

2180 4214 2430 4283 μέλλουσι
2468 4215 2561 4268 τοῦ
2601 4215 2868 4284 χειμῶνος
2897 4215 3041 4283 ὑμᾶς
3077 4215 3413 4285 πολιορκεῖν,
3443 4212 3477 4266 a
3504 4209 3611 4264 νυνὶ
3631 4207 3711 4274 βαι

2180 4305 2359 4366 σιλεὺς
2409 4305 2506 4374 μὲν
2535 4305 2786 4357 ἐκέλευσε
2815 4303 3105 4356 διαδιδόναι
3135 4305 3250 4366 τοῖς
3274 4304 3523 4371 ταμίαις.
3551 4297 3647 4364 ἐγὼ
3667 4295 3713 4346 δὲ

510 4385 911 4454 mancipiorum
983 4381 1256 4452 redigere,
1327 4381 1458 4435 dum
1531 4393 1745 4451 tempus
1827 4382 2069 4436 merendi

2179 4394 2426 4447 ἐκώλυσα
2454 4395 2681 4446 τουτωνὶ
2721 4394 2828 4445 τῶν
2865 4393 3040 4457 λόγων
3083 4391 3276 4456 ἕνεκα,
3313 4392 3522 4445 δέδοικα
3560 4378 3636 4456 ’μὴ
3661 4383 3711 4434 οὗ

503 4486 684 4538 exeat,
702 4485 758 4528 et
785 4490 908 4528 cum
941 4473 1123 4537 modo,
1157 4481 1270 4526 tum
1295 4473 1430 4527 alias
1461 4473 1758 4540 impensam
1785 4473 2072 4540 pecuniam

509 4569 775 4633 ro-cipere.
814 4565 1000 4632 Itaque
1034 4574 1093 4616 ut
1123 4562 1190 4617 de
1220 4563 1546 4617 necessariis
1603 4562 1986 4623 deliberaturi,
2017 4571 2074 4617 et

509 4666 756 4722 tempore
786 4666 968 4705 moras
1001 4667 1109 4704 non
1146 4650 1377 4712 ferente,
1409 4666 1572 4719 quam
1607 4652 1846 4721 primum
1883 4652 2072 4706 conci-

506 4749 647 4802 lium
677 4746 974 4809 celebrate,
1005 4752 1062 4798 et
1096 4743 1257 4796 nobis
1287 4743 1416 4812 quid
1462 4744 1772 4798 statueritis
1805 4743 2077 4814 signiﬁca-

507 4847 642 4892 tote.
730 4834 829 4890 Sic
854 4847 1086 4902 magnus
1115 4831 1452 4886 domesticus
1499 4831 1726 4885 Latinos
1756 4830 2070 4884 admonuit.

505 4929 746 4981 Joannes
773 4935 882 4979 tam
915 4937 1041 4978 sero
1068 4937 1126 4977 se
1157 4937 1280 4976 cum
1312 4922 1408 4976 illo
1440 4921 1496 4975 in
1529 4921 1951 4975 collocutionem
1982 4936 2076 4973 ve-

508 5009 656 5074 nisse
681 5018 862 5073 doluit
886 5034 903 5083 ς
935 5015 1126 5070 multis
1147 5013 1294 5068 enim
1320 5013 1564 5082 profecto
1597 5012 1755 5066 malis
1785 5028 1996 5077 carere,
2019 5019 2077 5064 et

507 5114 630 5167 aliis
660 5109 884 5166 carendi
921 5117 1199 5162 auctorem
1224 5119 1345 5160 esse
1379 5105 1643 5174 potuisse.
1685 5104 2075 5158 Verumtamen

507 5201 782 5273 praeterita
799 5215 909 5254 non
932 5198 1214 5254 revocari:
1241 5209 1495 5268 oportere
1521 5211 1706 5278 autem
1728 5213 1786 5252 se
1809 5197 2075 5267 postridie

508 5295 565 5348 in
601 5293 792 5346 urbem
823 5306 1104 5347 reversum
1135 5291 1256 5345 aliis
1271 5306 1494 5361 quoque
1513 5291 1618 5346 hoc
1669 5291 1908 5344 indicare
1942 5305 2076 5344 con-

513 5385 721 5447 silium,
755 5392 812 5438 et
861 5385 1108 5438 omnium
1165 5383 1463 5438 sententias
1495 5383 1862 5437 communiter
1880 5387 2074 5451 exqui-

517 5489 660 5529 rere.
699 5477 988 5529 Annuente
1028 5490 1225 5544 magno
1277 5476 1598 5537 domestico,
1649 5474 1932 5529 Phocaeam
1984 5489 2075 5527 re-

517 5579 766 5634 gressus,
821 5565 1080 5619 Odoardo
1128 5575 1185 5620 et
1233 5567 1448 5620 caeteris
1498 5566 1629 5635 quid
1693 5567 1738 5619 is
1763 5567 2075 5620 consuleret

517 5658 794 5727 exposuit.
825 5657 980 5722 Quod
1013 5673 1138 5712 cum.
1177 5670 1231 5712 et
1264 5660 1397 5728 ipsis
1457 5671 1515 5714 ut
1568 5661 1858 5729 optimum,
1915 5666 2078 5727 atque

2177 4481 2541 4550 προσδέξηται
2573 4481 2670 4551 τὴν
2696 4480 2989 4550 πρεσϐείαν
3014 4481 3150 4549 μετὰ
3173 4481 3368 4545 ταῦτα,
3398 4476 3714 4547 λογιζόμενος

2173 4572 2363 4641 ὥσπερ
2395 4574 2564 4635 εἰκὸς,
2594 4571 2668 4634 ώς
2695 4572 3105 4642 παραστήσεται
3129 4570 3276 4639 ὑμᾶς
3308 4571 3366 4621 ἐν
3400 4564 3714 4638 ἀνδραπόδων

2181 4662 2364 4733 μοίρᾳ,
2389 4661 2548 4732 ἄχρις
2576 4663 2642 4715 ἂν
2671 4664 2698 4713 ό
2744 4661 2936 4732 χρόνος
2969 4663 3069 4730 τῆς
3103 4660 3446 4730 μισθοςρορᾶς
3470 4652 3714 4717 ἀναλωθῇ,

2179 4755 2273 4806 καὶ⁸
2302 4755 2368 4805 τὰ
2393 4755 2650 4823 χρήματα
2677 4751 3014 4822 ἀπολήψεται
3066 4752 3202 4819 πρὸς
3240 4753 3358 4811 τοῖς
3398 4749 3489 4802 νῦν
3541 4745 3627 4798 καὶ
3657 4743 3714 4792 τὰ

2179 4843 2442 4920 πρότερον
2473 4843 2816 4912 ἀναλωμινα.
2858 4843 2948 4904 Ὧς
2972 4839 3064 4892 οὖν
3106 4842 3430 4908 ἀναγκαίων
3476 4837 3594 4905 πέρι
3617 4835 3716 4884 ἔσο-

2185 4934 2352 5002 μένης
2383 4934 2481 5002 τῆς
2513 4933 2726 5002 βουλῆς,
2760 4935 2855 4986 καὶ
2893 4931 3086 5002 τριϐὴν
3113 4931 3208 4984 τοῦ
3244 4933 3441 5000 χρόνου
3469 4930 3563 4981 οὐκ
3593 4923 3714 4978 ἐνδε-

2179 5025 2433 5094 χομένου,
2467 5024 2686 5094 παχέως
2715 5041 2776 5076 τε
2835 5024 2986 5076 αὐτοὶ
3033 5022 3355 5092 βουλεύεσθε
3387 5022 3482 5075 καὶ
3510 5018 3631 5087 ἡμῖν
3660 5012 3715 5065 τὰ

2183 5111 2583 5184 βεϐουλευμένα
2641 5114 2893 5184 γνώριμα
2939 5116 3168 5169 ποιεῖτε.
3209 5113 3449 5165 Τοιαῦτα
3481 5111 3575 5180 μὲν
3626 5108 3714 5159 Λα·

2179 5207 2345 5268 τίνοις
2373 5209 2400 5258 ό
2425 5207 2598 5274 μέγας
2622 5206 2938 5276 δομέττικος
2962 5205 3244 5258 ὑπετίθετο
3275 5207 3470 5255 ποιεῖν.
3490 5196 3711 5262 Νιξιωᾶν

2179 5298 2237 5350 δὲ
2263 5296 2338 5360 ὡς
2369 5298 2569 5366 ἢκουσε
2599 5297 2726 5364 περί
2761 5296 2854 5349 τοῦ
2900 5296 3262 5366 παρελθόντος
3301 5297 3489 5363 ἠνιᾶτο
3521 5291 3709 5360 χρόνον.

2181 5389 2262 5442 ὅτι
2314 5390 2389 5457 μὴ
2422 5390 2681 5457 πρότερον
2715 5390 2932 5459 μεγάλῳ
2959 5390 3262 5456 δομεστίκῳ
3317 5384 3624 5453 συνεγένετο

2181 5479 2288 5548 γὰρ
2321 5479 2384 5532 ἂν
2405 5479 2565 5540 αὑτός
2590 5495 2648 5530 τε
2673 5479 2878 5531 πολλῶν
2913 5479 3250 5546 ἀπήλλακτο,
3282 5479 3489 5539 κακῶν,
3512 5468 3710 5526 καὶτοῖς

2181 5571 2360 5632 ἄλλοις
2427 5571 2599 5632 αίτιος
2635 5571 2893 5638 κατέστη.
2932 5572 3118 5640 Ὅμως
3170 5570 3352 5640 μέντοι
3398 5571 3627 5636 ἔφασκε,
3657 5556 3714 5606 τί

2186 5662 2282 5730 μὲν
2311 5661 2644 5730 γεγενημένα
2681 5661 2942 5714 ἀναλῦσαι
2973 5663 3067 5714 ούκ
3109 5656 3243 5714 dat
3274 5661 3517 5719 δυνατὸν,
3553 5643 3715 5707 Serva
