3992 6202
304 284 416 346 (ΞΠ

1470 289 2025 355 HISTORIARUM
2059 289 2300 352 LIBER
2345 292 2422 354 Il.
2466 326 2481 338 ι

3451 306 3556 373 (518

306 415 476 451 ⁴ποντο
509 397 647 467 μετά
678 397 778 468 τῆς
803 397 971 467 ἄλλης
1013 401 1293 469 στρατιᾶς.
1338 399 1489 452 Ἑπεί
1522 401 1576 453 δὲ
1611 399 1750 468 μετά
1779 400 1877 467 τὴν

1983 396 2126 450 enim
2156 397 2265 451 illis
2296 398 2478 468 nel‘as)
2509 398 2612 454 nisi
2643 414 2673 454 e
2707 401 2975 473 barbaris,
3009 405 3102 476 qui
3128 407 3332 467 Christi
3358 411 3557 469 Serva-

306 491 541 542 ὲκείνων
572 489 927 559 ἀναχώρησιν
957 489 1296 562 προσῆλθον,
1333 490 1525 544 ἔλυσεν
1560 492 1589 544 ό
1632 490 1885 560 βασιλεὺς

306 582 532 651 πέμψας
582 581 740 646 ὅσους
789 582 1025 651 μάλιστα
1075 582 1224 652 ἐνῆν.
1261 583 1400 645 Τοὺς
1453 581 1671 644 πλείους
1713 571 1770 635 δὲ
1806 582 1885 644 είς

303 675 385 726 ἔω
419 675 629 742 ἤγαγον
666 674 760 726 ἐπὶ
779 673 1014 744 δουλείᾳ.
1050 673 1308 743 Ῥωμαῖοι
1337 673 1394 727 δὲ
1426 671 1747 744 ἀνθρώπους
1782 671 1882 740 μὲν

304 767 408 820 οὔκ
444 765 984 838 ὲξηνδραποδίζοντο.
1029 766 1165 820 oss:
1216 765 1329 837 γὰρ
1368 763 1582 830 ἔξεστιν
1620 765 1802 825 αὐτοῖς
1833 764 1881 816 εἰ

309 857 387 924 μὴ
417 855 526 908 ἀπὺ
581 854 874 925 βαρϐάρων
911 852 1020 908 εἷεν
1053 855 1163 908 τῶν
1212 857 1278 926 τῇ
1336 855 1592 925 Σωτῆρος
1639 853 1881 920 Χριστοῦ

97 1011 114 1026 ⁸
207 1001 218 1006 ,
304 946 453 1016 ὑπὲρ
500 945 656 1015 ἡμῶν
697 947 983 1017 οἰκονομίᾳ
1037 947 1112 1017 μὴ
1153 947 1623 1000 πεπιστευκότων.
1675 946 1882 1016 Βοσκη-

307 1041 502 1109 μάτων
529 1041 586 1094 δὲ
609 1041 920 1113 ἐκράτησαν
944 1041 1128 1112 σχεδὸν
1149 1041 1384 1112 ἀριθμὸν
1415 1039 1875 1110 ὑπερϐαινόντων,

306 1133 557 1186 ἐπίπλων
596 1149 654 1185 τε
689 1132 787 1186 καὶ
837 1133 1045 1187 ἀλλων.
1076 1134 1243 1187 τινῶν
1280 1132 1582 1204 χρημάτων
1623 1133 1723 1185 οὐκ
1763 1131 1880 1184 όλίο

303 1241 442 1293 γων.
487 1225 739 1291 Ἐλέγετο
790 1224 871 1290 δὲ,
925 1226 1020 1278 καὶ
1056 1220 1126 1296 ἦν
1173 1225 1389 1298 ἀληθὲς,
1443 1226 1519 1288 ὡς
1554 1224 1781 1293 ὕστερον
1816 1225 1875 1290 ἐξ

302 1315 489 1370 αὐτῶν
514 1318 624 1369 τῶν
666 1317 855 1376 κακῶς
881 1317 1165 1371 παθόντων
1212 1319 1423 1388 βασιλεῖ
1467 1319 1878 1390 προσελθόντων

304 1409 451 1479 μετά
474 1407 576 1478 τὴν
610 1409 900 1478 συμφορὰν
926 1409 1146 1480 ἐκείνην
1173 1411 1273 1480 τὴν
1307 1411 1552 1481 μεγάλην
1576 1411 1876 1482 ἀριθμούν-

297 1518 414 1554 των
447 1501 514 1553 τά
541 1500 723 1554 αὐτῶν
751 1501 976 1568 ἐγένετο
1007 1503 1321 1570 καταφανὲς
1351 1502 1426 1566 ῶς
1459 1503 1799 1574 κρατήσειαν
1825 1504 1874 1556 οἰ

1988 487 2124 540 toris
2179 489 2540 543 oeconomiam
2592 508 2699 547 non
2757 495 2992 552 credunt
3027 499 3161 568 (52).
3201 501 3421 558 Pecoris
3455 521 3557 560 au-

1987 585 2096 630 tem
2153 593 2384 633 numero
2422 583 2660 651 quodam
2718 586 2953 654 inﬁnito,
3000 601 3261 660 praeterea
3325 596 3562 664 supelle-

1983 669 2132 735 ctile,
2155 670 2393 741 aliisque
2420 675 2586 730 rebus
2614 678 2865 746 plurimis
2887 682 3044 750 potiti
3077 695 3226 738 sunt.
3255 684 3558 742 Ferebatur

1984 775 2171 830 porro,
2191 778 2292 820 nec
2316 780 2476 821 secus
2502 777 2642 834 erat,
2670 773 3016 840 postmodum
3039 791 3102 830 ex
3132 775 3266 846 ipsis
3289 780 3556 848 spoliatis.

1985 853 2077 920 qui
2122 868 2182 908 se
2210 854 2528 925 imperatori
2577 859 2936 926 dedidissent,
2963 875 3019 920 et
3036 877 3160 933 post
3190 867 3554 924 calamitatem

1983 938 2130 994 illam
2183 956 2435 1013 magnam
2491 961 2589 1000 sua
2643 953 3072 1028 recensuissent,
3098 955 3376 1026 cognitum
3407 973 3554 1017 esse.

1984 1031 2263 1088 Romanos
2315 1035 2369 1088 in
2402 1039 2585 1105 praeda
2625 1039 2853 1109 adeptos
2881 1042 3048 1098 boum
3083 1056 3347 1108 trecenta.
3379 1064 3555 1118 equo-

1985 1139 2106 1178 rum
2133 1126 2405 1195 quinque,
2435 1130 2620 1184 ovium
2657 1132 2816 1204 303
2848 1135 3145 1192 duodecies
3171 1149 3400 1195 centena
3430 1143 3557 1198 mil-

1979 1215 2077 1269 lia.
2111 1216 2245 1272 Tam
2307 1219 2606 1276 immensos
2655 1240 2847 1294 greges
2890 1243 3051 1298 agere
3108 1233 3386 1287 exercitus
3444 1249 3554 1288 non

1981 1316 2231 1378 poterat:
2257 1310 2351 1365 sed
2386 1313 2640 1371 dominos
2672 1324 2880 1372 tantum
2903 1321 3261 1391 abripientes,
3316 1325 3434 1380 sine
3462 1341 3558 1396 pa-

1982 1400 2223 1456 storibus
2247 1417 2344 1458 eos
2392 1406 2573 1475 vagari
2625 1408 2897 1464 sinebant.
2930 1412 3000 1466 At
3029 1415 3194 1469 urbes
3222 1418 3290 1471 ab
3328 1417 3556 1473 Albanis

1981 1488 2203 1557 indigna
2240 1509 2513 1564 perpessae
2569 1511 2945 1569 accurrentes,
2989 1520 3330 1576 unaquaeque
3377 1525 3552 1578 quan-

309 1597 577 1664 Ῥωμαῖοι
612 1595 757 1648 κατά
786 1594 887 1664 τὴν
927 1592 1078 1647 λείαν
1128 1594 1268 1663 βοῶν
1315 1593 1416 1665 μὲν
1449 1594 1744 1665 τριάκοντα
1777 1608 1877 1661 μυ-

1983 1587 2094 1634 tum
2113 1584 2340 1647 libebat,
2358 1589 2576 1642 nemine
2594 1591 2869 1660 obstante,
2889 1595 3190 1652 auferebat.
3213 1598 3231 1652 l
3239 1599 3320 1668 psi
3339 1616 3557 1669 posses-

303 1688 530 1759 ριάδων,
565 1686 1018 1757 πεντακισχιλίων
1045 1687 1102 1741 δὲ
1132 1687 1337 1750 ἵππων,
1366 1686 1653 1756 προϐάτων
1684 1685 1737 1738 ὁὶ
1769 1702 1874 1754 μυ-

1983 1683 2149 1737 sores,
2186 1691 2308 1729 cum
2342 1677 2409 1732 de
2443 1692 2641 1735 caetero
2673 1683 3072 1754 subiectionem
3107 1692 3556 1758 spopondissem.

303 1782 507 1851 ριάδων
537 1781 713 1834 εἴκοσι
744 1781 838 1833 καὶ
863 1779 1078 1832 ἑκατόν.
1112 1777 1362 1832 Τοσαῦτα
1393 1777 1450 1830 δὲ
1473 1778 1604 1832 ὄντα
1638 1777 1696 1829 τὸ
1731 1777 1873 1840 πλῆ-

1983 1778 2085 1818 non
2117 1780 2306 1833 parum
2363 1785 2782 1842 recuperarunt,
2819 1793 2917 1847 per
2961 1781 3126 1835 silvas
3161 1792 3218 1838 et
3267 1789 3436 1842 valles
3469 1788 3559 1841 di-

312 1873 432 1937 Oc-c,
467 1875 619 1942 ἀγειν
649 1875 750 1944 μὲν
782 1874 883 1927 οὐκ
916 1872 1145 1942 ἠδύνατο
1181 1874 1215 1943 ἡ
1257 1871 1510 1942 στρατιὰ,
1564 1870 1698 1924 ἀλλά
1749 1868 1876 1931 τοὺς

311 1964 539 2033 εχοντας
601 1965 760 2034 μόνον
812 1962 1204 2024 ἀπελάσαντες,
1263 1959 1561 2014 κατέλιπον
1616 1959 1876 2028 φέρεσθαι

301 2055 583 2122 ἀνόμευτα
629 2053 704 2114 ὡς
735 2051 948 2120 ἔτυχεν.
1000 2050 1074 2104 Δῖ
1115 2065 1174 2102 τε
1227 2049 1411 2112 πόλεις
1455 2049 1579 2101 ὅσαι
1612 2047 1878 2118 πρότερον

297 2145 495 2206 κακῶς
526 2143 838 2213 πάσχουσαι
869 2137 1010 2212 ἦσαν
1042 2142 1147 2195 ὑπὸ
1191 2141 1490 2206 ’Δλδανῶν,
1524 2139 1877 2209 ἐξερχόμενοι

294 2225 444 2300 ἦγον
469 2229 566 2282 ὅσα
593 2229 824 2290 ἕκαστος
847 2228 1100 2281 ἐϐούλετο
1130 2227 1433 2290 κωλύοντος
1459 2228 1693 2292 οὐδενὸς,
1723 2224 1878 2279 αύτοί

297 2339 365 2374 τε
405 2323 460 2374 οἱ
507 2321 745 2390 ἔχοντες,
779 2321 922 2390 μετά
971 2324 1031 2372 τὸ
1059 2320 1165 2372 ὑπὸ
1211 2319 1437 2390 βασιλέα
1487 2319 1739 2386 γενέσθαι
1781 2318 1878 2370 καὶ

300 2414 744 2482 ἐπαγγείλασθαι
769 2413 1044 2477 δουλείαν,
1075 2412 1287 2465 πολλῶν
1305 2413 1556 2480 ἐγένοντο
1593 2411 1748 2474 αὖθις
1774 2410 1875 2464 κύ-

304 2525 440 2577 ριοι,
461 2505 602 2558 κατά
621 2505 800 2568 νάπας
833 2506 1040 2568 καὶτὰς
1074 2505 1363 2574 φάραγγας
1392 2505 1642 2575 εὑρόντες
1671 2505 1881 2556 διεσκε-

298 2603 576 2674 δασμένα,
613 2601 892 2673 ὠνήσαντό
922 2618 980 2652 τε
1007 2602 1100 2654 καὶ
1129 2601 1238 2653 ἀπὸ
1261 2600 1358 2669 τῆς
1385 2602 1644 2670 στρατιᾶς
1683 2599 1875 2652 πολλάο

299 2695 452 2766 ὑπὲρ
483 2694 860 2748 πεντακοσίων
889 2694 986 2748 ἕνα
1026 2695 1356 2764 παρέχοντες
1407 2692 1641 2764 χρυσοῦν
1673 2693 1881 2762 προϐά-

298 2803 438 2850 των,
472 2787 610 2856 ὑπὲρ
639 2785 776 2855 βοῶν
805 2785 881 2847 δὲ,
923 2785 1136 2836 ἑκατόν.
1176 2784 1368 2845 Ἐυους
1401 2784 1455 2837 δὲ
1486 2785 1636 2846 ὄντος
1681 2784 1878 2854 πρότε-

301 2897 405 2951 ρον
428 2879 496 2949 τῇ
524 2879 774 2948 στρατιᾷ,
804 2875 1025 2930 ἐπειδάν
1062 2893 1205 2939 τινος
1258 2878 1577 2948 κρατήσωσι
1627 2875 1798 2939 λείας,
1844 2874 1876 2944 ἦ

298 2972 554 3034 πλείονος
582 2971 614 3042 ἢ
641 2971 949 3036 ἐλάσσονος,
975 2969 1072 3038 τὴν
1099 2971 1362 3039 πέμπτην
1398 2972 1594 3040 μοῖραν
1617 2970 1879 3040 παρέχειν

298 3066 586 3134 ἀριστεῖον
623 3062 858 3132 βασιλεῖ,
889 3063 984 3116 καὶ
1020 3061 1138 3131 μετ’
1172 3063 1377 3115 ἐκεῖνον
1407 3063 1484 3130 τῷ
1539 3063 1760 3132 μεγάλῳ
1797 3062 1881 3114 δο-

300 3159 558 3228 μεστίκῳ
587 3157 712 3225 ίσην
738 3149 826 3208 οἷα
847 3154 912 3222 δὴ
939 3153 1040 3223 τῆς
1070 3155 1366 3223 συμπάσης
1397 3153 1685 3224 ἡγουμένῳ
1715 3169 1879 3222 στρα-

298 3252 452 3314 τιᾶς,
487 3251 608 3302 τότε
645 3248 798 3302 οὐδὲν
847 3248 1066 3302 ἐποίουν
1117 3246 1226 3298 τῶν
1277 3245 1568 3301 εἰωθότων.
1623 3246 1758 3298 Ούδέ
1791 3261 1875 3306 τις

296 3343 540 3413 ἠνώχλει
577 3342 762 3403 αὐτοῖς
801 3339 933 3411 περὶ
960 3339 1058 3409 τῆς
1087 3339 1367 3408 πέμπτης.
1411 3336 1551 3389 Ἀλλ’
1585 3335 1776 3405 ῶσπερ
1816 3333 1878 3398 te

300 3437 552 3494 ἀεννάων
599 3434 862 3504 ποταμῶν
897 3432 1026 3502 ἐξῆν
1073 3432 1290 3500 ἑκάστῳ
1334 3429 1475 3483 ὅσων
1515 3429 1582 3483 ἂν
1633 3429 1876 3498 βούλοιτο

301 3528 500 3598 κύριος
555 3525 836 3593 γενέσθαι.
873 3523 1112 3578 Τοιαῦτα
1162 3524 1261 3594 μὲν
1316 3522 1564 3577 ’Λλσανοὶ
1611 3523 1876 3593 πρότερον

298 3624 431 3685 τοὺς
465 3621 756 3691 ἑσπερίους
783 3618 1004 3676 ἠδίκουν
1027 3635 1038 3648 ’
1077 3618 1337 3683 τοιαύτην
1364 3617 1421 3671 δὲ
1450 3618 1640 3670 ἔδοσαν
1671 3617 1766 3686 τὴν
1797 3614 1877 3666 δί-

302 3734 410 3786 κην
440 3715 584 3783 ὑπὲρ
613 3710 686 3769 ῶν
714 3714 933 3785 ἠδίκουν
967 3713 1212 3782 ὕστερον.
1261 3711 1450 3774 Πόλεις
1493 3711 1550 3763 δὲ
1589 3711 1647 3762 αἱ
1680 3709 1875 3775 πρότε-

304 3824 404 3877 ρον
436 3808 744 3876 πάσχουσαι
767 3805 952 3868 κακῶς
969 3805 1162 3872 διπλῆς
1187 3803 1509 3873 ἀπήλαυσαν
1531 3801 1872 3871 εὐεργεσίαςο

303 3899 576 3970 ἐπηρείας
609 3916 668 3950 τε
708 3899 805 3966 τῆς
837 3900 990 3967 παρά
1031 3897 1304 3950 Ἀλϐανῶν
1333 3896 1750 3965 ἀπηλλαγμένοι
1781 3896 1876 3948 καὶ

299 3993 406 4060 τῆς
441 3989 708 4060 βασιλέως
732 3989 1138 4052 ἀπολαύσαντες
1162 3989 1456 4057 ἐπιδημίας
1480 3990 1570 4042 καὶ
1590 3988 1872 4059 προνοίας.

307 4085 376 4134 Ὃ
410 4083 586 4153 μείζω
609 4081 702 4135 καὶ
732 4082 1123 4154 λαμπροτέραν
1141 4082 1320 4142 αὐτοῖς
1343 4079 1438 4150 τὴν
1460 4081 1656 4150 ἡδονὴν
1677 4080 1872 4144 ἐποίει,

307 4178 401 4228 καὶ
431 4174 628 4244 ἑορτὴν
656 4169 792 4242 ἦγον
817 4173 916 4241 τὴν
943 4171 1135 4224 πασῶν
1173 4175 1556 4242 χαριεστάτην.
1608 4172 1740 4225 Ἀπὸ
1769 4172 1876 4242 γὰρ

307 4269 410 4320 τῶν
441 4266 728 4337 Κομνηνοῧ
760 4264 854 4318 τοῦ
886 4264 1142 4328 Μανουὴλ
1174 4263 1438 4333 βασιλέως
1483 4264 1691 4334 χρόνων
1719 4265 1876 4334 ἄχρις

319 4361 661 4432 Ἀνδρονίκου
680 4359 787 4410 τῶν
814 4357 1191 4424 Παλαιολόγων
1213 4356 1306 4409 τοῦ
1325 4357 1579 4426 δευτέρου
1607 4357 1876 4426 βασιλέως

1983 1871 2173 1925 spersa
2199 1858 2563 1928 invenientes,
2619 1869 2769 1922 etab
2815 1873 3056 1927 exercitu
3109 1891 3329 1946 quoque
3384 1880 3554 1934 multa

1980 1952 2233 2014 mercati,
2267 1967 2366 2020 pro
2394 1956 2713 2025 quingentis
2747 1963 2944 2017 ovibus
2970 1981 3160 2028 unum,
3203 1983 3300 2037 pro
3329 1971 3556 2026 totidem

1977 2055 2110 2094 vero
2144 2041 2319 2097 bobus
2352 2057 2572 2100 centum
2595 2065 2792 2105 aureos
2824 2067 3274 2113 numeraverunt.
3307 2060 3558 2118 Consue-

1979 2141 2133 2186 verat
2162 2143 2320 2188 antea
2374 2140 2652 2194 exercitus
2700 2143 2881 2212 aliqua
2916 2151 3094 2214 praeda
3127 2161 3284 2218 capta
3323 2165 3558 2221 quanta-

1978 2236 2198 2292 cunque
2223 2225 2386 2291 foret,
2418 2229 2662 2296 quintam
2711 2245 2921 2301 partem
2954 2236 3266 2306 imperatori
3320 2244 3374 2296 in
3402 2243 3558 2297 forti-

1981 2315 2186 2370 tudinis
2252 2317 2537 2386 praeniium
2601 2338 2698 2377 seu
2760 2325 3117 2382 honorarium
3172 2331 3414 2398 olferre,
3491 2349 3557 2389 ac

1979 2409 2284 2462 secundum
2323 2411 2474 2465 illum
2507 2428 2664 2483 aeque
2719 2423 2930 2471 tantum
2983 2436 3178 2490 magno
3220 2423 3546 2488 domestico.

1980 2498 2133 2554 velut
2156 2499 2283 2555 duci
2314 2517 2528 2557 summo
2557 2506 2722 2562 totius
2739 2511 3034 2566 exercitus.
3066 2513 3216 2568 Ilanc
3245 2527 3546 2572 consuetu-

1980 2593 2166 2646 dinem
2190 2601 2318 2647 tunc
2339 2595 2560 2664 penitus
2581 2597 2796 2665 omisit;
2824 2616 3000 2670 neque
3024 2604 3127 2658 fuit
3143 2607 3234 2675 qui
3263 2606 3332 2662 de
3353 2610 3547 2678 quinta

1981 2695 2134 2752 parte
2161 2701 2269 2739 non
2305 2686 2514 2740 reddita
2565 2704 3017 2760 conquereretur,
3069 2698 3164 2750 sed
3199 2701 3354 2767 quasi
3387 2716 3418 2754 e
3459 2718 3554 2772 pe—

1983 2781 2245 2834 rennibus
2291 2781 2470 2836 ﬂuviis
2504 2785 2678 2840 cuivis
2711 2799 2976 2856 quantum
3021 2791 3125 2845 sibi
3177 2808 3276 2862 pro
3341 2797 3556 2864 peculio

1981 2869 2394 2934 vellet,~tollere
2424 2871 2699 2942 integrum
2729 2887 2865 2931 erat.
2901 2879 3008 2934 llas
3033 2882 3258 2938 Albanis
3299 2888 3557 2943 occiden-

1984 2960 2187 3016 talibus
2220 2961 2450 3032 injurias
2505 2966 2835 3037 irrogarunt,
2859 2979 2914 3024 et
2949 2971 3154 3029 hancce
3187 2973 3373 3046 postea
3405 2994 3556 3034 mer-

1983 3052 2171 3106 cedem
2207 3069 2306 3122 pro
2334 3055 2658 3112 malefactis
2689 3060 3014 3117 retulerunt.
3046 3063 3216 3122 Urbes
3249 3083 3379 3123 vero
3402 3072 3556 3140 prius

1985 3141 2232 3211 direptae,
2265 3144 2542 3214 duplicem
2575 3152 2816 3203 fructum
2852 3166 3241 3256 percgperunt,
3263 3169 3319 3213 et
3351 3162 3556 3230 rapinis

1996 3234 2313 3256 ...η-,μη
2354 3240 2450 3256 ,
2531 3249 2543 3256 ,
2687 3253 2697 3256 _
2865 3243 2876 3256 .
3088 3247 3099 3256 .
3191 3250 3201 3256 .
3399 3255 3427 3256 η

1984 3234 2320 3291 Albanorum
2352 3240 2617 3301 liberatae.
2647 3253 2702 3297 et
2731 3243 2876 3313 quod
2914 3234 3018 3302 nn’é
3048 3247 3361 3306 uberiorem
3393 3255 3557 3324 liqui-

1985 3327 2305 3399 dioremque
2337 3332 2674 3402 voluptatem
2729 3336 3012 3400 allerebat,
3058 3340 3404 3410 imperatoris
3459 3349 3558 3402 ad.

1985 3431 2151 3474 ventu
2202 3425 2696 3494 procurationeque
2757 3430 3056 3495 perfruita'.
3096 3433 3358 3498 Quocirca
3385 3446 3440 3491 et
3475 3439 3555 3493 fe-

1986 3522 2129 3566 stum
2160 3513 2303 3568 diem
2331 3518 2577 3569 omnium
2609 3519 2664 3571 in
2689 3519 2797 3573 vita
2817 3521 3278 3587 jucundissimum
3297 3531 3551 3598 agebant.

1983 3603 2118 3659 Nam
2150 3622 2180 3660 a
2207 3608 2546 3676 temporibus
2601 3609 2864 3665 Manuelis
2893 3613 3162 3670 Comneni
3205 3619 3553 3690 imperatoris

1986 3713 2160 3768 usque
2188 3699 2252 3751 ad
2283 3699 2430 3753 hunc
2473 3701 2848 3756 Andronicum
2879 3705 3304 3777 Palazologorum
3351 3727 3552 3769 secun-

1985 3793 2139 3856 dum,
2175 3793 2315 3847 alius
2339 3794 2406 3846 ad
2431 3808 2527 3849 eos
2556 3794 2852 3863 imperator
2880 3813 2987 3850 non
3019 3803 3186 3866 venit,
3230 3819 3407 3875 neque
3442 3817 3549 3863 tam

1985 3886 2218 3942 sollicite
2247 3887 2356 3940 illis
2382 3887 2680 3956 prospexit.
2701 3887 2856 3943 Unde
2887 3891 3051 3944 etiam
3083 3908 3191 3948 non
3216 3911 3247 3951 e
3271 3899 3433 3953 terris
3454 3902 3554 3954 ali-

1986 3994 2148 4049 quem
2183 3979 2490 4041 mortalem,
2527 3979 2622 4034 sed
2655 3988 2911 4049 tanquam
2953 3981 3142 4037 divum
3179 3991 3490 4059 quempiam
3520 4012 3551 4048 c

1987 4072 2141 4128 caelis
2172 4072 2238 4126 ad
2289 4086 2349 4126 se
2382 4072 2600 4126 venisse
2625 4072 2969 4143 interpretati
2998 4086 3151 4132 sunt.
3181 4081 3370 4137 Persas
3397 4099 3550 4140 com-

1987 4164 2190 4236 pressis
2222 4164 2448 4219 Albanis
2499 4165 2793 4233 imperator
2831 4165 3041 4223 dimisit
3074 4185 3089 4222 :
3119 4172 3213 4242 qui
3256 4189 3352 4243 per
3377 4175 3550 4232 Thes-

1987 4257 2175 4312 saliam
2233 4255 2556 4312 etBotizeam
2590 4255 3031 4314 Thessalonicam
3063 4262 3436 4331 devenientes,
3463 4271 3550 4323 in-

1989 4352 2054 4403 de
2077 4351 2309 4403 navibus
2337 4349 2389 4402 in
2442 4347 2650 4403 Ioniam
2681 4352 3122 4407 transmiserunt.
3155 4355 3336 4425 Ipsum
3363 4373 3548 4416 autem

311 4451 490 4522 ἕτερος
538 4450 788 4518 βασιλεὺς
825 4449 925 4500 οὐκ
969 4447 1315 4517 ἐπεδήμησεν
1351 4449 1556 4510 αὐτοῖς,
1593 4447 1708 4500 οὐδὲ
1743 4463 1877 4517 προ-

1987 4456 2118 4494 cura
2149 4441 2216 4494 de
2247 4438 2552 4509 irruptione
2600 4439 2655 4492 in
2701 4439 3063 4496 Acarnaniam
3113 4449 3365 4504 versabat
3399 4470 3412 4505 :
3441 4469 3552 4520 quo

315 4543 454 4602 νοίας
485 4542 689 4610 ἠξίωσε
721 4537 1011 4604 τοσαύτης.
1033 4539 1124 4591 Διὸ
1151 4541 1242 4592 καί
1265 4540 1363 4609 τὴν
1390 4539 1688 4608 ἐπιδημίαν
1711 4539 1877 4592 αὐτοῦ

314 4637 407 4703 οὐχ
437 4635 509 4697 ὡς
543 4636 651 4686 τῶν
679 4633 936 4699 ἐπιγείων
965 4632 1132 4693 τινος,
1158 4631 1266 4684 τῶν
1292 4632 1620 4701 κρειττόνων
1645 4631 1702 4683 δὲ
1724 4627 1878 4700 ἦγον.

317 4728 447 4789 Τοὺς
504 4727 607 4797 μὲν
664 4724 758 4779 οὖν
813 4727 1025 4795 Πέρσας
1078 4725 1214 4792 μετά
1258 4725 1318 4777 τὸ
1365 4723 1881 4776 καταδουλώσασθαι

328 4819 612 4881 Ἀλϐανοὺς
646 4819 983 4887 ἀπέπεμπεν
1023 4820 1050 4870 ό
1085 4815 1340 4885 βασιλεὺς
1390 4818 1467 4877 εἰς
1502 4816 1599 4885 τὴν
1649 4815 1879 4867 οἰκείαν.

319 4912 376 4964 Οἳ
410 4913 502 4965 καὶ
536 4913 624 4965 διὰ
651 4913 950 4975 Θετταλίας
997 4912 1090 4964 καὶ
1125 4909 1409 4970 Βοττιαίας
1441 4911 1518 4971 εἰς
1557 4906 1882 4960 θεσσαλονί-

322 5020 416 5070 κην
447 5005 879 5073 καταντήσαντες
915 5003 1125 5056 ὲκεῖοεν
1153 5005 1271 5064 ταῖς
1312 5005 1502 5056 ναυσὶν
1532 5001 1882 5071 ἐπεραιώθη-

1980 4534 2158 4589 adhuc
2175 4528 2606 4603 apudBalagrita
2623 4543 2892 4600 morante,
2911 4535 2977 4588 de
3007 4536 3202 4594 infesto
3222 4541 3556 4610 ejusadven-

1984 4637 2041 4678 tu
2067 4627 2205 4679 fama
2228 4627 2336 4694 jam
2357 4625 2634 4693 divulgata
2655 4627 2860 4681 multus
2881 4633 3026 4682 inter
3040 4632 3352 4687 Acarnanas
3371 4651 3552 4690 serum

1983 4720 2100 4772 fuit.
2133 4719 2298 4771 Erant
2326 4717 2506 4785 igitur.
2530 4718 2621 4786 qui
2646 4733 2826 4787 neque
2849 4720 2904 4774 in
2927 4722 3089 4777 urbes
3108 4724 3506 4780 admittendum
3534 4771 3548 4790 ,

1981 4825 2160 4878 neque
2202 4825 2230 4861 a
2267 4817 2479 4860 vetusta
2505 4822 2632 4878 erga
2667 4810 2927 4881 Angelos,
2970 4815 3061 4883 qui
3107 4816 3270 4888 longo
3295 4819 3407 4886 jam
3433 4834 3550 4875 aevo

1980 4903 2117 4971 ipsis
2173 4901 2602 4968 ilnperitusseut,
2666 4902 3049 4961 benevolentia
3103 4908 3548 4978 desciscenllutn,

1979 5006 2144 5066 atque
2192 4995 2508 5063 imperatori
2563 4997 2824 5066 deinceps
2855 5001 3178 5068 parendum,
3214 5005 3310 5058 sed
3359 5006 3547 5073 potius

1548 5120 1761 5180 Jacobi
1798 5117 2058 5177 Pontani
2096 5123 2280 5176 noua.

391 5226 495 5296 (ὕῖ)
536 5226 717 5280 Placet
749 5225 906 5289 mihi,
954 5223 1100 5294 quod
1134 5225 1254 5294 lego
1285 5226 1426 5291 apud
1461 5224 1725 5296 Jacobum
1770 5222 1880 5276 Bil-

327 5292 474 5355 Iium.
505 5296 776 5350 Οὐδέν-ναι.
807 5292 1014 5348 sacrar.
1048 5296 1145 5348 lib.
1185 5292 1223 5356 IV,
1259 5311 1378 5364 cap.
1422 5297 1506 5348 40.
1546 5295 1882 5364 Οιιιηνίηιιιι-

329 5382 484 5420 meris
519 5368 655 5419 locis
703 5365 873 5420 Cra-ci
913 5365 1101 5419 Patres
1145 5363 1455 5433 οἰκονομίαν
1490 5367 1609 5416 ἀντὶ
1655 5363 1753 5431 τῆς
1800 5366 1883 5413 ὲν-

331 5437 719 5504 ανυρωπήσεως
750 5437 842 5486 του
878 5436 1114 5503 Χρ.στού
1139 5434 1428 5502 accipiant,
1463 5449 1690 5501 eamque
1715 5433 1877 5485 etiam

335 5505 399 5556 ita
434 5505 807 5574 Theodoretus
839 5516 1079 5572 exponat
1120 5505 1172 5557 in
1205 5505 1586 5572 Polymorphn,
1628 5505 1720 5571 qui
1766 5513 1879 5554 tum

333 5575 777 5644 dispensationem,
809 5577 892 5627 vel
935 5575 1444 5628 administrationem
1498 5585 1708 5626 Vertere
1759 5588 1879 5624 ma-

335 5644 461 5702 lunt,
487 5661 642 5711 quam
684 5646 1124 5708 incarnationem,
1160 5646 1241 5696 vel
1275 5653 1602 5712 assumptum
1635 5645 1882 5694 Immani-

335 5723 506 5772 tatam,
540 5716 620 5768 vel
651 5716 777 5782 (nisi
819 5714 962 5782 quod
1015 5717 1116 5766 hoc
1152 5718 1476 5767 vocabulum
1527 5715 1723 5764 durius
1774 5715 1876 5781 est)

564 5814 813 5872 ΡΔτιιυι.
872 5814 985 5870 (in.
1036 5809 1238 5868 CLIII.

1979 5222 2471 5297 inlmmattuiiouent
2505 5238 2522 5275 :
2554 5235 2889 5297 quaint-cete
2924 5226 2974 5278 id
3012 5225 3228 5288 faciant.
3266 5226 3368 5297 ipsi
3399 5229 3550 5283 vide-

1985 5295 2130 5350 rint;
2167 5292 2297 5367 mihi
2343 5293 2564 5358 quidem
2619 5293 2773 5367 nihil
2821 5294 3006 5348 dicere
3041 5292 3340 5367 videntur,
3399 5302 3548 5367 quod

1986 5363 2159 5415 lector
2207 5360 2379 5434 (iunci
2434 5363 2704 5414 sermonis
2761 5362 2982 5430 ignarus
3039 5360 3335 5434 intelligat.
3385 5360 3556 5427 Docet

1989 5431 2153 5484 etiam
2229 5430 2461 5505 Budwus
2527 5434 2936 5485 commentariis
3009 5430 3245 5505 Iinguaf
3297 5439 3550 5505 (ἔταξαν,

1986 5506 2304 5574 οἰκονομίαν
2340 5501 2519 5552 valere
2554 5505 2983 5568 ἐνανθρώπησιν.
3031 5501 3141 5560 Ιηῐο
3176 5509 3286 5563 vita
3321 5501 3549 5574 Christi,

1985 5581 2038 5623 et
2073 5571 2192 5639 ejus
2228 5569 2473 5639 theurgin
2508 5580 2641 5639 tota,
2678 5585 2726 5622 ei
2766 5576 3047 5638 provincia
3079 5576 3156 5630 illi
3187 5595 3216 5632 ει
3255 5580 3364 5633 Deo
3399 5569 3554 5634 Patre

1984 5636 2251 5709 injuncta,
2284 5636 2489 5692 Grai-cis
2525 5636 2776 5694 Patribus
2804 5642 3088 5714 οίκονομία
3113 5649 3336 5702 dicitur.

3161 5815 3240 5875 20
