3992 6202
540 321 644 384 619

1734 302 2059 381 JOANNIS
2097 320 2620 383 cmracuzem
3610 327 3696 390 020

541 431 743 504 reginae
767 431 956 498 Annae,
982 430 1196 503 conjugi
1221 403 1729 504 Joannisidcspolm,
1774 433 1895 488 lilia:
1925 443 2111 504 proto-

2219 451 2316 486 σαν
2353 435 2488 507 πρὸς
2529 435 2756 492 Ἰωνίαν.
2779 433 2947 496 Αὐτὸς
2969 432 3025 486 δὲ
3042 432 3290 487 διενοεῖτο
3307 433 3377 498 ῶς
3396 433 3701 506 εἰς’Δκαρνα-

542 525 792 580 vestiarii
829 527 1014 594 (quem
1044 534 1382 596 postremum
1432 526 1575 580 inter
1607 527 1965 595 imperatores
1990 525 2108 580 bel-

536 617 655 686 lum
684 616 1028 688 potissimum
1078 616 1689 684 excitassedocuimus)
1719 624 1773 670 et
1798 615 2110 685 Nicephoro

538 710 656 779 ejus
687 707 798 762 filio
831 717 1147 764 constanter
1187 709 1344 762 fidem
1399 709 1724 763 servandam
1767 722 1887 763 esse
1919 722 2109 762 cense-

537 797 692 853 bant.
729 797 893 869 304
933 795 1038 852 Alii
1093 806 1306 861 contra,
1342 799 1727 868 imperatorem
1762 799 1986 853 omnino
2024 813 2109 852 re-

509 881 512 887 ’
541 888 672 960 cipi,
706 904 768 943 ac
797 888 925 944 belli
960 897 1260 943 sementem
1300 889 1414 943 tolli
1459 888 1737 945 volebant.
1770 890 1871 946 Cui
1893 890 1936 944 si
1963 903 2108 944 nunc

539 995 596 1033 se
633 979 1010 1042 tradidissent,
1066 987 1122 1034 et
1151 979 1454 1050 regionem,
1496 989 1553 1035 et
1588 980 1916 1052 semetipsos
1948 981 2110 1037 belli-

539 1081 726 1118 carum
753 1065 1102 1120 miseriarum
1150 1064 1426 1121 immunes
1475 1076 1918 1134 conservaturos,
1968 1068 2109 1138 regi-

538 1171 731 1226 meque
778 1170 841 1210 ac
892 1156 1202 1228 Nicephoro
1255 1159 1374 1228 ejus
1417 1167 1580 1229 gnato
1644 1160 2007 1216 conducibilia
2039 1160 2108 1215 ab

537 1248 868 1318 imperatore
909 1249 1217 1319 petituros;
1250 1249 1334 1304 sin
1371 1251 1439 1304 ad
1473 1265 1624 1304 arma
1677 1251 1950 1314 veniatur,
1995 1252 2110 1321 pri-

536 1355 686 1392 mum
718 1339 942 1408 quidem
981 1339 1060 1394 illi
1100 1341 1362 1403 resistere
1433 1356 1542 1395 non
1595 1358 1775 1412 posse.
1811 1359 1920 1398 non
1949 1337 2110 1399 m'odo

536 1428 665 1498 quia
687 1429 991 1482 exercitum
1029 1431 1378 1498 frequentem
1412 1429 1673 1495 adducat,
1726 1446 1916 1486 verum
1943 1433 2107 1487 etiam

536 1519 799 1588 quoniam
832 1518 922 1588 qui
953 1519 1029 1573 illi
1074 1534 1198 1574 cum
1224 1520 1401 1587 capiis
1433 1531 1707 1583 occurrat,
1736 1522 1939 1592 quique
1979 1537 2108 1577 con.

537 1615 617 1661 tra
673 1616 778 1663 stet
825 1623 986 1663 nemo
1016 1609 1108 1670 sit.
1152 1608 1464 1679 Nicephoro
1493 1611 1730 1681 despotae
1766 1612 1876 1666 lilio
1907 1627 2110 1666 annum

537 1695 834 1764 septimum
873 1696 1118 1750 nondum
1159 1705 1306 1753 nato.
1334 1696 1491 1764 Quod
1521 1699 1566 1752 si
1598 1699 1762 1753 etiam
1794 1701 2110 1770 aliquandiu

535 1802 593 1841 se
611 1796 817 1855 queant
849 1785 1164 1851 defendere,
1199 1788 1374 1842 nihilo
1408 1789 1528 1858 plus
1549 1767 1915 1860 profecturos,
1944 1807 2108 1862 quam
2144 1767 2185 1826 θ

537 1888 598 1932 ut
624 1879 846 1950 regione
878 1881 1175 1945 devastata,
1197 1883 1492 1936 etconciso
1517 1883 1783 1949 exercitu,
1805 1884 2024 1939 tandem
2055 1895 2112 1941 et

536 1972 662 2041 ipsi,
689 1987 797 2026 non
833 1971 1027 2026 iisdem
1070 1974 1272 2042 quibus
1305 1990 1480 2039 nunc,
1523 1975 1624 2033 sed
1668 1976 1828 2047 longe
1855 1977 2111 2032 intolera-

533 2065 826 2120 bilioribus
875 2065 1308 2130 conditionibus,
1347 2069 1698 2138 imperatore,
1734 2070 1862 2140 quia
1906 2069 2109 2124 bellum

522 2157 855 2223 maluerint,
883 2157 1184 2212 iratissimo
1215 2159 1558 2215 deditionem
1593 2159 1777 2216 facere
1818 2173 2106 2233 cogantur.

536 2249 663 2304 Haec
713 2251 820 2306 illis
851 2267 972 2322 quae
1028 2252 1295 2319 dicerent,
1328 2265 1713 2322 occurrerunt,
1761 2258 2112 2326 sperantibus

536 2357 647 2397 non
679 2342 782 2398 sibi
815 2343 992 2398 solum
1053 2352 1109 2399 et
1142 2344 1285 2410 aliis,
1329 2343 1422 2400 sed
1449 2353 1504 2398 et
1530 2337 1874 2416 imperatoris
1903 2349 2110 2404 studio-

536 2437 613 2488 sis
644 2434 731 2506 (ad
753 2450 890 2507 quos
944 2435 1267 2491 clanculum
1300 2450 1529 2491 arcanas
1557 2436 1765 2492 litteras
1791 2439 2107 2505 missitarat,

537 2540 648 2596 quo
680 2537 928 2596 tempore
958 2526 1184 2582 Albanis
1213 2526 1622 2596 populationem
1687 2529 2109 2600 vastitatemque

537 2616 829 2686 inferebat)
885 2615 1177 2670 consilium
1211 2622 1471 2687 prospere
1499 2626 1844 2673 eventurum.
1870 2618 2008 2674 Cum
2031 2619 2110 2675 sic

543 2709 727 2762 studia
775 2708 830 2761 in
869 2707 1143 2762 contraria
1188 2705 1596 2771 scinderentur,
1628 2707 1834 2778 placuit
1863 2709 1930 2762 ad
1968 2709 2112 2780 regi-

539 2812 666 2853 nam
697 2813 917 2867 quoque
965 2795 1198 2860 referre,
1243 2806 1300 2852 ut
1326 2813 1436 2866 quo
1483 2797 1599 2869 ipsa
1626 2798 2011 2868 propenderet,
2042 2793 2110 2856 eo

538 2905 729 2945 omnes
751 2898 1133 2959 sequerentur.
1155 2888 1284 2956 Quae
1300 2889 1537 2960 primum
1565 2891 1757 2960 gratiis
1778 2893 1934 2960 actis,
1963 2893 2108 2963 quod

538 2999 648 3038 non
683 2979 903 3038 sibimet
925 2981 1211 3047 duntaxat,
1237 2980 1330 3036 sed
1365 2981 1469 3052 ipsi
1496 2999 1718 3052 quoque
1777 2995 1832 3038 et
1855 2984 1973 3055 ejus
1998 2985 2108 3040 lilio

2210 524 2327 576 νίαν
2361 525 2636 595 ἐμϐαλών.
2674 524 2795 577 Ἔτι
2837 523 2892 576 δὲ
2942 522 3083 576 κατά
3129 521 3194 576 τὰ
3228 522 3515 594 Βαλάγριτα
3539 524 3702 596 διατρί-

2211 611 2357 668 ϐοντι
2407 613 2565 685 λόγος
2613 614 2912 686 Ἀκαρνᾶσι
2958 613 3123 676 πολὺς
3169 603 3371 681 ἐγίνετο
3404 615 3521 684 περὶ
3551 616 3702 672 αὐτοῦ.
3775 631 3778 634 ·

2208 705 2370 777 Φήμη
2404 706 2515 777 γὰρ
2567 705 2707 778 διῄει
2746 705 2819 768 ὡς
2851 705 3035 768 αὐτοῖς
3068 703 3487 775 ὲπιστρατεύσει.
3533 705 3588 757 Ol
3630 706 3706 774 μὲν

2211 798 2303 852 οὖν
2357 799 2431 869 μὴ
2485 798 2736 869 δέχεσθαι
2793 800 2912 862 ταῖς
2959 797 3177 850 πόλεσιν
3226 796 3427 870 ἠξίουν,
3479 797 3594 866 μηδὲ
3630 799 3708 864 τῆς

2211 888 2452 951 παλαιᾶς
2477 889 2691 950 εὐνοίας
2721 887 2819 958 τῆς
2849 887 2983 958 πρὸς
3017 887 3144 949 τοὺς
3184 885 3466 954 ’Δγγὲλους
3487 888 3711 940 ἀποστάν-

2209 998 2328 1045 τας,
2362 982 2528 1036 πολὺν
2563 983 2662 1054 ἠδη
2687 981 2878 1053 χρόνον
2903 980 3174 1052 ἄρξαντας
3199 978 3391 1042 αὐτῶν,
3423 975 3516 1032 ὑπὸ
3543 979 3712 1047 βασιλεῖ

2211 1073 2560 1146 ὑποχειρίους
2616 1073 2888 1142 γίνεσθαι,
2941 1070 3076 1125 ἀλλά
3107 1074 3172 1142 τῇ
3218 1071 3467 1124 δεσπότου
3511 1070 3712 1124 Ἰωάννου

2211 1162 2432 1230 γυναικί
2485 1165 2550 1232 τῇ
2605 1161 2895 1234 βασιλίσσῃ
2956 1163 3146 1232 'Awn.
3197 1159 3232 1232 ἢ
3279 1159 3713 1229 πρωτοϐεστιαρίου

2213 1252 2463 1326 θυγάτηρ
2490 1249 2559 1324 ἦν
2605 1254 2946 1324 Ἀνδρονίκου
2975 1253 3069 1306 τοῦ
3107 1251 3482 1319 Παλαιολόγου,
3516 1251 3568 1303 ὃν
3605 1252 3717 1305 ἰστοο

2213 1342 2466 1411 ρήκαμεν
2493 1341 2587 1394 τοῦ
2635 1343 2770 1409 πρὸς
2820 1342 3084 1413 ἀλλήλους
3114 1339 3420 1394 τελευταίου
3465 1338 3561 1391 τῶν
3592 1338 3716 1409 βασιο

2211 1431 2348 1485 λέων
2381 1433 2622 1503 πολέμου
2661 1435 2896 1506 μάλιστα
2917 1435 3241 1488 αἰτιώτατον
3271 1432 3623 1503 γεγενημένον,
3647 1433 3716 1485 καὶ

2215 1521 2516 1595 Νικηφόρῳ
2562 1524 2642 1589 τῷ
2677 1526 2889 1580 ἐκείνου
2937 1524 3093 1580 παιδὶ
3128 1523 3229 1596 τὴν
3264 1525 3438 1578 πίστιν
3465 1524 3629 1594 τηρεῖν
3653 1522 3717 1589 βε-

2213 1614 2392 1668 ϐαίαν.
2422 1618 2485 1670 Οἱ
2522 1616 2578 1670 δὲ
2626 1619 2949 1687 ἀντέλεγον·
2998 1619 3094 1672 καὶ
3147 1619 3260 1673 δεῖν
3319 1616 3634 1670 ἐϐουλεύοντο
3655 1615 3717 1668 δέ·

2213 1704 2402 1774 χεσθαι
2434 1704 2679 1774 βασιλέα,
2718 1707 2810 1760 καὶ
2841 1706 2918 1778 μὴ
2947 1707 3183 1777 πόλεμον
3213 1708 3404 1761 κινεῖν.
3441 1704 3718 1776 Προσχωρή-

2218 1812 2417 1859 σαντας
2447 1797 2555 1866 γὰρ
2593 1797 2687 1851 νῦν
2710 1797 2787 1869 τῷ
2818 1798 3053 1868 βασιλεῖ,
3085 1800 3183 1870 τήν
3218 1816 3277 1852 τε
3308 1799 3495 1870 χώραν
3509 1796 3721 1867 διατηρή·

2218 1904 2352 1952 σειν,
2385 1890 2478 1942 καὶ
2515 1890 2655 1958 σφᾶς
2682 1891 2880 1954 αὐτοὺς
2912 1891 3021 1945 τῶν
3049 1891 3115 1946 ἐκ
3140 1889 3240 1947 τοῦ
3271 1890 3498 1961 πολέμου
3529 1890 3720 1959 ἀπειρά-

2213 1998 2335 2042 τους
2355 1981 2562 2045 κακῶν,
2581 1982 2676 2035 καὶ
2696 1981 3006 2055 βασιλίσσῃ,
3031 1983 3124 2037 καὶ
3141 1983 3193 2037 Ν
3198 1983 3440 2055 ικηφόρῳ
3462 1980 3530 2053 τῷ
3546 1981 3722 2052 ἐκείνης

2218 2072 2370 2126 παιδὶ
2401 2071 2549 2143 παρὰ
2582 2071 2849 2143 βασιλέως
2874 2073 2942 2127 τὰ
2973 2074 3326 2145 συμφέροντα
3355 2073 3597 2143 αἰτήσειν.
3624 2072 3721 2124 Ἐὰν

2213 2165 2268 2216 δὲ
2307 2164 2622 2219 καταστῶσι
2673 2166 2809 2234 πρὸς
2856 2165 2949 2218 τὸν
3000 2166 3282 2235 πόλεμον,
3319 2163 3525 2237 πρῶτον
3565 2162 3650 2233 μὲν
3674 2162 3719 2216 οὐ

2213 2254 2536 2324 δυνήσεσθαι
2589 2255 2726 2326 πρὸς
2781 2253 3008 2325 βασιλέα
3058 2257 3443 2326 ἁντισχήσειν,
3492 2257 3548 2310 οὺ
3594 2254 3721 2325 μόνον

2214 2345 2299 2398 διὰ
2338 2346 2398 2400 τὸ
2431 2345 2634 2418 πολλὴν
2679 2348 2836 2416 ἄγειν
2871 2347 3155 2420 στρατιὰν,
3211 2346 3329 2402 ἀλλ’
3377 2340 3468 2402 ὅτι
3497 2346 3721 2400 καίὸάν-

2212 2439 2669 2510 τιστρατηγήσων
2702 2439 2850 2508 αὐτῷ
2885 2439 2976 2492 καὶ
3030 2437 3165 2508 πρὸς
3219 2438 3318 2496 τὸν,
3363 2438 3583 2507 πόλεμον
3609 2436 3724 2490 ἀντι-

2213 2529 2693 2600 καταστησόμενος
2723 2529 2824 2583 οὐκ
2863 2528 3002 2594 ἔστι,
3039 2524 3362 2603 Νικηφόρου
3387 2528 3476 2582 τοῦ
3509 2527 3723 2583 δεσπότου

2212 2618 2400 2684 παιδὸς
2431 2618 2584 2673 οὔπω
2616 2619 2711 2690 ἐτη
2743 2622 2885 2676 ἑπτὰ
2937 2622 3339 2692 γεγενημένου.
3373 2622 3432 2674 El
3464 2619 3517 2675 δὲ
3547 2621 3627 2675 καὶ
3649 2621 3723 2694 ἀντ

2212 2709 2464 2779 τιστῆναι
2483 2712 2806 2780 δυνήσονται
2829 2712 2966 2781 πρὸς
2985 2711 3194 2784 χρόνον,
3215 2711 3368 2766 οὐδὲν
3399 2709 3721 2781 λυσιτελήσειν

2214 2799 2398 2865 πλέον,
2432 2799 2464 2870 ἢ
2500 2798 2626 2853 ὅσον
2649 2800 2747 2872 τῆς
2789 2817 2847 2854 τε
2880 2799 3065 2874 χώρας
3107 2803 3415 2858 ἀναστάτου
3461 2799 3722 2871 γινομένης.

2213 2893 2308 2946 καὶ
2336 2892 2435 2962 τῆς
2462 2893 2722 2962 στρατιᾶς
2755 2891 3187 2965 διεφθαρμένης,
3215 2895 3523 2950 τελευταῖον
3555 2890 3726 2963 pacat

2212 2986 2307 3041 καὶ
2337 2986 2536 3050 αὐτοὺς
2573 2985 2667 3039 ὑπ’
2699 2986 2947 3056 ἀνάγκης
2977 2990 3326 3058 προσχωρεῖν
3345 3028 3360 3052 ,
3390 2988 3485 3040 οὐκ
3529 2986 3612 3038 ἐπὶ
3639 2985 3726 3045 τοῖς

540 3072 920 3144 providerent,
952 3085 1102 3126 arma
1121 3071 1398 3138 dissuasit,
1421 3073 1620 3142 quibus
1636 3090 1744 3128 non
1765 3084 1950 3130 essent
1968 3075 2108 3130 bene

2212 3077 2394 3140 αὐτοῖς
2422 3074 2608 3148 ὥσπερ
2634 3075 2750 3140 νῦν,
2790 3075 2926 3132 ἀλλὰ
2954 3077 3164 3148 χείροσι
3217 3077 3418 3150 πολλῷ,
3447 3078 3574 3150 ὀργῇ
3602 3089 3729 3144 φερο-

536 3163 886 3220 defuncturi:
920 3163 1139 3232 quando
1165 3163 1278 3234 ipsa
1301 3163 1602 3232 sitmulier,
1638 3163 1780 3220 Illius
1801 3165 2001 3232 infans,
2030 3169 2107 3223 illi

2217 3167 2382 3237 μένου
2445 3169 2714 3240 βασιλέως
2764 3167 2902 3239 πρὸς
2959 3169 3156 3234 αὐτοὺς
3216 3171 3309 3226 διὰ
3369 3173 3456 3225 τὸν
3510 3170 3727 3239 πόλεμον.

539 3264 762 3327 propter
797 3255 1167 3326 interregnum
1203 3253 1538 3310 factibnibus
1561 3256 1807 3312 distracti
1861 3273 1925 3313 ac
1965 3261 2109 3329 peri-

539 3349 674 3402 turi.
709 3348 910 3403 Verum
953 3347 1021 3402 de
1070 3347 1206 3417 ipsis
1234 3332 1716 3417 prudentissimos,
1750 3351 2108 3422 gerendaque

538 3442 854 3511 reipublicae
883 3440 1280 3496 scientissimos
1329 3441 1666 3512 deligendos,
1710 3428 1802 3512 qui
1834 3443 1900 3497 ad
1937 3443 2112 3514 impe-

539 3541 780 3586 ratorem
810 3531 995 3600 legati,
1028 3538 1256 3600 petant:
1289 3531 1554 3602 primum,
1612 3541 1670 3586 ut
1704 3531 1882 3604 magni
1923 3534 2110 3589 dome-

539 3625 660 3679 stici
695 3623 859 3677 filiam
889 3621 1199 3690 Nlcephoro
1235 3620 1346 3676 filio
1374 3636 1474 3677 suo
1503 3622 1869 3693 despondeat;
1900 3634 2042 3695 post,
2063 3625 2108 3680 si

541 3715 657 3770 fieri
711 3722 896 3785 queat,
949 3724 1006 3769 ut
1045 3730 1141 3770 eos
1193 3714 1307 3769 suis
1351 3715 1603 3770 viventes.
1637 3715 1852 3786 legibus
1883 3732 2108 3788 regnum

537 3807 920 3862 administrare
957 3821 1055 3877 pro
1083 3804 1312 3860 arbitrio
1353 3805 1608 3875 patiatur.
1633 3805 1832 3877 COpias
1871 3823 2112 3878 praesen-

539 3898 622 3952 tes
655 3898 970 3962 traditurus,
1004 3897 1205 3967 quibus
1233 3911 1342 3966 quo
1371 3897 1535 3950 vellet
1565 3906 1817 3952 uteretur
1853 3918 1866 3953 :
1906 3908 1961 3954 et
1994 3900 2110 3969 ipse

537 3990 781 4045 vicissim
823 3993 866 4045 si
904 3990 984 4045 illi
1039 3999 1288 4059 egerent,
1325 3988 1588 4042 auxilium
1619 3988 2016 4059 suppeditaret.
2051 3990 2109 4048 Si

541 4082 627 4136 bis
655 4079 1063 4136 conditionibus
1094 4079 1311 4150 spretis,
1349 4094 1576 4150 regnum
1623 4080 1728 4136 sibi
1779 4082 2111 4139 omnimodis

541 4176 816 4245 subjicere
841 4174 1218 4238 contenderet,
1242 4173 1431 4242 petitis
1459 4190 1580 4244 qua:
1611 4173 1666 4229 in
1699 4185 1877 4242 Suam,
1903 4184 1960 4231 et
1990 4175 2108 4242 lilii,

542 4276 598 4322 et
636 4267 853 4321 illorum
887 4281 1000 4319 rem
1039 4263 1169 4329 sint,
1204 4266 1252 4318 ei
1283 4264 1587 4319 cedendum
1617 4283 1631 4332 ;
1669 4275 1738 4320 ne
1770 4281 1866 4336 per
1889 4275 2113 4322 conten-

546 4360 745 4412 tionem
797 4366 852 4412 et
887 4371 966 4422 se,
1008 4367 1062 4411 et
1100 4355 1380 4426 regionem
1417 4356 1752 4428 gravissimis
1799 4358 1926 4413 belli
1966 4360 2111 4415 cala-

543 4448 830 4505 mitatibus
849 4448 1168 4502 involvant.

2214 3259 2449 3314 Τοιαῦτα
2472 3261 2528 3313 δὲ
2555 3259 2741 3321 αὐτοῖς
2768 3257 2928 3332 ἐπῄει
2952 3260 3155 3329 λέγειν,
3188 3262 3252 3315 οὐ
3305 3262 3461 3333 μόνον
3504 3261 3730 3330 οἰομένοις

2216 3353 2430 3414 ἑαυτοῖς
2475 3369 2532 3404 τε
2567 3351 2793 3415 καὶτοῖς
2822 3351 3004 3418 ἄλλοις
3049 3345 3161 3425 τὴν
3207 3353 3406 3425 βουλὴν
3456 3351 3728 3416 λυσιτελεῖν,

2215 3443 2352 3498 ἀλλὰ
2378 3443 2472 3496 καὶ
2518 3443 2585 3497 τὰ
2636 3441 2900 3515 βασιλέως
2927 3446 3268 3514 πράττουσιν
3313 3441 3528 3515 ἀφανῶς
3558 3439 3729 3513 (κρύφα

2215 3537 2303 3592 διὰ
2337 3537 2683 3608 γραμμάτων
2716 3537 2852 3609 πρὸς
2872 3539 3068 3601 αὐτοὺς
3099 3536 3476 3609 διειλεγμένου
3511 3536 3617 3589 καθ’
3637 3536 3734 3586 ὅσον

2216 3631 2410 3700 χρόνον
2454 3629 2702 3703 ἐληίζετο
2743 3631 2834 3683 καὶ
2878 3629 3101 3701 ἐπόρθει
3163 3627 3497 3699 Ἀλϐανούς).
3526 3625 3663 3682 Οὕτω
3700 3619 3734 3675 δ’

2216 3720 2498 3790 ἑκατέροις
2548 3721 2728 3782 αὐτοῖς
2781 3718 3190 3790 βουλευομένοις
3242 3719 3496 3790 ἀλλήλοις
3532 3712 3736 3772 ἐναντία.

2217 3811 2388 3865 ἐδόκει
2417 3811 2527 3865 δεῖν
2561 3811 2656 3865 καὶ
2688 3811 2973 3883 βασιλίσσῃ
3001 3811 3100 3882 τὴν
3128 3810 3330 3884 βουλὴν
3371 3809 3654 3866 ἀνατιθέναι
3679 3806 3737 3864 ὡς

2217 3903 2351 3959 ἅττα
2378 3903 2443 3958 ἂν
2471 3903 2648 3958 ἕλοιτο
2675 3904 2834 3975 αὑτὴ,
2867 3903 3328 3976 διαπραξομὲνων
3363 3902 3459 3958 καὶ
3486 3899 3681 3958 αὐτῶν⁹
3713 3893 3738 3962 ἡ

2217 3995 2273 4048 δὲ
2309 3994 2502 4064 πρῶτα
2538 3995 2639 4066 μὲν
2666 3995 2936 4066 ὡμολόγει
2961 3995 3193 4065 χάριτας
3233 3994 3423 4054 αὐτοῖς
3457 3985 3740 4053 πο).λὰς,ιὼς

2218 4087 2316 4160 οὐχ
2354 4087 2494 4156 ὑπὲρ
2545 4085 2758 4139 ἑαυτῶν
2817 4087 3002 4156 μόνον,
3037 4085 3176 4141 ἀλλὰ
3227 4087 3324 4140 xui.
3361 4085 3526 4152 αὐτῆς
3558 4081 3637 4136 καὶ
3666 4075 3738 4131 τοῦ

2220 4178 2407 4241 παιδὸς
2462 4175 2719 4247 πρόνοιαν
2752 4177 3123 4246 ποιουμένοις.
3178 4175 3538 4232 Συνεϐούλευέ
3586 4190 3637 4226 τε
3683 4165 3741 4237 μὴ

2221 4271 2355 4340 πρὸς
2383 4268 2608 4338 βασιλέα
2644 4267 2886 4338 πόλεμον
2916 4270 3087 4322 κινεῖν
3115 4269 3191 4333 ὡς
3219 4270 3322 4323 οὐκ
3375 4263 3742 4326 ἀπαλλάξοντες

2221 4359 2428 4422 καλῶς,
2458 4353 2546 4412 οἷα
2584 4358 2648 4427 δὴ
2679 4359 2847 4430 αὐτῆς
2877 4359 2977 4429 μὲν
3006 4358 3174 4428 οὔσης
3202 4359 3483 4429 γυναικὸς,
3517 4353 3600 4409 τοῦ
3640 4365 3743 4403 παι·

2140 4443 2195 4505 Β
2219 4452 2306 4514 δὸς
2340 4451 2397 4504 δὲ
2429 4450 2643 4520 νηπίου,
2691 4451 2874 4504 αὐτῶν
2900 4450 2956 4505 δὲ
2990 4450 3082 4504 διὰ
3124 4452 3224 4522 τὴν
3264 4453 3529 4522 ἀναρχίαν
3560 4456 3745 4500 στασιαα

549 4541 748 4592 σόντων
785 4542 921 4611 πρὸς
950 4541 1215 4612 ἀλλήλους
1254 4543 1368 4625 ’καὶ
1431 4541 1970 4612 διαφθαρησομένων,
2006 4544 2142 4600 ἀλλὰ
2181 4545 2476 4616 πρεσϐείαν
2518 4545 2658 4616 πρὸς
2717 4545 2944 4614 βασιλέα
2991 4544 3254 4614 πέμπειν,
3305 4545 3433 4608 τοὺς
3485 4531 3742 4597 συνετωτά-

545 4648 669 4694 τους
706 4631 916 4685 ἑαυτῶν
943 4634 1035 4685 καὶ
1069 4633 1299 4701 μάλιστα
1330 4632 1538 4695 εἰδότας
1564 4633 1850 4702 πράγμασι
1876 4635 2108 4704 χρῆσθαι
2146 4634 2605 4704 ἀπολεξαμένους⁶
2671 4634 2766 4688 καὶ
2836 4634 3031 4706 πρῶτα
3058 4633 3158 4701 μὲν
3191 4635 3366 4689 αἰτεῖν
3397 4633 3494 4704 τὴν
3544 4625 3744 4700 μεγάλου

544 4725 867 4794 δομεστίκου
915 4724 1190 4796 θυγατέρα
1251 4725 1545 4796 Νικηφόρῳ
1589 4724 1667 4793 τῷ
1741 4725 1958 4795 ἐκείνης
2027 4725 2178 4779 παιδὶ
2215 4727 2547 4796 κατεγγυᾷν.
2584 4727 2838 4790 Ἔπειτα,
2873 4728 2921 4778 εἰ
2959 4725 3059 4794 μὲν
3105 4722 3216 4782 οἷόν
3265 4743 3324 4778 τε
3354 4721 3410 4799 ᾗ,
3455 4721 3746 4789 αὐτονόμους

544 4820 662 4889 ὲᾷν,
692 4818 792 4881 τὴν
844 4818 980 4872 ἰδίαν
1028 4819 1205 4890 ἀρχὴν
1307 4818 1599 4890 βούλωνται
1648 4816 1870 4870 διοικεῖν
1925 4818 2100 4872 αὐτοί.
2141 4819 2410 4888 Στρατιάν
2455 4817 2512 4870 δὲ
2585 4818 2848 4889 παρέχειν
2897 4817 2998 4888 ὅση
3076 4817 3344 4888 πρόσεστι
3397 4808 3747 4884 πολεμησείον-

547 4931 649 4967 σαν
693 4906 773 4977 οἷς
801 4911 867 4967 ἂν
898 4909 1110 4966 κελεύοι
1151 4909 1428 4982 βασιλεύς.
1466 4907 1765 4963 Καὶαὺτδν
1812 4910 2012 4978 ὁμοίως
2074 4908 2139 4964 ἄν
2175 4927 2258 4973 τις
2326 4910 2510 4973 αὐτοῖς
2565 4907 2714 4981 ἐπίῃ,
2774 4909 3099 4980 συμμαχίαν
3151 4909 3419 4979 πέμπειν.
3473 4905 3565 4960 Ἂν
3614 4894 3746 4964 δὲμῆ

547 5004 790 5072 βούλοιτο
823 5004 922 5058 ἐπὶν
939 5003 1176 5066 τούτοις,
1221 4999 1496 5072 βασιλεὺς,
1525 4997 1642 5053 ἀλλ’
1673 4996 1764 5065 ὑφ’
1825 4995 2006 5067 ἑαυτῷ
2076 4997 2392 5051 παντάπασι
2435 4997 2839 5070 τὴνριμετέραν
2869 4997 3144 5052 ποιεῖσθαι
3211 4998 3388 5070 ἀρχὴν
3424 4986 3744 5068 φιλονεικοίη.

545 5097 755 5167 ὅσαπερ
786 5098 850 5152 ἂν
879 5096 1062 5165 δοκοίη
1089 5097 1208 5165 ἐμοί
1243 5111 1302 5147 τε
1336 5092 1427 5146 καὶ
1462 5091 1560 5160 υἱῴ
1594 5091 1689 5144 καὶ
1726 5091 1854 5158 ὑμῖν
1923 5087 2224 5146 λυσιτελεῖν
2253 5089 2674 5162 αἰτησαμένους,
2735 5091 2837 5162 τῆς
2899 5091 3074 5160 ἀρχῆς
3122 5090 3216 5146 καὶ
3239 5089 3350 5144 τῶν
3373 5089 3579 5142 πόλεων
3602 5096 3746 5148 παραυ

544 5196 764 5264 χωρεῖν,
797 5192 898 5246 καὶ
919 5191 996 5264 μὴ
1027 5190 1114 5245 διὰ
1145 5186 1480 5246 φιλονεικίαν
1509 5183 1732 5246 ἑαυτούς
1771 5199 1828 5235 τε
1874 5181 1971 5234 καὶ
2004 5181 2102 5251 τὴν
2141 5179 2325 5250 χώραν
2389 5184 2499 5248 τοῖς
2532 5185 2596 5238 ἑκ
2670 5181 2768 5238 τοῦ
2811 5181 3054 5254 πολέμου
3094 5181 3286 5247 κακοῖς
3327 5180 3578 5252 ἐσχάτοις
3610 5185 3745 5243 περι·

541 5297 778 5350 ϐάλλειν.
