3992 6202
479 260 579 325 631

1670 269 2005 332 JOANNIS
2041 271 2568 334 CANTACUZENI

3599 279 3692 342 θδέ

478 381 736 441 parentes
768 371 949 427 adhuc
1011 373 1331 446 imperatori
1375 375 1624 434 civitates
1655 379 1929 442 custodit,
1970 393 2056 434 re—

2157 380 2235 442 ὠς
2263 379 2486 450 βασιλέα
2527 379 2815 448 Ῥωμαίων
2853 378 3182 450 διεθρύλλει,
3214 380 3306 436 καὶ
3349 381 3696 453 ἑαυτὴνβασι-

478 462 650 518 belles
703 463 912 535 afﬂigit.
971 466 1109 521 Vere
1167 467 1346 537 primo
1397 469 1699 540 imperator
1745 470 1862 541 ipse
1927 485 2051 526 cum

478 555 695 625 agmine
748 557 947 612 infesto
979 559 1156 627 adest,
1201 571 1259 616 et
1292 562 1520 617 aliarum
1557 563 1780 633 quidem
1829 563 2052 620 urbium

483 647 716 716 populos
764 657 929 718 atque
965 651 1258 720 optimates
1291 668 1390 722 pro
1425 653 1530 711 ﬁde
1583 665 1637 710 et
1670 655 2052 711 benevolentia

483 737 540 792 in
575 754 637 794 se
665 741 851 796 multis
887 741 1051 797 donis
1075 743 1430 800 cohonestat:
1456 745 1702 801 exercitu
1742 755 1924 800 autem
1957 747 2056 802 tri-

482 830 675 886 fariam
703 832 882 888 diviso
913 832 1047 903 (6i),
1085 835 1242 904 311
1269 835 1435 892 urbes
1470 837 1706 906 perlidas
1741 838 2057 894 assiduissi-

481 939 569 978 ma
597 925 882 980 obsidione
919 942 1112 996 urgere
1145 927 1440 997 pertendit.
1469 928 1926 984 Thomocastrum
1959 930 2058 984 ita-

482 1031 610 1085 que.
645 1017 737 1071 ubi
774 1017 1114 1086 Nicephorus
1135 1018 1246 1072 dux
1276 1020 1492 1090 agebat,
1523 1016 1867 1076 obsidionem
1895 1021 2056 1077 facile

484 1105 770 1169 tolerabat,
838 1116 1025 1176 utpote
1048 1123 1080 1163 a
1112 1109 1429 1164 continente
1460 1111 1841 1166 tantummodo
1863 1112 2057 1167 Roma-

482 1196 568 1251 nis
606 1200 1053 1268 oppugnantibus
1095 1218 1110 1256 :
1145 1217 1269 1256 nam
1310 1219 1417 1273 qua
1456 1218 1628 1268 mare,
1661 1203 1728 1258 ad
1765 1219 1924 1259 usum
1961 1219 2057 1258 ne-

480 1293 724 1346 cessaria
754 1301 808 1346 et
837 1292 1295 1363 importabantur,
1316 1303 1371 1348 et
1391 1295 1822 1364 exportabantur
1849 1294 2056 1361 omnia,

396 1423 397 1426 η
481 1385 628 1452 quod
668 1386 965 1454 imperator
997 1388 1227 1441 classem
1257 1401 1368 1441 non
1401 1386 1651 1442 haberet.
1683 1388 1816 1440 Arta
1867 1394 2052 1441 autem

482 1484 540 1528 et
577 1474 823 1544 Rhogus,
851 1475 1000 1544 quod
1031 1476 1085 1530 in
1110 1477 1430 1532 continente
1456 1491 1615 1534 erant
1635 1479 1774 1542 sitm,
1804 1493 2056 1549 magnam

484 1581 552 1620 ex
590 1565 878 1620 obsidione
929 1568 1212 1636 penuriam
1263 1569 1606 1624 sustinebant
1642 1584 1806 1623 :cum
1860 1577 2062 1639 praeter

485 1670 548 1708 ea
597 1671 719 1724 quae
767 1655 874 1710 sibi
925 1666 1052 1712 ante
1084 1658 1430 1727 imperatoris
1461 1659 1758 1713 adventum
1789 1658 1841 1712 in
1879 1657 2057 1714 hieme

2157 470 2278 523 λίδα
2323 470 2699 540 προσηγόρευε
2743 469 3036 538 Ῥωμαίων
3079 469 3156 532 ὠς
3199 469 3462 536 ἀπόγονον
3489 471 3693 524 ἐκείνου.

2156 563 2250 615 me
2278 564 2370 616 καὶ
2399 562 2486 616 διὰ
2528 562 2772 632 σπουδῆς
2795 562 3018 630 ἀπάσης
3046 561 3287 614 ἐποιεῖτο
3334 560 3527 630 μέρους
3556 561 3697 629 ἀρξαι

2155 657 2305 719 me;
2331 657 2428 726 τῆς
2452 656 2557 710 ὑπὸ
2582 657 2710 719 τοὺς
2741 655 3030 726 Ῥωμαίων
3058 655 3312 726 βασιλέας
3337 654 3500 724 οὔσης
3521 655 3701 724 ἀρχῆς.

2157 739 2234 800 Οὔ
2299 747 2363 814 δὴ
2414 745 2579 800 ἕνεκα
2629 745 2725 800 καὶ
2767 747 2890 801 τότε
2933 746 3254 817 Νικηφόρον
3306 745 3577 814 ἐξέπεμπε
3623 746 3699 798 διὰ

2159 837 2419 906 σπουδῆς,
2455 836 2552 890 καὶ
2607 836 2835 906 δύναμιν
2898 834 3258 907 παρασχοῦσα
3304 834 3582 906 ναυτικὴν,
3609 837 3703 886 oio-

2159 927 2296 997 μένη
2364 919 2433 980 ἂν
2467 925 2827 997 Ἀκαρνανίας
2859 926 3024 990 αὐτὸς
3048 926 3189 998 ἄρξῃ
3222 927 3286 996 τῇ
3323 924 3552 994 θυγατρὶ
3575 924 3700 975 ὲκεί-

2157 1035 2254 1087 νης
2307 1017 2593 1082 συνοικῶν,
2625 1017 2726 1086 τὴν
2782 1017 3082 1085 ἐπιθυμίαν
3137 1016 3425 1087 ῆνυκέναι,
3451 1015 3508 1079 ὃς
3537 1014 3598 1082 δὴ
3624 1015 3704 1066 καὶ

2157 1107 2551 1178 Θωμοκάστρῳ
2591 1108 2842 1176 ὲνδιῆγεν
2891 1108 3006 1160 δντι
3041 1107 3326 1177 παραλίῳ.
3377 1105 3630 1167 Βασιλεὺς
3654 1106 3703 1156 δὲ

2156 1200 2280 1253 ἐπεὶ
2307 1199 2540 1253 ἐπύθετο
2574 1200 2703 1270 περὶ
2728 1200 2836 1252 τῶν
2857 1199 3001 1252 κατά
3020 1199 3121 1269 τὴν
3157 1197 3540 1268 Ἀκαρνανίαν,
3560 1213 3706 1266 etpa-

2157 1291 2339 1346 στεύειν
2365 1291 2466 1362 μὲν
2503 1292 2666 1354 αὐτὸς
2695 1292 2795 1345 οὐκ
2830 1291 2968 1362 ᾤετο
2993 1293 3104 1346 δεῖν
3135 1291 3195 1344 τὸ
3233 1291 3334 1346 νῦν
3363 1291 3487 1359 ἔχον
3514 1289 3596 1341 ἐπ’
3625 1291 3684 1341 αὑ

2158 1382 2307 1449 τοὺς,
2330 1381 2435 1453 ἤδη
2463 1379 2592 1453 περὶ
2606 1381 2836 1445 ἐκϐολὰς
2856 1380 2950 1434 τοῦ
2970 1380 3313 1452 φθινοπώρου
3337 1381 3491 1440 ὄντος
3513 1393 3528 1410 ·
3544 1379 3709 1431 Ἰωάνα

2157 1490 2258 1543 νην
2322 1473 2381 1528 δὲ
2416 1474 2682 1543 ’Δγγελον
2729 1474 2821 1528 τὸν
2875 1475 3184 1544 πιγκέρνην
3240 1473 3359 1540 ἅμα
3423 1471 3708 1540 Μονομάχῳ

2157 1562 2448 1618 ἀκέλευσεν
2489 1563 2833 1618 ἀναλαϐόντα
2867 1569 3133 1639 στρατιάν
3159 1568 3367 1636 χωρεῖν
3398 1566 3491 1617 επὶ
3531 1565 3709 1634 Ἀκαρ-

2159 1655 2367 1720 νανίαν,
2395 1656 2556 1709 κάκεῖ
2578 1657 2955 1726 διαῇειμάζειν
2987 1657 3104 1726 ἅμα
3159 1644 3265 1725 μὲν
3295 1657 3421 1719 ταῖς
3447 1655 3552 1708 ὑπὸ
3577 1654 3712 1724 βασι-

486 1746 913 1816 conquisissent,
978 1749 1238 1804 invehere
1269 1750 1407 1804 nihil
1466 1759 1712 1820 possent,
1763 1764 1820 1807 et
1857 1749 2054 1806 cum'a

2158 1749 2254 1803 λέα
2303 1749 2585 1812 τελούσαις
2625 1750 2707 1803 ἔτι
2743 1750 2932 1804 πόλεσι
2977 1748 3210 1820 δύναμιν
3238 1747 3710 1820 παρέχοντας,κπ“ι

486 1839 787 1902 frumento,
823 1847 935 1892 tum
959 1853 988 1893 a
1013 1839 1230 1910 reliquo
1259 1839 1405 1894 victu
1436 1849 1905 1912 essent-perquam
1937 1842 2056 1897 ino-

485 1943 600 1998 pes.
633 1928 953 1998 Quanquam
989 1945 1121 1984 vero
1167 1929 1236 1984 ad
1277 1931 1616 1987 obsidionem
1647 1933 2055 2002 perpetiendam

485 2017 626 2072 adeo
674 2033 784 2073 non
849 2019 1132 2076 instructa:
1168 2030 1372 2087 essent,
1417 2022 1594 2078 nihilo
1651 2034 1829 2080 tamen
1885 2026 2058 2097 magis

485 2107 842 2164 acerbitatem
891 2109 1257 2166 minuebant:
1289 2125 1468 2181 neque
1516 2112 1584 2167 de
1633 2123 1828 2169 caetero
1877 2115 2058 2170 verbis

489 2209 651 2254 tenus
689 2199 1007 2270 imperatori
1066 2202 1373 2258 cedendum
1408 2211 1464 2258 et
1490 2205 1928 2275 obsequendum,
1959 2206 2057 2261 sed

487 2291 673 2345 omnia
705 2291 991 2361 patiunda,
1019 2298 1076 2348 et
1096 2293 1249 2349 victu
1273 2295 1643 2351 abominanda
1676 2293 1940 2353 utendum
1962 2313 2063 2367 po-

487 2381 599 2434 tius
631 2383 952 2448 censebant,
984 2399 1148 2453 quam
1180 2391 1240 2438 ut
1265 2399 1386 2441 sese
1433 2386 1718 2442 dederent.
1753 2388 2059 2457 Imperator

486 2473 672 2524 Artam
716 2487 960 2540 praesens
989 2474 1296 2537 obsidebat,
1333 2492 1628 2548 murosque
1663 2479 1842 2534 valide
1883 2480 2062 2535 contio

486 2570 792 2632 nenterque
834 2578 1178 2633 oppugnans,
1217 2567 1498 2622 machinas
1551 2583 1742 2624 omnes
1785 2585 2064 2641 expugna-

488 2656 624 2709 tioni
649 2655 874 2710 idoneas
893 2657 1236 2713 admovebat.
1264 2658 1425 2713 Arttei
1454 2667 1911 2728 protostratorem
1935 2676 2057 2716 car-

486 2765 610 2803 cere
637 2749 898 2804 eductum
933 2751 998 2802 ad
1042 2750 1197 2804 illum
1244 2753 1492 2817 mittunt,
1530 2753 1644 2807 sive
1686 2753 1959 2819 timentes,
1990 2769 2062 2810 ne

485 2837 615 2906 quid
650 2837 955 2907 iuceptaret
989 2839 1138 2904 novi,
1170 2839 1318 2908 quod
1344 2840 1568 2910 quidam
1596 2856 1720 2896 cum
1749 2855 1816 2896 eo
1843 2841 2062 2910 conspi-

486 2937 719 2993 rassent,
743 2929 857 2982 sive
878 2929 1026 2984 aliud
1048 2931 1305 3000 quiddam
1333 2931 1668 3003 cogitantes;
1703 2932 1804 3002 ipsi
1826 2946 1854 2986 e
1883 2931 2057 2987 muris

486 3019 706 3073 lortiter
741 3034 801 3074 se
845 3021 1101 3086 tuentur,
1129 3036 1432 3092 omnesque
1459 3023 1742 3078 machinas
1780 3033 1837 3078 et
1881 3023 2058 3094 impe-
2081 3063 2127 3127 Ο

487 3126 574 3167 tus
619 3126 791 3166 vanos
815 3112 1111 3182 irritosque
1141 3114 1539 3170 demonsu-ant.
1582 3115 1768 3185 Longo
1811 3126 2056 3185 tempore

486 3208 541 3258 in
568 3203 858 3260 obsidione
897 3206 1136 3260 contrito
1167 3207 1312 3275 (nam
1344 3221 1373 3260 a
1405 3206 1676 3277 principio
1699 3208 1933 3262 maxime
1958 3221 2056 3262 ve-

484 3305 562 3359 ris
594 3317 768 3374 usque
794 3303 862 3358 ad
906 3301 1113 3357 exitum
1144 3304 1347 3358 aestatis
1374 3305 1718 3375 duraverat),
1755 3306 2058 3376 imperator

485 3407 737 3475 Rliogum
761 3421 820 3460 se
849 3403 1121 3468 conferre,
1154 3411 1209 3457 et
1233 3418 1356 3458 cum
1387 3404 1637 3460 Cabasila
1667 3419 1846 3459 coram
1881 3405 2054 3460 collo-

484 3497 579 3566 qui
641 3497 905 3561 decrevit,
975 3510 1366 3566 persuasurum
1425 3497 1688 3560 conlisus,
1739 3506 1800 3551 ut
1849 3498 2054 3553 sensim

483 3587 783 3652 etnollitus,
821 3587 1010 3642 urbem
1057 3588 1192 3642 citra
1231 3602 1465 3658 pugnam
1501 3591 1644 3642 ultro
1663 3588 1922 3645 traderet.
1953 3588 2058 3656 Qui

485 3695 658 3750 usque
688 3681 826 3734 adeo
857 3679 1080 3734 monitis
1117 3694 1228 3734 non
1267 3679 1688 3748 obtemperavit,
1713 3687 1772 3735 ut
1815 3681 2060 3736 minare-

486 3783 574 3825 tur
613 3757 800 3836 etiam,
842 3771 885 3826 si
914 3772 1107 3840 quavis
1133 3771 1351 3826 tandem
1374 3770 1441 3825 de
1472 3785 1634 3826 causa
1668 3771 2058 3841 imperatorem

486 3863 659 3933 Rhegi
696 3872 1006 3934 compotem
1049 3862 1170 3918 fieri
1207 3863 1574 3934 contingeret,
1621 3871 1794 3917 semet
1822 3863 1890 3918 de
1923 3865 2059 3917 turri

484 3956 984 4028 praecipitatur-um,
1043 3971 1112 4010 ne
1158 3964 1350 4025 captus
1392 3957 1594 4010 iterum
1628 3955 1704 4009 illi
1736 3957 1941 4011 servire
1969 3970 2062 4012 co-

481 4057 722 4118 geretur.
753 4047 988 4104 Tantum
1021 4051 1074 4103 in
1101 4063 1169 4102 eo
1201 4048 1386 4102 odium
1418 4055 1474 4102 et
1507 4048 1584 4102 ira
1612 4047 1886 4101 valebant.

2155 1847 2274 1910 δέος
2297 1845 2393 1900 τοῦ
2423 1846 2497 1918 μὴ
2532 1845 2970 1915 συναφίστασθαι
2999 1846 3122 1908 ταῖς
3159 1843 3348 1906 ἄλλαις
3369 1857 3384 1872 ·
3414 1843 3532 1910 ἅμα
3559 1841 3612 1894 δὲ
3631 1826 3711 1892 ita1

2155 1939 2256 2003 τὰς
2287 1937 2661 2008 ἀφεστηκυίας
2681 1938 2729 1990 εί
2764 1937 2839 2008 μὴ
2881 1935 3130 1999 τελείως,
3152 1933 3354 1989 ἀλλ’ὲκ
3398 1932 3596 2002 μέρους
3617 1947 3712 1982 ποο

2155 2034 2549 2104 λιορκήσοντας
2585 2030 2923 2099 λεηλασίαις,
2971 2029 3045 2092 ὡς
3101 2026 3168 2082 ἂν
3223 2025 3341 2095 αμα
3386 2019 3489 2096 ἦρι
3523 2023 3713 2094 βασιλεῖ

2158 2123 2648 2194 ὲπιστρατεύσαντι
2682 2122 2864 2193 ῥᾴδιαι
2923 2114 3036 2173 εἷεν
3074 2116 3564 2189 παραστήσασθαι,
3597 2130 3710 2184 προ-

2154 2208 2691 2289 τεταλαιπωρηκυῐαι
2727 2214 2822 2270 τοῦ
2868 2215 3161 2286 χειμῶνος,
3195 2211 3287 2266 καὶ
3333 2209 3550 2264 πολλῶν
3597 2209 3711 2261 ἀνα-

2157 2310 2538 2380 πεπλησμέναι
2563 2308 2749 2364 κακῶν
2772 2311 2838 2362 ὲκ
2864 2305 2962 2362 τοῦ
2984 2306 3246 2372 πολέμου.
3290 2301 3604 2372 Πιγκέρνης
3627 2300 3713 2369 μὲν

2156 2396 2252 2455 οὖν
2303 2400 2451 2454 κατά
2504 2400 2574 2452 τὰ
2627 2398 3085 2469 προστεταγμένα
3144 2394 3251 2450 ὑπὸ
3290 2393 3561 2465 βασιλέως
3605 2385 3711 2459 ’ἃμα

2161 2493 2390 2565 στρατιᾷ
2421 2492 2506 2555 είς
2543 2491 2907 2562 Ἀκαρνανίαν
2935 2489 3318 2561 διαχειμάσας,
3349 2487 3456 2550 τάς
3487 2500 3544 2538 τε
3565 2482 3710 2544 οὔσας

2157 2583 2434 2654 ὑπηκόους
2469 2581 2684 2653 βασιλεῖ
2701 2581 2884 2644 πόλεις
2902 2578 3214 2649 διεφύλαξε,
3238 2575 3335 2630 καὶ
3363 2578 3472 2640 τὰς
3497 2573 3709 2629 ἀποπά-

2160 2691 2260 2737 σας
2285 2673 2506 2728 ἐκάκου.
2541 2674 2698 2743 Ἅμα
2733 2672 2792 2726 δὲ
2833 2667 2952 2742 ἦρι,
2977 2675 3073 2726 καὶ
3098 2672 3126 2724 ὁ
3149 2669 3410 2740 βασιλεὺς
3441 2681 3706 2733 πανστραο

2157 2765 2250 2836 τιᾷ
2279 2747 2371 2818 ἐπὶ
2403 2763 2767 2834 ’Δκαρνανίαν
2795 2757 2928 2832 ἦλθε
2951 2775 2967 2791 ⁸
3009 2759 3103 2814 καὶ
3128 2760 3254 2822 τοὺς
3283 2757 3384 2828 μὲν
3413 2757 3528 2810 τῶν
3557 2753 3710 2810 ἄλλων

2159 2856 2370 2910 πόλεων
2419 2856 2628 2926 δήμους
2685 2857 2780 2908 καὶ
2823 2854 2953 2918 τοὺς
2997 2854 3260 2916 δυνατοὺς
3290 2853 3390 2921 τῆς
3429 2851 3519 2912 είς
3568 2845 3710 2902 αὑτὸν

2160 2943 2373 3008 εὐνοίας
2424 2943 2589 2998 ἕνεκα
2635 2943 2900 3014 ἠμείϐετο
2937 2943 3158 3007 πολλαῖς
3207 2941 3582 3015 εὐεργεσίαις,
3624 2939 3709 3007 τὴν

2161 3042 2421 3112 στρατιὰν
2449 3039 2507 3093 δὲ
2531 3040 2839 3110 διελόμενος
2864 3037 3049 3109 τριχῆ,
3074 3035 3174 3102 τὰς
3199 3036 3525 3100 ἀποστάσας
3547 3032 3707 3093 πόλεις

2165 3132 2568 3187 συντονώτατα-
2602 3131 2930 3201 ἐπολιόρκει.
2985 3130 3393 3201 Θωμόκαστρον
3451 3129 3552 3209 μεν
3607 3124 3708 3186 οὖν.

2161 3224 2293 3279 ἔνθα
2343 3224 2440 3279 καὶ
2488 3223 2806 3295 Νικηφόρος
2833 3223 3020 3295 διῆγεν
3046 3224 3074 3275 ό
3109 3223 3256 3288 δοὺξ,
3283 3220 3509 3290 διέφερε
3536 3215 3710 3288 ῥᾳδίως

2159 3315 2260 3387 τὴν
2278 3313 2618 3386 πολιορκίαν,
2652 3313 2747 3368 an
2770 3313 2831 3380 ἐξ
2851 3311 3082 3384 ἠπείρου
3105 3312 3215 3366 τῶν
3241 3309 3538 3380 Ῥωμαίων
3573 3306 3712 3377 μόνον

2160 3407 2612 3477 πολιορκούντων,
2628 3407 2771 3461 κατὰ
2810 3407 2918 3477 γὰρ
2950 3405 3051 3478 τὴν
3083 3404 3355 3470 θάλατταν
3385 3403 3530 3455 ὅσων
3561 3401 3712 3453 ἐδεῖτο

2160 3500 2355 3570 είσῆγέ
2383 3516 2442 3553 τε
2468 3501 2562 3553 καὶ
2590 3499 2775 3569 ἐξῆγε,
2825 3499 3058 3569 δύναμιν
3090 3498 3164 3570 μὴ
3210 3497 3424 3566 ἔχοντος
3463 3491 3710 3564 βασιλέως

2168 3591 2453 3661 ναυτικήν.
2486 3591 2663 3662 Ἀρτα
2693 3590 2752 3644 δὲ
2785 3591 2880 3644 καὶ
2919 3587 3108 3659 Ῥωγὼ
3142 3587 3299 3642 οὖσαι
3341 3584 3710 3657 ἠπειρώτιδες,

2156 3682 2358 3754 πολλὴν
2401 3683 2674 3753 ὑπέμενον
2717 3680 2818 3752 τὴν
2873 3682 3084 3735 ἔνδειαν
3117 3683 3182 3736 ἐκ
3233 3679 3335 3750 τῆς
3383 3675 3711 3744 πολιορκίας,

2156 3776 2309 3829 οὐδὲν
2338 3775 2497 3828 πλέον
2539 3775 2834 3846 δυνάμεναι
2867 3767 3182 3841 ἐπεισάγειν
3208 3773 3348 3842 πλὴν
3377 3771 3488 3824 τῶν
3515 3769 3607 3822 ἐπὶ
3628 3763 3710 3817 τοῦ

2157 3866 2427 3936 χειμῶνος
2481 3867 2610 3936 πρὶν
2649 3865 2870 3932 βασιλέα
2922 3864 3214 3934 ἀφικέσθαι
3269 3856 3709 3932 παρεσκευασμέ-

2157 3974 2289 4010 νων.
2340 3958 2452 4011 Καὶ
2493 3957 2755 4028 φλαύρως
2798 3952 2947 4026 εἶχον
3004 3957 3155 4010 σίτου
3189 3973 3249 4009 τε
3281 3954 3514 4009 καὶτῶν
3550 3949 3710 4004 ἆλῖινων

2159 4047 2480 4118 ἐπιτηδείων
2515 4049 2754 4120 ἀπορίᾳ⁸
2789 4049 2882 4101 καί
2935 4064 3042 4118 περ
3081 4047 3138 4100 δὲ
3176 4046 3320 4100 οὓτω
3342 4047 3479 4114 πρὸς
3502 4045 3596 4113 τὴν
3620 4056 3708 4091 πο-

481 4143 731 4213 λιορκίαν
757 4140 1151 4210 ἀνεπιτηδείως
1180 4139 1724 4207 παρεσκευασμέναι,
1755 4137 1911 4191 οὐδὲν
1935 4138 2138 4209 μᾶλλον
2181 4139 2411 4206 ὑφεῖσαν
2433 4140 2538 4209 τῆς
2593 4142 2840 4210 πικρίας,
2903 4141 3025 4193 οὐδὲ
3062 4139 3340 4208 ἠνείχοντο
3363 4139 3490 4206 ἄχρι
3549 4137 3710 4201 λόγων

479 4240 543 4293 τὸ
575 4239 824 4291 ὑπείκειν
856 4231 1009 4297 αὖθις
1043 4234 1286 4306 βασιλεῖ·
1313 4233 1448 4288 ἀλλά
1505 4235 1683 4288 πάντα
1707 4232 1908 4304 μᾶλλον
1961 4233 2130 4305 ᾤοντο
2169 4235 2534 4306 ὑπομεψτέον
2565 4232 2728 4302 εῖναι,
2760 4237 2854 4290 καὶ
2883 4237 2990 4289 τῶν
3022 4237 3158 4304 πρὸς
3196 4235 3402 4305 τροφὴν
3447 4233 3706 4300 ἀθεμίτων

481 4333 839 4405 ἄπτεσθαι,ἢ
883 4331 1238 4404 παραδιδόναι
1305 4330 1516 4400 βασιλεῖ
1569 4330 1670 4394 τὰς
1729 4330 1931 4390 πόλεις.
1971 4330 2233 4394 Βασιλεὺς
2295 4332 2351 4385 δὲ
2384 4333 2589 4401 "Aps-av
2647 4333 2956 4402 ἐπολιόρκει
3005 4331 3168 4393 αὐτὸς
3216 4330 3554 4400 παρών’καὶ
3603 4343 3707 4378 τει-

483 4430 757 4501 χομαχίας
789 4446 850 4482 τε
911 4429 1146 4482 ἐποιεῖτο
1217 4426 1492 4497 καρτερὰς
1542 4427 1639 4480 καὶ
1713 4429 1978 4497 συνεχεῖς.
2023 4427 2134 4480 Καὶ
2172 4430 2550 4499 μηχανήματα
2595 4431 2798 4495 πάντα,
2851 4429 2911 4492 ἐξ
2961 4421 3036 4480 ὧν
3087 4425 3224 4497 ᾤετο
3277 4424 3706 4495 παραστήσεσῡαι

484 4523 782 4592 προσῆγεν.
845 4521 1086 4594 ’Δρταῖοι
1140 4521 1199 4576 δὲ
1251 4521 1717 4592 πρωτοστράτορα
1769 4520 1869 4590 μὲν
1947 4520 2040 4573 τοῦ
2077 4521 2458 4592 δεσμωτηρίου

482 4615 593 4671 εἴτε
627 4615 702 4683 μή
771 4631 822 4668 τι
845 4615 1230 4687 νεωτερισθείη
1262 4612 1393 4684 παρ’
1415 4610 1606 4681 αὑτοῦ,
1634 4612 1798 4666 τινῶν
1833 4612 2109 4678 δείσαντες

2537 4522 2882 4588 ἐκϐαλόντες,
2937 4521 3254 4590 ἐξέπεμψαν
3319 4521 3396 4582 ὡς
3471 4517 3703 4588 βασιλέα.

2153 4615 2468 4668 συστάντων
2495 4615 2630 4685 πρὸς
2669 4614 2852 4679 αὐτὸν,
2880 4615 2987 4667 είτε
3016 4630 3068 4666 τι
3095 4612 3464 4683 διανοηθέντες
3494 4612 3699 4679 ἕτερον’

481 4706 641 4765 αὐτοὶ
666 4705 724 4758 δὲ
757 4705 866 4763 ἀπὸ
891 4706 999 4761 τῶν
1038 4707 1236 4779 τειχῶν
1285 4706 1554 4778 ἠμύνοντο
1605 4706 1909 4780 καρτερῶς,
1949 4709 2045 4760 καὶ
2081 4709 2399 4778 ἀπράκτους
2429 4707 2778 4762 ἀπεδείκνυον
2833 4707 3015 4769 πάσας
3071 4706 3318 4776 μηχανὰς
3347 4705 3440 4756 καὶ
3463 4719 3699 4770 τειχομα-

481 4801 626 4867 χίας.
701 4798 1043 4872 Τριὸομένου
1084 4799 1142 4852 δὲ
1185 4801 1279 4854 τοῦ
1330 4800 1524 4878 χρόνου
1564 4799 1709 4854 κατὰ
1770 4803 1871 4868 τὴν
1914 4802 2233 4872 πολιορκίαν
2294 4800 2424 4872 (ἀπὸ
2464 4801 2570 4870 γὰρ
2607 4795 2742 4872 ἦρος
2790 4799 3025 4868 μάλιστα
3079 4799 3255 4870 ἀρχῆς
3313 4798 3440 4867 ἄχρι
3488 4794 3700 4859 ἔκδολῆἶ

479 4891 575 4953 τοῦ
610 4892 806 4964 θέρους
859 4891 1301 4968 ἐπολιορκοῦντο)
1356 4892 1498 4961 ἔγνω
1548 4893 1658 4947 δεῖν
1709 4895 1741 4954 ό
1786 4893 2042 4963 βασιλεὺς
2072 4894 2362 4966 Κασασίλα
2391 4894 2472 4960 είς
2511 4892 2706 4962 Ῥωγὼ
2770 4891 3020 4946 ἀπελθὼν
3081 4891 3152 4945 δι’
3175 4890 3370 4944 ἑαυτοῦ
3407 4885 3701 4956 διαλειχθῆ·

478 5008 590 5051 ναι.
662 4974 906 5060 νομίζων
941 4987 1150 5045 πείσειν
1199 4987 1522 5045 ὑπενδοῦναι
1577 4991 1674 5061 τῆς
1729 4990 2086 5061 φιλονεικίας,
2126 4991 2218 5043 καὶ
2247 4991 2344 5061 τὴν
2411 4991 2568 5044 πόλιν
2620 4984 2957 5059 παραδοῦναι
2993 4985 3216 5055 ἀμαχεί.
3256 4985 3314 5038 Ὁ
3365 4985 3422 5037 δὲ
3469 4980 3699 5036 τοσοῦτον

477 5083 664 5154 ἐδέησε
707 5081 804 5145 τοῦ
831 5081 1116 5135 πείθεσθαι
1150 5081 1320 5152 αὐτῷ,
1356 5081 1499 5135 ὥστε
1527 5084 1622 5138 καὶ
1651 5083 1950 5152 ἠπείλησεν
1970 5082 2046 5144 ὼς
2081 5083 2130 5135 εί
2158 5081 2408 5154 συμϐαίη
2453 5079 2594 5135 ’καθ’
2656 5080 2942 5150 ἡντιναοῦν
2973 5079 3154 5134 αἰτίαν
3200 5078 3426 5149 βασιλέα
3470 5069 3694 5143 ἐγκρατῆ

489 5173 730 5244 Ῥωγοῦς
760 5173 1038 5244 γενέσθαι,
1072 5175 1541 5247 κατακρημνίσειν
1607 5175 1802 5228 ἑαυτὸν
1835 5176 1942 5229 ἀπὸ
1986 5173 2080 5230 τοῦ
2119 5175 2357 5246 πύργου,
2425 5174 2513 5228 ἴνα
2557 5176 2634 5246 μὴ
2685 5174 2796 5239 ζῶν
2847 5174 3030 5237 ἁλοὺς,
3069 5172 3386 5242 ἀναγκασθῇ
3441 5167 3693 5223 δουλεύειν

479 5267 636 5333 αὖθις
664 5270 895 5347 βασιλεῖ.
932 5268 1205 5329 Τοσοῦτον
1246 5269 1546 5348 ἀπεχθείας
1575 5269 1724 5344 αὐτῷ
1756 5270 1851 5328 καὶ
1903 5269 2125 5341 μήνιδος

2160 5267 2382 5339 περιῆν.

1727 5442 1943 5507 Jacobi
1987 5439 2248 5504 Pontani
2286 5450 2473 5504 notua.

553 5581 667 5663 (fil)
697 5583 835 5663 Tres
869 5587 1038 5643 urbes
1073 5589 1409 5653 defecerant,
1454 5588 1606 5653 Arta,
1646 5589 1890 5660 liliogus,
1959 5589 2413 5645 'l‘homocastrum
2447 5611 2457 5645 :
2491 5591 2725 5663 singulis
2797 5591 3115 5646 obsidendis
3177 5597 3386 5658 partem
3430 5581 3685 5654 copiamIn

479 5651 736 5713 destinat.
