3992 6202
222 3359 245 3391 ἱ

415 251 520 316 639
1594 251 1628 311 Ι
1637 249 1784 310 ΟΑΝ
1795 247 1844 308 N
1851 247 1922 307 IS
1965 244 2508 311 CANTACUZENI
3543 248 3631 309 δίε)

411 363 740 432 Quanquam
783 359 830 415 si
889 357 1127 414 maxime
1161 357 1376 421 liceret,
1411 357 1572 415 nobis
1615 357 1802 427 aliquo
1836 353 1987 410 mode

2055 355 2198 414 LOsV
2231 357 2293 409 οὐ
2336 356 2520 428 ῥᾴδιόν
2573 357 2722 411 ἐστιν
2779 355 3038 412 ίάσασθαι
3072 356 3167 427 τὴν
3219 357 3441 424 ἔνδειαν,
3478 363 3631 416 καίτοι

413 452 706 509 obsidione
748 449 1010 520 depulsis.
1049 465 1244 504 secure
1282 448 1490 514 vivere,
1528 462 1598 502 ne
1629 447 1702 503 ita
1749 445 1989 516 quidem,

2103 447 2159 500 εί
2189 463 2252 515 γε
2287 447 2524 518 μάλιστα
2559 449 2690 519 ἐνῆν
2743 449 2931 519 τρόπῳ
2988 449 3054 519 δή
3112 467 3218 503 τινι
3257 451 3636 522 ἀναστήσαντας

418 547 490 602 ob
543 552 768 614 accepta
821 543 1020 597 damna
1071 542 1348 607 videlicet,
1409 542 1568 596 vobis
1628 540 1762 611 ipsis
1792 540 1994 605 utiliter

2104 539 2253 608 ἡμᾶς
2276 539 2342 593 ὲκ
2365 539 2466 608 τῆς
2500 539 2818 610 πολιορκίας
2867 540 3079 607 διάγειν
3104 543 3158 593 ὲν
3189 540 3362 614 ἀδείᾳ,
3393 543 3494 598 οὐδ’
3520 543 3640 598 οὕτω

417 637 793 701 consuluisse,
835 653 863 690 a
898 635 1244 706 sapientibus
1281 633 1628 687 videremiui.
1679 632 1848 701 Atqui
1879 646 1993 701 gra-

2105 628 2537 694 λυσιτελούντως
2575 632 2759 700 σφίσιν
2795 630 2982 694 αὐτοῖς
3008 630 3075 684 ἂν
3117 632 3346 685 ἐδοκεῖτε
3395 632 3644 703 βεϐουλεῦ-

417 722 570 784 viora
608 729 914 799 ,prioribus
969 711 1021 780 in
1073 736 1358 797 posterum
1417 723 1789 794 exspectanda
1852 732 1993 777 sunt.

2107 725 2234 778 σθαι
2262 725 2414 795 παρά
2445 725 2783 796 σωφρονοῦσι
2804 725 2893 779 διὰ
2921 727 3021 798 τὴν
3043 729 3411 798 γεγενημένην
3432 728 3614 798 βλάϐην
3631 745 3643 761 ·

419 822 539 877 Non
577 821 722 876 enim
760 830 866 885 est,
932 835 1040 874 non
1074 823 1178 876 est.
1212 821 1459 886 inquam,
1495 817 1599 872 nisi
1641 816 1773 885 quid
1807 825 1995 885 prmtel

2076 804 2228 873 ’νυνὶ
2270 817 2328 870 δὲ
2386 819 2681 889 συμϐαίνει
2713 819 2990 890 δεινότερα
3026 819 3313 874 πείσεσθαι
3368 821 3645 891 προσδοκᾷν

422 914 738 983 Opinionem
771 913 840 967 de
870 912 1010 966 coelo
1058 911 1125 964 ad
1154 911 1387 966 salutem
1432 921 1670 966 vestram
1711 910 1998 978 expedien-

2110 909 2488 981 ὑπαρξάντων.
2524 911 2600 962 Οὑ
2639 910 2749 981 γάρ
2778 913 2949 976 ἐστιν,
2983 910 3084 965 οὑκ
3113 910 3265 964 ἔστιν
3315 911 3481 978 οὐδὲν,
3509 913 3552 964 εἰ
3586 914 3647 982 μή

425 1005 550 1059 dam
586 1005 915 1074 impetretis,
953 1003 1102 1073 quod
1142 1019 1244 1059 nos
1296 1005 1365 1059 ab
1412 1003 1818 1074 oppugnatione
1853 1016 2001 1056 revo-

2111 1020 2164 1057 τι
2189 1003 2502 1072 παράλογον
2544 999 2606 1067 ἐξ
2632 1001 2864 1072 οὐρανοῦ
2899 1003 3035 1074 πρὸς
3065 1002 3344 1072 σωτηρίαν
3384 1003 3508 1073 ὑμῖν
3534 1020 3652 1074 πρα-

425 1095 633 1148 caverit
667 1113 678 1147 :
714 1102 775 1148 ut
810 1108 910 1147 vos
939 1108 1062 1146 cum
1088 1109 1218 1160 agro
1243 1091 1434 1146 urbem
1463 1105 1685 1160 quoque
1710 1088 2001 1145 amissuros

2115 1094 2295 1164 χθείη,
2324 1094 2352 1147 ὃ
2387 1093 2482 1147 τοῦ
2530 1094 2848 1163 πολιορκεῖν
2894 1095 3042 1164 ἡμᾶς
3075 1096 3255 1148 πείσει
3306 1096 3651 1164 ἀποσχέσθαι·

428 1186 726 1240 verisimile
780 1186 893 1240 fiat.
953 1185 1120 1239 Miror
1171 1198 1353 1239 autem
1411 1181 1583 1252 quod,
1629 1197 1757 1236 cum
1792 1181 2004 1260 iisdem,

2111 1186 2254 1240 ὥστε
2286 1185 2433 1248 είκδς
2470 1186 2607 1250 πρὸς
2637 1189 2702 1257 τῇ
2736 1184 2890 1258 χώρᾳ
2920 1185 3013 1240 καὶ
3029 1185 3126 1258 τὴν
3162 1187 3313 1239 πόλιν
3340 1186 3479 1257 ὑμᾶς
3504 1204 3653 1256 προσ-

429 1278 512 1330 vel
547 1278 893 1347 gravioribus
925 1278 1092 1330 etiam
1143 1275 1306 1328 malis
1332 1288 1496 1344 quam
1525 1271 1722 1343 Rhogii
1754 1286 2005 1327 exercea-

2115 1281 2361 1334 απολεῖν.
2425 1279 2705 1350 Θαυμάζω
2755 1280 2812 1333 δὲ
2862 1279 3017 1351 ὑμῶν
3073 1281 3123 1332 εί
3153 1283 3266 1344 τοῖς
3304 1281 3478 1343 αὑτοῖς
3527 1281 3659 1350 ὴκαὶ

431 1371 588 1428 mini.
623 1379 678 1423 et
729 1369 912 1423 velitis
958 1368 1144 1422 nolitis
1188 1367 1510 1438 propediem
1557 1366 1613 1420 in
1663 1364 2007 1434 imperatoris

2121 1375 2333 1444 μείζοσι
2369 1375 2560 1438 κακοῖς
2604 1372 2918 1444 ἑνεχὸμενοι
2956 1370 3227 1441 Ῥωγίοις.
3262 1372 3357 1426 καὶ
3407 1372 3661 1442 μέλλοντες

428 1466 516 1536 jus
545 1479 607 1517 ac
638 1469 964 1532 potestatem
1021 1460 1238 1516 venturi
1271 1459 1415 1520 sitis.
1448 1474 1555 1512 non
1582 1461 1756 1513 solum
1789 1472 1885 1512 eos
1923 1458 2004 1527 (ul

2120 1465 2215 1517 ὑπ’
2248 1463 2498 1534 ἀνάγκης
2517 1465 2639 1517 ὅσον
2668 1463 2885 1517 οὐδέπω
2933 1461 3146 1533 βασιλεῖ
3173 1464 3512 1536 προσχωρεῖν
3533 1460 3664 1515 αὐτοὶ

435 1551 527 1624 qui
562 1555 677 1608 suis
709 1553 1016 1607 rationibus
1040 1551 1180 1606 bene
1239 1550 1578 1618 honesteque
1608 1553 2011 1619 prospexerint,

2119 1559 2182 1612 οὑ
2219 1557 2379 1629 μόνον
2413 1557 2512 1610 οὑκ
2564 1558 2840 1610 ἐπαινεῖτε
2900 1555 2977 1619 ὡς
3007 1555 3191 1621 καλῶς
3262 1557 3359 1608 καὶ
3392 1553 3664 1624 συμφερόν-

437 1648 568 1702 dum
595 1654 888 1721 antequam
935 1645 990 1698 in
1031 1654 1341 1698 extremum
1397 1641 1788 1696 delaberentur
1829 1640 2013 1695 discri-

2090 1669 2228 1721 λτως
2261 1651 2478 1714 ἑαυτοῖς
2537 1649 3025 1720 βεϐουλευμένους,
3060 1649 3142 1702 ὃτι
3187 1648 3322 1719 πρὶν
3349 1648 3427 1711 εἰς
3469 1647 3666 1716 ἔσχατον

438 1754 586 1800 men,
631 1737 863 1793 salutem
921 1745 976 1791 et
1035 1734 1386 1790 commodum
1441 1733 1658 1788 consilii
1713 1733 2014 1786 mutatione

2092 1734 2096 1750 ’
2129 1742 2378 1796 κινδύνου
2404 1742 2584 1814 ἥκειν,
2625 1742 2902 1811 σωτηρίαν
2941 1743 3038 1795 καὶ
3080 1740 3352 1809 ὠφέλειαν
3378 1739 3668 1808 ἐπορίσαντο

440 1831 545 1887 sibi
598 1830 980 1901 quaesierunt)
1033 1843 1142 1881 non
1187 1825 1609 1890 commendetis,
1665 1824 1762 1880 sed
1821 1822 2016 1876 multas

2130 1837 2348 1897 ἑαυτοῖς
2403 1837 2467 1886 ὲκ
2495 1833 2594 1904 τῆς
2627 1832 2954 1904 μεταϐολῆς,
2987 1833 3126 1886 ἀλλά
3178 1832 3280 1885 καὶ
3316 1829 3494 1899 ὕϐρεις
3524 1846 3668 1882 κατα-

441 1923 625 1993 potius
656 1921 1019 1978 contumelias
1064 1920 1117 1974 iu
1147 1920 1296 1990 ipsos
1323 1917 1654 1983 cffuderitis,
1685 1917 1814 1987 quia
1851 1924 2017 1970 teme-

2130 1931 2283 2000 χέετε
2322 1926 2501 1980 αὑτῶν
2552 1924 2778 1992 πολλὰς,
2809 1926 2892 1979 ὅτι
2925 1925 2988 1978 οὑ
3017 1926 3117 1994 τῆς
3147 1925 3318 1996 αὐτῆς
3374 1924 3498 1993 ὑμῖν
3528 1921 3672 1976 ἀϐου-

444 2014 627 2068 ritatis
661 2029 724 2068 ac
754 2012 999 2066 stultitia:
1030 2022 1229 2066 vestra:
1266 2011 1401 2065 socii
1436 2024 1562 2065 esse
1588 2008 1906 2063 noluerunt.
1955 2005 2020 2060 At

2131 2022 2249 2084 λῖας
2301 2019 2510 2074 εἴλοντο
2548 2013 2688 2072 εἶναι
2750 2017 3041 2072 κοινωνοί·
3075 2017 3260 2072 καίτοι
3315 2015 3571 2086 σκέψασθε
3613 2014 3674 2076 ὡς

443 2109 590 2163 enim
644 2106 936 2161 ίηῐυεῐηίηί
987 2106 1289 2175 ρίιιιιίερυτν
1342 2120 1504 2173 quam
1582 2101 1780 2171 ῖιιίίιυῑ,
1860 2115 2024 2170 quam
2133 2111 2258 2166 οὒτε
2292 2112 2478 2166 δίκαια
2527 2109 2654 2163 οὔτε
2711 2109 3067 2181 συμφέροντα
3124 2109 3242 2162 οὗθ’
3297 2109 3524 2171 ἑαυτοῖς,
3573 2104 3676 2158 οὔτε

446 2198 699 2255 damnosi
725 2208 781 2254 et
812 2197 1086 2253 vobismet
1119 2197 1270 2266 ipsis.
1296 2185 1346 2251 ἐι
1375 2195 1601 2264 reliquis
1645 2193 2022 2248 Acarnanibua

2136 2207 2248 2266 τοῖς
2282 2203 2811 2274 ἀλλοιςἊκαρνάσιν
2839 2203 2997 2256 αὑτοὶ
3030 2204 3239 2256 ποιεῖτε
3271 2201 3371 2270 τῆς
3396 2200 3557 2269 αὑτῆς
3581 2198 3677 2268 ὲχό-

447 2293 591 2358 sitis,
625 2291 753 2348 dum
782 2291 835 2345 in
865 2290 968 2344 hac
990 2290 1320 2360 cogitatione
1347 2287 1661 2358 persistitis.
1693 2286 1800 2356 Ipsi
1825 2285 2023 2356 quippe

2141 2313 2292 2369 μενοι
2335 2294 2566 2358 ἐννοίας.
2594 2295 2760 2348 Αὑτοί
2792 2312 2852 2348 τε
2887 2293 2996 2365 γὰρ
3026 2293 3350 2348 ἀπολώλατε
3378 2290 3675 2360 διαφθαρέν-

449 2384 598 2441 bello
635 2383 950 2451 consumpti
1002 2382 1267 2451 periistis,
1318 2389 1372 2435 et
1417 2381 1541 2434 aliis
1593 2379 1833 2462 oppidis,
1887 2388 2025 2433 tam-

2137 2405 2228 2452 τες
2259 2387 2365 2441 ὑπὸ
2397 2385 2490 2439 τοῦ
2520 2386 2787 2457 πολέμου,
2829 2386 2921 2439 καὶ⁵
2952 2387 3077 2449 ταῖς
3107 2385 3301 2448 ἄλλαις
3335 2383 3514 2436 πόλεσι
3573 2380 3679 2451 βλά-

451 2479 556 2536 etsi
607 2476 932 2533 defectionis
983 2484 1179 2530 vestra:
1229 2474 1374 2534 haud
1424 2472 1807 2543 participibus,
1855 2487 2027 2527 nocu-

2139 2483 2243 2550 6ης
2300 2481 2362 2534 οὑ
2401 2480 2628 2552 μετρίας
2675 2479 2840 2533 αίτιοι
2897 2478 3234 2550 κατέστητε,
3294 2480 3528 2544 καίτοιγε
3577 2474 3679 2541 ὑμῖν

455 2580 635 2627 menta
661 2587 770 2626 non
805 2567 1047 2640 vulgaria
1079 2565 1382 2621 invexistis.
1409 2565 1699 2621 Exercitus
1727 2564 2030 2634 enim(63),

2143 2573 2410 2645 βασιλέως
2438 2572 2500 2626 οὑ
2535 2572 2998 2636 συναποστάσαις.
3028 2571 3274 2642 Στρατιὰ
3304 2570 3412 2640 γὰρ
3441 2569 3526 2621 ἐπὶ
3553 2565 3681 2632 ξένης

455 2679 520 2720 ac
558 2663 863 2733 praesertim
919 2670 1122 2724 tantus.
1171 2661 1226 2714 in
1284 2668 1472 2714 extera
1526 2659 1748 2728 regione
1799 2659 2031 2726 haerens,

2141 2666 2502 2740 διατρίϐουσα
2528 2665 2623 2720 καὶ
2653 2665 2890 2736 μάλιστα
2917 2664 3182 2736 τοσαύτη,
3213 2663 3313 2736 τὴν
3335 2663 3434 2736 μὲν
3454 2660 3681 2731 πολεμίαν

459 2756 700 2811 hostium
726 2763 887 2827 agros
911 2755 1273 2810 inclementer
1307 2753 1692 2824 depopulatur.
1732 2753 1827 2808 Sin
1851 2764 2035 2810 autem

2144 2763 2322 2832 κείρει
2353 2759 2593 2830 ἀφειδῶς
2618 2775 2635 2792 ο
2665 2761 2726 2814 ὲν
2764 2760 2822 2814 δὲ
2856 2762 2955 2832 τῆς
2986 2759 3336 2830 συμμαχίδος
3392 2759 3482 2813 καὶ
3506 2754 3680 2816 οἰκείας

461 2849 792 2904 esociorum
841 2862 1050 2917 suaque
1112 2847 1396 2916 provincia
1449 2847 1778 2908 alimoniam
1835 2847 2036 2916 capiat,

2144 2852 2485 2924 τρεφομένη,
2517 2851 2678 2922 λιμὸν
2729 2852 2866 2923 αὑτῇ
2911 2850 3181 2920 αἰφνίδιον
3215 2850 3410 2920 ἐπάγει
3434 2865 3448 2878 '
3486 2845 3684 2900 ἀδικεῖτε

462 2925 807 3012 τερέιιιίηειη
834 2939 908 2994 illi
958 2939 1158 2994 famem
1221 2938 1455 2993 inducit.
1517 2938 1692 3010 Agitis
1739 2955 1903 3010 porro
1937 2940 2038 2994 ini-

2145 2947 2203 3001 δὲ
2232 2947 2298 2999 τὰ
2331 2945 2556 3016 ἔσχατα,
2593 2945 2716 2998 ἀντὶ
2741 2943 2842 3014 τῆς
2874 2943 3166 3015 Ῥωμαίων
3203 2941 3499 3015 βασιλείας,
3525 2940 3556 3009 ἢ
3585 2952 3685 3006 σχε-

465 3034 755 3104 quissime,
802 3031 898 3102 qui
946 3047 1043 3102 pro
1094 3031 1466 3086 Romanorum
1522 3030 1774 3102 imperio,
1819 3030 1965 3100 quod
2009 3045 2038 3084 a

2110 3101 2112 3117 λ
2148 3039 2237 3092 δὺν
2264 3037 2448 3099 αὐτοῖς
2480 3037 2546 3089 ὲκ
2575 3036 2683 3089 τῶν
2736 3034 3014 3106 Καίσαρος
3064 3034 3275 3105 χρόνων
3315 3032 3534 3103 πάτριός
3573 3031 3686 3088 ἐστι,

465 3127 595 3185 Julii
654 3127 888 3184 Caesaris
963 3125 1136 3180 ferme
1200 3124 1544 3194 temporibus
1605 3124 1740 3194 ipsis
1806 3124 2041 3193 patrium

2119 3131 2253 3202 ,τὴν
2279 3130 2634 3202 Ταραντίνων
2682 3130 2864 3192 αὑτοῖς
2897 3126 3208 3200 ἀνθρώπων
3246 3125 3531 3197 βαρϐάρων
3584 3118 3689 3172 ἑπα-

468 3233 552 3276 est
568 3211 704 3290 (64),
721 3219 1166 3280 Tarentinorum.
1187 3218 1468 3272 hominum
1489 3217 1849 3273 barbarorum
1873 3216 2044 3272 domi-

2116 3205 2340 3291 ’γοντες
2372 3201 2580 3293 ἀρχὴν.
2641 3221 2962 3292 Νικηφόρος
2995 3220 3127 3289 γὰρ,
3193 3219 3338 3288 ὑπὲρ
3390 3210 3447 3270 οὑ
3494 3211 3692 3304 μάλιστα

471 3315 751 3369 natinnem
814 3309 1190 3368 introducitis.
1267 3309 1608 3380 Nicephorus
1671 3310 1840 3375 enim,
1893 3310 2047 3379 cujus

2134 3304 2310 3371 ἀὑτοὶ
2341 3314 2526 3368 οἴεσθε
2557 3316 2654 3368 τὸν
2685 3315 2920 3384 πόλεμον
2966 3311 3272 3382 αἱρεῖσθαι,
3323 3307 3434 3362 οὗθ’
3459 3306 3576 3376 ὑμῖν
3601 3299 3693 3353 οὔθ’

462 3404 820 3477 ’potissimum
853 3418 1014 3459 causa
1046 3402 1150 3458 hoc
1180 3403 1383 3458 bellum
1422 3419 1520 3458 vos
1561 3403 1798 3458 militare
1832 3402 2038 3473 profite

2156 3407 2338 3479 ἑαυτῷ
2365 3402 2476 3472 οἷός
2506 3407 2568 3461 τέ
2596 3408 2748 3461 ἐστιν
2773 3383 3027 3477 ἐξαρκεῖν
3064 3403 3204 3474 πρὸς
3236 3401 3336 3472 τὴν
3380 3393 3662 3461 ἐλευθερίαν
3681 3405 3692 3417 ·

479 3497 716 3562 mini,ad
749 3497 1057 3551 libertatem
1094 3495 1260 3567 316
1288 3511 1466 3567 neque
1495 3496 1675 3560 vobis,
1704 3511 1885 3567 neque
1920 3495 2055 3551 sibi-

2157 3502 2292 3558 ἀλλὰ
2327 3500 2685 3572 Ταραντίνοις
2736 3496 3095 3569 προσφυγὼν,
3147 3498 3216 3566 τῇ
3294 3490 3497 3545 ἐκεῖθεν
3555 3483 3696 3572 οτεῖν

484 3599 599 3654 ruet
640 3588 970 3659 pariundam
999 3588 1134 3643 satis
1161 3588 1324 3644 habet
1351 3589 1552 3642 virium
1586 3603 1602 3641 :
1638 3603 1823 3644 verum
1848 3589 1913 3644 ad
1947 3589 2055 3644 Ta-

2156 3593 2389 3663 δυνάμει
2418 3570 2789 3663 *Ἀκαρνανίας
2839 3589 3070 3661 βασιλέα
3121 3585 3421 3651 ὲξελὰσειν.
3473 3576 3626 3633 Τοῦτο
3652 3570 3698 3666 δὲ

480 3685 729 3738 rentinos
778 3697 901 3736 cum
954 3684 1276 3753 perfugerit,
1341 3681 1472 3735 inde
1517 3682 1742 3752 adjutus
1783 3698 1848 3737 cx
1885 3682 2056 3736 Acar-

2159 3661 2644 3754 οὖτεῖδυνήσεσθαι
2669 3682 2881 3736 οἴεσθαι
2919 3679 3084 3735 αὑτὸν
3124 3679 3307 3744 είκδς,
3357 3671 3467 3729 οὑτ’
3492 3669 3538 3723 εί
3566 3661 3700 3729 δυνή-

484 3781 647 3836 nania
679 3781 1067 3850 imperatorem
1120 3795 1179 3833 se
1236 3779 1592 3848 expulsurutu
1623 3776 1902 3847 opinatur.
1947 3775 2060 3832 Hoc

2164 3797 2319 3832 σεται
2349 3781 2478 3834 ἄνευ
2513 3777 2690 3831 πόνων
2728 3775 2984 3844 μεγάλων
3022 3773 3115 3827 καὶ
3143 3770 3432 3824 κινδύνων.
3469 3764 3594 3824 Τοὺς
3625 3755 3701 3813 οὖν

482 3883 667 3929 autem
697 3888 756 3928 se
793 3888 974 3942 posse,
1022 3887 1126 3927 nec
1171 3872 1296 3926 illos
1344 3871 1424 3924 fas
1459 3879 1542 3925 est
1591 3871 1808 3939 opinari
1839 3885 1964 3935 nec,
2011 3871 2058 3924 si

2165 3873 2405 3943 πόλεμον
2430 3871 2677 3926 τοιοῦτον
2698 3869 2840 3939 ὑπὲρ
2872 3866 3027 3938 ὑμῶν
3056 3865 3194 3936 πρὸς
3235 3862 3455 3936 βασιλέα
3477 3853 3701 3943 ἀναδεξα·

485 3976 766 4036 poterunt,
836 3968 955 4022 sine
1029 3964 1240 4034 magnis
1307 3963 1614 4025 laboribus,
1692 3960 2061 4030 periculisque

2171 3942 2392 4035 μένους,
2451 3964 2499 4015 εί
2565 3960 2848 4032 κρείττους
2897 3958 3226 4026 δυνήσονται
3290 3952 3556 4025 γενέσθαι,
3616 3942 3699 3997 οὐκ

490 4062 768 4125 poterunt.
794 4053 897 4121 Qui
930 4055 1095 4125 igitur
1122 4052 1227 4106 tale
1263 4051 1462 4106 bellum
1485 4067 1587 4121 pro
1616 4049 1769 4104 vobis
1796 4049 2065 4104 adversus

2167 4055 2355 4112 οίεσεε
2385 4054 2530 4124 ὑμᾶς
2588 4053 2687 4122 τῆς
2728 4050 2929 4122 ἀρετῆς
2982 4045 3148 4103 ἆθλον
3205 4050 3305 4102 καὶ
3359 4044 3465 4099 τῶν
3514 4039 3705 4109 ἀγώνων

489 4149 877 4221 imperatorem
925 4144 1226 4216 gerendum
1284 4142 1608 4212 suscipiant,
1666 4143 1710 4196 si
1754 4142 2065 4211 superiores

2172 4149 2399 4218 σχήσειν
2433 4145 2543 4198 τῶν
2582 4143 2839 4209 πολλῶν;
2877 4143 2978 4196 οὑκ
3028 4142 3139 4211 ἄρα
3167 4141 3354 4208 δόξετε
3410 4136 3574 4210 ὀρθῶς
3600 4144 3706 4200 (990⁵

490 4239 725 4297 evadere
790 4238 1092 4307 quiverint,
1149 4251 1332 4290 nonne
1409 4235 1753 4305 provinciam
1805 4242 2066 4302 vestram,

2171 4241 2301 4294 νεῖν.
2335 4237 2479 4306 Ἐγὼ
2504 4237 2562 4291 δὲ
2588 4239 2637 4290 εί
2662 4236 2757 4292 καὶ⁵
2777 4236 2899 4290 καθ’
2925 4235 3154 4298 ἑαυτοὺς
3183 4235 3347 4305 ὑμεῖς
3384 4221 3705 4301 Ἀκαρνανίας

494 4343 752 4402 tanquam
784 4329 1031 4395 virtutis,
1067 4329 1546 4396 certaminumque
1594 4327 1892 4380 multorum
1934 4343 2070 4398 pra:-

2231 4351 2274 4405 ιν
2308 4333 2481 4404 ἀρχὴν
2504 4333 2806 4404 Νικηφόρῳ
2840 4329 3108 4401 ἠδύνασθε
3134 4331 3464 4400 περιποιεῖν,
3497 4317 3709 4378 ἀδικοῦνο
3797 4391 3807 4400 .

498 4424 668 4478 mium
708 4419 999 4476 habituros
1028 4419 1415 4474 arbitramini?
1442 4418 1562 4474 Non
1592 4426 1741 4473 recte
1771 4419 1988 4488 sapitis,
2025 4421 2068 4475 si

2134 4410 2146 4456 ⁵
2175 4404 2274 4490 τας
2305 4425 2371 4479 ἂν
2395 4425 2465 4478 τὰ
2490 4425 2724 4496 μέγιστα
2755 4423 2977 4494 βασιλέα
2999 4423 3257 4491 ἀπέφηνα
3281 4423 3444 4490 ὑμᾶς.
3461 4412 3710 4482 Ἀγγέλους

501 4515 603 4568 hoc
637 4527 745 4565 non
774 4511 1019 4588 creditis.
1053 4509 1165 4579 Ego
1210 4524 1362 4574 vero,
1392 4506 1606 4592 etiamsi
1640 4520 1738 4575 per
1781 4521 1881 4560 vos
1919 4505 2077 4562 Nice-

2177 4519 2284 4588 γὰρ
2314 4503 2416 4570 οιτκ
2444 4518 2555 4594 ἀπὸ
2579 4517 2874 4589 βαρϐάρων
2891 4514 3256 4585 Ἀκαρνανίαν
3280 4507 3711 4578 ἐλευθερώσαντας

500 4608 680 4676 phoro
706 4602 1026 4656 Acarnaniae
1083 4601 1450 4671 principatum
1501 4599 1788 4669 acquirere
1815 4599 2074 4668 possetis,

2180 4599 2495 4680 κτήσασθαι
2549 4609 2754 4679 συνέϐη
2807 4607 2906 4678 τὴν
2962 4608 3180 4679 ἀρχήν·
3237 4603 3355 4658 ἀλλ’
3407 4594 3711 4669 ὑποχειρίους

504 4700 559 4752 in
587 4697 974 4766 imperatorem
1005 4694 1463 4764 injuriosissimos
1487 4707 1608 4747 esse
1635 4693 2075 4762 pronuntiarem.

2181 4703 2347 4766 δντας
2364 4701 2652 4772 Ῥωμαίων
2678 4699 2985 4771 βασιλεῦσι,
3017 4700 3108 4753 καὶ
3135 4696 3268 4767 παρ’
3291 4692 3509 4750 ἐκείνων
3535 4688 3713 4756 ἐτήσιον

506 4786 699 4858 Angeli
741 4783 888 4839 enim
944 4796 1055 4836 non
1107 4798 1136 4836 a
1187 4782 1447 4836 Barbaris
1491 4783 1798 4838 Acarnania
1853 4791 2081 4848 asserta,

2185 4793 2365 4866 ἀρχὴν
2402 4794 2501 4864 τῆς
2526 4792 2710 4864 χώρας
2741 4789 3275 4862 ἐπι-τετραμμένους,
3335 4773 3716 4855 σφετερίσασθαι

508 4880 876 4953 principatum
933 4875 1214 4930 consecuti
1263 4883 1412 4936 sunt.
1470 4875 1566 4930 sed
1587 4876 1696 4947 jam
1745 4885 1856 4930 tum
1901 4875 2084 4946 subje-

2187 4884 2288 4952 τὴν
2321 4882 2496 4955 ἀρχὴν
2530 4882 2620 4936 διὰ
2643 4883 2735 4936 τδν
2765 4881 3128 4952 ἐπενεχθέντα
3157 4881 3278 4933 τότε
3323 4876 3471 4947 παρὰ
3510 4867 3717 4955 Λατίνων

509 4988 655 5033 etam
690 4977 1060 5029 Romanorum
1117 4972 1569 5042 imperatoribus,
1597 4987 1721 5026 cum
1776 4971 1843 5026 ab
1873 4960 1970 5025 'eis
1995 4986 2085 5024 an-

2213 4953 2510 5044 Ῥωμαίοις
2535 4975 2792 5040 πόλεμον·
2824 4967 2901 5027 ὧν
2931 4973 2996 5044 δὴ
3025 4973 3120 5025 τοῦ
3142 4971 3452 5041 κρείττονος
3471 4953 3718 5029 συγχωρίν

512 5087 678 5126 uuam
704 5071 822 5141 ejus
843 5067 1284 5138 procurationem
1311 5064 1600 5129 haberent,
1625 5074 1845 5134 propter
1869 5063 2088 5130 bellum,

2194 5085 2278 5122 σει
2323 5065 2621 5132 Βυζαντίου
2675 5066 3076 5137 κρατησάντων
3114 5065 3210 5117 καὶ¹
3263 5060 3480 5132 Θρᾴκης
3517 5052 3717 5141 (inda-its.

517 5165 665 5234 quod
712 5133 888 5219 ἰξοιίπὶ
919 5161 1184 5217 Romanis
1219 5160 1550 5222 intulerunt,
1585 5133 1704 5212 eam
1727 5133 1856 5211 sibi
1884 5163 1942 5209 ut
1973 5171 2093 5226 pro-

2198 5159 2294 5213 καὶ
2318 5157 2426 5211 τῶν
2453 5159 2597 5211 κατά
2641 5133 2983 5212 Μακεδονίαν
3013 5155 3223 5210 πόλεων
3275 5146 3500 5212 πολλῶν,
3535 5133 3719 5234 βασιλέα

520 5257 695 5327 priam
727 5255 1097 5310 vindicarunt.
1150 5250 1385 5318 Quibus,
1420 5250 1632 5305 Latinis
1676 5249 1924 5318 inquam,
1971 5263 2096 5304 con-

2206 5249 2306 5322 μὲν
2357 5249 2392 5320 ἠ
2431 5247 2723 5319 Ῥωμαίων
2780 5247 3017 5318 ὑπέθορε
3052 5243 3215 5316 ¹πρὸς
3265 5244 3373 5298 ’ἑω-
3413 5225 3719 5305 Ἀκαρνανίας

1790 5372 2004 5434 Jacobi
2040 5373 2308 5436 Pontaui
2343 5380 2510 5436 uota;

597 5496 709 5563 (65)
742 5495 1126 5551 Demosthenis
1163 5495 1434 5550 sententia
1481 5504 1566 5548 est
1611 5495 1664 5546 in
1719 5493 2088 5564 Olynthiacis,
2201 5493 2334 5550 rint.

532 5541 2098 5638 q..‘i};.;s'o};ti§;;§;;;magistgeglnangustias;
2205 5541 2397 5638 '_'"('ot)
2438 5564 2570 5638 inde
2624 5580 2796 5635 usque
2840 5582 2869 5620 a
2909 5563 3053 5620 Julio
3082 5564 3291 5619 Ca‘sare
3327 5548 3540 5615 Bernatti
3573 5541 3725 5608 tenent

541 5634 671 5689 thiis
689 5643 878 5686 contra
917 5634 1226 5702 Philippum
1260 5635 1545 5692 ferendum
1575 5635 1916 5702 cohortatur,
1950 5651 2016 5687 ne
2046 5637 2099 5689 in
2212 5634 2593 5690 Acarnaniam.

537 5722 635 5761 sua
689 5704 906 5773 regione
964 5696 1179 5757 hos'tcm
1243 5704 1503 5770 habeant,
1555 5704 1599 5756 si
1663 5705 1784 5758 illos
1843 5696 2101 5759 ilcscruea

3622 5821 3637 5868 l
