3992 6202
347 307 440 368 641

1504 305 2054 368 HISTORIARUM
2096 307 2327 368 LIBER
2369 306 2452 366 II.

3465 305 3576 369 642

346 421 401 473 δὲ
429 418 730 490 τίνάρχὴν
761 421 1020 489 ’Ἄγγελοι
1066 424 1537 492 προσεποιήσαντο
1575 426 1786 487 ἑαυτοῖς
1819 426 1913 479 καὶ

2029 438 2174 480 cessu
2227 424 2479 479 Numinis
2537 421 2815 491 Byzantio,
2848 421 3099 477 universa
3144 422 3395 488 Thracia,
3433 424 3578 479 mul-

347 508 492 565 ἄλλοι
525 508 695 569 ἄλλας
751 510 860 563 τῶν
914 511 1186 581 ἑσπερίων
1238 513 1521 583 ἐπαρχιῶν
1577 507 1654 566 ὧν
1687 514 1908 568 ἕκαστοι

350 599 537 669 ἔτυχον
596 599 1073 668 ἐπιτροπεύοντες,
1103 601 1190 668 διὰ
1223 603 1286 656 τὸ
1315 603 1594 673 βασιλεῦσι
1623 605 1911 672 Ῥωμαίων

347 691 511 744 δίοδον
542 691 645 746 οὐκ
677 687 817 745 εῖναι
848 694 986 762 πρὸς
1017 695 1217 760 αὐτοὺς
1247 697 1337 749 διὰ
1362 695 1584 768 Θρᾴκης
1613 697 1707 750 καὶ
1726 698 1911 750 Max:-

348 781 522 843 δονίας
547 781 724 834 οὐσῶν
752 783 857 836 ὑπὸ
905 783 1182 846 Λατίνοις.
1209 783 1475 854 ’Ὕστερον
1499 785 1556 838 δὲ
1589 785 1735 838 ἔτεσι
1782 785 1912 838 πολ-

346 872 456 934 λοῖς
479 871 585 925 ὑπὸ
610 871 720 925 τῶν
744 872 1124 940 Παλαιολόγων
1162 874 1482 944 ίθυνομένης
1505 876 1606 945 τῆς
1619 876 1912 944 Ῥωμαίων

348 961 648 1034 βασιλείας,
681 965 942 1029 Λατίνους
971 966 1070 1036 μὲν
1097 965 1254 1029 αὖθις
1279 965 1375 1019 τοῦ
1419 965 1560 1049 θεοῦ
1589 965 1914 1036 συναιρομέ-

346 1073 460 1121 νου,
495 1056 596 1122 τῆς
636 1057 925 1129 Ῥωμαίων
947 1057 1220 1128 ἐξήλασαν
1247 1043 1564 1129 ἡγεμονίας·
1604 1059 1696 1111 καὶ
1729 1058 1913 1111 Ἀσίαν
1947 1043 1965 1056 ’

346 1148 436 1200 καὶ
470 1146 744 1218 Εὐρώπην
777 1150 907 1219 ὅσης
962 1143 1135 1220 ἦρχον
1168 1150 1248 1213 είς
1277 1149 1336 1202 ἓν
1379 1148 1625 1220 συνῆψαν
1646 1163 1661 1180 ο
1711 1148 1913 1220 Ἀκαρ-

345 1237 538 1292 νανίαν
588 1239 646 1291 δὲ
689 1239 978 1308 Ἀγγέλους
1037 1240 1418 1307 ἀπαιτοῦντες,
1494 1240 1597 1294 οὐκ
1655 1239 1916 1310 ἠδύναντο

346 1331 642 1385 ἀπολαϐεῖν
661 1346 678 1364 ⁶
705 1331 823 1386 ἀλλ’
853 1332 1016 1386 ἄδικα
1042 1334 1140 1386 καὶ
1170 1333 1323 1403 βίαια
1352 1332 1654 1397 ποιοῦντες,
1685 1331 1919 1386 ἀπεστέ-

352 1439 483 1492 pomo
508 1442 521 1456 -
557 1422 652 1477 καὶ
695 1423 959 1492 στρατιάν
997 1423 1258 1486 πολλάκις
1289 1424 1379 1477 ἔπ’
1408 1423 1651 1488 ἐκείνως
1693 1424 1917 1494 πέμψα-

347 1530 453 1577 σιν,
481 1513 625 1566 ὅπλα
645 1513 964 1585 ἀντῄροντο,
989 1514 1234 1577 καὶτοὺς
1258 1515 1571 1584 περιοίκους
1597 1516 1916 1585 συμμάχους

345 1605 621 1674 ἐπήγοντο
655 1593 988 1675 βαρϐάρους.
1027 1605 1136 1658 Τδν
1171 1604 1526 1674 βασιλεύοντα
1555 1605 1613 1658 δὲ
1650 1607 1766 1658 νυνὶ
1799 1606 1918 1658 ἑπι-

347 1691 726 1759 στρατεύοντα
755 1691 907 1761 ὑμῖν,
941 1695 1036 1745 καὶ
1063 1695 1130 1764 τῇ
1155 1692 1364 1748 ἀνωθεν
1393 1695 1685 1765 ἐπικουρίᾳ
1716 1693 1916 1746 δουλω-

349 1783 606 1851 σάμενον,
642 1783 742 1836 οὐκ
771 1783 977 1837 ἀδικεῖν
1018 1784 1086 1838 ἄν
1131 1802 1216 1847 τις
1243 1785 1378 1854 φαίη
1405 1784 1504 1852 τὴν
1533 1785 1738 1856 ἑτέρων
1769 1799 1914 1853 παρ·
1947 1767 1988 1823 Β

349 1876 680 1944 αιρούμενον
741 1876 956 1945 ἀρχήνιο
983 1876 1119 1930 ἀλλά
1149 1877 1383 1945 μάλιστα
1413 1877 1483 1930 τὰ
1525 1876 1709 1930 δίκαια
1743 1877 1917 1929 ποιεῖν

347 1962 808 2034 ἀπολαμϐάνοντα
860 1963 958 2037 τὴν
1018 1965 1304 2038 πατρῴαν.
1369 1967 1429 2019 Ei
1459 1966 1568 2037 γὰρ
1618 1965 1919 2037 Νικηφόρῳ

345 2055 560 2123 δίκαιον
583 2057 644 2110 τὺ
665 2059 730 2112 ὲκ
759 2060 1045 2128 προγόνων
1076 2059 1138 2112 οὐ
1169 2058 1381 2112 πολλῶν
1414 2058 1584 2112 ὄντων
1606 2059 1710 2126 τὴν
1743 2056 1919 2128 ἀρχὴν

345 2149 714 2215 κατάγεσθαι,
765 2150 946 2221 πολλῷ
978 2150 1182 2220 μᾶλλον
1236 2150 1450 2220 βασιλεῖ
1495 2150 1602 2204 τῶν
1649 2147 1711 2214 ἐξ
1745 2149 1920 2220 ἀρχῆς

341 2239 789 2310 βασιλευσάντων
833 2239 1120 2312 Ῥωμαίων
1154 2241 1268 2296 ὄντι
1315 2239 1570 2310 ἀπογόνῳ
1630 2241 1773 2296 κατά
1827 2240 1921 2294 τὸν

340 2330 510 2398 λόγον
558 2331 659 2400 τῆς
707 2331 980 2403 διαδοχῆς.
1029 2334 1093 2386 El
1144 2333 1292 2388 δὲτὸ
1346 2334 1442 2388 τοῦ
1498 2333 1689 2406 χρόνου
1747 2333 1920 2403 μῆκος

340 2420 655 2490 ἀξιόχρεων
684 2422 834 2475 δοκεῖ
868 2423 1004 2494 πρὸς
1035 2423 1318 2480 δικαίωσιν
1372 2425 1523 2497 ὑμῖν,
1559 2423 1672 2479 ῖστε
1727 2426 1924 2479 τάναν-

341 2506 431 2557 τία
495 2506 844 2578 λογιζόμενοι
894 2511 1003 2564 τῶν
1027 2511 1196 2566 ὄντων
1221 2529 1237 2544 ο
1272 2513 1474 2584 μᾶλλον
1498 2514 1615 2585 ,γὰρ
1643 2515 1731 2568 διὰ
1760 2513 1923 2567 τοῦτο

341 2596 509 2668 δίκης
543 2598 705 2664 ἄξιοι,
749 2601 830 2653 ὅτι
884 2601 1139 2657 τοσοῦτον
1172 2604 1366 2673 χρόνον
1414 2604 1673 2674 ἠδικεῖτε.
1729 2607 1794 2661 Ei
1828 2601 1922 2661 οὖν

345 2691 575 2759 μηχανῇ
610 2707 669 2742 τε
693 2691 916 2763 οὐδεμιᾷ
947 2694 1010 2748 τὸ
1037 2695 1243 2750 ἁλῶναι
1270 2697 1332 2749 ού
1361 2697 1594 2752 δύνασθε
1619 2699 1919 2768 διαφυγεῖν,

343 2781 395 2833 ei
413 2797 480 2833 τε
521 2782 618 2834 καὶ
666 2782 900 2853 δύναμις
928 2786 1054 2856 ὑμῖν
1078 2787 1261 2858 παρῆν
1299 2789 1655 2860 Ἀκαρνανίας
1698 2791 1923 2860 βασιλέα

346 2871 694 2937 ἐξελαύνειν,
745 2874 806 2926 τὸ
865 2875 1071 2930 ἀδικεῖν
1103 2877 1203 2932 οὐκ
1226 2878 1293 2932 ἂν
1317 2875 1387 2950 ἦν
1419 2875 1731 2950 διαφυγεῖν,
1758 2883 1811 2937 τί
1845 2885 1925 2939 δεῖ

345 2965 604 3034 ἀνήνυτα
657 2963 952 3030 πονοῦντας
1021 2968 1122 3040 τὴν
1181 2973 1563 3041 κακοπραγίαν
1625 2975 1924 3030 ῖπιτείνειν

2014 519 2192 586 tisque
2263 516 2493 570 urbibus
2552 513 2883 568 Macedoniae
2944 515 3151 582 politis,
3205 514 3576 568 Romanorum

2010 606 2232 676 quidem
2266 605 2558 674 imperium
2599 603 2653 657 in
2682 601 2962 657 Orientem
2987 618 3105 657 sese
3135 604 3405 657 contraxit
3433 603 3576 671 (65}.

2009 697 2370 752 Acarnaniam
2405 703 2586 748 autem
2639 694 2850 763 Angeli,
2899 694 3104 763 aliique
3153 694 3288 748 alias
3320 694 3574 748 occiden-

2011 787 2148 843 tales
2181 787 2516 856 provincias,
2541 799 2774 852 quarum
2805 793 3066 852 prtetores
3092 795 3270 848 erant,
3313 785 3416 839 sibi
3451 785 3581 838 sub-

2012 879 2270 934 diderunt
2299 895 2312 930 :
2341 885 2631 947 propterea
2662 875 2807 944 quod
2843 877 3102 932 Romanis
3133 877 3578 944 imperatoribus,

2013 970 2302 1026 Thraciam
2334 977 2388 1024 et
2416 969 2786 1023 Macedoniam
2848 967 3060 1022 Latinis
3091 969 3407 1023 tenentibus
3445 969 3576 1038 (66),

2014 1064 2081 1118 ad
2111 1063 2230 1118 illas
2263 1060 2528 1117 transitus
2558 1076 2668 1114 non
2700 1062 2940 1130 patebat.
2974 1060 3218 1115 Tandem
3258 1071 3382 1130 post
3407 1077 3580 1115 annos

2013 1153 2300 1222 plurimos,
2350 1166 2475 1206 cum
2525 1151 2817 1220 imperium
2869 1151 3243 1205 Romanorum
3303 1167 3330 1205 a
3368 1153 3577 1206 Palaco-

2013 1244 2153 1313 logis
2184 1254 2488 1313 regeretur,
2519 1242 2746 1296 Latinos
2775 1243 2885 1296 Deo
2925 1243 3232 1312 opitulante
3264 1245 3579 1314 principatu

2015 1335 2346 1406 depulerunt
2421 1343 2478 1388 et
2525 1334 2706 1386 Asiam
2749 1341 2913 1402 atque
2973 1333 3244 1403 Europam
3294 1351 3581 1405 quousque

2017 1427 2380 1495 imperabant,
2429 1425 2624 1480 iterum
2681 1425 3091 1494 conjunxerunt
3154 1442 3170 1477 :
3218 1413 3580 1482 Acarnaniam

2015 1515 2085 1570 ab
2116 1515 2335 1585 Angelis
2382 1513 2584 1568 frustra
2635 1514 3030 1584 repetiverunt,
3082 1515 3176 1583 qui
3227 1530 3323 1583 per
3358 1517 3464 1568 vim
3525 1526 3582 1571 et

2015 1607 2196 1662 scelus
2254 1620 2377 1660 eam
2431 1606 2753 1668 retinentes,
2808 1605 3009 1674 saepius
3063 1616 3255 1661 contra
3299 1621 3356 1660 se
3402 1607 3585 1662 missis

2016 1699 2370 1762 exercitibus,
2397 1714 2522 1753 cum
2555 1697 2749 1752 vicinis
2785 1696 3045 1751 barbaris
3087 1698 3152 1751 ad
3204 1698 3463 1752 auxilium
3497 1699 3584 1753 iu-

2019 1791 2225 1844 vocatis
2271 1790 2618 1845 restiterunt.
2661 1787 3057 1856 Imperatorem
3092 1801 3258 1856 porro
3291 1789 3456 1852 hunc,
3491 1789 3586 1858 qui

2017 1895 2166 1935 nunc
2195 1894 2292 1935 vos
2319 1880 2526 1935 ctelesti
2576 1879 2744 1933 fultus
2791 1891 2897 1946 ope
2943 1878 3110 1933 armis
3150 1879 3385 1949 subegit,
3425 1895 3586 1934 nemo

2018 1972 2281 2043 injustam
2317 1986 2441 2026 esse
2491 1969 2716 2032 dixerit.
2765 1970 2895 2023 dum
2955 1969 3095 2024 alios
3143 1970 3414 2039 imperare
3474 1986 3584 2024 non

2019 2066 2254 2131 patitur,
2327 2063 2423 2118 sed
2449 2047 2839 2133 justissimum,
2864 2061 2958 2129 qui
2987 2069 3268 2130 paternam
3299 2060 3588 2116 haeredita-

2020 2163 2130 2210 tem
2157 2162 2426 2224 reposcat.
2469 2154 2526 2209 Si
2568 2154 2716 2208 enim
2755 2168 2975 2224 aequum
3003 2161 3108 2214 est,
3145 2151 3514 2222 Nicephorum
3553 2165 3584 2206 a

2019 2242 2324 2314 majoribus
2369 2240 2516 2296 haud
2567 2241 2642 2294 ita
2674 2241 2867 2294 multis
2890 2238 3252 2308 principatum
3291 2237 3586 2302 deducere,

2021 2343 2228 2404 quanto
2275 2332 2486 2403 aequius
2517 2333 2931 2402 imperatorem,
2961 2329 3352 2398 imperatorum
3386 2327 3478 2397 qui
3518 2326 3589 2380 ab

2021 2425 2180 2481 initio
2209 2424 2567 2480 Acarnaniam
2603 2429 2899 2477 tenuerunt
2958 2427 3214 2489 nepotem
3295 2432 3593 2472 successo.

2023 2533 2248 2588 remque
2277 2503 2630 2587 legitimum?
2661 2514 2814 2580 Quod
2862 2512 2910 2567 si
2954 2508 3412 2582 longinquitatem
3454 2517 3592 2562 tem-

2022 2611 2173 2680 poris
2229 2624 2410 2665 causte
2473 2616 2670 2663 vestrae
2732 2605 2867 2662 satis
2931 2601 3261 2674 patrocinari
3324 2598 3590 2662 censetis,

2021 2703 2218 2758 scitote
2244 2716 2344 2756 vos
2372 2700 2571 2755 falsum
2599 2696 2919 2753 ratiocinari
2952 2695 3098 2766 (67);
3127 2707 3252 2747 nam
3287 2691 3358 2744 ob
3389 2691 3442 2744 id
3480 2703 3595 2742 ma-

2022 2795 2107 2866 gis
2139 2793 2411 2863 supplicio
2460 2792 2609 2863 digni
2655 2791 2813 2854 estis,
2861 2789 2957 2858 qui
3009 2787 3196 2842 tandiu
3255 2786 3308 2839 in
3346 2783 3595 2839 facienda

2027 2886 2230 2958 injuria
2263 2883 2780 2956 perseveraveritis.
2811 2880 2953 2951 Ergo
2981 2880 3028 2934 si
3057 2877 3208 2932 nulla
3239 2875 3434 2930 fraude
3467 2888 3598 2928 eva-

2024 2981 2158 3038 dere
2185 2980 2436 3050 potestis,
2468 2979 2602 3048 quin
2635 2970 3069 3035 convincamini,
3115 2970 3274 3040 317
3307 2977 3362 3021 et
3389 2968 3433 3022 si
3465 2966 3600 3021 \‘il‘ir

347 3056 600 3119 ἑαυτοῖς,
631 3056 724 3109 καὶ
756 3057 830 3126 μὴ
866 3057 1224 3129 πειθομένους
1278 3063 1403 3132 ἐμοὶ
1457 3064 1528 3117 τὰ
1559 3064 1752 3134 βελτίω
1780 3084 1922 3137 συμ-

2029 3074 2132 3129 bus
2159 3071 2228 3127 ad
2257 3071 2642 3140 imperatorem
2669 3065 2978 3122 Acarnania
3018 3061 3348 3133 ejiciendum
3389 3060 3600 3114 valete-

347 3145 692 3213 ϐουλεύοντι,
725 3148 876 3218 σφίσι
896 3149 994 3219 μὲν
1023 3152 1206 3216 αὐτοῖς
1234 3153 1444 3218 αίτίους
1473 3157 1728 3224 γενέσθαι
1754 3159 1926 3227 μεγά-

346 3239 458 3293 λων
505 3238 750 3308 ἀγαθῶν,
789 3243 936 3313 ἡμᾶς
978 3243 1036 3297 δὲ
1085 3245 1266 3314 ὀλίγου
1297 3247 1463 3301 πόνου
1519 3249 1824 3313 ἀπαλλάξαι
1869 3251 1928 3304 ὃν

351 3333 750 3403 ὑπομενοῦμεν
775 3335 919 3403 ὑμᾶς
949 3339 1454 3409 καταστρεφόμενοι
1485 3341 1648 3406 ,Ὅτι
1671 3341 1727 3395 δὲ
1757 3342 1790 3412 ἡ
1820 3341 1929 3414 ἐμὴ

351 3424 693 3494 παραίνεσις
749 3428 1109 3499 συμφέρουσα
1177 3432 1329 3501 ὑμῖν,
1391 3431 1567 3498 ἔξεστι
1621 3433 1931 3504 χρήσασθαι

354 3515 698 3587 συμϐούλοις
728 3519 840 3582 τοῖς
875 3521 1163 3588 συγγενέσι
1194 3523 1286 3576 καὶ
1324 3523 1563 3593 ἑταίροις
1595 3524 1747 3593 ὑμῶν
1792 3523 1930 3576 Ῥω-

353 3611 529 3676 γίοις,
590 3609 642 3663 οἳ
678 3611 801 3681 ἐμοὶ⁵
834 3611 1011 3668 πάντα
1064 3614 1390 3685 ἀναθέμενοι
1422 3617 1490 3670 τά
1525 3618 1648 3671 κατ’
1703 3617 1926 3683 αὐτοὺς,

352 3703 494 3771 ὅσης
536 3703 862 3774 ἀπήλαυσαν
913 3706 1122 3770 εὐνοίας
1178 3710 1283 3761 καὶ
1326 3709 1585 3779 προνοίας
1644 3709 1744 3780 τῆς
1797 3710 1933 3780 πρὸς

357 3793 659 3863 βασιλέως,
697 3797 1139 3866 μαρτυρήσουσιν
1173 3801 1355 3854 αὐτοί.
1419 3801 1482 3854 El
1507 3798 1601 3855 οῦν
1632 3802 1727 3855 καὶ
1777 3801 1934 3870 ὑμεῖς

357 3887 426 3938 τὰ
465 3885 715 3957 ὑμέτερα
750 3887 1022 3958 ἀνάθησθε
1052 3889 1194 3960 ἐμοὶ,
1228 3892 1442 3945 εἴσεσθε
1477 3892 1655 3957 καλῶς
1701 3891 1776 3956 ὡς
1799 3892 1934 3962 ἀλη-

362 3974 451 4027 θεῖ
474 3975 578 4028 καὶ
607 3975 800 4048 δικαίῳ
836 3979 930 4031 καὶ
957 3978 1239 4051 δυναμένῳ
1267 3980 1329 4035 εὖ
1359 3983 1532 4036 ποιεῖν
1579 3981 1936 4036 ἐπιστεύσατε

358 4069 548 4140 ἀνδρί.
623 4069 944 4138 ’Δπολογίαν
1007 4071 1109 4142 μὲν
1169 4069 1264 4128 οὖν
1316 4075 1410 4127 ἐπὶ
1463 4076 1578 4137 τοῖς
1629 4075 1937 4146 εἰρημένοις

357 4161 626 4214 ἀπαιτεῖν
654 4161 714 4214 οὔ
745 4161 955 4217 δίκαιον
982 4165 1120 4231 νυνὶ,
1147 4165 1258 4220 τῶν
1287 4166 1547 4220 πλειόνων
1576 4183 1635 4220 τε
1667 4167 1934 4231 ἀπόντων,

357 4253 460 4307 καὶ
495 4253 653 4321 ὑμῶν
680 4254 1031 4326 ἀμελετήτων
1087 4257 1224 4326 πρὸς
1250 4259 1376 4322 τοὺς
1405 4259 1597 4328 λόγους
1619 4259 1816 4314 ὄντων·
1849 4261 1941 4313 ὲκ-

359 4346 606 4414 κλησίαν
637 4345 694 4398 δὲ
721 4347 1074 4419 ἀθροίσαντες
1106 4351 1199 4402 καὶ
1224 4349 1654 4422 βουλευσάμενοι
1684 4353 1939 4422 περὶτῶν

2030 3165 2120 3228 tis,
2139 3178 2250 3218 non
2276 3161 2511 3232 possetis
2533 3170 2719 3215 tamen
2748 3157 2964 3229 injuria:
2987 3155 3303 3226 opinionem
3334 3153 3595 3221 etiugvre,

2025 3255 2184 3326 quid,
2232 3268 2439 3324 quaeso,
2476 3251 2716 3306 inaniter
2762 3249 3097 3309 laborantes,
3135 3244 3412 3299 miseriam
3439 3241 3600 3296 vobis

2028 3347 2375 3418 producitis?
2423 3344 2567 3410 Quin
2627 3342 2759 3396 mihi
2815 3339 3077 3396 salutaria
3135 3335 3378 3390 monenti
3438 3333 3602 3386 obse-

2031 3447 2286 3509 quentes,
2304 3447 2360 3492 et
2377 3435 2533 3490 vobis
2561 3433 2899 3488 uberrimum
2926 3428 3162 3482 fructum
3193 3422 3594 3493 adipiscitnini;

2031 3534 2088 3579 et
2113 3537 2216 3578 nos
2263 3537 2292 3576 a
2347 3521 2566 3576 tantillo
2600 3519 2810 3583 labore,
2845 3530 3008 3588 quem
3065 3513 3224 3568 vobis
3275 3510 3601 3566 edomandis

2033 3612 2450 3678 sustinebimus,
2475 3611 2681 3666 liberos
2709 3623 2832 3664 esse
2855 3604 3073 3662 sinitis!
3104 3602 3377 3662 Cancrum
3403 3601 3602 3659 eolmr-
3712 3656 3716 3661 ,

2035 3708 2298 3763 tationem
2348 3718 2526 3760 meam
2583 3711 2643 3756 ut
2700 3716 2810 3756 non
2865 3699 3115 3755 inutilem
3176 3698 3342 3753 rebus
3383 3697 3597 3756 wstrls,

2034 3799 2235 3870 Rhogii
2277 3797 2495 3869 cognati
2553 3810 2618 3851 ac
2655 3795 2788 3852 socii
2828 3794 2996 3849 vestri
3029 3791 3399 3854 testabantur,
3433 3791 3476 3843 si
3505 3803 3602 3841 eos

2036 3893 2302 3948 adhibere
2352 3888 2702 3946 consiliarios
2751 3885 3043 3942 volueritis
3076 3901 3089 3935 :
3121 3883 3214 3953 qui
3263 3897 3387 3937 cum
3421 3881 3474 3934 in
3515 3894 3602 3933 ar-

2037 3983 2205 4039 bitrio
2245 3997 2369 4037 meo
2409 3996 2508 4036 sua
2554 3979 2888 4050 posuissent,
2929 3986 3137 4047 quanta
3183 3989 3315 4030 cura
3369 3973 3604 4026 benem-

2036 4075 2316 4144 lentiaque
2362 4074 2431 4129 ab
2462 4073 2794 4142 imperatore
2823 4067 3029 4141 dignati
3066 4067 3197 4130 sint,
3231 4065 3334 4136 ipsi
3375 4067 3604 4132 loquen-

2039 4178 2151 4224 tur.
2181 4167 2238 4222 Si
2287 4167 2418 4222 item
2443 4148 2545 4221 vos
2571 4174 2755 4221 vestra
2788 4162 2922 4216 mihi
2952 4159 3338 4232 permiscritis.
3372 4157 3602 4212 cilicium

2039 4267 2102 4314 ut
2148 4271 2214 4312 ea
2262 4256 2474 4312 homini
2526 4256 2708 4311 veraci
2747 4263 2804 4310 et
2846 4255 3015 4325 justo,
3065 4261 3122 4306 ct
3157 4250 3250 4321 qui
3282 4248 3604 4304 benefacere

2041 4351 2233 4423 possit,
2293 4347 2613 4419 permisisse
2665 4347 2926 4418 praeclare
2975 4342 3312 4414 intelligatis.
3354 4341 3607 4408 Respon-

357 4435 622 4497 δεόντων,
659 4439 717 4500 ἐς
766 4441 865 4509 τὴν
915 4440 1235 4509 ὑστεραίαν,
1290 4443 1339 4494 εί
1369 4443 1533 4506 δοκεῖ,
1593 4444 1818 4498 ἀπόδοτε
1847 4444 1928 4498 τὸν

2042 4444 2251 4501 sionem
2281 4441 2336 4496 in
2367 4456 2606 4512 praesens
2635 4453 2743 4493 non
2772 4436 3010 4507 postulo,
3038 4435 3254 4504 quando
3280 4433 3453 4503 major
3481 4444 3607 4501 pars

358 4527 556 4594 λόγον.
600 4527 658 4580 '0
693 4528 790 4598 μὲν
816 4525 909 4583 οὖν
955 4531 1129 4584 εἰπὼν
1158 4531 1384 4585 τοιαῦτα
1439 4535 1575 4604 πρὸς
1633 4526 1937 4604 Ἀρταίούς,

360 4619 725 4691 ἀνεχώρησεν
771 4623 852 4687 εἰς
894 4623 954 4676 τὸ
1016 4625 1402 4700 στρατόπεδον,
1469 4626 1786 4682 Καόασίλαν
1841 4631 1938 4682 καὶ

361 4713 498 4772 τοῦς
516 4711 708 4776 ἄλλους
725 4711 984 4782 Ῥωγίους
1012 4717 1356 4786 διαλέγεσθαι
1390 4719 1574 4781 αύτοῖς
1597 4717 1935 4784 καταλιπὼν,

2042 4535 2234 4600 abest;
2261 4543 2320 4590 et
2351 4547 2450 4589 vos
2493 4531 2562 4586 ad
2612 4527 3052 4599 respondendum
3108 4540 3219 4580 non
3257 4524 3393 4578 estis
3439 4521 3610 4576 medi-

2046 4628 2163 4683 tati.
2200 4626 2306 4682 Ubi
2337 4632 2462 4681 acto
2501 4633 2775 4678 conventu
2819 4621 2888 4676 de
2935 4634 3148 4674 summa
3181 4632 3364 4672 rerum
3398 4614 3608 4670 delibe-

2045 4717 2322 4783 raveritis,
2366 4715 2610 4772 crastino
2639 4715 2754 4778 die,
2795 4713 2842 4769 si
2875 4712 3087 4780 libebit,
3115 4710 3462 4782 respondete.
3514 4706 3608 4760 His

1637 4832 1854 4895 Jacobi
1890 4832 2152 4894 l’ontani
2187 4841 2380 4896 notua.

451 4954 919 5028 (65)ῌΤιιεο‹ίρι·ο
980 4955 1201 5011 Lascari
1268 4958 1599 5028 imperatore
1658 4957 1942 5027 designato

369 5025 529 5096 circa
555 5025 788 5080 Nicaeam
821 5025 1107 5096 Bithyniae.

455 5095 563 5165 (66)
608 5096 708 5150 Per
754 5110 928 5165 annos
951 5094 1088 5165 'rt‘ere
1121 5097 1210 5151 65.
1243 5095 1471 5165 interea
1510 5096 1842 5152 Nicomediae
1883 5094 1939 5150 in

373 5164 636 5235 Bithynia
669 5165 853 5235 sedem
887 5164 1197 5219 habuerunt
1226 5164 1811 5235 Constantinopolitani
1842 5167 1945 5220 im-

375 5232 690 5302 pera’tores.
738 5232 959 5303 Primus
1019 5243 1200 5303 autem
1249 5249 1318 5287 ex
1396 5232 1604 5291 Latinis
1653 5237 1940 5303 imperavit

376 5301 892 5370 Constantinopoli,
945 5316 1090 5356 anno
1155 5302 1368 5358 Domini
1433 5305 1591 5368 1200,
1640 5301 1939 5360 Balduinus

377 5371 620 5426 Flauder
683 5372 965 5442 mensibus
1019 5387 1075 5426 Il.
1130 5371 1250 5438 Quo
1300 5389 1330 5428 a
1370 5376 1553 5432 Mtesis
1601 5383 1658 5430 et
1695 5373 1944 5442 Bulgaris

379 5448 552 5507 capto
572 5451 732 5504 atque
762 5441 1074 5507 interfecto,
1112 5442 1484 5507 interregnum
1517 5445 1618 5498 fuit
1658 5441 1939 5497 anno’uno

371 5518 446 5588 et
477 5513 764 5588 mensibus
815 5512 1775 5588 qpat_uor.__Secund_us,_Henricu§,
1816 5513 1942 5566 Bal-

379 5578 548 5636 duini
578 5581 740 5648 illius,
774 5578 867 5651 qui
905 5582 1024 5636 sine
1059 5582 1247 5638 liberis
1268 5583 1421 5638 obiit.
1448 5583 1692 5646 Tertius,
1724 5583 1939 5647 Petrus,

382 5661 574 5719 comes
621 5651 1086 5706 Altisiodorensis.
1136 5651 1390 5719 Quartus,
1455 5653 1751 5710 Robcrtus.
1795 5652 1937 5705 Petri

384 5716 558 5772 titius.
586 5721 840 5786 Quintus.
864 5716 1174 5776 Balduinus'
1199 5725 1490 5791 secundus,
1525 5723 1746 5776 [iuberti
1775 5723 1936 5774 titius.

2048 4957 2232 5014 Donec
2262 4958 2492 5029 Michael
2532 4957 2868 5029 Palmologus
2926 4954 3218 5029 imperium
3250 4948 3614 5029 batjnisnere-

2047 5035 2199 5100 ptum
2256 5028 2457 5100 Gracis
2508 5014 2966 5100 restituitrauno
3006 5014 3220 5100 'D_om_in.i
3265 5017 3419 5070 l258.
3462 5014 3614 5100 Quo-

2050 5091 2212 5152 inodo
2260 5098 2584 5170 praeclaram,
2633 5099 2777 5170 illam
2816 5095 3014 5170 urbem.
3040 5091 3234 5170 Latini
3268 5091 3608 5170 occuparint,

2044 5175 2100 5237 et
2134 5157 2297 5237 quam
2342 5168 2624 5223 horribilia
2656 5167 2862 5237 scelera
2902 5159 3263 5237 designarint,
3295 5158 3423 5236 fuse
3446 5157 3570 5232 duci
3587 5163 3609 5206 t

2043 5232 2262 5308 Hicetas
2321 5239 2374 5292 in
2424 5238 2614 5291 Alexio
2652 5236 2956 5308 Comneno,
3005 5232 3235 5308 Ιίὺηῃι,
3294 5232 3348 5278 in
3379 5232 3612 5293 llttpCllO

2042 5305 2217 5360 Alexii
2259 5308 2440 5370 Ducat,
2475 5313 2840 5375 cognomento
2866 5298 3216 5375 Mu_rlz_uphli.

2115 5377 2228 5446 (67)
2272 5377 2392 5430 Non
2427 5367 2703 5446 'vult'dari
2740 5367 3210 5446 prmscriptionem
3250 5368 3303 5422 in
3342 5367 3524 5446 regnis
3557 5373 3614 5446 et

2045 5435 2344 5515 provinciis
2389 5464 2403 5500 :
2453 5454 2509 5499 et
2547 5445 2641 5512 qui
2698 5435 2783 5495 vel
2812 5435 3033 5515 centum
3083 5439 3245 5494 annis
3301 5435 3609 5515 possederit

2047 5507 2274 5584 regnum
2321 5507 2650 5584 nonsuu'tn,
2697 5509 2840 5584 quod
2882 5509 3068 5584 inique
3115 5507 3421 5584 occuparit,
3449 5524 3514 5564 eo
3545 5507 3613 5584 ab

2047 5530 2274 5584 regnum
2321 5527 2650 5582 nonsuum,
2697 5527 2840 5633 quoa
2882 5527 3068 5578 tuique
3115 5527 3421 5584 occupant,
3449 5527 3514 5564 eo
3545 5527 3613 5563 au

2045 5584 2532 5706 bﬁredetlegitimo
2558 5580 2715 5651 dcpcl
2743 5581 2757 5634 i
2790 5593 2983 5647 posse;
3020 5580 3086 5634 de
3118 5596 3225 5650 quo
3251 5577 3615 5652 jureconsulti

2065 5669 2075 5681 υ
2136 5669 2254 5706 enu
2287 5692 2301 5706 .

2043 5655 2301 5708 viderint.
