3992 6202
221 3328 244 3360 ς
257 3341 260 3343 ,

418 221 523 285 639
1597 222 1630 282 J
1639 221 1786 281 OAN
1798 219 1846 279 N
1855 219 1925 279 IS
1969 216 2509 284 CANTACUZENI
3543 221 3630 282 640

413 333 742 402 Quanquam
786 329 833 385 si
892 327 1129 384 maxime
1163 327 1378 391 liceret,
1413 327 1574 386 nobis
1617 329 1804 398 aliquo
1839 325 2050 386 modo!

2142 345 2200 381 εν
2233 329 2295 382 οὐ
2337 328 2522 400 ῥᾴδιόν
2574 329 2724 383 ἐστιν
2781 327 3040 384 ἰάσασθαι
3074 328 3170 399 τὴν
3221 330 3442 397 ἔνδειαν,
3479 335 3632 390 καίτοι

416 421 709 478 obsidione
751 419 1011 490 depulsis.
1051 435 1247 475 secure
1285 419 1492 485 vivere,
1530 433 1601 472 ne
1632 418 1705 474 ita
1752 416 2002 487 quidem,

2140 418 2254 488 ῖγε
2289 419 2525 490 μάλιστα
2561 421 2692 491 ἐνῆν
2745 422 2933 492 τρόπῳ
2990 421 3056 491 δή
3115 440 3221 476 τινι
3259 423 3637 494 ἀναστήσαντας

420 517 492 571 ob
546 522 771 584 accepta
824 513 1022 568 damna
1073 512 1351 578 videlicet,
1412 513 1570 567 vobis
1631 512 1764 582 ipsis
1795 511 2006 576 utiliter

2148 512 2255 580 μᾶς
2278 511 2344 565 ἐκ
2367 512 2468 580 τῆς
2502 513 2820 582 πολιορκίας
2869 513 3081 580 διάγειν
3105 515 3160 566 ὲν
3192 513 3364 587 ἀδείᾳ,
3394 516 3494 570 οὐδ’
3521 517 3640 571 οὕτω

419 607 795 671 consuluisse,
837 622 866 661 a
900 606 1247 676 sapientibus
1283 603 1630 658 videremini.
1680 604 1851 672 Atqui
1881 617 2006 672 gra-

2143 601 2538 666 υσιτελούντως
2575 604 2760 671 σφίσιν
2795 603 2983 666 αὐτοῖς
3009 603 3077 656 ἂν
3118 605 3347 658 ἐδοκεῖτε
3395 605 3645 676 βεϐουλεῦ-

420 690 573 753 viora
610 699 916 769 ,prioribus
972 681 1024 750 in
1076 706 1360 768 posterum
1418 695 1790 764 exspectanda
1854 704 2003 749 sunt.

2140 697 2236 750 θαι
2263 697 2415 767 ποιρά
2446 697 2784 768 σωφρονοῦσι
2805 697 2894 751 διὰ
2922 700 3023 770 τὴν
3045 701 3412 770 γεγενημένην
3433 701 3643 772 βλάϐην·

420 791 542 846 Non
579 791 725 846 enim
762 800 868 855 est,
934 805 1042 844 non
1075 793 1180 848 est.
1214 791 1460 857 inquam,
1496 787 1601 842 nisi
1642 787 1774 856 quid
1809 796 2010 856 praeter

2142 789 2230 845 υνὶ
2271 789 2330 842 δέ
2387 791 2682 861 συμϐαίνει
2715 791 2992 863 δεινότερα
3027 792 3314 847 πείσεσθαι
3369 795 3645 864 προσδοκᾷν

425 883 740 953 Opinionem
773 882 842 937 de
872 882 1012 937 cmlo
1060 881 1127 935 ad
1156 882 1389 937 salutem
1433 892 1672 937 vestram
1712 881 2011 950 expedien-

2140 881 2489 952 ιπαρξάντων.
2525 882 2601 935 Ob
2641 883 2750 953 γάρ
2779 885 2950 949 ἐστιν,
2984 883 3086 937 οὐκ
3114 883 3266 937 ἐστιν
3317 884 3481 952 οὐδὲν,
3509 886 3552 938 εί
3586 887 3647 955 μή

427 974 551 1029 dam
588 975 917 1043 impetretis,
953 973 1104 1044 quod
1143 989 1246 1029 nos
1298 975 1366 1030 ab
1414 973 1820 1044 oppugnatione
1853 988 2010 1028 revo-

427 1065 634 1118 caverit
668 1083 680 1116 :
717 1072 776 1118 ut
812 1078 910 1117 vos
939 1077 1063 1116 cum
1089 1078 1218 1130 agro
1245 1062 1435 1116 urbem
1464 1076 1686 1131 quoque
1711 1059 2014 1116 amissuros

2140 1066 2296 1135 [θείη.
2325 1066 2354 1118 ὃ
2387 1065 2484 1119 τοῦ
2531 1067 2849 1136 πολιορκεῖν
2895 1067 3044 1138 ἡμᾶς
3076 1069 3256 1121 πείσει
3307 1069 3651 1138 ἀποσχέσθαι⁹

429 1156 726 1210 verisimile
781 1155 894 1210 ﬁat.
953 1155 1121 1210 Miror
1171 1167 1354 1209 autem
1411 1153 1585 1223 quod,
1631 1168 1758 1206 cum
1793 1153 2010 1231 iisdem,

2140 1158 2256 1212 bats
2287 1157 2434 1221 είκδς
2471 1158 2608 1222 πρὸς
2638 1161 2703 1229 τῇ
2737 1157 2890 1231 χώρᾳ
2921 1159 3014 1213 καὶ
3031 1159 3127 1230 τὴν
3164 1160 3314 1212 πόλιν
3341 1159 3479 1230 ὑμᾶς
3505 1177 3654 1230 προσ-

430 1247 513 1299 vel
547 1247 894 1317 gravioribus
925 1249 1092 1301 etiam
1144 1246 1307 1299 malis
1333 1259 1496 1314 qnam
1526 1242 1724 1314 thogii
1755 1257 2016 1298 exercea-

2140 1253 2362 1306 ιπολεῖν.
2426 1251 2706 1322 Θαυμάζω
2755 1253 2813 1306 δὲ
2863 1252 3018 1324 ὑμῶν
3074 1254 3124 1306 εί
3154 1255 3267 1317 τοῖς
3305 1254 3478 1316 αὐτοῖς
3527 1255 3659 1324 ἣκαὶ

431 1340 589 1398 mini.
623 1348 678 1392 et
729 1339 913 1393 velitis
958 1339 1145 1392 nolitis
1190 1337 1510 1408 propediem
1558 1337 1614 1390 in
1665 1336 2017 1405 imperatoris

2140 1347 2334 1410 ιείζοσι
2369 1347 2561 1410 κακοῖς
2605 1345 2919 1417 ἐνεχόμενοι
2957 1343 3227 1414 Ῥωγίοις,
3263 1345 3357 1399 καὶ
3407 1345 3661 1416 μέλλοντες

429 1435 516 1505 jus
545 1449 608 1486 ac
638 1440 964 1502 potestatem
1023 1430 1239 1486 venturi
1272 1429 1416 1492 sitis,
1451 1445 1556 1484 non
1583 1432 1757 1484 solum
1790 1444 1886 1483 eos
1924 1428 2020 1499 (ut

2140 1437 2216 1488 irt'
2249 1436 2498 1506 ἀνάγκης
2518 1437 2640 1490 ὅσον
2669 1435 2886 1490 οὐδέπω
2933 1433 3147 1506 βασιλεῖ
3174 1437 3512 1509 προσχωρεῖν
3532 1433 3664 1488 αὐτοὶ

435 1521 527 1595 q’ui
563 1525 678 1579 suis
709 1523 1017 1578 rati0nibus
1041 1522 1181 1576 bene
1239 1521 1578 1589 honesteque
1608 1524 2016 1590 prospexerint,

2140 1531 2182 1584 δύ
2220 1529 2381 1600 μόνον.
2413 1530 2514 1582 οὐκ
2565 1530 2840 1582 ἐπαινεῖτε
2901 1529 2978 1591 ὡς
3007 1528 3192 1593 καλῶς
3263 1530 3358 1581 καὶ
3393 1527 3664 1597 συμφερόν-

437 1617 570 1672 dum
597 1624 888 1691 anteqyam
935 1616 989 1669 in
1032 1625 1342 1668 extremum
1397 1612 1789 1666 delaberentur
1830 1611 2022 1667 discri-

2140 1641 2229 1682 τως
2261 1623 2478 1686 ἑαυτοῖς
2537 1621 3025 1692 βεϐουλευμένους,
3060 1622 3144 1675 ὅτι
3188 1621 3321 1692 πρὶν
3349 1621 3426 1684 εἰς
3469 1620 3666 1690 ἔσχατον

438 1724 586 1770 men,
631 1708 864 1764 salutem
921 1716 976 1761 et
1036 1705 1386 1760 commodum
1441 1705 1658 1759 consilii
1712 1705 2019 1757 mutatione

2140 1714 2379 1768 κινδύνου
2405 1714 2584 1786 ἥκειν,
2625 1714 2902 1784 σωτηρίαν
2941 1716 3038 1768 καὶ
3080 1713 3352 1783 ὠφέλειαν
3378 1712 3668 1781 ἐπορίσαντο

441 1801 545 1856 sibi
599 1800 980 1872 quaesierunt)
1033 1813 1142 1852 non
1187 1796 1610 1861 commendetis,
1665 1796 1762 1851 sed
1821 1794 2021 1848 multas

2140 1809 2348 1869 ἑαυτοῖς
2405 1809 2467 1858 ἐκ
2495 1805 2594 1876 τῆς
2627 1805 2954 1876 μεταϐολῆς,
2987 1806 3127 1858 ἀλλά
3179 1805 3280 1858 καὶ
3315 1803 3493 1872 ὕϐρεις
3523 1819 3668 1855 κατα-

441 1893 626 1964 potius
657 1891 1020 1948 contumelias
1065 1891 1118 1945 in
1146 1891 1296 1961 ipsos
1324 1889 1654 1954 effnderitis,
1685 1888 1814 1958 quia
1851 1897 2021 1942 teme-

2140 1903 2283 1972 χέετε
2323 1899 2502 1952 αὐτῶν
2552 1897 2778 1964 πολλὰς,
2810 1898 2892 1952 ὅτι
2925 1897 2988 1951 ού
3017 1898 3118 1967 τῆς
3148 1897 3319 1969 αὐτῆς
3373 1897 3497 1966 ὑμῖν
3527 1894 3672 1948 ἀϐου-

444 1984 628 2038 ritatis
661 1999 724 2038 ac
755 1983 999 2038 stultitia:
1031 1993 1229 2036 vestra:
1266 1982 1401 2037 socii
1437 1995 1561 2036 esse
1589 1979 1907 2034 noluerunt.
1956 1978 2023 2032 At

2140 1995 2249 2056 λίας
2302 1991 2510 2046 εἴλοντο
2548 1986 2688 2044 εἶναι
2750 1989 3041 2044 κοινωνοί·
3075 1989 3259 2046 καίτοι
3314 1988 3569 2059 σκέψασθε
3612 1987 3675 2050 ὡς

444 2079 591 2133 enim
645 2076 936 2132 intuemini
986 2077 1290 2146 paulisper,
1341 2090 1505 2144 quam
1583 2073 1780 2142 iniqui,
1860 2087 2024 2142 quam

2140 2083 2258 2138 οὔτε
2292 2084 2478 2138 δίκαια
2527 2081 2654 2135 οὔτε
2711 2082 3066 2154 συμφέροντα
3124 2081 3242 2135 οὗθ’
3296 2082 3523 2144 ἑαυτοῖς,
3573 2077 3674 2130 οὔτε

447 2169 699 2225 damnosi
725 2179 781 2224 et
812 2167 1085 2224 vobismet
1118 2167 1270 2236 ipsis,
1296 2157 1346 2222 et
1374 2167 1601 2235 reliquis
1645 2164 2028 2220 Acarnanibus

2140 2179 2248 2239 τοῖς
2283 2175 2810 2245 ἀλλοιςἋκαρνάσιν
2839 2176 2996 2228 αὐτοὶ
3029 2177 3238 2228 ποιεῖτε
3270 2173 3370 2244 τῆς
3396 2173 3556 2242 αὑτῆς
3581 2171 3677 2242 ἐχό-

2141 2285 2292 2341 μενοι
2335 2267 2566 2330 ἐννοίας.
2594 2267 2758 2321 Δύτοί
2791 2285 2851 2321 τε
2887 2265 2995 2337 γάρ
3025 2267 3349 2320 ἀπολώλατε
3378 2263 3675 2333 διαφθαρέν-

2137 2376 2228 2424 τες
2258 2358 2365 2413 ὑπὸ
2396 2357 2490 2412 τοῦ
2520 2357 2787 2429 πολέμου,
2829 2360 2921 2412 καὶ
2952 2360 3076 2422 ταῖς
3105 2357 3300 2421 ἄλλαις
3333 2357 3513 2409 πόλεσι
3571 2353 3678 2425 βλά-

2138 2454 2243 2522 ϐης
2299 2453 2362 2506 οὐ
2401 2452 2628 2524 μετρίας
2675 2452 2840 2505 αἴτιοι
2896 2451 3234 2523 κατέστητε,
3292 2453 3526 2517 καίτοιγε
3576 2447 3680 2514 ὑμῖν

2143 2544 2410 2617 βασιλέως
2437 2545 2500 2598 οὐ
2534 2544 2996 2609 συναποστάσαις.
3027 2544 3273 2614 Στρατιὰ
3303 2543 3410 2614 γὰρ
3441 2542 3524 2594 ἐπὶ
3552 2539 3680 2606 ξένης

2141 2638 2502 2711 διατρίϐουσα
2527 2638 2623 2692 καλ⁴
2653 2636 2889 2709 μάλιστα
2917 2637 3181 2709 τοσαύτη,
3211 2636 3311 2709 τὴν
3333 2637 3434 2708 μὲν
3453 2633 3680 2704 πολεμίαν

2143 2735 2322 2804 κείρει
2353 2732 2592 2802 ἀφειδῶς
2617 2747 2634 2764 ο
2665 2733 2726 2785 ἐν
2763 2731 2821 2786 δὲ
2855 2734 2954 2804 τῆς
2985 2731 3335 2804 συμμαχίδος
3391 2732 3480 2786 καὶ
3505 2727 3679 2789 οἰκείας

2111 991 2166 1028 τι
2190 975 2503 1045 παράλογον
2545 972 2606 1040 ἐξ
2633 974 2865 1044 οὐρανοῦ
2899 975 3036 1046 πρὸς
3066 975 3345 1045 σωτηρίαν
3385 976 3508 1046 ὑμῖν
3534 993 3652 1047 πρα-

449 2262 591 2327 sitis,
624 2261 752 2317 dum
782 2261 835 2314 in
865 2260 968 2314 hac
989 2260 1320 2330 cogitatione
1346 2259 1661 2330 persistitis.
1693 2257 1800 2328 lpsi
1824 2257 2029 2328 quipp‘e
2108 2261 2110 2264 ’

450 2354 598 2410 bello
635 2352 949 2420 consumpti
1000 2353 1267 2421 periistis,
1317 2361 1371 2406 et
1417 2352 1542 2406 aliis
1593 2350 1834 2422 oppidis,
1886 2360 2027 2405 tam-

451 2449 554 2505 etsi
607 2445 932 2502 defectionis
983 2454 1179 2500 vestrm
1229 2445 1374 2506 haud
1425 2427 1807 2514 participibus,
1855 2458 2030 2499 nocu-

454 2550 635 2598 menta
661 2557 769 2596 non
804 2537 1047 2610 vulgaria
1078 2536 1381 2592 invexistis.
1409 2536 1699 2592 Exercitus
1727 2538 1874 2591 enim
1893 2535 2030 2605 (65),

454 2649 520 2690 ac
557 2634 862 2703 praesertim
918 2641 1121 2694 tantus.
1169 2632 1225 2685 in
1283 2639 1471 2684 extera
1525 2629 1749 2699 regione
1799 2630 2034 2697 harena,

458 2726 700 2782 hostium
725 2733 886 2797 agros
909 2725 1272 2781 inclementer
1306 2725 1691 2796 depopulatur.
1731 2724 1826 2780 Sin
1850 2735 2034 2781 autem

460 2818 790 2896 esociorum
841 2833 1050 2887 suaque
1112 2817 1396 2886 provincia
1449 2817 1778 2879 alimoniam
1835 2818 2035 2888 capiat,

2143 2823 2484 2896 τρεφομένη,
2516 2823 2677 2894 λιμὸν
2728 2824 2865 2895 αὐτῇ
2911 2823 3181 2893 αἰφνίδιον
3214 2823 3408 2892 ἐπάγει
3432 2837 3446 2851 ⁸
3484 2819 3683 2873 ἀδικεῖτε

461 2895 806 2981 rep'éntinam
833 2909 908 2964 illi
956 2909 1157 2964 famem
1219 2908 1454 2964 inducit.
1515 2909 1691 2980 Agitis
1739 2926 1903 2981 porro
1935 2912 2040 2965 ini-

2145 2895 2202 2972 at
2232 2918 2297 2970 τά
2330 2895 2555 2988 ἔσχατα,
2591 2917 2714 2970 ἀντὶ
2739 2916 2841 2986 τῆς
2873 2916 3166 2987 Ῥωμαίων
3202 2914 3496 2987 βασιλείας,
3524 2913 3554 2982 ἥ
3583 2925 3685 2979 σχε-

464 3004 754 3074 quissime,
801 3001 896 3072 qui
944 3017 1042 3072 pro
1092 3002 1466 3058 Romanorum
1521 3001 1774 3072 imperio,
1818 3001 1963 3072 quod
2007 3017 2036 3055 a

2147 3011 2237 3064 δδν
2264 3009 2446 3072 αὐτοῖς
2479 3009 2544 3061 ἐκ
2574 3007 2682 3061 τῶν
2734 3007 3014 3078 Καίσαρος
3063 3007 3274 3077 χρόνων
3314 3005 3534 3076 πάτριός
3572 3003 3685 3061 ἐστι,

464 3097 594 3155 Julii
653 3097 886 3154 Catsaris
963 3095 1135 3151 ferme
1199 3095 1544 3164 temporibus
1604 3094 1739 3165 ipsis
1804 3095 2040 3164 patrium

2149 3103 2252 3171 τὴν
2279 3101 2633 3174 Ταραντίνων
2681 3102 2863 3164 αὐτοῖς
2897 3099 3206 3172 ἀνθρώπων
3245 3097 3529 3170 βαρϐάρων
3582 3091 3689 3146 ἐπά-

467 3203 552 3246 est
567 3181 703 3261 (68),
720 3189 1164 3251 Tarentinorum,
1186 3189 1466 3243 hominum
1489 3188 1847 3244 barbarorum
1872 3187 2048 3243 domi-

2150 3159 2338 3263 γέντες
2369 3159 2578 3264 ἀρχὴν.
2640 3159 2961 3264 Νικηφύρος
2995 3159 3126 3262 γὰρ,
3191 3159 3336 3262 ὑὲὲρ
3388 3159 3446 3243 ού
3491 3184 3692 3277 μάλιστα

470 3285 749 3338 nationem
813 3280 1189 3339 introducitis.
1265 3280 1607 3350 Nicephorus
1670 3282 1839 3346 enim,
1892 3282 2048 3350 cujus

2153 3288 2309 3342 αὐτοὶ
2340 3286 2525 3339 οἴεσθε
2555 3293 2652 3340 τὸν
2683 3287 2919 3357 πόλεμον
2965 3283 3270 3354 αἱρεῖσθαι,
3321 3279 3432 3335 οὔθ’
3457 3279 3574 3348 ὑμῖν
3599 3272 3693 3327 οὔθ’

461 3375 819 3448 ’potissimnm
852 3389 1014 3430 causa
1045 3373 1148 3428 hoc
1179 3373 1382 3429 bellum
1421 3389 1518 3430 vos
1559 3373 1796 3429 militare
1830 3374 2050 3444 proﬁte-

2155 3379 2336 3450 ἐαυτῷ
2364 3374 2476 3444 οἷός
2505 3380 2565 3433 τέ
2595 3381 2746 3433 ἐστιν
2771 3367 3026 3450 ἐξαρκεῖν
3063 3375 3203 3446 πρὸς
3235 3374 3335 3446 τὴν
3379 3366 3660 3435 ἐλευθερίαν
3679 3378 3691 3391 ο

477 3467 632 3532 mini,
651 3467 715 3522 ad
748 3467 1056 3522 libertatem
1093 3466 1258 3538 316
1287 3483 1466 3538 neque
1494 3467 1674 3530 vobis,
1703 3483 1884 3538 neque
1919 3466 2050 3522 sibi-

2156 3473 2291 3529 ἀλλὰ
2326 3472 2684 3543 Ταραντίνοις
2734 3469 3094 3540 προσφυγὼν,
3145 3471 3214 3540 τῇ
3291 3462 3495 3518 ἐκεῖθεν
3552 3455 3694 3515 οίεῖαι

483 3570 598 3624 met
638 3558 968 3630 pariundam
997 3558 1132 3614 satis
1159 3559 1323 3614 habet
1349 3560 1550 3613 virium
1584 3574 1601 3612 :
1637 3575 1822 3615 verum
1846 3561 1912 3615 ad
1946 3560 2050 3615 Ta-

2156 3565 2387 3634 δυνάμει
2429 3563 2788 3635 Ἀκαρνανίας
2838 3561 3068 3633 βασιλέα
3119 3558 3420 3624 ἐξελάσειν.
3471 3548 3624 3606 Τοῦτο
3650 3543 3697 3635 δέ

479 3655 727 3708 rentinos
776 3667 899 3706 cum
952 3655 1275 3724 perfugerit,
1340 3652 1470 3706 inde
1515 3653 1740 3724 adjutus
1781 3669 1847 3708 ex
1885 3653 2050 3708 Acar-

2158 3633 2643 3726 ol’nsiouvﬂoscéat
2668 3654 2879 3708 οῖεσθαι
2917 3652 3083 3708 αὐτὸν
3122 3651 3305 3716 είκδς,
3355 3645 3464 3702 οὔτ’
3490 3643 3535 3696 εί
3565 3634 3698 3704 δυνή-

481 3751 645 3806 nania
677 3750 1065 3820 imperatorem
1118 3765 1177 3804 se
1234 3749 1592 3818 expulsnrnm
1621 3747 1900 3818 opinatur.
1945 3746 2050 3804 ΙΙοε

2163 3769 2317 3805 σεται
2347 3753 2476 3806 ἄνευ
2511 3749 2688 3802 πόνων
2727 3747 2984 3816 μεγάλων
3021 3745 3114 3800 καὶ
3141 3743 3430 3798 κινδύνων.
3466 3736 3592 3798 Τοὺς
3624 3729 3700 3785 οὖν

480 3853 665 3899 autem
695 3858 754 3897 se
791 3858 973 3913 posse.
1020 3857 1124 3898 nec
1170 3842 1294 3897 illos
1342 3841 1423 3896 fas
1457 3850 1542 3896 est
1589 3843 1806 3910 Opinari
1837 3857 1962 3908 nec,
2010 3842 2050 3895 si

2164 3845 2403 3915 πόλεμον
2427 3842 2674 3896 τοιοῦτον
2697 3840 2838 3912 ὑπὲρ
2870 3838 3025 3910 ὑμῶν
3055 3837 3193 3909 πρὸς
3232 3835 3453 3908 βασιλέα
3475 3826 3700 3891 ἀναδεξα-

483 3946 765 4007 poterunt,
835 3938 953 3991 sine
1028 3935 1238 4004 magnis
1305 3933 1612 3995 laboribus,
1691 3931 2050 4002 periculisque

2169 3937 2390 4007 μένους,
2449 3936 2497 3987 εί
2563 3932 2846 4005 κρείττους
2895 3931 3224 3999 δυνήσονται
3287 3925 3555 3997 γενέσθαι,
3614 3915 3699 3970 οὐκ

488 4031 766 4096 poterunt.
792 4023 896 4091 Qui
929 4025 1092 4094 igitur
1120 4023 1225 4076 tale
1261 4022 1460 4076 bellum
1484 4037 1585 4092 pro
1615 4020 1768 4074 vobis
1795 4020 2050 4075 adversuti

2165 4027 2353 4082 οίεσεε
2383 4027 2527 4096 ὑμᾶς
2586 4025 2685 4094 τῆς
2726 4023 2927 4094 ἀρετῆς
2979 4017 3145 4075 ἆθλον
3204 4022 3302 4074 καὶ
3357 4017 3462 4072 τῶν
3511 4013 3704 4082 ἀγώνων

487 4119 875 4190 imperatorem
924 4114 1224 4186 gerendum
1282 4113 1606 4182 sust-ipient,
1664 4113 1709 4168 si
1752 4113 2050 4182 superiores

2170 4120 2397 4189 σχήσειν
2430 4117 2540 4170 τῶν
2580 4115 2837 4181 πολλῶνς
2875 4114 2976 4168 οὐκ
3026 4114 3137 4183 ἀρα
3165 4114 3352 4180 δόξετε
3408 4109 3572 4183 ὀρθῶς
3598 4117 3705 4173 φρο⁶

488 4209 722 4266 evadere
787 4208 1090 4278 quiverint,
1146 4221 1330 4259 nonne
1407 4205 1751 4274 provinciam
1803 4214 2050 4272 vestram1

2168 4213 2299 4264 νεῖν.
2334 4209 2478 4278 Ἐγὼ
2502 4209 2558 4263 δὲ
2586 4211 2635 4262 εἰ
2660 4208 2755 4264 καὶ
2775 4208 2897 4262 καθ’
2923 4207 3152 4271 ἑαυτοὺς
3180 4208 3345 4277 ὑμεῖς
3382 4194 3704 4274 ’Δκαρνανίας

493 4312 750 4371 tanquam
781 4299 1029 4366 virtutis,
1065 4299 1545 4367 certaminumque
1592 4298 1892 4352 multorum
1933 4315 2050 4369 prar

2169 4304 2271 4376 τὴν
2306 4304 2479 4375 ἀρχὴν
2503 4305 2804 4375 Νικηφόρῳ
2837 4302 3106 4373 ἠδύνασθε
3132 4303 3462 4372 περιποιεῖν,
3494 4290 3708 4353 ἁδικοῦνο

496 4392 667 4446 mium
706 4389 996 4445 habituros
1026 4389 1413 4445 arbitramini?
1441 4389 1560 4444 Non
1591 4397 1739 4444 recte
1770 4391 1986 4459 sapitis,
2023 4392 2066 4446 si
2101 4376 2144 4432 ι)

498 4484 601 4537 hoc
635 4495 744 4534 non
774 4480 1017 4558 creditis.
1050 4480 1162 4549 Ego
1208 4494 1359 4543 vero,
1390 4477 1604 4562 etiamsi
1638 4491 1736 4546 per
1781 4492 1879 4532 vos
1917 4477 2050 4532 Nicer

2174 4490 2282 4560 γὰρ
2312 4474 2414 4542 οιτκ
2442 4490 2552 4562 ἀπὸ
2577 4489 2872 4561 βαρϐάρων
2889 4487 3254 4558 Ἀκαρνανίαν
3277 4480 3710 4552 ἐλευθερώσαντας

498 4577 678 4646 phoro
705 4556 1024 4626 Acarnaniae
1080 4555 1448 4641 principatum
1500 4571 1787 4640 acquirere
1813 4570 2049 4639 possetis

2177 4555 2492 4652 κτησασθαι
2547 4555 2903 4651 συνέϐη-τὴν
2959 4555 3178 4651 ἀρχήνο
3234 4577 3352 4631 ἁλλ’
3403 4567 3711 4642 ὑποχειρίους

501 4669 557 4722 in
585 4667 972 4736 imperatorem
1002 4663 1461 4735 injuriosissimos
1484 4678 1606 4718 esse
1633 4663 2049 4733 pronuntiarem

2179 4674 2344 4739 ὄντας
2361 4673 2650 4744 Ῥωμαίων
2675 4671 2982 4744 βασιλεῦσι,
3015 4673 3106 4725 καὶ
3133 4669 3265 4740 παρ’
3288 4665 3507 4723 ἐκείνων
3533 4661 3713 4730 ἐτήσιον

504 4756 697 4827 Angeli
739 4753 886 4810 enim
942 4767 1052 4807 non
1103 4768 1133 4806 a
1185 4752 1445 4807 Barbaris
1489 4754 1796 4810 Acarnania
1850 4762 2050 4809 asserta

2182 4765 2362 4838 ἀρχὴν
2399 4766 2498 4836 τῆς
2523 4764 2716 4836 χώρας
2739 4762 3272 4834 ἐπιτετραμμένουῆ
3333 4747 3715 4828 σφετερίσασθαι

506 4849 875 4921 principatum
930 4845 1211 4901 consecuti
1261 4853 1410 4907 sunt.
1467 4847 1564 4902 sed
1584 4847 1694 4918 jam
1743 4856 1854 4902 tum
1899 4846 2050 4918 subje

2184 4856 2285 4924 τὴν
2318 4854 2494 4926 ἀρχὴν
2528 4855 2618 4908 διὰ
2641 4855 2732 4909 τὸν
2763 4853 3125 4924 ἐπενεχθέντα
3155 4853 3275 4905 τότε
3321 4849 3469 4920 παρὰ
3507 4840 3716 4898 Λατίνων

507 4957 653 5002 ctam
688 4945 1058 4998 Romanorum
1114 4943 1566 5013 imperatoribus,
1594 4957 1718 4996 cum
1774 4941 1841 4997 ab
1871 4931 1968 4997 eis
1992 4957 2050 4996 an

2209 4944 2508 5017 Ῥωμαίοις
2533 4947 2790 5011 πόλεμον
2821 4939 2898 4999 ὧν
2928 4945 2992 5015 δὴ
3022 4945 3116 4997 τοῦ
3139 4943 3449 5014 κρείττονος
3468 4927 3718 5002 συγχωρήέ

509 5056 676 5094 nunm
702 5039 819 5110 ejus
840 5038 1280 5108 procurationem
1309 5035 1598 5101 haberent,
1621 5046 1843 5105 propter
1867 5035 2050 5090 bellun

2192 5056 2275 5094 σει
2320 5037 2618 5104 Βυζαντίου
2673 5037 3073 5109 κρατησάντων
3111 5037 3207 5089 καὶ
3260 5032 3478 5105 Θρᾴκης
3515 5026 3717 5110 ἀπάσηξν

513 5135 662 5204 quod
709 5107 886 5188 Latini
917 5132 1182 5186 Romanis
1215 5129 1547 5193 intulerunt,
1582 5143 1702 5183 eam
1747 5127 1853 5182 sibi
1881 5135 1939 5181 ut
1971 5143 2050 5198 prt

2195 5131 2291 5184 καὶ
2315 5129 2424 5184 τῶν
2450 5131 2594 5184 κατά
2638 5107 2980 5184 Μακεδονίαν
3008 5127 3220 5182 πόλεων
3271 5119 3497 5184 πολλῶν,
3532 5107 3718 5204 βασιλέα

517 5198 691 5297 priam
723 5224 1096 5280 vindicarunt.
1148 5220 1382 5289 Quibus,
1418 5220 1629 5276 Latinis
1673 5220 1921 5290 inquam,
1969 5235 2050 5275 σοι

2203 5219 2304 5294 μὲν
2355 5221 2390 5292 ή
2429 5219 2720 5292 Ῥωμαίων
2777 5219 3014 5289 ύπέθορε
3049 5215 3212 5288 ’πρὸς
3263 5217 3370 5270 ἐω·
3409 5198 3719 5279 Ἀκαρνανίας

1787 5344 2002 5405 Jacobi
2038 5344 2306 5407 Pontani
2340 5351 2507 5407 notes

594 5467 706 5535 (65)
740 5466 1124 5522 Demosthenis
1160 5467 1430 5520 sententia
1477 5467 1660 5536 estin
1716 5465 2086 5536 Olynthiacis,
2199 5465 2331 5521 rint.

529 5515 2096 5607 q..‘ai.‘u’s'o:;a§;ﬁsa;xti;;{.1ia.‘.;cgsd“sagittarios:
2203 5515 2394 5607 ί“’‹ὶξ4)
2436 5537 2566 5592 [nde
2621 5551 2793 5607 usque
2837 5553 2864 5592 a
2906 5535 3049 5592 Julio
3078 5536 3287 5592 Caesare
3324 5521 3536 5588 Romani
3569 5515 3723 5582 tenent

539 5606 668 5659 thiis
686 5614 875 5676 contra
915 5604 1542 5676 Philippuml‘ercntlum
1572 5605 1914 5676 cohortatur,
1947 5604 2013 5660 nc
2043 5609 2096 5660 in
2209 5604 2589 5661 Acarnaniam.

534 5692 632 5730 sua
685 5674 904 5743 regione
962 5673 1176 5728 hostem
1241 5675 1500 5740 habeant,
1552 5675 1596 5726 si
1659 5675 1780 5729 illos
1840 5673 2098 5731 deserue-

3619 5794 3634 5842 ί

2173 4365 2271 4460 τας
2303 4365 2463 4450 ἂν
2488 4365 2736 4468 μέγιστα.
2752 4365 2974 4466 βασιλέα
2996 4365 3254 4464 ἀπέφηνα
3278 4395 3442 4463 ὑμᾶς.
3459 4384 3710 4455 Ἀγγέλους
3796 4365 3807 4374 ‘
