3992 6202
342 301 439 362 641

1507 300 1789 362 HISTOB
1805 301 2058 362 IARUM
2099 299 2330 362 LIBER
2370 299 2456 358 Il.

3468 297 3579 361 662

342 416 400 468 δὲ
428 414 733 485 τὴνάρχὴν
766 416 1024 484 ’Ἄγγελοι
1069 418 1540 487 προσεποιήσαντο
1578 420 1788 480 ἑαυτοῖς
1822 419 1916 473 καὶ

2034 432 2178 474 :cssu
2230 417 2482 472 Numinis
2539 414 2818 484 Byzantio,
2851 414 3102 470 universa
3147 415 3398 480 Thracia,
3436 415 3583 471 mul-

342 503 493 560 ἄλλοι
527 503 698 564 ἀλλας
754 504 864 557 τῶν
917 505 1190 576 ἑσπερίων
1241 507 1524 576 ἐπαρχιῶν
1581 501 1656 560 ὧν
1689 508 1911 562 ἕκαστοι

346 595 538 664 ἔτυχον
599 594 1076 664 ἐπιτροπεύοντες,
1106 595 1193 650 διὰ
1227 597 1289 650 τὸ
1319 597 1597 667 βασιλεῦσι
1627 599 1913 666 Ῥωμαίων

345 686 513 740 δίοδον
544 687 648 741 οὐκ
680 681 821 740 εἶναι
852 689 990 757 πρὸς
1020 689 1221 755 αὐτοὺς
1251 691 1340 743 διὰ
1365 690 1587 762 Θρᾴκης
1616 691 1710 744 καὶ
1729 691 1914 744 Μακε-

345 777 523 840 δονίας
549 777 726 830 ούσῶν
755 777 861 830 ὑπὸ
909 778 1186 840 Λατίνοις.
1212 779 1478 849 ’Υστερον
1501 778 1560 832 δὲ
1593 779 1738 831 ἔτεσι
1785 778 1914 831 πολι-

346 867 456 930 λοῖς
481 868 588 922 ὑπὸ
613 866 724 921 τῶν
747 867 1129 936 Παλαιολόγων
1166 869 1485 939 ίθυνομένης
1508 870 1608 939 τῆς
1623 870 1916 938 Ῥωμαίων

349 958 651 1030 βασιλείας,
684 961 946 1024 Λατίνους
975 961 1074 1030 μὲν
1101 959 1257 1024 αὖθις
1282 959 1378 1014 τοῦ
1421 959 1562 1042 βιοῦ
1592 958 1918 1029 συναιρομέ-

347 1069 462 1117 νου,
497 1053 600 1118 τῆς
639 1053 929 1124 Ῥωμαίων
951 1053 1223 1124 ἐξήλασαν
1249 1037 1567 1123 ἡγεμονίαςσ
1607 1053 1699 1105 καὶ
1733 1051 1916 1104 Ἀσίαν
1951 1037 1968 1050 ’

349 1145 441 1196 καὶ
473 1143 746 1214 Εὐρώπην
779 1145 911 1214 ὅσης
966 1139 1138 1215 ἦρχον
1171 1144 1252 1207 είς
1279 1143 1339 1196 ἓν
1382 1142 1628 1213 συνῆψαν
1649 1157 1664 1173 ·
1715 1141 1916 1214 Ἀκαρ-

346 1233 542 1288 νανίαν
590 1235 649 1287 δὲ
691 1235 982 1303 Ἀγγέλους
1039 1234 1420 1301 ἀπαιτοῦντες,
1497 1233 1600 1288 οὐκ
1659 1233 1918 1304 ἠδύναντο

348 1326 646 1382 ἀπολαδεῖν
664 1342 681 1360 ο
707 1327 826 1382 ἀλλ’
857 1327 1018 1382 ἄδικα
1044 1328 1144 1380 καὶ⁵
1173 1327 1325 1397 βίαια
1354 1325 1657 1391 ποιοῦντες,
1688 1324 1922 1379 ἀπεστέ-

356 1435 488 1488 ρουν
511 1437 526 1452 ·
561 1418 656 1473 καὶ⁵
698 1418 962 1487 στρατιὰν
1000 1417 1261 1480 πολλάκις
1292 1417 1382 1470 ἐπ’
1411 1417 1654 1481 ἐκείνως
1696 1417 1920 1487 πέμψα-

350 1527 460 1571 σιν,
486 1509 628 1562 ὅπλα
649 1507 968 1579 ἀντῂροντο,
991 1510 1089 1562 καὶ
1109 1508 1238 1571 τοὺς
1261 1509 1574 1578 περιοίκους
1600 1509 1920 1579 συμμάχους

351 1601 624 1669 ἐπήγοντο
659 1587 990 1669 βαρὸάρους.
1030 1599 1139 1652 Τδν
1174 1598 1529 1668 βασιλεύοντα
1558 1600 1617 1652 δὲ
1653 1601 1770 1652 νυνὶ
1803 1600 1921 1652 ὲπι-

357 1684 728 1754 στρατεύοντα
757 1685 911 1755 ὑμῖν,
945 1690 1040 1739 καὶ
1065 1689 1133 1758 τῇ
1158 1687 1368 1742 ἀνωθεν
1397 1690 1688 1759 ἐπικουρίᾳ
1720 1687 1920 1741 δουλω-

361 1778 608 1846 σάμενον,
645 1777 745 1830 οὐκ
774 1777 980 1831 ἀδικεῖν
1021 1778 1088 1831 ἄν
1135 1796 1219 1841 τις
1246 1780 1382 1848 φαίη
1409 1779 1508 1846 τὴν
1536 1779 1742 1850 ἐτέρων
1773 1793 1918 1847 παρ·
1951 1762 1991 1817 Β

362 1871 683 1939 αιρούμενον
744 1870 960 1939 ἀρχήν-⁸
986 1870 1122 1924 ἀλλά
1153 1871 1386 1939 μάλιστα
1416 1871 1486 1924 τὰ
1528 1870 1714 1926 δίκαια
1747 1871 1921 1924 ποιεῖν

360 1957 811 2029 ἀπολαμϐάνοντα
863 1957 962 2030 τὴν
1021 1959 1308 2032 πατρῴαν.
1372 1962 1433 2013 El
1463 1961 1572 2031 γὰρ
1623 1961 1922 2031 Νικηφόρῳ

359 2049 563 2117 δίκαιον
584 2051 647 2104 τδ
668 2053 732 2106 ὲκ
761 2053 1049 2122 προγόνων
1080 2053 1142 2107 οὐ
1173 2052 1384 2106 πολλῶν
1418 2052 1589 2107 ὄντων
1611 2054 1715 2120 τὴν
1748 2051 1923 2122 ἀρχὴν

357 2143 716 2209 κατάγεσθαι,
767 2145 950 2216 πολλῷ
983 2145 1186 2215 μᾶλλον
1239 2144 1454 2215 βασιλεῖ
1499 2144 1607 2198 τῶν
1655 2142 1716 2208 ἐξ
1749 2144 1924 2214 ἀρχῆς

354 2233 793 2303 βασιλευσάντων
837 2233 1124 2306 Ῥωμαίων
1158 2236 1272 2290 ὄντι
1319 2230 1575 2304 ἀπογόνῳ
1635 2235 1778 2290 κατὰ
1831 2235 1925 2288 τὸν

353 2324 510 2392 λόγον
560 2325 662 2395 τῆς
711 2327 984 2398 διαδοχῆς.
1033 2328 1096 2382 Εί
1148 2327 1297 2382 δὲτὸ
1350 2328 1446 2383 τοῦ
1502 2328 1694 2400 χρόνου
1751 2327 1926 2397 μῆκος

356 2414 658 2485 ἀξιόχρεων
688 2416 838 2470 δοκεῖ
873 2418 1008 2489 πρὸς
1041 2418 1322 2474 δικαίωσιν
1376 2420 1528 2491 ὑμῖν,
1564 2417 1678 2473 ἴστε
1732 2420 1928 2473 τάναν-

359 2501 449 2552 τία
499 2501 849 2573 λογιζόμενοι
899 2506 1007 2559 τῶν
1031 2505 1200 2560 ὄντων
1225 2523 1241 2538 ’
1276 2507 1479 2577 μᾶλλον
1503 2508 1621 2580 γὰρ
1649 2509 1737 2562 διὰ
1765 2506 1927 2560 τοῦτο

361 2591 513 2662 δίκης
546 2593 708 2660 ἄξιοι,
753 2596 834 2648 ὅτι
889 2595 1144 2652 τοσοῦτον
1177 2599 1370 2668 χρόνον
1419 2598 1678 2668 ἠδικεῖτε.
1733 2600 1799 2655 Εἰ
1833 2595 1926 2655 οὖν

370 2688 578 2755 μηχανῇ
613 2703 672 2738 τε
697 2687 919 2757 ούδεμιᾷ
951 2689 1014 2742 τὸ
1041 2689 1247 2744 ἁλῶναι
1275 2692 1336 2744 ού
1366 2691 1598 2746 δύνασθε
1623 2693 1924 2762 διαφυγεῖν,

370 2775 420 2827 εί
439 2792 492 2828 τε
525 2777 621 2829 καὶ
669 2777 904 2847 δύναμις
931 2781 1058 2850 ὑμῖν
1082 2781 1266 2852 παρῆν
1304 2783 1660 2854 Ἀκαρνανίας
1703 2785 1928 2854 βασιλέα

376 2865 698 2933 ὶξελαύνειν,
749 2869 810 2921 τὸ
869 2870 1076 2924 ἀδικεῖν
1107 2872 1208 2926 οὐκ
1231 2872 1298 2926 ἂν
1321 2870 1391 2945 ἦν
1424 2869 1735 2944 διαφυγεῖν,
1763 2877 1816 2930 τί
1851 2879 1930 2933 δεῖ

381 2958 606 3028 ἀνήνυτα
660 2958 957 3026 πονοῦντας
1027 2963 1126 3034 τὴν
1186 2967 1567 3035 κακοπραγίαν
1629 2969 1930 3025 ἐπιτείνειν

2016 513 2194 579 lisque
2266 509 2495 563 urbibus
2555 506 2886 561 Macedonia:
2947 508 3154 576 petitis,
3208 507 3580 561 Romanorum

2013 600 2235 670 quidem
2269 598 2561 667 imperium
2603 597 2656 650 in
2685 593 2965 650 Orientem
2991 610 3109 650 sese
3139 597 3408 650 contraxit
3437 595 3580 664 (65).

2012 690 2373 746 Acarnaniam
2408 696 2590 741 autem
2642 687 2854 756 Angeli,
2903 687 3108 755 aliique
3157 687 3290 741 alias
3323 687 3578 742 occiden-

2014 781 2152 836 tales
2185 780 2519 849 provincias,
2544 792 2778 846 quarum
2808 786 3070 845 praetores
3095 788 3274 840 erant,
3317 778 3420 833 sibi
3455 779 3585 832 sub-

2015 872 2272 926 diderunt
2302 888 2316 924 :
2345 879 2634 940 propterea
2666 868 2811 937 quod
2847 869 3106 924 Romanis
3138 870 3582 938 imperatoribus,

2016 963 2306 1018 Thraciam
2337 971 2391 1017 et
2419 962 2790 1016 Macedoniam
2853 961 3064 1015 Latinis
3095 962 3410 1016 tenentibus
3449 962 3581 1030 (66),

2017 1057 2084 1111 ad
2114 1057 2234 1111 illas
2267 1053 2532 1110 transitus
2563 1069 2672 1108 non
2703 1056 2944 1122 patebat.
2978 1053 3222 1108 Tandem
3262 1063 3386 1123 post
3411 1069 3585 1107 annos

2017 1146 2304 1216 plurimos,
2353 1158 2478 1198 cum
2529 1144 2821 1212 imperium
2875 1144 3248 1198 Romanorum
3307 1159 3336 1197 a
3372 1145 3581 1198 Palat-o-

2015 1236 2156 1306 logis
2189 1246 2491 1306 regeretur,
2524 1235 2751 1288 Latinos
2779 1235 2889 1288 Deo
2929 1235 3236 1304 opitulante
3269 1237 3582 1306 principatu

2018 1327 2350 1398 depulerunt
2425 1335 2481 1381 et
2529 1327 2710 1380 Asiam
2753 1334 2917 1394 atque
2977 1326 3248 1396 Europam
3299 1343 3585 1397 quousque

2019 1421 2384 1488 imperabant,
2433 1418 2629 1474 iterum
2685 1417 3095 1486 coniunxerunt
3158 1435 3174 1470 :
3222 1407 3584 1474 Acarnaniam

2017 1508 2089 1565 ab
2119 1507 2340 1579 Angelis
2386 1507 2588 1561 frustra
2639 1507 3034 1576 repetiverunt,
3087 1507 3180 1576 qui
3230 1523 3327 1576 per
3362 1509 3468 1561 vim
3530 1518 3586 1564 et

2018 1601 2199 1656 scelus
2259 1614 2381 1654 eam
2436 1600 2758 1662 retinentes,
2812 1598 3013 1668 saepius
3067 1609 3260 1654 contra
3303 1615 3360 1653 se
3407 1600 3592 1655 missis

2019 1693 2374 1756 exercitibus,
2401 1707 2527 1747 cum
2559 1691 2754 1746 vicinis
2790 1691 3049 1744 barbaris
3092 1691 3156 1745 ad
3209 1691 3467 1745 auxilium
3501 1693 3588 1746 in-

2022 1785 2228 1840 vocatis
2275 1783 2622 1839 restiterunt.
2667 1780 3062 1850 imperatorem
3096 1795 3262 1850 porro
3294 1783 3460 1845 hunc,
3495 1783 3590 1852 qui

2020 1890 2170 1930 nunc
2199 1889 2297 1930 vos
2322 1874 2530 1930 caelesti
2581 1873 2750 1927 fultus
2797 1885 2901 1940 ope
2947 1872 3114 1927 armis
3154 1872 3389 1942 subegit,
3429 1889 3590 1928 nemo

2022 1967 2284 2037 iniustum
2321 1980 2444 2020 esse
2495 1963 2721 2026 dixerit,
2769 1963 2900 2017 dum
2960 1964 3099 2018 alios
3147 1964 3419 2033 imperare
3479 1980 3589 2018 non

2023 2060 2258 2124 patitur,
2331 2057 2426 2113 sed
2453 2041 2844 2128 justissimum,
2869 2055 2962 2122 qui
2993 2063 3273 2124 paternam
3303 2054 3593 2109 haeredita-

2024 2157 2134 2205 tem
2162 2157 2430 2218 reposcat.
2473 2149 2531 2203 Si
2573 2148 2720 2203 enim
2761 2161 2980 2218 aequum
3007 2154 3113 2208 est,
3150 2145 3519 2215 Nicephorum
3559 2159 3589 2200 a

2023 2235 2328 2308 majoribus
2373 2234 2521 2290 haud
2571 2235 2648 2289 ita
2680 2235 2872 2288 multis
2895 2232 3257 2302 principatum
3296 2230 3591 2295 deducere,

2025 2336 2233 2398 quanto
2280 2326 2492 2396 aequius
2523 2327 2936 2396 imperatorem,
2966 2323 3358 2392 imperatorum
3391 2320 3484 2390 qui
3523 2319 3595 2373 ab

2026 2419 2184 2474 initio
2215 2405 2572 2474 Acarnaniam
2607 2423 2904 2470 tenuerunt
2963 2421 3219 2482 nepotem
3301 2425 3598 2466 successo-

2027 2525 2254 2580 remque
2283 2497 2636 2581 légitimum?
2665 2507 2820 2574 Quod
2867 2505 2916 2560 si
2959 2503 3416 2575 longinquitatem
3459 2510 3597 2555 tem—

2026 2604 2178 2674 poris
2233 2617 2416 2658 causae
2479 2610 2676 2656 vestrae
2737 2599 2872 2655 satis
2936 2595 3267 2667 patrocinari
3329 2592 3595 2656 censetis,

2025 2696 2224 2751 scitote
2250 2710 2350 2750 vos
2379 2693 2576 2748 falsum
2605 2689 2924 2746 ratiocinari
2957 2688 3103 2759 (67);
3133 2700 3258 2740 nam
3293 2685 3363 2738 ob
3393 2684 3448 2737 id
3484 2697 3600 2736 ma-

2027 2789 2112 2860 gis
2145 2787 2417 2857 supplicio
2466 2785 2616 2855 digiti
2661 2785 2818 2848 estis,
2865 2783 2962 2852 qui
3014 2781 3202 2837 tandiu
3260 2780 3314 2833 in
3352 2776 3600 2832 facienda

2032 2881 2235 2952 injuria
2269 2876 2786 2950 perseveraveritis.
2816 2873 2958 2945 Ergo
2987 2874 3033 2928 si
3064 2871 3214 2926 nulla
3244 2869 3440 2924 fraude
3473 2881 3604 2922 eva-

2029 2975 2163 3032 dere
2190 2973 2442 3044 potestis,
2473 2973 2606 3041 quin
2641 2964 3074 3029 convincamini,
3120 2963 3280 3034 317
3312 2970 3366 3015 et
3394 2961 3438 3014 si
3469 2959 3604 3014 νει-ιε

386 3049 603 3154 ἑαυτοῖς,
634 3052 728 3104 καὶ
760 3051 836 3122 μὴ
871 3052 1229 3124 πειθομένους
1283 3058 1408 3127 ἐμοὶ
1461 3058 1532 3112 τὰ
1563 3058 1757 3128 βελτίω
1785 3078 1928 3131 συμο

2034 3068 2137 3123 bus
2165 3065 2232 3120 ad
2263 3065 2648 3134 imperatorem
2674 3059 2984 3116 Acarnania
3024 3055 3353 3127 ejiciendum
3394 3053 3606 3108 valete-

387 3137 696 3208 6ουλεύοντι,
729 3143 880 3214 σφίσι
901 3145 999 3215 μὲν
1028 3147 1211 3211 αὐτοῖς
1239 3148 1448 3214 αίτίους
1478 3151 1733 3218 γενέσθαι
1759 3153 1932 3222 μεγά-

386 3231 482 3285 λων
518 3233 755 3303 ἀγαθῶν,
794 3237 942 3308 ἡμᾶς
983 3238 1041 3292 δὲ
1090 3240 1271 3309 ὀλίγου
1302 3242 1468 3296 πόνου
1523 3244 1829 3308 ἀπαλλάξαι
1874 3245 1934 3298 ὃν

393 3325 754 3399 ὑπομενοῦμεν
781 3330 924 3399 ὑμᾶς
954 3334 1458 3404 καταστρεφόμενοι
1489 3337 1653 3401 ;”οτι
1675 3336 1732 3390 δὲ
1762 3337 1796 3407 ἡ
1825 3337 1934 3408 ἐμὴ

394 3419 698 3487 παραίνεσις
754 3423 1114 3494 συμφέρουσα
1183 3427 1334 3496 ὑμῖν,
1395 3426 1572 3494 ἔξεστι
1627 3429 1937 3499 χρήσασθαι

394 3509 702 3580 συμΰούλοις
733 3515 845 3577 τοῖς
879 3516 1168 3582 συγγενέσι
1199 3518 1292 3571 καὶ
1329 3518 1568 3588 ἑταίροις
1599 3519 1752 3587 ὑμῶν
1797 3517 1937 3571 Ῥω-

393 3605 538 3670 γίοις,
596 3606 647 3659 οἳ
683 3607 806 3676 ἐμοὶ
839 3607 1016 3663 πάντα
1069 3609 1394 3680 ἀναθέμενοι
1427 3612 1496 3665 τὰ
1530 3612 1654 3666 κατ’
1709 3611 1933 3678 αὐτοὺς,

389 3696 508 3763 ὅσης
543 3699 866 3770 ἀπήλαυσαν
917 3701 1128 3766 εὐνοίας
1184 3705 1288 3757 καὶ.
1332 3705 1590 3774 προνοίας
1650 3704 1751 3774 τῆς
1803 3704 1939 3774 πρὸς

391 3786 664 3854 βασιλέως,
701 3792 1145 3861 μαρτυρήσουσιν
1178 3795 1360 3850 αὐτοί.
1423 3795 1487 3848 El
1513 3792 1607 3849 οὖν
1637 3796 1734 3849 καὶ
1783 3795 1941 3864 ὑμεῖς

389 3881 448 3932 τά
482 3880 720 3953 ὑμέτερα
756 3882 1028 3952 ἀνάθησθε
1058 3884 1200 3954 ἐμοὶ,
1233 3887 1446 3940 εἴσεσθε
1482 3886 1661 3951 καλῶς
1707 3885 1782 3950 ὡς
1805 3887 1941 3956 ἀλη-

389 3968 468 4021 θεῖ
487 3971 582 4024 καὶ
611 3971 805 4042 δικαίῳ
841 3974 935 4026 καὶ
963 3973 1245 4046 δυναμένῳ
1273 3975 1334 4030 εὖ
1365 3979 1537 4031 ποιεῖν
1584 3975 1942 4030 ἐπιστεύσατε

384 4064 550 4135 ἀνδρί.
625 4064 950 4134 ’Δπολογίαν
1013 4067 1115 4137 μὲν
1175 4063 1270 4123 οὖν
1322 4070 1415 4122 ἐπὶ
1468 4071 1583 4132 τοῖς
1635 4069 1944 4140 είρημένοις

383 4157 628 4210 ἀπαιτεῖν
659 4157 719 4210 οὐ
750 4157 960 4212 δίκαιον
988 4160 1126 4226 νυνὶ,
1153 4160 1264 4215 τῶν
1293 4161 1553 4215 πλειόνων
1581 4178 1641 4215 τε
1673 4162 1940 4226 ἀπόντων,

380 4249 469 4302 καὶ
500 4249 658 4319 ὑμῶν
685 4250 1036 4321 ἀμελετήτων
1093 4252 1230 4320 πρὸς
1256 4254 1382 4316 τοὺς
1411 4253 1603 4322 λόγους
1624 4255 1824 4309 ὄντων’
1856 4255 1948 4307 ὲκ-

378 4342 608 4410 κλησίαν
639 4341 698 4395 δὲ
725 4343 1080 4415 ἀθροίσαντες
1112 4345 1206 4398 καὶ
1230 4344 1660 4418 βουλευσάμενοι
1691 4348 1946 4418 περὶτῶν

2036 3159 2126 3222 tis,
2144 3172 2255 3212 non
2281 3155 2516 3227 possetis
2539 3165 2725 3208 tamen
2755 3151 2970 3223 injuriae
2993 3149 3308 3219 opinionem
3339 3147 3601 3214 et‘lugvre,

2030 3248 2190 3320 quid,
2237 3262 2444 3318 quaeso,
2481 3245 2721 3300 inaniter
2769 3243 3103 3302 laborantes,
3141 3238 3417 3293 miseriam
3444 3234 3606 3289 vobis

2035 3340 2380 3413 producitis?
2428 3337 2573 3404 Quin
2632 3336 2766 3390 milii
2822 3331 3084 3390 salutaria
3140 3329 3384 3383 monenti
3444 3326 3608 3379 obse-

2037 3442 2291 3504 quentes,
2309 3441 2365 3486 et
2382 3429 2538 3484 vobis
2566 3427 2905 3483 uberrimum
2932 3422 3168 3476 fructum
3199 3415 3600 3504 adipiscimiui;

2037 3503 2095 3574 et
2119 3533 2220 3572 nos
2268 3532 2297 3571 a
2353 3517 2572 3571 tantillo
2605 3514 2816 3578 labore,
2851 3523 3014 3582 quem
3072 3507 3230 3561 vobis
3281 3503 3608 3560 edomandis

2041 3607 2455 3672 sustinebimus,
2480 3606 2687 3662 liberos
2715 3618 2838 3658 esse
2861 3598 3080 3657 sinitis?
3111 3596 3383 3656 Caeterum
3409 3594 3608 3652 solior-
3719 3649 3724 3655 ,

2041 3702 2304 3757 tationem
2353 3713 2532 3754 meam
2589 3705 2648 3750 ut
2706 3710 2815 3750 non
2871 3693 3122 3749 inutilem
3183 3691 3349 3746 rebus
3388 3690 3604 3748 vostris.

2041 3793 2240 3863 Rhogii
2282 3791 2501 3863 cognati
2560 3804 2624 3844 ac
2661 3789 2794 3845 socii
2834 3787 3002 3842 vestri
3035 3784 3406 3847 testabantur,
3439 3783 3483 3836 si
3513 3797 3608 3835 eos

2042 3885 2308 3941 adhibere
2357 3881 2708 3939 consiliarios
2756 3878 3050 3935 volueritis
3083 3894 3096 3928 :
3129 3876 3222 3947 qui
3269 3891 3394 3930 eum
3428 3874 3482 3927 in
3522 3888 3610 3926 ar-

2043 3976 2211 4033 bitrio
2252 3991 2376 4031 meo
2416 3990 2515 4030 sua
2561 3972 2894 4044 posuissent,
2935 3980 3143 4040 quanta
3191 3982 3322 4022 cura
3377 3967 3612 4019 benem-

2043 4069 2323 4138 lentiaque
2368 4068 2438 4122 ab
2468 4067 2800 4135 imperatore
2827 4060 3036 4134 dignati
3073 4061 3205 4123 sint,
3238 4058 3340 4129 ipsi
3381 4060 3612 4125 loquen-

2045 4172 2157 4218 tur.
2189 4161 2245 4217 Si
2294 4161 2424 4216 item
2449 4174 2552 4214 vos
2578 4167 2762 4214 vestra
2794 4155 2928 4210 mihi
2959 4153 3345 4225 permiseritis,
3379 4151 3609 4205 el'liciam

2045 4262 2108 4309 ut
2155 4266 2222 4308 ea
2269 4250 2480 4307 homini
2533 4249 2714 4304 veraci
2755 4256 2810 4302 et
2853 4248 3022 4318 justo,
3071 4255 3130 4300 et
3165 4243 3258 4314 qui
3289 4241 3611 4297 benefacere

2047 4346 2240 4418 possit,
2299 4343 2619 4414 permisisse
2674 4340 2934 4412 praeclare
2981 4335 3320 4407 intelligatis.
3361 4335 3614 4402 Respon-

375 4431 624 4494 δεόντων,
663 4435 721 4496 ἐς
770 4436 871 4506 τὴν
921 4436 1241 4506 ὑστεραίαν,
1296 4438 1346 4490 ει
1375 4438 1539 4501 δοκεῖ,
1599 4438 1825 4494 ἀπόδοτε
1854 4439 1934 4494 τὸν

2049 4439 2259 4496 sionem
2289 4437 2343 4491 in
2373 4450 2613 4507 praesens
2641 4448 2750 4488 non
2779 4431 3019 4502 postulo,
3046 4427 3264 4498 quando
3288 4426 3460 4496 major
3489 4438 3613 4494 pars

374 4523 555 4592 λόγον.
599 4524 662 4578 Ὀ
697 4525 796 4594 μὲν
822 4521 915 4579 οὖν
961 4527 1134 4580 εἰπὼν
1163 4527 1389 4582 τοιαῦτα
1445 4529 1580 4600 πρὸς
1640 4521 1944 4600 Ἀρταίούς,

375 4618 729 4688 ἀνεχώρησεν
775 4619 857 4682 είς
901 4619 960 4672 τὸ
1023 4621 1407 4695 στρατόπεδον,
1474 4621 1794 4677 Καὸασίλαν
1849 4625 1945 4676 καὶ⁵

374 4711 496 4770 τοὺς
513 4709 712 4773 ἄλλους
729 4707 990 4778 Ῥωγίους
1019 4713 1360 4784 διαλέγεσθαι
1395 4714 1580 4776 αὐτοῖς
1604 4712 1942 4780 καταλιπὼν,

2049 4531 2241 4594 abest;
2269 4538 2327 4583 et
2358 4542 2457 4582 vos
2500 4526 2568 4580 ad
2618 4521 3061 4593 respondendum
3117 4534 3226 4573 non
3265 4517 3401 4572 estis
3447 4515 3617 4569 medi-

2053 4623 2170 4678 tati.
2208 4620 2312 4676 Ubi
2345 4626 2469 4674 aeto
2508 4627 2782 4671 conventu
2827 4614 2896 4670 de
2943 4628 3156 4668 summa
3190 4626 3372 4666 rerum
3406 4607 3616 4664 delibe-

2053 4712 2329 4778 raveritis,
2374 4708 2617 4766 crastino
2647 4708 2761 4773 die,
2803 4707 2850 4763 si
2883 4706 3096 4773 libebit,
3124 4704 3468 4775 respondete.
3521 4699 3616 4754 llis

1644 4827 1861 4890 Jacobi
1897 4827 2160 4888 Pontani
2195 4835 2387 4889 notae.

447 4949 928 5025 (65)“Tlieodoro
989 4951 1206 5025 Lascari
1273 4953 1606 5022 imperatore
1666 4951 1949 5022 designato

363 5019 530 5094 circa
546 5019 795 5094 Nicaeam
828 5019 1113 5094 Bithyniae.

453 5093 562 5162 (66)
610 5093 714 5146 Per
756 5105 936 5162 annos
959 5089 1094 5162 itere
1127 5091 1215 5146 65.
1244 5089 1478 5162 _lnterea
1517 5091 1860 5162 Nicomedia:
1891 5089 1947 5144 in

387 5159 640 5232 Bithynia
675 5161 860 5232 sedem
893 5159 1202 5214 habuerunt
1231 5159 1819 5232 Constantinopolitani
1851 5161 1953 5232 im—

390 5228 697 5298 pera-tores.
745 5228 966 5282 Primus
1026 5238 1206 5283 autem
1255 5245 1323 5282 ex
1402 5228 1612 5285 Latinis
1661 5231 1948 5298 imperavit

391 5298 900 5366 Constantinopoli,
952 5311 1096 5351 anno
1160 5298 1374 5354 Domini
1440 5299 1598 5363 1200,
1649 5298 1947 5354 Balduinus

393 5368 626 5423 Flander
692 5368 972 5422 mensibus
1026 5382 1082 5421 Il.
1135 5366 1255 5433 Quo
1306 5384 1336 5422 a
1376 5370 1568 5426 Moesis
1609 5377 1666 5424 et
1704 5367 1952 5436 Bulgaria

397 5446 553 5506 capto
575 5447 740 5500 atque
769 5436 1080 5502 interfecto,
1117 5437 1491 5506 interregnum
1525 5439 1627 5493 fuit
1666 5452 1810 5491 anno
1839 5453 1948 5490 uno

392 5517 452 5560 et
487 5509 770 5562 mensibus
822 5515 1074 5575 quatuor.
1130 5507 1438 5572 Secundus,
1490 5507 1784 5570 Henricus,
1825 5507 1950 5560 Bal-

395 5576 547 5636 duini
581 5577 748 5643 illius,
781 5577 875 5646 qui
911 5576 1034 5646 sine
1065 5575 1253 5646 liberis
1275 5577 1428 5632 obiit.
1456 5579 1700 5641 Tertius,
1733 5577 1948 5640 Petrus,

394 5661 576 5702 comes
625 5644 1091 5701 Altisiodorensis.
1142 5644 1399 5713 Quartus,
1463 5648 1760 5704 Robertus.
1804 5646 1946 5700 Petri

393 5718 556 5773 illius.
589 5717 846 5783 Quintus.
870 5715 1165 5769 Balduiuus
1206 5719 1498 5786 secundus,
1533 5717 1753 5770 Roberti
1784 5717 1946 5769 titius.

2055 4952 2239 5008 Donec
2270 4952 2498 5007 Michael
2540 4951 2876 5022 Palaeologus
2934 4948 3227 5022 imperium
3260 4941 3623 5022 batjpisﬁere-

2053 5029 2206 5091 ptum
2263 5022 2464 5078 Graecis
2516 5008 2974 5091 restituitfauno
3015 5008 3229 5091 b_omin_i
3275 5012 3429 5066 MSS.
3472 5008 3622 5091 Quo-

2057 5083 2220 5146 modo
2267 5092 2585 5162 praeclaram
2639 5092 2785 5162 illam
2823 5089 3022 5162 urbem
3049 5083 3227 5162 Latini
3277 5083 3616 5162 occuparint,

2052 5168 2108 5231 et
2142 5151 2305 5231 quam
2349 5161 2632 5218 horribilia
2663 5161 2870 5215 scelera
2911 5154 3273 5231 designarint,
3305 5153 3433 5231 tusc
3455 5151 3580 5226 doct.
3597 5156 3618 5199 t

2051 5226 2270 5285 Nicetas
2329 5233 2382 5286 in
2431 5232 2621 5286 Alexio
2659 5231 2965 5290 Comneno,
3016 5226 3114 5279 lib.
3161 5239 3246 5284 Ill,
3304 5226 3357 5274 in
3389 5226 3621 5287 impono

2051 5299 2224 5355 Alexii
2268 5302 2447 5365 Ducat,
2483 5307 2848 5369 cognomento
2875 5292 3226 5369 Mu_rtz_upiili.

2123 5370 2236 5440 (b7)
2280 5371 2400 5425 Non
2435 5361 2578 5423 'vult'
2593 5369 2711 5440 dari
2748 5361 3220 5440 przrsCriptionetu
3259 5363 3312 5417 in
3351 5361 3533 5440 regnis
3567 5365 3623 5440 et

2052 5429 2352 5509 provinciis
2397 5459 2410 5494 :
2460 5449 2518 5494 et
2555 5439 2649 5507 qui
2707 5429 3044 5509 veleentu’m
3094 5435 3254 5488 annis
3312 5429 3618 5509 possederit

2057 5499 2444 5586 regnu_m_non_
2473 5499 2658 5586 suum,
2705 5505 2850 5586 quod
2891 5504 3078 5586 inique
3126 5499 3431 5586 occuparit,
3457 5518 3523 5558 eo
3554 5499 3622 5586 ait

2054 5569 2267 5700 hagrede
2297 5579 2541 5647 legitimo
2567 5569 2766 5646 depelli
2799 5589 2956 5644 posse
2978 5569 3004 5638 ;“
3030 5575 3096 5629 de
3128 5589 3235 5643 quo
3261 5569 3624 5646 furecOnsulti

2054 5664 2102 5700 Vt
2145 5656 2309 5700 eruit.

2053 5649 2309 5702 viderint.
