3992 6202
266 260 343 322 ιιι
604 228 609 231 ’
1375 250 1923 341 liiS’I‘ORlARUM
1966 248 2201 311 LIBER
2242 249 2326 311 tr.

3364 249 3474 314 650

265 375 313 446 δὴ
345 374 414 427 ἐπ’
446 371 797 444 ἀμφοτέρων·
843 370 948 443 κᾷν
993 371 1094 441 ρέν
1121 387 1239 423 τινα
1275 373 1336 423 ἐκ
1366 370 1472 422 τῶν
1504 369 1801 447 εἰργασμὲο

1911 391 2036 453 lum,
2068 387 2213 458 quod
2247 401 2438 442 verum
2468 394 2524 441 et
2584 395 2791 442 rectum
2817 400 2929 444 non
2956 394 3042 443 est
3060 385 3350 455 deseratis,
3380 393 3479 446 sed

270 486 348 521 νων
372 468 397 537 ἢ
425 464 485 529 ἐξ
518 459 595 518 ὧν
625 464 783 517 αὐτοὶ
805 463 1052 527 ἐλπίζετε
1083 462 1370 531 δυνώμεθα
1400 463 1598 530 εὑρεῖν,
1625 460 1797 513 ταῦτα

266 560 478 628 πράττειν
515 556 571 620 ἐξ
600 574 673 609 ων
702 555 768 609 ἂν
791 556 869 616 εἰς
897 555 1068 625 πέρας
1098 555 1242 608 ἔλθοι
1266 557 1332 608 τα
1360 553 1794 622 βεὸουλευμέναο

268 649 317 702 ἂν
346 648 386 699 δ’
413 646 666 709 ἐναντίως
700 648 898 716 ἔχοντα
938 646 972 716 ἢ
1000 646 1151 697 αὐτοὶ
1207 646 1488 715 ὑπονοῆτε,
1525 644 1599 711 μὴ
1635 644 1799 713 μόνον

265 741 546 810 ἀφίστασθαι
594 739 702 792 τῶν
785 738 860 809 μή
894 774 897 777 λ
937 738 1113 808 ὀρθῶς
1181 739 1437 807 ἐχόντων,
1493 736 1631 791 ἀλλὰ
1706 739 1800 789 καὶ

265 835 360 903 ἐμοὶ
381 830 651 885 πείθεσθαι
692 830 1048 900 παραινοῦντι
1106 828 1173 881 τὰ
1207 829 1541 882 συνοίσοντα.
1611 828 1800 899 Ὑμεῖς

262 922 408 974 τοίνυν
440 920 700 992 βασιλέως
734 920 1075 981 ἀποστάντες
1118 918 1270 971 οὐδὲν
1318 921 1398 982 εἰς
1441 919 1586 988 ὑμᾶς
1626 919 1804 988 ἀγνω-

272 1009 592 1076 μονήσαντος,
627 1008 1083 1076 προσεχωρήσατε
1110 1007 1221 1068 τοῖς
1253 1005 1606 1076 Ταραντίνοις
1632 1045 1648 1069 ,
1695 997 1795 1075 ούχ

260 1098 413 1158 ἁπλῶς
439 1097 552 1149 οὐδὲ
578 1097 792 1164 ἀλόγως
821 1138 837 1163 ,
868 1097 985 1150 ἀλλ’
1011 1098 1252 1167 οἰόμενοι
1293 1103 1358 1170 τῇ
1391 1100 1615 1153 ἐκείνων
1660 1119 1723 1152 ου
1732 1118 1800 1168 με

261 1193 410 1259 μαχὲα
430 1189 792 1258 ’Λκαρνανίαν
808 1188 1134 1256 δυνήσεσθαι
1158 1189 1388 1257 ὑπάγειν
1408 1192 1644 1253 ἑαυτοῖς.
1672 1192 1806 1243 Τού-

255 1298 304 1331 το
329 1283 377 1332 δὲ
392 1281 502 1331 οὐδὲ
533 1280 709 1347 ὀλίγου
739 1282 820 1332 δεῖ
848 1281 939 1332 τοῦ
969 1277 1106 1334 εἶναι
1136 1282 1380 1334 δυνατόν’
1405 1284 1557 1335 αὐτοὶ
1580 1287 1684 1353 γὰρ
1711 1285 1803 1352 ἀφ’

254 1372 432 1423 ἑαυτῶν
455 1371 556 1441 ἰδίᾳ
572 1370 878 1440 κινούμενοι
902 1371 1183 1442 πλεονεξίᾳ
1206 1375 1465 1437 πολλάκις
1503 1374 1803 1445 Ἀκαρνᾶσι

254 1465 442 1535 στρατῷ
458 1465 674 1535 μεγάλῳ
692 1465 1019 1535 ὲπεστράτευ
1030 1483 1143 1531 σαν,
1161 1468 1250 1521 καὶ
1268 1469 1365 1539 τὴν
1384 1470 1565 1540 χώραν
1590 1471 1802 1522 ἐκάκω-

252 1571 336 1606 σαν
352 1555 443 1605 ὅσα
464 1554 696 1621 μάλιστα
710 1552 855 1622 ἐξῆν.
879 1554 1086 1617 Πόλεως
1105 1556 1160 1607 δὲ
1177 1558 1431 1626 οὐδεμιᾶς
1454 1558 1653 1628 nemo
1667 1578 1692 1627 η
1705 1575 1804 1610 σαν

157 1666 175 1681 ι
250 1645 409 1713 κύριοι
428 1644 695 1711 γενέσθαι,
718 1643 847 1697 οὔτε
874 1646 1060 1707 ὅπλοις
1083 1645 1404 1716 βιασάμενοι
1440 1647 1561 1700 οὗτε
1588 1651 1805 1719 πολιορ-

248 1734 334 1801 κίᾳ
374 1731 772 1797 ἀναγκάσαντες
819 1732 1077 1804 ὁμολογία
1105 1733 1582 1804 παραδοῦναι,ἀλλ’
1604 1736 1805 1806 ἀνεχώ-
1842 1723 1885 1778 Β

245 1839 404 1891 ρησαν
446 1816 517 1874 ὧν
551 1817 682 1893 ἦγον
702 1823 1089 1899 ,ἀποϐαλόντες
1110 1824 1209 1876 οὐκ
1254 1824 1490 1893 ὀλίγους,
1509 1826 1646 1899 πλὴν
1668 1829 1713 1880 εἰ
1733 1831 1808 1898 μὴ

248 1908 320 1966 ὦν
343 1913 513 1973 αὐτοῖς
557 1897 772 1976 ἑκόντες
801 1915 849 1966 οί
883 1913 1243 1985 Ἀκαρνανίας
1272 1916 1529 1987 ἄρχοντες
1559 1921 1808 1989 παρεχώ-

247 2018 429 2072 ρησαν,
480 2002 769 2071 Βοντίτζης
815 2002 910 2056 καὶ
957 2001 1294 2056 Ναυπάκτου
1330 2004 1423 2055 καλ⁵
1477 2003 1804 2073 Βοθρεντοῦ,

239 2090 365 2142 ὥστε
390 2090 525 2159 ἔχειν
558 2091 756 2152 αὐτοὺς
813 2091 1129 2160 συμμάχους
1162 2091 1296 2162 προς
1333 2092 1424 2145 τὸν
1466 2093 1597 2161 πρὸς
1654 2092 1808 2161 pm-

240 2180 325 2233 λὲα
354 2181 633 2249 Ῥωμαίων
663 2181 920 2248 πόλεμον.
947 2181 1008 2233 Οἳ
1036 2177 1128 2234 οὖν
1157 2182 1459 2252 Ἀκαρνᾶσι
1502 2183 1680 2253 μόνοις
1713 2199 1806 2233 που

242 2269 512 2341 λεμοῦντες
559 2272 711 2325 οὐδὲν
737 2272 1081 2344 ἠδυνήθησαν
1135 2273 1329 2327 ἀνύσαι
1368 2276 1548 2338 πλέον,
1596 2273 1678 2338 τίς
1711 2275 1804 2327 ἐλ-

250 2366 324 2426 πὶς
369 2365 753 2433 περιγενέσθαι
797 2363 893 2415 νῦν
929 2365 1023 2417 καὶ
1062 2365 1323 2434 βασιλέως
1370 2368 1634 2437 παρόντος
1682 2360 1799 2438 ἅμα

250 2459 484 2528 στρατιᾷ,
512 2458 568 2520 ὃς
602 2458 867 2527 πρότερόν
894 2474 952 2510 τε
981 2457 1074 2510 καὶ
1100 2456 1193 2510 νῦν
1218 2459 1348 2526 ῥᾷον
1372 2457 1592 2528 ἐξαρκεῖ
1609 2459 1803 2527 Ἀκαρ-

247 2552 386 2602 νάσιυ
410 2548 541 2619 ὁμοῦ
576 2551 672 2602 καὶ
702 2550 1063 2621 Ταραντίνοις
1087 2551 1379 2620 πολεμεῖν;
1402 2550 1475 2602 υύ
1519 2552 1647 2627 μὴν,
1684 2550 1798 2604 ἀλλ’

245 2641 358 2694 οὐδὲ
395 2641 522 2712 ὑμῖν
567 2642 725 2705 ἐλπὶς
751 2644 1125 2711 ’Ἀκαρνάνων
1169 2643 1322 2705 τινας
1354 2642 1761 2712 συναποστῆναι
1783 2660 1797 2674 ο

247 2736 329 2785 καὶ
360 2731 407 2786 οἰ
444 2736 549 2806 γὰρ
591 2734 882 2805 πρότερον,
922 2732 1141 2802 Ῥὡγιοι
1188 2735 1283 2787 καὶ
1340 2734 1598 2803 Ἀρταῖοι,
1636 2750 1799 2786 συνα-

247 2824 525 2895 πέστησαν,
559 2825 739 2888 καλῶς
778 2826 906 2897 περὶ
944 2825 1093 2894 σφῶν
1144 2824 1322 2877 αὐτῶν
1374 2824 1798 2894 βουλευσάμενοι

248 2913 309 2963 τὰ
329 2911 528 2977 δέοντα,
557 2910 772 2981 βασιλεῖ
790 2914 890 2975 τὰς
946 2911 1125 2971 πόλεις
1166 2910 1801 2981 παραδόνιιιες’προσεχώ⁹

250 3017 404 3071 ρησαν
419 3044 434 3059 ,
457 3003 547 3055 καὶ
566 3002 717 3070 σφίσι
742 3018 799 3054 τε
817 3003 997 3064 αὐτοῖς
1012 3002 1176 3055 αἴτιοι
1197 3001 1444 3070 ἐγένοντο
1465 3002 1796 3071 εὐπραγίας·

250 3057 445 3144 adlidi";
491 3057 882 3163 γὰρὶπέτυχον
910 3057 1015 3145 τίἶιν
1038 3057 1301 3163 βασιλέως
1333 3057 1681 3163 εὖεργεσίῶν,
1704 3057 1798 3144 καὶ
1830 3057 1869 3110 C

248 3184 347 3243 τοῖς
367 3183 602 3244 πολίταις
623 3184 734 3245 τοῖς
758 3182 958 3236 αὐτῶν.
979 3182 1066 3245 '0;
1085 3183 1183 3251 μὲν
1200 3181 1292 3235 οὖν
1309 3183 1358 3236 εἰ
1388 3182 1678 3254 καὶῆξουσι
1692 3181 1799 3234 Τα-

254 3276 497 3342 ραντῖνοι,
544 3274 701 3341 ὀλίγα
749 3273 783 3342 ἢ
834 3274 987 3327 οὐδὲν
1033 3274 1474 3346 λυσιτελήσουσιν
1516 3275 1670 3345 ύμῖν,
1711 3274 1799 3327 6s-

254 3363 441 3416 δεικται
465 3365 594 3435 ἡμῖν
613 3377 629 3393 °
660 3364 743 3416 ὅτι
767 3364 823 3416 δι
853 3362 977 3416 οὐδὲ
1001 3363 1196 3433 ἥξουσι
1229 3362 1328 3433 τὴν
1356 3363 1549 3433 ἀρχὴν,
1572 3362 1797 3416 αύτόθεν

253 3454 342 3524 ἤδη
372 3456 699 3525 πειράσομαι
729 3455 1028 3524 κατάδηλον
1059 3455 1375 3518 nonnulla;
1407 3455 1515 3525 γὰρ
1545 3453 1809 3507 ὀστισοῦν⁶

257 3542 387 3595 ἰδίων
418 3545 576 3598 ἕνεκα
598 3545 964 3614 ἐγκλημάτων
993 3544 1026 3616 ἢ
1058 3545 1270 3614 ἑτέροις
1298 3545 1600 3615 συμμαχῶν
1632 3545 1770 3598 ἁπτὸ
1788 3575 1801 3584 -

261 3651 399 3702 μενος
432 3638 691 3706 πολέμου,
723 3638 781 3688 ἐν
806 3637 1003 3709 ἀρχαῖς
1029 3636 1127 3705 μὲν
1159 3635 1395 3704 μάλιστα
1427 3637 1520 3689 καὶ
1552 3637 1798 3705 χρήμασι

259 3724 344 3776 καὶ
382 3724 562 3789 ὅπλοις
614 3726 927 3795 ἐρρωμένος
995 3726 1177 3794 ἔχεται
1226 3724 1543 3796 προθύμως,
1594 3724 1688 3776 ἐὰν
1746 3724 1804 3774 δὲ

259 3813 387 3879 ἅπαξ
414 3816 503 3869 καὶ
532 3815 611 3878 δὶς
638 3816 997 3885 ἐπιχειρήσας
1029 3815 1230 3884 σφαλῇ,
1250 3814 1580 3885 ἀμϐλύνεται
1604 3829 1803 3884 ’πριγ-

260 3907 465 3961 ximos:
522 3907 833 3979 τοιγαροῦν,
865 3906 940 3968 ὡς
980 3905 1131 3959 αὐτοί
1182 3922 1241 3958 τε
1281 3904 1477 3968 οἴεσθε,
1511 3904 1606 3957 καὶ
1645 3904 1805 3972 ἡμεῖς

255 4000 344 4050 οὐκ
372 4001 434 4052 ἂν
454 3999 667 4068 ἔξαρνοι
689 3997 1004 4067 γενοίμεθα,
1039 3995 1332 4067 προθύμως
1358 3995 1452 4047 τοῦ
1479 3994 1619 4064 ὑπὲρ
1646 3993 1799 4063 ὑμῶν

261 4091 474 4159 πολέμου
504 4090 787 4158 ἁπτομένη
812 4091 869 4140 ὲν
893 4086 1128 4155 ἐνιαυτῴ
1156 4086 1390 4155 μάλιστα
1410 4080 1454 4154 ᾧ
1475 4085 1797 4154 πολεμεῖσθε

264 4179 339 4245 irp'
369 4181 545 4250 ἡμῶν,
583 4179 1120 4249 παρασκευαζομένη
1167 4179 1261 4230 νῦν
1304 4179 1401 4240 τὰς
1434 4178 1564 4229 δέκα
1605 4175 1803 4239 ταύτας

265 4270 497 4341 πέπομφε
524 4276 770 4343 τριήρεις
790 4288 804 4303 ο
840 4271 891 4324 οἶ
923 4272 1021 4340 οὐχ
1050 4272 1199 4337 ὄτιγε
1228 4271 1377 4339 ὑμῖν,
1397 4268 1510 4322 ἀλλ’
1534 4268 1656 4321 οὐδὲ
1680 4269 1807 4321 tau-

1902 489 1957 532 et
1988 479 2122 532 mihi
2155 481 2294 534 bene
2320 478 2629 533 consulenti
2670 479 3160 548 obtemperantium
3189 480 3477 535 existime-

1905 569 1998 622 tis.
2034 567 2143 624 Vos
2180 568 2363 635 itaque
2404 567 2556 620 nullo
2592 566 2941 635 imperatoris
2992 578 3218 636 peccato
3256 568 3475 627 offensi.

1902 657 1969 709 ad
2003 656 2331 711 Tarentinos
2370 656 2778 726 transfugistis;
2813 672 2914 712 nec
2944 659 2993 711 id
3035 658 3362 727 simpliciter
3424 669 3480 713 ct

1914 747 2263 809 inconsulto,
2323 747 2421 800 sed
2484 747 2585 800 rati
2655 746 2873 801 illorum
2916 748 3116 816 opibus
3173 750 3478 804 Acarnania

1902 820 2196 905 petituros.
2232 823 2346 891 lloc
2395 846 2603 899 autem,
2635 836 2771 905 proh
2807 838 2820 890 ί
2855 848 3118 907 quantum
3158 839 3228 895 ab
3278 838 3478 896 eﬂ‘ectn

1903 928 2091 985 abest?
2117 927 2225 997 Ipsi
2266 928 2416 982 enim
2447 944 2546 983 sua
2587 929 2846 998 privatim
2880 932 3185 999 cupiditate
3215 941 3270 987 et
3300 934 3478 987 avari-

1905 1020 1979 1075 tia
2007 1020 2250 1089 impulsi.
2285 1021 2487 1089 saepius
2552 1021 2604 1074 in
2633 1021 2946 1075 Acarnanas
2981 1037 3105 1092 cum
3132 1038 3327 1092 magno
3352 1039 3479 1092 pro-

1905 1112 2038 1166 fecti
2067 1112 2338 1187 exercitu,
2376 1112 2656 1180 regionem
2680 1111 2905 1180 quidem
2937 1113 3391 1181 papulationibus
3420 1125 3477 1168 et

1908 1204 2190 1261 maleficiis
2236 1203 2493 1257 infestam
2537 1203 2871 1266 habuerunt,
2907 1203 3099 1257 urbem
3131 1214 3312 1258 tamen
3353 1204 3479 1258 nul-

1906 1295 2014 1351 lam
2038 1310 2140 1349 nec
2158 1294 2325 1349 armis
2339 1294 2705 1364 expugnando
2726 1304 3018 1362 ceperunt,
3045 1310 3145 1348 nec
3170 1295 3476 1350 obsidendo

1906 1384 1975 1438 ad
2011 1384 2348 1438 deditionem
2392 1393 2711 1454 coegerunt.
2749 1385 2844 1439 sed
2893 1386 3073 1454 copiis
3129 1402 3235 1440 nou
3281 1403 3472 1455 parum

1908 1477 2241 1541 iunninutis,
2293 1484 2626 1531 remearunt.
2660 1476 2891 1540 Paucas,
2931 1493 3126 1545 nempe
3171 1477 3476 1542 Bontitzcn,

1910 1567 2248 1636 Naupactum
2305 1576 2362 1621 et
2409 1567 2767 1622 Botbrentum
2803 1568 3043 1637 excipio,
3078 1569 3281 1637 quibus
3316 1570 3481 1622 Acan-

1912 1658 2091 1712 nanize
2133 1659 2437 1727 principes,
2470 1667 2531 1712 ut
2568 1671 2665 1713 eos
2699 1658 2826 1712 belli
2857 1667 3051 1713 contra
3094 1660 3476 1729 imperatorem

1920 1749 2104 1803 socios
2139 1748 2430 1809 baberent,
2463 1759 2767 1803 cesserunt.
2811 1748 2913 1815 Qui
2948 1748 3115 1819 igitur
3148 1766 3273 1804 cum
3311 1753 3481 1805 Acar-

1912 1839 2149 1893 nanibus
2194 1839 2326 1893 solis
2369 1838 2514 1893 bello
2564 1839 2980 1905 contendentes,
3039 1842 3174 1895 nihil
3225 1852 3479 1912 egerunt,

1909 1946 2032 2000 quae
2060 1945 2186 1999 spes
2227 1939 2589 2000 superaturos
2629 1946 2772 1985 nunc
2818 1940 3153 2000 praesentem
3188 1935 3485 2001 imperato-

1911 2038 2024 2076 rem
2074 2038 2198 2075 cum
2250 2024 2518 2086 exercitu,
2553 2023 2646 2090 qui
2698 2032 2753 2076 et
2795 2023 2933 2077 aitas
2990 2023 3191 2091 potttit,
3243 2033 3297 2078 et
3338 2041 3484 2079 nunc

1906 2110 2121 2165 facilius
2174 2122 2357 2180 potest
2414 2129 2541 2165 eum
2624 2114 3011 2168 Acarnanibus
3054 2114 3482 2169 et'Tarentinis

1906 2204 2069 2257 simul
2125 2205 2326 2258 bellum
2382 2206 2618 2274 gerere?
2689 2207 2759 2258 At
2826 2220 3002 2275 neque
3059 2207 3215 2261 vobis
3261 2223 3481 2276 sperare

1909 2294 2058 2359 licet,
2092 2294 2445 2349 Acarnanum
2481 2296 2699 2365 aliquos
2732 2306 2917 2351 vestro
2946 2297 3202 2366 exemplo
3236 2297 3483 2351 defectu-

1906 2400 2014 2438 ros.
2045 2385 2181 2439 Nam
2222 2386 2314 2455 qui
2379 2387 2528 2456 prius
2577 2385 2861 2440 vobiscum
2928 2386 3244 2442 defecerant
3287 2386 3482 2457 Rhogii

1905 2486 1961 2531 et
2001 2475 2190 2539 Artmi,
2227 2477 2392 2531 rebus
2425 2476 2540 2530 suis
2587 2476 2760 2547 probe
2808 2478 3192 2540 consulentes.
3243 2477 3483 2548 impera—

1905 2568 2007 2621 tori
2038 2586 2096 2622 se
2125 2568 2477 2631 addixerunt.
2515 2569 2796 2640 multaque
2838 2568 2943 2625 sibi
3013 2585 3078 2623 ac
3114 2569 3329 2624 civibus
3366 2571 3484 2625 suis

1908 2661 1980 2716 ab
2008 2676 2075 2716 eo
2110 2662 2256 2717 dona
2297 2664 2604 2728 consecuti,
2641 2663 2855 2718 felicem
2886 2670 3089 2717 statum
3122 2663 3478 2719 invenerunt.

1906 2749 2238 2806 Tarentinos
2289 2752 2495 2822 itaque,
2535 2753 2773 2808 etiamsi‘
2824 2754 3098 2818 venerint,
3144 2768 3335 2822 parum
3381 2763 3478 2807 aut

1909 2842 2050 2897 nibil
2096 2842 2254 2897 vobis
2306 2857 2487 2913 opera:
2530 2853 2826 2898 navaturos
2872 2842 3311 2898 demonstratum
3350 2854 3482 2898 est:

1911 2948 2141 3003 prorsus
2170 2943 2352 2987 autem
2398 2949 2506 2987 non
2540 2943 2821 3000 venturos,
2855 2934 2982 2988 inde
3026 2935 3272 2989 conabor
3300 2946 3486 2988 osten-

1910 3026 2066 3080 dere.
2101 3008 2426 3094 Quicunque
2460 3036 2555 3079 aut
2579 3034 2811 3096 propter
2843 3027 3085 3096 privatas
3126 3024 3482 3088 offensiones,

1904 3127 2001 3170 aut
2047 3126 2105 3170 ut
2156 3115 2344 3170 socius
2386 3106 2593 3170 bellum
2633 3117 2893 3203 capessit,
2925 3115 3201 3187 principio
3228 3117 3476 3186 quidem,

1902 3206 2035 3262 dum
2073 3207 2243 3261 armis
2290 3218 2347 3261 et
2407 3207 2638 3276 pecunia
2698 3216 2784 3262 est
2850 3207 3342 3272 instructissimus,
3387 3209 3484 3263 im-

1904 3297 2061 3369 pigre
2090 3313 2230 3369 opus
2289 3297 2530 3363 invadit;
2565 3298 2609 3353 si
2641 3299 2809 3353 semel
2843 3299 3154 3369 iterumque
3199 3300 3251 3354 id
3284 3299 3486 3356 frustra

1912 3386 2120 3451 fecerit,
2148 3385 2465 3454 languescit
2494 3386 2751 3455 impetus.
2779 3386 3043 3455 Princeps
3072 3387 3239 3457 igitur
3271 3388 3481 3443 Taren-

1910 3476 2022 3529 tina
2046 3485 2222 3530 vestra
2261 3475 2540 3544 opinione,
2572 3486 2627 3529 et
2656 3492 2787 3530 vero
2808 3479 2971 3531 etiam
2996 3487 3205 3543 nostra,
3230 3488 3481 3548 prompte

1911 3581 2009 3635 pro
2046 3565 2206 3619 vobis
2239 3566 2439 3619 bellum
2480 3581 2799 3633 capessens,
2842 3582 2952 3620 uno
2982 3567 3084 3621 ltoc
3114 3581 3277 3632 anno,
3315 3582 3425 3637 quo
3452 3584 3482 3621 a

1911 3656 2070 3710 nobis
2120 3654 2556 3725 oppugnatnini,
2609 3667 2960 3725 comparatas
3009 3657 3259 3711 triremes
3318 3657 3483 3711 hasce

1912 3747 2083 3809 misit,
2107 3761 2227 3815 quae
2277 3753 2487 3799 tantum
2541 3745 2719 3808 abest,
2753 3754 2811 3798 ut
2835 3762 2930 3801 vos
2957 3746 3270 3814 defendant,
3303 3757 3362 3802 ut
3385 3763 3488 3803 ncc

1912 3836 2121 3905 seipsas
2152 3844 2356 3904 queant
2384 3834 2702 3892 defendere.
2733 3834 2815 3888 Me
2870 3835 3015 3888 enim
3043 3835 3195 3905 juxta
3222 3850 3368 3889 mare
3393 3850 3484 3889 ca-

1914 3934 2295 3991 strametante,
2321 3941 2422 3979 nec
2448 3924 2851 3980 descenderunt
2879 3926 3168 3993 classiarii,
3201 3941 3303 3981 nec
3330 3926 3487 3996 quasi

1915 4028 2101 4072 essent
2155 4020 2358 4071 mortui
2424 4015 2762 4071 descendere
2810 4025 3129 4086 potuerunt.
3190 4016 3482 4086 Reliquum

1915 4120 2017 4175 est,
2070 4118 2130 4163 ut
2171 4108 2357 4164 vacuis
2410 4108 2665 4162 manibus
2708 4109 2775 4162 ad
2824 4123 2943 4163 eam
2997 4107 3246 4173 redeant,
3300 4124 3331 4162 a
3375 4123 3485 4177 qua

1916 4202 2068 4257 missi
2123 4211 2272 4256 sunt.
2312 4200 2441 4266 Quae
2483 4215 2606 4254 cum
2652 4199 2941 4269 intelliget,
2982 4198 3186 4254 bellum
3229 4197 3489 4253 adversus

1918 4292 2307 4361 imperatorem
2353 4306 2454 4346 nec
2507 4290 2738 4345 modicis
2786 4288 3116 4359 sumptibus,
3169 4297 3225 4343 et
3272 4287 3486 4357 magni:

264 4363 359 4421 τοῖς
376 4363 597 4431 ἀμύνειν
625 4357 728 4415 οἶοί
754 4362 813 4414 τέ
834 4362 995 4415 είσιν.
1040 4362 1204 4428 Ἑμοῦ
1227 4361 1336 4429 γὰρ
1359 4361 1507 4428 παρὰ
1530 4360 1804 4412 θάλασσαν

1919 4357 2081 4455 egere
2109 4384 2415 4450 laboribus,
2452 4384 2519 4437 de
2550 4394 2744 4438 caetero
2772 4398 2894 4452 qua:
2915 4357 3066 4437 effici
3092 4396 3203 4436 non
3233 4392 3482 4451 possunt,

266 4448 834 4519 ὲστρατοπεδευμᾶνου,
868 4447 992 4500 οὔτε
1022 4447 1328 4517 ἀπέϐησαν,
1379 4446 1502 4500 οὔτε
1534 4446 1806 4517 ἀποϐῆναι

268 4531 354 4589 οἷοί
381 4541 437 4592 τέ
464 4542 602 4595 εἰσιν
630 4557 646 4572 ο
680 4539 799 4593 ἀλλ’
821 4539 1005 4606 ὀλίγον
1051 4538 1374 4590 άπιοίκασιν
1413 4537 1655 4609 ἀψύχων.
1688 4539 1811 4592 Λεί-

269 4644 410 4683 ⁶ιεειιαι
454 4632 515 4701 δὴ
565 4631 658 4683 οὖν
722 4631 908 4692 κεναῖς
961 4629 1121 4699 χερσὶ
1173 4628 1311 4698 πρὸς
1355 4629 1454 4699 τὴν
1511 4629 1809 4699 πέμψασαν

270 4722 562 4775 ἐπανελθεῖν
585 4740 599 4755 ο
635 4722 818 4790 ἐκείνη
864 4721 922 4772 δὲ
966 4719 1153 4789 ὁρῶσα
1182 4719 1258 4781 ὡς
1295 4721 1394 4771 οὐκ
1429 4719 1625 4787 ὀλίγων
1649 4720 1810 4773 τινῶν

272 4812 638 4883 ἀναλωμάτων,
672 4811 799 4865 οὐδὲ
825 4810 1035 4883 φαύλης
1063 4812 1442 4880 πραγματείας
1467 4811 1496 4862 ὀ
1532 4811 1668 4880 πρὸς
1708 4810 1810 4879 βα-

274 4903 410 4957 σιλέα
459 4905 627 4957 δεῖται
697 4903 972 4970 πόλεμος,
1028 4902 1399 4970 ἁποσχήσεται
1457 4901 1809 4971 ἐπιχειροῦσα

271 4994 565 5059 ἀδυνάτοις·
608 4997 738 5065 ὑμῖν
785 4995 841 5047 δὲ
885 4994 1117 5064 ἐρήμοις
1164 4995 1265 5062 τῆς
1309 4993 1520 5045 ἐκεῖθεν
1558 4993 1809 5063 βοηθείας

269 5085 614 5157 λειπομένοις,
649 5087 802 5140 οὐδὲν
837 5084 967 5140 ἄλλο
1007 5083 1315 5153 λείπεταιῆ
1349 5085 1487 5151 σφᾶς
1523 5084 1719 5147 αὐτοὺς
1753 5085 1810 5136 ὲν

265 5179 595 5247 ἀνδραπόδων
645 5180 811 5249 μοίρᾳ
853 5174 1193 5246 παραδοῦναι
1246 5177 1423 5247 ἐνδείᾳ
1468 5177 1806 5242 πιεσθέντας,

262 5272 349 5320 καὶ
376 5269 589 5333 δούλους
613 5272 710 5323 καὶ
747 5266 1084 5328 ἀναστάτους
1119 5266 1449 5336 γενέσθαι,ἢ
1496 5266 1811 5338 πολιορκου-

262 5364 447 5428 μένους
496 5361 724 5415 ὶνταῡθα
794 5359 1091 5414 ἀπολέσθαι
1141 5357 1414 5426 πανδημεὶ
1457 5359 1517 5410 ἰν
1566 5357 1811 5428 φρουρίῳ

263 5454 509 5523 πνιγηρῴ
540 5456 634 5507 καὶ
673 5454 878 5524 πλήρει
911 5450 1177 5514 δυσωδίας
1228 5449 1808 5517 κατακεκλασμένους.

261 5543 509 5607 Ἔξεστιν
536 5543 627 5596 οῖιν
661 5545 896 5614 συνορᾷν
933 5541 1034 5614 την
1060 5540 1331 5612 ὠφέλειαν
1351 5536 1421 5613 ἧς
1452 5540 1608 5593 αὐτοί
1632 5556 1692 5592 τε
1720 5540 1812 5594 καὶ

256 5634 568 5707 Νικηφόρος
617 5639 645 5689 ὁ
678 5635 834 5706 ὑμῶν
882 5635 1149 5705 δεσπότης
1192 5632 1565 5689 ἀπολαύσεται
1611 5635 1676 5686 ὲκ
1703 5634 1803 5702 τῆς

490 5759 755 5816 Parum.
795 5754 910 5815 Gtt.
951 5749 1153 5813 CLIII.

1915 4487 2025 4526 non
2075 4472 2329 4527 tentabit.
2384 4472 2549 4526 Vobis
2601 4487 2731 4525 vero
2788 4472 2881 4525 illo
2932 4470 3207 4526 frustratis
3252 4471 3482 4532 auxilio,

1919 4563 2068 4617 aliud
2107 4563 2245 4618 nihil
2275 4563 2436 4634 322
2484 4564 2735 4629 restabit,
2762 4572 2932 4631 ‘quam
3001 4572 3063 4617 ut
3100 4564 3280 4618 vexati
3322 4573 3379 4619 et
3406 4580 3472 4618 re

1921 4669 2042 4708 rum
2075 4661 2316 4724 egestate
2346 4655 2616 4723 Oppressi,
2654 4668 2752 4723 pro
2783 4655 3077 4724 mancipiis
3107 4668 3204 4709 vos
3234 4656 3485 4718 tradatis.

1912 4762 1976 4801 ac
2022 4745 2249 4801 sedibus
2295 4745 2495 4799 vestris
2559 4744 2773 4815 profugi
2822 4745 3142 4801 servitutem
3211 4746 3486 4811 serviatis,

1920 4845 2016 4891 aut
2039 4836 2130 4890 hic
2160 4836 2216 4889 in
2256 4834 2518 4904 oppidulo
2546 4844 2787 4890 aestuoso
2849 4850 2912 4890 ac
2956 4836 3166 4892 [αξιοι-ῖς
3197 4838 3359 4906 pleno
3389 4838 3487 4890 ob-

1911 4928 2047 4983 sessi
2100 4935 2155 4981 et
2185 4924 2448 4992 conclusi,
2473 4940 2599 4981 eum
2639 4925 2841 4997 populo
2879 4927 3136 4985 universo
3183 4927 3487 4981 intereatis.

1928 5017 2296 5084 Quamobrem
2347 5016 2477 5071 hinc
2511 5017 2827 5080 utilitatem.
2874 5031 3040 5086 quam
3083 5015 3363 5072 vobiscum
3395 5015 3490 5070 de-

1919 5112 2077 5181 spota
2097 5122 2278 5164 vester
2305 5125 2371 5177 ex
2400 5109 2503 5164 hac
2533 5109 2841 5166 defectione
2870 5118 3132 5179 capturus
3161 5109 3254 5175 sit,
3281 5106 3491 5177 perspi-

1922 5216 2049 5255 cere
2113 5201 2266 5255 licet.
2324 5200 2483 5266 Quod
2530 5202 2575 5255 si
2639 5202 2804 5258 etiam
2850 5202 3312 5269 concederemus,
3364 5215 3491 5255 cum

1926 5292 2131 5361 ingenti
2163 5304 2430 5362 apparatu
2457 5292 2760 5347 concitatos
2784 5293 2891 5349 huc
2913 5295 3105 5348 venire
3132 5292 3481 5356 Tarentinos,

1928 5385 2197 5437 incertum
2239 5391 2348 5447 est,
2396 5396 2529 5435 num
2584 5392 2639 5435 et
2683 5384 2765 5437 sic
2799 5392 2900 5436 nos
2936 5383 3237 5436 Acarnania
3288 5391 3492 5450 queant

1915 5474 2217 5543 depellere,
2245 5473 2339 5541 qui
2380 5487 2481 5527 nec
2522 5488 2553 5526 a
2600 5473 2731 5527 solis
2787 5471 3191 5534 Acarnanibus.
3241 5469 3492 5541 quamvis

1915 5580 2008 5618 eos
2041 5578 2184 5632 saepe
2226 5562 2485 5631 aggressi,
2526 5562 2646 5615 sine
2691 5561 3026 5616 detrimento
3056 5567 3353 5632 potuerunt
3376 5560 3493 5615 dir

1922 5655 2139 5710 cedere.
2176 5651 2331 5717 Quod
2378 5652 2423 5706 si
2462 5659 2518 5706 et
2563 5652 2666 5709 hoc
2699 5652 2979 5719 daremus,
3022 5653 3143 5708 illos
3196 5654 3354 5710 nobis
3382 5665 3485 5723 po-

3015 5748 3151 5806 21.
