3992 6202
571 253 669 317 651
1744 256 2073 320 ΙΠΑΝΝΙΒ
2113 261 2645 322 CANTACUZENI
3640 271 3720 328 θῐιέ.

571 364 841 421 tentiores
890 364 1259 432 existimatos,
1313 363 1479 419 urbes
1535 364 1899 432 subacturos;
1943 367 2147 422 nihilo-

2264 374 2613 434 πιποστασίας.
2649 372 2710 425 El
2744 372 2787 425 δ’
2825 374 2929 442 ἀρα
2977 373 3072 426 καὶ
3129 373 3538 444 συγχωρήσαιμεν
3584 395 3718 444 παρα·

575 458 758 512 minus
808 468 923 511 tum
958 471 1180 527 quoque
1220 456 1418 510 misera
1463 457 1571 510 erit
1631 466 1810 510 vestra
1855 468 1911 511 et
1952 458 2141 513 infelix

575 549 847 605 conditio.
878 548 1204 603 Necessario
1235 547 1382 601 enim
1411 547 1518 602 illis
1545 549 1820 603 servietis.
1855 549 1971 603 Non
1999 551 2145 604 enim

576 641 823 711 profecto
869 640 1008 694 adeo
1056 639 1379 708 insipientes
1409 645 1559 703 sunt,
1607 648 1668 693 ut
1712 639 1859 708 quod
1897 655 2150 709 saepenu-

577 747 728 785 mero
779 731 1090 800 cupierunt,
1143 729 1186 784 si
1251 730 1303 782 id
1343 737 1468 797 post
1527 743 1754 799 magnos
1824 731 2040 785 labores
2089 742 2147 786 et

580 822 822 891 pericula
877 829 1266 890 assequantur,
1328 821 1466 874 citra
1527 821 1693 874 ullam
1761 823 2148 877 necessitatem

578 916 737 970 vobis
787 914 1125 968 condonent.
1177 911 1350 978 Quale
1401 922 1582 967 autem
1635 922 1692 968 et
1741 929 1904 982 quam
1949 914 2149 968 durum

580 1004 1016 1059 Tarentinorum
1059 1003 1399 1072 aliorumque
1466 1002 1784 1057 Latinorum
1859 1003 2150 1073 imperium

583 1097 676 1157 sit,
720 1109 816 1147 vos
844 1093 1185 1157 experientia
1225 1093 1338 1161 ipsa
1391 1094 1585 1147 melius
1613 1108 1775 1162 quam
1813 1109 1914 1148 nos
1945 1109 2151 1165 cogno-

579 1185 755 1240 vistis.
798 1186 1068 1252 Quocirca
1117 1187 1234 1240 sive
1284 1184 1684 1254 adjuvabimini
1735 1201 1766 1239 a
1813 1186 2151 1248 Tarentinis,

579 1278 695 1332 sive
727 1293 872 1343 non;
904 1278 1019 1332 sive
1043 1292 1143 1331 nos
1171 1277 1427 1339 vicerint,
1457 1277 1572 1330 sive
1594 1292 1623 1329 a
1655 1277 1818 1331 nobis
1840 1277 2154 1341 vincentur,

2254 467 2420 532 σκευῇ
2456 464 2669 534 μεγάλῃ
2708 466 2780 516 'l‘a
2797 464 3074 532 ραντίνους
3108 466 3170 516 ὲκ
3201 464 3297 533 τῆς
3325 465 3503 528 οἰκείας
3523 469 3725 538 ὀρμηθέι·

2251 569 2348 616 τας
2382 554 2567 607 ἐνθάδε
2597 555 2775 625 ἥκειν,
2804 555 2995 624 ἄδηλον
3052 555 3153 624 μὲν
3179 556 3227 606 εί
3251 556 3340 608 «καὶ
3380 556 3502 610 οὕτω
3529 558 3725 628 δυνήσον-

2251 661 2343 696 ται
2382 646 2533 713 ἡμᾶς
2549 646 2912 715 Ἀκαρνανίας
2937 646 3210 710 ἐξελάσαι,
3237 644 3285 697 οἳ
3311 645 3419 698 οὐδὲ
3443 648 3558 715 πρὸς
3586 650 3731 716 μόνους

2264 736 2627 807 ⁹Λκοιρνάνας,
2661 739 2907 804 καίτοιγε
2936 738 3200 799 πολλάκις
3239 739 3648 806 ἐπιχειρήσαντες,
3674 741 3733 790 lc-

2253 846 2426 897 χυσαν
2461 833 2630 900 χωρίς
2667 830 2871 900 ζημίας
2925 829 3236 895 ἀπαλλάξαι
3267 828 3610 897 πολεμοῦντες.
3637 831 3733 884 Eii}

2255 919 2363 988 ἄρα
2413 921 2696 975 καὶτοῦτο
2750 922 2972 992 δοίημεν
3020 923 3080 974 τὸ
3118 923 3274 990 ἡμῶν
3320 923 3498 983 αὐτοὺς
3537 922 3737 990 ὀφθέντας

2256 1013 2538 1080 κρείττους
2570 1013 3031 1083 παραστήσασθαι
3060 1014 3160 1077 τὰς
3213 1013 3404 1076 πόλεις,
3431 1014 3538 1065 τότε
3562 1031 3614 1082 γε
3647 1015 3739 1082 ὑμῖν

2255 1102 2321 1154 τά
2377 1105 2682 1175 πράγματα
2728 1107 2988 1175 οὐδεμιᾶς
3041 1105 3252 1175 βέλτιον
3299 1106 3404 1172 ἕξει
3447 1106 3738 1175 δυστραγίας.

2268 1196 2510 1266 Ἀνάγκη
2539 1197 2648 1267 γὰρ
2677 1197 2823 1267 ὑμᾶς
2849 1199 3035 1261 αὐτοῖς
3063 1197 3358 1251 δουλεύειν.
3401 1199 3470 1250 Οὐ
3503 1200 3595 1268 γὰρ
3612 1200 3739 1266 δήπου

2256 1303 2320 1351 γε
2355 1289 2743 1356 ἁνοηταίνουσι
2772 1288 3048 1352 τοσοῦτον,
3081 1288 3223 1342 ὥστε
3252 1275 3310 1340 οὐ
3341 1289 3576 1351 πολλάκις
3599 1290 3746 1342 ὲπεθύ·

2261 1395 2465 1448 μησαν,
2501 1381 2639 1448 μετὰ
2666 1381 2792 1443 τοὺς
2820 1381 3092 1449 μεγάλους
3121 1385 3318 1444 πόνους
3341 1383 3429 1434 καὶ
3461 1383 3689 1439 κινδύνους
3712 1384 3747 1432 εἰ

2259 1470 2528 1536 παρέσται
2581 1471 2827 1542 ἀνάγκης
2858 1472 3117 1541 οὐδεμιᾶς
3167 1473 3445 1543 παρούσης
3475 1473 3587 1542 ὑμῖν
3626 1475 3750 1543 προέη

2263 1559 2408 1613 σθαι.
2449 1560 2641 1614 Ὀποία
2675 1563 2730 1616 δὲ
2767 1565 2800 1632 ἡ
2832 1551 3182 1634 Ταραντίνων
3211 1567 3305 1618 καὶ
3335 1566 3439 1618 τῶν
3485 1564 3635 1617 ἄλλων
3671 1565 3750 1616 Λα-

2259 1653 2422 1707 τίνων
2477 1654 2715 1720 δουλεία,
2749 1658 2902 1708 αὐτοὶ
2961 1658 3081 1711 ῐστε
3141 1660 3313 1729 πείρᾳ
3365 1658 3556 1729 βέλτιον
3599 1659 3749 1728 ἡμῶν·

585 1757 862 1812 debimus.
916 1754 1072 1809 Nunc
1127 1756 1273 1809 enim
1343 1755 1664 1823 imperator,
1717 1754 1994 1809 arbitrans
2038 1756 2151 1826 ipso

2264 1743 2399 1797 ὥστε
2424 1745 2534 1798 εἴτε
2577 1749 3038 1818 συμμαχήσουσιν
3085 1750 3212 1820 ύμῖν
3243 1753 3292 1804 οἱ
3334 1752 3646 1820 Ταραντῖνοι,
3673 1750 3751 1803 εἴτε

585 1858 787 1904 eventu
821 1848 1035 1910 doctos,
1070 1862 1233 1917 quam
1264 1847 1330 1900 de
1357 1847 1627 1900 vobismet
1654 1845 1792 1899 male
1825 1847 2151 1908 merueritis,

2264 1838 2360 1908 μὴ,
2393 1837 2503 1892 εἴτε
2533 1841 2850 1909 νικήσουσιν
2887 1843 3055 1912 ἡμᾶς,
3091 1845 3202 1895 εἴτε
3235 1843 3604 1914 ἡττηθήσονται
3623 1842 3752 1905 αὐτοὶ,

586 1952 794 1998 mutata
833 1942 1118 1996 voluntate
1156 1939 1219 1992 ad
1250 1955 1307 1994 se
1370 1953 1710 2004 accessuros,
1742 1949 1798 1993 et
1836 1941 1950 2009 ipse
1977 1939 2151 1994 adhuc

2264 1930 2414 1982 οὐδὲν
2465 1932 2594 2000 ὑμῖν
2625 1932 2867 1986 ἐλλείπει
2918 1934 3013 1987 τοῦ
3049 1933 3126 2005 μὴ
3185 1937 3268 1998 εἰς
3306 1937 3522 2006 ἔσχατον
3563 1934 3753 1987 κινδύνιυ

584 2042 888 2104 exspectat.
917 2041 972 2087 et
1005 2047 1142 2102 quas
1168 2030 1220 2083 in
1251 2029 1373 2083 aliis
1420 2031 1649 2084 urbibus
1685 2030 1903 2084 habetis
1931 2030 2151 2085 faculta-

2264 2019 2586 2088 ἀιρικέσθαι·
2616 2023 2676 2074 ού
2734 2023 2839 2093 μὴν
2889 2024 3004 2078 ἀλλ’
3037 2026 3158 2079 οὐδὲ
3201 2028 3353 2098 ἡμᾶς
3387 2026 3757 2096 ὀλιγωρήσαντες

587 2139 690 2189 tes,
744 2125 985 2179 nondum
1040 2123 1094 2176 in
1143 2121 1279 2175 alios
1323 2120 1600 2190 dispertit.
1637 2120 1694 2176 Si
1747 2136 1840 2175 vos
1884 2122 2151 2176 calculum

2264 2107 2346 2160 διά
2388 2109 2479 2161 τὸν
2511 2110 2723 2180 χρόνον,
2766 2113 3180 2185 ἀποστήσεσθαι
3225 2116 3330 2186 τῆς
3360 2114 3644 2184 πολιορκίας
3679 2114 3756 2164 cis-

585 2218 916 2272 reducturos
939 2211 1334 2282 desperaverit,
1367 2226 1476 2264 non
1507 2220 1718 2265 vestras
1749 2210 2034 2276 duntaxat,
2062 2211 2151 2266 sed

2264 2196 2410 2262 σθαι,
2447 2199 2573 2251 νοῦν
2625 2201 2857 2270 ἐχόντων
2909 2192 3440 2276 ὲστὶνχάνθρώπων.
3484 2205 3552 2257 Οὐ
3596 2205 3682 2272 γὰρ
3713 2201 3758 2267 δὴ

583 2321 642 2367 ct
699 2317 1059 2378 cognatorum
1128 2313 1441 2360 vestrorum
1495 2303 1751 2357 fortunas
1813 2305 2151 2359 Acarnanum

2264 2289 2412 2342 αὐτοὶ
2456 2291 2831 2362 καθοδούμεθα
2859 2294 3020 2366 μέχρι
3055 2298 3260 2362 παντὸς
3294 2298 3434 2370 ὑμᾶς
3478 2294 3760 2368 πολιορκοῦν-

585 2401 986 2474 potentissimis
1035 2399 1205 2470 gratis
1233 2398 1406 2450 dabit.
1440 2396 1541 2462 Qui
1598 2396 1682 2450 sui
1728 2406 1968 2466 quzestus
2013 2397 2151 2467 cupi-

2264 2399 2368 2444 τες.
2407 2382 2520 2436 Νῦν
2577 2385 2676 2454 μὲν
2743 2387 2852 2456 γάρ
2906 2387 3162 2457 βασιλεὺς
3218 2392 3465 2462 οἰόμενος
3528 2387 3581 2454 ἐξ
3630 2388 3762 2442 αὐτῶν

583 2472 712 2551 dine
738 2492 1024 2555 commoti,
1053 2490 1136 2546 vel
1165 2489 1304 2544 ultra
1342 2489 1488 2542 vires
1521 2489 1776 2554 animosi,
1809 2498 1865 2542 et
1897 2503 2067 2557 parvo
2090 2488 2151 2542 ab

2264 2472 2608 2544 διδαχθέντας
2666 2478 2774 2532 τῶν
2807 2481 3152 2550 πραγμάτων
3202 2485 3282 2546 ὼς
3345 2485 3404 2536 οὐ
3451 2483 3763 2537 λυσιτελοῦντα

584 2589 920 2656 imperatore
967 2591 1191 2650 accepto
1236 2579 1512 2649 prrcsidio,
1557 2586 1616 2631 ut
1663 2579 2151 2648 perniciosissimos

2264 2567 2657 2622 ἐϐουλεύσασθε
2698 2571 2828 2640 ὑμῖν
2856 2576 3060 2638 αὐτοῖς,
3105 2578 3469 2646 μεταγνόντες
3497 2576 3762 2645 προσχωρή-

582 2681 774 2734 hostes
807 2693 904 2732 vos
935 2673 1354 2745 oppugnabunt,
1386 2687 1486 2727 nec
1517 2671 1775 2725 obsidere
1837 2671 2151 2733 cessabuntI

2264 2676 2385 2713 σετε
2425 2661 2595 2730 αὐτῷ,
2646 2663 2811 2726 αὐτός
2855 2682 2914 2716 τε
2949 2665 3031 2717 ἔτι
3067 2669 3378 2737 περιμένει,
3426 2669 3515 2722 καὶ
3559 2668 3659 2720 οὐδὲ
3695 2668 3768 2724 τὰς

584 2772 765 2842 quoad
805 2770 1059 2823 subactos
1123 2781 1247 2820 cum
1289 2763 1616 2834 coniugibus
1661 2772 1714 2816 et
1749 2763 1936 2817 liberis
1985 2762 2159 2832 patria

584 2872 836 2918 extorres
870 2856 1234 2913 reddiderint.
1269 2854 1381 2910 Nos
1407 2869 1533 2909 cum
1576 2855 1910 2922 imperatore
1937 2853 2158 2907 domum

587 2962 951 3010 revertemur.
1006 2950 1202 3004 Videte
1256 2946 1455 3017 igitur,
1511 2945 1716 3016 quibus
1769 2945 1988 3000 casibus
2055 2949 2151 2998 hoc

2266 2941 2422 3009 μόνον
2455 2941 2522 2995 τὰ
2566 2942 2809 3015 ὑμετέρα
2856 2946 3135 3014 κτήματα,
3187 2946 3333 3000 ἀλλὰ
3381 2947 3595 3001 καὶτῶν
3641 2942 3774 2997 ἄλλων

585 3045 794 3099 bellum
829 3057 928 3097 vos
957 3040 1274 3107 objectabit.
1328 3037 1383 3092 Si
1438 3053 1523 3092 me
1571 3037 1798 3093 meliora
1835 3038 2151 3090 suadentem

2266 3036 2543 3100 συγγενῶν
2573 3034 2729 3102 ὑμῶν
2773 3037 2885 3098 τοῖς
2915 3034 3324 3100 δυνατωτάτοις
3365 3038 3678 3106 Ἀκαρνάνων
3702 3049 3777 3080 πα-

585 3133 896 3197 audieritis,
923 3143 1130 3199 vosque
1164 3137 1218 3183 cl.
1259 3127 1447 3183 urbem
1475 3127 1788 3198 imperatori
1813 3127 2151 3192 dedideritis,

2269 3121 2504 3190 ραδώσει
2534 3139 2548 3152 θ
2584 3123 2634 3176 οἳ
2666 3125 2890 3194 κέρδους
2920 3127 3083 3180 ἕνεκα
3122 3128 3284 3196 ίδίου,
3321 3126 3573 3200 καῖ’ὑπὲρ
3601 3125 3778 3192 δύναμιν

586 3229 824 3300 primum
879 3223 1122 3295 quidem,
1183 3220 1330 3293 quod
1385 3221 1639 3286 studetis,
1699 3220 2012 3290 Nicephoro
2061 3220 2151 3274 de-

2268 3213 2671 3284 πολεμήσουσιν
2711 3217 2839 3287 ὑμῖν
2887 3220 2961 3282 ὠς
3021 3219 3462 3288 πολεμιωτάτοις
3513 3221 3596 3273 καὶ
3637 3218 3780 3284 ὀλίγην

593 3328 764 3390 spots:
802 3326 988 3372 vestro
1019 3314 1365 3370 commodare
1408 3313 1633 3379 licebit;
1665 3327 1765 3382 ego
1801 3311 1948 3367 enim
1992 3311 2151 3364 filiam

2269 3308 2485 3377 ἔχοντες
2543 3311 2608 3362 ἐκ
2643 3309 2907 3380 βασιλέως
2965 3315 3255 3384 στρατιάν,
3293 3316 3388 3369 καὶ
3437 3317 3532 3368 οὐκ
3573 3313 3782 3382 ἀνήσουσι

587 3425 761 3464 meam
791 3409 840 3464 ei
877 3422 1100 3463 uxorem
1131 3408 1482 3476 conjungam,
1523 3404 1668 3474 quod
1699 3404 1751 3456 in
1794 3419 2005 3458 summa
2035 3403 2151 3456 feli-

2269 3398 2690 3469 πολιορκοῦντες
2720 3402 2883 3470 ἄχρις
2924 3397 2986 3456 οὗ
3023 3407 3518 3475 παραστησάμενοι
3547 3401 3712 3462 αὐτούς
3740 3414 3782 3448 τε

585 3503 754 3556 ritate
803 3499 1118 3571 ponendum
1175 3513 1277 3552 nec
1334 3511 1433 3550 vos
1481 3495 1726 3550 nescitis.
1779 3496 2050 3550 Przeterea
2103 3503 2151 3549 ut

2270 3494 2362 3546 καὶ
2393 3496 2662 3558 γυναῖκας
2693 3491 2790 3548 καὶ
2816 3495 3004 3561 τέκνα,
3043 3497 3314 3566 θήσουσιν
3365 3497 3682 3568 ὑπερορίους.
3709 3494 3785 3545 Ba-

586 3596 759 3650 tilium
812 3609 990 3648 meum
1041 3589 1201 3661 323
1253 3588 1536 3654 educabo;
1595 3596 1651 3642 et
1706 3588 2026 3657 imperator,
2065 3585 2151 3655 qui

2271 3587 2452 3648 σιλεύς
2479 3586 2533 3638 δὲ
2557 3587 2651 3640 καὶ
2670 3589 2833 3657 ἡμεῖς
2868 3587 3050 3641 οἴκαδε
3084 3591 3348 3662 ἀναχωρή
3359 3607 3540 3660 σομεν.
3562 3584 3787 3654 Σκέψασθι

587 3687 723 3744 mibi
760 3686 902 3740 bene
930 3685 1068 3749 vult,
1097 3696 1216 3737 mea
1240 3695 1403 3735 causa
1433 3679 1742 3733 honoribus
1767 3695 1828 3733 ac
1880 3676 2151 3733 beneﬁciis

2267 3677 2360 3731 οὖν
2382 3675 2437 3731 οἷ
2465 3679 2649 3732 κακῶν
2674 3681 2702 3731 ὁ
2724 3680 2860 3750 πρὸς
2889 3679 3117 3748 βασιλέα
3145 3683 3390 3752 πόλεμος
3414 3683 3537 3750 ύμῖν
3567 3681 3786 3750 χωρῆση·

586 3777 733 3848 apud
768 3776 1045 3831 Romanos
1072 3771 1492 3843 amplitudinem
1517 3771 1635 3841 ejus
1657 3769 1980 3825 illustrabit.
2007 3769 2151 3824 Adde

2269 3773 2363 3826 ἐὰν
2389 3772 2436 3825 δ’
2498 3772 2622 3841 ἐμοὶ
2653 3772 2723 3824 τὰ
2771 3771 2966 3841 βελτίω
3019 3775 3387 3843 παραινοῦντι
3437 3772 3676 3840 πείθησθε
3720 3765 3791 3818 καὶ

587 3870 734 3939 quod
755 3879 810 3924 et
829 3869 983 3923 vobis
1012 3883 1119 3920 non
1145 3881 1316 3935 pauca
1339 3865 1468 3917 hinc
1484 3863 1854 3916 emolumenta
1877 3861 2151 3928 parabilis.

2270 3867 2496 3927 ἑαυτοὺς
2537 3865 2751 3934 βασιλεῖ
2785 3867 2876 3918 καὶ
2932 3865 3031 3936 τὴν
3058 3867 3211 3920 πόλιν
3279 3866 3586 3937 παραδῶτε,
3618 3861 3786 3931 πρῶτον

587 3964 723 4019 Nam
767 3973 822 4016 et.
856 3961 944 4014 hic
974 3974 1107 4029 opes
1144 3968 1356 4011 vestras
1395 3953 1699 4009 cumulabit
1731 3953 2052 4021 imperator,
2105 3962 2151 4006 el

2274 3957 2395 4027 μὲν,
2432 3959 2567 4027 ὅπερ
2596 3959 2753 4010 αὐτοὶ
2784 3958 2873 4011 διὰ
2906 3957 3147 4026 σπουδῆς
3175 3959 3428 4012 ποιεῖσθε
3458 3959 3517 4011 τὸ
3544 3953 3793 4023 Νικηξὸρφ

587 4071 708 4125 quae
739 4054 786 4107 N
811 4053 1054 4122 cepboro
1095 4051 1338 4118 des-potae
1385 4056 1570 4100 vestro
1607 4046 2056 4115 assignabuntur,
2095 4061 2151 4101 ex

2270 4051 2347 4120 τῷ
2403 4050 2560 4118 ὑμῶν
2590 4050 2826 4120 δεσπότῃ
2860 4049 3131 4118 ὠφέλειάν
3161 4066 3288 4102 τινα
3319 4050 3559 4118 ἐξευρεῖν
3599 4043 3790 4109 ἐξέσται.

588 4149 658 4202 iis
712 4145 949 4198 fructum
1011 4141 1248 4208 aliquem
1323 4137 1574 4206 capietis.
1630 4135 1791 4189 Plura
1857 4137 2151 4190 acervanda

2284 4143 2428 4212 Ἐγὼ
2471 4143 2580 4213 γὰρ
2614 4143 2764 4212 αὐτῷ
2801 4141 2898 4212 τὴν
2939 4141 3081 4212 ἐμὴν
3112 4145 3486 4214 κατεγγυήσω
3534 4138 3793 4208 θυγατέρα·

589 4243 758 4297 dictis
783 4254 890 4293 non
923 4251 1144 4299 censeo,
1171 4249 1297 4288 cum
1323 4219 1386 4288 ea
1423 4233 1531 4295 liis,
1562 4232 1656 4301 qui
1680 4232 1920 4300 sapiunt,
1945 4232 2151 4301 possinl

2271 4236 2408 4304 ὅπερ
2442 4236 2522 4287 ὅτι
2573 4251 2637 4302 γε
2690 4235 2904 4298 οὐδενὸς
2951 4234 3206 4305 δεύτερον
3251 4237 3336 4298 εἰς
3377 4232 3621 4303 εὐτυχίας
3653 4230 3792 4293 λόγον.

592 4333 923 4400 intelligi-re,
969 4339 1226 4398 quantam
1271 4325 1375 4379 vim
1414 4324 1681 4378 malorum
1721 4323 1948 4388 bellum,
1989 4339 2151 4393 quan-

2271 4326 2380 4379 οὐδ’
2415 4327 2570 4378 αὐτοὶ
2603 4327 2847 4393 ἀγνοεῖτε
2907 4325 3104 4393 δήπου.
3147 4324 3297 4391 Ἐγώ
3354 4343 3416 4378 τε
3467 4324 3571 4394 γὰρ
3601 4321 3667 4382 ὡς
3711 4318 3798 4369 aii»

593 4437 701 4479 tam
739 4413 982 4477 vicissim
1017 4421 1291 4474 bonorum
1321 4417 1534 4486 c0piam
1571 4414 1780 4469 deditio
1809 4415 2040 4470 allatura
2069 4414 2151 4468 sit.

2273 4416 2557 4487 ὲκθρέψω·
2605 4417 2699 4469 καὶ
2731 4416 2986 4485 βασιλεὺς
3018 4417 3118 4484 τῆς
3158 4417 3241 4478 είς
3276 4418 3380 4486 ἐμὲ
3410 4416 3614 4476 εὐνοίας
3650 4412 3795 4464 ἕνεκα,

597 4515 704 4570 Vos
739 4513 1109 4576 considerate,
1140 4520 1195 4564 et
1222 4507 1499 4563 utrumvis
1531 4505 1801 4576 eligitote.
1835 4505 1905 4561 Ut
1932 4505 2151 4560 absolvit

2270 4510 2457 4576 τιμαῖς
2491 4525 2551 4560 τε
2579 4508 2673 4559 καὶ
2724 4506 2950 4568 πολλαῖς
2987 4507 3340 4577 εὐεργεσίαις
3375 4505 3644 4577 περιφανῆ
3684 4497 3802 4568 παρὰ

596 4607 954 4668 domesticus,
981 4601 1289 4656 Riebardus
1336 4601 1480 4654 inter
1531 4598 1830 4653 familiares
1869 4597 2146 4665 Niceplior

2279 4599 2575 4668 Ῥωμαίοις
2613 4599 2792 4668 θήσει.
2827 4599 3058 4651 Ἔπειτα
3109 4601 3202 4650 καὶ
3257 4601 3481 4660 ἑαυτοῖς
3505 4601 3607 4654 ,οὐκ
3647 4593 3800 4657 ὀλίγων

597 4698 805 4765 primas
835 4704 1022 4748 tenere
1073 4706 1130 4745 se
1164 4691 1280 4759 ipse
1309 4703 1528 4758 quoque
1555 4705 1666 4742 non
1696 4686 1962 4758 negabat,
1985 4696 2151 4741 tamex

2270 4694 2430 4747 τινῶν
2464 4692 2687 4760 ἀγαθῶν
2745 4691 2909 4745 αἴτιοι
2962 4690 3288 4759 γενήσεσθε.
3332 4689 3604 4747 Ἐνταῦθά
3630 4703 3682 4740 τε
3722 4682 3803 4750 γὰρ

594 4787 661 4842 ad
709 4785 833 4838 illos
869 4796 1088 4852 quoque
1132 4779 1500 4844 referendum,
1537 4786 1593 4832 et
1634 4777 2003 4832 communiter
2035 4778 2151 4846 quit

2273 4783 2417 4853 ὑμᾶς
2449 4779 2509 4836 εὖ
2534 4784 2753 4852 ποιήσει
2807 4783 3083 4851 βασιλεὺς,
3107 4777 3188 4846 οἷς
3222 4784 3410 4853 εἴχετε
3459 4784 3704 4851 πρότερον
3732 4773 3802 4824 καὶ

595 4876 680 4946 agi
710 4871 1052 4935 conveniret,
1105 4869 1534 4924 decernendum.
1574 4869 1926 4940 Approbante
1972 4882 2151 4938 magm

2270 4875 2436 4946 ἕτερα
2481 4875 2739 4946 προσθείς
2762 4891 2776 4906 °
2810 4878 2904 4929 καὶ
2948 4875 3058 4928 τῶν
3106 4875 3423 4947 Νικηφόρῳ
3457 4874 3534 4946 τῷ
3583 4870 3717 4942 ὐμῶν
3741 4866 3804 4918 δε·

597 4965 928 5030 domestico,
956 4963 1045 5018 die
1076 4962 1328 5032 sequenti
1364 4962 1673 5016 rediturum
1735 4975 2151 5031 responsumqui

2275 4967 2450 5037 σπότῃ
2481 4967 3058 5038 ἀπονεμηθησομένων
3127 4968 3480 5020 ἀπολαύσετε
3537 4967 3596 5017 τὸ
3655 4959 3802 5031 μέρος·

598 5058 898 5112 relaturum
932 5055 1234 5125 pollicitus,
1267 5053 1323 5107 in
1366 5053 1562 5108 urbem
1598 5067 1661 5108 se
1701 5052 1929 5121 recepit.
1970 5050 2151 5106 Coactt

2273 5059 2450 5111 Πλείω
2491 5058 2591 5128 μὲν
2617 5057 2710 5111 οὖν
2749 5060 2934 5113 οὐκέτι
2974 5059 3084 5112 δεῖν
3113 5059 3300 5127 οἴομαι
3335 5058 3606 5128 συνείρειν
3626 5093 3646 5117 ,
3677 5044 3806 5103 ἱκανὰ

596 5165 626 5204 e
679 5146 1051 5217 praesentibus
1099 5152 1400 5211 conventu,
1437 5153 1717 5212 quaerunt,
1766 5143 1966 5214 ecquid
2014 5159 2073 5200 se
2115 5161 2144 5200 e

2272 5152 2380 5222 γὰρ
2413 5150 2547 5221 παρ’
2595 5149 2656 5204 εὖ
2700 5151 2962 5220 φρονοῦσι
2997 5149 3093 5203 καὶ
3137 5149 3207 5202 τὰ
3253 5149 3531 5219 εἰρημένα
3555 5185 3572 5210 ,
3610 5146 3732 5197 ὅσων
3762 5151 3806 5187 τε

596 5241 859 5309 oppidum
921 5239 1140 5292 tradant
1176 5275 1190 5298 ,
1240 5236 1532 5305 magnique
1599 5234 1886 5290 domestici
1945 5237 2151 5290 moniti:

2272 5244 2457 5298 κακῶν
2486 5244 2618 5311 ύμῖν
2638 5243 2667 5295 ὁ
2699 5243 2933 5312 πόλεμος
2971 5242 3144 5305 αἴτιος
3173 5243 3333 5295 ἔσται
3361 5236 3710 5310 καταμαθεῖν,
3737 5226 3808 5280 καὶ

599 5331 956 5401 obsequelam‘
985 5330 1291 5384 faciendam
1321 5343 1590 5383 consensu
1633 5328 1872 5384 ﬁrmant.
1898 5329 2151 5384 Postridit

2271 5339 2413 5391 ὅσων
2444 5335 2669 5404 ἀγαθῶν
2695 5337 2755 5388 τὸ
2781 5335 3177 5405 προσχωρῆσαι
3201 5336 3441 5406 βασιλεῖ.
3473 5335 3626 5402 Ὑμῖν
3647 5329 3695 5380 δὲ
3719 5319 3810 5383 ιξέ·

601 5421 1192 5479 rediens.Richardus
1245 5421 1414 5475 Deum
1476 5429 1734 5482 tesratur,
1791 5421 1942 5490 ipsos
1992 5439 2151 5492 nequi

2275 5412 2411 5483 σται
2455 5427 2940 5497 διασκεψαμένοις,
2971 5427 3078 5479 τῶν
3131 5430 3452 5498 εἰρημένων
3515 5413 3806 5493 προσθέσθαι

600 5520 728 5573 odio
776 5517 1146 5586 imperatoris,
1199 5531 1380 5586 neque
1427 5517 1508 5569 sui
1559 5529 1802 5586 quzesms
1852 5532 2017 5571 causa
2056 5519 2151 5587 t'jll!

2274 5518 2579 5587 ὁποτέροις.
2611 5517 2850 5571 Τοιαῦτα
2878 5517 3250 5587 διειλεγμένου
3281 5519 3381 5570 τοῦ
3413 5515 3650 5586 μεγάλου
3677 5508 3809 5572 δομε-

598 5607 790 5664 l‘renos
816 5611 1150 5672 excussisse,
1191 5609 1287 5662 sed
1331 5607 1648 5676 Opinantes.
1697 5609 1741 5660 si
1773 5610 1934 5681 primi
1975 5609 2146 5663 deliec

2278 5610 2480 5675 στίκου,
2526 5612 2554 5661 ὀ
2595 5608 2905 5680 Ῥιτζάρδος
2942 5610 3051 5662 τῶν
3095 5611 3191 5679 μὲν
3232 5609 3542 5679 Νικηφόρῳ
3596 5606 3809 5670 συμπαρ·

607 5711 749 5768 rent,
785 5702 1025 5772 reliquos
1063 5704 1378 5758 Acarnanas
1420 5712 1728 5762 secuturos,
1767 5709 1823 5753 et
1864 5699 1968 5754 hoc
2007 5706 2151 5757 modi

2275 5705 2443 5757 ὀντων
2484 5702 2661 5756 ἄλλων
2704 5702 2980 5772 ὡμολόγει
3041 5703 3133 5755 καὶ
3178 5701 3344 5763 αὐτὸς
3413 5698 3696 5769 προέχειν,
3728 5685 3809 5740 δεῖν

580 1371 718 1424 nihil
770 1369 968 1429 aberit,
1006 1369 1300 1436 quominus
1347 1369 1401 1420 in
1443 1367 1706 1422 extremis
1761 1369 1919 1423 malis
1963 1383 2154 1422 verse-

585 1461 742 1513 mini.
783 1459 889 1513 Sed
931 1473 1111 1527 neque
1145 1473 1243 1511 nos
1275 1458 1644 1513 diuturnitate
1689 1459 2036 1515 remissiores
2079 1461 2157 1514 l'a-

583 1561 703 1606 ctos
737 1551 1082 1606 obsidionem
1123 1550 1405 1604 soluturos
1453 1550 1710 1604 arbitrari
1744 1552 2029 1620 prudentis
2072 1560 2156 1605 est

583 1642 844 1697 hominis.
881 1641 992 1696 Nos
1024 1641 1127 1710 ipsi
1157 1641 1376 1710 quidem
1426 1658 1534 1696 non
1575 1657 1793 1712 semper
1819 1643 1977 1698 vobis
2015 1643 2158 1698 assi-

2265 2757 2489 2826 >.τήσεις
2513 2757 2667 2826 ὑμῶν
2697 2757 2792 2820 τὰς
2825 2759 2883 2811 ἐν
2922 2761 3043 2820 ταῖς
3087 2761 3284 2826 ἄλλαις
3313 2764 3499 2816 πόλεσι
3525 2760 3772 2830 παρέσχετο

2263 2847 2474 2917 ἑτέροις
2494 2863 2510 2882 ο
2562 2847 2630 2902 ἂν
2687 2849 2741 2902 δὲ
2775 2850 3004 2920 ἀπογνῷ
3035 2852 3134 2922 τὴν
3170 2855 3533 2923 μεταμέλειαν
3562 2852 3706 2922 ὑμῶν.
3728 2848 3772 2897 (ιῦ
