3992 6202
506 271 623 336 655
1687 269 2020 330 JOANNIS
2059 268 2082 355 ι

2083 266 2588 331 ΣΑΝΤΑΟΙΙΖΕΝΙ
3572 277 3659 337 fini

515 404 615 443 sua
670 393 752 442 tot
798 382 1043 439 maculas
1097 380 1436 451 quotidianis
1505 380 1814 436 actionibus
1881 384 2091 436 inustas

2124 384 2169 444 Α
2198 381 2289 445 ξεν
2332 384 2415 445 είς
2474 382 2658 443 αὐτὸν.
2690 379 2785 434 καὶ
2843 378 2942 433 νῦν
2998 379 3194 441 ἐδεῖτο.
3226 381 3321 434 τῶν
3368 382 3452 451 μὲν
3496 388 3673 455 ἐτησὶων

513 481 698 545 cluat;
756 486 812 532 et
860 477 1002 530 hanc
1045 489 1211 529 unam
1256 489 1479 529 causam
1535 473 1894 542 profectionis
1934 473 2089 543 hujus

2202 473 2502 544 προσόδων,
2560 473 2626 536 ἀς
2697 473 2860 536 αὐτὸς
2934 472 3259 543 καρποῦται,
3314 473 3541 543 βασιλέως
3597 498 3673 532 πα-

515 571 618 626 sibi
653 570 973 626 exstitisse-
1003 567 1228 638 Magnus
1274 565 1610 619 domesticus
1633 564 1787 618 illum
1814 579 1941 619 vera
1970 578 2091 617 nar-

2201 565 2495 635 ρασχόντος
2530 563 2905 635 κληρονόμους
2953 559 3095 616 εἶναι
3154 564 3337 625 παῖδας
3386 566 3495 630 τοὺς
3533 569 3676 622 αὐτοῦ.

515 679 639 718 rare
686 663 962 733 opinatus,
1008 676 1112 716 nec
1155 674 1215 715 se
1268 658 1320 714 id
1380 656 1800 727 permissurum,
1835 669 1936 709 nec
1968 672 2091 711 cum

2194 658 2370 711 Αὐτὸν
2399 657 2457 710 δὲ
2488 656 2675 719 ἀδείας
2702 657 2936 726 τυχόντα
2961 656 3027 707 ὲκ
3055 653 3330 725 βασιλέως,
3352 662 3682 731 φροντιστηρίῳ

410 765 419 774 ·
518 757 852 827 imperatore
905 768 1070 822 super
1138 766 1202 806 ea
1258 764 1316 804 re
1360 750 1674 804 locuturum
1729 764 1985 804 assevera

2196 747 2540 818 προσελθεῖν,
2598 750 2735 801 πᾶσι
2782 750 2895 809 τοῖς
2946 745 3044 800 τοῦ
3097 746 3213 816 βίον
3266 747 3455 816 χαίρειν
3492 750 3681 802 ἀπόντα·

513 846 879 917 Apoeauchus
956 858 1172 899 rursum
1233 856 1296 897 ac
1345 841 1546 910 saepius
1597 840 1882 904 accedere,
1947 840 2089 895 idem

2198 838 2324 910 μίαν
2355 840 2411 893 δὲ
2456 841 2781 909 ποιούμενον
2806 837 3087 909 φροντίδα,
3123 838 3184 891 τὸ
3222 838 3315 907 τὴν
3344 836 3504 907 ψυχὴν
3531 841 3584 892 ὲκ
3605 841 3688 911 τῶν

515 938 781 1010 ﬂagitare,
817 946 871 991 et
899 936 1087 1007 jurare
1145 948 1205 989 se
1239 946 1306 988 ex
1355 931 1540 986 animo
1583 939 1769 1001 petere
1793 973 1807 997 ,
1839 930 1998 1001 325
2023 932 2091 985 si-

2194 930 2409 984 πολλῶν
2459 930 2695 1000 κηλίδων
2758 929 2825 992 ἀς
2888 929 3026 999 αὐτῇ
3083 926 3459 998 προσετρίψατο
3508 929 3562 980 ὲκ
3607 929 3687 980 τῶν

515 1026 678 1094 biqne
714 1035 821 1077 tam
853 1023 1172 1093 frugiferum
1204 1021 1346 1075 nihil
1371 1035 1530 1089 posse
1560 1020 1899 1090 contingere,
1926 1036 2089 1088 quam

2193 1023 2538 1092 πραγμάτων
2565 1022 2895 1091 ἐκκαθᾶραι.
2921 1021 3014 1083 Et;
3043 1019 3202 1073 τοῦτο
3234 1020 3334 1089 γὰρ
3360 1019 3419 1072 ἐκ
3446 1018 3689 1082 Βυζαντίου

512 1132 543 1169 a
578 1114 784 1169 mundo
811 1118 1067 1169 secedere
1092 1112 1202 1181 (7i)
1231 1127 1244 1166 :
1279 1125 1381 1165 nec
1412 1118 1723 1179 susceptam
1749 1109 2087 1164 voluntatem

2190 1114 2382 1184 ἥκειν
2430 1112 2689 1183 οὐδεμίαν
2741 1113 2938 1182 ἑτέραν
2987 1111 3088 1178 τῆς
3109 1108 3388 1179 ἐπιδημίας
3431 1108 3595 1178 ἔχοντα
3629 1110 3691 1161 al-

511 1207 927 1278 depositurum,
968 1218 1077 1273 quo
1130 1217 1219 1257 res
1269 1216 1489 1271 cunque
1547 1199 1831 1256 reciderit.
1888 1199 2087 1255 Orabat

2191 1205 2330 1261 τίαν.
2375 1204 2433 1258 Ὅ
2487 1204 2661 1273 μέγας
2720 1203 2820 1273 μὲν
2878 1197 2972 1256 οὖν
3021 1200 3339 1269 δομὲστικος
3391 1200 3602 1268 οἰόμενος
3643 1200 3694 1251 τὰ

512 1297 681 1368 igitur
712 1294 1052 1365 suppliciter,
1085 1300 1161 1346 ut
1184 1292 1251 1346 ad
1297 1292 1469 1346 multa
1502 1292 1557 1345 in
1586 1305 1643 1346 se
1675 1290 1955 1345 benefacta
1983 1290 2088 1344 hoc

2190 1296 2455 1366 είρημένα
2513 1294 2654 1349 εἶναι
2712 1294 2913 1364 ἀληθῆ,
2950 1292 3115 1355 αὑτός
3163 1309 3221 1344 τε
3278 1290 3499 1359 ἔφασκεν
3540 1290 3620 1343 οὐκ
3649 1291 3696 1342 ἂν

513 1399 852 1459 postremum
926 1385 1164 1457 adjicere
1196 1400 1264 1438 ne
1349 1393 1689 1454 gravaretur.
1747 1384 1933 1452 itaque
2000 1383 2088 1437 ille

2190 1385 2465 1451 ἐνδώσειν,
2506 1388 2641 1454 μήτε
2672 1383 2886 1453 βασιλεί
2914 1383 3044 1453 περὶ
3091 1381 3280 1438 τούτου
3304 1378 3623 1442 διαλέξεσθαι.
3655 1380 3697 1431 ’0

514 1480 737 1549 quidem
797 1476 982 1543 serio,
1042 1485 1100 1531 ut
1180 1477 1508 1543 videbatur,
1559 1476 1663 1530 hoc
1735 1476 2084 1547 eillagitabat.

2189 1477 2245 1529 δὲ
2280 1474 2440 1539 αὖθις
2467 1476 2560 1530 καὶ
2614 1476 2880 1538 πολλάκις
2923 1473 3258 1544 προσελθὼν,
3295 1473 3453 1549 ἐδεῖτο
3487 1470 3701 1541 περὶτῶν

514 1572 740 1641 Magnus
764 1579 946 1624 autem
977 1568 1314 1624 domesticus
1338 1583 1651 1637 quanquam
1675 1569 1741 1623 de
1770 1568 1879 1622 isto
1907 1583 2088 1622 seces-

2130 1620 2135 1628 ,
2188 1568 2404 1630 αὐτῶν,
2469 1570 2562 1620 καὶ
2611 1550 2809 1637 ὅρκους
2865 1566 3181 1634 προσετίθει
3232 1565 3305 1628 ὡς
3355 1566 3411 1616 οὐ
3462 1564 3700 1616 πλάττεται

512 1678 577 1715 su
612 1661 802 1714 dolens
847 1670 903 1715 et
943 1660 1138 1715 anxius
1172 1659 1362 1723 animi,
1398 1668 1575 1713 tamen
1608 1659 1735 1728 quia
1766 1659 2082 1729 petitionem

2125 1716 2163 1734 ἢ
2192 1665 2293 1733 τὴν
2322 1664 2543 1734 αἴτησιν
2568 1679 2584 1694 ·
2616 1662 2756 1715 ἀλλά
2816 1659 3102 1732 προῦργου
3131 1659 3330 1721 παντὸς
3379 1656 3513 1726 αὐτῷ
3539 1658 3568 1725 ἠ
3607 1658 3700 1707 ἁνα-

512 1753 733 1808 videbat
755 1753 1021 1806 momenti
1058 1751 1299 1815 maximi,
1329 1766 1449 1817 eam
1482 1751 1799 1820 imperatori
1824 1752 2087 1821 exponit:

2128 1748 2163 1771 ”
2197 1756 2443 1825 χώρησις
2470 1753 2563 1807 τοῦ
2611 1755 2843 1823 κόσμου,
2868 1754 2964 1805 καὶ
2997 1752 3072 1814 ὡς
3101 1750 3214 1805 οὐδ’
3262 1751 3326 1803 ἂν
3367 1748 3417 1802 εί
3444 1766 3501 1825 τι
3541 1748 3704 1812 γένοιτο

510 1858 673 1912 quem
720 1842 962 1913 suspicio
1013 1857 1140 1895 vera
1187 1842 1435 1904 incessit.
1487 1857 1603 1897 rem
1661 1856 1772 1896 non
1802 1842 1875 1895 ita
1903 1857 1964 1898 se
1996 1842 2086 1895 ha-

2200 1822 2499 1918 μεταϐάλοι
2543 1847 2643 1916 τῆς
2697 1822 3031 1916 προθέσεως.
3060 1845 3153 1898 Arb
3205 1845 3297 1897 καὶ
3326 1822 3513 1910 ταύτην
3540 1840 3705 1892 ἱκέτευε

512 1937 664 1999 bere,
705 1934 800 1988 sed
842 1934 944 1987 alia
991 1932 1247 2002 quapiam
1285 1936 1349 1988 tle
1381 1949 1542 1988 causa
1574 1942 1751 1988 totum
1773 1932 1925 2003 ﬁngi.
1962 1931 2088 1986 Pro-

2196 1934 2518 1989 τελευταίαν
2556 1933 2883 2003 εὐεργεσίαν
2918 1933 3242 1987 καταθεῖναι
3272 1932 3360 1984 ἐπὶ
3400 1929 3599 1989 πολλαῖς
3623 1929 3709 1987 ταῖς

512 2029 640 2082 inde
670 2024 859 2080 mirari
898 2039 956 2078 se
988 2023 1128 2077 dixit
1161 2038 1416 2094 magnum
1440 2024 1828 2087 domesticum,
1852 2023 1897 2078 si
1926 2021 2088 2078 ﬁdem

2199 2024 2468 2096 πρότερον
2519 2023 2944 2095 γεγενημέναις.
3000 2024 3061 2076 ’0
3109 2024 3213 2094 μὲν
3255 2017 3344 2075 οὖν
3367 2020 3572 2075 τοιαῦτα
3607 2018 3709 2087 μετὰ

513 2118 686 2189 possit
717 2117 983 2171 tribuere.
1027 2117 1149 2182 Quo
1193 2124 1571 2179 asseverante,
1619 2129 1744 2170 esse
1791 2114 1951 2170 aliter
1979 2129 2089 2169 non

2201 2119 2439 2188 σπουδῆς
2473 2119 2646 2171 ἐδεῖτο
2676 2118 2752 2181 ὡς
2780 2118 2977 2172 ἐδόκει.
3021 2116 3083 2168 '0
3122 2117 3301 2186 μέγας
3333 2114 3390 2168 δὲ
3418 2111 3708 2181 δομέστικος.

510 2226 695 2283 posse,
742 2210 885 2280 Ergo
936 2217 1016 2272 tu,
1077 2208 1279 2277 inquit.
1337 2207 1664 2276 pericliteris
1715 2206 1900 2269 velint,
1930 2206 2086 2277 eique

2198 2210 2380 2279 ἀλγῶν
2411 2211 2515 2280 μὲν
2543 2209 2637 2263 καί⁵
2666 2209 2766 2280 τὴν
2798 2208 2976 2278 ψυχὴν
3013 2208 3346 2278 δακνόμενος
3370 2206 3456 2258 ἐπὶ
3480 2206 3539 2273 τῇ
3568 2201 3712 2255 τούτου

512 2301 688 2365 dicas,
721 2314 830 2354 non
877 2297 1262 2367 probaturum,
1293 2296 1386 2350 sed
1446 2298 1674 2351 moleste
1726 2296 1960 2349 laturum
1989 2309 2088 2365 po-

2200 2302 2576 2372 ἀναχωρήσει,
2612 2301 2760 2371 ὅμως
2785 2301 2842 2354 δὲ
2869 2301 3183 2369 ἀναγκαίαν
3227 2297 3322 2370 τὴν
3347 2298 3549 2365 αἴτησιν
3583 2291 3711 2362 δρῶν.

513 2391 620 2445 tius
676 2390 1089 2459 imperatorem,
1125 2390 1169 2442 si
1210 2402 1236 2439 a
1270 2389 1380 2441 vita
1414 2385 1690 2465 cumtnuni
1751 2399 1810 2441 se
1837 2399 2089 2439 remove-

2198 2393 2513 2463 ἀπήγγελλε
2561 2393 2776 2464 βασιλεῖ
2819 2394 2929 2446 ὅσα
2966 2393 2995 2444 δ
3030 2388 3519 2462 παρακοιμώμενος
3562 2385 3712 2438 ἐδεῖτο.

512 2484 607 2538 rit.
651 2481 1038 2538 Verumtamen
1070 2494 1139 2532 ne
1179 2493 1294 2532 rem
1327 2477 1462 2531 adeo
1521 2477 1829 2541 honestam,
1870 2474 2088 2546 Deoque

2199 2486 2463 2549 Βασιλεὺς
2489 2484 2546 2539 δὲ
2586 2485 2934 2547 ὑποπτεύσας
2968 2484 3106 2553 ὅπερ
3145 2480 3239 2556 ἦν,
3268 2482 3343 2545 ὡς
3367 2481 3464 2534 οὐκ
3487 2475 3635 2545 ἀληθῆ
3659 2472 3710 2524 τὰ

511 2572 804 2628 amabilem
856 2567 1210 2641 impediendo
1261 2567 1593 2622 videaturei
1644 2567 1788 2621 bona
1819 2566 2087 2631 invidere,

2199 2573 2488 2643 είρημένα,
2514 2572 2649 2625 ἀλλά
2668 2590 2810 2633 τινος
2831 2573 2993 2625 ἕνεκα
3023 2573 3207 2635 αἰτίας
3239 2570 3520 2624 πλάττεται
3544 2563 3716 2633 ἑτέρας,

512 2685 621 2725 non
646 2675 1104 2739 repugnaturum.
1152 2664 1272 2719 Non
1315 2678 1455 2734 opus
1484 2672 1591 2728 est,
1625 2664 1825 2733 excipit
1862 2679 2088 2734 magnus

2199 2665 2503 2735 θαυμάζειν
2546 2665 2697 2732 ἔλεγε
2746 2666 2821 2736 τῷ
2880 2666 3101 2735 μεγάλῳ
3154 2662 3481 2735 δομεστίκῳ.
3510 2661 3553 2713 εί
3587 2655 3718 2709 ταῦτα

512 2760 870 2823 domesticus,
908 2756 1153 2813 tentandi
1198 2755 1371 2827 gratia
1424 2755 1539 2810 haec
1587 2754 1640 2809 ei
1670 2754 1893 2821 dicere;
1928 2755 2088 2815 simul

2145 2754 2149 2762 ’
2198 2758 2368 2820 ὅντως
2415 2756 2587 2810 οἴεται
2635 2753 2774 2811 εἶναι
2817 2756 3018 2826 ἀληθῆ.
3053 2756 3163 2810 Τοῦ
3199 2756 3259 2809 δὲ
3312 2746 3721 2824 διϊσχυριζομέτνυ

514 2853 660 2906 enim
699 2864 1022 2921 responsum
1074 2848 1282 2914 audiet,
1320 2848 1584 2902 valedicet
1614 2863 1678 2902 ac
1710 2848 1960 2914 secedet;
1993 2849 2090 2905 sed

2203 2848 2279 2919 μὴ
2320 2849 2389 2903 ἂν
2438 2848 2612 2911 ἄλλως
2662 2848 2830 2918 ἔχειν,
2864 2846 3098 2911 Οὐκοῦν,
3131 2848 3285 2917 αὐτῷ
3331 2846 3543 2915 ἔφασκε,
3571 2839 3722 2907 πείρας

514 2943 719 3013 potius,
754 2941 801 2995 ai
836 2939 966 3010 quid
998 2946 1276 3010 eo'egeat,
1311 2948 1493 3008 ccepto
1516 2938 1945 3008 prohibendum.
1985 2939 2090 3009 lm-

2199 2940 2362 2994 ἕνεκα
2420 2939 2630 3011 φράσον
2685 2939 2760 3003 ὡς
2817 2938 3032 3009 βασιλεῖ
3090 2938 3198 3010 μὲν
3235 2939 3336 2992 οὐκ
3380 2935 3443 2991 ἂν
3495 2933 3571 3003 είη
3613 2926 3722 2982 κατὰ

513 3044 732 3106 perator
766 3034 968 3087 iterato
1006 3031 1167 3100 jubet
1208 3029 1398 3084 eadem
1431 3029 1574 3094 dici;
1616 3044 1741 3084 nam
1774 3031 2089 3087 audientem

2146 3029 2447 3128 ἳγνώμηνν
2498 3030 2633 3082 ἀλλὰ
2677 3030 2791 3092 καὶ·
2833 3029 3052 3121 ἄλίθοιτο
3103 3030 3332 3098 μᾶλλον,
3360 3026 3449 3080 τοῦ
3507 3025 3606 3092 βίον
3652 3016 3722 3121 soi

513 3125 651 3188 fore,
674 3137 728 3179 et
779 3124 835 3178 in
888 3131 1033 3177 statu
1077 3121 1265 3192 priore
1296 3121 1678 3191 perstiturum.
1713 3121 1874 3175 Paret
1902 3121 2089 3178 dome-

2147 3108 2169 3128 ’
2198 3122 2627 3192 ἀναχωροῦντος.
2666 3121 2755 3183 Ὠς
2789 3120 2855 3174 ἂν
2882 3111 3042 3191 sua;
3078 3121 3409 3191 πράγματος
3435 3116 3563 3168 οὕτω
3593 3108 3723 3163 καλοῦ

470 3230 475 3233 '
514 3219 726 3279 sticus;
760 3213 1106 3283 imperatoris
1159 3227 1483 3283 responsum
1534 3210 1865 3282 Apocaucho
1890 3230 2046 3268 renur

2198 3216 2293 3267 καὶ
2328 3214 2615 3282 θεοφιλοῦς
2637 3212 2868 3283 κώλυμα
2892 3214 3056 3277 αὐτὸς
3082 3214 3278 3281 ὀφθεὶς
3312 3211 3435 3282 δοκῇ
3462 3205 3732 3280 βασκαίνειν

519 3311 633 3362 ti..t.
697 3306 801 3374 Qui
868 3319 973 3361 nec
1035 3312 1210 3359 totum
1261 3301 1486 3374 quidem
1547 3301 1741 3359 audire
1795 3304 2094 3369 sustinens,

2198 3307 2308 3367 τοῖς
2334 3304 2541 3368 καλοῖς,
2578 3303 2878 3358 ἐνδίδωσιν.
2925 3303 2985 3357 Ὀ
3016 3304 3195 3374 μέγας
3240 3304 3300 3356 δὲ
3328 3301 3645 3371 δομέστικοςν
3670 3290 3727 3360 μὴ

424 3462 429 3465 _
518 3409 712 3469 putare
768 3411 827 3451 se
881 3395 978 3459 ait,
1034 3409 1313 3450 secessum
1364 3408 1525 3448 suum
1578 3393 1896 3463 imperatori
1930 3395 2000 3449 eti

2201 3395 2396 3465 πείρας
2430 3396 2596 3448 ἕνεκα
2637 3395 2867 3449 τοιαῦτα
2910 3394 3092 3463 λέγειν
3122 3394 3337 3465 ἔφασκε
3377 3393 3492 3445 δέον
3513 3405 3524 3418 ⁸
3557 3386 3620 3445 ὡς
3656 3382 3731 3434 οὒκ

518 3501 685 3559 atque
738 3488 902 3543 etiam
938 3485 1241 3559 jucundum
1279 3485 1552 3550 accidere,
1581 3486 1810 3557 ejusque
1868 3488 2094 3542 faculta-

2199 3489 2263 3542 ἂν
2294 3488 2488 3559 φθάνοι
2514 3487 2612 3559 τὴν
2638 3487 2938 3554 ἀπολογίαν
2967 3486 3235 3558 εἰληφὼς,
3259 3488 3354 3541 καὶ
3382 3481 3732 3549 συνταξάμενος

518 3595 627 3639 tetu
656 3580 1022 3637 libentissime
1061 3580 1368 3635 concedere
1406 3597 1420 3633 :
1453 3579 1582 3650 quia
1614 3594 1746 3634 vero
1771 3578 1877 3650 ipsi
1906 3580 2094 3634 dome-

2199 3582 2547 3651 ἀναχωρήσει
2567 3597 2582 3611 ·
2615 3579 2754 3633 ἀλλά
2813 3580 3016 3650 μᾶλλον
3050 3579 3107 3632 εί
3143 3596 3197 3632 τι
3243 3578 3420 3634 δέοιτο
3457 3573 3625 3640 αὑτοῦ,
3650 3586 3735 3623 κως

519 3676 659 3729 stico
713 3673 1056 3745 displiceret,
1110 3687 1220 3726 non
1268 3687 1328 3727 se
1358 3671 1654 3726 facturum.
1678 3669 1728 3725 Is
1762 3670 1946 3726 verbis
1977 3673 2095 3742 ejus

2200 3673 2369 3726 λύειν.
2418 3673 2686 3736 Βασιλεὺς
2725 3672 2782 3726 δὲ
2833 3674 2929 3726 καὶ
2957 3667 3113 3736 αὖθις
3154 3672 3367 3743 ἔφασκε
3411 3672 3476 3725 τὰ
3520 3675 3738 3737 προειρη-

519 3776 681 3821 antea
726 3780 786 3820 se
834 3764 1318 3834 circumscriptum
1366 3762 1533 3818 fuisse
1562 3761 1896 3831 intelligens,
1930 3761 2095 3829 impe-

2204 3765 2340 3834 μένα
2369 3764 2553 3833 λέγειν
2580 3765 2716 3835 πρὸς
2748 3764 2935 3819 αὐτόν.
2969 3765 3078 3817 Καὶ
3108 3765 3225 3835 γὰρ
3251 3760 3539 3817 ἀκούσεταί
3561 3774 3615 3810 τε
3652 3752 3738 3805 τῶν

521 3856 689 3910 ratori
728 3854 1078 3927 jocabundus
1159 3852 1292 3923 quid
1351 3850 1442 3905 ille
1492 3850 1839 3919 responderit
1889 3858 2096 3902 narrat.

2199 3856 2396 3923 λόγων,
2430 3856 2522 3908 καὶ
2586 3857 2736 3924 μενεῖ
2791 3856 2885 3907 ἐπὶ
2940 3857 3056 3918 τοῖς
3101 3856 3400 3925 πρότερον.
3442 3852 3498 3904 '0
3545 3849 3631 3918 μὲν
3665 3837 3737 3894 οὖν

519 3947 674 4003 Unde
709 3962 817 4000 non
849 3944 1204 4001 mediocriter
1230 3940 1537 3996 delectatus
1557 3938 1880 4008 imperator,
1912 3938 2095 3992 dome-

2190 3948 2226 3999 ,ὲ
2239 3946 2451 3999 πείθετό
2473 3961 2532 3997 τε
2563 3944 2815 4015 βασιλεῖ’
2850 3945 2947 3998 καὶ
2977 3945 3468 4015 παρακοιμωμένῳ
3494 3933 3744 4007 ἐξήγγελλε

520 4041 662 4096 stico
694 4056 790 4109 per
813 4040 1005 4095 ludum
1033 4080 1051 4106 ,
1085 4037 1288 4094 Saltem
1322 4050 1473 4090 nunc
1534 4035 1749 4100 credes,
1779 4034 1977 4103 inquit,
2013 4049 2096 4090 me

2199 4039 2324 4100 τοὺς
2343 4036 2607 4107 βασιλέως
2623 4037 2837 4106 λόγους.
2862 4037 2922 4089 Ὀ
2938 4036 2996 4090 δὶ
3017 4037 3149 4107 μηδὲ
3173 4037 3333 4102 ὅλους
3350 4035 3530 4106 σχεδὸν
3549 4029 3740 4085 ἀκοῦσαι

520 4133 868 4189 solertiorem
919 4146 1040 4186 esse
1090 4139 1161 4195 te,
1195 4128 1482 4198 magisque
1517 4140 1685 4181 nosse
1712 4140 1780 4180 ex
1812 4125 2096 4181 hominum

2201 4127 2518 4198 ἀναμείνας,
2552 4127 2758 4181 οἴεσθαι
2810 4127 3018 4196 ἔφασκε
3078 4128 3324 4197 μάλιστα
3374 4125 3513 4180 κατά
3559 4120 3747 4190 γνώμην

520 4225 707 4282 verbis
737 4239 926 4279 conum
960 4235 1123 4277 sensa
1153 4219 1452 4288 conjicere.
1481 4217 1622 4272 Tum
1664 4217 2022 4283 domesticus,
2045 4230 2096 4274 et

2202 4218 2347 4275 εἶναι
2390 4221 2604 4291 βασιλεί
2653 4221 2751 4292 τὴν
2777 4224 2985 4276 ἐκείνου
3011 4224 3373 4294 ἀναχώρησιν
3407 4222 3502 4273 καὶ
3526 4218 3614 4290 ὅλῃ
3642 4227 3747 4282 προ·

517 4313 843 4387 jampridem
890 4309 1217 4374 credidisse,
1256 4323 1360 4362 nec
1398 4308 1474 4363 ita
1504 4306 1775 4362 excellere
1809 4307 2093 4379 ipsumju-

2205 4314 2354 4365 θέσει
2376 4313 2731 4383 ἐπιτρέπεινο
2770 4316 2891 4367 ἐπεὶ
2917 4313 2974 4365 δὲ
3015 4314 3075 4367 οὐ
3103 4314 3262 4383 φίλον
3290 4312 3464 4384 αὐτῷ,
3491 4308 3592 4363 οὐδ’
3619 4306 3749 4359 αὐτὶν

522 4404 690 4468 dicio,
734 4418 793 4457 ut
840 4401 1071 4463 lateret;
1116 4406 1173 4453 et
1191 4414 1339 4452 nunc
1374 4397 1610 4452 maxime
1650 4396 1928 4459 confiteri,
1960 4398 2098 4452 seab

2174 4415 2184 4454 t
2216 4408 2482 4475 ποιήσειν.
2523 4405 2582 4457 '0
2610 4405 2710 4475 μὲν
2753 4401 2847 4458 οὖν
2880 4405 2956 4468 ὼς
2981 4405 3075 4457 ἐπὶ
3101 4409 3217 4466 τοῖς
3264 4406 3530 4477 πρότερον
3562 4394 3750 4464 λεγομέ·

529 4511 598 4550 eo
650 4491 994 4563 intelligendi
1025 4488 1321 4560 prudentia
1371 4490 1531 4558 longe
1559 4488 1765 4543 victum
1803 4503 1945 4544 esse.
1981 4488 2105 4542 Haec

2217 4512 2329 4557 νοις
2404 4494 2718 4563 ἐξηπατᾶτο
2779 4497 3013 4562 συνιεὶς,
3068 4495 3291 4565 βασιλεῖ
3374 4495 3509 4565 μεστά
3575 4484 3752 4543 παιδιᾶς

531 4586 609 4640 illi
664 4584 811 4638 inter
852 4598 912 4638 se
958 4584 1230 4653 iocantes.
1288 4581 1649 4651 Apocauchus
1699 4581 1889 4651 paucis
1918 4580 2107 4637 diebus

2214 4586 2553 4657 προσελθὼν,
2608 4588 2957 4659 ἀπήγγελλεν
3028 4590 3130 4641 ὃσα
3197 4592 3227 4640 ό
3299 4580 3751 4658 παρακοιμὼμενοὲ

531 4675 860 4747 interjectis,
883 4673 1068 4729 denuo
1097 4687 1354 4742 magnum
1374 4672 1734 4743 dpmesticum
1748 4672 2107 4736 conveniens,

2212 4676 2557 4748 ἀποκριθείη.
2608 4676 2829 4731 Βασιλεί
2868 4677 2925 4731 δὲ
2988 4677 3278 4749 διατριϐήν
3336 4695 3396 4731 τε
3459 4676 3520 4730 οὐ
3565 4666 3755 4744 μετρίαν

532 4767 743 4822 mundo
765 4765 991 4838 penitus
1017 4768 1272 4820 nuntium
1303 4764 1587 4820 remittere
1611 4780 1721 4821 non
1756 4765 1864 4821 sibi
1893 4764 2108 4820 licuisse

2212 4768 2553 4839 παρέσχοντο
2602 4770 2651 4821 οί
2698 4768 2872 4837 λόγοι,
2926 4768 3021 4822 καί
3070 4768 3149 4838 τῷ
3209 4771 3444 4839 μεγάλῳ
3492 4762 3755 4836 δομεδτίκφ

524 4860 686 4925 dixit,
746 4858 1099 4931 quantumvis
1171 4858 1226 4912 id
1282 4858 1683 4914 ardentissime'
1742 4856 2048 4929 cupivisset
2096 4876 2100 4910 :

2215 4860 2428 4924 παίζων
2470 4860 2678 4928 ἔλεγεν,
2700 4840 2789 4924 ’ὡς
2838 4859 2934 4915 νῦν
2969 4861 3102 4929 γοῦν
3138 4863 3208 4916 ἂν
3236 4862 3518 4930 πεισθείη,
3543 4851 3757 4925 ὀξύτερόν

524 4968 723 5008 verum
774 4951 1095 5018 secundam,
1146 4952 1293 5021 quod
1346 4931 1522 5017 aiu‘nt,
1554 4936 1957 5020 navigationem
2003 4950 2100 5005 sibi

2210 4968 2270 5004 τε
2316 4953 2457 5006 νοεῖν
2504 4952 2634 5006 ὄντα
2686 4952 2875 5017 αὐτοῦ,
2926 4954 3020 5006 καὶ
3080 4955 3293 5024 μᾶλλον
3350 4959 3416 5009 ὲκ
3465 4954 3572 5006 τῶν
3615 4948 3758 5013 λόγων

524 5059 845 5108 occurrere,
871 5054 931 5098 ut
962 5042 1159 5099 divisis
1198 5043 1343 5098 inter
1380 5043 1523 5097 ﬁlios
1558 5042 1931 5108 facultatibus,
1966 5042 2100 5096 divi-

2207 5042 2386 5097 είδότα
2472 5042 2976 5114 καταστοχάζεσθαι
3056 5044 3288 5116 γνώμας
3361 5043 3604 5116 ἀνδρῶν·
3660 5032 3760 5091 ὁδ’

523 5136 727 5191 tiarum
778 5134 883 5191 sibi
930 5144 1137 5203 partem
1195 5134 1466 5204 potiorem
1516 5133 1768 5196 retineat,
1812 5149 1977 5203 quam
2045 5134 2099 5188 in

2210 5133 2437 5201 ἔφασκε,
2455 5136 2624 5189 πάλαι
2657 5152 2717 5188 τε
2751 5137 3048 5190 πεπεῖσθαι
3074 5138 3199 5190 οὐδὲ
3230 5139 3490 5191 τοσοῦτον
3516 5137 3631 5188 ὅσον
3660 5132 3760 5179 λαν-

522 5225 727 5280 bellum
782 5222 1062 5278 Persicum
1105 5221 1374 5277 conferat.
1407 5219 1572 5290 326
1630 5219 1752 5275 Scis
1810 5223 1980 5285 enim,
2015 5225 2098 5277 in-

2207 5225 2395 5279 θάνειν
2449 5227 2799 5301 διαφέροντα,
2840 5231 2935 5284 καὶ
2979 5230 3075 5284 νῦν
3125 5232 3372 5302 μάλιστα
3414 5226 3679 5302 ὁμολογεῖν
3701 5217 3759 5275 ὡς

523 5315 663 5384 quit,
693 5313 973 5385 quomodo
1003 5312 1183 5382 plenis
1214 5309 1485 5366 classibus
1539 5308 1744 5365 insulas
1779 5310 1890 5380 jam
1924 5327 2096 5381 prope

2212 5315 2455 5381 ἁπάσαις
2500 5318 2701 5389 ψήφοις
2753 5319 2917 5373 αὐτοῦ
2963 5322 3156 5391 κρατεῖ
3200 5321 3346 5391 πρὸς
3373 5321 3432 5374 τδ
3461 5317 3696 5389 φρονεῖν’
3723 5305 3760 5356 οἱ

1328 5400 1349 5423 θ
2672 5396 2675 5397 ,

1806 5431 2021 5493 Jacobi
2054 5434 2323 5496 Pontani
2361 5443 2546 5497 notua.

594 5535 710 5608 (Ἠ)
754 5536 922 5611 Istum
985 5549 1268 5591 secessum
1306 5534 1688 5611 ’ἀναχώρησιν
1742 5535 1957 5611 ἐκητοῦ
1984 5536 2113 5611 ’κό-

2215 5538 2405 5593 mundi
2426 5516 2642 5611 nomen
2678 5541 2852 5596 sacris
2880 5541 3263 5611 scriptoribus,
3292 5541 3500 5603 valeat,
3530 5535 3645 5605 quis
3675 5538 3762 5586 tam

526 5603 705 5684 σμουζ
747 5614 803 5658 et
843 5607 904 5657 ὲκ
944 5622 1051 5684 τῳν
1093 5603 1615 5684 πραγμάτωνοίιιιὶ
1671 5604 1928 5684 appellat.
1984 5603 2102 5658 lntle

1697 5604 1928 5684 ,ppellat.
1984 5603 2113 5658 lntle
2213 5623 2395 5664 crassa
2423 5609 2688 5675 Minerva,
2720 5620 2779 5665 ut
2813 5626 2921 5665 non
2955 5603 3220 5680 intelligat
3248 5610 3273 5663 ?

524 5674 897 5745 ἀναχωρηται,
945 5674 1013 5727 ad
1068 5674 1321 5739 verbum,
1388 5689 1691 5727 arcesseres.
1741 5675 1883 5739 Quid
1931 5685 2112 5727 autem
