3992 6202
445 384 552 446 65')
1635 376 1956 438 JOANNIS
1996 375 2071 434 CA

2179 369 2521 433 ‘AC‘UZENI
3392 413 3402 422 _
3563 348 3656 410 660

449 496 516 549 lis
577 492 855 550 exercitus
918 491 1216 561 imperator
1281 489 1394 550 flat,
1472 498 1718 560 rogatum
1784 489 2071 547 venisse.)

2179 485 2301 552 ειξίν
2346 501 2470 537 τινα
2513 481 2822 550 παρέσχετο
2848 472 3132 543 οὐδεμίαν,
3159 467 3280 522 οὔτε
3315 465 3527 536 τόλμης,
3551 461 3661 516 οὒτε

451 588 696 643 Forsitan
729 587 876 642 enim
903 585 1152 640 ardorem
1209 583 1326 651 ejus
1357 581 1703 636 timiditatem
1733 581 2019 650 pristinam

2179 575 2453 646 ιπειρίας.
2481 574 2644 627 Ὅθεν
2689 569 2811 622 οὐδέ
2840 565 2928 620 οἷα
2957 564 3252 633 ἀξιόχρεων
3293 559 3426 630 πρὸς
3460 573 3665 625 στρατη.

449 692 502 735 et
536 675 807 736 inscitiam
840 685 1356 746 compensaturum,
1394 682 1442 728 et
1483 673 1644 726 alicui
1681 672 1757 726 rei
1801 671 2025 742 agendae

2179 669 2258 731 ἱας
2311 668 2404 721 τὸν
2460 665 2601 719 κατὰ
2653 662 2882 732 Περσῶν
2913 659 3151 727 πόλεμον
3195 653 3342 722 αὐτῷ
3373 648 3668 719 ἐγχειρίζειν

450 781 635 842 aptum
679 779 841 840 atque
887 740 1075 824 utilem
1122 768 1484 823 redditurum.
1537 764 1770 818 Rursum
1847 740 2028 831 impe-

2179 762 2450 832 αραινεῐν·
2500 758 2616 810 ἀλλ’
2650 754 2804 817 είδὼς
2850 751 3089 822 μάλιστα
3131 747 3252 808 τοὺς
3287 746 3495 814 Πέρσας
3533 740 3675 803 πεζο-

451 833 620 928 rator,
641 864 776 931 Quia
798 873 850 918 te
875 863 942 917 ad
965 861 1268 916 triremium
1284 858 1676 930 “praefecturam
1701 857 2029 925 Apocauclio

2179 853 2338 922 αχίας
2397 850 2495 921 μὲν
2557 852 2650 902 καὶ
2715 843 3063 914 ἱππομαχίας
3120 833 3672 910 ἐμπειροτάτους,καὶ

452 955 814 1010 mandandum
863 954 1002 1008 mire
1060 966 1392 1022 propensum
1464 964 1652 1012 cerno,
1712 948 1867 1016 plura
1921 962 2031 999 non

2179 940 2307 993 εινοῦ
2335 939 2624 1009 δεομένους
2649 931 3237 1005 τοῦοάντιστησομένου
3266 925 3561 996 στρατηγοῦ
3584 965 3598 987 ,
3629 927 3676 976 ὲν

451 1048 673 1112 dicam;
711 1061 766 1100 tu
820 1045 966 1116 quod
1009 1020 1372 1100 deliberatum
1424 1042 1616 1108 habes,
1663 1039 1832 1095 facias
1879 1038 2030 1100 licet.

2179 1032 2466 1104 ιυμαχίαις
2511 1030 2567 1083 δὲ
2613 1028 3012 1098 ἁτολμοτάτους
3056 1025 3124 1077 δι’
3172 1020 3572 1092 ἀπειρίαν,>.α“ι
3600 1021 3680 1087 ρᾳ-

450 1139 672 1195 Utinam
730 1111 900 1206 falsus
944 1146 1099 1196 vates
1165 1137 1433 1207 reperiar.
1501 1135 1630 1189 Post
1693 1131 2030 1201 colloquium

2179 1127 2280 1188 ἴους
2302 1124 2380 1195 τῷ
2410 1120 2775 1191 προστυχόντι
2805 1120 2966 1172 παντὶ
2996 1115 3263 1188 ἡττᾶσθαι
3288 1133 3300 1145 ·
3335 1114 3502 1174 ἄλλως
3530 1129 3582 1164 τε
3604 1111 3682 1161 καὶ

453 1230 626 1296 istuc,
661 1230 757 1295 ubi
800 1203 1018 1286 certum
1066 1229 1187 1292 fuit,
1218 1201 1551 1294 Apocaucho
1606 1223 1850 1293 Byzantii
1887 1223 2011 1276 insu

2179 1217 2393 1287 ριήρεσι
2454 1214 2576 1276 ταῖς
2647 1209 2950 1280 ἡμετέραις
3006 1207 3236 1268 πολλοὺς
3309 1201 3685 1296 παρεσομένοῖς

452 1323 741 1391 larumque
789 1322 1174 1392 praefecturam
1243 1333 1369 1373 cum
1438 1331 1626 1372 earum
1681 1314 2042 1385 vectigalibus

2179 1282 2578 1377 μπειροτάτους
2608 1302 2706 1356 καὶ
2750 1297 3073 1370 ναυμαχιῶν
3107 1299 3200 1350 καὶ⁵
3232 1291 3592 1363 πεζομαχιῶν,
3619 1282 3688 1350 οἷς

454 1416 839 1480 committere,
899 1414 1329 1476 instrumentum
1402 1409 1755 1479 imperatoris
1819 1405 2042 1461 nomine

2186 1399 2412 1468 ρήσεται
2463 1386 3371 1464 παρακοιμώμενοςκδιδασκάλοις
3427 1382 3555 1450 πρὸς
3612 1380 3689 1432 τὸν

393 1543 397 1545 -
455 1505 766 1561 confectum
810 1513 918 1569 est,
953 1519 1065 1574 quo
1094 1504 1187 1558 ille
1225 1502 1419 1566 classis
1449 1510 1640 1556 contra
1710 1500 1902 1554 Persas
1939 1497 2042 1550 du-

2179 1488 2409 1555 ςόλεμον,
2439 1484 2605 1547 αὐτός
2661 1499 2722 1540 τε
2779 1480 2964 1551 ᾠήθην
3016 1479 3092 1549 μὴ
3128 1478 3240 1532 δεῖν
3274 1473 3567 1544 άμὸλύνειν
3608 1470 3690 1538 τὴν

462 1606 581 1652 ctor
615 1596 1026 1665 designabatur,
1078 1606 1134 1657 et
1167 1595 1233 1649 de
1270 1595 1464 1651 aerario
1495 1603 1714 1648 centum
1751 1605 2046 1645 aureorum

2179 1576 2462 1647 προθυμίαν
2514 1571 2682 1628 αὑτοῦ
2714 1572 2816 1642 τὴν
2867 1571 2994 1640 περὶ
3023 1568 3091 1621 τὰ
3121 1566 3268 1620 καλά
3291 1583 3305 1597 ·
3341 1565 3435 1618 καὶ
3471 1560 3558 1615 σοῦ
3594 1561 3696 1628 ἥκω

459 1689 629 1749 millia
655 1703 872 1752 sumere
908 1688 1229 1765 jubebatur,
1281 1696 1342 1742 ut
1380 1687 1510 1742 hinc
1570 1695 1627 1740 et
1677 1701 1742 1740 ex
1783 1684 2045 1754 propriis,

2181 1666 2479 1738 εησόμενος
2513 1664 2616 1734 τὴν
2653 1655 3388 1732 στρατηγίανέπιτρέπειν.
3423 1654 3573 1714 Ἴσως
3606 1651 3695 1718 γὰρ

462 1780 608 1851 quod
645 1781 1034 1850 pollicebatur,
1057 1745 1312 1833 triremes
1337 1786 1711 1846 compararet,
1740 1790 1804 1830 ac
1842 1789 2051 1830 merce-

2179 1757 2501 1830 ιπροθυμία
2559 1759 2627 1827 τῇ
2674 1754 2911 1823 ἀτολμίᾳ
2968 1753 3066 1805 καὶ
3117 1747 3347 1817 ἀπειρίᾳ
3403 1745 3698 1815 ἀντίρῤοπος

463 1824 607 1851 .,..-..
646 1824 1034 1850 ,,.....νν....-,.-,
1059 1824 1312 1833 .-..-.-.--
1341 1824 1711 1846 -ν---τ-.-.---,
1741 1824 1802 1830 _-
1845 1824 1951 1828 ---__
1971 1824 2022 1830 η

458 1873 638 1943 ριιιιιὶἰε
680 1871 952 1925 militibus
1002 1870 1072 1926 de
1129 1871 1282 1934 victu
1323 1868 1662 1938 provideret.
1704 1867 1801 1924 His
1844 1867 2049 1921 litteris

2179 1824 2416 1921 pilabat,
2439 1824 2714 1920 χρήσιμον
2765 1846 2901 1914 πρός
2928 1862 2978 1896 τι
3013 1841 3121 1895 τῶν
3154 1840 3387 1900 δεόντων
3435 1832 3697 1896 ἀποδεξξει.

463 1963 726 2032 acceptis,
760 1971 817 2016 et
867 1961 1251 2031 praefecturam
1300 1967 1656 2024 consecutus,
1724 1956 2048 2028 Byzantium

2179 1945 2296 2016 ιρὸς
2319 1942 2494 1996 ταῦτα
2519 1941 2547 1992 6
2580 1938 2856 2009 βασιλεὺς,
2891 1934 3033 2005 Ὀρῶ
3064 1933 3164 2002 μέν
3197 1948 3285 1996 σε,
3317 1923 3460 1989 εἷπε,
3495 1925 3702 1994 μάλιστα

467 2055 658 2119 venit,
694 2067 797 2108 nec
836 2067 931 2108 eas
981 2052 1034 2106 in
1092 2057 1368 2107 conventu
1403 2049 1664 2120 legendas
1688 2047 1963 2126 gxltibuit,
1991 2054 2051 2099 ut

2179 2034 2610 2107 προθυμούμενον
2650 2028 2977 2097 ’Δῖοκαύχῳ
3023 2026 3133 2078 τῶν
3171 2023 3445 2092 τριήρεων
3490 2015 3700 2086 ἐγχειρί-

463 2158 657 2198 omnes
707 2149 956 2204 nossent.
1015 2140 1260 2196 classem
1310 2111 1710 2209 imperatoria:-
1731 2151 1861 2205 erga
1928 2134 2052 2190 illos

2179 2134 2272 2194 [ειν
2311 2130 2410 2198 τὴν
2462 2129 2661 2198 ἀρχὴν.
2693 2125 2804 2177 Καὶ
2851 2123 2939 2176 διὰ
2984 2120 3144 2174 τοῦτο
3199 2118 3326 2171 οὐδέ
3382 2113 3545 2167 πολὺν
3596 2111 3703 2177 περὶ

465 2232 857 2289 benevolentiae
881 2245 945 2286 ac
976 2229 1362 2286 sollicitudinis
1398 2242 1537 2300 opus
1558 2242 1678 2284 esse
1701 2267 1716 2292 ,
1740 2235 2052 2297 sumptum-

2179 2222 2320 2277 ιύτοῦ
2373 2220 2637 2291 βούλομαι
2688 2215 2966 2270 ποιεῖσθαι
3015 2214 3208 2280 λόγον’
3241 2209 3364 2280 ἀλλ’
3400 2208 3428 2261 δ
3478 2203 3701 2274 προεΰιου

466 2340 576 2392 que
660 2323 729 2378 de
795 2323 1152 2392 imperatoris
1204 2296 1453 2392 pecunia.
1503 2296 1894 2393 suppeditari,
1944 2331 2054 2386 quo

2179 2315 2394 2384 πράττεο
2425 2311 2660 2382 εὔχομαι
2705 2309 2761 2362 δὲ
2816 2306 2891 2378 μὴ
2945 2306 3049 2358 κάν
3098 2307 3209 2366 τοῖς
3259 2301 3525 2362 τοιούτοις
3571 2296 3707 2355 αὐτὸς

466 2387 697 2484 proinde
737 2387 892 2468 illum
945 2414 1140 2484 vulgus
1180 2387 1902 2484 admurmurationibus.“
1930 2408 2055 2462 latr-

2179 2406 2446 2477 ρανείσθαι
2483 2401 2788 2473 ἀληθεύων.
2817 2397 3059 2472 Τοιαῦτα
3089 2396 3225 2465 πρὸς
3256 2392 3523 2461 ἀλλήλους
3552 2387 3706 2440 αὐτῶν

466 2482 628 2563 ilibus
667 2482 1119 2577 prosequeretur,
1169 2504 1268 2560 sed
1331 2518 1428 2562 cas
1465 2502 1688 2572 quidem
1738 2482 2056 2556 occultavit.

2179 2497 2542 2568 ῑιειλεγμένων
2597 2494 2722 2548 ἐπεὶ
2775 2491 3026 2544 ἐδέδοκτο
3086 2483 3574 2556 παρακοιμωμένῳ
3617 2482 3705 2531 Ba-

469 2601 588 2670 ipse
614 2615 738 2654 cum
775 2615 806 2654 a
834 2598 1198 2669 quaastoribus
1245 2597 1384 2652 clam
1429 2594 1720 2666 pecuniam
1755 2593 2050 2661 acciperet,

2179 2590 2380 2654 ζαντίου
2428 2588 2524 2642 καὶ
2561 2586 2671 2639 τῶν
2701 2584 2884 2654 νήσων
2923 2579 3249 2649 ἐπιτρέπειν
3285 2578 3388 2644 τὴν
3420 2575 3584 2645 ἀρχὴν
3609 2573 3704 2639 ἄμα

473 2663 643 2750 domo
703 2705 802 2745 sua
852 2663 1150 2744 manifeste
1217 2687 1376 2741 aliam
1421 2663 1664 2754 petebat,
1701 2691 1758 2737 et
1803 2682 2060 2736 triremes

2179 2683 2270 2741 τοῖς
2323 2681 2388 2732 ἐκ
2437 2678 2641 2732 τούτων
2683 2672 2926 2743 ἐτησίοις
2975 2671 3186 2739 φόροις,
3217 2668 3528 2738 γράμματα
3572 2663 3708 2729 ἐγρέ-

473 2783 810 2855 instruebat,
851 2797 917 2836 ac
954 2781 1276 2851 p0pularem
1313 2751 1502 2832 auram
1535 2775 1810 2845 captabat,
1835 2787 2062 2843 magno-

2179 2788 2295 2842 ρετο
2344 2768 2623 2840 βασιλικὰ,
2655 2765 2892 2834 ἄρχοντα
2941 2761 3346 2814 ἀποδεικνύντα
3394 2751 3712 2825 παρακοιμὼ-

475 2851 719 2944 pereque
741 2872 1128 2927 celebrabatur
1157 2870 1226 2924 ab
1273 2867 1551 2928 omnibus.
1587 2871 1732 2935 quod
1770 2880 1871 2920 nec
1896 2842 2064 2934 pecu-

2179 2880 2328 2931 αενον
2363 2859 2455 2913 τοῦ
2489 2859 2677 2912 στόλου
2723 2855 2818 2908 τοῦ
2868 2853 3009 2907 κατὰ
3053 2851 3285 2922 Περσῶν
3309 2867 3324 2882 ο
3363 2849 3456 2902 καὶ⁵
3503 2847 3597 2899 ἀπὸ
3622 2842 3710 2893 τῶν

476 2937 586 3015 niis
627 2937 790 3024 suis,
853 2974 954 3013 nec
1019 2957 1306 3013 laboribus
1365 2955 1690 3027 adjuvandae
1747 2953 2064 3024 reipublicae

2179 2955 2441 3025 Ξημοσίων
2487 2951 2781 3005 κελεύοντα
2832 2946 3135 3017 λαμϐάνειν
3188 2945 3424 3014 χρυσίου
3483 2937 3711 3009 μυριάδας

476 3061 641 3101 causa
680 3052 952 3115 parceret.
981 3044 1181 3102 Contra
1208 3045 1595 3113 imperatorem
1626 3053 1833 3108 autem,
1865 3052 1926 3097 ut
1949 3051 2065 3096 erat

2179 3047 2299 3100 iéxat
2326 3045 2467 3097 ὥστε
2506 3043 2653 3113 ἔχειν
2700 3041 2763 3093 ἐκ
2797 3056 2858 3092 τε
2899 3039 3106 3090 τούτων
3155 3039 3253 3088 καὶ
3309 3035 3418 3087 ἀπὸ
3447 3032 3549 3084 τῶν
3591 3030 3713 3081 ἰδίων

477 3143 936 3194 consentaneum.
962 3135 1103 3205 apud
1136 3134 1349 3204 plebem
1395 3135 1636 3204 querelae
1672 3148 2066 3201 murmuraque

2179 3138 2244 3200 ὥς
2281 3137 2567 3206 ὑπέσχετο,
2607 3135 2852 3204 τριήρεις
2901 3147 2959 3182 τε
3013 3127 3487 3196 παρασκευάζειν,
3534 3123 3617 3173 καί
3664 3116 3716 3168 τὸ

473 3225 882 3290 excitabantur,
914 3233 975 3282 ut
1013 3229 1108 3296 qui
1150 3227 1521 3295 subiectorum
1579 3226 1864 3280 commoda
1911 3225 2063 3280 milio

2179 3224 2566 3298 μισθοφορικὸν
2597 3224 2818 3294 τρέφειν
2853 3223 2911 3275 τὸ
2951 3221 3007 3268 ἐν
3037 3218 3296 3280 ταύταις.
3330 3219 3480 3268 Ἐπεὶ
3515 3215 3564 3264 δέ
3588 3212 3642 3263 τὰ
3669 3224 3714 3259 τε

480 3300 602 3375 2eeo
621 3303 861 3372 haberet.
887 3317 1552 3387 Apocauchusinstructis
1573 3315 1894 3371 triremibus
1915 3315 2067 3369 insu-

2179 3321 2482 3390 γράμματα
2520 3316 2735 3384 εἰλήφει
2767 3315 2862 3368 καὶ
2895 3313 2994 3383 τὴν
3023 3315 3197 3390 άρχὴν
3221 3307 3582 3380 ἐνεχειρίσθη,
3607 3302 3717 3368 πρὶς

480 3414 561 3470 las
577 3428 749 3483 usque
771 3413 966 3470 Chium
991 3412 1621 3486 circumnavigaus,cum
1646 3413 1700 3466 in
1722 3425 1913 3466 novem
1938 3408 2067 3464 Pcr-

2179 3385 2468 3471 Βυζάντιον
2521 3403 2714 3469 ἐλθὼν,
2764 3402 2830 3454 τὰ
2878 3402 2975 3473 μὲν
3031 3385 3296 3469 βασιλικὰ
3346 3401 3633 3468 γρᾶμματα
3670 3391 3718 3442 οὗ

480 3509 622 3564 sicas
650 3522 818 3563 naves
844 3507 1146 3573 incidisset,
1176 3507 1242 3561 iis
1273 3523 1396 3561 cum
1423 3507 1557 3576 ipsis
1584 3504 1899 3562 vectoribus
1925 3503 2068 3573 poti-

483 3611 595 3665 tus,
615 3598 937 3671 Byzantium
967 3601 1180 3671 relegit.
1201 3601 1522 3669 Imperator,
1546 3608 1607 3652 ut
1640 3599 1761 3668 ejus
1793 3597 1846 3651 in
1869 3596 2069 3650 litteris

482 3691 887 3762 supprimendis
942 3689 1270 3761 nequitiam,
1316 3700 1370 3744 et
1410 3688 1690 3758 quomodo
1742 3687 1796 3741 in
1829 3687 2054 3756 vulgum

485 3799 646 3840 voces
678 3783 994 3855 sparsisset,
1030 3798 1140 3838 non
1178 3781 1551 3852 imperatoris,
1577 3780 1745 3851 328
1771 3779 1867 3835 sed
1912 3792 2066 3834 suam

486 3891 606 3931 osse
658 3875 976 3945 pecuniam,
1027 3889 1150 3944 quae
1203 3873 1258 3927 in
1310 3871 1565 3926 triremes
1629 3869 2067 3939 impenderetur,

489 3965 735 4028 rescivit,
761 3965 819 4020 in
846 3965 1120 4021 hominem
1145 3964 1576 4027 exeandesce‘ns,
1598 3977 1852 4033 magnum
1881 3960 2072 4014 dome-

488 4059 710 4120 sticum,
771 4064 836 4112 ut
884 4058 1003 4127 ejus
1049 4064 1378 4126 perpetuum
1431 4055 1702 4108 fautorem
1752 4052 1837 4106 bis
1887 4051 2072 4105 verbis

488 4148 779 4218 compellat
817 4145 1064 4202 :Sentin’
1105 4145 1237 4214 quid
1295 4145 1660 4215 Apocauchus
1691 4144 1902 4198 struat?
1958 4144 2073 4212 Ego

499 4253 655 4304 vero,
694 4237 911 4293 tametsi
947 4236 1210 4305 frequens
1243 4235 1391 4306 quod
1422 4243 1540 4291 erat
1571 4249 1814 4288 mearum
1832 4233 2070 4304 partium

2184 4229 2706 4300 μεταπεμπόμενος,
2765 4228 3008 4298 ἐπλήρου
3059 4227 3159 4288 τάς
3208 4225 3485 4294 τριήρεις.
3539 4218 3622 4281 Ἐξ
3665 4210 3725 4266 ὧν

490 4330 659 4395 volui,
712 4329 811 4384 abs
868 4338 922 4383 te
971 4326 1271 4400 impeditus
1319 4326 1504 4381 omisi.
1538 4325 1698 4380 Nunc
1730 4325 1863 4378 mihi
1899 4324 1965 4379 ad
2009 4339 2071 4380 ea

2182 4322 2343 4385 αὐτὸς
2396 4322 2496 4392 μὲν
2540 4320 2779 4390 ἐθηρᾶτο
2816 4319 2920 4398 τὴν
2975 4318 3136 4383 δόξαν
3173 4317 3270 4387 τὴν
3316 4316 3466 4386 παρὰ
3491 4312 3578 4365 τοῦ
3613 4308 3727 4373 πλή-

489 4440 611 4493 qnae
639 4437 670 4477 e
699 4422 980 4491 republica
1009 4420 1128 4474 fore
1150 4399 1338 4490 judico
1369 4418 1635 4484 facienda,
1665 4420 1803 4474 nihil
1835 4419 1941 4473 erit
1965 4419 2071 4472 im-

2183 4412 2311 4472 θους
2337 4429 2351 4442 υ
2393 4411 2488 4464 καὶ
2522 4410 2690 4473 πολὺς
2718 4404 2787 4479 ἦν
2827 4409 3088 4479 ᾀδόμενος
3131 4408 3279 4478 παρὰ
3320 4411 3485 4461 πᾶσιν
3531 4406 3600 4465 ὡς
3639 4399 3726 4452 τῶν

494 4515 828 4590 pedimento.
880 4512 1008 4569 Haac
1065 4512 1158 4567 ille
1222 4512 1427 4572 irarum
1476 4513 1691 4582 plenus.
1735 4512 2071 4566 Domesticus

2183 4505 2402 4557 οἰκείων
2434 4503 2496 4559 οὐ
2535 4503 2854 4573 φειδόμενος
2888 4500 3014 4555 οὔτε
3047 4501 3354 4572 χρημάτων
3407 4500 3531 4552 οὔτε
3576 4496 3726 4584 πόνων

493 4587 597 4660 sibi
632 4604 887 4660 conscius
920 4612 979 4658 ut
1018 4606 1230 4660 auctori
1276 4604 1442 4674 hujus
1469 4603 1748 4674 tragcediae
1772 4603 1910 4674 (ipse
1933 4618 2071 4657 nam.

2191 4596 2332 4666 ὑπὲρ
2377 4596 2484 4650 τῶν
2525 4598 2680 4666 κοινῇ
2716 4594 3162 4648 λυσιτελούντων.
3194 4595 3424 4646 Βασιλεῖ
3451 4593 3526 4654 δὲ,
3565 4587 3727 4648 ὥσπερ

493 4711 602 4766 que
636 4696 964 4764 imperatore
1002 4696 1223 4750 nolente
1269 4672 1592 4764 praefectura
1630 4695 1782 4749 illum
1812 4672 2071 4763 auxerat),

2189 4691 2357 4751 εἰκὸς,
2383 4685 2778 4758 προσετρίϐετο
2801 4687 2900 4754 τῆν
2932 4685 3139 4754 μέμψιν
3177 4683 3273 4735 καὶ
3305 4682 3399 4736 τὸν
3443 4672 3726 4749 γογγυσμδν

495 4803 627 4844 cum
658 4786 879 4842 silentio
908 4786 1187 4841 discessit.
1217 4787 1518 4857 Imperator
1551 4803 1725 4857 usque
1757 4787 1826 4843 ad
1856 4803 2071 4850 vernam

2186 4784 2278 4836 τὸν
2303 4780 2454 4852 παρὰ
2496 4782 2605 4835 τῶν
2645 4778 2879 4844 πολλῶν,
2912 4777 2986 4840 ὡς
3020 4777 3130 4829 τῶν
3158 4773 3581 4828 λυσιτελούντων
3610 4767 3728 4831 ὑπη-

500 4886 876 4964 ι‹·ηψεειοῑοιῐι
929 4853 1333 4934 Thessalonicae
1374 4853 1649 4944 moratus,
1670 4881 1798 4936 inde
1827 4880 2071 4952 Didymo‘

2186 4872 2334 4935 κόοις
2392 4870 2666 4941 μηδεμίαν
2733 4867 3043 4937 ποιουμένῳ
3113 4865 3395 4933 πρόνοιαν.
3459 4863 3636 4928 Ὅμως
3681 4853 3726 4904 δὲ

502 4957 706 5028 tichum
749 4980 806 5028 et
857 4971 1021 5042 paulo
1068 4982 1191 5041 post
1238 4972 1550 5044 Byzantium
1607 4989 1667 5030 se
1705 4974 1958 5040 contulit,
1989 4973 2071 5027 ubi

2187 4963 2484 5034 πληρώσας
2527 4964 2639 5026 τὰς’
2683 4960 2933 5030 τριήρεις
2999 4957 3360 5028 περιέπλευσε
3411 4955 3507 5016 τὰς
3558 4952 3725 5019 νήσους

499 5083 622 5122 cum
659 5065 803 5120 haud
837 5065 931 5120 diu
965 5064 1279 5127 mansisset,
1306 5082 1528 5120 rursum
1561 5068 1614 5121 in
1645 5065 1935 5121 Thraciam
1965 5075 2071 5120 eral

2189 5059 2352 5127 μέχρι
2383 5056 2540 5122 Χίου,
2567 5055 2662 5108 καὶ
2702 5054 2858 5109 ἐννέα
2903 5054 3063 5107 ναυσὶ
3106 5053 3406 5123 Περσικαῖς
3448 5037 3723 5115 περιτυχὼν

504 5174 849 5228 egressurus,
874 5167 936 5214 ut
959 5157 1240 5226 antiquam
1265 5160 1457 5213 urbem
1480 5161 1588 5227 jam
1613 5175 1884 5224 eversam,
1907 5159 2071 5213 alicu-

2186 5147 2492 5219 ἐκράτησεν
2540 5145 2878 5218 αὐτάνδρων,
2907 5147 3002 5198 καὶ
3057 5145 3220 5200 πάλιν
3271 5140 3604 5196 ἀπέπλευσεν
3657 5131 3724 5228 εἰς

507 5220 566 5302 bi
594 5252 766 5305 muris
791 5220 964 5317 usque
1019 5220 1182 5306 hodie
1230 5251 1411 5306 adhuc
1446 5220 1671 5320 integris
1700 5220 1880 5318 (cujus
1912 5251 2071 5304 Arca-

2186 5241 2503 5304 Βυζάντιον.
2533 5237 2844 5304 Πυθόμενος
2870 5238 2927 5290 δὲ
2957 5239 2985 5290 6
3016 5235 3272 5306 βασιλεὺς
3299 5235 3402 5286 ὅσα
3437 5228 3580 5297 αὑτῷ
3612 5220 3722 5290 περὶ

505 5343 654 5395 dium
689 5343 986 5397 Theodosii
1027 5343 1208 5414 magni
1250 5343 1415 5398 ﬁlium
1447 5319 1786 5398 conditorem
1814 5342 2021 5405 ferunt,
2050 5356 2071 5394 a

2185 5334 2252 5386 τὰ
2279 5329 2537 5403 βασιλικὰ
2569 5331 2877 5400 γράμματα
2904 5327 3335 5397 κακουργηθείη,
3359 5329 3454 5378 καὶ
3483 5321 3555 5382 ὡς
3582 5319 3718 5382 λόγου

503 5450 612 5500 quo
643 5444 700 5487 et
735 5451 932 5489 nomen
986 5408 1217 5499 invenit,
1242 5433 1618 5502 Arcadiapolis
1652 5433 1820 5501 dicta)
1846 5432 2071 5488 mediii-

2184 5425 2412 5494 διαδοίη,
2452 5424 2527 5495 μὴ
2564 5423 2851 5492 βασιλέως,
2887 5422 3002 5475 ἀλλ’
3045 5423 3110 5474 ἐκ
3150 5420 3260 5472 τῶν
3301 5418 3446 5472 ἰδίων
3481 5408 3720 5474 εἶναιτὴν

503 5535 672 5587 caret,
701 5526 802 5580 loci
854 5539 1048 5582 natura
1097 5527 1399 5582 delectatus
1446 5525 1721 5579 videlicet.
1749 5525 1881 5579 Erat
1911 5524 2084 5592 siqui-7

2175 3497 2486 3566 παρέσχετο
2541 3489 3016 3561 ἀναγινώσκεσθαι
3070 3488 3156 3540 ἐπ’
3211 3488 3533 3554 ἐκκλησίας,
3565 3483 3629 3544 ὡς
3668 3479 3721 3531 ἂν

2175 3591 2367 3644 εἰδεῖεν
2417 3591 2620 3650 πάντες
2677 3586 2753 3648 ὡς
2806 3584 2906 3652 τῆς
2969 3584 3097 3654 περί
3145 3582 3352 3644 αὐτοὺς
3407 3577 3606 3638 εὐνοίας
3654 3575 3721 3638 εἴη

2176 3684 2272 3737 καὶ
2331 3680 2658 3750 κηδεμονίας
2723 3675 2987 3747 βασιλέως
3037 3675 3065 3726 6
3122 3673 3315 3736 στόλος
3373 3673 3551 3742 ἔργον,
3581 3670 3637 3719 ἐκ
3677 3681 3722 3714 τε

2176 3775 2284 3828 τῶν
2337 3773 2634 3842 βασιλικῶν
2696 3771 3002 3842 χρημάτων
3050 3769 3083 3838 ἡ
3145 3769 3392 3836 δαπάνη,
3447 3767 3529 3818 ἵνα
3579 3761 3656 3814 καὶ
3699 3759 3725 3824 ἡ

2178 3866 2422 3936 εὐφημία
2444 3864 2554 3917 τῶν
2582 3861 2794 3916 πολλῶν
2817 3861 2912 3913 καὶ
2946 3862 2973 3913 6
2999 3860 3219 3920 ἔπαινος
3247 3858 3390 3926 πρός
3435 3843 3723 3926 βασιλέα

2178 3958 2314 4012 ἀλλά
2363 3957 2537 4011 ταῦτα
2588 3956 2688 4025 μὲν
2741 3954 2978 4024 ἀφανείᾳ
3034 3951 3370 4021 παρεδίδου·
3414 3951 3566 4009 αὺτὸς
3597 3942 3725 3996 δὲτὰ

2181 4049 2282 4118 μὲν
2311 4046 2566 4118 βασιλικᾶ
2599 4046 2862 4115 χρήματα
2892 4045 3042 4114 παρὰ
3069 4044 3177 4096 τῶν
3209 4043 3278 4094 τὰ
3313 4043 3544 4110 δημόσια
3579 4051 3728 4104 πρατ-

2177 4140 2383 4192 τόντων
2439 4138 2738 4206 λαμϐάνων
2799 4136 3005 4206 κρύφα,
3056 4135 3272 4188 οἴκοθεν
3333 4134 3392 4186 δέ
3453 4125 3724 4193 ἀναφανδὶν

2185 5517 2435 5586 δαπάνην
2492 5517 2600 5568 τῶν
2665 5516 2961 5585 τριήρεων,
3015 5516 3151 5585 ὀργῇ
3206 5530 3264 5564 τε
3329 5511 3552 5580 ἐφέρετο
3605 5500 3717 5562 πρὸς

504 5613 626 5667 dem
691 5616 989 5684 imperator
1019 5618 1185 5672 etiam
1235 5617 1659 5685 aadillcationum
1711 5615 2077 5684 percupidusf,

504 5712 832 5776 paratusque
863 5723 969 5761 non
1001 5707 1344 5762 necessitatis
1376 5706 1560 5772 modo,
1584 5705 1678 5760 sed
1703 5716 1758 5760 ct
1787 5700 2081 5775 voluptatis

503 5811 666 5866 causa
707 5795 760 5850 in
794 5795 1021 5856 ediﬁcia
1069 5805 1319 5866 sumptus
1356 5796 1695 5866 impendere.
1728 5797 1888 5854 Certe
1911 5813 2078 5867 prone

2185 5607 2370 5672 αὐτὸν,
2423 5607 2517 5660 καὶ
2572 5606 2710 5676 πρὸς
2754 5607 2846 5658 τὸν
2905 5607 3081 5675 μέγαν
3130 5599 3565 5671 δομέστικον,ὡς
3597 5591 3719 5654 ὑπὲρ

2187 5699 2398 5752 ἐκείνου
2431 5700 2741 5769 πράττοντα
2781 5697 3095 5769 ἀε“ι,’ορᾷς,
3127 5697 3254 5766 ἔφη,
3288 5688 3375 5746 οἷα
3408 5689 3717 5748 ’Δπόκαυχος

2186 5791 2440 5858 saeuiit;
2475 5790 2586 5859 ἐγὼ
2610 5791 2664 5843 δέ
2693 5789 2866 5844 καίτοι
2894 5790 3148 5855 πολλάκις
3183 5788 3436 5862 ὁρμηθελς
3462 5786 3524 5837 τὰ
3551 5778 3716 5832 δέοντα
