3992 6202
382 3534 391 3541 ’
492 3517 679 3584 porcis
702 3517 887 3572 lumen
906 3533 966 3573 se
988 3517 1412 3590 circumfulgens
1434 3521 1724 3591 aspiciant.
1747 3522 2071 3579 Barlaamus

499 309 604 370 ΜΒ
1662 304 1984 365 JOANNIS
2020 304 2061 360 C

2170 301 2546 361 TACUZENI
3587 301 3679 363 est

499 418 730 472 Romani
793 417 1009 485 imperii
1038 415 1507 486 {Thessalonicam
1566 412 1826 475 advenit;
1890 408 2066 463 multis

2183 408 2360 477 μαίων
2396 408 2710 478 ἐπεδήμησε
2744 405 3014 475 βασιλείᾳ*
3061 404 3268 456 πολλῶν
3319 404 3422 474 γὰρ
3474 408 3701 477 ἐνέπλησε

498 508 645 563 enim
693 511 1016 577 magnisque
1065 507 1434 561 seditionibus
1490 507 1790 562 Ecclesiam
1832 512 2066 571 pacatam

2180 503 2276 551 καὶ
2300 500 2557 568 μεγάλων
2600 500 2847 553 στάσεων
2864 497 3091 567 εἰρήνην
3122 496 3359 563 ἄγουσαν
3383 497 3476 561 τὴν
3506 498 3703 568 Ἐκκλη-

498 600 769 670 implcvit.
793 600 897 666 Qui
929 615 1054 654 cum
1096 615 1153 653 se
1180 599 1497 654 Latinorum
1529 599 1777 667 dogmata
1819 591 2066 663 prodiga»

2180 588 2321 644 σίαν.
2371 589 2842 658 ’Υποκρινάμενος
2871 588 2980 655 γὰρ
3007 586 3075 639 τὰ
3100 587 3343 641 Λατίνων
3378 586 3703 653 ἀποσείεσθαι,

496 702 684 745 turum
733 691 1064 756 simulasset,
1106 691 1308 746 libellis
1353 690 1645 744 adversum
1688 688 1810 741 illos
1850 697 2066 752 compo-

2180 681 2370 748 λόγους
2405 698 2467 733 τε
2524 679 2897 749 συνεγράφετο
2918 676 3040 731 κατ’
3073 677 3271 739 αὐτῶν,
3309 679 3403 731 καὶ
3426 678 3706 733 ἀπεδείκνυε

496 783 635 846 sitis,
689 783 1043 838 conclusione
1090 783 1366 836 rationum
1416 778 1848 840 demonstrabat,
1877 791 1973 831 eos
2019 775 2066 828 in

2179 762 2417 841 λογικῶς
2470 772 2601 842 περὶ
2661 771 2760 843 τὴν
2790 771 2976 824 πίστιν
3009 770 3430 840 σφαλλομένους,
3480 772 3566 823 καὶ
3613 776 3706 834 τοῖς

493 876 775 944 religionis
806 874 1055 929 doctrina
1090 873 1417 927 hallucinari
1477 888 1541 928 ac
1586 871 1718 938 labi,
1754 869 2066 938 nostrisque

2179 867 2471 936 ἡμετέροις
2525 864 2746 935 ἔχαιρεν
2770 865 2927 935 ἤθεσι
2975 865 3070 919 καὶ
3120 866 3326 934 νόμοις
3362 866 3452 919 καὶ
3477 866 3603 924 ὅλως
3630 885 3708 919 σα-

492 966 766 1036 gaudebat
822 964 1087 1021 institutis
1123 946 1178 1019 et
1227 965 1466 1036 legibus,
1494 973 1550 1017 et
1579 980 1607 1017 a
1653 979 1712 1018 se
1755 961 2066 1015 Latinorum

2177 961 2298 1028 φετς
2329 960 2508 1013 ἐδόκει
2535 958 2871 1028 παρέχεσθαι
2901 959 2999 1020 τὰς
3022 956 3327 1022 ἀποδείξεις
3353 955 3442 1010 τοῦ
3466 974 3707 1022 κατέγνων

493 1055 846 1108 ezeremonias
866 1066 1030 1123 atque
1056 1054 1312 1123 dogmata
1344 1069 1411 1109 ex
1439 1053 1620 1106 animo
1645 1052 1896 1106 damnari
1920 1065 2066 1117 aper-

2177 1051 2332 1101 κέναι
2371 1051 2440 1102 τὰ
2478 1050 2726 1105 Λατίνων
2755 1049 2996 1116 ἀληθῶς.
3034 1048 3133 1101 Διὰ
3175 1047 3350 1101 ταιῖτά
3408 1066 3462 1101 τε
3506 1046 3590 1101 οὖν
3634 1051 3708 1101 καί

491 1145 702 1199 tiSsima
736 1144 900 1199 dabat
930 1145 1156 1208 indicia,
1182 1155 1241 1199 ut
1266 1144 1582 1214 apparebat.
1611 1142 1693 1198 Ob
1737 1143 1879 1196 hanc
1910 1142 2066 1210 igitur

2177 1141 2277 1211 τὴν
2299 1141 2467 1211 ἄλλην
2497 1141 2692 1209 σοφίαν
2722 1140 2823 1210 τῆς
2851 1158 2911 1193 τε
2951 1140 3101 1206 παρὰ
3122 1141 3385 1209 βασιλέως
3430 1141 3700 1193 ἀπέλαυνεν

490 1250 724 1301 sacram,
757 1245 812 1290 et
844 1235 989 1290 illam
1034 1237 1197 1289 aliam
1241 1236 1458 1290 civilem
1504 1233 1872 1287 eruditionem
1906 1233 2066 1300 impe-

2176 1231 2465 1298 εὐμενείας
2520 1232 2617 1283 καὶ
2679 1230 2844 1299 τιμῆς
2875 1268 2892 1293 ,
2945 1230 3041 1282 καὶ
3092 1230 3244 1298 παρὰ
3276 1229 3532 1296 ,μεγάλου
3574 1228 3708 1295 50p:—

488 1335 643 1379 rator
690 1325 898 1380 honore
937 1337 992 1379 et
1017 1341 1204 1380 amore
1232 1341 1358 1379 eum
1392 1325 1740 1393 dignabatur,
1768 1331 1825 1377 et
1847 1336 2066 1390 magnus

2177 1324 2362 1375 στίκου
2410 1322 2562 1375 οὐδὲν
2594 1317 2756 1394 ἦττον
2791 1322 3044 1390 ἠγαπᾶτο
3097 1321 3193 1373 καί⁵
3241 1322 3497 1389 προνοίας
3544 1321 3707 1389 ἠξιοῦ-

488 1431 708 1486 quoque
756 1417 1092 1471 domesticus
1154 1416 1382 1470 curabat
1419 1424 1474 1469 et
1510 1414 1808 1483 diligebat;
1857 1427 1961 1467 nec
1991 1412 2066 1466 illi

2172 1431 2235 1467 το
2262 1453 2277 1479 ,
2319 1415 2416 1466 καὶ
2459 1413 2613 1466 οὐδὲν
2666 1412 2837 1466 ἐνέδει
2885 1413 3035 1481 αὐτῷ
3068 1412 3164 1465 τοῦ
3198 1413 3273 1481 μὴ
3309 1414 3366 1464 ὲν
3396 1411 3698 1481 εὐπραγίαις

489 1507 791 1576 quidquam
842 1508 908 1561 ad
956 1507 1269 1562 felicitatem
1320 1506 1531 1561 deerat.
1572 1507 1670 1561 llic
1700 1521 1833 1576 ergo
1863 1505 2066 1559 Barlaa

2175 1504 2337 1558 εἶναι.
2371 1498 2539 1565 Οὗτος
2566 1503 2631 1572 δὴ
2677 1506 2705 1555 ἀ
2730 1502 2995 1572 Βαρλαάμ
3027 1502 3140 1554 εἶτε
3177 1502 3277 1555 καὶ
3298 1501 3458 1561 εὐθὺς
3481 1500 3537 1564 ἐξ
3566 1501 3710 1568 ἀρχῆς

489 1610 613 1651 mus
651 1596 767 1650 sive
799 1597 980 1655 statim
1012 1613 1041 1651 a
1082 1598 1354 1667 principio
1387 1612 1448 1652 ea
1504 1598 1764 1667 opinione
1798 1599 2066 1660 imbutus,

2173 1597 2274 1664 τὴν
2308 1595 2502 1664 ὁμοίαν
2532 1594 2758 1664 γνώμην
2796 1593 2957 1663 ἔχων,
2991 1594 3106 1646 εἴτε
3137 1592 3366 1659 ὕστερον
3400 1591 3708 1661 μεταϐαλὼν,

490 1687 606 1741 sive
654 1698 843 1757 postea
896 1690 1241 1752 immutatus,
1287 1690 1395 1755 vel,
1436 1700 1495 1743 ut
1550 1690 1727 1744 dicam
1783 1690 2066 1756 rectius,a

2180 1687 2381 1756 μᾶλλον
2421 1688 2476 1740 δὲ
2508 1686 2615 1739 ὑπὸ
2641 1685 2735 1738 τοῦ
2771 1683 2953 1739 κοινοῦ
2982 1685 3089 1737 τῶν
3129 1684 3478 1753 Χριστιανῶν
3522 1682 3711 1751 πληρώ-

490 1777 770 1831 communi
808 1777 1247 1834 Christianorum
1283 1781 1438 1834 hoste
1482 1781 1795 1845 instinctus,
1831 1781 2066 1836 occasio-

2180 1795 2349 1847 ματος
2401 1777 2665 1845 πολεμίου
2726 1774 3073 1844 ὲναγόμενος,
3103 1774 3382 1843 πρόφασίν
3414 1791 3528 1825 τινα
3557 1772 3711 1841 ζητῶν

492 1879 616 1918 nem
648 1868 936 1935 quamdam
973 1868 1266 1929 affectans;
1295 1884 1402 1938 qua
1436 1879 1624 1924 nostra
1658 1872 1811 1939 quasi
1850 1885 1948 1940 per
1979 1886 2066 1925 co-

2177 1870 2320 1947 ὲξῆς
2351 1875 2422 1926 τὰ
2456 1874 2707 1944 ἡμέτερα
2736 1872 3155 1942 διακωμῳδήσει
3200 1871 3300 1923 καὶ
3340 1870 3474 1940 πρδς
3508 1869 3713 1935 πόλεμον

491 1954 749 2008 ιιιαιάίοηι
791 1956 1120 2022 traduceret,
1162 1966 1217 2013 et
1247 1960 1448 2013 bellum
1494 1961 1780 2015 nobiscum
1825 1971 2066 2030 apertum

2173 1966 2417 2037 χωρήσει
2459 1964 2710 2033 φανερῶς
2764 1965 2840 2026 ὡς
2879 1965 2942 2035 δὴ
2973 1963 3260 2034 μαθητιῶν
3312 1981 3417 2015 τινι
3471 1958 3711 2030 προσῆλθε

490 2055 726 2113 gereret,
756 2048 906 2103 velut
962 2048 1208 2106 discendi
1251 2066 1413 2106 causa
1460 2052 1525 2105 ad
1573 2052 1866 2122 quemdam
1911 2068 1977 2107 ex
2010 2053 2066 2108 iis

2174 2058 2284 2111 τῶν
2311 2056 2713 2126 ἡσυχαζόντων,
2730 2057 2888 2123 λόγου
2907 2073 2965 2107 τε
2988 2055 3425 2126 ἀπεστερημένῳ
3446 2052 3625 2108 novre“
3640 2051 3712 2115 Βς,

496 2140 589 2207 qui
624 2138 888 2195 dicuntur
909 2141 1259 2211 quiescentes
1288 2140 1306 2214 [
1331 2143 1446 2197 sive
1483 2145 1716 2199 solitarii
1735 2144 1776 2216 ],
1806 2156 1992 2201 mente
2011 2162 2066 2200 ac

2176 2149 2273 2203 καὶ
2309 2149 2489 2217 ὀλίγον
2541 2148 2851 2219 διαφέροντι
2880 2147 3088 2214 ἀλόγων
3112 2185 3128 2209 ,
3155 2147 3253 2199 καὶ
3287 2146 3408 2200 οὐδὲ
3432 2145 3713 2212 φρονήσεως

493 2231 709 2285 ratione
752 2232 915 2301 plane
966 2247 1228 2298 vacuum,
1267 2235 1601 2305 paulumque
1641 2251 1670 2288 a
1708 2238 1871 2291 bruto
1921 2237 2066 2292 dill‘e-

2176 2240 2309 2309 γοῦν
2335 2240 2689 2309 μετεσχηκότι
2725 2238 3043 2308 πρεπούσης
3076 2235 3285 2307 ἰδιώτῃ·
3307 2241 3400 2291 καὶ
3423 2234 3712 2301 ὑπεκρίνετο

493 2333 732 2390 rentem,
763 2341 940 2396 neque
982 2327 1167 2382 idiota:
1194 2329 1387 2383 saltem
1419 2329 1593 2385 instar
1621 2331 1951 2402 prudentem
1986 2347 2066 2386 ac-

2179 2329 2467 2402 βούλεσθαι
2503 2328 2847 2401 μαθητεῦσαι
2877 2329 3009 2400 παρ’
3033 2330 3205 2399 αὐτῷ,
3261 2329 3360 2382 καὶ
3384 2330 3481 2397 τὴν
3503 2327 3613 2380 ὁδον
3632 2325 3712 2393 τῆς

491 2416 682 2482 cessit,
713 2431 883 2489 seque
910 2419 979 2474 ab
1017 2420 1136 2490 ipso
1170 2420 1408 2486 institui,
1443 2430 1499 2476 et
1535 2422 1758 2478 modum
1790 2423 1916 2478 vita:
1947 2424 2066 2477 soli-

2180 2422 2416 2493 ἡσυχίας
2443 2420 2857 2475 ἐκδιδάσκεσθαι
2877 2458 2894 2486 ,
2948 2421 3043 2474 καὶ
3090 2420 3218 2483 τούς
3250 2419 3456 2488 νόμους
3481 2417 3576 2485 τῆς
3603 2416 3714 2468 ὐπο-

492 2509 665 2579 ιιιιιὶτε,
697 2522 763 2564 ac
798 2519 1070 2580 praecepta
1112 2511 1442 2568 obedientim
1465 2513 1535 2568 ab
1565 2513 1659 2568 illo
1695 2514 1908 2571 discere
1935 2515 2066 2570 velle

2178 2514 2379 2583 ταγῆς.
2406 2513 2641 2568 Ἐπεισέ
2667 2528 2726 2566 τε
2754 2512 2994 2580 δεηθεὶς,
3028 2511 3122 2566 καὶ
3152 2508 3404 2580 διέτριψε
3439 2506 3565 2576 παρ’
3589 2501 3712 2571 αὐτῷ

490 2597 794 2654 simulavit.
832 2598 1005 2665 Quem
1053 2605 1311 2671 precibus
1351 2604 1523 2670 vicit,
1573 2586 1888 2676 paucosque
1931 2607 2066 2677 apud

2178 2606 2392 2677 ⁴ἡμέρας
2425 2604 2486 2657 οὐ
2538 2603 2762 2666 πολλάς.
2815 2602 2927 2656 Καὶ
2980 2601 3119 2671 μετὰ
3163 2599 3343 2655 ταῦτα
3375 2598 3467 2653 τοῦ
3501 2594 3712 2667 ἀμαθοῦς

490 2702 618 2743 eum
647 2689 762 2745 dies
787 2694 1013 2746 mansit.
1046 2694 1294 2749 Postbmc
1326 2697 1395 2750 ab
1442 2696 1700 2765 imperito
1728 2697 1820 2752 illo
1849 2708 2066 2752 conten-

2176 2698 2389 2751 ἐκείνου
2417 2698 2589 2750 ἐδεῖτο
2616 2696 2892 2750 διδάσκειν
2918 2696 3048 2765 περὶ
3079 2694 3345 2765 ἡσυχίαςο
3375 2692 3468 2746 καὶ
3488 2693 3586 2760 ὅτῳ
3609 2687 3712 2757 τρό·

489 2783 591 2845 dit,
619 2791 681 2837 ut
704 2798 762 2838 se
789 2799 963 2853 genus
988 2785 1122 2841 illud
1152 2787 1276 2840 vita:
1300 2787 1547 2851 doceret,
1569 2796 1626 2842 et
1653 2788 1932 2857 quomodo
1957 2788 2066 2857 ipse

2178 2809 2266 2861 πω
2295 2792 2391 2843 καὶ
2439 2788 2604 2850 αὐτὸς
2644 2789 2703 2840 ὲν
2734 2788 3068 2857 ἡσυχασταῖς
3113 2784 3439 2855 αὐθημερὸν
3477 2782 3711 2835 τελέσειεν

490 2891 713 2946 quoque
762 2878 849 2932 vel
875 2878 998 2948 ipso
1063 2879 1158 2933 illo
1209 2879 1298 2933 die
1352 2878 1494 2932 inter
1548 2879 1826 2935 solitarius
1884 2878 2066 2938 referri

2178 2881 2500 2936 ὑποθέσθαι.
2544 2880 2603 2933 ’0
2632 2880 2688 2933 δὲ
2734 2879 2827 2932 τόν
2874 2895 2935 2931 τε
2964 2877 3114 2930 δόλον
3145 2878 3222 2946 μὴ
3253 2876 3505 2940 συνιδὼν,
3540 2872 3633 2926 ὐπό
3663 2886 3711 2922 τε

492 2974 698 3033 posset.
724 2966 829 3033 Qui
857 2968 1041 3024 dolum
1069 2969 1213 3023 baud
1244 2968 1529 3034 olfacieus,
1559 2978 1614 3024 ct
1650 2970 1819 3024 nimia
1852 2971 2066 3026 levitate

2176 2975 2277 3040 τῆς
2306 2974 2447 3043 ἄγαν
2491 2972 2828 3040 κουφότητος
2861 2970 3125 3040 ἐπαρθεὶς
3150 3008 3165 3033 ,
3203 2968 3348 3023 ἄλλα
3384 2984 3445 3021 τε
3500 2964 3711 3019 ἐδίδασκε

492 3061 691 3126 elatus,
748 3076 871 3116 cum
924 3062 1041 3118 alia'
1081 3062 1361 3117 hominem
1417 3063 1889 3133 improbissimum
1945 3066 2065 3134 ipse

2170 3069 2257 3122 τὸν
2292 3066 2666 3137 πονηρότατον
2694 3063 2724 3116 ό
2756 3062 2982 3133 ἀνόητος
3005 3101 3021 3125 ,
3066 3060 3162 3115 καὶ
3221 3059 3305 3122 ὡς
3343 3057 3713 3128 προκόπτοντες

496 3150 700 3206 stultus
732 3152 944 3218 docuit,
973 3162 1088 3207 tum
1118 3152 1281 3223 330
1313 3167 1423 3223 quo
1457 3163 1619 3223 pacto
1646 3154 1906 3223 paulatim
1939 3162 2066 3224 pro-

2170 3154 2315 3210 κατὰ
2376 3151 2575 3225 μικρὸν
2625 3151 2677 3204 οἱ
2727 3149 3116 3221 ἡσυχάζοντες,
3167 3147 3264 3199 καὶ
3318 3142 3712 3217 προσευχόμενοι

490 3241 743 3297 ficientes
786 3244 1046 3311 solitarii,
1084 3253 1140 3300 et
1189 3246 1485 3316 tranquille
1524 3245 1935 3316 precationibus
1984 3246 2066 3300 in-

2177 3244 2491 3317 ἀθορύϐως.
2535 3242 2861 3311 ἀγαλλίασίν
2891 3242 2953 3294 τὲ
2988 3256 3113 3294 τινα
3143 3238 3238 3293 καὶ
3272 3239 3510 3310 ἄρρητον
3545 3231 3712 3304 ἡδονὴν

492 3333 651 3397 tenti,
680 3334 1045 3390 exsultatione
1088 3337 1254 3391 animi
1316 3347 1372 3392 et
1411 3336 1596 3392 divina
1644 3336 1882 3408 quadam
1915 3341 2066 3393 inex-

2173 3340 2266 3394 καὶ
2295 3339 2450 3392 θείαν
2482 3335 2827 3405 ἐπιδέχονται
2876 3335 2935 3386 εν
2979 3335 3049 3402 τῇ
3097 3330 3273 3402 ψυχῇο
3303 3331 3397 3384 καὶ
3431 3328 3538 3399 φῶς
3564 3322 3711 3397 ὁρῶσι

491 3424 851 3494 plicabiliqu'e
889 3427 1170 3497 voluptate
1200 3428 1621 3497 perfunduntur,
1663 3438 1720 3484 et
1746 3431 1923 3485 oculis
1949 3446 2066 3486 eor-

2170 3433 2284 3492 τοῖς
2317 3429 2649 3498 σωματικοῖς
2680 3425 2984 3495 ὀφθαλμοῖς
3010 3422 3334 3495 ἁστράπτον
3362 3421 3489 3491 περὶ
3523 3414 3710 3476 αὐτούς.

2183 3520 2308 3576 Ἐπὶ
2349 3521 2449 3585 μὲν
2478 3516 2571 3572 οὖν
2630 3521 2743 3581 τοῖς
2796 3518 3001 3580 ἄλλοις,
3039 3515 3244 3582 πολλὴν
3284 3505 3714 3581 κατεγίνωσκενό

2171 3611 2435 3683 Βαρλαὰμ
2478 3610 2667 3664 ἄνοιαν
2710 3610 2804 3662 τοῦ
2849 3609 3043 3678 ἀνδρὸς
3074 3608 3184 3660 οιαὶ
3214 3606 3483 3673 ἀμαθίαν·
3519 3601 3625 3671 φῶς
3666 3597 3712 3648 δὲ

2171 3706 2413 3768 ἀκούσας
2463 3703 2744 3774 ὁρώμενον
2797 3701 3100 3771 ὀφθαλμοῖς
3149 3698 3523 3766 σωματικοῖς,
3553 3688 3713 3744 οὐκέτι

2170 3798 2294 3852 οὐδὲ
2336 3798 2565 3866 ἠρεμεῖν
2619 3794 2901 3864 ἠνέσχετο,
2952 3792 3088 3845 ἀλλὰ
3147 3791 3339 3860 κοινὴν
3370 3787 3596 3841 ἐποιεῖτο
3623 3780 3713 3833 τῶν

492 3622 548 3664 et
577 3610 778 3678 alioqui
818 3610 1093 3665 hominem
1138 3613 1295 3667 valde
1362 3613 1641 3668 indoctum
1681 3627 2069 3690 amentemque

486 3702 762 3770 judicare,
794 3710 850 3757 et
882 3702 1069 3757 lumen
1102 3704 1334 3759 audiens
1368 3706 1520 3759 cerni
1556 3707 1734 3762 oculis
1761 3714 2067 3780 corporeis,

491 3810 603 3848 non
631 3795 732 3850 sibi
762 3804 1091 3867 temperare,
1125 3798 1257 3877 quin
1280 3800 1648 3854 communiter
1679 3802 1954 3857 solitarios
1989 3804 2071 3858 in-

494 3888 829 3946 sectaretur,
885 3896 982 3935 eos
1030 3882 1380 3950 impostores,
1437 3884 1747 3944 mendaces,
1796 3883 2072 3941 Massalia-

495 3988 596 4024 nos
652 3971 764 4043 (7'5)
793 3980 850 4026 et
875 3970 1379 4043 Omphalopsychos
1412 3975 1544 4043 (74),
1573 3990 2069 4047 germanorumque

494 4060 754 4117 Ecclesia:
782 4061 1096 4130 dogmatum
1127 4072 1496 4131 corruptores,
1521 4074 1575 4118 et
1612 4065 1884 4120 similibus
1910 4082 2071 4121 voca-

493 4152 638 4208 buiis
688 4153 1004 4223 appellans,
1055 4153 1338 4222 palamque
1392 4152 1707 4217 testiﬁcans,
1761 4171 1954 4212 omnes
2000 4159 2069 4213 ab

496 4250 693 4292 eorum
727 4239 1126 4293 consuetudine
1165 4239 1418 4309 refugere
1458 4241 1681 4307 debere,
1719 4245 1810 4312 qui
1843 4245 2068 4302 seduce-

494 4336 618 4382 rent
655 4335 710 4382 et
737 4327 1176 4383 seducerentur:
1213 4345 1353 4397 quos
1387 4332 1675 4400 oportebat
1713 4334 1914 4389 virtute
1948 4353 2070 4407 per-

2173 3888 2559 3958 ήσυχαζόντων
2610 3886 2982 3956 καταδρομὴν,
3034 3883 3367 3953 ἀπατεῶνας
3420 3878 3590 3932 καλῶν
3634 3872 3713 3924 καὶ

2169 3978 2534 4049 ψευδομένους
2566 3979 2662 4031 καὶ
2692 3975 3118 4038 Μασσαλιανούς
3134 3974 3228 4026 καὶ
3260 3970 3711 4043 Ὄμφαλοψύχους.

2174 4070 2271 4123 καὶ
2291 4069 2358 4123 τὰ
2383 4068 2519 4137 ὀρθὰ
2542 4068 2641 4139 τῆς
2677 4067 3007 4137 Ἐκκλησίας
3026 4065 3274 4134 δόγματα
3297 4063 3711 4132 διαστρέφοντας,

2172 4161 2270 4214 καὶ
2299 4159 2354 4212 εί
2382 4177 2437 4211 τι
2481 4160 2668 4228 ἕτερον
2714 4157 2978 4211 τοιοῦτον
3034 4159 3132 4210 καὶ
3179 4155 3571 4224 διεμαρτύρετο
3602 4152 3713 4200 ἁνα-

2170 4250 2367 4320 φανδὸν
2395 4250 2469 4312 ὡς
2516 4250 2597 4303 δεῖ
2639 4250 2815 4302 πάντα
2852 4247 3134 4301 ὁντιναοῦν
3201 4245 3506 4317 ἀπέχεσθαι
3557 4236 3715 4296 αὐτῶν

2174 4341 2508 4396 πλανώντων
2563 4357 2624 4392 τε
2650 4340 2746 4394 καὶ
2794 4340 3190 4407 πλανωμένων,
3240 4336 3338 4402 οὓς
3391 4336 3499 4389 ἔδει
3538 4335 3629 4401 τήν
3665 4344 3712 4378 τε

493 4421 665 4476 lectos
726 4428 784 4475 et
830 4420 1093 4477 doctrinm
1154 4422 1436 4492 religionis
1486 4424 1850 4493 peritissimos
1921 4400 2064 4495 esse,

2172 4433 2375 4505 ἀρετὴν
2406 4430 2644 4495 τελείους
2675 4426 2836 4498 εἶναι,
2865 4434 2958 4484 καὶ
2982 4400 3204 4499 περὶτὰ
3224 4400 3477 4498 δόγματα
3509 4423 3714 4496 μάλιστα

496 4519 687 4578 utpote
716 4512 917 4579 quibus
944 4514 1123 4569 caeteri
1163 4515 1442 4578 mortales,
1484 4526 1708 4584 propter
1746 4532 1867 4570 eam
1900 4534 2062 4588 quam

496 4618 610 4675 prae
634 4619 695 4657 se
726 4603 932 4657 ferrent
954 4605 1236 4672 pietatem,
1269 4606 1492 4683 animas
1516 4621 1643 4660 suas
1672 4609 2059 4666 credidissent.

2169 4523 2457 4592 ἀσφαλεῖς,
2496 4523 2572 4586 ὡς
2601 4520 2708 4574 τῶν
2753 4520 3056 4591 ἀνθρώπων
3089 4519 3187 4584 τὰς
3225 4520 3406 4592 ψυχὰς
3445 4518 3616 4578 αὐτοῖς
3641 4510 3714 4564 διὰ

2168 4615 2267 4684 τὴν
2318 4614 2586 4668 δοκοῦσαν
2629 4612 2919 4667 εὐλάϐειαν
2968 4613 3433 4682 ἑμπιστευόντων.
3459 4608 3632 4665 Ταῦτα
3664 4603 3711 4655 δὲ

1756 4742 1974 4806 Jacobi
2016 4746 2280 4808 Pontani
2321 4752 2510 4808 nota.

568 4862 683 4933 (73)
725 4860 1058 4933 Massaliani,
1103 4875 1199 4916 seu
1232 4860 1535 4918 Messaliani
1583 4864 1685 4919 sub
1715 4865 1924 4922 Valent.
1959 4868 2061 4922 im-

532 4931 749 4991 eratore
777 4940 834 4986 et
866 4931 1095 4984 Damaso

542 5003 709 5059 omini
746 5002 852 5057 580
895 5015 925 5053 a
955 5000 1288 5069 quihusdam
1338 5001 1470 5056 dicti
1522 5003 1791 5070 Euchitte,
1840 5006 1894 5060 id
1947 5019 2051 5067 est,

2236 4869 2350 4939 (74)
2391 4868 2681 4924 Existimat
2711 4869 3003 4939 Gretserus
3030 4878 3225 4939 noster
3252 4869 3591 4939 Barlaamurn
3621 4880 3709 4917 vo-

1139 4932 1398 5008 pontiﬁce
1432 4934 1567 5008 n_ati_,
1601 4935 1824 5008 circiter
1846 4951 2058 5008 annum

2170 4932 2468 4993 cassc'hos
2525 4938 2824 4992 monachos
2869 4938 3313 5008 ὀμφαὶοψύχους,
3366 4941 3432 4992 ad
3482 4936 3704 4997 verbum,

2162 5009 2602 5068 umbilicanimos,
2637 5008 2762 5077 quia
2794 5021 2887 5062 eos
2912 5015 2972 5061 ut
2998 5012 3169 5063 ventri
3202 5008 3420 5063 deditos
3452 5014 3628 5077 notare
3654 5018 3707 5057 ac

495 5083 787 5150 or_ant_es,_a
838 5070 1555 5150 nonuullisﬂEuthusiastze,
1589 5075 1640 5128 id
1675 5084 1772 5150 est
1794 5116 1809 5142 ,
1840 5077 2062 5150 numine
2161 5080 2535 5150 perstringere
2561 5070 2756 5137 voluit.
2783 5077 2950 5150 quasi
2970 5077 3206 5150 animam
3240 5080 3294 5132 in
3323 5086 3515 5150 ventre
3545 5075 3707 5127 fereo-

497 5144 962 5216 aillati_,_d_a:mone
993 5139 1267 5216 videlicet.
1295 5141 1577 5216 Negabant
1599 5139 1810 5216 animos
1833 5145 2009 5216 creari
2035 5161 2064 5199 a
2162 5139 2270 5208 ies,
2305 5162 2371 5200 eo
2397 5139 2583 5213 modo,
2615 5162 2725 5216 quo
2752 5139 2882 5216 olim
2910 5147 3284 5203 Tertullianus
3317 5150 3381 5201 ad
3418 5148 3702 5216 Montanum

496 5216 631 5269 Deo.
653 5212 866 5267 Nullam
897 5210 1167 5278 baptismo
1199 5214 1457 5265 virtutem
1492 5213 1823 5268 tribuebant.
1854 5214 2064 5269 Eucha-

500 5286 712 5337 ristiam
739 5280 1012 5335 docebant
1035 5294 1137 5334 nec
1167 5281 1424 5349 prodesse
1452 5282 1683 5347 homini,
1712 5298 1819 5337 nec
1846 5284 2059 5338 obesse.

500 5353 765 5406 Laborem
798 5364 1058 5403 manuum
1095 5360 1153 5402 ut
1185 5350 1389 5405 malum
1422 5353 1835 5406 aversabantur.
1863 5351 2067 5407 Somno

501 5419 874 5490 indulgebant,
902 5427 958 5473 et
986 5421 1196 5490 somnia
1221 5435 1317 5472 sua
1348 5421 1677 5490 prophetias
1695 5422 2064 5490 appellabant.

502 5490 635 5543 Vide
664 5488 1094 5558 Theodoretum,
1130 5489 1228 5543 lib.
1254 5504 1328 5558 tv,
1363 5504 1485 5558 cap.
1516 5489 1604 5554 11,
1638 5488 1883 5545 Historia
1910 5492 2070 5545 eccle—

500 5557 1341 5629 siasticazLNicepborumAlib.
1400 5557 1460 5622 ιι,
1518 5575 1639 5629 cap.
1706 5561 1806 5624 id;
1865 5560 2069 5615 Cedre-

504 5627 754 5751 num,5;n
780 5624 1173 5693 Constantino;
1211 5624 1707 5696 Augustinumﬂib.
1754 5629 1832 5684 De
1860 5630 2069 5695 lumen,

507 5711 626 5751 (κω.
733 5734 747 5749 υ

2168 5224 2560 5286 transgressus.
2593 5212 2928 5271 ortliodoxos
2961 5217 3236 5286 appellare
3266 5218 3477 5271 solebat
3504 5212 3701 5284 psychi-

2171 5302 2285 5351 cos,
2331 5285 2614 5349 animales,
2666 5285 3060 5354 voluptuarios,
3104 5296 3202 5339 etc.
3253 5296 3312 5341 ut
3354 5286 3702 5353 ὁμφαλόψυχοι

2169 5356 2278 5409 sint
2311 5354 2651 5431 gastgimargi
2683 5371 2698 5409 :
2731 5370 2849 5431 seu,
2890 5365 2946 5408 ut
2980 5356 3271 5431 Apostolus
3292 5356 3581 5431 gretenses
3623 5363 3704 5403 v0-

2170 5434 2272 5495 ρει.
2314 5422 2580 5495 γασὶέρες
2624 5426 2813 5493 ἀργαὶ,
2848 5422 3052 5495 uenires
3090 5428 3245 5495 pigri.
3288 5426 3352 5480 Et
3381 5422 3700 5495 Nicepltorus

2170 5492 2437 5563 Gregoras
2464 5493 2726 5548 Barlaami
2758 5493 3009 5559 partibus
3036 5492 3221 5563 postea
3247 5497 3486 5559 studens,
3515 5493 3699 5563 ineus-

2171 5560 2304 5615 denf
2325 5563 2644 5628 monachos,
2675 5574 2734 5619 ut
2772 5563 3011 5632 crapulae
3036 5560 3098 5617 et
3142 5563 3452 5619 vinolentia:
3487 5560 3696 5619 deditos.

2171 5631 2368 5753 aec'ii’be
2408 5632 2653 5687 invectus
2690 5643 2791 5698 est,
2824 5631 2885 5687 ut
2914 5631 3056 5688 libro
3085 5642 3283 5704 quarto
3312 5633 3697 5687 Cantacuzcnus

2171 5715 2277 5753 seri
2325 5711 2380 5753 ιι.

2170 5715 2380 5754 ευτιυιι.
