3992 6202
2339 185 2364 200 ιε

457 268 559 363 δέτ
1612 305 1936 368 JOANNIS
1979 304 2051 362 CA

2158 299 2508 364 l‘ACUZENI
3560 302 3648 364 663

355 453 368 470 ι
461 421 614 474 nefas
661 421 819 489 erat)
867 421 1239 488 discessisset,
1276 439 1513 494 primum
1567 425 1792 492 quidem
1839 423 1936 477 ditt
1989 421 2042 473 in

2158 421 2217 474 τὰ
2275 419 2472 490 βελτίω
2515 415 2948 487 συμϐουλεύουσι
2995 415 3070 484 μὴ
3127 414 3438 478 πείθεσθαι,
3494 419 3656 486 πρῶτα

458 510 807 564 monasteriis
836 512 980 580 apud
1008 514 1151 568 Atho
1182 526 1422 570 montem
1447 516 1582 570 vixit
1607 555 1623 580 ,
1652 515 1850 570 deinde
1879 527 2040 568 cura-

461 601 609 654 tione
630 601 806 655 morbi
833 614 1080 673 urgente,
1101 605 1545 661 Thessalonicam
1568 606 1739 660 venit.
1761 606 1861 660 Hic
1906 620 2039 674 ergo

457 689 664 756 aliique
712 693 967 746 monachi
1017 693 1298 747 Barlaamo
1344 710 1513 748 sacra:
1547 695 1749 763 quietis
1788 695 2041 749 instituto

464 777 772 844 insultanti,
803 784 1095 852 multisque
1116 785 1380 841 conviciis
1421 783 1553 840 illud
1583 786 1885 840 cumulanti
1919 802 2044 840 suc-

463 879 774 936 censentes,
817 873 1149 941 quibusdam
1181 877 1379 932 amicis
1420 878 1488 931 ad
1523 877 1675 931 illum
1717 895 1816 948 pro
1847 879 2040 948 legatis

467 963 572 1025 nsi,
601 964 882 1031 rOgabant,
919 975 978 1018 ut
1013 967 1138 1020 talia
1171 977 1227 1022 et
1255 969 1483 1035 sentire,
1515 979 1572 1024 et
1599 970 1747 1037 loqui
1779 970 2044 1024 adversus

465 1055 808 1121 quiescentes
831 1057 972 1126 (sive
999 1058 1302 1128 solitarios)
1326 1059 1628 1124 desineret,
1655 1070 1709 1114 et
1734 1075 1802 1115 ne
1820 1071 2046 1130 propter

467 1145 628 1196 unius
676 1147 1006 1213 imperitiam
1059 1163 1252 1204 omnes
1301 1151 1615 1214 damnaret,
1663 1151 1921 1220 quodque
1975 1151 2042 1204 ad

465 1234 640 1302 ipsum
665 1237 946 1301 attineret,
973 1255 1231 1308 supremo
1271 1257 1335 1296 ac
1362 1241 1762 1310 perfectis~imo
1799 1243 1921 1296 vita:
1953 1258 2048 1312 ge-

464 1341 596 1378 nere
634 1327 887 1382 homines
925 1331 1198 1396 privatum
1230 1331 1352 1390 iret.
1384 1332 1514 1384 dum
1557 1348 1680 1401 qua:
1710 1349 1816 1385 non
1861 1342 2047 1387 essent

466 1417 819 1479 mentiretur,
868 1428 923 1472 et
955 1421 1244 1474 calumniis
1309 1433 1368 1476 ut
1398 1423 1583 1477 nescio
1614 1439 1844 1492 quorum
1881 1425 2050 1477 malo-

469 1524 588 1560 rum
621 1511 886 1578 originem
920 1523 1282 1582 oppugnaret,
1328 1516 1834 1583 abstinendumque
1880 1517 1948 1569 ab
1981 1533 2048 1571 eo

469 1601 798 1667 persuadere
835 1612 1151 1658 conaretur.
1198 1603 1386 1660 Sed’si
1435 1608 1569 1676 quid
1611 1610 1854 1663 audisset
1889 1609 2047 1663 inde-

2158 1602 2655 1670 καταψευδόμενοι),
2691 1602 2786 1655 καὶ
2832 1601 2908 1663 ὼς
2940 1601 3127 1654 κακῶν
3159 1600 3338 1652 αίτίαν
3365 1596 3678 1650 διαϐάλλοντα

470 1691 708 1748 centius.
762 1692 992 1746 inscitire
1034 1693 1270 1750 dicentis
1313 1699 1660 1752 ascriberet:
1707 1700 1878 1768 ipsam
1925 1699 2049 1753 vitae

2158 1697 2248 1747 καὶ
2277 1696 2533 1748 πείθοντα
2561 1694 2861 1764 ἀπέχεσθαι
2893 1694 3090 1762 αὐτῆς.
3132 1694 3276 1746 Ἀλλ’
3300 1695 3348 1745 εἰ
3394 1692 3485 1760 μέν
3524 1710 3570 1743 τι
3600 1691 3678 1742 καὶ

472 1781 740 1834 rationem
783 1794 1022 1837 sanctam
1091 1795 1144 1839 ct
1171 1787 1411 1840 divinam
1450 1789 1698 1854 duceret,
1733 1800 1789 1844 et
1817 1789 1867 1843 ei
1894 1789 2048 1842 obla-

2158 1787 2308 1856 παρὰ
2333 1787 2393 1840 τὸ
2433 1786 2712 1855 προσῆκον
2750 1786 3019 1855 ἡκουσται
3059 1785 3239 1854 αὐτῷ,
3267 1787 3332 1853 τῇ
3365 1783 3572 1851 ἀπειρία
3599 1778 3678 1832 τοῦ

473 1879 618 1924 trare
662 1873 974 1929 desisteret.
1008 1875 1062 1930 Si
1123 1878 1254 1946 quid
1301 1880 1467 1934 etiam
1501 1881 1765 1934 adversus
1801 1882 2046 1935 eamdem

2158 1881 2402 1942 εἰπόντος
2443 1877 2932 1952 προσλογίζεσθαι·’
2965 1877 3138 1945 αὐτὴν
3185 1876 3244 1928 δὲ
3288 1875 3528 1943 ἡγεῖσθαι
3558 1874 3680 1924 θεῖόν

473 1961 670 2015 all'ectu
700 1981 808 2018 non
830 1969 970 2020 hono
997 1983 1026 2020 a
1063 1978 1212 2021 recto
1245 1969 1493 2025 detortus
1523 1973 1961 2040 conscripsisset,
1991 1981 2048 2025 ut

2158 1988 2202 2023 τι
2226 1971 2415 2039 χρῆμα
2440 1971 2538 2022 καὶ
2569 1969 2740 2035 ἱερὸν,
2769 1972 2866 2022 καὶ
2893 1969 2988 2023 τοῦ
3018 1987 3078 2023 τε
3109 1968 3234 2022 κατ’
3261 1968 3425 2036 αὐτῆς
3443 1963 3681 2018 παύεσθαι

474 2055 784 2123 perditione
809 2057 1056 2124 dignum,
1087 2060 1321 2114 llantmis
1347 2060 1609 2114 aboleret.
1629 2061 1739 2115 Nec
1757 2063 1904 2115 enim
1926 2077 2049 2116 esse

2158 2061 2354 2128 λέγειν.
2404 2061 2564 2114 Ἀλλά
2617 2061 2711 2114 καὶ¹
2741 2060 2794 2112 εἴ
2855 2078 2910 2112 τι
2959 2060 3364 2129 συναρπασθεὶς
3411 2055 3683 2124 συνέγραψε

475 2148 571 2199 fas.
605 2162 703 2200 nec
727 2150 1024 2200 scentulum
1052 2151 1340 2215 rationem,
1363 2155 1670 2221 quemp'am
1694 2153 2046 2222 geometrica,

2158 2155 2272 2206 κατ’
2321 2154 2514 2222 αὐτῆς,
2565 2154 2644 2216 ὡς
2694 2152 2971 2216 ἀπωλείας
3004 2153 3134 2218 ἀξια
3167 2151 3511 2222 παραδιδόναι
3551 2148 3681 2216 πυρί.

475 2235 862 2299 astronomiea,
895 2248 948 2290 et
975 2255 1328 2293 numerorum
1356 2242 1745 2310 proportiones
1770 2243 2044 2297 volentem

2158 2246 2288 2300 Οὐδὲ
2319 2245 2426 2314 γὰρ
2457 2248 2624 2312 ὅσιον,
2659 2247 2780 2298 οὐδὲ
2825 2246 3007 2309 ἄλλως
3033 2245 3166 2298 νοῦν
3199 2244 3349 2314 ἕχον,
3373 2242 3684 2312 γεωμετρίαν

476 2325 788 2393 percipere,
845 2329 1048 2382 nedum
1113 2331 1178 2384 ad
1264 2332 1706 2388 indoctissimum
1748 2375 1761 2398 ,
1817 2335 1910 2388 sed
1980 2335 2046 2388 ad

2158 2341 2254 2407 μὲν
2313 2341 2410 2392 καὶ
2477 2339 2882 2408 ἀστρονομίαν,
2947 2337 3046 2390 καὶ
3098 2337 3354 2407 ἀριθμῶν
3422 2333 3684 2400 ἀναλογίας

477 2418 853 2471 doctissimum
880 2427 1171 2483 vent'tare,
1207 2423 1258 2476 in
1299 2441 1421 2478 vera
1459 2434 1640 2480 autem
1704 2428 2049 2497 philosotihia

2158 2432 2476 2503 βουλόμενόν
2520 2449 2645 2485 τινα
2690 2429 3103 2484 ἐκδιδάσκεσθαι
3136 2431 3213 2500 μὴ
3238 2429 3316 2498 τῷ
3338 2427 3684 2498 ἀμαθεστάτῳ,

475 2513 533 2559 et
577 2510 888 2578 cognitione
939 2528 1122 2566 rerum
1165 2516 1463 2570 caelestium
1531 2519 1820 2586 profanum
1849 2536 1914 2574 ac
1939 2536 2048 2574 non

2158 2523 2286 2576 ἀλλά
2322 2523 2398 2593 τῷ
2425 2523 2716 2588 δεινοτάτῳ
2744 2523 2882 2592 περὶ
2902 2520 3077 2574 ταῦτα
3098 2520 3314 2590 φοιτᾷν·
3343 2519 3439 2588 τῆς
3464 2517 3515 2570 δὲ
3543 2518 3685 2576 ὅντως

480 2598 754 2652 initiatum
807 2603 1123 2671 magistrum
1175 2607 1461 2663 adhibere.
1531 2609 1856 2698 Oporluisse
1899 2614 2046 2667 enim

2158 2614 2496 2682 φιλοσοφίας,
2549 2614 2644 2666 καὶ
2693 2613 2796 2680 τῆς
2854 2611 2986 2679 περὶ
3043 2610 3324 2680 οὐρανίων
3377 2607 3686 2698 πραγμάτων

479 2687 633 2742 illum
685 2701 745 2744 ut
782 2694 1192 2765 philosophum,
1229 2709 1279 2752 el
1309 2687 2048 2771 intelliget]tia-praestantem

2158 2705 2410 2774 γνώσεως
2470 2704 2550 2774 τῷ
2608 2703 2739 2772 περὶ
2798 2702 2976 2754 ταῦτα
3037 2702 3273 2771 ἀμυὴτῳ
3325 2694 3687 2770 χρῆσθαιδιδαο

477 2783 690 2847 multis,
726 2786 1001 2854 siquidem
1055 2791 1178 2842 talia
1212 2792 1424 2847 discere
1453 2794 1730 2861 cupiebat,
1769 2805 1863 2849 aut
1899 2796 2051 2864 prius

2158 2797 2364 2864 σκάλῳ.
2408 2795 2612 2865 Ἐχρῆν
2646 2794 2756 2866 γὰρ
2795 2794 2959 2847 αὐτὸν
2991 2793 3124 2846 ὄντα
3156 2792 3468 2859 φιλόσοφον,
3493 2785 3686 2840 καὶτῶν

479 2879 741 2944 quaesisse
789 2897 817 2933 a
855 2883 964 2936 Deo
1016 2886 1324 2955 hlljllSlllOdi
1363 2890 1543 2957 gratia
1589 2889 1869 2958 dignatum
1902 2893 2050 2961 (non

2158 2888 2368 2943 πολλῶν
2416 2888 2756 2957 ὑπερέχοντα
2815 2886 3056 2946 συνέσει,
3109 2888 3234 2954 εἴγε
3285 2885 3412 2953 περὶ
3465 2879 3689 2934 τοιούτων

480 2972 626 3025 enim
660 2973 895 3028 humano
926 2977 1204 3032 intellectu
1261 2981 1510 3036 stutliove
1535 2983 1633 3036 ista
1663 2985 2048 3057 acquiruntur)

2158 2980 2328 3033 ἐδεῖτο
2363 2979 2556 3049 μαθεῖν
2589 2979 2962 3047 πραγμάτων,
2996 2977 3029 3047 ἢ
3070 2977 3342 3048 πρότερον
3377 2969 3692 3044 διερευνησά-

481 3074 536 3117 et
565 3065 780 3119 sincero
811 3068 1014 3129 animo,
1040 3069 1214 3138 atque
1239 3073 1305 3124 ab
1337 3072 1483 3126 omni
1515 3073 1849 3143 malignitate
1879 3091 2049 3131 Vacuo

2163 3088 2346 3140 μενον,
2392 3072 2471 3140 τῷ
2517 3071 2668 3139 παρὰ
2703 3069 2822 3138 Θεῴ
2861 3070 2959 3138 τῆς
2990 3069 3256 3139 τοιαύτης
3305 3067 3516 3137 χάριτος
3557 3063 3694 3132 him-

482 3157 767 3219 accedere,
805 3169 860 3212 et
904 3160 970 3212 de
1019 3163 1221 3229 quibus
1261 3165 1449 3228 vellet,
1482 3181 1674 3235 rogare
1707 3167 1892 3221 doceri
1925 3170 2051 3236 (qui

2165 3167 2310 3234 μένῳ
2346 3165 2428 3229 (ού
2469 3163 2578 3233 γὰρ
2611 3163 2676 3232 δὴ
2712 3162 3035 3233 ἀνθρωπίνῃ
3087 3177 3151 3228 γε
3203 3160 3422 3212 συνέσει
3455 3157 3486 3226 ἦ
3518 3150 3692 3218 σπουδῇ

483 3249 671 3317 utique
701 3249 1014 3305 divinarum
1049 3269 1228 3307 rerum
1256 3271 1480 3325 gnarus,
1510 3265 1566 3310 et
1603 3268 1869 3318 quantum
1907 3261 2051 3326 quis-

2160 3258 2227 3308 τά
2257 3257 2482 3308 τοιαῦτα
2531 3253 2906 3323 περιγίνεται)
2937 3253 3110 3319 ἀδόλῳ
3143 3252 3368 3322 γνώμῃ,
3405 3249 3496 3300 καὶ
3541 3246 3694 3310 πάσης

482 3357 588 3408 que
621 3342 782 3412 hujus
821 3344 1122 3413 disciplina:
1157 3357 1400 3415 caperet,
1440 3349 1586 3401 haud
1621 3351 1860 3411 nescius,
1905 3351 2051 3421 juxta

2160 3347 2560 3417 ἀπηλλαγμένης,
2592 3345 2934 3416 κακουργίας
2968 3343 3316 3412 προσελθεῖν,
3353 3342 3447 3393 καὶ
3493 3337 3608 3406 περὶ
3633 3329 3695 3385 ὢν

483 3433 679 3487 ιίίνήευ
713 3439 1048 3505 purgationis
1096 3441 1375 3495 modulum
1424 3457 1532 3496 non
1565 3444 1746 3496 statim
1796 3445 1864 3498 ab
1901 3444 2051 3499 initio

2161 3439 2420 3492 ὲϐούλετο
2477 3439 2686 3492 δεῖσθαι
2735 3438 2930 3508 μαθεῖν
2969 3431 3026 3506 (ἦ
3077 3438 3187 3505 γὰρ
3243 3437 3310 3487 ἂν
3342 3435 3534 3492 ἐκεῖνος
3563 3425 3697 3494 σοφδς

484 3539 644 3580 aures
683 3527 938 3582 "accidas
982 3533 1209 3586 tonitrui
1251 3533 1433 3587 sonitu
1468 3533 1776 3599 imbuisset,
1809 3536 1902 3590 sed
1937 3538 2051 3593 vita!

2162 3529 2240 3582 ῶν
2280 3530 2350 3583 τὰ
2385 3530 2507 3583 θεῖα
2549 3529 2645 3582 καὶ
2687 3529 2861 3598 μέτρα
2921 3526 3270 3597 μαθημάτων
3303 3526 3512 3591 ἑκάστῳ
3553 3532 3699 3586 προσ-

485 3617 639 3685 prius
667 3623 1038 3688 accuratione,
1070 3625 1349 3694 multaque
1397 3625 1645 3692 scientia,
1675 3627 1834 3697 332
1861 3636 1915 3682 et
1943 3643 2051 3683 om.

2165 3623 2371 3693 ήκοντα
2409 3620 2566 3683 είδὼς
2616 3621 2762 3673 κατά
2796 3621 2897 3688 τὴν
2929 3619 3028 3688 τῆς
3060 3617 3388 3688 καθάρσεως
3422 3610 3698 3678 ἀναλογίαν.

486 3710 636 3762 nintn
671 3712 1063 3782 cogitationum
1100 3724 1466 3782 terrenarum,
1498 3733 1562 3772 ac
1598 3719 1796 3772 rationi
1829 3733 2051 3775 consen-

2163 3717 2265 3768 οὐκ
2307 3713 2374 3768 ἂν
2425 3712 2816 3766 ὲνεπίστευσεν
2851 3711 2989 3780 ἀκοῇ
3043 3708 3221 3780 σαθρᾷ
3257 3701 3625 3800 βῳντῆςὴχον
3649 3700 3699 3800 ἐκ

486 3803 735 3855 tientiutn
799 3808 1336 3877 repugnantiumque
1414 3809 1760 3880 depositione
1814 3813 2051 3867 animum

2165 3804 2471 3874 προοιμίων
2504 3803 2687 3867 εὐθὺς,
2713 3801 2848 3854 ἀλλὰ
2869 3800 2986 3871 βίου
3031 3800 3306 3870 πρότερον
3353 3796 3596 3867 ἀκριϐείᾳ
3623 3796 3702 3842 καὶ

486 3910 790 3964 οκρυτςςειτο
821 3897 1122 3958 docuisset,
1151 3908 1206 3953 et
1235 3901 1304 3953 ita
1329 3900 1395 3953 ad
1419 3916 1571 3954 sacra
1601 3901 1868 3956 vestibula
1901 3905 2051 3975 hujus

2165 3897 2334 3966 πολλῇ
2371 3894 2686 3966 φιλοσοφίᾳ,
2719 3895 2815 3946 καὶ
2855 3891 3046 3945 πασῶν
3080 3892 3292 3960 γηΐνων
3322 3890 3536 3943 ἐννοιῶν
3576 3879 3702 3984 εὐλό-

488 3984 686 4039 divinaa
710 3988 988 4056 sapientia:
1012 3989 1296 4050 accedere.
1321 3991 1487 4043 multa
1515 3991 1706 4054 Deum,
1725 3992 1890 4045 multa
1918 3996 2051 4062 viros

2163 4007 2276 4057 γων
2318 4006 2378 4041 τε
2420 3988 2515 4040 καὶ
2568 3987 2642 4056 μὴ
2694 3984 2956 4037 τοιούτων
2995 3983 3290 4046 ἀποθέσει,
3331 3983 3430 4052 τὴν
3457 3977 3620 4049 ψυχὴν
3646 3977 3702 4076 ἀν

490 4078 592 4133 hac
642 4079 977 4148 perfectione
1023 4081 1218 4150 dignos
1269 4082 1489 4136 habitos
1523 4093 1858 4150 precantem,
1899 4093 1958 4138 ut
1992 4087 2051 4140 ad

2165 4083 2433 4152 πρότερον
2482 4079 2721 4142 ἐδίδαξεν
2763 4078 3090 4146 ὲκκαθάραι,
3125 4076 3224 4128 καὶ
3249 4076 3396 4128 οὕτω
3422 4073 3526 4124 τῶν
3562 4073 3701 4136 ἱερῶν

490 4185 627 4238 Opus
673 4181 781 4223 tam
813 4170 1069 4236 sublime,
1100 4180 1155 4226 et
1189 4172 1428 4225 humana
1475 4173 1733 4228 facultate
1781 4178 2051 4245 superius,

2163 4173 2458 4243 προθύρων
2496 4172 2594 4239 τῆς
2627 4170 2778 4231 θείας
2812 4169 3045 4237 ταυτησὶ⁸
3075 4168 3270 4234 σοφίας
3301 4165 3592 4219 ἐπιϐαίνειν
3613 4156 3706 4211 δέο⁶

491 4261 810 4332 adjumento
843 4262 947 4315 sibi
979 4277 1098 4316 esse
1145 4278 1211 4317 ne
1245 4264 1615 4334 reensarent),
1655 4275 1751 4320 attt
1774 4277 2051 4337 postquam

2169 4282 2353 4336 μενον,
2394 4265 2490 4318 καὶ
2520 4261 2658 4316 Θεοῦ
2687 4262 2862 4314 πολλά
2892 4263 2988 4313 καὶ
3033 4259 3250 4328 ἀνδρῶν
3287 4259 3397 4311 τῶν
3423 4259 3489 4310 τά
3512 4251 3706 4308 τοιαῦτα

493 4367 716 4423 propter
760 4355 1027 4408 desidiam
1082 4371 1237 4410 suam
1290 4356 1599 4411 inconsulto
1633 4358 1698 4411 ad
1750 4359 2051 4427 proximum

2165 4357 2428 4410 δύνασθαι
2469 4354 2796 4425 ἠξιωμένων
2869 4351 3205 4422 συνάρασθαι
3255 4350 3395 4420 πρὸς
3454 4348 3514 4399 τὸ
3569 4345 3708 4412 ἔργον

491 4447 847 4510 accessisset,
881 4447 1128 4501 auditum
1169 4463 1480 4503 sermonem
1512 4449 1659 4503 illius
1692 4449 1921 4505 inscitia:
1959 4453 2051 4505 tri.

2165 4449 2339 4512 οὓτως
2394 4449 2452 4501 ὃν
2513 4447 2752 4516 ὑψηλὸν,
2820 4448 2914 4498 καὶ
2972 4445 3070 4513 τὴν
3125 4443 3477 4514 ἀνθρωπίνην
3560 4439 3706 4503 ὑπερ-

495 4536 661 4589 Lucre
689 4553 704 4589 :
737 4553 839 4590 nec
867 4539 1018 4592 velut
1048 4539 1231 4593 dedita
1273 4555 1464 4609 opera,
1498 4549 1554 4594 et
1588 4549 1845 4610 tauquam
1880 4542 2051 4611 inspe.

2167 4539 2350 4590 ϐαῖνον
2375 4538 2631 4607 δύναμιν)
2655 4551 2672 4566 ·
2711 4536 2744 4605 ἢ
2773 4535 2963 4604 ἐπειδή
2994 4551 3058 4602 γε
3097 4534 3185 4587 διὰ
3231 4533 3506 4605 ῥᾳθυμίαν
3535 4531 3709 4596 ἀπερι-

496 4635 669 4677 τ.ιιυιιι
703 4626 912 4680 lucrum
941 4644 1004 4681 ea
1035 4630 1201 4684 verba
1233 4634 1494 4698 arripere,
1526 4640 1956 4702 arroganterque
2012 4644 2051 4687 el

2169 4630 2422 4691 σκέπτως
2452 4627 2532 4698 τῷ
2563 4627 2926 4698 προστυχόντι
2958 4624 3378 4697 προσεχώρησε,
3425 4627 3488 4692 τῇ
3525 4619 3708 4674 ἐκείνου

495 4717 737 4786 projecte
766 4719 818 4771 in
850 4733 1055 4772 sacram
1083 4721 1322 4789 quietem
1351 4721 1632 4787 invadere,
1655 4731 1709 4776 et
1733 4737 1796 4777 ea
1824 4723 2051 4778 fruente:

2167 4721 2381 4792 ἀμαθίᾳ
2452 4717 2931 4791 προσλογίσασθαι
2991 4717 3118 4780 τοὺς
3183 4717 3422 4784 λόγους,
3476 4713 3600 4766 ἀλλά
3649 4707 3711 4776 μὴ

494 4809 798 4864 maledictis
823 4811 1204 4877 conscindere,
1224 4814 1572 4884 impostores,
1601 4815 1910 4880 mendaces,
1932 4815 2051 4870 Mas'

2167 4814 2360 4884 ῶσπερ
2399 4811 2714 4882 ἐξεπίτηδες
2747 4812 2940 4879 ὥσπερ
2968 4812 3114 4871 τινὸς
3159 4808 3400 4878 ἑρμαίου
3441 4804 3710 4871 λαϐόμενον

2144 514 2246 582 μὲν
2295 511 2619 580 ἐφ’.ίκανδν
2671 512 2728 562 ὲν
2781 511 2896 571 τοῖς
2940 510 3084 562 κατά
3114 509 3202 560 τὶν
3267 508 3409 562 ’Δθω
3454 508 3658 581 διέτριψε

2143 603 2614 675 φροντιστηρίοις.
2658 602 2892 654 Ἔπειτα
2945 601 3045 669 τῆς
3085 601 3210 668 περὶ
3243 600 3301 653 τδ
3357 600 3504 669 σῶμα
3534 618 3662 654 νοσο-

2143 697 2344 766 κομίας
2375 695 2731 762 ἐπειγούσης,
2773 689 2940 764 ἦλθεν
2972 695 3051 754 είς
3085 685 3492 760 Θεσσαλονίκην.
3523 687 3662 755 Οὗτος

2142 789 2206 859 δὴ
2241 790 2356 858 ἆμα
2386 791 2498 852 τοῖς
2542 788 2726 850 ἄλλοις
2743 787 2804 840 ού
2839 789 3080 856 μετρίως
3097 785 3516 855 δυσχεράναντες
3547 784 3664 838 κατὰ

2143 880 2411 950 Βαρλαάμ
2454 879 2524 932 τά
2575 879 2677 948 τῆς
2711 879 2866 948 ἱερᾶς
2897 877 3127 946 ἡσυχίας
3163 876 3554 945 ἑξορχουμένου,
3587 875 3667 928 καὶ

2145 971 2353 1031 πολλὰς
2394 970 2567 1039 αὐτῆς
2601 969 2964 1038 καταχέοντος
2993 969 3093 1031 τὰς
3136 967 3424 1035 λοιδορίας,
3450 967 3551 1018 τισὶ
3577 966 3666 1017 τῶν

2145 1063 2316 1133 φίλων
2337 1063 2478 1134 πρὶς
2511 1063 2676 1116 αὐτὸν
2708 1061 3051 1132 χρησάμενοι
3087 1061 3468 1129 πρεσϐευταῖς,
3491 1059 3670 1112 ἐδέοντο

2147 1155 2415 1209 παύεσθαι
2445 1155 2541 1208 τοῦ
2561 1154 2790 1207 τοιαῦτα
2823 1153 2919 1206 καὶ
2955 1154 3205 1222 φρονεῖν,
3238 1151 3333 1203 καὶ
3360 1151 3529 1217 λέγειν
3551 1151 3671 1203 κατά

2146 1240 2254 1292 τῶν
2283 1238 2692 1308 ἡσυχαζόντων·
2722 1238 2820 1291 καὶ
2854 1237 2928 1308 μὴ
2963 1237 3053 1290 διὰ
3077 1237 3174 1305 τὴν
3212 1236 3459 1305 ἀπειρίαν
3494 1234 3598 1296 ἐνὸς
3619 1234 3674 1286 τά

2150 1333 2238 1384 ῐσα
2281 1333 2500 1385 πάντων
2541 1328 3019 1399 καταψηφίζεσθαι
3047 1367 3064 1392 ,
3115 1328 3208 1380 καὶ
3251 1326 3314 1378 τό
3344 1343 3406 1390 γε
3436 1326 3509 1387 είς
3535 1325 3673 1376 αὐτὸν

2147 1417 2303 1491 ἧκον,
2337 1420 2430 1472 τοῦ
2477 1421 2786 1489 ἀκροτάτου
2822 1419 2937 1489 βίον
2971 1420 3086 1480 καὶ⁸
3115 1419 3216 1487 τῆς
3246 1416 3569 1483 τελεωτάτης
3593 1431 3676 1464 ποι

2148 1512 2358 1574 λιτείας
2408 1513 2532 1573 τοὺς
2587 1510 2911 1580 ἀνθρώπους
2967 1511 3297 1579 ἀποστερεῖν
3341 1507 3408 1558 τά
3453 1507 3544 1557 οὐκ
3571 1507 3677 1556 δντα

494 4901 730 4955 salianos
773 4917 1109 4972 nuncupare,
1147 4919 1215 4958 ex
1245 4920 1311 4958 eo
1353 4906 1498 4974 quod
1544 4905 1792 4961 audisset
1838 4915 2061 4961 sanctos

494 4989 700 5045 lumine
739 4992 1124 5060 circumfundi,
1160 4995 1400 5064 plurium
1433 4995 1891 5050 contumeliarum
1930 5012 2060 5052 ansa

492 5094 708 5152 arrepta
763 5083 1032 5139 videlicet.
1084 5085 1405 5157 Quanquam
1448 5087 1729 5142 doctorem
1777 5087 1942 5141 istum
1991 5089 2060 5143 de

493 5175 614 5228 aliis
657 5174 879 5244 quidem
919 5178 1112 5232 merito
1145 5177 1394 5242 forsitan,
1425 5179 1492 5233 de
1537 5178 1642 5232 hoc
1682 5187 1864 5232 autem
1894 5193 1924 5232 a
1961 5195 2060 5235 ne-

494 5269 641 5316 mine
671 5282 828 5332 posse
863 5266 1208 5334 reprehendi.
1233 5269 1366 5322 Nam
1398 5277 1452 5322 et
1482 5271 1620 5322 alios
1647 5267 1848 5322 multos
1874 5283 2059 5338 persc-

496 5353 732 5407 cutia-nis
773 5357 1108 5423 temporibus
1141 5373 1240 5425 pro
1285 5357 1502 5412 Christo
1549 5356 1894 5420 dimicantes,
1954 5358 2058 5412 hoc

498 5444 742 5500 dl\'iﬂlll|l
774 5447 957 5500 lumen
984 5449 1319 5503 convestisse
1353 5449 1489 5519 (TI),
1524 5456 1580 5503 et
1624 5458 1868 5502 sanctum
1891 5448 2061 5503 Auto-

2167 4906 2276 4959 τῶν
2309 4905 2510 4972 λόγων,
2561 4902 2811 4966 αὐθαδῶς
2868 4903 2963 4954 καὶ
2997 4899 3247 4970 θρασέως
3293 4891 3416 4952 κατ’
3447 4897 3605 4962 αὐτῆς
3631 4891 3711 4957 τῆς

2172 4998 2324 5068 ἱερᾶς
2354 4995 2605 5066 χωρῆσαι
2631 4993 2888 5065 ἡσυχίας,
2922 4993 3017 5045 καί⁷
3050 4993 3164 5054 τοῖς
3199 4991 3533 5061 ἡσυχάζουσι
3563 4981 3711 5038 πολλά

2175 5088 2620 5160 προστρίψασθαι
2659 5085 2836 5154 ὀνείδη
2866 5125 2881 5150 ,
2922 5084 3248 5146 ἀπατεῶνας
3298 5083 3588 5142 καλοῦντα,
3633 5073 3713 5169 ac}

2173 5175 2538 5244 ψευδομένους
2582 5172 2851 5226 καλοῦντα
2889 5173 2986 5225 καὶ
3034 5171 3454 5233 Μασσαλιανοὺς
3481 5207 3496 5232 ,
3528 5171 3587 5220 ὲκ
3630 5178 3709 5214 του

2177 5265 2292 5334 φῶς
2346 5265 2814 5334 περιαστράπτειν
2867 5265 2998 5327 τοὺς
3053 5266 3242 5330 ἁγίους
3291 5261 3584 5332 ἀκηκοέναι
3631 5252 3712 5313 τὰς

2177 5355 2433 5426 ἀφορμὰς
2479 5357 2741 5424 εἰληφότα
2796 5357 2904 5409 τῶν
2957 5355 3167 5408 πολλῶν
3229 5353 3526 5425 λοιδοριῶν·
3556 5347 3714 5402 καίτοι

2176 5464 2239 5514 γε
2281 5447 2361 5517 τῷ
2395 5446 2690 5514 διδάξαντι,
2724 5448 2854 5517 περὶ
2884 5446 3062 5499 ἄλλων
3107 5448 3207 5515 μὲν
3248 5445 3314 5498 ἀν
3337 5461 3419 5506 τις
3473 5442 3714 5513 μέμφοιτο

1768 5553 1982 5616 Jacobi
2020 5557 2280 5616 Pontani
2316 5567 2502 5617 notas.

575 5651 692 5720 (77)
731 5653 843 5731 [loc
893 5673 955 5710 cx
989 5659 1234 5714 historiis
1268 5671 1566 5731 martyrum
1600 5669 1764 5729 patet,
1793 5658 2076 5731 inquibus

505 5724 927 5787 persmuelcgas.
953 5744 1046 5781 eos
1078 5739 1202 5783 ante
1233 5724 1471 5786 iudicu'tn
1501 5724 1814 5790 tribunalia,
1843 5724 1902 5782 et
1927 5729 2067 5780 inter

2184 5675 2378 5714 manus
2419 5660 2740 5714 carniﬁcum
2777 5660 2986 5717 cmlcsti
3026 5660 3256 5728 quodam
3307 5654 3589 5726 splendore
3620 5662 3713 5728 ctr-

2178 5730 2459 5784 cutnlusos
2509 5730 2676 5785 fuisse
2713 5751 2725 5787 :
2758 5748 2867 5790 quo
2898 5727 3052 5790 signo
3082 5732 3222 5785 Deus
3250 5743 3376 5786 suos
3428 5737 3541 5777 esse
3573 5727 3718 5776 :cstcs
