3992 6202
255 294 348 353 673
1415 288 1809 347 HISTORIAI

1917 289 1959 347 ll
1998 289 2230 350 LIBER
2272 292 2354 354 Ῐῐ.

3410 303 3516 368 674

252 408 429 471 δείξεις
482 402 592 458 τῶν
642 403 976 473 λεγομένων,
1031 402 1091 454 οὑ
1127 400 1505 471 συλλογισμοῖς
1534 403 1813 471 χρώμενος

1920 401 2208 471 theologite
2235 402 2539 470 peritorum
2555 401 2844 460 hominum
2869 407 3075 475 eﬂ‘atis,
3103 425 3224 479 qua:
3250 410 3359 470 illis
3384 415 3512 486 Spir

253 501 338 553 καὶ
385 500 791 568 γεωμετρικαῖς
845 496 1111 564 ἀνάγκαις
1168 494 1309 565 (οὐδὲ
1347 496 1453 565 γὰρ
1494 489 1608 547 οἷόν
1660 511 1718 546 τε
1751 497 1814 546 ἐκ

251 592 349 645 τῶν
373 589 494 644 καθ’
526 591 673 660 ἡμᾶς
717 588 1101 642 ἀποδεικνύναι
1147 586 1214 639 τά
1258 586 1400 657 ὑπὲρ
1441 586 1649 656 ἡμᾶς),
1677 585 1814 637 ἀλλά

251 687 350 747 τοῖς
376 683 554 751 λόγοις
587 681 695 733 τῶν
734 681 907 748 ἁγίων
958 680 1051 732 καὶ
1074 677 1341 744 θεολόγων
1363 677 1592 747 ἀνδρῶν,
1629 675 1722 738 οὓς
1754 675 1813 727 τὸ

252 773 463 842 Πνεῦμα
512 773 574 825 τὸ
608 770 762 840 ἅγιον
803 770 1142 839 ἐχρημάτισε
1194 768 1264 819 δι’
1294 767 1493 832 αὐτῶν,
1547 759 1591 833 ᾧ
1635 768 1813 820 πάντα

250 867 546 935 ἐρευνῶαι,
580 864 674 917 καὶ
720 864 786 916 τα
812 862 955 933 βάθη
997 860 1090 912 τοῦ
1135 858 1271 913 Θεοῦ
1293 876 1309 889 ·
1341 860 1631 913 άπεδείκνυ
1664 877 1722 912 τε
1750 861 1814 913 ἐκ

258 957 451 1008 -ολλὼν
485 955 595 1011 τῶν
644 954 954 1023 λεγομένων
984 953 1045 1005 τὺ
1094 952 1234 1005 κατὰ
1265 951 1325 1004 τδ
1355 950 1640 1021 Θαϐὠριον
1686 952 1813 1015 τοὺς

256 1047 493 1116 μαθητὰς
549 1044 967 1114 περιαστράψαν
1024 1044 1181 1110 φῶς,
1236 1042 1392 1108 δόξαν
1445 1042 1684 1111 ἄναρχον
1718 1041 1813 1093 τοῦ

254 1141 412 1205 Θεοῦ,
453 1140 548 1192 καὶ
587 1139 703 1207 φῶς
733 1137 1008 1204 θεότητος,
1049 1134 1144 1187 καὶ
1175 1131 1428 1203 θεότητα,
1456 1134 1550 1186 καὶ
1585 1136 1814 1202 φυσικὸν

259 1234 342 1286 καὶ
362 1232 529 1285 ἁῖδιον
558 1233 654 1285 τοῦ
676 1231 811 1284 Θεοῦ
846 1230 981 1298 φῶς,
1013 1230 1107 1283 καὶ
1141 1229 1242 1283 ὅσα
1270 1229 1496 1280 τοιαῦτα
1522 1228 1675 1297 παρὰ
1701 1230 1813 1291 τοῖς

259 1324 512 1391 θεολόγοις
562 1322 954 1391 πιστευόμενον
994 1338 1054 1372 τε
1105 1320 1198 1372 καὶ
1242 1320 1811 1390 προσαγορευόμενον.

263 1409 382 1467 Εἶτα
411 1418 473 1466 ὲκ
517 1414 626 1467 τῶν
675 1414 889 1483 ῥήσεων
943 1410 1049 1464 τῶν
1086 1410 1414 1477 θεολογικῶν
1462 1414 1813 1480 συνεπέραινε

264 1507 348 1558 καὶ
377 1505 553 1569 αὐτὸς,
573 1505 649 1567 ῶς
678 1505 739 1556 τὸ
762 1505 929 1556 άῖδιον
958 1504 1050 1556 καί
1082 1502 1311 1570 φυσικὸν
1334 1502 1427 1554 τοῦ
1450 1502 1585 1554 Θεοῦ
1613 1504 1712 1556 οὐκ
1747 1504 1811 1555 ἂν

265 1598 340 1666 είη
371 1596 600 1662 κτιστδν,
619 1596 741 1649 οὐδὲ
773 1598 806 1666 ἡ
829 1597 1060 1665 ἄναρχος
1090 1594 1218 1661 δόξα
1251 1597 1344 1648 καὶ
1377 1596 1408 1664 ἡ
1439 1595 1688 1664 βασιλεία
1719 1594 1813 1647 τοῦ

266 1688 423 1750 Θεοῦ,
470 1687 575 1739 οὐδ’
620 1689 720 1740 ὅσα
764 1687 898 1757 πρὸς
949 1687 1059 1739 τῶν
1096 1686 1363 1755 θεολόγων
1396 1687 1458 1738 τὸ
1491 1686 1606 1754 φῶς
1636 1688 1809 1739 salvo

270 1778 505 1849 ὕμνηται.
549 1780 672 1832 Ἐπὶ
700 1778 910 1841 τούτοις
940 1778 995 1830 δὲ
1039 1778 1131 1830 καὶ
1156 1779 1248 1830 τὸν
1277 1776 1381 1829 ὑπὸ
1404 1778 1511 1829 τῶν
1541 1778 1682 1830 κατὰ
1719 1778 1805 1828 τὸν

273 1870 413 1920 ’Δθω
439 1867 590 1922 ὁσίων
642 1867 854 1937 ἀνδρῶν
896 1866 1310 1935 συντεθειμένον
1356 1866 1576 1935 παρῆγε
1622 1864 1810 1936 τόμον,

272 1959 325 2019 δς
342 1957 473 2026 αὐτῷ
496 1959 590 2028 μὲν
617 1960 911 2028 συνηγόρει
944 1956 1019 2021 ὡς
1044 1956 1112 2009 τὰ
1142 1957 1234 2012 ίσα
1280 1958 1391 2018 τοῖς
1450 1957 1623 2025 ἁγίοις
1652 1957 1817 2025 φθεγ-

270 2044 487 2115 γομένῳ.
545 2045 814 2115 Βαρλαάμ
866 2044 922 2097 δὲ
961 2043 1315 2115 βλασφημίαν
1343 2044 1440 2096 καὶ
1493 2044 1815 2111 κακοδοξίαν

267 2136 534 2207 κατηγόρει
566 2136 794 2206 πολλήν.
840 2136 997 2190 Ἐπεὶ
1030 2136 1087 2190 δὲ
1113 2139 1177 2190 ἐκ
1208 2135 1421 2190 πολλῶν
1444 2136 1552 2189 τῶν
1584 2137 1834 2207 λεγομέη

266 2247 358 2282 νων
391 2229 422 2297 η
456 2228 575 2298 νίκη
603 2229 741 2298 πρὸς
778 2228 1080 2299 Γρηγόριον
1114 2228 1393 2281 ἀπέϐλεπε
1424 2231 1519 2282 καὶ
1549 2231 1675 2293 τοὺς
1711 2247 1811 2300 μο-

266 2322 459 2391 ναχοὺς,
492 2322 709 2374 πάντων
748 2321 847 2391 ήδη
890 2320 1279 2390 πεπεισμένων
1330 2324 1444 2384 τοῖς
1478 2322 1655 2390 ἁγίοις
1686 2322 1815 2375 επι-

265 2409 373 2463 σθαι
404 2412 493 2464 καὶ
522 2410 814 2479 θεολόγοις,
843 2411 939 2463 καὶ
971 2411 1048 2482 μὴ
1077 2414 1191 2473 τοῖς
1222 2413 1287 2465 ἐκ
1329 2412 1535 2475 κοιλίας
1582 2415 1810 2484 εἰρημέ-

265 2519 361 2565 νοις
408 2503 689 2573 Βαρλαάμ,
743 2504 996 2576 συνεώρα
1041 2521 1099 2556 τε
1144 2508 1239 2557 καὶ
1292 2506 1456 2569 αὐτὸς
1482 2506 1558 2570 ὡς
1603 2509 1703 2561 οὐκ
1747 2508 1814 2561 ἂν

264 2595 538 2663 ὃιαδράσειε
591 2596 689 2665 τῆς
738 2595 1121 2665 γλωσσαλγίας
1171 2598 1266 2649 καὶ
1322 2598 1419 2667 τῆς
1478 2598 1815 2669 βωμολοχίας

266 2688 617 2757 δοῦναιδίκην,
654 2689 735 2766 τῷ
784 2690 1009 2759 μεγάλῳ
1039 2691 1350 2762 δομεστίκῳ
1396 2694 1813 2764 συνεδριάςοντι

267 2780 370 2830 ἐκεῖ
418 2779 491 2848 τῷ
517 2779 727 2849 βασιλεῖ
779 2780 1114 2851 προσελθὼν,
1168 2782 1433 2850 σύντομόν
1468 2801 1588 2836 τινα
1632 2786 1815 2855 ᾐτεῖτο

271 2870 354 2921 καὶ
381 2870 622 2941 βοήθειαν
655 2873 750 2925 καὶ
784 2872 982 2944 βουλὴν
1034 2872 1093 2936 ἐξ
1120 2868 1188 2943 ἦς
1232 2876 1332 2944 την
1354 2872 1812 2947 προσδοκωμένην

265 2959 520 3027 διαφυγεῖν
549 2961 764 3026 ἐξέσται
784 2962 939 3032 δίκην
958 2979 971 2993 ·
1001 2966 1029 3015 ό
1054 2964 1111 3016 δὲ
1138 2964 1401 3034 πρότερόν
1430 2982 1489 3018 τε
1512 2966 1719 3033 ἔφασκε
1744 2968 1811 3019 τὰ

1919 491 2059 543 ritus
2109 501 2337 546 sanctus
2390 494 2681 562 suggessit,
2737 509 2848 563 quo
2904 499 3090 553 omnia
3150 501 3511 571 indagantur,

1916 583 2082 637 etiam
2120 583 2387 652 profunda
2427 586 2557 651 Dei;
2591 586 2941 664 docebatque,
2961 590 3203 659 copiose,
3232 594 3418 649 lumen
3454 598 3511 651 in
3578 638 3587 645 .

1917 672 2156 737 Thabor,
2189 676 2336 743 quod
2371 675 2674 745 discipulos
2711 679 3080 746 collustravit,
3108 698 3230 736 esse
3275 686 3509 753 gloriam

1918 762 2035 824 Dei,
2066 763 2343 833 principio
2374 778 2675 830 carentem,
2722 778 2777 822 et
2816 771 3153 840 maiestatem
3179 774 3318 843 ejus,
3346 786 3400 828 et
3427 777 3513 829 lu-

1917 868 2041 907 men
2093 854 2415 919 divinitatis,
2477 865 2532 909 et
2579 858 2858 925 deitatem,
2916 869 2971 915 ct
3023 865 3276 919 naturale
3347 876 3514 922 teter-

1917 957 2158 1012 uumque
2214 944 2308 997 Dei
2345 945 2552 1010 lumen,
2613 957 2669 1001 et
2726 964 3069 1020 quaecunque
3116 953 3242 1007 talia
3287 968 3318 1008 a
3355 957 3516 1011 theo-

1916 1034 2053 1103 logis
2123 1034 2191 1088 de
2285 1052 2351 1089 eo
2427 1041 2727 1092 creduntur
2807 1043 3193 1111 dicunturque.
3265 1046 3516 1102 Postmo-

1917 1123 2045 1177 dum
2080 1141 2144 1179 ex
2181 1127 2546 1192 pronuntiatis
2603 1128 2925 1200 theologicis
2955 1143 3011 1187 et
3050 1135 3164 1202 ipse
3214 1140 3514 1195 conclude-

1918 1216 2029 1278 bat,
2058 1228 2329 1271 aeternum
2386 1229 2439 1273 et
2472 1224 2718 1277 naturale
2746 1223 2842 1278 Dei
2888 1240 2995 1278 non
3040 1241 3161 1280 esse
3205 1231 3509 1299 conditum,

1917 1324 2018 1361 nec
2060 1309 2179 1378 ejus
2227 1310 2455 1379 gloriam
2508 1323 2566 1367 et
2607 1315 2969 1383 majestatem,
3014 1332 3115 1372 nec
3164 1321 3435 1391 quidquid
3477 1339 3507 1379 a

1919 1403 2187 1473 theologis
2218 1403 2350 1458 illud
2383 1406 2567 1460 lumen
2604 1423 2723 1461 esse
2766 1410 3101 1477 praedicatur
3135 1427 3199 1466 ac
3224 1416 3503 1469 laudatur.

1916 1494 2078 1564 335
2156 1496 2426 1552 Praeterea
2503 1507 2712 1553 tomum
2783 1516 2812 1553 a
2871 1502 3095 1556 sanctis
3152 1504 3285 1558 viris
3361 1507 3507 1575 apud

1925 1588 2071 1642 Atho
2099 1588 2479 1645 habitantibus
2500 1593 2862 1662 compositura
2892 1596 3199 1660 promebat,
3232 1613 3341 1666 quo
3384 1614 3509 1652 cum

1919 1693 2043 1732 cum
2070 1680 2272 1733 sanctis
2302 1683 2615 1735 consentire
2646 1683 2965 1746 docebatur,
2992 1696 3044 1740 et
3072 1686 3337 1740 Barlaami
3368 1689 3513 1744 b|as~

1914 1771 2140 1838 phemize
2164 1788 2526 1843 perversaque
2562 1774 2808 1829 doctrina
2864 1776 3349 1847 redargucbantur.
3374 1778 3507 1834 Cum

1906 1863 2017 1931 jam
2060 1872 2185 1931 post
2215 1864 2430 1935 longam
2468 1866 2903 1936 disputationem
2929 1870 3164 1940 victoria
3197 1872 3262 1925 ad
3302 1870 3513 1942 Grego—

1916 1956 2059 2009 rium
2138 1964 2195 2009 et
2248 1957 2544 2013 monachos
2592 1958 2906 2023 inclinaret,
2952 1961 3342 2032 persuasisque
3390 1964 3511 2016 uni-

1916 2049 2114 2115 versis,
2144 2058 2459 2104 sanctorum
2490 2059 2546 2105 et
2607 2052 2987 2122 theologorum
3022 2054 3247 2122 placita,
3275 2071 3385 2109 non
3412 2072 3511 2110 au-

1918 2148 2026 2194 tem
2052 2155 2114 2194 ex
2151 2142 2381 2195 cerebro
2419 2142 2691 2197 Barlaami
2725 2143 2972 2212 profecta
3023 2157 3334 2201 commenta
3389 2164 3506 2201 am-

1916 2228 2240 2299 plectenda,
2284 2230 2609 2300 videretque
2670 2232 2787 2299 ipse
2819 2273 2834 2296 ,
2884 2247 2996 2286 non
3039 2233 3392 2303 effugiturum
3426 2252 3504 2294 se.

1915 2321 2049 2389 quin
2112 2321 2396 2390 loquacem
2467 2320 2912 2377 maledicentiam
2977 2333 3034 2377 et
3111 2325 3506 2381 scurrilitatem

1919 2428 2074 2468 suam
2106 2414 2302 2477 lueret,
2333 2412 2399 2467 ad
2446 2429 2705 2484 magnum
2782 2414 3146 2470 domesticum
3186 2415 3504 2483 imperatori

1940 2503 2270 2559 assidentem
2302 2504 2591 2568 accedens,
2624 2504 3093 2574 compendiariam
3121 2506 3398 2575 quoddam
3437 2506 3506 2561 ab

1915 2608 1983 2647 eo
2028 2592 2292 2647 auxilium
2325 2603 2379 2647 et
2430 2594 2721 2649 consilium
2781 2594 3056 2664 ﬂagitabat
3091 2635 3106 2661 ,
3169 2610 3279 2664 quo
3330 2597 3509 2649 inuni-

1913 2692 2132 2737 nentem
2163 2700 2380 2752 pmnam
2412 2684 2697 2739 evaderet.
2733 2684 2871 2738 Tum
2915 2685 3027 2750 ille,
3053 2694 3108 2740 et
3130 2696 3287 2740 antea
3316 2701 3373 2740 sc
3400 2698 3503 2755 op-

1914 2784 2147 2843 portuna
2180 2776 2442 2841 suasisse,
2473 2775 2603 2829 dum
2662 2790 2690 2828 a
2744 2775 2903 2843 longa
2934 2790 3061 2830 eum
3112 2775 3503 2846 digladiatione

1916 2866 2242 2929 deterreret,
2273 2876 2329 2920 et
2395 2865 2461 2919 ad
2492 2865 2827 2919 credendum
2868 2866 3152 2920 monachis
3179 2907 3193 2931 ,
3229 2876 3423 2935 utpote
3452 2868 3509 2922 in

1913 2956 2000 3010 his
2031 2956 2467 3025 sapientioribus
2498 2957 2818 3011 hortaretur
2869 2975 2881 3010 :
2921 2967 2977 3013 et
3028 2972 3175 3011 nunc
3222 2957 3510 3012 nihilomi-

267 3048 431 3101 δέοντα
451 3048 830 3117 βεϐουλεῦσθαι
853 3051 1025 3121 αὐτῷ,
1058 3054 1343 3125 παραινῶν
1368 3054 1465 3124 τῆς
1492 3054 1693 3125 πολλῆς
1720 3072 1812 3125 φι-

1917 3062 2022 3102 ηυε
2049 3063 2362 3111 suasurum,
2387 3047 2767 3119 facturumque
2796 3047 2940 3117 quod
2975 3048 3048 3102 illi
3079 3047 3339 3118 prodesse
3384 3064 3510 3119 pos-

267 3140 511 3205 λονεικίας
537 3144 894 3213 ἀποσχέσθαι,
931 3146 1021 3197 καὶ
1070 3145 1356 3199 πείθεσθαι
1397 3150 1510 3207 τοῖς
1557 3151 1813 3217 μοναχοῖς

264 3228 331 3291 ὡς
357 3231 417 3284 τά
434 3232 653 3286 τοιαῦτα
685 3235 1015 3306 σοφωτέροις
1040 3254 1054 3268 ·
1084 3237 1179 3290 καὶ
1209 3237 1304 3290 νῦν
1323 3238 1478 3290 οὐδὲν
1498 3235 1661 3311 ἦττον
1693 3239 1816 3308 βου-

265 3314 528 3373 λεύσεσθαι
556 3320 650 3374 καὶ
684 3321 915 3391 πράξειν
944 3324 1011 3376 τά
1034 3324 1352 3378 συνοίσοντα
1375 3325 1515 3394 ὑπὲρ
1540 3325 1726 3380 αὐτοῦ.
1751 3325 1813 3379 Et

264 3411 363 3478 γὰρ
385 3411 514 3480 μήτε
541 3412 847 3479 ἀντιλέγειν
878 3413 958 3467 ἔτι
983 3415 1116 3486 πρὸς
1145 3416 1212 3468 τά
1245 3418 1640 3485 προτεινόμενα
1672 3420 1811 3487 ἔχει,

264 3503 475 3555 πέπεικέ
520 3521 580 3557 τε
634 3504 832 3557 ἑαυτὸν
863 3505 940 3569 ὡς
994 3504 1192 3575 βελτίω
1246 3508 1341 3559 καὶ
1382 3507 1697 3576 δικα.ότερα
1720 3511 1813 3562 καὶ

263 3595 364 3654 τοῖς
385 3594 548 3662 ἁγίοις
577 3594 790 3664 συνῳδὰ
809 3594 1141 3664 φθέγγονται
1164 3598 1213 3649 oi
1254 3599 1504 3668 μοναχοὶ,
1531 3599 1583 3651 τί
1610 3599 1691 3651 δεῖ
1712 3597 1811 3670 τὴν

262 3682 424 3750 ψῆφον
450 3684 571 3740 κατ’
602 3686 770 3739 αὑτοῦ
799 3686 1142 3756 ἐξαγομένην
1169 3688 1490 3759 περιμένειν
1522 3690 1761 3743 κατιδεῖν
1788 3727 1807 3755 ,

259 3774 381 3828 ἀλλὰ
428 3776 499 3847 μὴ
554 3777 819 3846 πρότερον
853 3778 1259 3844 ἐξαναστάντα,
1293 3780 1397 3851 τήν
1425 3796 1486 3832 τε
1533 3782 1810 3850 προτέραν

256 3861 458 3927 ἄγνοιαν
483 3866 572 3918 ἐπὶ
596 3865 810 3918 πάντων
822 3866 1128 3936 ὁμολογεῖν,
1158 3869 1252 3922 καὶ
1273 3869 1372 3940 τὴν
1396 3869 1491 3923 νῦν
1513 3872 1811 3940 ἐπίγνωσιν

246 3952 623 4025 ’τῆςὰληοείας,
653 3958 874 4021 καὶτοῖς
898 3975 958 4011 τε
983 3960 1163 4027 ἁγίοις
1192 3960 1478 4014 πείθεσθαι
1502 3963 1815 4030 συνθέσθαι,

260 4047 347 4098 καὶ
364 4048 455 4116 τὴν
472 4047 672 4118 ἔχθραν
690 4048 982 4102 καταλύειν
998 4051 1098 4120 τὴν
1114 4050 1252 4120 πρὸς
1270 4051 1396 4116 τοὺς
1419 4053 1687 4123 μοναχούς
1712 4071 1727 4118 ;
1754 4057 1812 4108 Et

253 4134 354 4203 γάρ
381 4135 547 4188 ταῦτα
576 4136 903 4205 πειθόμενος
925 4138 1076 4208 αὑτῷ
1107 4140 1346 4208 ποιήσει,
1376 4140 1500 4193 οὔτε
1527 4141 1700 4211 βλάϐη
1729 4160 1811 4206 τις

254 4224 427 4293 ἕψεται
457 4231 519 4282 ἐκ
545 4230 654 4283 τῶν
681 4230 856 4296 λόγων
879 4229 1125 4301 οὐδεμία,
1160 4229 1416 4300 βασιλεύς
1439 4250 1499 4286 τε
1522 4234 1616 4287 καὶ
1642 4234 1691 4286 oi
1715 4236 1833 4288 ἁλ-.

255 4314 328 4367 λοι
365 4321 555 4381 πάντες
586 4321 967 4374 ἐπαινέσονται
1009 4321 1110 4391 τῆς
1154 4323 1291 4391 πρὸς
1325 4324 1392 4376 τὰ
1425 4323 1620 4393 βελτίω
1647 4342 1813 4394 μετα-

1917 3139 2008 3194 sit.
2045 3138 2101 3193 Si
2160 3143 2309 3193 enim
2355 3155 2458 3194 nec
2487 3140 2554 3194 ad
2583 3140 2744 3194 allata
2798 3140 2851 3194 in
2913 3141 3151 3194 medium
3211 3140 3498 3195 refellendi

1915 3245 2081 3284 causa
2105 3230 2404 3301 quidquam
2439 3231 2625 3285 dicere
2652 3231 2881 3287 haberet
2931 3233 3189 3301 amplius,
3220 3234 3505 3288 crederet-

1927 3337 2035 3391 que
2067 3323 2365 3377 monachos
2401 3322 2625 3377 meliora
2660 3334 2714 3376 et
2753 3324 2987 3394 justiora
3039 3335 3094 3378 et
3140 3329 3346 3381 sanctis
3379 3338 3506 3381 con.

1913 3424 2175 3469 sentanea
2231 3414 2532 3478 disserere,
2586 3413 2718 3483 quid
2772 3429 2910 3484 opus
2963 3424 3107 3469 esset
3159 3425 3502 3485 exspectare,

1921 3501 2097 3557 donec
2127 3511 2248 3555 atro
2278 3502 2493 3557 calculo
2536 3518 2594 3558 se
2627 3503 2878 3557 damnari
2934 3504 3147 3559 videret
3177 3505 3201 3557 ?
3230 3504 3373 3568 Quin
3407 3521 3505 3574 po-

1919 3594 2030 3646 tius
2060 3601 2406 3657 exsurgeret,
2431 3590 2784 3659 prioremque
2822 3591 3093 3645 inscitiam
3146 3600 3203 3643 et
3254 3591 3495 3661 agnitam

1921 3670 2207 3736 veritatem
2234 3682 2409 3752 palam
2433 3682 2812 3745 confiteretur,
2835 3688 2890 3735 et
2908 3680 3112 3735 sanctis
3138 3676 3507 3735 assentiretdr

1919 3771 2346 3843 inimicitiasque
2369 3788 2493 3828 cum
2515 3773 2802 3828 monachis
2819 3781 3069 3843 poneret.
3091 3772 3147 3827 Si
3172 3787 3230 3828 se
3255 3772 3496 3838 audiret,

1919 3879 2096 3934 neque
2125 3863 2442 3919 detrimenti
2469 3863 2765 3933 quidquam
2792 3873 3135 3926 secuturum,
3167 3872 3222 3918 et
3254 3865 3490 3933 impera-

1920 3968 2091 4011 torem
2131 3967 2460 4025 cm'erosque
2517 3956 2933 4010 conversionem
3001 3955 3119 4024 ejus
3146 3955 3495 4011 laudaturos.

1913 4046 2034 4101 Non
2066 4047 2214 4101 enim
2244 4056 2353 4101 tam
2378 4049 2600 4117 dignum
2631 4061 2752 4102 esse
2785 4048 3031 4101 accusari
3066 4047 3158 4115 qui
3194 4064 3223 4101 a
3254 4048 3487 4103 veritate

1916 4140 2273 4206 aberraverit,
2306 4155 2472 4210 quam
2513 4138 2911 4205 commendari,
2947 4139 3041 4208 qui
3108 4139 3174 4194 ad
3218 4154 3337 4193 eam
3367 4154 3497 4195 san-

1917 4232 2020 4286 ctis
2045 4231 2180 4286 viris
2207 4240 2264 4285 et
2293 4232 2561 4302 theologis
2585 4231 2819 4286 credens
2845 4230 3099 4285 redierit:
3120 4239 3175 4285 et
3199 4231 3501 4287 monachos

1918 4322 2221 4376 secundum
2250 4322 2398 4391 leges
2433 4323 2678 4391 ipsorum
2732 4321 3007 4390 spiritales
3051 4324 3260 4391 majore
3310 4322 3363 4376 in
3398 4338 3502 4391 ρος

259 4404 423 4474 δολῆς.
449 4410 521 4461 Οὐ
553 4410 661 4479 γάρ
686 4411 940 4465 τοσοῦτον
970 4412 1030 4465 τὸ
1058 4413 1160 4481 τῆς
1194 4413 1456 4480 ἀληθείας
1487 4416 1809 4486 ἀποπλανη-

1917 4423 2122 4468 sterum
2151 4414 2415 4469 charitate
2447 4414 2801 4483 candoreque
2826 4413 2990 4465 animi
3026 4413 3078 4466 in
3106 4428 3229 4467 eum
3260 4413 3495 4476 futuros,

262 4495 403 4564 θῆναι
429 4502 759 4572 κατηγορίας
807 4502 979 4567 ἄξιον,
1010 4505 1134 4557 ὅσον
1162 4506 1223 4559 τὸ
1254 4507 1393 4577 πρὸς
1433 4506 1603 4578 αὐτὴν
1644 4509 1813 4562 ἐπαν-

261 4586 418 4642 ελθεῖν
445 4594 555 4655 τοῖς
603 4594 784 4661 ἁγίοις
837 4594 1160 4664 πειθόμενον
1193 4596 1285 4650 καὶ
1344 4596 1621 4666 θεολόγοις
1658 4600 1818 4652 ἐπαι-

264 4679 398 4732 νετόν
427 4697 441 4711 ·
505 4685 597 4736 καὶ
658 4686 708 4737 ot
786 4687 1015 4755 μοναχοὶ
1091 4687 1149 4739 δὲ
1232 4691 1344 4750 τοῖς
1420 4694 1817 4759 πνευματικοῖς

270 4771 553 4840 πειθόμενοι
600 4776 805 4845 νόμοις,
880 4777 1105 4846 μείζονα
1159 4779 1489 4845 ἐνδείξονται
1547 4781 1667 4834 νυν)⁵
1717 4782 1815 4852 την

268 4857 426 4922 φιλίαν
451 4863 581 4929 πρὸς
624 4864 684 4915 σὲ
719 4865 813 4915 καὶ
842 4865 943 4933 τὴν
975 4865 1426 4937 εὐγνωμοσύνην,
1460 4869 1491 4938 ἢ
1529 4868 1652 4922 καθ’
1685 4872 1808 4924 ὅσον

269 4948 505 5020 πρότερον
530 4953 896 5007 ἐνεδείκνυντο
924 4954 1023 5025 τὴν
1073 4957 1299 5028 πικρίαν
1343 4961 1438 5012 καὶ
1467 4960 1565 5027 τὴν
1593 4959 1813 5031 ἔχυραν,

267 5038 331 5100 ὡς
351 5042 404 5092 οὐ
432 5043 533 5095 τῶν
561 5045 639 5107 είς
667 5044 867 5108 αὐτοὺς
895 5045 1055 5099 ἕνεκα
1086 5047 1390 5116 λοιδοριῶν,
1419 5049 1555 5103 ἀλλά
1580 5050 1679 5121 τῆς
1701 5052 1813 5103 τῶν

265 5127 877 5212 ὣγμάτωὶάμυνόμενοι
899 5137 1235 5208 διαστροφῆς
1254 5156 1270 5172 ο
1303 5133 1379 5194 ὧν
1412 5141 1593 5204 καλῶς
1618 5145 1710 5194 καὶ
1741 5141 1816 5205 ὡς

260 5220 514 5294 προσῆκεν
531 5228 995 5297 ἀποδεδειγμένων
1014 5232 1062 5283 εἰ
1098 5233 1192 5284 καὶ
1226 5236 1289 5284 σὺ
1323 5232 1630 5302 πεισθείης,
1660 5235 1813 5286 οὐδὲν

250 5314 352 5370 οὐδ’
373 5317 526 5370 αὐτοὶ
552 5317 854 5388 ζητήσουσι
879 5320 1189 5390 περαιτέρω
1213 5337 1229 5353 ο
1258 5323 1375 5375 ἀλλ’
1392 5324 1550 5390 ἀξίαν
1579 5324 1815 5395 ἀμοιϐὴν

234 5412 337 5466 τῶν
364 5408 578 5462 πολλῶν
606 5410 785 5463 πόνων
813 5411 905 5463 καὶ
926 5410 1188 5464 κινδύνων
1217 5413 1495 5483 νομιοῦσιν
1527 5413 1671 5482 ἔχειν
1718 5413 1814 5482 τὴν

220 5504 514 5574 διόρθωσιν
542 5502 641 5569 τὴν
672 5502 797 5570 σήν,
826 5503 1091 5571 Βαρλαάμ
1131 5503 1187 5555 δὲ
1247 5506 1341 5556 καὶ
1370 5502 1518 5568 αὑτῷ
1553 5504 1652 5572 μὲν
1678 5504 1809 5571 ἐφαο

186 5570 349 5649 “σκεν
371 5593 609 5661 ἀρίστην
644 5570 930 5659 φαίνεσθαι
953 5570 1159 5663 ταύτην
1186 5594 1285 5663 τὴν
1311 5593 1508 5664 βουλήν
1528 5570 1811 5646 ’.δεδοικέ-

217 5706 298 5741 ναι
341 5685 401 5737 δέ
444 5683 524 5751 μὴ
564 5682 663 5735 οὐκ
710 5682 1097 5753 ἐξαρκέσουσιν
1136 5684 1182 5735 οί
1239 5684 1389 5751 λόγοι
1443 5683 1578 5753 πρὸς
1602 5683 1660 5734 τὸ
1693 5687 1806 5734 τῶν

1915 4518 2078 4573 quam
2141 4504 2295 4573 prius
2367 4504 2738 4558 amaritudine
2798 4513 2854 4557 ct
2909 4504 3187 4558 simultate
3246 4504 3493 4557 fuerint:

1916 4595 2120 4664 quippe
2153 4594 2248 4664 qui
2285 4611 2392 4648 non
2421 4594 2681 4647 convitiis
2711 4595 2762 4646 in
2796 4610 2853 4647 se
2888 4594 3102 4661 effusis,
3136 4610 3325 4648 verum
3365 4609 3493 4663 per-

1915 4685 2163 4740 vcrsitati
2202 4683 2465 4737 doctrina:
2499 4684 2889 4739 ecclesiasticae
2927 4688 3186 4739 resistant
3223 4704 3235 4738 :
3292 4687 3497 4754 quibus

1916 4775 2079 4841 bene,
2114 4785 2275 4844 atque
2309 4782 2367 4826 ιιι
2392 4773 2549 4827 decet
2592 4775 3008 4837 demonstratis,
3041 4777 3083 4829 si
3133 4776 3181 4829 ei
3230 4775 3372 4829 facta
3422 4776 3494 4831 sit

1920 4869 2072 4928 fides,
2103 4867 2240 4919 nihil
2286 4867 2523 4935 amplius
2564 4866 2974 4920 desideraturos
3005 4908 3018 4931 ,
3053 4867 3145 4921 sed
3189 4867 3490 4920 correctio-

1917 4936 2043 5012 nem
2125 4955 2299 5025 ipsius
2355 4957 2650 5010 multorum
2708 4956 2955 5010 laborum
3013 4956 3495 5024 periculorumque

1918 5060 2141 5103 suorum
2175 5063 2355 5116 operae
2388 5048 2624 5116 pretium
2660 5046 3143 5115 intcrpretaturos.
3175 5044 3297 5097 Barl
3320 5060 3492 5097 namus

1919 5137 2209 5200 afﬁrmare,
2245 5135 2349 5191 sibi
2378 5151 2596 5206 quoque
2622 5137 2887 5203 Optimum
2918 5134 3093 5186 videri
3123 5133 3261 5186 istuc
3309 5133 3491 5187 Consi-

1918 5227 2052 5281 lium
2082 5268 2097 5292 ,
2138 5228 2330 5281 timere
2359 5220 2560 5287 tamen,
2590 5240 2655 5277 ne
2685 5223 2846 5275 verba
2879 5222 2945 5275 ad
2981 5237 3038 5276 se
3068 5222 3313 5289 periculo
3344 5222 3480 5273 lihe-

1923 5319 2154 5373 randum
2211 5320 2343 5372 satis
2402 5302 2509 5371 non
2563 5317 2677 5369 sint
2714 5355 2727 5375 .
2777 5314 2870 5367 scd
2923 5322 3045 5378 post
3086 5312 3484 5366 confessinnm

1919 5420 2137 5478 quoque
2168 5409 2351 5475 aliqua
2388 5406 2652 5458 multetur
2695 5402 3014 5472 ignominia,
3078 5418 3200 5454 cum
3242 5404 3492 5469 probatis

1921 5514 1978 5556 et
2009 5502 2244 5568 receptis
2273 5498 2542 5566 dogmatis
2587 5511 2643 5549 se
2680 5496 3020 5563 opposuerit.
3056 5493 3193 5546 Tum
3232 5493 3490 5548 ittfatttettt

1918 5593 2052 5653 fore,
2080 5606 2177 5643 uec
2202 5591 2377 5661 locum
2413 5586 2749 5640 defensionis
2792 5583 3036 5638 relictum
3061 5584 3125 5639 iri
3150 5586 3304 5654 quasi
3335 5583 3388 5638 id
3417 5585 3500 5638 in-

1912 5681 2056 5749 juste
2082 5678 2338 5747 patiatur,
2362 5673 2803 5746 quandoquidem
2836 5686 2893 5726 se
2912 5673 3087 5741 ipsum
3109 5674 3491 5729 damnaverit:
