3992 6202
486 225 593 293 675

1650 224 1977 288 JOANNIS
2016 180 2542 291 CANTACUZENI

3560 233 3645 298 6'26

492 355 550 398 ut
569 345 798 417 proinde
814 346 860 401 si
881 345 1008 401 talia
1037 306 1297 415 passurus
1311 346 1405 410 sit,
1426 342 1621 399 melius
1638 343 1888 398 videatur
1904 340 2058 395 silen-

2177 338 2438 391 κινδύνων
2465 337 2774 408 ἐξαρπάσαι
2794 353 2809 369 ⁸
2842 337 2979 392 άλλά
3006 340 3099 392 καὶ
3135 340 3274 410 μετὰ
3298 341 3388 412 τὴν
3408 344 3672 418 ὁμολογίαν,

486 434 565 488 tio
580 434 1023 503 ferrejudicium,
1038 444 1098 489 ut
1116 444 1171 489 et
1189 435 1352 505 336
1367 434 1421 491 in
1447 442 1725 502 posterum
1742 431 1847 485 sibi
1873 430 2071 484 factam

489 524 745 592 iniuriam
767 525 948 579 dicere
965 534 1152 601 queat,
1172 525 1504 595 etjudicium
1533 521 1777 577 revocari
1795 520 1985 589 possit.
2004 518 2073 571 At

494 631 729 683 magnus
749 616 1085 670 domesticus
1104 616 1256 669 illum
1281 615 1607 669 confirmare
1630 626 1985 679 monereque,
2003 625 2070 664 ne

489 707 618 773 quid
644 706 954 773 hujusmodi
1000 716 1243 779 metuat:
1269 722 1326 760 se
1352 715 1636 773 praesente,
1665 703 1802 757 nihil
1827 702 1878 757 ei
1904 702 2061 755 triste

485 807 832 855 eventurum.
852 796 952 851 Cui
978 797 1360 863 obtemperans
1382 796 1719 859 Barlaamus,
1744 795 1799 848 in
1824 793 2066 848 medium

489 888 694 956 prodit,
741 888 1071 956 praeteritam
1097 888 1461 957 ignorantiam
1487 887 1799 953 confitetur,
1849 886 2077 961 veniam

493 979 566 1032 ob
590 978 758 1032 stulte
788 978 936 1033 dicta
965 979 1100 1048 petit
1129 996 1140 1030 :
1176 993 1235 1032 se
1286 994 1392 1030 non
1445 978 1823 1033 contentionis
1876 992 2065 1042 causa,

498 1082 675 1133 neque
706 1066 851 1135 quod
885 1067 1262 1136 theologorum
1295 1069 1361 1121 dc
1392 1068 1504 1122 Deo
1529 1067 1769 1122 decretis
1794 1082 1902 1121 non
1935 1082 2060 1121 cre-

486 1159 663 1220 deret,
695 1158 760 1210 ad
797 1157 899 1212 hos
918 1141 1213 1214 sermones
1246 1171 1593 1227 provectum,
1633 1159 1730 1214 sed
1788 1174 1915 1213 cum
1944 1160 2059 1230 ipse

484 1262 679 1300 errans
709 1246 849 1300 alios
874 1261 1065 1302 errare
1098 1247 1450 1316 epinaretur,
1488 1247 1555 1302 ad
1592 1262 1787 1302 eorum
1820 1263 2064 1303 errorem

487 1338 895 1392 emendandum
946 1340 1165 1393 omnem
1216 1340 1555 1410 diligentiam
1614 1341 1846 1410 impigre
1898 1341 2061 1396 adhi-

408 1454 421 1463 ~
489 1427 698 1480 buisse.
737 1425 894 1480 Nunc
938 1427 1099 1496 plane
1148 1427 1400 1491 credere,
1432 1428 1556 1482 illos
1588 1429 1655 1483 de
1687 1430 2060 1496 controversia

454 1515 689 1590 omelius
717 1529 932 1583 sapere,
963 1522 1018 1568 et
1055 1502 1113 1568 in
1150 1516 1275 1569 aliis
1319 1516 1458 1569 nihil
1507 1516 1582 1589 ab
1630 1517 1712 1571 eis
1751 1517 2057 1584 dissidere;

434 1652 437 1659 .
486 1614 546 1658 et
586 1604 735 1673 quod
786 1605 843 1658 in
871 1605 1090 1659 'l‘habor
1119 1606 1303 1659 lumen
1336 1606 1639 1676 diScipulos
1676 1607 2060 1672 circumfulsit,

486 1692 719 1761 gloriam
752 1693 847 1746 Dci
914 1693 1168 1762 principii
1213 1707 1513 1763 expertem,
1548 1704 1605 1750 et
1644 1705 1909 1752 aeternum
1941 1712 2063 1752 esse

487 1782 681 1837 lumen
708 1785 935 1837 credere
984 1799 1042 1838 se
1079 1796 1241 1853 atque
1293 1784 1569 1839 confiteri.
1605 1786 1729 1839 Mox
1761 1785 2061 1856 Gregorius

486 1869 737 1927 Paiatnas
779 1889 902 1926 cum
956 1882 1100 1928 cmtu
1130 1890 1231 1929 suo
1258 1889 1547 1944 surgentes
1602 1876 2059 1948 Barlaamumque

486 1965 780 2034 complexi,
809 1965 1023 2020 veniam
1059 1967 1350 2035 praeteritis
1402 1964 1639 2022 libenter
1672 1967 1965 2036 dederunt,
1998 1980 2056 2024 et

486 2058 804 2125 praeclaram
864 2056 1025 2111 istam
1077 2058 1437 2112 mutationem
1480 2058 1873 2126 prtcdicarunt,
1919 2060 2062 2114 Deo-

486 2163 595 2216 que
628 2148 775 2217 pacis
809 2155 865 2202 et
909 2149 1223 2203 concordiae
1253 2150 1459 2218 gratias
1488 2159 1757 2218 egerunt,
1795 2150 2060 2220 profiten-

487 2246 590 2299 tes,
620 2252 720 2290 nec
745 2253 803 2292 se
832 2248 1171 2293 terrenarum
1206 2254 1270 2293 ac
1300 2240 1650 2309 pereuntium
1681 2256 1862 2311 rerum
1889 2243 2061 2311 gratia

488 2337 596 2379 tam
632 2327 833 2380 acriter
858 2342 1127 2396 pugnasse
1156 2366 1172 2388 ,
1228 2326 1324 2380 sed
1362 2342 1430 2381 ne
1461 2327 1515 2381 in
1549 2328 1733 2398 plures
1756 2329 1898 2384 malo
1928 2344 2061 2399 pro-

485 2424 708 2485 pagato,
737 2426 831 2470 aut
872 2431 1259 2486 perversorum
1309 2416 1627 2487 dogmatum
1676 2419 1919 2475 Ecelesia
1974 2437 2061 2476 re-

487 2507 755 2574 plerctur,
810 2517 906 2560 aut
955 2507 1397 2564 factionibus‘ct
1448 2510 1696 2564 dissidiis
1734 2511 1788 2565 in
1842 2527 1901 2566 se
1942 2513 2068 2582 ipsa,

486 2596 846 2662 divideretur,
881 2597 1012 2652 dum
1054 2599 1147 2652 alii
1196 2599 1304 2665 liis,
1355 2600 1444 2654 alii
1488 2601 1598 2656 illis
1645 2601 1946 2656 adhaerent.
1981 2603 2060 2657 Ac

487 2701 776 2756 prapterea
808 2690 1099 2744 immodice
1126 2690 1395 2760 litigiosus
1420 2708 1479 2747 se
1505 2694 1850 2762 apparuisse,
1883 2695 1978 2763 qui
2004 2696 2058 2748 in

485 2779 609 2833 aliis
660 2779 918 2832 omnibus
964 2780 1029 2851 ad
1085 2782 1565 2838 mansuetudinem
1627 2793 1681 2837 et
1733 2785 1899 2839 animi
1932 2786 2062 2841 sub-

486 2870 802 2925 tnissionein
831 2870 1033 2924 eruditi
1059 2873 1169 2927 sint
1203 2890 1218 2930 :
1253 2874 1344 2927 ubi
1377 2886 1559 2928 autem
1592 2875 1735 2929 Deus
1758 2876 1813 2929 in
1844 2877 2060 2945 pericu-

2173 429 2364 498 ἀτιμία
2382 446 2464 493 τις
2480 428 2643 483 αὐτοῦ
2661 429 3068 500 καταψηφισθῇ,
3096 424 3183 500 οἷα
3204 432 3263 502 δή
3286 433 3414 487 κατὰ
3426 436 3519 490 τῶν
3537 438 3675 507 ὀρθῶν

2171 512 2457 582 δογμάτων
2510 514 2960 586 ὲξενηνεγμένου.
3016 519 3128 572 Καὶ
3164 520 3283 572 τότε
3343 521 3518 591 ἄτιμον
3565 523 3676 582 εἶναι

2173 603 2511 675 συμϐήσεται
2543 606 2713 675 αὐτῷ,
2746 607 2843 660 καὶ
2895 607 3021 678 μηδ’
3046 610 3336 679 ἀπολογίαν
3368 617 3475 666 τινα
3495 614 3678 687 ὕστερον

2170 692 2315 762 ἔχειν
2345 693 2422 757 ὡς
2443 695 2504 747 οὐ
2527 695 2754 757 δικαίως
2784 698 3010 750 τοιαῦτα
3046 700 3227 765 πάθοι,
3261 696 3344 754 οία
3370 704 3430 772 δὴ
3456 707 3537 757 καὶ
3553 709 3681 762 αὑτὸν

2169 783 2648 855 κατεψηφιτμένον
2674 786 2873 839 ἑαυτοῦ
2893 802 2907 817 ·
2946 787 3020 851 ὡς
3047 790 3100 841 sf
3117 807 3182 856 γε
3211 791 3425 845 τοιαῦτα
3450 796 3680 849 πείσεσθαι

2172 866 2378 936 μέλλοι,
2400 869 2605 938 βέλτιον
2629 873 2810 942 σιωπῇ
2840 875 2940 944 τὴν
2982 874 3141 945 δίκην
3171 879 3424 946 ἐνεγκεῖν,
3448 881 3571 933 dm:
3611 886 3685 935 καὶ

2169 957 2411 1022 εἰσαῦθις
2439 960 2730 1030 ἠδικῆσθαι
2780 962 2961 1031 λέγειν
2986 963 3269 1030 δύνασθαι,
3304 971 3394 1022 καὶ
3435 972 3521 1038 τήν
3558 972 3683 1039 δίκην

2168 1049 2576 1104 ἀνακαλεῖσθαι.
2610 1051 2668 1105 '0
2705 1054 2880 1123 μέγας
2910 1056 2966 1108 δὲ
2989 1055 3311 1126 δομέστικος
3361 1062 3686 1134 παρεθάρρυνέ

2168 1158 2251 1207 τε,
2287 1145 2383 1196 καὶ
2414 1144 2489 1216 μὴ
2521 1143 2751 1198 τοιαῦτα
2804 1147 3039 1218 παρῄνει
3068 1149 3384 1216 δεδοικέναι,
3436 1153 3504 1215 ὡς
3551 1157 3684 1208 αὑτοῦ

2171 1232 2465 1302 παρόντος,
2525 1235 2743 1298 οὐδενὸς
2795 1240 3169 1308 γενησομένου
3223 1242 3315 1295 τοῦ
3346 1243 3524 1298 λυπεῖν
3556 1247 3689 1298 αὐτὸν

2168 1319 2563 1389 δυνησομένου’
2607 1317 2652 1391 ᾧ
2684 1325 2780 1376 καὶ
2815 1326 3137 1396 πειθόμενος
3168 1331 3196 1383 ὁ
3223 1331 3495 1402 Βαρλαὰμ,
3526 1336 3690 1401 παρελ-

2167 1410 2275 1464 θὼν
2298 1413 2378 1475 εἰς
2420 1413 2640 1482 μέσους,
2665 1415 2766 1484 τήν
2792 1432 2852 1468 τε
2882 1419 3152 1487 προτέραν
3179 1422 3399 1487 ἄγνοιαν
3441 1423 3690 1493 ὡμολόγει,

2164 1502 2262 1554 καὶ
2292 1502 2626 1572 συγγνώμην
2672 1504 2766 1557 ἐπὶ
2815 1507 2928 1569 τοῖς
2967 1508 3283 1578 εἰρημένοις
3334 1512 3523 1581 ᾐτεῖτο,
3547 1513 3612 1575 ὡς
3641 1516 3689 1564 οὔ

2165 1593 2496 1659 φιλονεικίας
2519 1595 2684 1649 ἕνεκα
2718 1595 2915 1666 λέγων,
2945 1598 3070 1651 οὐδὲ
3101 1599 3194 1653 τοῦ
3217 1601 3291 1672 μὴ
3315 1602 3580 1656 πείθεσθαι
3602 1608 3691 1667 τοῖς

2165 1685 2268 1739 ὑπὸ
2293 1685 2401 1738 τῶν
2443 1686 2711 1754 θεολόγων
2767 1691 3081 1759 εἰρημένοις
3129 1694 3261 1763 περὶ
3322 1694 3451 1746 Θεοῦ
3484 1697 3556 1756 είς
3592 1696 3692 1753 τοὺς

2163 1776 2439 1841 τοιούτους
2471 1779 2581 1831 τῶν
2606 1779 2782 1846 λόγων
2816 1780 3188 1853 ἐξενηνέχθαι,
3244 1785 3357 1838 ἀλλ’
3388 1786 3473 1837 ὑπ’
3509 1787 3694 1852 ἀγνοίας

2163 1867 2407 1936 οἰόμενος
2431 1868 2558 1931 τοὺς
2586 1868 2786 1933 ἄλλους
2815 1871 3175 1942 ἁμαρτάνειν,
3205 1872 3369 1926 ἕνεκα
3398 1875 3486 1926 τοῦ
3508 1873 3696 1941 διορθώ-

2165 1957 2361 2009 σασθαι
2395 1960 2572 2011 πᾶσαν
2602 1960 2828 2029 εἰσῆγον
2854 1964 3095 2031 σπουδὴν
3120 1966 3218 2017 καὶ
3241 1966 3558 2035 προθυμίαν.
3584 1966 3694 2018 Νυνὶ

2162 2048 2219 2100 δὲ
2245 2048 2348 2118 ήδη
2375 2050 2737 2119 πεπεισμένος
2767 2052 3012 2121 ἀκρισῶς
3034 2054 3110 2117 ὡς
3143 2057 3301 2109 αὐτοὶ
3336 2056 3534 2125 βέλτιον
3561 2058 3695 2126 ἰφρόο

2164 2154 2288 2190 νουν
2330 2143 2461 2209 περὶ
2507 2134 2581 2193 ὦν
2618 2142 3101 2212 ήμφισδητοῦμεν,
3156 2149 3290 2211 περί
3320 2164 3376 2199 τε
3420 2147 3522 2199 τῶν
3559 2148 3698 2200 ἄλλων

2162 2229 2375 2292 οᾷδενδς
2400 2231 2732 2303 διαφέρομαι
2758 2234 2895 2305 πρὸς
2928 2236 3151 2302 αὐτοὺς,
3174 2240 3280 2291 καὶ
3312 2239 3372 2290 τδ
3392 2239 3449 2292 ὲν
3472 2239 3700 2305 Θαῦωρίῳ

2160 2322 2288 2383 τοὺς
2328 2322 2578 2391 μαθητὰς
2631 2325 2991 2394 περιλάμψαν
3040 2326 3156 2394 φῶς
3203 2329 3376 2381 ἀΐδιον
3426 2331 3521 2381 καὶ
3572 2328 3700 2380 πεπέ-

2163 2429 2367 2465 στευκα
2396 2416 2491 2466 καὶ
2518 2410 2659 2468 εἶναι
2691 2417 2961 2485 ὁμολογῶ.
2999 2418 3123 2472 Ἐπί
3151 2420 3372 2483 τούτοις
3401 2421 3493 2472 καὶ
3527 2421 3700 2491 Γρηγό-

2162 2515 2278 2570 ριος
2309 2503 2336 2553 ό
2365 2502 2632 2570 Παλαμᾶς
2663 2505 2759 2556 καὶ
2774 2508 2890 2560 ὅσοι
2921 2508 3020 2560 σὺν
3052 2509 3201 2579 αὐτῷ
3235 2505 3397 2578 ἦσαν,
3415 2511 3699 2571 ἀναστάντες
3726 2516 3729 2519 ’

2165 2591 2520 2659 περιέϐαλλόν
2546 2611 2604 2649 τε
2638 2595 2924 2665 Βαρλαὰμ,
2983 2597 3078 2650 καί⁸
3132 2599 3468 2670 συγγνώμην
3495 2602 3581 2653 ἰπὶ
3614 2602 3700 2662 τ’.ῖς

2164 2682 2450 2752 προτέροις
2478 2684 2705 2754 ἄσμενοι
2740 2691 3003 2757 παρεῖχον
3023 2705 3040 2721 ο
3071 2692 3316 2761 ἐπῄνουν
3345 2710 3406 2747 τε
3434 2694 3529 2762 τῆς
3560 2692 3700 2756 καλῆς

2164 2774 2485 2844 μεταϐολῆς,
2519 2777 2610 2829 καὶ
2634 2777 2713 2846 τῷ
2735 2778 2854 2846 Θεῷ
2882 2780 2979 2848 τῆς
2999 2779 3258 2849 ὁμονοίας
3318 2783 3595 2852 ὁμὸλόγουν
3620 2782 3700 2853 χά-

2163 2882 2318 2935 ριτας
2343 2882 2358 2897 ·
2384 2866 2707 2934 φάσκοντες,
2730 2869 2839 2922 οὐδ’
2870 2870 3025 2924 αὐτοὶ
3054 2872 3265 2941 γηίνων
3291 2874 3452 2929 ἕνεκα
3481 2875 3565 2928 καὶ
3580 2874 3697 2942 φθει-

486 2958 599 3012 lutn
636 2971 885 3023 vocatur,
918 2961 997 3015 ibi
1033 2972 1314 3033 promptos
1357 2980 1480 3018 esse
1544 2980 1600 3020 et
1638 2966 2007 3022 inexorabiles
2034 3007 2049 3033 ,

2164 2955 2409 3023 ρομένων
2461 2958 2804 3027 πραγμάτων
2829 2961 3098 3014 τοσοῦτον⁸
3113 2964 3485 3034 ἐνστήσασθαι
3509 2965 3670 3033 ἀγῶνα
3685 3004 3699 3027 ,

485 3060 540 3104 et
566 3066 744 3120 neque
777 3052 844 3106 ad
875 3054 1233 3122 Opprobrium
1269 3071 1595 3125 aegrescere,
1622 3073 1803 3128 neque
1834 3059 1901 3113 ad
1937 3061 2057 3113 lau-

484 3141 607 3197 dem
637 3143 930 3197 humanam
959 3146 1335 3201 cniollescere.
1373 3146 1642 3214 Quoniam
1676 3165 1806 3203 vero
1835 3148 1982 3219 pacis
2004 3160 2060 3205 et

483 3235 796 3289 concordia:
825 3236 970 3290 Deus
1003 3236 1263 3291 distantia
1298 3238 1590 3308 copularit,
1631 3251 1687 3295 et
1717 3256 1774 3295 se
1808 3251 2058 3311 prompte

483 3341 514 3378 a
542 3326 896 3382 contentione
942 3327 1232 3392 desistere,
1256 3339 1312 3383 et
1341 3330 1415 3384 illi
1461 3331 1662 3401 gratias
1713 3333 1938 3399 habere,
1962 3333 2058 3402 qui

487 3417 636 3485 pacis
688 3416 850 3484 hujus
898 3428 1092 3472 auctor
1146 3418 1203 3472 in
1245 3420 1440 3488 primis
1492 3420 1681 3476 fuerit.
1701 3423 2052 3477 Postmodum

485 3508 783 3576 imperator
813 3518 867 3564 et
892 3509 1207 3578 patriarcha
1237 3521 1502 3581 utrosque
1528 3512 1597 3567 de
1624 3529 1780 3583 pace,
1813 3522 1871 3566 ut
1897 3528 2061 3582 opor-

483 3599 653 3664 tebat,
704 3601 924 3655 allocuti
988 3601 1257 3672 synodum
1318 3603 1670 3659 dimiserunt.
1731 3605 2057 3659 Barlaamus

486 3689 632 3744 baud
661 3692 885 3761 longum
912 3703 1128 3762 tempus
1158 3692 1400 3765 Byzantii
1432 3695 2057 3764 moratus.,imperatore

492 3782 650 3837 brevi
683 3784 967 3848 defuncto,
994 3800 1149 3854 aeque
1178 3795 1237 3840 ut
1286 3786 1440 3855 prius
1477 3786 1545 3840 de
1591 3787 1860 3855 dogmatis
1904 3788 2055 3840 litem

483 3873 676 3940 movit,
726 3873 995 3942 judicium
1039 3874 1195 3930 valde
1246 3876 1586 3930 claudicasse
1636 3876 1924 3930 clamitans
1955 3915 1970 3939 ,
1999 3884 2057 3930 et

484 3962 771 4032 aufugiens
802 3965 854 4017 in
892 3964 1126 4028 Italiam,
1153 3981 1278 4020 cum
1307 3966 1544 4033 Latinis,
1566 3976 1626 4021 ut
1650 3976 1831 4031 antea,
1860 3967 2051 4035 sensit,

487 4054 557 4106 ab
596 4054 786 4123 eisque
840 4054 1085 4110 Hieracis
1143 4055 1437 4126 episcopus
1491 4066 1713 4112 creatus
1764 4066 1871 4112 est.
1929 4057 2052 4113 Non

488 4146 661 4199 multo
733 4154 850 4212 rost
900 4144 1042 4199 alius
1107 4144 1330 4214 quidam
1378 4144 1678 4215 Gregorius
1727 4148 2050 4215 monachus,

486 4236 815 4305 Acindynus
866 4235 1320 4304 cognominatus,
1387 4235 1655 4290 Barlaami
1709 4238 1764 4291 in
1828 4239 2052 4308 profana

2161 3045 2275 3099 ἀλλ’
2309 3047 2396 3100 ῐνα
2436 3047 2510 3118 μὴ
2540 3050 2619 3112 εἰς
2647 3049 2868 3115 πλείους
2899 3052 3328 3125 διανεμηθέντος
3358 3057 3453 3110 τοῦ
3481 3053 3702 3123 κακοῦ,ἢ
3774 3050 3781 3057 ’

2158 3134 2567 3204 δ;εφθαρμένων
2583 3137 2871 3208 δογμάτων
2894 3142 3178 3206 ἀνάπλεως
3195 3146 3429 3218 γένηται
3449 3148 3480 3216 ή
3519 3145 3707 3210 Ἐκκλη-

2158 3225 2274 3291 σία,
2327 3225 2360 3295 ἢ
2414 3225 2776 3301 διαστασιάσῃ
2821 3231 2956 3302 πρὸς
2982 3234 3206 3306 ἑαυτὴν,
3237 3239 3349 3291 τῶν
3382 3241 3479 3309 μὲν
3500 3239 3657 3291 τούτοι
3687 3274 3700 3299 ,

2160 3316 2272 3369 τῶν
2299 3317 2356 3370 δὲ
2385 3318 2616 3382 ἐκείνοις
2654 3323 3122 3394 προστιθεμένων,
3175 3330 3280 3382 καὶ
3329 3330 3417 3383 διὰ
3454 3330 3599 3384 τοῦτο
3632 3328 3708 3380 ναὶ

2159 3408 2252 3461 τοῦ
2284 3407 2509 3477 μετρίου
2544 3411 2688 3490 πέρα
2724 3412 2960 3483 ὀφθῆναι
3019 3418 3368 3485 φιλονείκως
3393 3461 3407 3486 ,
3443 3421 3535 3476 hc
3578 3420 3635 3490 δή
3661 3401 3708 3470 ἰν

2122 3523 2130 3533 ·
2163 3502 2263 3571 μὲν
2287 3505 2396 3567 τοῖς
2428 3502 2609 3567 ἄλλοις
2651 3504 2826 3557 ἅπασι
2872 3508 3080 3576 πράους
3125 3504 3272 3563 εἷναι
3327 3510 3703 3589 δεδιδαγμένους

2162 3595 2253 3646 καὶ
2278 3594 2599 3658 ταπεινούς·
2632 3597 2690 3648 ὲν
2712 3590 2793 3659 οἷς
2816 3598 2875 3650 δὲ
2897 3598 3030 3663 Θεός
3060 3602 3178 3654 ἐστι
3242 3604 3309 3655 τὸ
3359 3604 3711 3667 κινδυνευόμε-

2158 3700 2270 3749 νον,
2301 3684 2442 3750 ὀξεῖς
2487 3680 2627 3739 εἶναι
2675 3686 2770 3738 καὶ
2829 3689 3270 3760 ἀπαραιτήτους,
3307 3697 3403 3748 καὶ
3437 3695 3565 3764 μήτε
3593 3692 3707 3760 πρὸς

2158 3774 2257 3845 τὴν
2283 3775 2501 3840 ἀδοξίαν
2523 3775 2921 3847 δυσχεραίνειν,
2964 3782 3102 3850 μήτε
3146 3786 3297 3852 πρὸς
3330 3787 3422 3838 τὸν
3453 3785 3595 3855 παρὰ
3616 3784 3708 3834 τῶι

2159 3863 2463 3934 ἀνθρώπων
2509 3868 2735 3921 ἔπαινον
2787 3869 3211 3936 μαλακίζεσθαι.
3267 3876 3425 3928 Ἐπεὶ
3475 3875 3530 3928 δὲ
3572 3876 3598 3926 ὁ
3626 3872 3708 3938 τῆς

2159 3957 2385 4028 εἰρήνης
2440 3958 2537 4011 καὶ
2590 3961 2689 4030 τῆς
2743 3962 2997 4029 ὁμονοίας
3030 3963 3163 4025 Θεὸς
3218 3966 3304 4029 εἰς
3350 3965 3409 4018 ἓν
3444 3966 3629 4031 συνῆψε
3657 3962 3712 4013 τὶ

2157 4048 2447 4111 διεστῶτα,
2468 4049 2625 4103 αὐτοί
2658 4067 2719 4102 τε
2748 4051 3046 4121 προθύμως
3073 4053 3489 4125 ἀποστήσονται
3511 4056 3711 4122 φιλονει-

2159 4140 2306 4208 κίας,
2330 4141 2423 4193 καὶ
2453 4140 2602 4211 αύτῷ
2629 4141 2833 4211 πολλὴν
2863 4144 3141 4214 εἰδήσουσι
3162 4144 3267 4216 τὴν
3301 4148 3482 4217 χάριν,
3503 4147 3711 4217 μάλιστα

2145 4233 2464 4302 αἰτιωτάτῳ
2500 4232 2603 4301 τῆς
2630 4234 2857 4304 εἰρήνης
2884 4236 3003 4288 νυνὶ
3049 4241 3438 4309 γεγενημένῳ.
3477 4238 3592 4291 Ἐπὶ
3611 4235 3713 4287 τοῦ·

482 4325 732 4377 doctrina
763 4325 925 4393 longo
963 4325 1229 4393 temporis
1265 4326 1444 4394 spatio
1474 4324 1803 4396 discipulus,
1838 4328 2051 4383 dissen-

2161 4339 2270 4386 τοις
2311 4326 2406 4378 καὶ
2448 4324 2703 4394 βασιλεύς
2729 4342 2788 4378 τε
2818 4326 2911 4379 καὶ
2938 4329 3298 4399 πατριάρχης
3332 4332 3434 4384 ὅσα
3480 4331 3582 4382 ἔδει
3615 4329 3714 4380 δια-

482 4416 693 4469 sioncm
743 4416 863 4484 ejus
902 4423 957 4467 et
1001 4414 1155 4468 litem
1228 4430 1352 4469 cum
1412 4415 1629 4470 Palama
1666 4428 1725 4472 ut
1770 4435 2054 4475 sucCessor

481 4506 838 4574 arripuit,cui
865 4506 1122 4575 quiddam
1150 4505 1442 4560 ridiculum
1465 4509 1712 4579 conligit.
1732 4510 1893 4582 337
1918 4512 2054 4566 Bar-

480 4597 718 4649 laamum
752 4597 918 4650 verbo
950 4597 1275 4666 repudiabat
1296 4597 1469 4669 (a),et
1501 4607 1560 4654 ut
1582 4602 1719 4657 male
1741 4605 2052 4673 sanctisque

484 4684 740 4741 Patribus
768 4688 1043 4739 contraria
1071 4687 1402 4743 sentientem
1424 4692 1718 4746 accusabat
1745 4710 1760 4748 :
1786 4709 1845 4747 re
1866 4706 2050 4749 autem

484 4790 612 4830 vera
649 4791 872 4844 prorsus
902 4792 1025 4831 eum
1061 4780 1414 4848 sequebatur,
1451 4782 1699 4851 nihilque
1726 4786 1951 4840 omnino
1983 4790 2052 4843 ab

482 4881 552 4921 eo
586 4866 891 4921 differebat.
930 4867 1166 4923 Rursum
1200 4870 1386 4940 itaque
1421 4873 1695 4929 seditione
1723 4891 1786 4930 ac
1814 4879 2051 4934 tumultu

487 4958 543 5011 in
578 4955 820 5011 Ecclesia
851 4957 1155 5021 cxoriente,
1192 4961 1509 5028 patriarcha
1545 4963 1793 5033 iniquum
1821 4965 2051 5034 ducens,

484 5055 712 5116 propter
757 5045 1123 5116 quorumdam
1163 5048 1340 5103 rixosa
1399 5050 1617 5120 ingenia
1652 5052 1914 5107 Ecclesia:
1944 5063 2057 5107 sta-

485 5148 599 5192 tum
630 5139 884 5207 perturba
897 5137 940 5190 ri
963 5179 978 5202 ,
1005 5138 1275 5209 synodum
1300 5139 1355 5194 in
1377 5140 1520 5196 idem
1539 5141 1760 5212 Sophia:
1791 5144 2053 5213 templum

479 5231 646 5300 cogit,
678 5229 956 5284 assidente
988 5229 1094 5299 ipsi
1123 5239 1181 5287 et
1218 5247 1418 5303 magno
1449 5233 1773 5299 domestico,
1806 5244 1861 5289 et
1891 5244 2049 5303 quoto

479 5328 615 5389 quot
644 5318 890 5389 Byzantii
919 5329 1077 5375 erant
1112 5322 1484 5377 senatoribus.
1511 5322 1649 5378 Cum
1679 5323 1925 5395 Gregorii
1955 5327 2049 5382 diu

481 5409 879 5465 controversati
909 5419 1097 5467 essent
1119 5453 1136 5478 ,
1172 5412 1267 5466 ubi
1305 5413 1746 5470 animadversum
1772 5427 1858 5471 est
1889 5417 2053 5472 Acin-

547 5545 618 5613 (η)
656 5546 810 5613 Deest
840 5544 1136 5613 bieAaiiquid
1168 5551 1218 5597 in
1253 5548 1669 5613 interpretatione
1706 5555 1909 5604 Pontani
1957 5555 2134 5607 Locum
2169 5557 2241 5608 sic
2276 5572 2337 5607 ex
2375 5560 2546 5609 Graeco
2578 5559 2793 5609 restitue
2829 5575 2842 5610 :
2880 5560 3193 5612 Barlaamum
3227 5560 3381 5613 verba
3418 5576 3444 5611 r

2154 4413 2436 4483 λεχθέντες
2467 4417 2594 4487 περὶ
2620 4416 2844 4486 εἰρήνης
2882 4418 3018 4488 πρδς
3052 4420 3386 4490 ἑκατέρους,
3432 4420 3712 4474 διελύσαντο

2155 4505 2253 4576 τὴν
2271 4505 2525 4561 σύνοδον.
2560 4508 2829 4578 Βαρλαὰμ
2859 4509 2917 4562 δὲ
2946 4510 3132 4578 ὀλίγας
3158 4510 3449 4585 Βυζαντίῳ
3476 4508 3715 4579 ἐνδιατρί-

2154 4596 2261 4665 ψας
2293 4597 2527 4666 ἡμέρας,
2580 4599 2703 4651 ἐπεὶ
2752 4600 2846 4652 καὶ
2878 4601 2907 4652 ό
2939 4600 3195 4669 βασιλεὺς
3222 4603 3550 4673 ἐτελεύτησε
3596 4597 3714 4670 μετὰ

2158 4686 2375 4758 μικρὸν,
2409 4688 2652 4750 καὶτὰς
2688 4690 2817 4759 περὶ
2858 4689 2929 4743 τά
2983 4691 3234 4761 δόγματα
3293 4694 3714 4764 ἀμφισϐητήσεις

2155 4778 2309 4832 οὐδὲν
2335 4773 2501 4851 ἦττον
2530 4778 2787 4848 ἐχόμενος
2816 4781 2851 4851 ἦ
2882 4782 3173 4852 πρότερον,
3222 4785 3327 4854 τῆς
3364 4786 3526 4855 δίκης
3552 4782 3624 4843 ὡς
3642 4782 3717 4831 ἐκ·

2155 4871 2547 4944 δεδιῃτημὲνης
2571 4873 2740 4925 πολλὰ
2768 4874 3076 4942 καταὸιῶν,
3107 4875 3353 4945 ἀποδράς
3377 4876 3551 4946 ᾢλετο
3600 4870 3717 4941 πρὶς

2168 4962 2419 5027 Ἰταλίαν,
2445 4963 2539 5015 καὶ
2567 4963 2961 5034 συμφρονήσας
2982 4965 3255 5031 Λατίνοις,
3281 4966 3475 5038 ὥσπερ
3502 4966 3589 5017 καὶ
3609 4958 3719 5028 πρό-

2157 5070 2336 5123 τερον,
2390 5053 2690 5116 ἐπίσκοπος
2720 5053 2811 5106 ὑπ’
2873 5055 3055 5110 αὐτῶν
3122 5057 3374 5127 Ἱέρακος
3430 5050 3715 5123 ἀνεδείχθη.

2161 5146 2273 5200 Καὶ
2303 5144 2365 5198 οὐ
2406 5145 2587 5216 πολλῷ
2629 5145 2857 5217 ὕστερον
2891 5148 3191 5220 Γρηγόριός
3227 5166 3318 5213 τις
3347 5150 3540 5219 temo;
3571 5155 3721 5212 μοναο

2156 5234 2251 5305 χδς
2288 5230 2598 5297 ’Δκίνδυνος
2653 5235 3088 5306 ἐπικεκλημένος
3113 5278 3129 5302 ,
3171 5238 3446 5308 ὁμιλητὴς
3480 5232 3718 5305 Βαρλαὰμ

2163 5325 2303 5378 κατὰ
2339 5324 2437 5393 τὴν
2460 5324 2565 5390 ἔξω
2602 5327 2796 5395 σοφίαν
2830 5329 3220 5398 γεγενημένος,
3252 5330 3357 5382 καὶ
3393 5328 3562 5381 πολὺν
3588 5319 3719 5387 αὐτῷ

2157 5416 2420 5486 φοιτήσας
2443 5417 2656 5486 χρόνον,
2685 5418 2794 5470 τῶν
2825 5419 3037 5472 ἐκείνου
3059 5420 3338 5489 διαφορῶν
3361 5412 3441 5476 ὧν
3472 5411 3711 5485 διηνέχθη

3445 5555 3708 5623 mutatu.

479 5607 618 5672 φλ.ίά
641 5609 750 5674 quis
779 5621 892 5659 eum
913 5607 1193 5660 hortaretur
1220 5617 1271 5661 ut
1300 5607 1433 5662 illius
1460 5617 1737 5665 sementium
1765 5630 1902 5667 suam
1928 5621 2123 5681 faceret,
2153 5628 2196 5671 ct
2221 5607 2418 5683 repulsa
2444 5607 3184 5684 consectatione,uiridia-cici
3206 5607 3524 5674 c’éi’ri'riii’.
