3992 6202
273 285 356 376 795

1318 272 1859 336 HlS'l‘ORlARUM
1905 272 2133 333 LIBER
2170 272 2264 331 ιιι

3302 274 3407 336 706

273 370 356 467 μέν
379 391 481 450 οἶδα
507 391 622 462 παρ’
645 389 878 460 ἐμαυτοῦ
899 406 912 421 ·
951 391 1060 445 τῶν
1087 390 1144 444 δὲ
1175 389 1377 460 ἀκριϐῆ
1421 389 1522 460 τήν
1553 386 1749 455 γνῶσιν

1861 383 1954 453 qui
2021 400 2084 438 ea
2133 383 2420 448 fecerunt,
2492 370 2595 452 ego
2641 394 2883 451 praesens
2944 380 3101 450 (86),
3152 383 3256 436 alia
3321 401 3417 454 per

271 489 414 555 έσχον,
459 484 616 536 αὐτῶν
662 483 1110 551 ἀπαγγειλάντων
1140 482 1252 535 τῶν
1290 482 1636 551 πραξάντων,
1667 479 1754 530 διὰ

271 577 317 630 τδ
341 575 508 640 πολλὼς
531 573 612 626 καὶ
649 576 888 642 συνεχεῖς
912 575 996 640 ἐφ’
1026 573 1243 626 ἅπαντα
1273 571 1363 624 τὸν
1390 571 1483 623 τοῦ
1515 570 1752 637 πολέμου

265 668 418 737 χρόνον
445 667 528 727 τὰς
559 665 841 733 μεταϐολὰς
875 656 1379 735 ὑπομεμενηκέναι·
1418 662 1555 716 ὥστε
1612 661 1755 724 εἰκὸς

268 756 328 824 μή
359 755 448 806 τῶν
468 753 836 822 πραττομένων
863 755 1045 823 μόνον,
1077 755 1210 815 ἀλλὰ
1245 754 1337 807 καὶ
1374 751 1756 822 βουλευμάτων

263 845 557 913 ἀπορρήτων,
587 842 675 896 καὶ
727 844 895 897 δόλων
953 842 1048 897 καὶ
1099 843 1424 906 ἐπιϐουλῶν,
1479 843 1572 896 καὶ
1623 841 1757 903 ὃλως

263 935 459 996 πάντων,
485 933 698 985 καὶτῶν
745 935 1141 1004 πραττομένων
1185 934 1457 1004 φανερῶς,
1498 933 1592 986 καὶ
1648 930 1756 982 τῶν

261 1023 444 1092 ἀφανῶς
485 1025 1031 1094 κατασκευαζομένων
1081 1026 1292 1094 ἀγνοεῖν
1324 1024 1511 1095 μηδέν.
1543 1024 1616 1076 Οὐ
1649 1019 1757 1090 μὴν

259 1114 348 1167 ἀλλ’
374 1118 490 1182 ὅπερ
516 1115 640 1184 έφην
664 1116 723 1180 ἐξ
740 1117 937 1186 ἀρχῆς,
963 1117 1081 1169 οὐδὲ
1104 1117 1200 1186 τῆς
1227 1115 1483 1185 ἀληθείας
1519 1113 1758 1185 προστή-

258 1223 386 1272 σομαι
411 1206 550 1259 οὐδέν
566 1225 580 1239 ο
604 1207 716 1258 ἀλλ’
739 1207 813 1268 ὡς
835 1207 972 1261 αὐτὰ
994 1207 1151 1276 ἔσχον
1166 1208 1234 1258 τά
1261 1208 1562 1276 πράγματα
1579 1207 1756 1272 ἀπαγ-

252 1296 384 1362 γελῶ.
411 1296 534 1366 πλὴν
561 1298 604 1349 εί
635 1297 709 1367 μή
743 1296 844 1349 πού
881 1313 934 1350 τι
961 1298 1281 1366 πειρήσομαι
1322 1295 1484 1356 ἑκὼν,
1511 1295 1620 1348 τῶν
1653 1298 1756 1350 ὅσα.

249 1391 334 1437 τισὶ
357 1385 591 1455 λοιδορίαν
614 1387 644 1455 ἢ
679 1387 888 1456 μέμψιν
911 1387 1174 1456 εἰρημένα
1211 1388 1498 1455 ἐμποιήσει
1522 1403 1538 1420 ο
1564 1387 1623 1438 οὐ
1649 1386 1756 1453 γὰρ

248 1476 344 1542 ἐμοὶ
368 1477 502 1544 φίλον
518 1477 572 1529 τὺ
596 1478 748 1541 τινὰς
765 1481 1116 1547 κακηγορεῖν.
1144 1477 1246 1531 κᾶν
1268 1479 1316 1530 εί
1344 1479 1542 1539 πάντες
1565 1478 1756 1530 είδεῖεν

246 1559 495 1628 ἄνθρωποι.
536 1563 630 1615 Ἠν
669 1563 725 1617 δέ
753 1563 857 1618 πού
885 1582 935 1617 τι
982 1566 1258 1633 φαίνωμαι
1283 1567 1641 1636 διηγούμενος
1679 1567 1753 1636 μὴ

243 1651 304 1714 ὡς
327 1653 606 1717 δοξάζουσιν
631 1656 687 1707 οἱ
721 1657 924 1719 πολλοὶ,
949 1657 1010 1710 οὐ
1042 1657 1150 1725 χρὴ
1184 1655 1507 1726 θαυμάζειν.
1538 1658 1612 1709 Οὐ
1645 1658 1751 1726 γὰρ

244 1743 294 1794 τὸ
313 1745 376 1812 μή
396 1761 449 1796 τα
462 1745 548 1798 ὕτά
575 1749 688 1808 τοῖς
723 1746 939 1808 πολλοῖς
976 1746 1313 1814 φθέγγεσθαι
1359 1749 1578 1814 φεύγων
1597 1746 1752 1816 λογο-

246 1837 421 1905 ποιήσω
449 1839 509 1891 τὰ
535 1839 605 1907 μὴ
637 1838 772 1891 ὄντα
791 1854 805 1868 ο
850 1838 964 1892 ἀλλ’
987 1838 1063 1898 ὡς
1093 1838 1280 1907 ἔχουσι
1331 1839 1396 1890 τά
1446 1838 1750 1908 πράγματα

245 1926 568 1992 ἀπαγγέλλων,
605 1928 824 1998 χαίρειν
861 1927 1006 1980 ἐάσω
1052 1928 1150 1987 τάς
1180 1926 1335 1993 δόξας
1367 1927 1472 1980 τῶν
1517 1929 1748 1992 πολλῶν,

241 2015 301 2076 ὡς
327 2015 644 2086 ψευδομένας.
669 2017 1125 2090 Τετελευτηκότος
1151 2019 1333 2073 τοίνυν
1359 2020 1450 2072 τοῦ
1485 2018 1752 2090 βασιλέως

247 2105 537 2176 Ἀνδρονίκου
565 2109 663 2163 τοῦ
698 2110 842 2175 νέου,
875 2112 908 2180 ἠ
938 2109 1086 2179 αὐτῷ
1136 2108 1370 2178 σύζυγος
1396 2112 1565 2164 Ἀννα
1594 2113 1627 2182 ἦ
1652 2111 1749 2181 βα·-

238 2199 362 2262 σιλὶς,
387 2201 456 2262 είς
500 2205 695 2270 τρίτην
731 2201 829 2269 μὲν
865 2200 1078 2270 ἡμέραν
1121 2200 1545 2271 διεκαρτέρησεν
1590 2203 1647 2254 ἐν
1681 2205 1749 2274 τῇ

245 2295 344 2360 μονῇ
375 2293 472 2344 τῶν
514 2292 785 2361 Ὅδηγῶν.
826 2291 980 2346 Μετὰ
1035 2291 1198 2344 τοῦτο
1244 2292 1302 2345 δὲ
1346 2292 1406 2345 ἐν
1453 2291 1751 2360 βασιλείοις

239 2385 470 2453 γενομένη,
524 2383 824 2452 ἐπένθησεν
871 2383 960 2450 ἐφ’
1013 2382 1250 2452 ἡμέραις
1301 2381 1480 2446 ἐννέα,
1530 2381 1750 2434 πάντων

238 2472 454 2539 ὁσημέραι
484 2474 619 2541 πρὸς
669 2473 741 2524 τὰ
765 2471 1012 2543 βασίλεια
1047 2471 1523 2542 παραγινομένων,
1554 2472 1615 2524 οὐ
1641 2473 1751 2526 τῶν

239 2562 562 2632 συγκλητικῶν
607 2566 778 2633 μόνον
813 2564 909 2616 καὶ
951 2563 1425 2633 στρατευομένων,
1484 2563 1620 2618 ἀλλὰ
1658 2567 1752 2618 καὶ

240 2651 316 2701 τῶν
356 2653 458 2705 ὅσοι
505 2655 822 2718 Βυζαντίων
870 2648 1012 2720 ἦσαν
1042 2653 1098 2705 ἐν
1146 2651 1290 2723 λόγῳ
1336 2653 1431 2706 καὶ
1472 2655 1624 2722 κοινῇ
1659 2652 1750 2705 τὸν

239 2740 484 2796 ἀπελθόντα
530 2743 883 2814 θρηνούντων
926 2743 1174 2811 βασιλέα.
1224 2743 1560 2812 Δομέστικος
1620 2742 1674 2796 δὲ
1722 2743 1751 2795 ό

234 2830 389 2896 μέγας,
410 2832 464 2896 ἐξ
495 2835 670 2904 αὐτῆς
698 2835 908 2903 ἡμέρας
941 2827 1010 2905 ἦς
1036 2831 1390 2902 ἐτελεύτησεν
1419 2831 1748 2902 δ’βασιλεὺς,

202 2925 204 2927 ’
229 2919 396 2992 οὐδαμῆ
423 2923 524 2977 τῶν
555 2925 855 2994 βασιλείων
879 2925 1092 2996 ἀπέστη
1115 2941 1130 2956 ο
1162 2923 1296 2976 ἀλλὰ
1319 2923 1427 2975 τῶν
1448 2940 1508 2976 τε
1535 2924 1750 2978 οίκείων

228 3011 300 3061 καὶ
327 3013 419 3065 τῶν
445 3015 748 3083 βασιλικῶν
780 3016 1174 3077 πεντακοσίους
1195 3014 1336 3083 ἔχων
1386 3013 1477 3076 οὓς
1519 3015 1750 3082 ἐγκατέ-

226 3114 359 3167 στησε
372 3108 471 3166 τοῖς
489 3105 785 3174 βασιλείοις
810 3108 1080 3176 φρουράν,
1101 3106 1188 3158 διὰ
1221 3105 1405 3177 πάσης
1431 3105 1748 3176 ἐπιμελείας

224 3189 424 3247 ἐποιεῖτο
471 3197 565 3250 καὶ
611 3197 860 3264 σπουδῆς
891 3196 996 3250 τῶν
1030 3197 1162 3258 ἴσως
1218 3195 1652 3266 νεωτεριούντων
1681 3199 1748 3250 ἀι

223 3284 517 3352 παμϐλύνειν
559 3289 664 3352 τὰς
710 3287 920 3358 ὁρμάς·
973 3287 1112 3356 μετὰ
1164 3287 1220 3339 δὲ
1259 3287 1358 3357 τήν
1418 3287 1615 3358 ἐνάτην
1643 3287 1749 3340 τῶν

217 3373 293 3424 ἐπὶ
321 3378 420 3440 τοῖς
457 3377 881 3450 τετελευτηκόσι
953 3378 1197 3448 συνήθως
1223 3378 1602 3448 γεγενημένων
1639 3378 1750 3430 ἱλα-

218 3465 364 3531 σμῶν,
400 3467 492 3538 τήν
535 3471 638 3538 μὲν
673 3470 922 3540 φρουρὰν
975 3470 1075 3540 τὴν
1113 3469 1316 3540 πολλὴν
1374 3467 1598 3534 ἐξέϐαλε
1639 3467 1749 3520 τῶν

212 3554 484 3626 βασιλείων,
513 3562 736 3630 ὀλίγους
780 3563 1135 3632 καταστήσας
1169 3563 1285 3615 ὅσοι
1335 3564 1430 3615 καὶ
1483 3561 1750 3631 πρότερον

209 3646 255 3711 ἐξ
284 3648 422 3712 ἔθους
447 3647 619 3720 ἦσαν·
677 3652 835 3714 αὐτὸς
888 3651 942 3704 δὲ
991 3652 1130 3705 οἶκοι
1179 3652 1438 3721 γεγονὼς,
1504 3650 1748 3720 συνήθως

205 3737 485 3804 ἐπεμελεῖτο
523 3741 647 3794 τῶν
676 3740 1053 3811 πραγμάτων·
1088 3743 1185 3793 καὶ
1215 3743 1327 3802 τοῖς
1361 3756 1417 3792 τε
1445 3738 1544 3801 τὰς
1573 3738 1746 3807 ἀρχὰς

208 3828 688 3902 ἐπιτετραμμένοις
747 3832 856 3884 τῶν
917 3831 1197 3900 ἐπαρχιῶν
1250 3831 1342 3884 καὶ
1387 3831 1495 3884 τῶν
1541 3829 1747 3882 πόλεων

203 3921 406 3993 παρῄνει
427 3925 510 3980 διὰ
553 3926 910 3996 γραμμάτων
945 3925 1206 3993 ἀτρεμεῖν
1238 3925 1332 3978 καὶ
1362 3921 1526 3992 μηδὲν
1555 3938 1748 3974 νεωτε-

204 4014 368 4080 ρίζειν,
397 4019 468 4079 ὡς
499 4018 598 4086 τῆς
642 4033 703 4069 τε
735 4015 1140 4081 καλοκάγαθίας
1167 4015 1258 4068 καὶ
1283 4016 1380 4084 τῆς
1410 4015 1488 4075 είς
1519 4013 1747 4084 βασιλέα

197 4107 381 4171 εὐνοίας
412 4111 572 4175 ἀξίας
614 4108 1064 4179 ἀποληψομένοις
1106 4108 1204 4171 τὰς
1252 4106 1612 4175 εὐεργεσίαςο
1649 4104 1744 4156 καὶ

198 4195 476 4249 τούναντίον
508 4201 579 4269 ἢν
636 4215 721 4266 τις
753 4195 1165 4266 νεωτερίζοιεν..
1202 4193 1587 4255 τίσουσιδίκας
1610 4209 1622 4224 ·
1653 4193 1747 4247 καὶ

198 4289 289 4348 τοῖς
302 4290 404 4342 τῶν
430 4290 720 4359 δημοσίων
750 4287 1121 4357 συνεισφορῶν
1149 4285 1248 4358 τὴν
1277 4286 1565 4356 εἴσπραξιν
1588 4287 1750 4353 ἐγκε-

1856 475 2124 544 tneipsum
2153 474 2278 528 novi
2317 489 2332 527 ι
2359 473 2466 527 alia
2494 487 2558 527 ex
2593 487 2689 526 ore
2724 473 2989 541 ipsorum,
3021 489 3049 526 a
3073 474 3272 542 quibus
3295 489 3416 531 acta

1857 574 2008 630 sunt,
2029 563 2095 618 ad
2121 579 2357 634 unguem
2389 563 2577 618 didici.
2612 563 2679 617 Et
2722 579 2846 616 cum
2893 562 3208 631 frequentes
3239 567 3416 620 conti-

1857 664 2159 724 nentesque
2209 664 2322 709 toto
2383 669 2450 708 eo
2505 663 2745 722 tempore
2800 656 3130 709 mutationes
3186 657 3413 724 fuerint,

1856 745 2151 800 verisimile
2176 755 2280 808 est,
2303 761 2411 800 non
2437 755 2714 816 gestorum
2749 746 2931 808 modo,
2965 747 3058 800 sed
3089 757 3142 801 et
3192 752 3414 804 consul-

1861 845 2038 891 torum
2085 853 2436 904 arcanorum,
2471 849 2522 891 et
2555 838 2826 899 fraudum,
2861 837 3322 909 insidiarnmquc,
3357 853 3414 896 et

1857 945 2084 999 prorsus
2145 930 2390 983 omnium
2445 945 2672 998 quaeque
2730 931 2906 998 palam
2971 941 3132 995 acta,
3187 949 3415 1002 quaeque

1856 1021 2071 1074 occulte
2098 1029 2407 1090 comparata
2441 1031 2588 1082 sunt,
2620 1022 2753 1074 nihil
2785 1038 2869 1075 me
2900 1022 3104 1092 fugere.
3128 1023 3416 1086 Verumta-

1859 1127 1980 1166 men
2010 1112 2154 1181 quod
2185 1112 2240 1166 in
2274 1112 2546 1166 vestibulo
2592 1113 2775 1180 operis
2821 1114 2926 1166 mei
2960 1129 3079 1167 sum
3114 1115 3409 1184 pollicitus.

1857 1205 2072 1258 veritati
2108 1205 2245 1258 nihil
2270 1205 2601 1268 anteferam;
2641 1204 2732 1258 sed
2764 1216 2821 1258 ut
2850 1221 2937 1260 res
2970 1217 3293 1275 evenerunt,
3334 1210 3412 1265 ita

1857 1310 1952 1348 cas
2012 1295 2374 1364 explanabo:
2421 1303 2652 1363 excepto
2716 1297 2860 1364 quod
2920 1298 3118 1352 alicubi
3169 1301 3414 1370 prudens

1858 1387 2172 1452 przeteribo,
2191 1399 2312 1454 qua:
2336 1385 2616 1438 nonnullis
2633 1386 2883 1440 convicio
2909 1399 3002 1441 aut
3023 1389 3408 1456 vituperationi

1856 1486 1973 1523 esse
2007 1471 2218 1538 possint
2250 1486 2394 1524 :non
2421 1472 2566 1524 enim
2616 1472 2748 1524 mihi
2778 1473 3013 1526 amicum
3035 1484 3116 1528 est
3154 1477 3408 1545 cuiquam

1856 1561 2177 1627 conviciari,
2211 1563 2423 1616 etiamsi
2461 1564 2770 1616 mortalium
2819 1579 2976 1618 nemo
3027 1581 3138 1618 rem
3178 1567 3437 1636 ignoret.-

1856 1651 2011 1717 Quod
2081 1653 2124 1707 si
2183 1654 2456 1708 interdum
2515 1654 2762 1722 quaedam
2825 1670 2984 1709 secus
3032 1672 3196 1724 quam
3258 1658 3412 1714 multi

1854 1745 2151 1813 opinantur
2181 1745 2411 1799 videbor
2463 1761 2737 1814 erponere
2768 1747 2904 1816 (87),
2958 1763 3023 1800 ne
3055 1747 3124 1801 sit
3177 1749 3399 1803 mirum.

1855 1833 1972 1888 Non
2008 1836 2152 1890 enim
2211 1836 2340 1889 dum
2387 1837 2499 1890 vito
2531 1838 2722 1890 eadem
2776 1852 2901 1890 cum
2960 1837 3146 1892 multis
3196 1838 3406 1902 dicere.

1855 1941 1991 1980 nova
2027 1928 2410 1982 comminiscar
2443 1946 2457 1982 :
2497 1928 2592 1982 sed
2629 1943 2717 1982 res
2746 1936 2804 1981 ut
2851 1943 2910 1983 se
2937 1927 3143 1984 habent
3167 1946 3408 1986 comme-

1853 2030 2093 2080 morans,
2130 2016 2273 2084 vulgi
2322 2017 2606 2085 Opiniones
2655 2025 2713 2069 ut
2748 2016 2908 2070 falsas
2961 2018 3142 2071 valere
3183 2019 3406 2088 juhcbo.

1852 2104 2066 2159 Mortuo
2118 2105 2282 2173 igitur
2312 2107 2622 2162 Andronico
2659 2109 2879 2176 juniore
2906 2109 3255 2177 imperatore.
3293 2115 3405 2165 Au-

1851 2204 2006 2265 gusta
2049 2196 2228 2249 triduo
2286 2197 2340 2249 in
2403 2199 2736 2252 monasterio
2791 2199 3140 2270 Hodcgorum
3188 2204 3406 2256 mansit.

1853 2287 2044 2340 Postea
2075 2287 2127 2340 in
2157 2287 2359 2357 regiam
2397 2305 2660 2358 regressa,
2689 2290 2882 2345 diebus
2916 2307 3114 2345 novem
3144 2294 3315 2347 luctui
3351 2311 3408 2348 se

1851 2377 2082 2443 dedidit,
2116 2393 2238 2432 cum
2271 2380 2517 2448 quotidie
2546 2395 2758 2444 omnes,
2797 2396 2905 2436 non
2939 2391 3220 2437 senatores
3248 2388 3409 2440 modo

1851 2482 1915 2522 ac
1951 2468 2139 2531 duces,
2170 2469 2262 2522 srd
2315 2477 2583 2538 quotquot
2615 2469 2856 2540 Byzantii
2898 2472 3215 2529 eminebant
3255 2491 3411 2532 acce-

1853 2557 2096 2620 derent,
2179 2569 2235 2612 et
2298 2557 2616 2613 defunctum
2686 2561 3070 2630 imperatorem
3132 2567 3407 2621 communi

1853 2649 2237 2718 lamentatione
2295 2662 2783 2720 prosequerentur.
2842 2652 3063 2720 Magnus
3096 2670 3258 2724 pono
3317 2659 3411 2712 do-

1851 2741 2112 2797 mesticus
2147 2743 2215 2797 ab
2258 2757 2322 2796 eo
2353 2743 2470 2811 ipso
2521 2741 2630 2802 die.
2663 2758 2773 2811 quo
2823 2735 3121 2812 imperator
3170 2749 3405 2802 animam

1850 2834 2048 2902 edidit,
2081 2849 2110 2888 a
2144 2834 2349 2903 palatio
2393 2848 2660 2902 nusquam
2715 2834 3070 2902 discedebat;
3115 2844 3208 2891 sed
3249 2841 3411 2907 quin-

1851 2929 2049 3000 gentis,
2083 2927 2279 2998 partim
2313 2925 2450 2988 suis,
2476 2925 2672 2995 partim
2721 2926 3094 2994 imperatoriis
3140 2931 3190 2982 in
3238 2947 3304 2983 eo
3339 2932 3405 2984 ad

1779 3041 1822 3099 ε
1856 3019 2158 3075 custodiam
2211 3016 2527 3081 collocatis,
2563 3032 2831 3070 summum
2890 3019 3133 3073 studium
3183 3021 3410 3097 diligen-

1852 3112 2087 3181 tiamque
2115 3107 2498 3178 impendebat,
2537 3116 2594 3160 ut
2633 3110 2676 3162 si
2727 3109 2820 3177 qui
2851 3107 3081 3164 fortasse
3116 3126 3206 3164 res
3240 3128 3408 3165 novas

1847 3209 2209 3262 attentarent,
2242 3213 2436 3253 eorum
2467 3210 2698 3252 conatus
2729 3199 3074 3268 infringeret.
3102 3201 3226 3254 Post
3261 3203 3404 3256 diem

1845 3307 2072 3358 nonum,
2103 3302 2346 3361 peracta,
2380 3301 2440 3344 ut
2469 3290 2690 3349 assolet,
2712 3306 2810 3359 pro
2842 3292 3115 3346 defunctis
3143 3294 3403 3362 piaculari

1845 3386 2215 3452 cmremonia,
2273 3389 2530 3440 custodes
2575 3399 2605 3439 e
2663 3386 2861 3453 palatio
2916 3387 3143 3440 dimittit
3197 3390 3406 3456 (paucis

1847 3475 2096 3540 retentis,
2125 3486 2259 3545 quot
2283 3475 2542 3528 nimirum
2573 3485 2629 3528 et
2649 3487 2806 3527 antea
2835 3489 2954 3528 esse
2983 3478 3403 3541 consueverant)

1847 3568 1960 3637 ipse
1979 3557 2148 3635 domi,
2184 3576 2245 3620 ut
2274 3581 2511 3635 semper,
2539 3565 2855 3634 reipublicae
2880 3567 3118 3618 animum
3153 3567 3404 3622 intende-

1846 3660 1938 3714 bat
1971 3697 1987 3723 ,
2037 3668 2093 3712 et
2163 3658 2379 3711 urbium
2441 3657 2960 3726 provinciarumque
3017 3665 3258 3710 rectores
3307 3673 3402 3725 per

1844 3751 2082 3806 littteras
2104 3749 2375 3812 monebat,
2407 3763 2473 3802 ne
2508 3748 2674 3801 rebus
2705 3746 2861 3800 novis
2882 3746 3184 3804 studerent.
3214 3756 3400 3816 utpote

1847 3832 2012 3909 hujus
2057 3855 2166 3895 suae
2199 3839 2491 3909 probitatis
2541 3850 2596 3892 et
2627 3839 2856 3908 egregia:
2911 3837 2966 3891 in
3013 3837 3398 3905 imperatorem

1849 3931 2146 3984 voluntatis
2181 3929 2449 3998 condigna
2483 3929 2700 3998 praemia
2731 3936 3055 3997 accepturos
3085 3945 3100 3982 :
3140 3939 3327 3983 contra
3357 3931 3400 3984 si

1847 4020 1978 4090 quid
2013 4021 2477 4084 machinarentur,
2511 4035 2698 4089 poenas
2733 4019 2978 4073 daturos.
3025 4020 3406 4087 Questorihus

1848 4112 1978 4166 item
2033 4113 2370 4175 mandabat,
2426 4127 2492 4166 ne
2557 4111 2687 4180 quid
2755 4112 2979 4166 sceleris
3043 4114 3096 4167 in
3175 4105 3405 4185 pecunia

1847 4193 2217 4273 designarent,
2249 4203 2391 4273 quod
2435 4203 2820 4268 nihilominus,
2870 4219 3032 4274 quam
3075 4204 3406 4273 imperatore

1845 4295 1974 4349 vivo
2033 4293 2272 4348 rationes
2349 4295 2574 4350 relaturi
2627 4304 2831 4349 essent.
2892 4297 3068 4364 Atque
3131 4298 3196 4349 ad
3259 4297 3406 4351 hunc

197 4381 539 4449 χειρισμένοις
592 4382 822 4434 ἐκέλευε
853 4380 1188 4449 κακουργεῖν
1223 4379 1351 4449 περὶ
1389 4378 1460 4431 τὰ
1491 4381 1749 4448 χρήματα

1857 4385 2075 4437 modum
2105 4383 2299 4437 diebus
2329 4384 2450 4453 plus
2483 4385 2698 4452 triginta
2751 4385 2933 4438 missis
2961 4385 3205 4454 epistulis
3245 4385 3407 4456 35o

197 4469 361 4538 μηδὲν,
394 4473 469 4536 ὠς
510 4475 674 4528 οὐδὲν
719 4475 974 4526 ἐλατττον
1009 4472 1042 4544 ἢ
1075 4472 1339 4543 βασιλέως
1381 4473 1583 4538 ζῶντος
1615 4473 1743 4540 περ)⁸

192 4559 350 4612 αὐτῶν
391 4566 734 4634 παρέξουσιν
781 4563 1035 4627 εὐθύνας.
1067 4564 1176 4617 Καὶ
1209 4562 1398 4617 τοῦτον
1433 4564 1522 4616 τὸν
1546 4567 1743 4632 τρόπον

192 4650 241 4699 ἐν
271 4653 508 4708 πλείοσιν
538 4657 572 4725 ἢ
608 4655 909 4725 τριάκοντα
938 4656 1173 4724 ήμέραις
1206 4655 1350 4722 ὑπὲρ
1383 4654 1769 4716 πεντακοσίας-

189 4748 262 4812 ὲφ’
287 4753 518 4822 ἑκάστης
547 4756 790 4822 πέμπων
815 4754 1059 4822 γραφὰς,
1096 4751 1175 4815 είς
1193 4749 1450 4805 τοσοῦτον
1485 4750 1744 4813 εὐταξίας

191 4841 271 4892 καὶ
303 4843 619 4908 εὐπειθείας
641 4845 740 4915 τὴν
771 4843 878 4897 ὑπὸ
922 4842 1224 4912 Ῥωμαίους
1262 4843 1444 4894 πᾶσαν
1475 4842 1743 4910 κατέστης

188 4947 268 4984 σεν
298 4936 628 5005 ἠγεμονίαν,
655 4936 730 4999 ὡς
757 4935 933 4988 δοκεῖν
963 4932 1150 4986 καινὸν
1204 4931 1370 5002 μηδὲν
1402 4931 1743 5002 συμϐεϐηκέο

187 5040 284 5088 ναι,
307 5028 438 5080 ἀλλὰ
469 5029 575 5099 ζῇν
607 5029 689 5080 ἐτι
718 5027 941 5098 βασιλέα
994 5027 1087 5078 καὶ
1115 5025 1224 5087 τοῖς
1276 5025 1593 5094 πράγμασιν
1623 5025 1751 5092 ἐφε-

187 5116 386 5172 στάναι.
421 5120 596 5172 Οὐδὲν
626 5119 734 5187 γὰρ
776 5115 903 5169 οὔτε
937 5115 1132 5185 μικρὸν
1152 5110 1276 5166 οὔτε
1313 5114 1455 5183 μέγα
1483 5114 1711 5181 ἐκινήθη
1732 5126 1747 5140 ⁸

188 5206 316 5278 πλήν
349 5212 396 5262 οἱ
443 5212 594 5265 κατὰ
629 5210 921 5264 Θετταλίαν
953 5209 1105 5279 μόνοι
1139 5207 1434 5277 νεμόμενοι
1478 5205 1746 5271 Ἀλϐανοὶ,

1853 4477 2087 4543 amplius
2133 4475 2445 4546 quingentis
2495 4477 2559 4528 ad
2593 4486 2798 4528 tantum
2855 4477 3102 4530 ordinem
3141 4478 3407 4534 obedien-

1854 4567 2096 4636 tiamque
2131 4566 2433 4619 Romanum
2481 4565 2768 4634 imperium
2807 4566 3122 4619 universum
3173 4568 3404 4636 redegit,

1855 4667 1916 4712 ut
1943 4657 2077 4711 nihil
2108 4659 2234 4711 novi
2271 4658 2584 4724 contigisse.
2617 4656 2711 4709 sed
2737 4655 3035 4724 imperator
3064 4657 3243 4712 adhuc
3271 4675 3408 4713 aura

1851 4749 1997 4802 vesci
2031 4759 2085 4802 et
2119 4765 2349 4818 praeesse
2394 4749 2557 4802 rebus
2597 4747 2902 4801 videretur.
2933 4747 3079 4801 Nulli
3128 4750 3274 4803 enim
3310 4765 3409 4803 nec

1851 4839 2002 4908 parvi
2056 4855 2158 4893 nec
2199 4839 2377 4908 magni
2431 4849 2610 4892 motus
2656 4839 3058 4904 audiebantur;
3112 4838 3217 4891 nisi
3263 4840 3407 4906 quod
3475 4863 3486 4874 σ

1852 4927 2047 4981 Albani
2081 4927 2134 4979 in
2163 4926 2443 4980 Thessalia
2491 4937 2663 4979 11]οιίο
2709 4926 3058 4995 imperatoris
3112 4925 3405 4986 intellecta,

1849 5017 2559 5078 urbesillicincursabant,
2609 5026 2664 5071 et
2705 5026 3034 5087 (quanquam
3086 5031 3193 5069 non
3221 5015 3415 5068 admo-

1848 5109 2002 5179 dum)
2029 5107 2507 5178 deprzedabantur.
2561 5107 2680 5172 Quo
2725 5118 3012 5176 comperto
3057 5120 3286 5175 magnus
3312 5104 3411 5158 do-

1849 5201 2111 5256 mesticus
2166 5215 2328 5271 quam
2387 5199 2625 5269 primum
2687 5208 2756 5251 eo
2820 5199 3071 5252 nuntium
3141 5198 3406 5262 expedit:

1448 5335 1662 5398 Jacobi
1695 5333 1957 5397 Pontani
1993 5341 2182 5395 noue.

241 5472 352 5537 (36)
388 5471 666 5538 Compara
695 5467 959 5538 haeccum
982 5464 1068 5538 iis,
1095 5477 1225 5538 quas
1247 5460 1611 5538 ilhpﬁf-i-Cnllllq,
1644 5474 1738 5512 seu

180 5538 227 5592 in
249 5529 488 5608 epistola
531 5529 872 5606 responsoria
903 5529 1227 5608 Christolluli
1257 5529 1530 5608 atl:_N-llllill
1558 5531 1750 5608 dicun-

179 5621 272 5662 tur.
294 5600 392 5661 ἈιΙ
433 5614 558 5669 hoc,
602 5600 696 5661 non
727 5608 826 5659 ista
872 5623 904 5658 a
937 5603 1223 5674 majoribus
1254 5602 1431 5665 didici,
1462 5608 1551 5652 aut
1591 5600 1751 5668 fama:

179 5683 425 5741 {ubttlisve
456 5681 668 5744 ineptis,
701 5689 808 5732 etc.

1928 5458 2037 5526 (87)
2076 5456 2332 5510 Conferes
2364 5453 2525 5526 etiam
2571 5454 2716 5526 hunc
2741 5452 2921 5526 locum
2970 5464 3090 5502 cum
3139 5449 3264 5512 illis,
3292 5463 3416 5526 qtae

1857 5521 1983 5582 sunt
2021 5521 2075 5579 in
2124 5534 2364 5578 extrema
2403 5523 2625 5590 epistola
2671 5521 2793 5573 Nili.
2827 5521 3154 5588 Quapromcr
3194 5529 3247 5571 ut
3293 5521 3416 5587 plu-

1857 5602 2041 5650 rimurn
2076 5598 2318 5648 humanm
2342 5592 2458 5644 vita:
2483 5592 2900 5644 commodatur-us
2956 5598 3062 5644 etc.
