3992 6202
259 321 344 383 703
1342 319 1662 379 HISTORI
1675 318 1830 378 ΑΒΗ

1860 319 1892 379 »ι
1937 321 2170 384 LIBER
2214 326 2330 385 ιιι.
2456 290 2459 291 ί
3313 338 3436 424 ,τιο

209 446 212 448 ’
255 433 342 487 οὐκ
369 430 520 501 ὀλίγῳ
561 431 727 499 χρόνῳ
753 427 861 500 πρὸ
909 427 1008 498 τῆς
1051 429 1304 501 τελευτῆς
1337 432 1720 486 συνεϐούλευεν
1747 435 1775 486 ό

1878 449 2164 492 excessum
2240 439 2557 510 imperatori
2632 441 2922 499 consilium
2990 443 3141 500 dedit
3207 462 3436 518 magnus

253 527 403 595 μέγας
424 523 726 591 δομέστικος
760 520 909 592 αὑτῷ
958 524 1310 594 πατριάρχην
1361 527 1546 577 πεῖσαι
1589 526 1768 578 ἐπιτί-

1872 527 2228 592 duntesticus.
2295 535 2622 606 patriarcha:
2674 546 2869 591 auctor
2909 548 3073 604 esset,
3112 555 3325 608 pinnam
3381 555 3437 596 et

249 633 354 684 μιον
378 612 724 680 ἐπαπειλῆσαι
777 613 1168 702 ἀνατείνασθαι
1220 615 1314 668 καὶ
1357 616 1634 686 χωρισμὸν
1671 619 1768 686 τῆς

1868 623 2197 690 ejectiunem
2258 641 2324 680 ex
2387 626 2634 682 Ecclesia
2700 630 3092 684 intertninandi
3129 671 3144 694 ,
3197 634 3242 686 si
3311 635 3437 702 quis

246 706 535 774 Ἐκκλησίας
563 703 668 756 τῶν
695 693 926 768 πιστῶν,
956 705 1010 757 ετ
1028 722 1109 766 τις
1138 705 1584 776 τετελευτηκότος
1617 706 1769 776 βασι-

1868 713 2196 783 imperatore
2264 730 2482 774 mortuo
2538 721 2662 774 ﬁliis
2720 723 2840 792 ejus
2907 723 3308 789 insidiaretur,
3375 735 3433 780 et

245 797 361 854 λέως
387 793 770 854 έπιῦουλεύσειε
801 796 916 856 τοῖς
959 794 1174 848 ἐκείνου
1200 800 1380 860 παισὶ,
1413 798 1505 852 καὶ
1534 797 1634 866 τὴν
1654 798 1768 868 ,βα-

1868 805 2151 874 imperium
2189 809 2298 864 illis
2325 811 2531 866 nefarie
2577 813 2845 868 adimeret
2877 829 2892 866 :
2919 813 3241 884 addiditque
3294 831 3421 882 per-

244 885 419 936 σιλείαν
451 882 733 954 παρέλοιτο
774 883 972 947 ἀδίκως
995 901 1010 917 ο
1045 884 1250 955 ἔφασκέ
1280 905 1338 940 τε
1389 888 1598 941 πείθειν
1641 891 1762 942 ὲπι-

1865 898 2129 953 suadendi
2182 915 2346 956 causa
2375 943 2390 966 ,
2449 903 2586 958 nihil
2629 904 2890 958 indecens
2943 915 3038 958 aut
3084 905 3424 974 inepinatum

240 973 410 1044 χειρῶν
436 975 506 1034 ὡς
551 975 695 1026 οὐδὲν
729 975 945 1028 ἔσονται
993 975 1220 1030 τοιαῦτα
1271 978 1605 1046 πράττοντες
1655 981 1763 1034 τῶν

1863 991 2150 1056 facturos;
2183 992 2486 1062 quinetiam
2525 1009 2636 1048 non
2669 995 2880 1049 modice
2915 995 3040 1048 ﬁliis
3088 998 3425 1064 profuturos,

239 1068 423 1119 ἀτόπων
469 1066 817 1134 εἰργασμένοι
884 1068 978 1120 καὶ
1044 1069 1414 1138 παραλόγωνο
1473 1071 1608 1126 ἀλλά
1665 1073 1760 1126 καὶ

1862 1082 1904 1134 si
1937 1082 2067 1150 quid
2101 1082 2422 1138 humanitus
2448 1085 2582 1154 ipsis
2611 1088 2924 1140 accidisset.
2960 1087 3243 1141 Neminem
3277 1090 3423 1141 enim

237 1156 472 1223 ὠφέλειαν
497 1158 554 1208 οὐ
575 1159 780 1226 μικράν
805 1175 928 1211 τινα
956 1160 1288 1230 παρέξονται
1324 1165 1433 1226 τοῖς
1473 1164 1658 1218 παισὶν
1699 1166 1760 1218 ἐκ

1865 1175 2129 1240 ρταιεοίτε
2166 1174 2311 1228 diem
2345 1175 2622 1241 ultimum,
2672 1179 2974 1246 praesertim
3008 1171 3156 1248 ipsos
3209 1192 3424 1246 semper

235 1248 466 1300 τούτουεί
494 1265 543 1300 τι
573 1249 815 1301 τοιοῦτον
855 1250 1099 1320 συμῦαίη
1155 1254 1284 1321 περὶ
1340 1254 1559 1318 αὐτούς.
1619 1257 1758 1310 Πᾶσι

273 1341 284 1352 .
406 1341 415 1352 .
496 1339 601 1352 ...
738 1335 760 1352 ν
919 1342 930 1352 .
1044 1343 1066 1352 -
1115 1342 1138 1352 -
1233 1343 1244 1352 .
1439 1345 1470 1352 .-
1605 1349 1616 1352 _
1682 1347 1692 1352 -

1861 1263 2037 1326 bellis,
2063 1279 2185 1318 cum
2212 1265 2454 1334 periculo
2489 1267 2753 1352 distentos
2789 1284 2800 1319 ε
2846 1279 2902 1323 et
2937 1285 3093 1337 posse
3127 1277 3423 1338 utrumque

237 1341 320 1408 μὲν
363 1341 462 1408 γὰρ
487 1339 676 1408 ἄδηλον
710 1335 850 1393 εἶναι
881 1342 942 1393 τὸ
978 1343 1070 1394 τοῦ
1113 1342 1347 1398 θανάτου
1393 1345 1567 1410 τέλος,
1595 1347 1756 1400 ὁπότε

1859 1370 2049 1408 eorum
2085 1355 2138 1408 in
2184 1357 2378 1410 eodem
2413 1335 2599 1426 praeli'o
2627 1359 2994 1424 occumbere;
3040 1359 3176 1413 male
3207 1369 3426 1415 curatos

233 1431 362 1497 ἧξεν
392 1429 608 1498 μάλιστα
635 1429 693 1482 δὲ
743 1430 924 1494 αὐτοῖς
949 1433 1036 1485 ἀεὶ
1067 1436 1194 1503 περὶ
1246 1436 1424 1505 μάχας
1457 1438 1550 1488 καὶ
1580 1438 1758 1491 κινδύ-

1861 1447 2093 1517 relinqui
2158 1449 2319 1513 ﬁlios,
2375 1450 2467 1518 qui
2525 1464 2626 1504 nec
2675 1451 2781 1504 sibi
2829 1450 2961 1520 ipsis
3003 1460 3222 1520 pmpter
3251 1453 3423 1507 aetatis

231 1536 333 1581 νους
352 1518 725 1588 ἡσχηλημένοις
743 1536 756 1549 ⁸
789 1522 881 1572 καὶ
911 1522 1063 1575 οὐδὲν
1091 1520 1353 1578 εἶναιτῶν
1377 1527 1674 1594 ἀδυνάτων,
1708 1531 1754 1582 εί

1859 1539 2294 1594 imbecillitatem
2343 1539 2488 1596 ferre
2519 1556 2677 1610 Opem
2729 1543 3004 1612 poterint;
3051 1559 3152 1597 nec
3182 1543 3421 1597 habituri

230 1611 310 1663 καὶ
352 1611 670 1680 ἀμφοτέροις
705 1611 891 1675 αὐτοῖς
933 1615 1178 1684 συμϐαίη
1230 1618 1361 1687 περὶ
1415 1620 1545 1688 μίαν
1577 1621 1756 1691 μάχην

1855 1632 1986 1695 sint,
2018 1633 2111 1702 qui
2141 1648 2237 1688 eos
2263 1634 2477 1689 sincere
2496 1650 2558 1689 ac
2576 1634 2815 1703 legitime
2846 1642 3084 1689 tueatur.
3119 1636 3422 1706 Imperator

227 1702 402 1754 πεσεῖν.
432 1700 487 1752 Εί
512 1700 565 1753 δὲ
587 1701 747 1754 τοῦτο
774 1704 1008 1770 γένοιτο,
1041 1705 1410 1776 ἀπρονοήτους
1439 1712 1753 1764 παντάπασι

1857 1721 2044 1784 reniti,
2066 1723 2211 1792 quod
2245 1723 2368 1794 pius
2389 1736 2533 1779 esset
2559 1725 2748 1790 animi,
2787 1727 3421 1794 putarelqueconvenire

159 1816 161 1819 ·
225 1791 476 1861 συμϐαίνει
530 1791 817 1846 λείπεσθαι
877 1796 1004 1857 τοὺς
1065 1798 1286 1863 παῖδας,
1347 1800 1476 1869 μήθ’
1538 1803 1735 1866 ἑαυτοῖς

1855 1813 2026 1882 magis
2085 1814 2139 1868 in
2196 1815 2566 1885 omnipotenti
2637 1816 2857 1869 dextera
2898 1818 3130 1870 salutem
3185 1817 3418 1870 ﬁliorum

221 1885 419 1954 ἀμύιειν
441 1885 521 1938 διὰ
553 1887 864 1956 νηπιότητα
884 1887 1226 1958 δυναμένοις,
1255 1893 1380 1963 μήθ’
1410 1892 1593 1962 ἕτερόν
1630 1913 1748 1948 τινα

1853 1918 2144 1972 reponere,
2185 1919 2350 1974 quam
2405 1905 2470 1957 ad
2510 1904 2803 1960 ﬁculneum
2851 1907 3116 1960 auxilium
3177 1909 3413 1961 humana

220 1975 412 2046 ἔχοντας
455 1977 539 2029 τὸν
586 1980 1039 2049 προστησόμενον
1075 1985 1318 2051 γνησί‹-ς
1372 1986 1464 2038 καὶ
1523 1987 1748 2052 ἀδόλως.

1851 1995 2183 2065 cogitatione
2209 1997 2492 2051 inventum
2514 1999 2817 2066 respicere;
2849 1998 3174 2068 intelligeret
3201 2011 3421 2068 przeter-

221 2068 440 2130 Βασιλεὺς
481 2068 557 2135 δὲ,
593 2073 702 2123 οὐκ
758 2072 1009 2127 ἐπείθετο
1047 2075 1249 2145 ῥᾳδίως
1288 2075 1512 2148 γνώμης
1565 2097 1619 2132 τε
1673 2081 1748 2134 ὢν

1849 2100 1914 2139 ea
1944 2103 1971 2138 a
2004 2086 2382 2156 superim—ibus
2432 2089 2860 2158 imperatoribus
2899 2090 3096 2143 similia
3114 2092 3418 2159 exco'gitata

219 2160 412 2230 ἀγαθῆς,
443 2164 531 2216 καὶ
585 2162 797 2232 μᾶλλον
857 2165 1104 2235 οἰόμενος
1153 2170 1449 2239 προσήκειν
1501 2173 1594 2224 ἐπὶ
1650 2173 1748 2246 τὴν

1937 2193 2041 2240 sse,
2109 2194 2211 2233 nec
2260 2180 2551 2248 profuisse.
2606 2181 2674 2236 Et
2724 2180 3078 2251 adjungebat,
3117 2191 3210 2234 aut
3245 2182 3415 2236 Deum
3511 2203 3513 2206 ‘

221 2257 359 2310 πάντα
381 2259 684 2328 δυναμένην
699 2261 881 2326 δεξιὰν
905 2263 1000 2326 τὰς
1029 2266 1251 2330 ἐλπίδας
1280 2268 1378 2337 τῆς
1405 2269 1512 2322 τῶν
1539 2272 1746 2325 παίδων

1849 2268 1918 2322 ab
1956 2268 2069 2322 alto
2117 2269 2414 2323 salutarem
2473 2285 2692 2322 manum
2735 2271 3143 2335 extendentem,
3183 2280 3277 2325 aut
3321 2287 3417 2340 p0-

224 2347 449 2419 σωτηρίας
479 2348 648 2419 ἔχειν,
691 2349 724 2420 ἢ
754 2350 890 2420 πρὸς
919 2355 1143 2424 συκίνην
1173 2356 1494 2427 ἐπικουρίαν
1543 2361 1638 2431 τὴν
1687 2359 1745 2426 ἐξ

1847 2361 2071 2414 tentiam
2099 2362 2206 2416 sibi
2241 2362 2379 2416 bene
2408 2362 2771 2431 cupientium,
2802 2362 3037 2417 devictis
3061 2364 3409 2426 adversariis,

146 2485 151 2490 ,
219 2433 518 2507 ἀνθρωπίνης
567 2439 820 2502 ἐπινοίας
862 2441 1214 2508 ἀποϐλέπειν,
1262 2448 1505 2516 συνορῶν
1533 2449 1608 2511 ὡς
1648 2468 1717 2504 κει.

1843 2466 2036 2506 eorum
2064 2453 2132 2508 ad
2181 2455 2436 2524 injuriam
2479 2439 2824 2508 inferendam
2867 2455 3102 2524 impetus
3133 2472 3413 2526 repressu-

217 2528 302 2589 τοῐς
327 2531 419 2596 πρὸ
471 2531 708 2584 ἐκείνων
767 2533 1047 2602 βασιλεῦσι
1077 2537 1301 2591 τοιαῦτα
1347 2542 1742 2612 ἐπινενοημένα

1842 2559 1978 2598 ram.
2004 2544 2341 2608 Jnramcnta,
2394 2556 2448 2599 et
2473 2547 2716 2612 vincula,
2765 2557 2814 2602 et
2857 2563 3197 2616 quacunque
3242 2548 3411 2616 hujus

216 2615 386 2685 ὤνησαν
411 2620 580 2684 οὐδὲν,
636 2621 849 2690 ἔφασκέ
880 2641 934 2676 τε
986 2624 1061 2687 ὠς
1105 2626 1136 2696 ἢ
1171 2626 1303 2690 Θεὸς
1347 2629 1553 2683 ἀνωθεν
1583 2637 1740 2703 χεῖρα

1840 2633 2056 2702 generis
2111 2634 2244 2686 nihil
2316 2637 2673 2703 perterritura
2733 2651 2830 2690 eos
2864 2675 2880 2699 ,
2945 2636 3037 2704 qui
3092 2651 3158 2690 ex
3215 2637 3409 2692 alienis

221 2705 443 2770 σώζουσαν
490 2710 806 2780 ὑπερέχων,
850 2714 881 2780 ἢ
934 2714 1038 2766 τῶν
1072 2716 1202 2786 ἡμῖν
1237 2717 1411 2770 εὔνων
1442 2721 1474 2790 ἡ
1510 2720 1739 2792 δύναμις

1839 2727 2207 2782 incommodis
2255 2745 2352 2784 sua
2386 2745 2709 2800 comparare
2758 2730 3047 2786 commoda
3092 2733 3405 2788 statuerint.

214 2796 258 2847 ἀν
276 2799 362 2850 τῶν
387 2802 637 2855 ἐναντίων
671 2802 914 2873 ὑπερέχῃ
943 2806 1039 2865 τὰς
1063 2805 1172 2860 τῶν
1201 2809 1408 2862 ἀδικεῖν
1440 2811 1734 2869 ἐθελόντων

1838 2818 2048 2875 Idcirco
2083 2821 2473 2875 abstinendum
2512 2796 2634 2877 hoc
2685 2823 2939 2892 negotio,
2964 2833 3022 2877 ut
3071 2839 3178 2878 non
3230 2825 3404 2879 solum

213 2883 258 2934 iv
282 2889 544 2944 κωλύσειεν
593 2895 810 2962 ὁρμάς·
845 2896 996 2964 ὅρκοι
1045 2897 1100 2950 δὲ
1142 2898 1238 2951 καὶ
1274 2899 1466 2970 δεσμοὶ
1505 2907 1601 2959 καὶ
1634 2907 1734 2960 ὅσα

1838 2908 1970 2979 ipsis
2011 2909 2214 2976 inutili,
2267 2913 2360 2966 sed
2417 2914 2629 2968 caeteris
2681 2916 2848 2967 etiam
2903 2929 3012 2968 non
3057 2914 3407 2970 mediocriter

207 2981 539 3050 παραπλήσια,
571 2983 736 3036 οὐδὲν
765 2985 830 3037 ἄν
860 2987 1183 3057 ὲκφοϐᾒσειε
1220 2991 1347 3054 τοὺς
1392 2993 1730 3053 πλεονεκτεῖν

1837 3003 2122 3070 nocituro;
2158 3014 2347 3072 utpote
2372 3010 2568 3074 prarter
2599 3019 2790 3072 ρωπος
2816 3005 2888 3058 ob
2923 3005 3168 3073 rapinam
3191 3005 3409 3059 debitas

206 3072 593 3171 appgpqpépoug.
625 3074 724 3171 Διὸ
759 3077 848 3127 καὶ
887 3077 987 3145 τῆς
1016 3080 1274 3151 τοιαύτης
1304 3085 1555 3154 πράξεως
1592 3090 1726 3142 ἀπο·
1759 3113 1782 3171 ί

1835 3094 1998 3148 etiam
2022 3093 2422 3163 dirispreeibus
2455 3109 2482 3147 a
2513 3095 2696 3147 divina
2731 3096 3125 3165 conjunctione
3149 3098 3402 3152 seclusis.

203 3155 402 3224 σχέσθαι,
430 3159 501 3224 ὡς
523 3163 584 3214 οὐ
619 3161 790 3232 μόνον
817 3164 970 3218 οὐδὲν
997 3168 1126 3236 ἡμῖν
1155 3169 1561 3246 λυσιτελούσης,
1595 3178 1730 3234 ἀλλᾶ
1760 3155 1779 3171 ‘

1834 3185 2060 3250 Magnus
2090 3185 2423 3239 domesticus
2473 3185 2701 3246 instare.
2754 3199 3055 3256 rogareque
3103 3188 3264 3258 352
3297 3190 3405 3244 hu-

138 3313 142 3317 .
201 3253 274 3352 καὶ
298 3252 484 3352 ἑτέροις
510 3257 570 3309 οὐ
593 3257 700 3326 τὴν
726 3259 994 3331 τυχοῦσαν
1026 3261 1230 3333 βλάὄην
1259 3266 1562 3340 δυναμένης
1593 3290 1714 3344 προ·

1826 3278 2068 3346 jusmodi
2121 3277 2305 3330 verbis
2368 3289 2680 3352 parceret”
2719 3252 2844 3332 sibi.
2881 3279 3088 3334 utiliter
3140 3296 3205 3334 ac
3255 3282 3401 3350 juste

197 3337 334 3439 ξενεῖν
359 3341 439 3398 οἷα
463 3347 524 3418 δὴ
556 3348 704 3418 πρὸς
727 3349 805 3420 τῷ
833 3350 989 3416 δίκας
1023 3354 1122 3424 τῆς
1164 3357 1423 3429 ἁρπαγῆς
1469 3337 1726 3431 ὀιρείλειν,

1826 3337 2143 3422 consulenti
2190 3378 2426 3436 pareret.
2465 3369 2530 3423 Et
2579 3337 2993 3437 importunitate
3020 3369 3166 3439 quod
3207 3337 3399 3436 vdluit,

197 3432 275 3484 καὶ
297 3439 718 3507 κεχωρισμένοις
748 3441 857 3495 ἀπὸ
890 3442 1046 3500 Θεοῦ.
1083 3445 1142 3501 Ὀ
1185 3452 1362 3517 μέγας
1390 3451 1447 3505 δὲ
1478 3439 1729 3523 δομέστι-

1828 3458 2030 3522 elfecit,
2088 3432 2206 3510 non
2239 3458 2310 3512 ita
2378 3467 2559 3512 tamen
2614 3432 2672 3512 ut
2736 3460 3086 3527 profuturum
3148 3463 3400 3516 crederet

192 3537 265 3586 κος
287 3526 373 3579 οὐκ
399 3529 518 3600 ἀνίη
544 3530 896 3602 βιαζόμενος,
925 3535 1041 3589 ἀλλ’
1075 3538 1243 3593 ἐδεῖτο
1267 3542 1376 3594 τῶν
1423 3545 1522 3614 μὲν
1547 3547 1725 3600 τοιού-

1827 3546 2148 3614 imperator,
2195 3546 2242 3600 si
2298 3547 2494 3613 ﬁeret;
2546 3564 2734 3602 verum
2783 3549 3098 3618 anticipata:
3153 3551 3395 3620 opinioni

189 3628 275 3708 των
289 3617 457 3708 λόγων
482 3623 854 3690 ἀποσχέσθαι,
896 3627 1045 3698 αὐτῷ
1077 3629 1133 3682 δὲ
1163 3631 1444 3688 πείθεσθαι
1469 3639 1544 3698 ὡς
1577 3637 1726 3693 λυσι-

1825 3653 1940 3693 θυαε
1971 3638 2181 3702 aﬁixus,
2209 3638 2466 3707 quoniam
2493 3639 2598 3703 ,ille
2646 3639 3000 3708 profuturum
3028 3642 3306 3704 censebat.
3340 3644 3397 3698 in

187 3702 405 3801 τελοῦντα
453 3714 546 3764 καὶ
607 3713 792 3767 δίκαια
849 3714 1224 3792 βουλευομένῳ
1250 3737 1266 3754 ⁸
1309 3729 1403 3778 καὶ
1443 3727 1629 3782 ἔπεισέ
1659 3749 1722 3799 γε

1825 3731 2063 3801 speciem
2135 3745 2391 3784 assensus
2459 3737 2575 3792 est,
2641 3729 3022 3800 accersitoque
3084 3733 3395 3800 patriarcha

188 3791 493 3866 βιασάμενος,
520 3804 584 3856 οὐ
600 3804 644 3856 δ’
666 3803 808 3857 οὕτω
839 3806 938 3876 μὲν
963 3791 1343 3881 πεπεισμένων
1366 3815 1441 3880 ὠς
1469 3791 1720 3892 λυσιτελῆ

1823 3791 1946 3876 cum
1990 3820 2268 3890 episc0pis
2299 3829 2570 3890 quotquot
2609 3820 2852 3892 Byzantii
2893 3791 3280 3890 versabantur,
3337 3836 3393 3881 et

183 3884 623 3988 td'npanégsva
679 3894 784 3963 εἴη,
838 3894 974 3949 ἀλλὰ
1027 3901 1126 3969 τῆς
1181 3898 1415 3973 ἐξαρχῆς
1461 3884 1721 3978 ἐχόμενον

1823 3930 1944 3984 quae
1996 3915 2228 3969 decebat
2279 3913 2347 3968 de
2416 3929 2475 3968 re
2534 3913 2750 3971 locutus
2785 3930 2802 3968 :
2835 3914 3111 3970 declarata
3172 3917 3394 3988 insuper

182 3976 390 4047 γνώμης.
444 3985 540 4035 Διά
608 3983 666 4035 δὲ
716 3987 778 4036 τὸ
813 3985 989 4041 δοκεῖν
1043 3991 1242 4062 ἐκείνῳ
1291 3976 1592 4052 λυσιτελεῖν
1627 4002 1721 4054 καὶ

1823 4005 1997 4075 palam
2029 4005 2301 4059 sententia
2351 4019 2470 4069 sua,
2497 4004 2599 4059 sibi
2651 4004 2875 4073 quidem
2914 4019 3028 4058 rem
3077 4020 3258 4074 neque
3295 4024 3387 4060 ne-

179 4067 350 4123 ἀκοντα
386 4076 762 4145 πεπεισμένον
788 4095 802 4110 ⁸
848 4082 942 4135 καὶ
974 4082 1066 4134 τὸν
1096 4087 1442 4158 πατριάρχην
1485 4106 1719 4158 μετακα-

1821 4097 2138 4161 cessariam,
2193 4111 2370 4166 neque
2418 4096 2824 4150 conducibilem
2858 4097 3030 4150 videri
3078 4099 3210 4167 (non
3243 4101 3390 4152 enim

180 4159 440 4232 λεσάμενος
469 4168 568 4220 καὶ
595 4169 714 4222 ὅσοι
738 4171 848 4224 τῶν
882 4173 1182 4243 ἀρχιερέων
1210 4175 1268 4227 ὲν
1299 4176 1578 4250 Βυζαντίῳ
1596 4182 1718 4234 τότε

1819 4189 2061 4244 cohiberi
2098 4203 2255 4257 posse
2297 4188 2677 4242 insidiatorum
2708 4188 3076 4257 cupidinem),
3108 4199 3285 4244 tamen
3323 4207 3389 4244 ne

178 4260 522 4328 παρῇσαν,καὶ
553 4265 664 4317 ὃσα
685 4261 751 4335 ἦν
767 4267 911 4330 είκὸς
937 4268 1238 4338 διαλεχθεὶς
1261 4275 1390 4342 περὶ
1427 4274 1519 4328 τοῦ
1543 4280 1720 4346 πράτ-

1891 4279 2163 4334 istimetur
2187 4294 2290 4334 suo
2321 4289 2537 4332 tantunt
2573 4279 2784 4348 judicio
2812 4281 3082 4352 obsequi,
3131 4281 3226 4336 sed
3256 4283 3390 4337 alio—
3445 4304 3465 4320 -

175 4363 334 4439 ματος,
349 4355 439 4407 καὶ
455 4354 554 4425 τὴν
575 4356 804 4426 γνώμην
826 4360 1064 4428 φανερὰν
1085 4363 1336 4432 ποιήσας,
1361 4364 1598 4438 ὠςαὺτῷ
1619 4369 1719 4438 μὲν
1747 4433 1751 4439 η

1896 4385 1946 4422 m
1974 4384 2190 4439 quoque
2241 4369 2492 4424 consiliis
2519 4373 2734 4432 cedere,
2788 4381 2843 4426 et
2896 4387 3090 4426 manus
3118 4373 3271 4437 dare,
3331 4384 3387 4428 et
3467 4411 3471 4416 η

177 4437 277 4492 οὗτε
314 4447 614 4514 ἀναγκαῖον
629 4447 753 4501 οὔτε
793 4449 1066 4514 λυσιτελὲς
1107 4431 1255 4507 δοκεῖ
1281 4455 1341 4509 τὸ
1375 4431 1716 4528 πρᾶγμα-ὀὑ
1747 4432 1753 4490 ί

1829 4477 1942 4515 rem
1999 4461 2105 4515 illis
2158 4461 2521 4515 committere.
2588 4460 2820 4516 Proinde
2852 4462 3140 4518 anathema
3193 4465 3246 4518 in
3289 4479 3392 4520 eos

176 4532 264 4600 γὰρ
291 4536 583 4608 ἐπισχήσει
618 4540 717 4602 τὰς
739 4540 918 4611 ὁρμὰς
943 4544 1050 4596 τῶν
1089 4543 1392 4600 ἑπισούλων
1419 4563 1434 4579 ο
1457 4549 1530 4611 ὡς
1556 4550 1623 4604 ἂν
1659 4552 1716 4606 δὲ

1825 4549 2034 4614 dicant,
2064 4549 2153 4616 qui
2191 4564 2252 4603 se
2295 4546 2511 4603 mortuo
2541 4547 2681 4602 ﬁlios
2707 4549 2826 4619 ejus
2866 4565 2965 4619 per
2994 4553 3174 4606 scelus
3202 4553 3391 4606 adori-

178 4621 238 4691 μὴ
256 4625 423 4697 δοκοίη
445 4633 561 4692 τοῖς
594 4633 872 4702 σφετέροις
901 4636 1082 4702 μόνοις
1105 4636 1385 4691 πείθεσθαι
1414 4640 1716 4712 λογισμοῖς,

1825 4652 2035 4698 rentur.
2063 4641 2375 4697 Patriarcha
2398 4641 2550 4711 jussa
2599 4642 2834 4711 complet
2858 4657 2874 4706 ;
2899 4651 2952 4697 et
2981 4643 3084 4698 hac
3122 4644 3391 4699 nimirum

170 4712 284 4766 ἀλλά
308 4721 397 4770 xui
427 4719 643 4791 ἑτέροις
684 4720 1113 4790 συμϐουλεύουσι
1146 4730 1522 4797 παραχωρεῖν,
1553 4732 1716 4785 αὐτόν

1823 4735 1891 4792 de
1928 4751 2091 4789 causa
2148 4744 2270 4804 post
2297 4734 2418 4803 ejus
2448 4734 2657 4788 obitum
2707 4743 2964 4805 oportere
3013 4751 3072 4791 se
3125 4748 3380 4806 tanquam

173 4817 220 4852 τε
249 4810 526 4863 πεπεῖσθαι
583 4812 678 4863 καὶ
722 4814 903 4880 σφίσιν
958 4815 1292 4883 ἐπιτρέπειν,
1341 4819 1558 4873 ἐκέλευε
1617 4824 1709 4875 τὸν

1820 4829 2057 4882 ﬁliorum
2093 4837 2328 4880 tutorem
2361 4834 2442 4895 (et
2465 4827 2764 4894 praesertim
2798 4827 2926 4897 quia
2949 4828 3190 4884 Joannes
3215 4830 3394 4902 impe-

169 4894 442 4969 ἀφορισμδν
473 4904 623 4956 κατὰ
640 4904 748 4958 τῶν
779 4907 917 4973 μετά
950 4907 1046 4978 την
1079 4909 1287 4962 ἐκείνου
1316 4910 1575 4984 τελευτὴν
1596 4917 1709 4979 τοῖς

1817 4929 1968 4974 ratur
2025 4917 2320 4973 admodum
2386 4932 2522 4987 puer
2583 4917 2807 4984 adhuc,
2863 4934 3056 4973 novem
3116 4921 3384 4978 duntaxat

167 4990 331 5043 παισὶν
356 4993 554 5058 ἀδίκως
588 4995 1002 5068 ἐπιθησομένων
1031 5001 1329 5070 ἑκφωνεῖν·
1358 5004 1452 5056 καὶ
1477 5007 1709 5062 ἐτελεῖτο

1812 5024 1988 5064 anm-s
2030 5018 2188 5063 natus
2220 5016 2335 5062 erat
2381 5006 2492 5076 (90)
2534 5007 3034 5076 )gnbernationem
3089 5007 3385 5076 attingere,

165 5095 295 5149 παρα
339 5084 748 5163 πατριάρχουῇ
797 5091 1160 5162 προσέταττεν
1215 5097 1242 5148 ὁ
1298 5094 1574 5165 βασιλεύς.
1610 5101 1705 5155 Διά

1813 5111 1870 5155 et
1903 5099 2311 5154 adolescentulo
2353 5099 2676 5168 imperatori
2728 5097 3018 5167 imperium
3053 5113 3384 5153 conservare

161 5171 315 5262 ταῦτα
347 5175 410 5247 δὴ
445 5179 591 5246 μετά
619 5181 713 5251 τὴν
754 5181 964 5234 ἐκείνου
997 5183 1274 5255 τελευτὴν,
1298 5187 1326 5238 ὁ
1357 5190 1710 5262 πατριάρχης

1816 5192 2167 5248 existimavit.
2202 5193 2279 5246 Ac
2306 5191 2548 5260 suscepit
2591 5190 2814 5259 quidem
2847 5191 2937 5245 ille
2963 5191 3377 5258 rempublicam,

156 5258 294 5335 ᾠήθη
310 5265 436 5335 δεῖν,
449 5262 539 5321 οἷα
559 5270 738 5342 δὴιτῶν
759 5270 1022 5340 βασιλέως
1045 5272 1248 5326 παίδων
1265 5277 1461 5344 φύλαξ,
1475 5258 1650 5343 ἄλλως
1665 5258 1712 5332 θ’

1818 5283 2189 5355 paulatimque
2255 5288 2430 5335 semet
2475 5258 2555 5333 Vin
2613 5258 2990 5348 principatum
3047 5280 3387 5347 intrudens,

156 5352 226 5404 ὅτι
270 5358 359 5409 καὶ
386 5359 416 5410 ὁ
460 5359 557 5413 τοῦ
593 5360 861 5430 βασιλέως
929 5364 1059 5426 παῖς
1101 5363 1351 5438 Ἰωάννης
1381 5369 1411 5422 ὁ
1444 5368 1698 5439 βασιλεὺς

1818 5352 1990 5430 latere
2019 5375 2230 5429 studuit
2249 5389 2412 5444 quam
2445 5373 2678 5426 maxime
2706 5373 2883 5441 potuit
2902 5390 2916 5427 :
2935 5371 3079 5441 quod
3109 5381 3383 5427 metueret

1379 5526 1595 5588 Jacobi
1632 5529 1897 5597 Pontani
1931 5539 2116 5596 noue.

354 5637 516 5723 Patre
547 5647 1074 5727 morienteloannes
1093 5649 1554 5727 Palmologusnon
1614 5656 1733 5727 plus
1769 5678 1787 5716 ι

1807 5679 1963 5719 ovem
2023 5674 2196 5716 annos
2250 5667 2411 5713 natus
2460 5667 2598 5712 erat.
2669 5655 2802 5713 Huic
2845 5657 3025 5725 crede,
3080 5669 3136 5714 ct
3187 5659 3381 5716 falsum

154 5718 266 5771 Puta
297 5708 611 5780 Laonicum,
648 5718 738 5787 qui
769 5719 818 5773 ei
843 5720 1126 5776 duodecim
1153 5708 1564 5779 annosutribuit.
1614 5708 1732 5727 ΓἾ
1769 5708 1963 5719 Mm"
2023 5708 2193 5716 mm"
