3992 6202
575 330 674 395 711
1767 323 2092 385 JOANNIS
2131 326 2151 383 (

2161 325 2656 388 IANTACUZENI
3651 307 3737 372 ἨΞ

570 464 642 504 ne
674 445 852 516 magni
899 445 1192 500 domestici
1231 444 1490 499 tumulum
1541 458 1600 499 se
1649 457 1771 497 esse
1805 442 1860 496 in
1911 441 2145 512 regenda

2177 457 2222 505 Α
2251 445 2332 498 ἔτι
2367 449 2558 518 νήπιος
2591 441 2683 516 ἧν,
2718 426 2846 513 άρτι
2878 435 3134 506 παιδικῆς
3175 433 3411 504 ἡμμένος
3437 429 3642 501 ἡλικίας,
3665 432 3738 503 ετη

579 539 860 607 republica
890 537 1066 606 palam
1101 546 1398 591 constaret.
1433 536 1501 590 Et
1531 551 1655 590 cum
1686 535 1789 588 alia
1833 535 1882 587 ei
1923 535 2145 588 inimica

2248 535 2438 608 γάρῇιν
2466 537 2705 606 γεγονὼς
2736 535 2910 597 ἐννέα,
2951 526 3313 584 ἀν’ἓάπτεσθαι
3337 526 3438 578 τῶν
3459 529 3743 592 πραγμᾶτων

579 631 853 692 faciebat,
916 638 1032 682 tum
1085 629 1405 682 sodalitium
1458 644 1524 681 ex
1581 629 1776 681 aulicis
1825 628 2146 700 proceribus

2249 633 2342 686 καὶ
2378 635 2476 699 τὴν
2513 627 2791 700 βασιλείαν
2840 621 3222 685 συνδιασώζειν
3277 616 3353 686 τῷ
3407 618 3501 685 νέῳ
3547 615 3743 683 βασιλεῖ·

571 723 864 784 eonllabat,
905 721 1191 790 multaque
1241 721 1576 786 amplissima
1621 721 1888 774 beneficia
1922 719 2147 788 promit-

2249 724 2343 776 καὶ
2380 719 2584 791 ἥπτετό
2619 735 2682 787 γε
2716 715 2919 778 αὐτῶν,
2953 711 3236 766 λανθάνειν
3275 705 3548 774 ἐπιχειρῶν
3572 703 3634 763 ὡς
3671 707 3748 768 μά-

577 817 763 877 tebat,
825 816 870 868 si
931 815 1064 884 ipsis
1126 813 1463 867 admittiSIris
1516 829 1700 868 rerum
1777 813 2143 883 principatum

2245 816 2404 867 λιστα
2441 813 2566 880 ἐνῆν
2599 810 2863 864 καὶκατὰ
2906 805 3103 877 μικρὸν
3137 799 3446 872 ἐμϐιϐάζων
3485 795 3650 847 ἑαυτὸν
3690 795 3750 857 είς

576 909 1000 976 adipisceretur.
1060 907 1334 959 Prazterca
1387 917 1528 961 totos
1563 906 1703 968 dies,
1733 915 1789 958 et
1837 904 1904 958 ad
1933 904 2148 957 medias

2250 909 2348 977 τὴν
2383 906 2582 976 ἀρχήν.
2629 903 2851 956 Ἐδεδίει
2885 900 2996 970 γάρ
3036 895 3288 965 γενέσθαι
3325 892 3544 961 φανερδς
3577 889 3751 941 ἀντιπ-

576 1013 764 1054 noctes
787 999 838 1050 in
867 999 1065 1066 palatio
1095 997 1351 1052 haerebat.
1385 998 1522 1052 lliuc
1543 1011 1770 1066 magnus
1792 995 2147 1061 domesticus,

2249 997 2596 1066 λιτευόμε·.ος
2643 995 2720 1062 τῷ
2783 993 3004 1061 μεγάλῳ
3056 987 3390 1057 δομεστίκῳ·
3446 983 3530 1033 xli.
3573 980 3683 1033 άλὶα
3709 994 3750 1030 τε

579 1093 698 1160 ejus
730 1091 966 1160 cogitata
1021 1089 1311 1155 olfaciens,
1349 1099 1405 1143 et
1445 1089 1716 1159 imprimis
1762 1104 1792 1142 a
1846 1089 2145 1148 nonnullis,

2252 1091 2520 1160 ἔπραττεν
2544 1089 2578 1142 ὃ.
2614 1088 2713 1139 οὑκ
2739 1082 2806 1154 ἧν
2839 1082 2989 1152 αὐτῷ
3014 1081 3294 1150 ἀρέσκειν,
3326 1077 3414 1128 καὶ
3444 1073 3681 1141 ἑταιρείαν
3705 1072 3752 1123 ὲκ

576 1185 907 1254 quibuscum
939 1183 1253 1252 patriatcha
1277 1191 1498 1241 .‘arcana
1543 1195 1642 1234 sua
1667 1179 2147 1242 communicabat,

2251 1182 2358 1236 τῶν
2389 1178 2772 1250 συγκλητικῶν
2815 1177 3062 1233 συνίστα,
3097 1173 3190 1226 καὶ
3223 1169 3403 1222 ἔπειθε
3435 1166 3630 1225 πολλαῖς
3657 1164 3756 1215 ὕπο·

574 1275 642 1332 tle
671 1292 834 1330 causa
863 1275 1212 1329 molitiouum
1246 1276 1469 1334 istarum
1494 1272 1694 1326 certior
1728 1271 1924 1334 factus,
1951 1270 2149 1324 merito

2255 1277 2509 1346 σχέσεσιν
2539 1271 2687 1343 αὐτῷ
2720 1270 3097 1340 συμπράττειν
3125 1265 3198 1326 ὡς
3225 1263 3295 1314 τὰ
3326 1260 3546 1328 μέγιστα
3567 1253 3617 1310 εὖ
3638 1255 3757 1322 ποιή-

554 1371 800 1440 ,indigne
837 1369 1051 1423 ferebat
1065 1377 1119 1422 et
1135 1367 1500 1421 irascebatur.
1521 1366 1731 1419 Silehat
1755 1365 2126 1419 nihilominus

2255 1386 2362 1421 σων
2393 1370 2441 1420 εί
2470 1365 2620 1434 αὐτῷ
2663 1363 3021 1433 προσγένοιτο
3051 1357 3158 1410 τῶν
3193 1353 3527 1424 πραγμάτων
3555 1351 3583 1417 ἡ
3628 1346 3756 1416 ἀρχή.

575 1472 632 1518 et
667 1438 776 1530 quo
810 1461 1033 1513 demum
1090 1475 1180 1512 res
1213 1467 1552 1528 erumperet,
1611 1457 1957 1512 observabat.
2003 1438 2151 1511 lutet:

2254 1461 2362 1514 Kal.
2391 1455 2652 1528 διηνεκῶς
2684 1453 2953 1523 διέτριϐεν
2983 1451 3040 1502 ὲν
3078 1446 3395 1518 βασιλείοις,
3428 1439 3604 1530 νυκτὸς
3633 1438 3759 1507 μόνης

577 1554 692 1607 haec
727 1549 876 1606 aliud
909 1550 1168 1619 quiddam
1199 1550 1404 1612 evenit,
1429 1549 1575 1618 quod
1608 1551 1729 1618 ejus
1763 1553 2009 1603 animum
2039 1564 2148 1602 non

2253 1553 2348 1606 καὶ
2377 1527 2583 1619 ταύτης
2610 1547 2780 1617 μέσης
2805 1546 2989 1598 οἶκαδε
3020 1538 3339 1608 ἀναχωρῶν.
3381 1533 3470 1597 Ἐξ
3493 1527 3600 1586 ὧνὸ
3628 1531 3760 1598 μέγας

576 1645 772 1700 leviter
808 1645 1060 1713 pupugit.
1083 1643 1218 1697 Nam
1255 1643 1555 1698 Mcesorum
1587 1658 1680 1696 rex
1714 1642 2026 1696 Alexander
2050 1657 2150 1711 per

2252 1643 2574 1712 δομέστικος
2626 1635 3171 1714 καταστοχαζόμενος
3203 1629 3303 1697 τῆς
3358 1627 3448 1680 τοῦ
3485 1624 3759 1692 πατριάρχου

582 1737 798 1807 legatos
865 1737 933 1790 ab
986 1736 1356 1805 impcratrice,
1407 1745 1462 1790 et
1521 1735 1783 1790 Romanis
1835 1736 2146 1791 Sismanum

2186 1781 2221 1835 Β
2251 1733 2514 1794 διανοίας,
2560 1731 2737 1790 ἄλλως
2779 1744 2841 1780 τε
2892 1726 2986 1780 καὶ
3040 1723 3204 1775 τινῶν
3241 1721 3348 1772 τῶν
3399 1715 3761 1774 κοινωνούντων,

2298 1828 2310 1835 .
2369 1825 2393 1835 ..
2477 1827 2498 1835 -
2596 1825 2606 1835 .
2709 1823 2720 1835 .
2746 1823 2759 1835 .
2779 1821 2791 1835 ο
2973 1819 2984 1835 9
3160 1814 3236 1835 _~.\
3255 1813 3356 1835 1-.--
3461 1809 3560 1835 -f...
3590 1807 3761 1835 “unus-

576 1827 818 1882 exsulem
857 1827 1102 1897 Byzantii
1134 1825 1419 1894 (legentem
1455 1827 1695 1894 petebat,
1736 1826 2032 1887 Michaelis,
2059 1826 2146 1879 cui

2187 1807 2221 1835 Β
2253 1825 2403 1894 αὐτῷ
2435 1827 2542 1877 τῶν
2586 1821 2912 1893 ἀπορρήτων
2962 1819 3139 1882 άπαγγ
3155 1813 3418 1865 ελλίεντων
3461 1809 3560 1861 τῶν
3590 1807 3763 1874 γινομέ·

575 1929 915 1972 successerat
953 1933 1019 1970 ex
1068 1916 1332 1986 Stephani
1363 1915 1732 1971 Triballorum
1761 1916 2033 1985 principis
2060 1930 2150 1968 so-

2253 1937 2359 1972 νων
2398 1916 2494 1988 τὴν
2527 1917 2728 1978 αἰτίαν,
2775 1912 3130 1982 ἐδυσχέραινε
3181 1907 3282 1974 μὲν
3316 1905 3389 1966 ὡς
3419 1902 3575 1964 εἰκὸς,
3601 1901 3680 1952 καὶ
3717 1897 3763 1951 δι’

577 2025 702 2063 rore
760 2009 930 2062 tilium
966 2025 1125 2078 :qum
1159 2025 1188 2061 a
1245 2008 1464 2070 marito,
1516 2008 1909 2077 superinducta
1963 2022 2152 2063 sorore

2251 2010 2426 2081 ὀργῆς
2459 2010 2528 2061 τά
2555 2007 2905 2077 πραττόμενα
2929 2005 3191 2066 ἐποιεῖτο,
3227 1999 3377 2067 ὅμως
3407 1996 3463 2050 δὲ
3494 1995 3642 2064 ἔφερε
3673 1990 3763 2056 σιγῇ

576 2102 873 2157 Andronici
919 2101 1176 2171 junioris,
1205 2101 1403 2168 ejecta,
1434 2110 1557 2169 post
1586 2100 1705 2169 ejus
1738 2099 2017 2152 interitum
2082 2097 2140 2152 in

2255 2103 2590 2158 ἀποσκοπῶν
2610 2097 3068 2166 ὃποιτελευτήσει
3099 2095 3132 2164 ἡ
3159 2093 3368 2145 διάνοια
3401 2087 3559 2156 αὐτῷ.
3593 2080 3765 2146 Μεταξῦ

577 2193 764 2248 hlce‘sia
834 2201 1193 2260 regnaverat;
1258 2206 1360 2246 nec
1425 2192 1598 2244 multo
1659 2200 1781 2260 post
1837 2188 2153 2260 potentissi-

2255 2192 2312 2245 δὲ
2343 2191 2548 2244 τούτων
2579 2186 2886 2258 γινομένων
2917 2181 3239 2251 συμϐέϐηκέ
3276 2197 3329 2231 τι
3362 2178 3454 2231 καὶ
3479 2175 3616 2240 ἄλλο,
3647 2173 3671 2224 ὃ
3697 2188 3764 2240 με·

575 2298 788 2336 morum
822 2282 1058 2335 factione
1095 2296 1311 2335 rursum
1348 2281 1498 2350 pulsa
1551 2297 1741 2350 regno,
1773 2296 1895 2335 cum
1919 2279 2150 2345 Joanne,

2255 2284 2424 2354 τρίως
2475 2282 2536 2334 οὐ
2587 2279 2875 2350 καθήψατο
2907 2277 3005 2345 τῆς
3054 2273 3148 2328 τοῦ
3208 2273 3453 2343 μεγάλου
3504 2266 3766 2337 δομεστὶκιν

574 2389 606 2426 e
670 2373 795 2426 filiis
843 2375 1038 2435 altero,
1075 2373 1140 2424 ad
1203 2372 1421 2425 Craletn
1473 2373 1696 2425 fratrem
1747 2387 1806 2426 se
1849 2380 2150 2440 receperat.

2257 2377 2466 2446 ψυχῆς·
2503 2377 2530 2428 ὁ
2592 2375 2702 2443 γάρ
2763 2372 2872 2425 τῶν
2926 2368 3132 2424 Μυσῶν
3183 2366 3441 2438 βασιλεὺς
3485 2359 3769 2428 Ἀλέξανδρος

575 2461 736 2530 353
757 2459 1041 2514 Sistnanus
1063 2461 1201 2514 alter
1222 2460 1364 2514 titius
1385 2461 1452 2514 ad
1470 2460 1702 2527 Scythas
1727 2462 2034 2516 exsulatum
2058 2459 2151 2514 ab-

2259 2465 2556 2536 πρεσϐείαν
2606 2461 2834 2533 πέμψας
2883 2459 3020 2529 πρὸς
3079 2455 3330 2528 βασιλίδα
3378 2453 3471 2508 καὶ⁸
3501 2448 3767 2518 Ῥωμαίους,

578 2551 717 2604 ierat
733 2549 1041 2618 :1neclongo
1059 2559 1302 2618 tempore
1318 2549 1519 2603 ibidem
1543 2561 1758 2613 exacto,
1778 2560 1898 2620 post
1923 2559 2154 2605 mortem

2259 2556 2352 2608 τδν
2383 2554 2514 2624 παρ’
2548 2552 2732 2613 αὐτοῖς
2786 2546 3134 2618 διατρίϐοντα
3170 2543 3388 2613 φυγάδα
3412 2541 3525 2611 ᾔτει
3561 2540 3771 2605 Σίσμσνῖν

577 2642 922 2712 imperatoris
942 2642 1007 2694 ad
1028 2639 1302 2695 Romanos
1317 2650 1511 2711 sponte
1533 2642 1872 2714 confugerat.
1890 2642 2046 2696 Hunc
2061 2643 2153 2711 igi-

2259 2647 2349 2702 τδν
2387 2644 2485 2699 τοῦ
2523 2642 2675 2715 παρὰ
2715 2643 2922 2703 Μυσοῖς
2975 2635 3537 2709 προϐεϐασιλευκότος
3575 2626 3769 2696 Μιχαὴλ·

578 2743 668 2786 tur
710 2733 1018 2787 Alexander
1043 2741 1104 2785 ut
1133 2733 1456 2788 teterrimuu
1481 2733 1696 2788 hostem
1740 2750 1898 2789 suum
1922 2734 2154 2804 postula-

2259 2739 2320 2802 ὃς
2349 2739 2414 2806 δὴ
2449 2737 2744 2806 γεγέννητο
2780 2733 2930 2802 αὐτῷ
2990 2733 3055 2784 ἐκ
3101 2729 3203 2798 τῆς
3253 2728 3524 2796 Στεφάνου
3573 2722 3654 2774 τοῦ
3692 2717 3773 2771 τῶν

578 2824 694 2887 bat,
722 2835 776 2879 et
809 2827 1124 2879 alterutrius
1143 2827 1419 2894 optionem
1439 2827 1632 2881 dabat:
1661 2837 1828 2881 utaut
1846 2827 2154 2881 Sismanum

2261 2829 2548 2900 Τριϐαλῶν
2583 2830 2842 2899 ἄρχοντος
2889 2824 3153 2893 ἀδελφῆς,
3204 2824 3242 2894 ἢ
3316 2823 3450 2892 μετά
3485 2819 3576 2888 τὴν
3612 2818 3774 2869 ἐκείνου

579 2915 684 2969 sibi
718 2916 1076 2984 jugulandum
1110 2915 1394 2979 dederent,
1416 2925 1510 2970 aut
1531 2933 1590 2972 se
1606 2919 1671 2971 ad
1687 2918 1890 2972 bellum
1913 2926 2155 2987 pararet;

2262 2923 2518 2994 τελευτὴν
2550 2918 2683 2994 ἦρξε
2728 2919 2982 2982 Μυσίαςο
3018 2917 3292 2987 πρότερον
3325 2917 3432 2985 γὰρ
3463 2907 3775 2976 ἐκϐεϐλημένη

580 3006 724 3061 haud
751 3007 896 3061 enim
924 3008 1186 3062 Romanis
1210 3010 1471 3072 amicum,
1515 3025 1577 3064 ac
1600 3009 1811 3064 socium
1833 3025 1955 3064 esse
1979 3024 2156 3079 posse,

2265 3017 2356 3073 ὑπ’
2383 3018 2592 3070 ἐκείνου
2625 3011 2693 3086 ἦν
2725 3013 2805 3065 ἔτι
2837 3012 3142 3081 περιόντος,
3178 3011 3283 3063 καὶ
3323 3013 3388 3080 τῇ
3422 3005 3657 3077 βασιλέως
3687 3002 3776 3053 ’Λν-

581 3095 822 3162 quandiu
860 3096 934 3174 illi
972 3097 1184 3150 hostem
1217 3113 1376 3150 suum
1408 3099 1552 3168 apud
1586 3114 1644 3154 se
1675 3099 1924 3166 alerent;
1960 3099 2155 3153 simul-

2202 3108 2510 3180 ]Gpovixou
2561 3107 2655 3161 τοῦ
2696 3107 2819 3160 νέου
2879 3104 3265 3165 συνοικοῦντος
3311 3102 3507 3170 ἀδελφῇ
3533 3115 3547 3129 ·
3595 3097 3695 3149 ἐπεὶ
3737 3090 3778 3142 δὲ

579 3202 686 3256 que
724 3189 1098 3257 juratuentum
1131 3189 1407 3258 mittebat,
1444 3206 1554 3261 quo
1582 3207 1639 3246 se
1669 3191 1770 3262 ipsi
1807 3192 2155 3247 Andronicus

2263 3199 2383 3270 μετ’
2411 3199 2593 3264 ὀλίγον
2620 3195 2740 3257 ,ὑπὸ
2791 3195 2898 3247 τῶν
2954 3191 3357 3246 δυνατωτάτων
3394 3184 3777 3242 ἐπιϐουλευθεῖσα

582 3283 736 3351 pacis
803 3296 964 3334 causa
1030 3283 1423 3337 obstrinxerat.
1476 3283 1700 3354 Legatio
1746 3284 2036 3340 Alexandri
2082 3284 2157 3338 ita

2261 3291 2424 3344 πάλιν
2457 3288 2726 3356 ἐξεϐλήθη
2748 3286 2849 3356 τῆς
2881 3285 3074 3356 ἀρχῆς,
3104 3286 3136 3354 ἡ
3165 3283 3273 3352 μὲν
3305 3283 3398 3336 τὸν
3426 3283 3600 3348 ἕτερον
3625 3278 3779 3344 ἔχοντα

583 3387 644 3428 se
693 3371 902 3425 habuit.
939 3371 1240 3441 Oportebat
1275 3389 1406 3428 vero
1437 3377 1734 3431 convenire
1763 3377 2075 3446 Optimates,
2101 3385 2158 3431 et

2258 3384 2369 3436 τῶν
2395 3381 2528 3453 υἱῶν
2561 3381 2834 3444 Ἰωάννην,
2875 3377 3012 3446 πρὸς
3049 3375 3279 3444 Κράλην
3308 3375 3540 3438 ἐπανῆκε
3570 3372 3647 3422 τὶν
3667 3367 3780 3425 ἁδελ-

583 3480 705 3519 cum
757 3466 999 3536 Augusta
1053 3466 1384 3531 deliberare.
1443 3467 1610 3522 fasne
1661 3478 1810 3524 esset
1873 3472 2157 3542 perfugam

2261 3471 2381 3539 φόν.
2417 3471 2687 3540 Σίσμανος
2716 3468 2772 3520 δὲ
2811 3468 2837 3518 ὁ
2876 3463 3064 3526 λοιπὸς
3101 3463 3212 3516 τῶν
3241 3463 3472 3526 παίδων,
3509 3461 3582 3522 είς
3617 3454 3781 3512 Σκύθας

586 3551 825 3618 tradere,
855 3568 922 3606 an
957 3568 1055 3621 pro
1079 3569 1146 3607 eo
1175 3548 1382 3608 bellum
1413 3564 1602 3609 contra
1624 3555 1822 3610 Mtesos
1845 3559 2155 3628 suscipere.

2261 3558 2435 3630 ᾤχετο
2485 3557 2703 3627 φυγάς·
2733 3555 2790 3617 ὃς
2835 3554 2899 3625 δὴ
2945 3554 3076 3622 παρ’
3123 3553 3363 3615 ἐκείνοις
3411 3549 3672 3619 διατρξᾲας
3707 3543 3781 3596 οὐκ

581 3642 923 3698 Convenitur
972 3644 1025 3698 in
1079 3643 1319 3713 palatio;
1371 3645 1570 3726 adsunt
1618 3645 1748 3702 item
1792 3664 2019 3718 magnus
2063 3650 2157 3704 do-

2263 3650 2466 3715 ὀλίγον,
2509 3648 2738 3715 ὕστερον
2777 3646 3071 3714 Ῥωμαίοις
3121 3645 3308 3697 ἑκοντὶ
3362 3639 3621 3710 προσῆλθε
3675 3634 3781 3726 μετὰ

586 3736 867 3799 ntesticus,
887 3745 943 3788 et
974 3735 1321 3804 patriarcha;
1362 3725 1592 3804 quteStio
1619 3748 1893 3793 movetur.
1928 3738 2006 3794 lbi
2036 3742 2162 3796 aliis

2261 3741 2361 3808 τὴν
2396 3738 2661 3810 βασιλέως
2707 3737 2990 3804 τελευτὴν.
3039 3735 3242 3787 Τοῦτον
3279 3735 3344 3805 δὴ
3389 3728 3706 3798 Ἀλέξανδρος
3739 3725 3783 3793 ᾐ-

583 3824 840 3877 omnibus
876 3823 929 3876 in
966 3839 1221 3893 magnum
1249 3824 1635 3891 domesticum,
1661 3841 1754 3880 ora
1783 3837 1947 3895 atque
1973 3829 2159 3884 oculos

2265 3830 2408 3882 τεῖτο
2441 3827 2665 3896 πέμψας
2716 3824 2791 3886 ὡς
2853 3823 3266 3891 πολεμιώτατον
3316 3821 3492 3889 αὐτῷ·
3526 3813 3702 3886 ἔφασκέ
3742 3827 3781 3859 τε

585 3930 711 3969 cum
747 3915 967 3968 silentio
996 3917 1472 3980 convertentibus,
1499 3917 1727 3987 ejusque
1756 3933 1920 3987 super
1950 3935 2008 3973 re
2037 3935 2161 3989 pro-

2266 3921 2410 3972 δυοῖν
2445 3919 2698 3988 θάτερον,
2734 3919 2766 3988 ἦ
2798 3916 3137 3987 παραδοῦναι
3171 3915 3446 3984 Σίσμανον
3475 3915 3560 3965 ἐπὶ
3597 3906 3780 3969 θανάτῳ.

587 4006 764 4075 posita
814 4008 1139 4061 sententiam
1165 4008 1634 4077 exspectantibus,
1663 4008 1932 4078 Georgius
1959 4010 2163 4065 Chom-

2267 4014 2300 4084 ἢ
2328 4010 2848 4084 παρασκευάζεσθαι
2880 4009 3020 4079 πρὸς
3045 4008 3311 4077 πόλεμον,
3343 4008 3416 4070 ὡς
3465 4005 3561 4058 οὑκ
3586 4001 3685 4055 ἐνὸν
3713 3995 3783 4048 αὑ-

587 4112 694 4150 nus
738 4112 937 4152 mensa:
986 4097 1278 4167 praafectus
1328 4098 1552 4162 inscite,
1591 4107 1648 4153 et
1676 4099 1957 4164 audacter,
1991 4101 2163 4170 prius-

2267 4106 2358 4159 τδν
2387 4103 2526 4158 εῖναι
2559 4104 2712 4172 φίλον
2758 4105 2852 4155 καί
2893 4101 3186 4171 σύμμαχον
3224 4100 3517 4170 Ῥωμαίοις
3545 4093 3628 4150 τοῦ
3663 4089 3785 4142 πολε-

591 4205 754 4258 quam
804 4190 872 4244 ab
913 4190 1023 4242 ullo
1063 4191 1289 4243 verbum
1341 4191 1673 4244 audiretur:
1725 4189 1999 4260 Scriptum
2035 4203 2118 4248 est
2148 4235 2164 4260 ,

2273 4193 2554 4264 μιωτάτου
2591 4191 2935 4261 τρεφομένου
2974 4191 3111 4257 παρ’
3147 4188 3338 4252 αὐτοῖς
3361 4206 3374 4220 ·
3413 4183 3616 4250 ἔπεμπέ
3641 4195 3689 4232 τε
3713 4175 3784 4226 ἐπὶ

590 4278 789 4348 inquit,
871 4279 931 4332 Si
993 4287 1252 4348 postremo
1313 4279 1598 4333 revelatum
1629 4280 1806 4348 fuerit,
1849 4284 2050 4351 primus
2083 4293 2166 4337 ta-

2267 4285 2397 4347 τοὺς
2447 4285 2646 4353 ὅρκους
2703 4282 2752 4335 οἳ
2805 4281 2942 4351 πρὸς
3003 4280 3274 4349 βασιλέως
3314 4277 3638 4347 Ἀνδρονίκου
3683 4265 3786 4336 πρὸς

588 4379 704 4422 σθαι
738 4369 880 4438 (9|).
921 4370 1062 4439 Ergo
1089 4371 1132 4424 si
1170 4369 1332 4423 alicui
1364 4382 1632 4436 nostrum,
1659 4372 1751 4440 qui
1778 4373 2027 4428 videmur
2049 4391 2164 4432 esse

2275 4379 2441 4432 αὑτὸν
2471 4371 2614 4445 ἦσαν
2640 4376 2736 4426 ἐπὶ
2770 4375 2834 4443 τῇ
2870 4373 3066 4444 είρήνῃ
3103 4373 3491 4442 γεγενημένοι.
3531 4367 3588 4420 Ἥ
3615 4366 3697 4433 μὲν
3719 4354 3787 4412 οὖν

591 4463 872 4530 postremi,
928 4463 1125 4517 melius
1179 4464 1388 4533 aliquid
1428 4467 1480 4517 in
1520 4465 1650 4531 illis,
1686 4465 1754 4518 de
1781 4467 1987 4535 quibus
2018 4484 2164 4524 nunc

2210 4451 2242 4509 ί)
2283 4464 2640 4532 Ἀλεξάνδρου
2666 4460 2935 4530 πρεσϐεία
2966 4459 3158 4512 τοῦτον
3189 4457 3304 4534 εἶχε
3334 4461 3428 4511 τὸν
3457 4456 3671 4526 τρόπον’
3705 4447 3786 4500 ἔδει

588 4563 674 4606 est
721 4553 941 4608 inducta
972 4555 1328 4618 deliberatio,
1356 4556 1506 4624 loqui
1543 4555 1784 4619 licuerit,
1816 4573 2043 4612 necesse
2069 4561 2164 4613 erit

2269 4558 2325 4610 δὲ
2372 4556 2472 4626 τὴν
2525 4553 2832 4622 σύγκλητον
2870 4549 3236 4605 συνελθοῦσαν
3281 4547 3657 4619 βουλεύσασθαι
3701 4540 3786 4606 ἅμα

595 4644 834 4712 primum
876 4645 1005 4698 boui
1057 4646 1369 4700 coitsulere.
1421 4647 1700 4701 Percussit
1744 4647 1913 4710 illico,
1945 4660 2000 4704 et
2031 4651 2171 4704 indi-

2271 4647 2509 4719 βασιλίδι
2566 4649 2616 4699 εί
2663 4647 2782 4699 δέον
2831 4646 2864 4715 ἢ
2901 4647 2993 4698 τὸν
3045 4644 3350 4715 αὐτόμολον
3396 4628 3786 4710 παραδιδόναι,ἢ

605 4733 858 4801 guatione
880 4736 1177 4788 commovit
1201 4749 1456 4804 maguum
1489 4735 1879 4800 domesticum,
1906 4748 2015 4792 tam
2041 4754 2170 4809 pro-

2271 4739 2510 4806 πόλεμον
2539 4735 2778 4806 ἅρασθαι
2815 4737 2954 4806 πρὸς
2986 4737 3206 4798 Μυσοὺς
3247 4736 3404 4807 ὑπὲρ
3423 4732 3601 4788 αὐτοῦ.
3631 4728 3684 4781 Oi
3715 4723 3788 4788 μὲν

608 4837 776 4888 terva,
827 4833 884 4878 et
928 4825 1218 4894 impudens
1267 4827 1461 4880 oratio.
1500 4825 1606 4882 Sed
1641 4829 1770 4897 quia
1813 4839 1904 4883 aut
1938 4830 2172 4900 impera-

2267 4827 2362 4882 οὖν
2406 4829 2671 4899 συνῆλθον
2709 4829 2765 4881 ἐν
2814 4827 3156 4898 βασιλείοις’
3213 4825 3511 4897 συμπαρῆν
3563 4821 3605 4873 δ’
3646 4815 3787 4872 αὐτοῖς

593 4919 804 4977 tricem.
855 4927 949 4972 aut
996 4917 1392 4986 patriarchatn,
1441 4919 1530 4973 ille
1569 4919 1716 4973 enim
1754 4921 1987 4974 consilio
2023 4936 2166 4990 pres

2275 4923 2371 4974 καὶ
2396 4921 2721 4990 δομέστικος
2747 4921 2773 4971 ὁ
2801 4919 2997 4988 μέγας,
3027 4917 3144 4986 ἅμα
3175 4919 3521 4988 πατριάρχῃ’
3557 4902 3789 4981 προτεθεί-

589 5009 823 5070 sidebat,
880 5009 1048 5063 iratos
1104 5011 1315 5063 ecuria
1368 5010 1647 5064 hominem
1695 5023 2023 5072 exacturos.
2073 5022 2165 5067 aut

2281 5029 2380 5084 σης
2405 5013 2462 5065 δὲ
2489 5013 2586 5080 τῆς
2618 5011 2814 5080 βουλῆς
2841 5011 2929 5063 ἐπ’
2960 5009 3280 5079 ἐκκλησίας,
3321 5011 3369 5062 οξ
3405 5010 3501 5078 μὲν
3527 5005 3660 5059 ἄλλοι
3684 4998 3787 5048 πάν-

589 5103 775 5156 γειιίιίε
797 5103 987 5157 saltem
1005 5103 1071 5156 de
1096 5103 1233 5156 istac
1262 5111 1367 5155 tant
1389 5104 1764 5172 intempestiva
1787 5104 1984 5172 lingua:
2009 5115 2165 5173 pctu-

2272 5122 2364 5167 τες
2386 5103 2619 5174 ἡσυχίαν
2657 5097 2794 5172 ἧγον
2822 5101 2958 5170 πρὸς
2991 5102 3084 5154 τὸν
3135 5102 3307 5170 μέγαν
3350 5099 3654 5167 δομέστικον
3681 5091 3802 5140 ἀπο-ε

591 5195 758 5250 la'utia
809 5196 1194 5264 objurgaturos
1239 5195 1518 5263 sperabat,
1561 5194 1625 5247 ad
1659 5195 2051 5249 contumeliam
2083 5205 2164 5249 ta-

2275 5197 2595 5256 ϐλέποντες,
2627 5195 2655 5247 ὅ
2703 5210 2755 5245 τι
2789 5195 2856 5246 άν
2906 5193 3260 5263 βουλεύσαιτο
3296 5193 3428 5261 περὶ
3459 5192 3564 5243 τῶν
3604 5195 3786 5254 προκει-

590 5289 723 5342 cuit.
779 5286 914 5341 Cum
961 5295 1144 5340 autem
1191 5286 1268 5340 illi
1301 5297 1492 5341 contra
1537 5303 1602 5340 ne
1637 5286 1902 5339 mutirent
1929 5287 2154 5353 quidem

2276 5290 2477 5358 μένων.
2528 5285 2777 5354 Χοῦμνος
2808 5286 2865 5340 δὲ
2919 5287 3193 5356 Γεὼργιος
3237 5286 3266 5338 ὀ
3291 5287 3385 5339 ἐπὶ
3423 5283 3518 5352 τῆς
3559 5274 3786 5348 τραπέζης

1831 5424 2048 5485 Jacobi
2086 5426 2348 5487 Pontani
2391 5435 2581 5490 noue.

665 5558 774 5626 (9|)
821 5555 892 5609 Ex
932 5556 989 5611 ι).
1025 5557 1213 5618 Paulo,
1245 5574 1259 5610 ι
1289 5558 1355 5610 ad
1385 5557 1629 5611 Corinth.
1658 5571 1779 5626 cap.
1815 5573 1927 5614 xtv.
1964 5555 2054 5608 ubi
2082 5555 2159 5609 ita
2261 5568 2352 5610 aut
2387 5570 2488 5612 tres
2515 5559 2716 5618 dicant.
2749 5567 2796 5611 et
2827 5560 3003 5613 ueteri
3024 5557 3329 5626 dijudicent.
3350 5548 3551 5626 Quodsi
3571 5543 3656 5626 alii
3671 5552 3782 5626 tft'f:

592 5616 788 5700 legitur
818 5645 830 5678 :
870 5627 1152 5700 ίΙροφῆται
1186 5616 1242 5680 δὲ
1274 5627 1442 5700 δύο
1477 5616 2022 5700 τρείςμλαλείτωσαν,
2073 5626 2168 5700 κα).

2267 5628 2434 5682 latum
2463 5631 2620 5700 fuerit
2649 5616 2872 5700 sedenti,
2907 5616 3108 5700 prtum}
3141 5635 3333 5680 taceat.
3373 5616 3716 5677 Verumtamen
3742 5616 3784 5656 In

601 5698 650 5746 οί
680 5696 828 5768 quo;
867 5696 1311 5768 διακρινέτωσαν.
1363 5695 1488 5768 ’μάν
1529 5696 1584 5768 δὲ
1625 5696 1769 5764 ἄλλῳ
1808 5695 2168 5768 ἀποκαλυφθῇ

1731 5715 1769 5764 ῳ
1808 5695 2168 5768 ἀποκαλυφθῇ
2272 5695 2542 5754 sententia
2579 5699 2866 5754 diversitas
2895 5699 3041 5753 nulla
3066 5705 3307 5768 apparet.

607 5764 922 5834 καθημένῳ,
955 5766 982 5817 ὁ
1017 5766 1233 5834 πρῶτος
1265 5766 1470 5834 σιγάτω
1495 5779 1507 5792 ·
1547 5767 1824 5835 Propheta'
1853 5773 2029 5820 autem
2049 5765 2172 5831 duo,
