3992 6202
345 278 381 341 Ἰ
395 279 452 342 Π
1476 283 1537 342 Ἠ
1547 285 1567 342 1
1575 283 1768 344 STOR
1779 285 1792 341 ἶ
1804 285 1924 343 Α’ΒΙ

2063 285 2292 345 LIBER
2324 285 2447 345 Ill.

358 405 446 449 κις
501 383 986 458 πυρακεκληκότος
1043 387 1278 459 ἠθέλησε
1344 389 1596 456 γενέσθαι
1647 391 1925 461 βασιλεὺς)
1966 390 2264 446 ἐσκέπτετο
2333 393 2435 460 μέν
2497 392 2591 446 καὶ
2624 391 2891 462 πρότερον
2921 390 3019 462 τὴν
3059 391 3360 461 ἠγεμονίαν
3396 392 3604 445 ἀποθέ-

359 479 506 541 σθαι,
533 481 628 532 καὶ
653 480 1057 551 ἀπραγμοσύνη
1081 481 1174 534 τὸν
1195 480 1478 534 ἐπίλοιπον
1541 481 1658 552 βίον
1688 481 1809 552 ζῇν,
1864 484 2002 552 ὅπερ
2037 483 2178 554 ἔφην
2215 484 2312 537 τοῦ
2351 483 2557 554 φθοράς
2596 483 2759 544 αὐτὸς
2798 484 2967 544 αῖτιος
3010 482 3301 554 Ῥωμαίοις
3329 486 3604 554 κατασηῖι-

355 589 447 626 ναι
503 573 613 624 πᾶν
660 547 1240 644 ὀτιῗοῦνάνεκτδτερον
1297 547 1555 644 νομίζων.
1602 575 1690 637 Ὦς
1835 577 1930 628 καὶ
1968 547 2239 630 κατάψτδν
2269 547 2530 643 σύλλογον
2595 573 2848 636 αὐθαδῶς
2882 576 2978 626 καὶ
3040 547 3288 642 θρασέως
3320 573 3414 625 τοῦ
3465 547 3606 627 Χού-

361 683 496 744 9.ch
552 666 688 735 πρὸς
717 669 882 722 αὑτὸν
911 667 1294 738 διειλεγμένου,
1339 669 1603 738 (μάλιστα
1645 671 1752 738 γὰρ
1824 669 1961 739 πρὸς
1999 669 2162 723 αὑτὸν
2221 669 2311 722 τὸν
2365 669 2524 736 λόγον
2593 669 2982 722 ἀποτείνεσθαι
3014 666 3193 736 ᾠήθη.
3247 667 3470 719 πάντων
3497 669 3606 719 τῶν

354 763 480 812 τότε
524 760 815 830 Ῥωμαίων
880 763 977 815 καὶ
1047 761 1407 830 νομιζόμενον
1447 761 1714 826 κσὶξδντα
1763 760 2002 832 πρῶτον)
2041 761 2218 824 οὐδεὶς
2277 762 2650 830 ἐπετίμησεν,
2708 759 2830 812 οὐδὲ
2883 760 3168 829 ἐμέμψατο
3218 759 3318 828 τῆς
3372 757 3603 829 ἀκαίρου

349 860 692 930 παρρησίας,
721 857 909 926 ὥσπερ
933 855 1109 926 ἀρχὴν
1165 855 1392 926 νομίσας
1420 857 1667 919 στάσεως
1705 853 1968 924 ἐμφυλίου
2006 856 2068 909 τὸ
2097 855 2358 919 τοιοῦτον,
2381 853 2575 908 θᾶττον
2605 854 2638 923 ἢ
2667 852 2938 920 ἐϐούλετο,
2986 853 3214 925 ὥρμητο
3238 855 3607 925 ἀπαγορεύειν

353 950 678 1022 τὴνάρχήν.

1704 1092 1869 1165 356
1903 1090 2127 1148 CAPUT
2167 1091 2259 1145 ut.

357 1212 520 1269 Amor
547 1213 602 1265 in
637 1213 1010 1280 imperatorem
1053 1222 1338 1268 mortuum.
1375 1210 1675 1266 Fastidium
1725 1210 1997 1280 potestatis
2032 1217 2081 1280 et
2109 1226 2270 1262 causa
2325 1225 2480 1262 noua.
2515 1206 2753 1280 Δ(ξίιιιηιηὲ
2791 1208 3223 1263 contumeliosum
3253 1211 3444 1263 dictum
3500 1227 3606 1263 non

426 1277 751 1336 vindicatur.
787 1281 1058 1336 Excusant
1100 1299 1158 1336 se
1206 1284 1516 1351 patriarcha
1549 1291 1598 1334 et
1641 1277 1979 1347 imparatrias.
2030 1279 2354 1351 Domestica:
2413 1277 2592 1351 multis
2622 1281 2788 1351 verbis
2828 1280 3060 1351 studium
3098 1292 3145 1333 et
3204 1280 3511 1346 ﬁdelitatem
3546 1282 3600 1331 in

426 1355 803 1421 imperatorem
857 1354 1030 1406 vivum
1083 1347 1416 1423 declaratum
1477 1351 1843 1423 signiﬁcat._et
1895 1351 2108 1419 imperii
2153 1349 2664 1403 administrationem
2717 1350 2772 1401 iu
2824 1347 3043 1402 concilio
3093 1352 3327 1420 deponit,
3384 1356 3602 1404 obscure

427 1419 751 1492 patriarcha
781 1423 1122 1476 ambitionem
1149 1419 1309 1493 huius
1337 1423 1413 1475 rei
1441 1419 1662 1476 causam
1681 1419 1960 1475 indicans.

426 1553 588 1607 Μετά
615 1554 744 1622 γοῦν
777 1555 868 1606 seu
922 1554 1177 1622 σύλλογον
1207 1555 1283 1617 είς
1319 1554 1417 1624 τὴν
1450 1551 1773 1624 ὑστεραίαν,
1811 1546 1924 1603 ἐπεὶ

2105 1550 2248 1622 Ergo
2293 1550 2383 1606 die
2423 1552 2668 1622 proxime
2700 1552 2956 1622 sequenti
2990 1566 3113 1606 cum
3147 1551 3262 1621 ipse
3295 1559 3349 1606 et
3374 1554 3604 1620 patr'ar-

3497 255 3651 346 ἠδ’
3726 250 3742 262 ’

354 1645 454 1697 καὶ
483 1645 648 1708 αὐτὸς
677 1645 772 1698 καὶ
827 1647 1177 1715 πατριάρχης
1214 1645 1476 1716 παρῆσαν
1519 1648 1576 1698 ἐν
1610 1643 1926 1714 βασιλείοις,

354 1737 497 1806 πρὸς
550 1737 777 1807 βασιλέα
819 1737 1018 1807 ἐχρῆτο
1076 1739 1312 1808 μηνυτῇ,
1373 1737 1468 1791 καὶ
1515 1734 1742 1789 τοιαῦτα
1789 1733 1927 1805 αὐτῇ

354 1829 547 1895 ἐδήλου
583 1828 653 1880 δι’
683 1829 877 1892 αὐτοῦ,
905 1829 979 1892 ὡς
1007 1829 1166 1898 είπερ
1191 1823 1260 1900 ἦν
1289 1827 1503 1897 αἵρεσις
1540 1825 1690 1895 αύτῷ
1731 1841 1928 1894 προτε-

337 1919 518 1989 ’θῆναι
570 1921 634 1972 ἐκ
687 1919 825 1973 Θεοῦ
856 1921 1054 1987 (αὐτὸς
1107 1921 1152 1974 δ’
1211 1922 1276 1975 ἂν
1327 1920 1412 1989 εἴη
1465 1920 1572 1972 τῶν
1623 1918 1930 1986 λεγομένων

350 2012 572 2081 μάρτυς
602 2011 676 2074 ὡς
705 2011 930 2082 ἀληθῆ),
963 2013 1190 2081 βασιλέα
1217 2013 1314 2083 μὲν
1351 2013 1408 2064 ἐν
1439 2011 1606 2076 ζῶσιν
1639 2007 1801 2073 εἶναι,
1826 2009 1926 2062 αύ-

333 2104 444 2154 τὶν
471 2103 517 2156 δ’
542 2103 749 2156 ἐκείνου
781 2106 871 2157 τὸν
917 2104 1149 2158 θάνατον
1177 2103 1532 2169 άθτελέσθαι,
1561 2103 1800 2164 άπάσαις
1823 2101 1929 2170 ψή-

340 2199 616 2266 φοιςικαὶ
647 2199 794 2268 πάσῃ
823 2199 1025 2268 σπουδῇ
1061 2199 1156 2251 καὶ
1191 2197 1477 2269 προθυμίᾳ
1525 2196 1817 2266 προείλετο
1858 2193 1926 2248 ἂν

321 2291 517 2353 αὐτὸς
564 2292 856 2344 ἀποθανεῖν
934 2292 1074 2362 ὑπὲρ
1120 2289 1216 2343 τοῦ
1260 2293 1468 2344 ἐκεῖνον
1516 2291 1636 2361 ζῇν.
1689 2288 1843 2341 Ἐπεὶ
1869 2287 1928 2342 δὲ

334 2382 425 2451 τῷ
471 2383 650 2454 μέτρα
701 2385 793 2435 καὶ
826 2383 972 2451 ζωῆς
1011 2382 1106 2437 καί
1163 2382 1420 2451 τελευτῆς
1468 2381 1686 2451 ἑκάστῳ
1731 2380 1926 2432 ταλαν-

334 2476 572 2528 τεύοντι
610 2475 800 2528 τοῦτον
855 2475 1000 2541 εδοξε
1036 2475 1128 2530 τὸν
1159 2475 1384 2546 τρόπον,
1417 2475 1636 2544 ,ἐκείνῳ
1673 2473 1774 2543 μιν
1799 2475 1928 2542 ὁμο-

335 2567 538 2634 λογεῖν
573 2567 848 2637 προσῆκον
865 2568 1091 2636 χάριτας
1119 2567 1218 2636 τῆς
1247 2566 1376 2638 περὶ
1405 2567 1552 2636 ἡμᾶς
1585 2565 1754 2633 σοφῆς
1783 2565 1928 2616 οίκοο

258 2671 263 2676 ·
335 2661 550 2728 νομξας
577 2677 591 2690 ο
624 2661 824 2722 αὐτοὺς
863 2660 938 2724 δὲ,
969 2660 1202 2713 ἕκαστον
1252 2660 1280 2713 ὅ
1344 2677 1397 2713 τι
1447 2659 1512 2727 ἂν
1555 2659 1640 2728 είη
1690 2655 1838 2724 αὖτῷ
1866 2672 1925 2708 τε

332 2752 640 2820 προσῆκον
675 2751 768 2803 καὶ
815 2751 1100 2814 -λυσιτελές
1141 2754 1363 2818 σκοπεῖν
1389 2767 1402 2782 ο
1444 2751 1472 2803 ὃ
1507 2749 1570 2819 δὴ
1602 2749 1770 2815 κάμοὶ
1800 2763 1927 2800 σκε-

327 2840 588 2910 ψαμένῳ
641 2843 766 2910 περὶ
803 2840 1063 2907 ἐμαυτοῦ,
1113 2842 1257 2906 ἔδοξε
1311 2842 1423 2895 δεῖν
1468 2841 1578 2895 τῶν
1626 2842 1724 2910 μὲν
1777 2857 1923 2910 πρα-

333 2933 586 3000 γμάτων
608 2933 942 3000 ἀποσχέσθαι
959 2945 973 2960 ⁸
998 2933 1234 2986 συνεῖναι
1253 2931 1308 2985 δέ
1324 2931 1416 2984 τὸν
1441 2933 1721 2985 ἐπίλοιπον
1740 2933 1924 3001 ἀπρα-

325 3025 606 3094 γμοσύνῃ
639 3021 755 3092 βίον
785 3023 930 3084 ὅπως
959 3022 1024 3076 ἂν
1042 3022 1285 3093 δύνωμαι
1317 3024 1570 3091 διάγοντα
1608 3025 1728 3078 κατ’
1759 3026 1926 3095 ἐμαυ-

331 3117 433 3168 τόν
459 3132 479 3146 ο
520 3114 666 3167 οὕτω
703 3115 766 3185 δὴ
792 3115 970 3181 δόξαν,
1001 3115 1100 3185 ἠδη
1140 3117 1230 3168 καὶ
1283 3114 1365 3168 σοὶ
1416 3115 1718 3185 κατάδηλον
1763 3113 1922 3170 ποιῶ.

329 3206 456 3260 Τοῦ
488 3208 832 3277 πατριάρχου
876 3206 934 3258 δέ
969 3207 1380 3278 πυνθανομένου
1419 3208 1516 3277 την
1561 3208 1739 3262 αίτίαν
1766 3207 1831 3260 δι’
1857 3207 1925 3278 ἢν

333 3297 507 3368 αὐτῷ
551 3299 782 3352 τοιαῦτα
827 3298 962 3369 πρὸς
1004 3297 1101 3370 τὴν
1132 3298 1380 3368 βασιλίδα
1429 3298 1675 3369 παρέστη
1723 3299 1921 3368 λέγειν.

323 3392 461 3445 Καὶ
503 3390 770 3462 πρότερον
804 3391 903 3461 μὲν
937 3390 1144 3458 ἔφασκε
1204 3389 1332 3452 τοὺς
1361 3389 1638 3451 τοιούτους
1673 3389 1924 3457 στρέφειν

329 3478 673 3551 λογίσμοὺς,
707 3484 800 3534 καὶ
845 3482 1143 3549 ἀναγκαῖον
1185 3480 1396 3533 οἴεσθαι
1447 3480 1780 3548 ἀφίστασθαι
1815 3477 1924 3529 τῶν

333 3572 726 3643 πραγμάτων.
765 3571 829 3621 Ὃ
859 3570 914 3623 δέ
948 3587 1014 3639 με
1054 3571 1243 3640 τάχιον
1295 3571 1552 3623 ἀνέπεισε
1593 3568 1692 3639 τὴν
1725 3567 1924 3638 βουλὴν

332 3661 786 3725 ἀνακαλύπτειν,
814 3662 966 3714 οὐδὲν
1001 3660 1188 3731 ἕτερον
1222 3657 1385 3726 είνα.,
1424 3660 1456 3731 ἢ
1513 3661 1684 3729 ὅτιτῇ
1724 3673 1922 3726 προτε-

333 3753 488 3823 ραίᾳ.
529 3753 670 3804 κατὰ
701 3751 790 3805 τὸν
823 3751 1080 3820 σύλλογον
1127 3751 1375 3824 ἀκαίρως
1411 3751 1504 3804 τοῦ
1546 3749 1796 3818 Χούμνου
1828 3748 1924 3801 καὶ

319 3847 598 3913 ἀνοήτως
656 3838 1235 3916 παρρησιασαμένου,
1288 3844 1377 3896 καὶ
1420 3843 1516 3894 ἐὰν
1575 3840 1654 3910 τῷ
1705 3842 1922 3910 ἐσχάτῳ

329 3935 743 4006 ἀποκαλυφθῇ,
790 3939 998 4004 σιγάτω
1027 3940 1054 3990 ὁ
1095 3937 1308 4007 πρῶτος
1336 3935 1602 4004 φαμένου,
1635 3932 1750 3985 οὗθ’
1780 3930 1924 4002 ἡβα-

333 4033 516 4093 σιὶέις,
549 4029 663 4081 οὔτ’
700 4031 857 4091 αὐτὸς
893 4030 1307 4098 ἠγανακτήσατε
1339 4028 1470 4095 πρὸς
1498 4028 1598 4094 τὴν
1635 4027 1926 4094 ἀναισχυν-

331 4126 500 4185 τὶαν,
538 4121 660 4174 ούδέ
709 4121 866 4189 δίκην
903 4122 1068 4174 ἔδωκε
1113 4120 1213 4187 τῆς
1247 4119 1478 4188 ἀνοήτου
1515 4115 1921 4186 γλωσσαλγίας,

2033 1641 2134 1698 cha
2164 1653 2348 1699 essent
2382 1645 2435 1698 in
2467 1643 2689 1714 palatio,
2719 1661 2815 1714 per
2837 1661 2961 1699 eum
3003 1644 3336 1714 imperatrici
3373 1644 3487 1698 lucc
3513 1659 3603 1699 re-

2031 1734 2262 1794 nuntiat.
2313 1733 2375 1788 Si
2416 1734 2612 1792 fuisset
2644 1751 2674 1790 a
2713 1735 2824 1790 Deo
2854 1734 2910 1790 in
2937 1735 3056 1806 ejus
3087 1735 3338 1790 relictum
3368 1734 3602 1789 arbitrio

2033 1827 2175 1898 (ipso
2211 1835 2356 1883 teste
2396 1843 2526 1884 vera
2565 1843 2624 1883 se
2650 1826 3087 1897 dicere).utrum
3125 1827 3330 1892 mallet,
3367 1827 3604 1896 impera-

2031 1927 2203 1972 torem
2243 1917 2470 1987 quidem
2520 1919 2727 1984 vivere,
2785 1934 2847 1974 se
2902 1927 3086 1973 autem
3136 1933 3236 1988 pro
3290 1919 3381 1972 illo
3435 1920 3601 1972 vitam

2029 2023 2258 2079 ponere,
2301 2009 2454 2079 quasi
2505 2011 2764 2066 onmibus
2816 2011 3058 2080 punctis,
3099 2009 3357 2080 omnique
3391 2010 3600 2072 studio,

2027 2110 2084 2156 et
2131 2103 2415 2156 alacritate
2448 2109 2881 2171 praeptaturum
2925 2103 3094 2156 fuisse
3126 2101 3288 2163 mori,
3324 2111 3378 2154 ut
3411 2101 3486 2155 illi
3522 2101 3604 2155 vi-

2029 2209 2154 2250 vere
2194 2195 2405 2250 diutius
2428 2195 2848 2250 concederetur.
2881 2193 3149 2260 Quoniam
3178 2209 3310 2250 vero
3336 2194 3447 2249 Deo
3479 2199 3603 2249 uni-

2027 2287 2226 2356 cuique
2263 2302 2361 2342 sua
2404 2287 2513 2341 fata
2562 2284 2905 2356 dispensanti
2951 2285 3026 2339 ita
3054 2286 3350 2356 placuisset
3377 2302 3599 2354 :equunt

2027 2394 2150 2434 esse
2187 2379 2363 2434 eidem
2414 2388 2473 2434 ut
2519 2379 2929 2448 sapientissimo
2959 2377 3101 2446 patri
3133 2388 3322 2431 nostro
3361 2375 3602 2432 familias

2028 2471 2232 2538 gratias
2277 2486 2462 2537 agere,
2493 2479 2547 2525 et
2579 2470 2861 2525 hominum
2888 2467 3192 2540 quemlibet
3222 2485 3321 2539 pro
3351 2486 3430 2535 se,
3467 2466 3600 2538 quid

2028 2559 2133 2613 sibi
2174 2559 2509 2614 conveniens
2535 2559 2776 2630 utileque
2805 2561 2878 2615 sit
2933 2559 3372 2628 circumspicere.
3405 2558 3518 2614 Hoc
3541 2574 3600 2612 se

2027 2650 2128 2704 sibi
2173 2651 2282 2719 jam
2335 2649 2675 2718 praestitisse,
2714 2650 3003 2718 visumque
3028 2663 3212 2703 rerum
3243 2649 3596 2704 administra-

2030 2740 2175 2796 tione
2205 2741 2534 2806 cedendum,
2576 2750 2631 2795 et
2661 2739 2805 2810 quod
2841 2751 3096 2810 superest
3127 2741 3228 2796 aevi
3257 2743 3383 2806 sibi,
3414 2745 3596 2813 quoad

2029 2829 2146 2883 ﬁeri
2204 2830 2396 2900 possit,
2452 2830 2551 2884 soli
2596 2831 2869 2884 viventem
2919 2831 2972 2884 in
3018 2846 3278 2908 curarum
3327 2834 3598 2889 vacuitate

2027 2923 2486 2976 consumendum.
2515 2921 2686 2990 Hujus
2709 2937 2820 2976 sua:
2839 2922 3143 2978 voluntatis
3163 2939 3284 2978 eam
3309 2941 3430 2981 esse
3453 2925 3599 2996 igna-

2029 3027 2144 3067 ram
2195 3013 2461 3068 noluisse.
2525 3012 2854 3070 Sciscitantc
2889 3026 3072 3068 autem
3119 3016 3430 3086 patriarcha
3469 3035 3602 3076 cau-

2025 3119 2162 3168 sam,
2215 3104 2345 3174 quid
2395 3105 2446 3160 ei
2498 3106 2549 3159 in
2602 3116 2838 3162 mentem
2895 3107 3156 3174 venisset,
3199 3111 3360 3166 talem
3393 3111 3458 3167 ad
3488 3113 3601 3168 Au-

2026 3207 2239 3264 gustam
2291 3199 2507 3254 mittere
2568 3200 2844 3264 nuntium,
2899 3203 3183 3271 respondit
3229 3220 3253 3282 ,ι
3287 3205 3496 3274 pridem
3539 3223 3599 3262 ss

2024 3289 2156 3343 istas
2199 3291 2560 3360 cogitationes
2589 3292 2826 3358 volvere,
2863 3303 2919 3348 et
2951 3293 3351 3350 abdicationem
3394 3298 3597 3352 rectio-

2016 3380 2110 3434 nis
2155 3382 2258 3435 sibi
2305 3383 2671 3437 necessariam
2717 3384 2993 3439 arbitrari.
3029 3383 3182 3452 Quod
3212 3403 3342 3442 vero
3370 3404 3496 3444 eum
3528 3393 3596 3444 ad

2024 3473 2283 3528 meditata
2341 3473 2506 3528 citius
2551 3475 2929 3543 patefacienda
2972 3476 3268 3544 incitarit,
3314 3497 3422 3535 non
3473 3497 3596 3537 esse

2023 3565 2207 3626 aliud,
2254 3581 2415 3634 quam
2463 3566 2608 3636 quod
2656 3567 2832 3634 pridie
2886 3568 3171 3624 Chumnns
3220 3571 3274 3624 in
3319 3581 3596 3628 conventu

2025 3656 2202 3726 imper
2229 3674 2358 3723 une,
2398 3669 2454 3714 et
2503 3660 2828 3729 insipienter
2861 3677 2922 3716 ac
2943 3662 3062 3717 sine
3093 3663 3272 3720 fronte
3298 3667 3430 3722 illud
3453 3668 3597 3724 etfu-

2026 3748 2229 3812 tiverit,
2259 3749 2302 3804 si
2337 3761 2614 3820 postremo
2647 3752 2949 3807 revelatum
2992 3755 3086 3820 sit,
3121 3767 3301 3811 taceat
3333 3759 3542 3828 primus
3576 3777 3592 3814 :

2023 3855 2187 3908 quam
2237 3839 2659 3908 imprudentiam
2698 3860 2799 3898 nec
2839 3845 3180 3914 imperatrix,
3217 3863 3320 3902 nec
3357 3851 3472 3919 ipse
3505 3866 3597 3920 pa-

2027 3929 2265 3984 triarcha
2316 3945 2456 4000 aegre
2509 3931 2694 3987 tulerit
2720 3951 2744 3998 ,'
2789 3951 2892 3990 nec
2945 3936 3384 3993 maledicentiam
3432 3942 3595 3996 istam

2024 4021 2318 4090 punit/erit,
2367 4023 2462 4077 sed
2511 4025 2740 4092 perinde
2782 4041 2846 4081 ac
2885 4029 2929 4080 si
2958 4029 3093 4082 nihil
3131 4031 3410 4086 diceretur
3438 4035 3590 4096 novi,

2024 4113 2079 4166 in
2124 4113 2271 4167 dicto
2328 4115 2466 4168 istoc
2509 4118 2947 4185 conquieverint.
2988 4119 3215 4190 Excepit
3257 4125 3589 4193 patriarcha.

323 4215 465 4267 ,ἀλλ’
506 4215 889 4282 ἐφησυχάσατε
914 4213 1022 4274 τοῖς
1051 4212 1390 4280 λεγομένοις,
1415 4208 1601 4276 ὥσπερ
1627 4208 1920 4277 εἰρημένου

2025 4204 2162 4257 Num
2213 4204 2318 4259 alia
2368 4215 2625 4274 preeterea
2673 4224 2758 4262 res
2801 4221 2850 4262 te
2877 4213 3258 4277 commoverit,
3292 4223 3352 4268 ut
3381 4215 3484 4270 hoc
3511 4217 3594 4271 di-

332 4307 588 4377 μηδενὸς
638 4306 846 4359 καινοῦ.
890 4304 948 4356 '0
982 4304 1326 4374 πατρξαρχης
1379 4299 1457 4366 δὲ,
1486 4300 1546 4351 Et
1588 4299 1688 4366 μὲν
1719 4297 1810 4351 καί
1839 4314 1922 4360 τις

328 4402 488 4468 ἄλλη
519 4398 653 4465 πρὸς
683 4397 806 4459 τοὺς
827 4395 1122 4459 τοιούτους,
1155 4394 1341 4460 ἔλεγε,¹
1359 4391 1548 4457 λόγους
1587 4393 1795 4461 ⁸ᾕγιιγεν
1837 4389 1922 4440 αἱ·

330 4493 459 4554 τὶα,
524 4489 686 4548 αὐτὸς
741 4488 806 4540 ἂν
835 4486 1053 4554 εἰδείης.
1094 4485 1153 4536 Et
1201 4483 1246 4536 δ’
1290 4484 1453 4552 αὑτοῦ
1510 4483 1702 4534 τούτου
1749 4479 1922 4532 ,ἕνεκα

324 4585 523 4652 μόνου
565 4577 923 4648 παροξυνθεὶς
975 4577 1113 4644 ὀργῇ
1175 4575 1474 4645 φερόμενος
1525 4573 1660 4642 πρὸς
1707 4572 1806 4641 ἐμέ
1867 4589 1922 4623 τε

329 4675 440 4728 καὶ
475 4673 580 4739 τὴν
610 4670 876 4740 βασιλίδα,
908 4665 1238 4736 ἀφίστασθαι
1270 4667 1366 4735 τῆς
1401 4667 1717 4733 διοικήσεως
1748 4663 1922 4731 ἔγνως

327 4766 451 4819 τῶν
481 4763 705 4826 κοινῶν,
747 4759 872 4813 οὔτε
931 4760 1116 4812 δίκαια
1146 4759 1341 4822 ποιεῖς,
1397 4755 1521 4809 οὔτε
1574 4757 1922 4826 προσήκοντα

332 4853 560 4925 σαυτῷ.
605 4852 743 4921 Ἐγώ
787 4870 848 4905 τε
877 4854 985 4922 γάρ
1032 4851 1381 4922 ἰσχυρίζομαι
1420 4849 1648 4902 τουτωνὶ
1687 4848 1795 4900 τῶν
1833 4846 1922 4900 λό-

331 4969 459 5019 γων
511 4945 585 5016 μὴ
629 4946 928 5015 ἀκηκοέναι
998 4943 1276 5006 παντελῶς
1305 4959 1321 4974 ο
1383 4940 1479 4995 καὶ
1521 4940 1728 5001 δίκαιος
1765 4935 1919 5003 ,εἶναι

329 5041 485 5106 ἀξιῶ
521 5036 873 5090 πιστεύεσθαι
911 5039 1059 5106 ποιρά
1090 5035 1172 5089 σοί
1195 5052 1210 5066 ο
1241 5034 1425 5104 οἴομαι
1459 5031 1516 5086 δὲ
1545 5030 1640 5086 καὶ
1688 5033 1787 5101 τὴν
1819 5031 1918 5100 βα-

330 5133 528 5186 σιλίδα
554 5132 620 5183 τά
656 5132 748 5183 ίσα
785 5131 910 5196 ἐμοὶ
943 5131 1111 5200 ἐρεῖν.
1142 5128 1276 5181 Ούδέ
1333 5128 1440 5198 γὰρ
1485 5128 1548 5179 ἂν
1582 5127 1783 5196 ἠνεγκε
1833 5141 1918 5177 σι-

330 5231 438 5298 γῇ,
475 5227 526 5278 εί
553 5223 786 5277 ἀκοῦσαί
823 5239 882 5275 τε
919 5223 1208 5275 συνέϐαινε
1255 5223 1363 5274 τῶν
1389 5221 1588 5290 λόγων,
1629 5219 1726 5274 καὶ
1781 5220 1917 5290 πρὸς

331 5321 401 5373 σὲ
433 5316 695 5388 εἰρῆσθαι
724 5316 997 5386 οίηθῆναι.
1027 5313 1118 5367 Διό
1150 5330 1242 5366 σου
1283 5315 1377 5366 καὶ
1407 5313 1603 5383 δέομαι
1633 5313 1744 5366 τῶν
1775 5312 1912 5382 πρὸς

329 5409 442 5480 τὴν
513 5407 760 5476 βασιλίδα
821 5407 996 5475 λόγων
1043 5403 1380 5476 ἀποσχέσθαι
1431 5403 1492 5456 οὐ
1539 5393 1754 5472 φαύλην
1794 5404 1918 5456 τινὰ

2024 4307 2199 4359 ceres,
2245 4304 2305 4350 tu
2340 4298 2506 4351 nosti.
2535 4298 2591 4353 Si
2619 4309 2842 4368 propter
2875 4301 2977 4355 hoc
3007 4304 3183 4357 solum
3212 4308 3588 4374 exacerbatus,

2024 4386 2157 4439 mihi
2213 4395 2265 4440 et
2316 4387 2650 4458 imperatrici
2710 4400 2994 4461 tantOpere
3055 4394 3348 4462 irasceris,
3383 4409 3441 4451 ut
3483 4400 3592 4454 rei-

2024 4478 2254 4546 publicae
2299 4482 2547 4549 regenda:
2581 4497 2780 4537 munus
2807 4486 3041 4554 abjicere
3071 4491 3445 4556 constitueris,
3487 4508 3592 4548 nec

2019 4568 2187 4638 justo,
2250 4585 2349 4624 nec
2400 4587 2463 4624 ex
2515 4581 2605 4625 tua
2657 4573 2920 4643 dignitate
2964 4576 3120 4631 faris.
3174 4577 3307 4631 Nam
3357 4596 3456 4649 ego
3502 4599 3590 4637 me

2025 4659 2190 4713 verba
2226 4660 2315 4714 illa
2344 4661 2576 4716 Chumni
2607 4666 2830 4717 omnino
2863 4682 2968 4720 nou
2995 4667 3292 4736 audivisse,
3324 4671 3420 4724 tibi
3454 4688 3588 4727 con-

2025 4748 2239 4805 firmare
2283 4766 2524 4817 possum.
2558 4765 2615 4808 et
2650 4754 2782 4808 mihi
2816 4754 2974 4810 (idem
3012 4757 3197 4814 haberi
3233 4776 3450 4830 aequum
3484 4774 3587 4825 est,

2023 4852 2266 4914 putaque
2303 4847 2701 4916 imperatricem
2731 4851 2920 4906 eadem
2954 4870 3165 4908 mecum
3189 4857 3591 4912 confessuram.

2022 4933 2178 4988 Haud
2219 4937 2364 4990 enim
2412 4955 2601 4994 vocem
2645 4943 2936 5008 tenuisset,
2986 4945 3031 4998 si
3078 4946 3411 5007 audivisset,
3451 4956 3506 4999 et
3537 4957 3590 5000 te

2024 5041 2225 5086 tactum
2280 5034 2624 5090 credidisset.
2671 5037 2850 5103 Quare
2897 5050 2948 5094 te
2994 5057 3090 5094 oro
3139 5057 3474 5110 quassoque,
3507 5045 3588 5097 uti

2022 5125 2208 5180 verbis
2258 5127 2456 5182 talibus
2508 5129 2573 5182 ad
2617 5145 2736 5184 eam
2772 5130 3152 5199 supersedeas,
3186 5149 3308 5200 quae
3346 5150 3588 5201 praesen~

2023 5216 2171 5271 tibus
2221 5219 2377 5272 malis
2434 5235 2542 5273 non
2601 5236 2768 5288 parvo
2815 5221 3186 5276 additamento
3213 5223 3398 5278 futura
3429 5237 3582 5280 sunt.

2020 5305 2181 5378 357
2223 5309 2316 5364 Ille
2347 5325 2456 5362 non
2482 5325 2540 5363 se
2569 5308 2808 5374 ﬂectere,
2836 5320 2892 5364 et
2915 5303 3120 5366 instare
3155 5325 3211 5367 ut
3243 5315 3582 5383 imperatrici

2021 5403 2250 5456 nuntius
2311 5401 2444 5465 iret;
2501 5415 2648 5455 nunc
2693 5399 2912 5470 quidem
2967 5403 3099 5479 illud
3145 5407 3369 5459 verbum
3407 5409 3581 5462 solum

333 5501 630 5568 ἐσομένων
656 5499 923 5570 ἐπιθήκην
948 5498 1058 5550 τῶν
1089 5497 1297 5552 κακῶν.
1330 5495 1388 5549 Ὀ
1417 5495 1459 5548 δ’
1492 5497 1594 5548 οὐκ
1619 5496 1764 5564 ἀνίη,
1800 5495 1915 5548 ἀλλ’

2025 5508 2160 5551 esse.
2211 5491 2354 5560 quod
2396 5491 2586 5544 turbas
2629 5490 2960 5558 concitaret;
2997 5493 3225 5549 fortasse
3259 5507 3440 5554 autem
3477 5499 3587 5556 alia

333 5593 607 5646 ἐκέλευεν
649 5587 1037 5660 ἀπαγγέλλειν.
1087 5587 1200 5640 Νῦν
1235 5587 1334 5659 μὲν
1369 5590 1598 5656 φάσκων
1637 5587 1730 5639 τὸν
1759 5585 1915 5652 λόγον

2025 5586 2290 5656 quosdam
2344 5585 2552 5638 inclusa
2601 5584 2799 5636 habere
2834 5583 2888 5636 in
2921 5593 3162 5651 pectore,
3186 5602 3318 5656 qua:
3352 5590 3587 5658 prodere

341 5685 523 5756 μῷνον
578 5685 785 5738 ἐκεῖνον
835 5683 926 5737 τὸν
978 5681 1282 5751 ποιήσαντα
1342 5679 1439 5749 τὴν
1483 5677 1751 5748 ταραχὴν,
1781 5676 1914 5737 ίσως

2025 5677 2216 5732 nolint.
2261 5673 2456 5728 Statim
2503 5672 2668 5743 igitur
2713 5673 3030 5743 patriarcha
3071 5677 3138 5731 ad
3181 5679 3586 5750 imperatricenl
