3992 6202
417 230 518 294 ΗΞ)

1599 228 1918 290 JOANNIS
1975 227 2001 288 ί

2103 227 2499 330 mensem
3059 210 3068 218 ’
3407 258 3418 263 -
3517 234 3602 298 τρο

419 348 602 409 refert,
643 361 762 415 quae
807 359 837 398 a
869 359 1065 414 magno
1099 343 1404 399 domestico
1434 341 1730 411 acceperit,
1765 343 1988 412 etjussa

2103 341 2147 393 δέ
2171 358 2291 394 τινα
2325 329 2414 394 καὶ
2475 341 2606 395 ἄλλα
2642 329 2786 410 ἔχειν
2811 340 3088 411 ἀνέκφορχ
3140 343 3195 396 ἐν
3232 345 3292 412 τῇ
3336 345 3484 418 ψυχῇ,
3519 350 3606 403 Ag.

419 438 600 493 allicit.
630 437 760 502 Quae
791 443 898 488 tam
927 435 1252 502 insperatos,
1280 444 1334 487 et
1359 434 1755 502 inexspecmtos
1777 447 1988 486 sermo-

420 543 518 582 nes
563 527 790 582 auribus
822 525 1081 580 hauriens
1112 525 1492 588 contristatur,
1524 532 1579 578 et
1611 522 1676 576 ad
1709 530 1989 592 stuporem

419 621 672 684 miratur,
725 619 852 688 quid
892 633 1019 672 eum
1051 617 1117 671 ad
1157 617 1271 672 ha-e
1305 616 1614 686 cogitanda,
1650 627 1707 670 et
1735 615 1840 668 sibi
1869 615 1988 669 elo-

343 752 352 758 .
419 709 636 780 quenda
687 707 1004 778 perpulerit.
1052 703 1260 762 Tamen
1305 714 1364 759 ut
1397 721 1453 760 se
1485 704 1722 775 collegit,
1751 705 1798 758 ei
1827 704 1990 759 vicis-

419 803 520 856 sim
570 800 808 854 nuntiari
851 799 1010 869 jubet
1041 797 1191 851 nulla
1237 797 1448 852 ratione
1481 796 1598 850 hcce
1627 796 1802 864 ipsum
1839 795 1989 864 loqui

421 892 641 955 decere,
682 903 862 958 neque
889 889 1008 958 ejus
1048 887 1290 957 ingenio,
1324 902 1504 957 neque
1537 901 1723 942 amore
1748 885 1992 955 illo,quo

423 997 482 1038 se
517 983 632 1052 ipse
663 989 717 1037 et
753 981 1054 1048 imperator.
1083 986 1276 1033 mutuo
1307 977 1623 1040 diiexerint,
1657 992 1929 1047 quemque
1963 993 1992 1032 a

425 1072 660 1141 pueritia
693 1086 866 1141 usque
891 1069 958 1125 ad
989 1071 1094 1124 hoc
1123 1080 1338 1139 tempus
1381 1085 1581 1138 purum
1609 1065 1996 1132 sincerumque

423 1163 824 1227 conservarint,
857 1162 1020 1231 digna
1047 1176 1188 1216 esse.
1221 1159 1489 1224 Quocirca
1513 1173 1572 1214 se
1589 1157 1816 1214 credere
1832 1158 1996 1210 etiam

426 1274 535 1313 non
585 1271 768 1326 posse,
821 1269 947 1310 eum
979 1264 1206 1325 propter
1237 1251 1516 1307 hominem
1551 1252 1764 1306 fatuum
1797 1267 1864 1307 eo
1891 1252 1999 1306 ira-

424 1350 640 1406 cundiae
671 1345 1124 1418 mgritudinisque
1152 1346 1509 1416 processisse.
1571 1345 1777 1400 Deinde
1809 1359 1868 1399 se
1898 1357 1999 1399 nec

425 1441 647 1495 audisse
694 1437 826 1508 quid
879 1436 1128 1503 diceret;
1178 1451 1279 1490 nec
1331 1438 1376 1490 si
1427 1437 1618 1491 audire
1661 1436 1995 1506 contigisset,

426 1543 609 1598 operae
641 1525 882 1596 pretium
915 1538 1208 1578 censuram
1243 1521 1411 1578 fuisse
1443 1523 1722 1578 hominem
1745 1525 1996 1588 multare,

427 1617 653 1692 «plaudo,
693 1616 924 1684 ipsemet
972 1629 1080 1668 non
1129 1613 1394 1667 minorem
1447 1629 1610 1682 quam
1648 1613 1786 1682 ipsa,
1817 1623 1872 1668 et
1902 1629 1998 1681 pu-

2094 429 2217 482 τίκα
2250 431 2348 500 μὲν
2373 427 2466 484 οὖν
2499 431 2527 482 ὁ
2557 431 2900 500 πατριάρχης
2928 433 3094 484 ἐποίει
3126 433 3192 485 τά
3226 435 3608 506 κεκελευσμένα,

2076 522 2190 574 ’καὶ
2217 525 2283 592 τῇ
2321 521 2555 594 βασιλίδι
2610 524 2951 592 ἀπήγγειλεν
2975 524 3074 576 ὅσα
3117 527 3144 577 ὁ
3189 525 3356 594 μέγας
3391 528 3612 597 δομέστι-

2096 628 2189 674 κος
2223 613 2358 682 πρὸς
2388 612 2551 666 αὑτὸν
2600 613 2928 684 διαλεχθείη.
2993 615 3058 668 Ἢ
3093 615 3148 668 δὲ
3182 616 3389 679 ἐλπίδος
3416 636 3470 671 τε
3506 619 3615 686 ἔξω,

2097 704 2191 757 καὶ
2228 704 2370 774 πέρα
2415 703 2746 773 προσδοκίας
2796 705 2989 774 λόγους
3021 707 3139 768 ταῖς
3188 709 3372 770 ἀκοαῖς
3413 710 3651 776 accisis--

2101 794 2262 864 μένη,
2291 795 2482 864 ὴνιᾶτο
2516 795 2618 864 μὲν
2665 785 2758 848 ἐπὶ
2803 797 2920 857 τοῖς
2967 796 3284 865 λεγομένοις
3307 839 3321 862 ,
3357 800 3620 871 ἐξεπέπλη.

2097 899 2194 935 κτο
2226 881 2304 948 δὲ,
2337 882 2387 946 ὃ,
2420 898 2472 934 τι
2510 881 2570 934 τὸ
2603 880 2694 934 τὸν
2737 882 2914 950 μέγαν
2946 882 3264 951 δομέστικον
3321 888 3500 940 πεῖσαν
3526 905 3622 942 τοι.-

2095 973 2238 1027 αὖτά
2267 990 2325 1026 τε
2357 973 2734 1043 ἐνθυμηθῆναι
2762 972 2859 1026 καὶ
2889 975 3026 1042 πρὶς
3057 973 3226 1045 αὐτὴν
3262 977 3428 1028 εἰπεῖν
3451 993 3464 1008 ·
3493 978 3621 1046 ὅμως

2097 1065 2295 1136 ἑαυτὴν
2337 1065 2708 1130 ἀναλαϐοῦσα,
2743 1067 3085 1137 ἀντεμήνυεν
3139 1067 3308 1138 αὐτῷ,
3343 1068 3412 1139 μὴ
3445 1071 3622 1123 παντά-

2099 1174 2264 1212 πασιν
2302 1157 2452 1227 αὑτῷ
2495 1149 2796 1229 προσήκειν
2813 1159 2959 1230 ,τοὺς
2992 1159 3270 1222 τοιούτους
3300 1161 3500 1228 λόγους,
3525 1162 3626 1214 οὐδὲ

2095 1249 2196 1318 τῆς
2226 1248 2390 1302 αὐτοῦ
2421 1249 2660 1322 διανοίας
2713 1249 2899 1314 ἀξίους
2979 1245 3119 1304 εῐναι
3154 1266 3168 1282 ⁶
3219 1251 3337 1304 οὐδὲ
3392 1253 3484 1321 τῆς
3513 1253 3628 1320 πρὸς

2101 1339 2326 1411 βασιλέα
2377 1339 2560 1410 φιλίας
2606 1343 2676 1412 ἢν
2704 1343 2768 1396 ἐκ
2809 1342 3016 1396 παίδων
3063 1343 3221 1412 ἄχρι,
3276 1343 3368 1396 καὶ
3414 1345 3490 1401 εἰς
3529 1344 3628 1397 τόδε

2099 1433 2290 1503 χρόνου
2320 1432 2572 1502 ἀλλήλοις
2618 1433 2986 1504 διετηρήσατε
3034 1435 3222 1488 ἄδολον
3263 1436 3355 1489 καὶ
3393 1435 3627 1504 καθαράν.

2099 1524 2190 1576 Διὸ
2215 1523 2338 1577 οὐδὲ
2381 1521 2664 1586 πείθεσθαι
2693 1518 2782 1578 οἷά
2815 1541 2876 1578 τε
2925 1527 3042 1594 εἰμὶ
3069 1526 3144 1588 ὡς
3181 1523 3632 1596 παραφρονοῦντος

2103 1615 2267 1668 ’ἑνεκα
2293 1614 2584 1686 ἀνθρώπου
2641 1616 2923 1688 προήχθης
2957 1619 3038 1680 εἰς
3088 1615 3336 1670 τοσοῦτον
3369 1617 3459 1670 καὶ
3486 1615 3633 1686 ὀργῆς

427 1687 616 1762 niendi
642 1687 672 1760 a
702 1704 904 1773 quibus
936 1703 1185 1759 oli'ensus
1210 1703 1302 1766 sit,
1331 1712 1385 1758 et
1407 1703 1744 1773 ignoscendi,
1777 1703 1820 1757 si
1848 1704 1997 1762 velit.

2107 1705 2198 1759 καὶ
2225 1705 2422 1773 λύπης.
2467 1703 2609 1772 Ἐγὼ
2648 1705 2703 1758 δὲ
2739 1707 2864 1775 μήτ’
2914 1707 3214 1776 ἀκηκοέναι
3255 1706 3346 1759 τοῦ
3379 1704 3632 1775 ἀνθρώπου

431 1799 818 1856 auctoritatem
869 1795 1088 1850 habeat.
1127 1795 1494 1862 Quamobrem
1529 1795 1573 1849 si
1606 1803 1831 1866 propter
1865 1794 1998 1847 illud

429 1891 661 1946 verbum
703 1890 970 1944 duntaxat
997 1888 1396 1959 indignaretur,
1427 1901 1457 1942 a
1486 1886 1778 1956 semetipso
1807 1887 1997 1955 magis,

431 1997 595 2052 quam
632 1980 700 2036 ab
735 1979 827 2034 illa
859 1994 1050 2049 poenas
1077 1993 1294 2034 sumere
1323 1979 1640 2034 convenire.
1675 1979 1729 2034 Si
1758 1994 1867 2049 quo
1892 1979 2001 2034 alio

430 2073 536 2128 sibi
589 2087 730 2142 opus
771 2071 862 2134 sit,
891 2069 1037 2140 quod
1073 2070 1189 2138 ipsa
1223 2085 1394 2139 usque
1426 2085 1572 2124 nunc
1606 2069 1842 2141 ignoret,
1875 2083 1999 2124 cum

431 2163 630 2218 ﬁducia
661 2161 871 2232 aperiat
904 2177 918 2212 :
957 2159 1091 2212 nihil
1125 2157 1238 2212 fore
1259 2199 1273 2226 ,
1306 2160 1360 2214 in
1396 2173 1506 2228 quo
1535 2159 1654 2229 ejus
1679 2159 1862 2214 animo
1885 2145 2000 2212 non

428 2256 668 2312 libenter
718 2250 1091 2324 gratiﬁcalura
1145 2251 1238 2311 sit,
1291 2250 1394 2304 nisi
1438 2251 1608 2305 multo
1652 2250 1884 2305 maxime
1932 2251 1999 2304 ad

428 2342 796 2421 praestandum
829 2339 1170 2410 impossibile
1206 2339 1392 2396 fuerit.
1426 2340 1518 2396 Sic
1542 2341 1863 2421 imperatrix
1884 2357 2000 2396 ma-

429 2416 537 2508 gno
571 2435 874 2492 domestico
921 2433 1365 2504 respondendum
1398 2435 1630 2488 curavit.
1672 2433 1773 2501 Qui
1805 2416 1870 2489 ad
1910 2451 2003 2505 pa-

331 2574 352 2586 ,
430 2527 752 2592 triarebam,
801 2525 872 2579 Et
925 2534 981 2578 tu
1015 2523 1234 2593 penitus
1276 2523 1382 2578 vim
1432 2523 1721 2578 verborum
1751 2541 1998 2596 meorum

432 2623 671 2690 ignoras,
727 2619 929 2688 inquit,
985 2625 1040 2671 et
1085 2617 1330 2687 Augusta
1377 2630 1408 2669 a
1447 2617 1778 2688 cogitatione
1809 2633 1998 2673 eorum

365 2780 367 2783 ι
431 2727 552 2780 qua:
599 2709 757 2771 ﬁunt,
789 2709 946 2763 abest
978 2707 1318 2777 longissime.
1357 2705 1426 2761 Ut
1451 2719 1633 2762 autem
1659 2717 1713 2762 et
1745 2717 1798 2762 tu
1834 2709 1998 2774 scias,

429 2809 486 2852 et
537 2800 616 2854 illi
667 2813 928 2868 exponas,
977 2807 1148 2866 quam'
1190 2812 1295 2852 non
1341 2797 1527 2867 iniqua
1573 2799 1626 2852 in
1673 2799 1837 2854 corde
1881 2815 2002 2854 meo

431 2908 670 2958 versent,
725 2893 853 2947 audi
913 2891 1037 2960 quis
1068 2891 1136 2944 sit
1181 2905 1334 2945 meus
1377 2891 1442 2946 de
1477 2893 1752 2962 republica
1783 2909 1996 2951 sensus.

433 2983 608 3038 Meam
641 2998 764 3037 cum
796 2980 1058 3035 deiuncto
1088 2979 1417 3049 imperatore
1452 2996 1482 3034 a
1512 2981 1696 3050 pueris
1722 2981 2002 3050 perfccus-

431 3073 626 3129 simain
679 3071 976 3126 amicitiam
1003 3110 1019 3135 ,
1065 3078 1122 3124 et
1163 3079 1216 3124 te
1255 3071 1468 3126 nescire
1498 3071 1764 3128 credibile
1797 3083 1916 3142 est;
1946 3083 2002 3130 et

432 3162 752 3233 imperauix
793 3161 846 3214 in
870 3161 1047 3230 patria
1069 3159 1247 3214 adhuc
1267 3159 1469 3231 degens
1493 3176 1652 3220 nosse
1676 3163 1769 3234 qui
1791 3165 2004 3235 potuit?

433 3256 588 3323 Quod
619 3270 753 3310 vero
779 3255 844 3308 ad
875 3253 1080 3310 bellum
1111 3261 1302 3307 contra
1330 3269 1492 3311 avum
1535 3267 1590 3312 et
1618 3257 1917 3328 inceptum,
1949 3267 2006 3312 et

435 3349 651 3402 ﬁnitum
695 3347 913 3411 attinet,
957 3344 1177 3416 quando
1229 3348 1456 3418 reliquis
1487 3349 1741 3403 onmibus
1773 3351 2004 3403 multum

432 3449 493 3500 et
534 3439 683 3497 varie
713 3439 1042 3506 immutatis,
1091 3439 1455 3509 omnibusque
1495 3441 1914 3496 adversantibus
1949 3443 2002 3494 in

433 3526 714 3590 extremas
746 3531 856 3586 fere
889 3529 1236 3586 diﬂicultatcs
1257 3529 1500 3598 devenit,
1527 3547 1689 3600 quam
1720 3543 2006 3604 promptus

434 3629 486 3682 ei
525 3625 742 3696 adjutor
775 3622 1110 3688 exstiterim,
1157 3637 1258 3678 nec
1286 3623 1502 3692 (Ὧι-ροιιί
1538 3639 1681 3690 meo,
1714 3640 1813 3679 nec
1843 3640 2008 3695 pecu-

435 3717 564 3783 niis,
609 3731 711 3771 nec
737 3715 827 3770 alii
865 3715 1101 3784 cuipiam
1139 3723 1321 3768 rerum
1349 3731 1593 3769 mearum
1625 3731 1872 3785 parcens,
1909 3717 2006 3772 sed

435 3806 780 3877 temporibus
809 3805 1045 3869 miseris,
1079 3811 1137 3873 ,et
1167 3804 1376 3859 amicos
1405 3821 1692 3876 germanos
1723 3809 2009 3876 requiren-

437 3900 608 3963 tibus,
631 3898 813 3952 omnia
837 3897 886 3952 ei
919 3897 1094 3950 iactus
1119 3896 1242 3961 sim,
1275 3898 1590 3966 nullumque
1614 3897 1850 3952 cilicium
1873 3914 2008 3968 prae-

439 3995 770 4050 termiserim
797 4011 812 4059 ;
843 4002 895 4047 et
923 4001 1218 4062 postquam
1243 4009 1424 4047 rerum
1451 4009 1719 4047 summam
1745 3994 2004 4060 obtinuit,

437 4095 703 4156 quantum
752 4087 818 4140 ad
868 4095 1125 4138 externos
1173 4071 1378 4148 boste’s,
1417 4084 1652 4149 ϐιαιως,
1684 4085 2009 4154 inquam,et

437 4175 729 4242 Barbaros,
783 4188 839 4233 et
889 4177 954 4231 ad
1003 4177 1334 4231 domesticos
1388 4176 1736 4231 insidiatores
1787 4180 2006 4244 attinet,

439 4271 604 4342 358
655 4269 932 4341 quomodo
986 4283 1086 4338 ego
1122 4278 1374 4336 tanquam
1407 4267 1548 4321 alter
1576 4269 1662 4322 ille
1691 4269 1740 4322 ei
1773 4269 2009 4323 Collabo-

2100 1796 2349 1863 λέγοντος
2377 1794 2644 1865 ὁμολογῶ,
2678 1797 2807 1866 μήτ’
2841 1796 2890 1848 εί
2927 1799 3023 1850 καὶ
3063 1796 3343 1850 συνέϐαινε
3373 1795 3632 1858 πυθέσθαι,

2102 1887 2384 1958 προῦργου
2443 1887 2778 1959 ποιήσασθαι
2819 1887 3068 1952 κολάζειν
3108 1889 3203 1942 τὸν
3253 1889 3500 1941 εἰπόντα·
3529 1887 3635 1940 οὐδὲ

2101 1981 2210 2050 γὰρ
2235 1981 2399 2044 αὐτὸς
2434 1981 2498 2034 σὺ
2522 1969 2734 2038 ἐλάττω
2762 1980 2992 2050 δύναμιν
3020 1981 3191 2051 ἔχεις,
3223 1981 3256 2051 ἢ
3289 1980 3394 2049 ἐγὼ
3415 1980 3635 2042 κολάζειν

2101 2089 2160 2124 τε
2195 2072 2316 2134 τοὺς
2350 2071 2813 2158 προσκρούοντας,
2855 2073 2948 2127 καὶ
3001 2072 3336 2142 συγγνώμην
3401 2074 3636 2141 παρέχειν

2101 2167 2165 2220 ἂν
2191 2167 2409 2240 ἐθέλῃς.
2467 2167 2530 2243 Εἰ
2573 2182 2672 2238 μεν
2700 2164 2794 2222 οὖν
2848 2169 3076 2222 ἐκείνων
3116 2170 3279 2222 ἕνεκα
3331 2169 3432 2222 τῶν
3485 2168 3637 2236 λόγων

2104 2257 2259 2326 μόνον
2309 2259 2664 2325 ἀγανακτεῖς,
2713 2259 2863 2324 παρά
2934 2257 3138 2312 σαυτοῦ
3191 2259 3388 2329 μᾶλλον
3439 2259 3470 2328 ἦ
3525 2257 3637 2328 παρ’

2101 2349 2237 2417 ἐμοῦ
2295 2351 2562 2420 προσήκει
2605 2351 2905 2420 λαμϐάνειν
2945 2351 3119 2414 δίκας.
3170 2354 3229 2404 Et
3269 2353 3325 2405 δὲ
3379 2352 3466 2404 καί
3515 2368 3635 2414 τινος

2101 2440 2291 2508 ἑτέρου
2352 2438 2444 2510 δὲῃ
2483 2441 2617 2508 ὅπερ
2649 2439 2778 2509 ἄχρι
2826 2439 2918 2493 νῦν
2963 2443 3243 2507 ἄγνωστον
3287 2441 3430 2509 ἐμοὶ,
3483 2441 3638 2506 λέγειν

2103 2529 2426 2600 θαρροῦντα,
2449 2531 2524 2594 ὡς
2565 2531 2692 2603 παρ’
2747 2533 2870 2601 ἐμοὶ¹
2898 2532 3157 2586 δύσκολον
3187 2532 3442 2604 ἐσόμενον
3497 2532 3639 2603 μηδὲν

2101 2621 2236 2692 ᾶπερ
2287 2622 2351 2676 ἄν
2398 2639 2497 2689 ,σοι
2529 2627 2672 2676 ’κατὰ
2723 2623 2948 2694 γνώμην
2999 2620 3054 2696 ᾖ,
3105 2629 3153 2677 εἰ
3202 2625 3278 2696 μὴ
3317 2625 3486 2694 πάντη
3548 2623 3636 2676 τῶν

2102 2713 2528 2766 ἀδυνατωτάτων
2593 2715 2705 2784 εἴη.
2757 2715 3002 2768 Τοιαῦτα
3049 2715 3150 2785 μὲν
3202 2719 3234 2786 ἡ
3277 2717 3482 2786 βασιλὶς
3524 2715 3636 2784 πρὶς

2101 2799 2225 2861 τὼς
2255 2799 2348 2852 τοῦ
2398 2801 2639 2868 μεγάλου
2669 2801 2998 2871 δομεστίκου
3048 2803 3244 2870 λόγους
3295 2803 3597 2872 ἀπεκρίνατο
3623 2816 3634 2831 ⁸

2103 2891 2130 2944 ὃ
2158 2891 2201 2944 δ’
2233 2891 2496 2963 ἔφασκεν,
2533 2893 2696 2946 αὐτόν
2736 2912 2794 2947 τε
2831 2897 3182 2950 παντάπασιν
3224 2894 3638 2966 ὴγνοηκὲναιτὴν

2029 3011 2073 3070 C
2106 2983 2336 3056 δύναμιν
2375 2986 2484 3038 τῶν
2513 2985 2684 3056 λόγων
2729 2986 2837 3039 τῶν
2901 2987 3092 3054 αὗτοῦ,
3153 2988 3250 3040 καὶ
3304 2987 3534 3056 βασιλίδα
3559 2985 3640 3053 τὴν

2104 3077 2347 3132 διάνοιαν
2393 3079 2498 3132 τῶν
2549 3080 2895 3148 γιγνομένων
2944 3079 3182 3149 μάλιστα
3211 3081 3286 3143 ὡς
3336 3079 3640 3152 πορρωτάτω

2104 3171 2268 3240 ἔχειν.
2313 3170 2430 3224 ’Ὶνα
2469 3171 2526 3222 δὲ
2577 3171 2734 3234 αὑτάς
2766 3189 2824 3224 τε
2873 3173 3022 3242 εἰδῇς
3061 3174 3156 3226 καὶ
3191 3173 3422 3243 βασιλίδι
3449 3171 3637 3240 φράσῃς

2103 3263 2176 3326 ὡς
2209 3263 2393 3317 δίκαια
2421 3264 2758 3335 διανοοῦμαι,
2792 3265 2866 3328 ὡς
2897 3267 3004 3336 ἔχω
3031 3267 3162 3334 περὶ
3189 3267 3300 3319 τῶν
3329 3264 3638 3336 πραγμάτων

2106 3336 2356 3415 ἄκουσονῖ
2415 3355 2526 3426 Τὴν
2562 3357 2660 3425 μὲν
2709 3355 2844 3427 ἐμοῦ
2891 3373 2950 3426 τε
3006 3359 3100 3411 καὶ
3143 3357 3412 3427 βασιλέως
3457 3355 3639 3408 ἐκείνου

2106 3452 2242 3517 πρὸς
2272 3448 2531 3517 ἀλλήλους
2579 3447 2645 3500 ἐκ
2683 3447 2890 3500 παίδων
2937 3449 3253 3516 ἀκροτάτην
3286 3447 3483 3516 φιλίαν,
3511 3443 3567 3496 σύ
3595 3439 3639 3494 τἼ

2105 3533 2171 3587 ἂν
2197 3537 2448 3604 ἀενοοξης
2511 3533 2700 3602 ὥσπερ
2727 3533 2894 3599 εἰκὸς,
2949 3534 3044 3587 καὶ
3079 3535 3112 3604 ἡ
3150 3535 3365 3604 βασιλὶς
3406 3534 3531 3604 rvpi;
3560 3528 3643 3599 τὴν

2106 3627 2286 3680 οἰκίαν
2331 3626 2688 3696 διατρίϐουσα
2712 3642 2726 3658 ο
2757 3626 3084 3696 ὃσα¹μὲντοι
3135 3643 3202 3694 γε
3239 3627 3375 3698 πρὸς
3413 3625 3499 3678 τὶν
3527 3623 3644 3693 πρὸς

2110 3718 2332 3789 βασιλέα
2360 3719 2450 3771 τὸν
2497 3720 2724 3784 πάππον
2756 3717 3014 3787 πόλεμον,
3067 3719 3163 3770 καὶ
3225 3717 3522 3790 ἀρχομένου
3565 3713 3644 3768 καὶ

2108 3811 2486 3876 τελευτῶντος,
2519 3813 2606 3864 ὅτε
2650 3812 2760 3864 τῶν
2809 3811 2988 3865 ἀλλων
3023 3812 3283 3866 ἁπάντων
3347 3812 3538 3872 πολλὰς
3564 3805 3646 3861 καὶ

2110 3902 2458 3966 παντοδαπὰς
2525 3903 2876 3956 ὑποστάντων
2917 3903 3018 3966 τὰς
3064 3905 3396 3972 μεταϐολὰς,
3453 3903 3644 3956 πάντων

2109 3992 2589 4064 ἀντιτεταγμένων
2627 3993 2811 4062 σχεδὸν
2838 3993 2919 4057 είς
2949 3994 3188 4062 ἐσχάτην
3242 3992 3474 4063 ἀπορίαν
3501 4005 3644 4057 συνη-

2110 4085 2268 4155 λάυη,
2297 4085 2444 4154 αὐτῷ
2477 4086 2770 4156 προθύμως
2802 4087 3289 4158 συνηγωνισάμην,
3327 4089 3460 4158 μήτε
3483 4084 3645 4153 σώμα-

2109 4193 2201 4240 τος
2225 4176 2541 4246 φειδόμενος
2569 4219 2582 4242 ,
2618 4177 2756 4248 μήτε
2813 4178 3132 4248 χρημάτων,
3185 4181 3317 4250 μήτ’
3357 4179 3508 4234 ἀλλον
3553 4174 3645 4226 τῶν

2111 4267 2327 4320 οἰκείων
2377 4269 2629 4338 μηδενὸς,
2685 4268 2803 4322 ἀλλ’
2841 4273 2901 4324 ἐν
2951 4273 3064 4333 τοῖς
3122 4273 3362 4340 μάλιστα
3391 4269 3644 4335 ἐπείγουσι

441 4368 630 4428 rarim,
680 4371 736 4418 et
787 4378 913 4417 eum
953 4375 1041 4421 eo,
1089 4374 1152 4414 ac
1191 4376 1290 4429 pro
1317 4375 1382 4414 eo
1413 4359 1580 4414 multa
1625 4361 1808 4430 gravia
1864 4361 2001 4430 peri-

2115 4358 2222 4411 τῶν
2269 4359 2478 4428 καιρῶν
2509 4362 2604 4412 καὶ
2654 4357 2931 4428 δεομένοις
2970 4361 3212 4429 γνησίων
3271 4363 3437 4428 φίλων
3492 4357 3646 4410 πάντα

439 4457 732 4523 culos-aque
773 4452 1128 4507 sustinuerim
1175 4451 1330 4520 (sileo
1378 4451 1524 4505 enim
1560 4452 1625 4506 de
1658 4452 2006 4506 administra-

443 4548 590 4599 tione
615 4585 628 4608 ,
682 4557 790 4612 quo
837 4550 994 4610 pacto
1045 4556 1260 4594 onmem
1299 4556 1399 4610 ego
1428 4540 1669 4594 laborem
1703 4540 2004 4608 perferens,

414 4638 577 4704 ‘impt‘
593 4635 732 4686 rium
764 4633 864 4700 ipsi
887 4630 1202 4683 fac'dlimum
1233 4631 1860 4696 reddiderim),Romani
1892 4646 2010 4684 om-

443 4741 540 4779 nes
577 4722 718 4778 scire
774 4727 1022 4790 possunt,
1059 4721 1218 4774 rebus
1269 4720 1400 4788 ipsis
1429 4721 1869 4775 manifestissime
1898 4721 2008 4775 cla—

445 4815 745 4877 mantibus,
781 4822 836 4866 et
864 4811 1238 4865 testimonium
1283 4810 1486 4872 ferent;
1517 4827 1734 4879 praeque
1756 4813 2008 4866 omnibus

444 4907 787 4979 imperatrix,
839 4920 1000 4974 quant
1065 4918 1174 4956 non
1231 4903 1570 4971 experientia
1623 4913 1865 4968 tantum;
1911 4904 2004 4959 sed

443 5007 675 5074 ipsemet
699 5013 918 5070 quoque
941 4997 1236 5066 imperator
1265 4999 1329 5049 de
1362 5004 1548 5048 mutua
1581 4995 1729 5049 inter.
1745 5011 1845 5050 nos
1875 5000 2011 5050 coh-

445 5093 630 5150 eordia
659 5090 847 5145 docuit
881 5107 892 5142 :
927 5102 1048 5157 qum
1079 5087 1298 5155 quidem
1331 5095 1478 5138 tanta
1514 5087 1633 5150 fuit,
1663 5095 1724 5139 ut
1751 5086 2008 5156 Opinione

443 5193 564 5238 mea
609 5195 801 5236 omnes
845 5188 910 5250 “et
963 5177 1241 5246 antiquos,
1288 5185 1343 5230 et
1387 5188 1632 5230 recentes
1669 5175 1736 5230 ab
1769 5176 2010 5230 amicitia

442 5275 764 5330 nobilitatos
813 5269 1173 5342 superaverit.
1228 5268 1380 5323 Unde
1435 5286 1542 5322 non
1577 5269 1738 5322 modo
1767 5269 2006 5323 vicissim

442 5381 544 5418 nos
585 5363 873 5431 adjuvari,
912 5361 1005 5416 sed
1047 5363 1212 5414 etiam
1262 5375 1432 5427 usque
1467 5360 1530 5411 ad
1565 5359 1666 5412 hoc
1709 5367 1921 5427 tempus
1954 5357 2006 5412 in

445 5470 656 5508 Stttnma
703 5455 874 5523 gloria
907 5453 1106 5507 vixisse
1143 5452 1395 5520 contigit.
1451 5449 1633 5517 Turpe
1677 5449 1862 5517 igitur,
1899 5464 2006 5512 me,

447 5543 540 5613 qui
575 5545 806 5598 antehae
841 5559 1120 5613 nunquam
1160 5543 1323 5598 ullius
1353 5540 1636 5594 dedecoris
1663 5542 2006 5620 occasionem

450 5632 584 5689 mihi
634 5635 979 5704 pra'bucrim,
1030 5648 1175 5687 nunc
1222 5643 1435 5701 sponte,
1483 5646 1546 5685 ac
1595 5631 1852 5686 libentem
1894 5648 2006 5686 ma-

2115 4447 2376 4515 ὲγινόμην
2411 4445 2579 4514 αὐτῷ,
2616 4447 2710 4498 καὶ
2753 4445 2862 4498 τῶν
2907 4446 3156 4515 δεόντων,
3195 4449 3440 4502 ἐνέλιπον
3485 4443 3638 4502 οὐδὲν,

2117 4531 2210 4584 καὶ
2241 4533 2378 4601 μετὰ
2429 4533 2491 4583 τὸ
2539 4533 2649 4583 τῶν
2705 4532 3049 4601 πραγμάτων
3095 4534 3340 4603 ἐγκρατῆ
3395 4529 3643 4600 γενέσθαι,

2115 4625 2213 4676 ὅσα
2249 4641 2306 4676 τε
2336 4625 2473 4695 πρὸς
2507 4611 2632 4686 τοὺς
2680 4622 2878 4687 ἔξωθεν
2914 4624 3228 4694 πολεμίους,
3285 4626 3379 4678 καὶ
3410 4622 3645 4688 Ἕλληνας

2115 4713 2278 4782 λέγω,
2313 4714 2406 4766 καὶ
2443 4714 2504 4783 βα
2517 4713 2773 4784 ρϐάρους,
2801 4715 2894 4767 καὶ
2926 4715 3063 4785 πρὸς
3093 4716 3218 4777 τοὺς
3271 4717 3416 4768 ἔνδον
3449 4707 3642 4764 ἐπιϐού-

2116 4807 2262 4870 λους,
2294 4807 2484 4876 ὥσπερ
2516 4807 2674 4870 ἄλλος
2699 4805 2794 4860 ’ὢν
2835 4808 3018 4872 αὐτὸς,
3057 4809 3152 4860 καὶ
3210 4802 3644 4874 συγκατειργαζό·

2121 4917 2228 4970 μην
2269 4901 2359 4950 καὶ
2394 4898 2746 4968 συνδιέφερον
2805 4898 2952 4968 αὐτῷ
2981 4903 3107 4960 τοὺς
3143 4900 3284 4968 ὑπὲρ
3337 4894 3520 4950 ἑαυτοῦ
3567 4892 3646 4960 nr;-

2117 5006 2241 5051 νους
2305 4989 2400 5040 καὶ
2443 4988 2723 5050 κινδύνους
2768 4988 2862 5058 (ὲῶ
2899 4989 3008 5059 γάρ
3051 4989 3232 5056 λέγειν
3263 4987 3364 5058 τὴν
3403 4985 3643 5062 διοίκησιν

2115 5083 2226 5134 τῶν
2259 5082 2624 5150 πραγμάτων,
2651 5081 2725 5141 ὡς
2756 5081 2917 5142 αὐτὸς
2950 5081 3127 5134 πάντα
3160 5082 3321 5133 πόνον
3376 5074 3646 5145 ὑφιστάμε-

2083 5166 2230 5238 ’νος,
2261 5175 2464 5228 ἄλυπον
2505 5172 2652 5241 αὐτῷ
2683 5175 2776 5224 καὶ
2825 5173 3024 5226 ἄπονον
3069 5173 3285 5226 ἐποίουν
3329 5171 3425 5240 τὴν
3447 5161 3642 5236 ἀρχὴν)’

2118 5267 2318 5330 πάντες
2357 5265 2454 5336 μὲν
2501 5266 2565 5319 ἂν
2599 5267 2789 5318 εἰδεῖεν
2843 5265 3130 5335 Ῥωμαῖοι,
3163 5265 3340 5320 αὐτῶν
3366 5261 3643 5328 σαφέστατα

2118 5357 2364 5426 βοώντων
2417 5357 2524 5408 τῶν
2594 5353 2978 5426 πραγμάτων,”
3018 5357 3108 5411 καὶ
3153 5351 3642 5426 συμμαρτυρήσαιεν

2116 5447 2284 5516 ἐμοί..
2320 5448 2440 5504 Τῶν
2495 5449 2670 5501 ἄλλων
2713 5449 2768 5501 δὲ
2817 5449 3049 5522 ,πάντων
3108 5448 3338 5518 μάλιστα
3384 5445 3416 5511 ἡ
3455 5434 3640 5509 βασιλὶς

2117 5542 2214 5593 ὅσα
2260 5542 2332 5610 μὴ
2365 5542 2524 5610 μόνον
2554 5542 2655 5594 ὑπὸ
2695 5542 2801 5594 τῶν
2838 5544 3200 5612 πραγμάτων,
3238 5539 3367 5595 ἀλλά
3391 5538 3476 5590 καὶ
3502 5532 3638 5603 βων

2118 5631 2253 5695 λέως
2297 5633 2465 5686 αὑτοῦ
2518 5633 2616 5701 τὴν
2675 5635 2812 5703 πρὶς
2876 5635 3136 5704 ἀλλήλους
3197 5633 3349 5706 ἡμῶν
3390 5629 3628 5699 ὁμόνοιαν,

3898 2729 3899 2796 1

3897 2801 3899 2872 l
