  <div class='ocr_page' id='page_1' title='image "/cluster/home/n/w/nwhite01/storage/ocr_20150623/153/hvd.32044073502643/368.png"; bbox 0 0 3992 6202; ppageno 0'>
   <div class='ocr_carea' id='block_1_1' title="bbox 340 363 444 432">
    <p class='ocr_par' dir='ltr' id='par_1_1' title="bbox 340 363 444 432">
     <span class='ocr_line' id='line_1_1' title="bbox 340 363 444 432; baseline 0.038 -4"><span class='ocrx_word' id='word_1_1' title='bbox 340 363 444 432; x_wconf 67' lang='grc' dir='ltr'><strong>’ίὲι</strong></span> 
     </span>
    </p>
   </div>
   <div class='ocr_carea' id='block_1_2' title="bbox 1464 367 2418 431">
    <p class='ocr_par' dir='ltr' id='par_1_2' title="bbox 1464 367 2418 431">
     <span class='ocr_line' id='line_1_2' title="bbox 1464 367 2418 431; baseline -0.002 -3"><span class='ocrx_word' id='word_1_2' title='bbox 1464 369 1999 431; x_wconf 80' lang='lat' dir='ltr'><strong>IlISTORlARUM</strong></span> <span class='ocrx_word' id='word_1_3' title='bbox 2036 367 2270 428; x_wconf 76' lang='lat' dir='ltr'><strong>LIB-ER</strong></span> <span class='ocrx_word' id='word_1_4' title='bbox 2305 369 2418 427; x_wconf 86' lang='lat' dir='ltr'><strong>Ill.</strong></span> 
     </span>
    </p>
   </div>
   <div class='ocr_carea' id='block_1_3' title="bbox 3475 369 3580 430">
    <p class='ocr_par' dir='ltr' id='par_1_3' title="bbox 3475 369 3580 430">
     <span class='ocr_line' id='line_1_3' title="bbox 3475 369 3580 430; baseline -0.038 1"><span class='ocrx_word' id='word_1_5' title='bbox 3475 369 3580 430; x_wconf 73' lang='lat'><strong>723</strong></span> 
     </span>
    </p>
   </div>
   <div class='ocr_carea' id='block_1_4' title="bbox 297 471 1915 563">
    <p class='ocr_par' dir='ltr' id='par_1_4' title="bbox 297 471 1915 563">
     <span class='ocr_line' id='line_1_4' title="bbox 297 471 1915 563; baseline 0.001 -33"><span class='ocrx_word' id='word_1_6' title='bbox 297 477 440 563; x_wconf 40' lang='grc' dir='ltr'>,τὴν</span> <span class='ocrx_word' id='word_1_7' title='bbox 481 478 688 542; x_wconf 79' lang='grc' dir='ltr'>πάντας</span> <span class='ocrx_word' id='word_1_8' title='bbox 723 478 800 542; x_wconf 82' lang='grc' dir='ltr'>ὡς</span> <span class='ocrx_word' id='word_1_9' title='bbox 851 473 1062 550; x_wconf 79' lang='grc' dir='ltr'>ἐγῷμαι</span> <span class='ocrx_word' id='word_1_10' title='bbox 1107 479 1202 534; x_wconf 68' lang='grc' dir='ltr'><strong>καὶ</strong></span> <span class='ocrx_word' id='word_1_11' title='bbox 1260 497 1382 543; x_wconf 85' lang='grc' dir='ltr'>τους</span> <span class='ocrx_word' id='word_1_12' title='bbox 1435 471 1741 536; x_wconf 55' lang='grc' dir='ltr'>πάλαῖκαὶ</span> <span class='ocrx_word' id='word_1_13' title='bbox 1790 481 1915 542; x_wconf 71' lang='grc' dir='ltr'>τοὺς</span> 
     </span>
    </p>
   </div>
   <div class='ocr_carea' id='block_1_5' title="bbox 2014 471 3580 563">
    <p class='ocr_par' dir='ltr' id='par_1_5' title="bbox 2021 475 3580 546">
     <span class='ocr_line' id='line_1_5' title="bbox 2021 475 3580 546; baseline 0.002 -17"><span class='ocrx_word' id='word_1_14' title='bbox 2021 476 2252 543; x_wconf 85' lang='lat' dir='ltr'><strong>ledictis,</strong></span> <span class='ocrx_word' id='word_1_15' title='bbox 2299 487 2352 531; x_wconf 92' lang='lat' dir='ltr'><strong>et</strong></span> <span class='ocrx_word' id='word_1_16' title='bbox 2402 475 2826 544; x_wconf 70' lang='lat' dir='ltr'><strong>reprehensione</strong></span> <span class='ocrx_word' id='word_1_17' title='bbox 2865 475 3027 546; x_wconf 80' lang='lat' dir='ltr'><strong>digna</strong></span> <span class='ocrx_word' id='word_1_18' title='bbox 3056 477 3416 532; x_wconf 83' lang='lat' dir='ltr'><strong>coiumittcre.</strong></span> <span class='ocrx_word' id='word_1_19' title='bbox 3452 477 3580 532; x_wconf 70' lang='lat' dir='ltr'><strong>She</strong></span> 
     </span>
    </p>
   </div>
   <div class='ocr_carea' id='block_1_6' title="bbox 342 568 1906 642">
    <p class='ocr_par' dir='ltr' id='par_1_6' title="bbox 342 568 1906 642">
     <span class='ocr_line' id='line_1_6' title="bbox 342 568 1906 642; baseline 0.001 -21"><span class='ocrx_word' id='word_1_20' title='bbox 342 568 437 622; x_wconf 81' lang='grc' dir='ltr'><strong>νῦν</strong></span> <span class='ocrx_word' id='word_1_21' title='bbox 469 569 886 641; x_wconf 81' lang='grc' dir='ltr'>ὕπερελάσασαν</span> <span class='ocrx_word' id='word_1_22' title='bbox 945 572 1040 625; x_wconf 76' lang='grc' dir='ltr'><strong>ἐπὶ</strong></span> <span class='ocrx_word' id='word_1_23' title='bbox 1097 572 1249 642; x_wconf 76' lang='grc' dir='ltr'>φιλίᾳ.</span> <span class='ocrx_word' id='word_1_24' title='bbox 1299 573 1672 642; x_wconf 80' lang='grc' dir='ltr'>ύμνουμένους</span> <span class='ocrx_word' id='word_1_25' title='bbox 1718 570 1906 638; x_wconf 73' lang='grc' dir='ltr'>σαφῶς</span> 
     </span>
    </p>
   </div>
   <div class='ocr_carea' id='block_1_7' title="bbox 341 657 1906 731">
    <p class='ocr_par' dir='ltr' id='par_1_7' title="bbox 341 657 1906 731">
     <span class='ocr_line' id='line_1_7' title="bbox 341 657 1906 731; baseline 0 -18"><span class='ocrx_word' id='word_1_26' title='bbox 341 660 736 730; x_wconf 74' lang='grc' dir='ltr'>διδασκοέμνη.</span> <span class='ocrx_word' id='word_1_27' title='bbox 790 662 905 728; x_wconf 68' lang='grc' dir='ltr'><strong>Ἐφ’</strong></span> <span class='ocrx_word' id='word_1_28' title='bbox 940 657 1020 725; x_wconf 78' lang='grc' dir='ltr'>οἷς</span> <span class='ocrx_word' id='word_1_29' title='bbox 1070 664 1168 715; x_wconf 75' lang='grc' dir='ltr'>οὐκ</span> <span class='ocrx_word' id='word_1_30' title='bbox 1199 663 1528 731; x_wconf 79' lang='grc' dir='ltr'>ὡφελεῖσθαι</span> <span class='ocrx_word' id='word_1_31' title='bbox 1582 663 1742 730; x_wconf 84' lang='grc' dir='ltr'>μόνον</span> <span class='ocrx_word' id='word_1_32' title='bbox 1776 663 1906 730; x_wconf 83' lang='grc' dir='ltr'>παρ’</span> 
     </span>
    </p>
   </div>
   <div class='ocr_carea' id='block_1_8' title="bbox 347 754 1908 826">
    <p class='ocr_par' dir='ltr' id='par_1_8' title="bbox 347 754 1908 826">
     <span class='ocr_line' id='line_1_8' title="bbox 347 754 1908 826; baseline 0 -20"><span class='ocrx_word' id='word_1_33' title='bbox 347 754 628 824; x_wconf 75' lang='grc' dir='ltr'><strong>ἑκατέρων</strong></span> <span class='ocrx_word' id='word_1_34' title='bbox 656 754 971 810; x_wconf 72' lang='grc' dir='ltr'>συνέϐαινεν</span> <span class='ocrx_word' id='word_1_35' title='bbox 1005 759 1160 826; x_wconf 80' lang='grc' dir='ltr'>ἡμῖν,</span> <span class='ocrx_word' id='word_1_36' title='bbox 1210 757 1345 810; x_wconf 82' lang='grc' dir='ltr'>ἀλλὰ</span> <span class='ocrx_word' id='word_1_37' title='bbox 1393 759 1486 810; x_wconf 76' lang='grc' dir='ltr'>καί</span> <span class='ocrx_word' id='word_1_38' title='bbox 1515 756 1606 808; x_wconf 78' lang='grc' dir='ltr'>τὸν</span> <span class='ocrx_word' id='word_1_39' title='bbox 1652 756 1780 825; x_wconf 74' lang='grc' dir='ltr'>ἄχρι</span> <span class='ocrx_word' id='word_1_40' title='bbox 1815 754 1908 806; x_wconf 80' lang='grc' dir='ltr'><strong>νῦν</strong></span> 
     </span>
    </p>
   </div>
   <div class='ocr_carea' id='block_1_9' title="bbox 346 831 1910 918">
    <p class='ocr_par' dir='ltr' id='par_1_9' title="bbox 346 843 1910 918">
     <span class='ocr_line' id='line_1_9' title="bbox 346 843 1910 918; baseline 0.003 -24"><span class='ocrx_word' id='word_1_41' title='bbox 346 844 534 914; x_wconf 80' lang='grc' dir='ltr'>χρόνον</span> <span class='ocrx_word' id='word_1_42' title='bbox 578 845 938 901; x_wconf 79' lang='grc' dir='ltr'>εύκλεέστατα</span> <span class='ocrx_word' id='word_1_43' title='bbox 988 847 1331 918; x_wconf 79' lang='grc' dir='ltr'>βεϐιωκέναι.</span> <span class='ocrx_word' id='word_1_44' title='bbox 1392 851 1626 902; x_wconf 63' lang='grc' dir='ltr'>Ἄτοπον</span> <span class='ocrx_word' id='word_1_45' title='bbox 1674 843 1788 906; x_wconf 75' lang='grc' dir='ltr'>οὖν,</span> <span class='ocrx_word' id='word_1_46' title='bbox 1819 847 1910 898; x_wconf 75' lang='grc' dir='ltr'>τὸν</span> 
     </span>
    </p>
   </div>
   <div class='ocr_carea' id='block_1_10' title="bbox 350 932 1910 1006">
    <p class='ocr_par' dir='ltr' id='par_1_10' title="bbox 350 932 1910 1006">
     <span class='ocr_line' id='line_1_10' title="bbox 350 932 1910 1006; baseline 0.001 -22"><span class='ocrx_word' id='word_1_47' title='bbox 350 932 446 1001; x_wconf 81' lang='grc' dir='ltr'><strong>μὲν</strong></span> <span class='ocrx_word' id='word_1_48' title='bbox 491 932 597 1002; x_wconf 78' lang='grc' dir='ltr'><strong>πρὸ</strong></span> <span class='ocrx_word' id='word_1_49' title='bbox 647 933 743 986; x_wconf 79' lang='grc' dir='ltr'>τοῦ</span> <span class='ocrx_word' id='word_1_50' title='bbox 793 936 988 1003; x_wconf 78' lang='grc' dir='ltr'>χρόνον</span> <span class='ocrx_word' id='word_1_51' title='bbox 1033 935 1272 995; x_wconf 73' lang='grc' dir='ltr'>ἅπαντα,</span> <span class='ocrx_word' id='word_1_52' title='bbox 1331 937 1600 1006; x_wconf 77' lang='grc' dir='ltr'>μηδέποτε</span> <span class='ocrx_word' id='word_1_53' title='bbox 1635 936 1910 1006; x_wconf 79' lang='grc' dir='ltr'>μηδεμίαν</span> 
     </span>
    </p>
   </div>
   <div class='ocr_carea' id='block_1_11' title="bbox 347 1021 1910 1098">
    <p class='ocr_par' dir='ltr' id='par_1_11' title="bbox 347 1021 1910 1098">
     <span class='ocr_line' id='line_1_11' title="bbox 347 1021 1910 1098; baseline 0.004 -23"><span class='ocrx_word' id='word_1_54' title='bbox 347 1021 560 1088; x_wconf 78' lang='grc' dir='ltr'>ἀδοξίας</span> <span class='ocrx_word' id='word_1_55' title='bbox 618 1027 894 1096; x_wconf 76' lang='grc' dir='ltr'>πρόφασιν</span> <span class='ocrx_word' id='word_1_56' title='bbox 935 1030 1348 1098; x_wconf 73' lang='grc' dir='ltr'>παρεσχηκέναι</span> <span class='ocrx_word' id='word_1_57' title='bbox 1386 1029 1631 1098; x_wconf 75' lang='grc' dir='ltr'>ἐμαυτῷ,</span> <span class='ocrx_word' id='word_1_58' title='bbox 1693 1029 1811 1080; x_wconf 78' lang='grc' dir='ltr'>νυνὶ</span> <span class='ocrx_word' id='word_1_59' title='bbox 1854 1028 1910 1080; x_wconf 76' lang='grc' dir='ltr'>δὲ</span> 
     </span>
    </p>
   </div>
   <div class='ocr_carea' id='block_1_12' title="bbox 347 1115 1908 1189">
    <p class='ocr_par' dir='ltr' id='par_1_12' title="bbox 347 1115 1908 1189">
     <span class='ocr_line' id='line_1_12' title="bbox 347 1115 1908 1189; baseline 0.001 -21"><span class='ocrx_word' id='word_1_60' title='bbox 347 1115 526 1168; x_wconf 77' lang='grc' dir='ltr'>ἑκοντὶ</span> <span class='ocrx_word' id='word_1_61' title='bbox 577 1115 847 1186; x_wconf 70' lang='grc' dir='ltr'><strong>λοιδορίας</strong></span> <span class='ocrx_word' id='word_1_62' title='bbox 885 1118 1008 1181; x_wconf 80' lang='grc' dir='ltr'>ἀξια</span> <span class='ocrx_word' id='word_1_63' title='bbox 1041 1123 1136 1172; x_wconf 77' lang='grc' dir='ltr'><strong>καὶ</strong></span> <span class='ocrx_word' id='word_1_64' title='bbox 1199 1119 1459 1189; x_wconf 77' lang='grc' dir='ltr'>μέμψεως</span> <span class='ocrx_word' id='word_1_65' title='bbox 1496 1122 1669 1171; x_wconf 82' lang='grc' dir='ltr'>ποιεῖν</span> <span class='ocrx_word' id='word_1_66' title='bbox 1698 1137 1710 1150; x_wconf 88' lang='grc'><strong>·</strong></span> <span class='ocrx_word' id='word_1_67' title='bbox 1743 1120 1810 1173; x_wconf 75' lang='grc' dir='ltr'>ἄν</span> <span class='ocrx_word' id='word_1_68' title='bbox 1849 1135 1908 1170; x_wconf 90' lang='grc' dir='ltr'><strong>τε</strong></span> 
     </span>
    </p>
   </div>
   <div class='ocr_carea' id='block_1_13' title="bbox 347 1204 1906 1280">
    <p class='ocr_par' dir='ltr' id='par_1_13' title="bbox 347 1204 1906 1280">
     <span class='ocr_line' id='line_1_13' title="bbox 347 1204 1906 1280; baseline 0.003 -23"><span class='ocrx_word' id='word_1_69' title='bbox 347 1204 454 1274; x_wconf 81' lang='grc' dir='ltr'>γὰρ</span> <span class='ocrx_word' id='word_1_70' title='bbox 495 1207 770 1277; x_wconf 79' lang='grc' dir='ltr'><strong>ἀγνοήσας</strong></span> <span class='ocrx_word' id='word_1_71' title='bbox 813 1208 942 1260; x_wconf 83' lang='grc' dir='ltr'>οἴων</span> <span class='ocrx_word' id='word_1_72' title='bbox 978 1209 1163 1262; x_wconf 77' lang='grc' dir='ltr'>κακῶν</span> <span class='ocrx_word' id='word_1_73' title='bbox 1191 1210 1261 1280; x_wconf 16' lang='grc' dir='ltr'>,τὰ</span> <span class='ocrx_word' id='word_1_74' title='bbox 1292 1211 1603 1280; x_wconf 81' lang='grc' dir='ltr'>πράγματα</span> <span class='ocrx_word' id='word_1_75' title='bbox 1644 1212 1906 1280; x_wconf 69' lang='grc' dir='ltr'>χωρήσει,</span> 
     </span>
    </p>
   </div>
   <div class='ocr_carea' id='block_1_14' title="bbox 346 1279 1910 1371">
    <p class='ocr_par' dir='ltr' id='par_1_14' title="bbox 346 1279 1910 1371">
     <span class='ocr_line' id='line_1_14' title="bbox 346 1279 1910 1371; baseline 0.004 -23"><span class='ocrx_word' id='word_1_76' title='bbox 346 1296 568 1366; x_wconf 72' lang='grc' dir='ltr'>ἐμαυτῷ</span> <span class='ocrx_word' id='word_1_77' title='bbox 618 1298 720 1366; x_wconf 76' lang='grc' dir='ltr'>μὲν</span> <span class='ocrx_word' id='word_1_78' title='bbox 775 1298 1012 1365; x_wconf 76' lang='grc' dir='ltr'><strong>ἀδοξίας,</strong></span> <span class='ocrx_word' id='word_1_79' title='bbox 1080 1279 1204 1364; x_wconf 42' lang='grc' dir='ltr'>τοῖς.</span> <span class='ocrx_word' id='word_1_80' title='bbox 1249 1279 1461 1364; x_wconf 80' lang='grc' dir='ltr'>λοιποῖς</span> <span class='ocrx_word' id='word_1_81' title='bbox 1513 1302 1569 1354; x_wconf 80' lang='grc' dir='ltr'>δὲ</span> <span class='ocrx_word' id='word_1_82' title='bbox 1615 1279 1910 1371; x_wconf 77' lang='grc' dir='ltr'>Ῥωμαίοις</span> 
     </span>
    </p>
   </div>
   <div class='ocr_carea' id='block_1_15' title="bbox 349 1387 1911 1461">
    <p class='ocr_par' dir='ltr' id='par_1_15' title="bbox 349 1387 1911 1461">
     <span class='ocr_line' id='line_1_15' title="bbox 349 1387 1911 1461; baseline 0.003 -23"><span class='ocrx_word' id='word_1_83' title='bbox 349 1387 557 1458; x_wconf 69' lang='grc' dir='ltr'>φθορᾶς</span> <span class='ocrx_word' id='word_1_84' title='bbox 611 1391 704 1442; x_wconf 76' lang='grc' dir='ltr'><strong>καὶ</strong></span> <span class='ocrx_word' id='word_1_85' title='bbox 757 1391 1023 1444; x_wconf 78' lang='grc' dir='ltr'><strong>κινδύνων</strong></span> <span class='ocrx_word' id='word_1_86' title='bbox 1081 1393 1251 1455; x_wconf 79' lang='grc' dir='ltr'>αἴτιος</span> <span class='ocrx_word' id='word_1_87' title='bbox 1305 1394 1580 1456; x_wconf 80' lang='grc' dir='ltr'>καταστῶ,</span> <span class='ocrx_word' id='word_1_88' title='bbox 1651 1393 1911 1461; x_wconf 77' lang='grc' dir='ltr'>οὐδεμίαν</span> 
     </span>
    </p>
   </div>
   <div class='ocr_carea' id='block_1_16' title="bbox 348 1474 1912 1553">
    <p class='ocr_par' dir='ltr' id='par_1_16' title="bbox 348 1474 1912 1553">
     <span class='ocr_line' id='line_1_16' title="bbox 348 1474 1912 1553; baseline 0.002 -24"><span class='ocrx_word' id='word_1_89' title='bbox 348 1474 738 1546; x_wconf 78' lang='grc' dir='ltr'>παραιτεῖσθαι</span> <span class='ocrx_word' id='word_1_90' title='bbox 759 1478 966 1544; x_wconf 84' lang='grc' dir='ltr'>δίκαιος</span> <span class='ocrx_word' id='word_1_91' title='bbox 996 1483 1327 1552; x_wconf 74' lang='grc' dir='ltr'><strong>συγγνώμην</strong></span> <span class='ocrx_word' id='word_1_92' title='bbox 1351 1482 1511 1544; x_wconf 73' lang='grc' dir='ltr'>αὐτὸς</span> <span class='ocrx_word' id='word_1_93' title='bbox 1535 1482 1663 1553; x_wconf 85' lang='grc' dir='ltr'>παρ’</span> <span class='ocrx_word' id='word_1_94' title='bbox 1691 1485 1830 1550; x_wconf 87' lang='grc' dir='ltr'>ὲμαυ</span> <span class='ocrx_word' id='word_1_95' title='bbox 1841 1481 1912 1552; x_wconf 84' lang='grc' dir='ltr'>τῷ</span> 
     </span>
    </p>
   </div>
   <div class='ocr_carea' id='block_1_17' title="bbox 347 1572 1909 1654">
    <p class='ocr_par' dir='ltr' id='par_1_17' title="bbox 347 1572 1909 1654">
     <span class='ocr_line' id='line_1_17' title="bbox 347 1572 1909 1654; baseline 0.003 -33"><span class='ocrx_word' id='word_1_96' title='bbox 347 1573 532 1640; x_wconf 78' lang='grc' dir='ltr'>κριτῇ.</span> <span class='ocrx_word' id='word_1_97' title='bbox 564 1572 665 1624; x_wconf 81' lang='grc' dir='ltr'><strong>Ἀν</strong></span> <span class='ocrx_word' id='word_1_98' title='bbox 725 1589 785 1626; x_wconf 86' lang='grc' dir='ltr'><strong>τε</strong></span> <span class='ocrx_word' id='word_1_99' title='bbox 822 1575 1188 1654; x_wconf 34' lang='grc' dir='ltr'>καὶςσυνορῶν</span> <span class='ocrx_word' id='word_1_100' title='bbox 1249 1577 1461 1648; x_wconf 82' lang='grc' dir='ltr'>(ὥσπερ</span> <span class='ocrx_word' id='word_1_101' title='bbox 1508 1577 1609 1646; x_wconf 73' lang='grc' dir='ltr'>ἤδη</span> <span class='ocrx_word' id='word_1_102' title='bbox 1665 1578 1758 1630; x_wconf 71' lang='grc' dir='ltr'><strong>καὶ</strong></span> <span class='ocrx_word' id='word_1_103' title='bbox 1789 1577 1909 1628; x_wconf 73' lang='grc' dir='ltr'>ἐπί-</span> 
     </span>
    </p>
   </div>
   <div class='ocr_carea' id='block_1_18' title="bbox 349 1659 1908 1739">
    <p class='ocr_par' dir='ltr' id='par_1_18' title="bbox 349 1659 1908 1739">
     <span class='ocr_line' id='line_1_18' title="bbox 349 1659 1908 1739; baseline 0.006 -27"><span class='ocrx_word' id='word_1_104' title='bbox 349 1659 550 1726; x_wconf 65' lang='grc' dir='ltr'>σταμαι</span> <span class='ocrx_word' id='word_1_105' title='bbox 583 1663 814 1734; x_wconf 77' lang='grc' dir='ltr'>σαφῶς),</span> <span class='ocrx_word' id='word_1_106' title='bbox 865 1665 1058 1722; x_wconf 77' lang='grc' dir='ltr'>ἔπειτα</span> <span class='ocrx_word' id='word_1_107' title='bbox 1087 1669 1643 1739; x_wconf 75' lang='grc' dir='ltr'>καταμαλακιζοίμην</span> <span class='ocrx_word' id='word_1_108' title='bbox 1674 1669 1784 1722; x_wconf 74' lang='grc' dir='ltr'>δέει</span> <span class='ocrx_word' id='word_1_109' title='bbox 1814 1667 1908 1721; x_wconf 79' lang='grc' dir='ltr'>τοῦ</span> 
     </span>
    </p>
   </div>
   <div class='ocr_carea' id='block_1_19' title="bbox 352 1745 1911 1830">
    <p class='ocr_par' dir='ltr' id='par_1_19' title="bbox 352 1745 1911 1830">
     <span class='ocr_line' id='line_1_19' title="bbox 352 1745 1911 1830; baseline 0.006 -27"><span class='ocrx_word' id='word_1_110' title='bbox 352 1751 425 1820; x_wconf 73' lang='grc' dir='ltr'>μὴ</span> <span class='ocrx_word' id='word_1_111' title='bbox 453 1751 634 1805; x_wconf 77' lang='grc' dir='ltr'>δοκεῖν</span> <span class='ocrx_word' id='word_1_112' title='bbox 659 1755 720 1806; x_wconf 83' lang='grc' dir='ltr'><strong>ἐν</strong></span> <span class='ocrx_word' id='word_1_113' title='bbox 771 1759 1002 1824; x_wconf 81' lang='grc' dir='ltr'>καιροῖς,</span> <span class='ocrx_word' id='word_1_114' title='bbox 1035 1758 1127 1808; x_wconf 75' lang='grc' dir='ltr'>ἐπὶ</span> <span class='ocrx_word' id='word_1_115' title='bbox 1168 1758 1433 1822; x_wconf 79' lang='grc' dir='ltr'><strong>κινδύνοις</strong></span> <span class='ocrx_word' id='word_1_116' title='bbox 1463 1761 1565 1828; x_wconf 81' lang='grc' dir='ltr'><strong>τὴν</strong></span> <span class='ocrx_word' id='word_1_117' title='bbox 1606 1745 1780 1830; x_wconf 56' lang='grc' dir='ltr'>ἀρχὴν</span> <span class='ocrx_word' id='word_1_118' title='bbox 1817 1777 1911 1828; x_wconf 83' lang='grc' dir='ltr'>με·</span> 
     </span>
    </p>
   </div>
   <div class='ocr_carea' id='block_1_20' title="bbox 349 1833 1984 1921">
    <p class='ocr_par' dir='ltr' id='par_1_20' title="bbox 349 1833 1984 1921">
     <span class='ocr_line' id='line_1_20' title="bbox 349 1833 1984 1921; baseline 0.004 -25"><span class='ocrx_word' id='word_1_119' title='bbox 349 1843 578 1906; x_wconf 77' lang='grc' dir='ltr'>οἴεσθαι,</span> <span class='ocrx_word' id='word_1_120' title='bbox 603 1845 665 1896; x_wconf 82' lang='grc' dir='ltr'><strong>ού</strong></span> <span class='ocrx_word' id='word_1_121' title='bbox 701 1844 968 1916; x_wconf 78' lang='grc' dir='ltr'>λοιδορίας</span> <span class='ocrx_word' id='word_1_122' title='bbox 1015 1847 1164 1912; x_wconf 80' lang='grc' dir='ltr'>ἄξιος</span> <span class='ocrx_word' id='word_1_123' title='bbox 1194 1849 1378 1918; x_wconf 78' lang='grc' dir='ltr'>μόνον,</span> <span class='ocrx_word' id='word_1_124' title='bbox 1433 1850 1568 1903; x_wconf 75' lang='grc' dir='ltr'>ἀλλὰ</span> <span class='ocrx_word' id='word_1_125' title='bbox 1611 1853 1706 1904; x_wconf 76' lang='grc' dir='ltr'><strong>καὶ</strong></span> <span class='ocrx_word' id='word_1_126' title='bbox 1753 1851 1908 1921; x_wconf 84' lang='grc' dir='ltr'>δίκης</span> <span class='ocrx_word' id='word_1_127' title='bbox 1939 1833 1984 1892; x_wconf 77' lang='grc' dir='ltr'>Β</span> 
     </span>
    </p>
   </div>
   <div class='ocr_carea' id='block_1_21' title="bbox 348 1931 1908 2008">
    <p class='ocr_par' dir='ltr' id='par_1_21' title="bbox 348 1931 1908 2008">
     <span class='ocr_line' id='line_1_21' title="bbox 348 1931 1908 2008; baseline 0.008 -28"><span class='ocrx_word' id='word_1_128' title='bbox 348 1931 444 1998; x_wconf 84' lang='grc' dir='ltr'>τῆς</span> <span class='ocrx_word' id='word_1_129' title='bbox 493 1932 752 2002; x_wconf 75' lang='grc' dir='ltr'>ἐσχάτης.</span> <span class='ocrx_word' id='word_1_130' title='bbox 787 1933 870 1986; x_wconf 79' lang='grc' dir='ltr'>ὅτι</span> <span class='ocrx_word' id='word_1_131' title='bbox 909 1936 1002 1988; x_wconf 76' lang='grc' dir='ltr'><strong>καί</strong></span> <span class='ocrx_word' id='word_1_132' title='bbox 1037 1953 1118 1990; x_wconf 86' lang='grc' dir='ltr'><strong>τοι</strong></span> <span class='ocrx_word' id='word_1_133' title='bbox 1148 1937 1436 2006; x_wconf 85' lang='grc' dir='ltr'>προειδὼς,</span> <span class='ocrx_word' id='word_1_134' title='bbox 1470 1939 1738 2008; x_wconf 77' lang='grc' dir='ltr'><strong>ὑπέμεινα</strong></span> <span class='ocrx_word' id='word_1_135' title='bbox 1764 1938 1908 1994; x_wconf 76' lang='grc' dir='ltr'>ἑκὼν</span> 
     </span>
    </p>
   </div>
   <div class='ocr_carea' id='block_1_22' title="bbox 348 2017 1909 2100">
    <p class='ocr_par' dir='ltr' id='par_1_22' title="bbox 348 2017 1909 2100">
     <span class='ocr_line' id='line_1_22' title="bbox 348 2017 1909 2100; baseline 0.006 -26"><span class='ocrx_word' id='word_1_136' title='bbox 348 2017 486 2076; x_wconf 79' lang='grc' dir='ltr'>εἶναι</span> <span class='ocrx_word' id='word_1_137' title='bbox 517 2022 689 2087; x_wconf 80' lang='grc' dir='ltr'>κακὸς</span> <span class='ocrx_word' id='word_1_138' title='bbox 723 2022 976 2094; x_wconf 76' lang='grc' dir='ltr'>ὀφθῆναι,</span> <span class='ocrx_word' id='word_1_139' title='bbox 1033 2028 1128 2080; x_wconf 82' lang='grc' dir='ltr'>καὶ</span> <span class='ocrx_word' id='word_1_140' title='bbox 1165 2028 1303 2096; x_wconf 82' lang='grc' dir='ltr'>μήτε</span> <span class='ocrx_word' id='word_1_141' title='bbox 1335 2031 1570 2096; x_wconf 78' lang='grc' dir='ltr'>καιροῖς,</span> <span class='ocrx_word' id='word_1_142' title='bbox 1607 2031 1742 2098; x_wconf 75' lang='grc' dir='ltr'>μήτε</span> <span class='ocrx_word' id='word_1_143' title='bbox 1769 2032 1909 2100; x_wconf 65' lang='grc' dir='ltr'>πρᾶ-</span> 
     </span>
    </p>
   </div>
   <div class='ocr_carea' id='block_1_23' title="bbox 346 2108 1914 2186">
    <p class='ocr_par' dir='ltr' id='par_1_23' title="bbox 346 2108 1914 2186">
     <span class='ocr_line' id='line_1_23' title="bbox 346 2108 1914 2186; baseline 0.006 -22"><span class='ocrx_word' id='word_1_144' title='bbox 346 2129 552 2183; x_wconf 86' lang='grc' dir='ltr'>γμασιν</span> <span class='ocrx_word' id='word_1_145' title='bbox 589 2115 664 2184; x_wconf 82' lang='grc' dir='ltr'>ὡς</span> <span class='ocrx_word' id='word_1_146' title='bbox 689 2115 807 2168; x_wconf 81' lang='grc' dir='ltr'>δέον</span> <span class='ocrx_word' id='word_1_147' title='bbox 834 2117 1143 2186; x_wconf 78' lang='grc' dir='ltr'>χρήσασθαι</span> <span class='ocrx_word' id='word_1_148' title='bbox 1187 2108 1365 2180; x_wconf 78' lang='grc' dir='ltr'>εἰδώς.</span> <span class='ocrx_word' id='word_1_149' title='bbox 1395 2115 1468 2173; x_wconf 63' lang='lat' dir='ltr'><strong>Ob</strong></span> <span class='ocrx_word' id='word_1_150' title='bbox 1516 2118 1572 2172; x_wconf 76' lang='grc' dir='ltr'><strong>δὲ</strong></span> <span class='ocrx_word' id='word_1_151' title='bbox 1603 2121 1766 2174; x_wconf 76' lang='grc' dir='ltr'>ἕνεκα</span> <span class='ocrx_word' id='word_1_152' title='bbox 1799 2140 1914 2174; x_wconf 85' lang='grc' dir='ltr'>κιν-</span> 
     </span>
    </p>
   </div>
   <div class='ocr_carea' id='block_1_24' title="bbox 346 2205 1906 2280">
    <p class='ocr_par' dir='ltr' id='par_1_24' title="bbox 346 2205 1906 2280">
     <span class='ocr_line' id='line_1_24' title="bbox 346 2205 1906 2280; baseline 0.005 -23"><span class='ocrx_word' id='word_1_153' title='bbox 346 2205 520 2258; x_wconf 76' lang='grc' dir='ltr'>δύνων</span> <span class='ocrx_word' id='word_1_154' title='bbox 546 2222 607 2259; x_wconf 86' lang='grc' dir='ltr'><strong>τε</strong></span> <span class='ocrx_word' id='word_1_155' title='bbox 656 2207 751 2260; x_wconf 71' lang='grc' dir='ltr'><strong>καὶ</strong></span> <span class='ocrx_word' id='word_1_156' title='bbox 777 2207 992 2272; x_wconf 76' lang='grc' dir='ltr'>ἀδοξίας</span> <span class='ocrx_word' id='word_1_157' title='bbox 1033 2207 1205 2278; x_wconf 76' lang='grc' dir='ltr'>ἔγνων</span> <span class='ocrx_word' id='word_1_158' title='bbox 1241 2211 1607 2263; x_wconf 74' lang='grc' dir='ltr'><strong>ἀπαλλάττειν</strong></span> <span class='ocrx_word' id='word_1_159' title='bbox 1648 2213 1906 2280; x_wconf 74' lang='grc' dir='ltr'>ἐμαυτόν.</span> 
     </span>
    </p>
   </div>
   <div class='ocr_carea' id='block_1_25' title="bbox 345 2295 1911 2377">
    <p class='ocr_par' dir='ltr' id='par_1_25' title="bbox 345 2295 1911 2377">
     <span class='ocr_line' id='line_1_25' title="bbox 345 2295 1911 2377; baseline 0.004 -28"><span class='ocrx_word' id='word_1_160' title='bbox 345 2295 454 2350; x_wconf 81' lang='grc' dir='ltr'><strong>Καί</strong></span> <span class='ocrx_word' id='word_1_161' title='bbox 483 2313 566 2349; x_wconf 84' lang='grc' dir='ltr'><strong>τοι</strong></span> <span class='ocrx_word' id='word_1_162' title='bbox 590 2313 654 2363; x_wconf 83' lang='grc' dir='ltr'><strong>γε</strong></span> <span class='ocrx_word' id='word_1_163' title='bbox 682 2297 802 2350; x_wconf 79' lang='grc' dir='ltr'>οὐδὲ</span> <span class='ocrx_word' id='word_1_164' title='bbox 851 2297 1082 2377; x_wconf 72' lang='grc' dir='ltr'>βασιλίδι</span> <span class='ocrx_word' id='word_1_165' title='bbox 1109 2317 1168 2353; x_wconf 83' lang='grc' dir='ltr'><strong>τε</strong></span> <span class='ocrx_word' id='word_1_166' title='bbox 1209 2302 1304 2353; x_wconf 69' lang='grc' dir='ltr'>καὶ</span> <span class='ocrx_word' id='word_1_167' title='bbox 1333 2303 1445 2365; x_wconf 85' lang='grc' dir='ltr'>τοῖς</span> <span class='ocrx_word' id='word_1_168' title='bbox 1495 2303 1760 2372; x_wconf 77' lang='grc' dir='ltr'>βασιλέως</span> <span class='ocrx_word' id='word_1_169' title='bbox 1788 2321 1911 2356; x_wconf 88' lang='grc' dir='ltr'>παι-</span> 
     </span>
    </p>
   </div>
   <div class='ocr_carea' id='block_1_26' title="bbox 348 2389 1912 2464">
    <p class='ocr_par' dir='ltr' id='par_1_26' title="bbox 348 2389 1912 2464">
     <span class='ocr_line' id='line_1_26' title="bbox 348 2389 1912 2464; baseline 0.005 -24"><span class='ocrx_word' id='word_1_170' title='bbox 348 2389 431 2441; x_wconf 74' lang='grc' dir='ltr'><strong>σὶν</strong></span> <span class='ocrx_word' id='word_1_171' title='bbox 460 2390 527 2443; x_wconf 84' lang='grc' dir='ltr'>ὲκ</span> <span class='ocrx_word' id='word_1_172' title='bbox 559 2390 657 2459; x_wconf 81' lang='grc' dir='ltr'><strong>τῆς</strong></span> <span class='ocrx_word' id='word_1_173' title='bbox 691 2391 906 2456; x_wconf 82' lang='grc' dir='ltr'>ἀδοξίας</span> <span class='ocrx_word' id='word_1_174' title='bbox 933 2395 1161 2462; x_wconf 71' lang='grc' dir='ltr'>ταυτησὶ</span> <span class='ocrx_word' id='word_1_175' title='bbox 1195 2395 1290 2447; x_wconf 67' lang='grc' dir='ltr'>καὶ</span> <span class='ocrx_word' id='word_1_176' title='bbox 1327 2395 1435 2448; x_wconf 84' lang='grc' dir='ltr'>τῶν</span> <span class='ocrx_word' id='word_1_177' title='bbox 1483 2395 1744 2448; x_wconf 77' lang='grc' dir='ltr'>κινδύνων</span> <span class='ocrx_word' id='word_1_178' title='bbox 1769 2395 1912 2464; x_wconf 78' lang='grc' dir='ltr'><strong>ὠφέ-</strong></span> 
     </span>
    </p>
   </div>
   <div class='ocr_carea' id='block_1_27' title="bbox 346 2483 1910 2559">
    <p class='ocr_par' dir='ltr' id='par_1_27' title="bbox 346 2483 1910 2559">
     <span class='ocr_line' id='line_1_27' title="bbox 346 2483 1910 2559; baseline 0.005 -25"><span class='ocrx_word' id='word_1_179' title='bbox 346 2483 494 2537; x_wconf 82' lang='grc' dir='ltr'>λειάν</span> <span class='ocrx_word' id='word_1_180' title='bbox 521 2499 644 2536; x_wconf 86' lang='grc' dir='ltr'>τινα</span> <span class='ocrx_word' id='word_1_181' title='bbox 669 2483 844 2548; x_wconf 76' lang='grc' dir='ltr'>ἔξεστι</span> <span class='ocrx_word' id='word_1_182' title='bbox 872 2486 1138 2556; x_wconf 72' lang='grc' dir='ltr'><strong>πορίζειν.</strong></span> <span class='ocrx_word' id='word_1_183' title='bbox 1173 2483 1279 2540; x_wconf 86' lang='grc' dir='ltr'><strong>Ἦν</strong></span> <span class='ocrx_word' id='word_1_184' title='bbox 1309 2491 1421 2559; x_wconf 77' lang='grc' dir='ltr'><strong>γὰρ</strong></span> <span class='ocrx_word' id='word_1_185' title='bbox 1449 2491 1515 2542; x_wconf 84' lang='grc' dir='ltr'>ἂν</span> <span class='ocrx_word' id='word_1_186' title='bbox 1541 2487 1700 2542; x_wconf 78' lang='grc' dir='ltr'>τοῦτο</span> <span class='ocrx_word' id='word_1_187' title='bbox 1732 2507 1910 2558; x_wconf 83' lang='grc' dir='ltr'>παρα-</span> 
     </span>
    </p>
   </div>
   <div class='ocr_carea' id='block_1_28' title="bbox 352 2568 1911 2651">
    <p class='ocr_par' dir='ltr' id='par_1_28' title="bbox 352 2568 1911 2651">
     <span class='ocr_line' id='line_1_28' title="bbox 352 2568 1911 2651; baseline 0.004 -26"><span class='ocrx_word' id='word_1_188' title='bbox 352 2574 540 2644; x_wconf 82' lang='grc' dir='ltr'>μύθιον</span> <span class='ocrx_word' id='word_1_189' title='bbox 579 2581 640 2628; x_wconf 77' lang='grc' dir='ltr'><strong>οὐ</strong></span> <span class='ocrx_word' id='word_1_190' title='bbox 679 2576 905 2645; x_wconf 76' lang='grc' dir='ltr'>φαῦλον,</span> <span class='ocrx_word' id='word_1_191' title='bbox 940 2579 1016 2642; x_wconf 83' lang='grc' dir='ltr'>ὡς</span> <span class='ocrx_word' id='word_1_192' title='bbox 1075 2581 1141 2631; x_wconf 83' lang='grc' dir='ltr'><strong>ἂν</strong></span> <span class='ocrx_word' id='word_1_193' title='bbox 1187 2579 1243 2632; x_wconf 78' lang='grc' dir='ltr'>δὲ</span> <span class='ocrx_word' id='word_1_194' title='bbox 1289 2582 1364 2650; x_wconf 78' lang='grc' dir='ltr'>μὴ</span> <span class='ocrx_word' id='word_1_195' title='bbox 1410 2568 1553 2632; x_wconf 65' lang='grc' dir='ltr'>δοκῶ</span> <span class='ocrx_word' id='word_1_196' title='bbox 1593 2581 1722 2643; x_wconf 81' lang='grc' dir='ltr'>τοὺς</span> <span class='ocrx_word' id='word_1_197' title='bbox 1771 2581 1911 2651; x_wconf 83' lang='grc' dir='ltr'>ὑπὲρ</span> 
     </span>
    </p>
   </div>
   <div class='ocr_carea' id='block_1_29' title="bbox 351 2661 1912 2731">
    <p class='ocr_par' dir='ltr' id='par_1_29' title="bbox 351 2661 1912 2731">
     <span class='ocr_line' id='line_1_29' title="bbox 351 2661 1912 2731; baseline 0.004 -18"><span class='ocrx_word' id='word_1_198' title='bbox 351 2661 456 2713; x_wconf 86' lang='grc' dir='ltr'>τῶν</span> <span class='ocrx_word' id='word_1_199' title='bbox 485 2661 754 2731; x_wconf 80' lang='grc' dir='ltr'>βασιλέως</span> <span class='ocrx_word' id='word_1_200' title='bbox 791 2664 998 2718; x_wconf 80' lang='grc' dir='ltr'><strong>παίδων</strong></span> <span class='ocrx_word' id='word_1_201' title='bbox 1057 2665 1250 2729; x_wconf 79' lang='grc' dir='ltr'><strong>πόνους</strong></span> <span class='ocrx_word' id='word_1_202' title='bbox 1282 2667 1374 2719; x_wconf 79' lang='grc' dir='ltr'><strong>καὶ</strong></span> <span class='ocrx_word' id='word_1_203' title='bbox 1410 2667 1688 2731; x_wconf 77' lang='grc' dir='ltr'>κινδύνους</span> <span class='ocrx_word' id='word_1_204' title='bbox 1721 2669 1912 2720; x_wconf 85' lang='grc' dir='ltr'>ἀποδι-</span> 
     </span>
    </p>
   </div>
   <div class='ocr_carea' id='block_1_30' title="bbox 351 2752 1912 2828">
    <p class='ocr_par' dir='ltr' id='par_1_30' title="bbox 351 2752 1912 2828">
     <span class='ocr_line' id='line_1_30' title="bbox 351 2752 1912 2828; baseline 0.004 -23"><span class='ocrx_word' id='word_1_205' title='bbox 351 2752 630 2824; x_wconf 70' lang='grc' dir='ltr'>δράσκειν,</span> <span class='ocrx_word' id='word_1_206' title='bbox 669 2754 762 2808; x_wconf 80' lang='grc' dir='ltr'><strong>νῦν</strong></span> <span class='ocrx_word' id='word_1_207' title='bbox 809 2757 908 2824; x_wconf 79' lang='grc' dir='ltr'><strong>μὲν</strong></span> <span class='ocrx_word' id='word_1_208' title='bbox 934 2759 992 2811; x_wconf 79' lang='grc' dir='ltr'>ἐν</span> <span class='ocrx_word' id='word_1_209' title='bbox 1029 2758 1129 2827; x_wconf 83' lang='grc' dir='ltr'>τῆς</span> <span class='ocrx_word' id='word_1_210' title='bbox 1163 2759 1386 2828; x_wconf 71' lang='grc' dir='ltr'>εἰρήνης</span> <span class='ocrx_word' id='word_1_211' title='bbox 1412 2761 1523 2821; x_wconf 89' lang='grc' dir='ltr'>τοῖς</span> <span class='ocrx_word' id='word_1_212' title='bbox 1557 2763 1792 2828; x_wconf 78' lang='grc' dir='ltr'>καιροῖς,</span> <span class='ocrx_word' id='word_1_213' title='bbox 1825 2761 1912 2812; x_wconf 81' lang='grc' dir='ltr'><strong>ὅτε</strong></span> 
     </span>
    </p>
   </div>
   <div class='ocr_carea' id='block_1_31' title="bbox 357 2840 1914 2920">
    <p class='ocr_par' dir='ltr' id='par_1_31' title="bbox 357 2840 1914 2920">
     <span class='ocr_line' id='line_1_31' title="bbox 357 2840 1914 2920; baseline 0.004 -24"><span class='ocrx_word' id='word_1_214' title='bbox 357 2845 490 2914; x_wconf 81' lang='grc' dir='ltr'>μήτε</span> <span class='ocrx_word' id='word_1_215' title='bbox 525 2846 761 2916; x_wconf 85' lang='grc' dir='ltr'>πόλεμος</span> <span class='ocrx_word' id='word_1_216' title='bbox 787 2847 984 2916; x_wconf 72' lang='grc' dir='ltr'>οὐδεὶς,</span> <span class='ocrx_word' id='word_1_217' title='bbox 1023 2849 1161 2918; x_wconf 78' lang='grc' dir='ltr'>μήτε</span> <span class='ocrx_word' id='word_1_218' title='bbox 1194 2851 1378 2902; x_wconf 75' lang='grc' dir='ltr'>κακῶν</span> <span class='ocrx_word' id='word_1_219' title='bbox 1409 2840 1707 2920; x_wconf 76' lang='grc' dir='ltr'>προσδοκία</span> <span class='ocrx_word' id='word_1_220' title='bbox 1749 2851 1914 2920; x_wconf 86' lang='grc' dir='ltr'>μηδε-</span> 
     </span>
    </p>
   </div>
   <div class='ocr_carea' id='block_1_32' title="bbox 357 2937 1914 3017">
    <p class='ocr_par' dir='ltr' id='par_1_32' title="bbox 357 2937 1914 3017">
     <span class='ocr_line' id='line_1_32' title="bbox 357 2937 1914 3017; baseline 0.006 -30"><span class='ocrx_word' id='word_1_221' title='bbox 357 2937 488 3004; x_wconf 78' lang='grc' dir='ltr'>μία,</span> <span class='ocrx_word' id='word_1_222' title='bbox 527 2938 876 3008; x_wconf 76' lang='grc' dir='ltr'><strong>πατριάρχης</strong></span> <span class='ocrx_word' id='word_1_223' title='bbox 910 2956 967 2992; x_wconf 91' lang='grc' dir='ltr'><strong>τε</strong></span> <span class='ocrx_word' id='word_1_224' title='bbox 1021 2943 1116 3017; x_wconf 67' lang='grc' dir='ltr'><strong>καὶ</strong></span> <span class='ocrx_word' id='word_1_225' title='bbox 1153 2941 1458 3011; x_wconf 74' lang='grc' dir='ltr'>σύγκλητος</span> <span class='ocrx_word' id='word_1_226' title='bbox 1503 2941 1618 3010; x_wconf 69' lang='grc' dir='ltr'><strong>ἅμα</strong></span> <span class='ocrx_word' id='word_1_227' title='bbox 1682 2941 1914 3011; x_wconf 80' lang='grc' dir='ltr'>βασιλίδι</span> 
     </span>
    </p>
   </div>
   <div class='ocr_carea' id='block_1_33' title="bbox 359 3029 1916 3104">
    <p class='ocr_par' dir='ltr' id='par_1_33' title="bbox 359 3029 1916 3104">
     <span class='ocr_line' id='line_1_33' title="bbox 359 3029 1916 3104; baseline 0.003 -22"><span class='ocrx_word' id='word_1_228' title='bbox 359 3029 648 3086; x_wconf 78' lang='grc' dir='ltr'>ίθυνόντων</span> <span class='ocrx_word' id='word_1_229' title='bbox 674 3032 772 3103; x_wconf 76' lang='grc' dir='ltr'>τὴν</span> <span class='ocrx_word' id='word_1_230' title='bbox 807 3031 999 3102; x_wconf 74' lang='grc' dir='ltr'>ἀρχὴν,</span> <span class='ocrx_word' id='word_1_231' title='bbox 1030 3034 1124 3087; x_wconf 78' lang='grc' dir='ltr'><strong>καὶ</strong></span> <span class='ocrx_word' id='word_1_232' title='bbox 1182 3035 1248 3086; x_wconf 82' lang='grc' dir='ltr'><strong>τὰ</strong></span> <span class='ocrx_word' id='word_1_233' title='bbox 1276 3037 1339 3086; x_wconf 78' lang='grc' dir='ltr'>ἐκ</span> <span class='ocrx_word' id='word_1_234' title='bbox 1383 3033 1585 3104; x_wconf 82' lang='grc' dir='ltr'>ταύτης</span> <span class='ocrx_word' id='word_1_235' title='bbox 1609 3035 1789 3102; x_wconf 68' lang='grc' dir='ltr'>ἀγαθὰ</span> <span class='ocrx_word' id='word_1_236' title='bbox 1823 3035 1916 3088; x_wconf 73' lang='grc' dir='ltr'>καὶ</span> 
     </span>
    </p>
   </div>
   <div class='ocr_carea' id='block_1_34' title="bbox 355 3123 1917 3198">
    <p class='ocr_par' dir='ltr' id='par_1_34' title="bbox 355 3123 1917 3198">
     <span class='ocr_line' id='line_1_34' title="bbox 355 3123 1917 3198; baseline 0.003 -23"><span class='ocrx_word' id='word_1_237' title='bbox 355 3123 451 3186; x_wconf 69' lang='grc' dir='ltr'>τὰς</span> <span class='ocrx_word' id='word_1_238' title='bbox 491 3125 660 3194; x_wconf 85' lang='grc' dir='ltr'>τιμάς</span> <span class='ocrx_word' id='word_1_239' title='bbox 687 3123 1068 3192; x_wconf 82' lang='grc' dir='ltr'>καρπούσθων.</span> <span class='ocrx_word' id='word_1_240' title='bbox 1122 3125 1250 3178; x_wconf 80' lang='grc' dir='ltr'><strong>Ἐὰν</strong></span> <span class='ocrx_word' id='word_1_241' title='bbox 1283 3125 1338 3178; x_wconf 80' lang='grc' dir='ltr'>δέ</span> <span class='ocrx_word' id='word_1_242' title='bbox 1375 3141 1504 3178; x_wconf 86' lang='grc' dir='ltr'>ποτε</span> <span class='ocrx_word' id='word_1_243' title='bbox 1552 3123 1796 3198; x_wconf 72' lang='grc' dir='ltr'>συμόαίῃ</span> <span class='ocrx_word' id='word_1_244' title='bbox 1830 3127 1917 3180; x_wconf 81' lang='grc' dir='ltr'><strong>πό-</strong></span> 
     </span>
    </p>
   </div>
   <div class='ocr_carea' id='block_1_35' title="bbox 358 3215 1915 3286">
    <p class='ocr_par' dir='ltr' id='par_1_35' title="bbox 358 3215 1915 3286">
     <span class='ocr_line' id='line_1_35' title="bbox 358 3215 1915 3286; baseline 0.004 -20"><span class='ocrx_word' id='word_1_245' title='bbox 358 3215 517 3284; x_wconf 81' lang='grc' dir='ltr'>λεμὸν</span> <span class='ocrx_word' id='word_1_246' title='bbox 542 3231 664 3268; x_wconf 88' lang='grc' dir='ltr'>τινα</span> <span class='ocrx_word' id='word_1_247' title='bbox 687 3216 994 3285; x_wconf 80' lang='grc' dir='ltr'>ἀναφυῆναι</span> <span class='ocrx_word' id='word_1_248' title='bbox 1023 3216 1264 3269; x_wconf 83' lang='grc' dir='ltr'>κίνδυνον</span> <span class='ocrx_word' id='word_1_249' title='bbox 1297 3216 1624 3271; x_wconf 83' lang='grc' dir='ltr'>ἀπειλοῦντα</span> <span class='ocrx_word' id='word_1_250' title='bbox 1647 3217 1915 3286; x_wconf 79' lang='grc' dir='ltr'>βασιλέως</span> 
     </span>
    </p>
   </div>
   <div class='ocr_carea' id='block_1_36' title="bbox 358 3307 1913 3380">
    <p class='ocr_par' dir='ltr' id='par_1_36' title="bbox 358 3307 1913 3380">
     <span class='ocr_line' id='line_1_36' title="bbox 358 3307 1913 3380; baseline 0.003 -20"><span class='ocrx_word' id='word_1_251' title='bbox 358 3310 466 3371; x_wconf 80' lang='grc' dir='ltr'>τοῖς</span> <span class='ocrx_word' id='word_1_252' title='bbox 509 3307 692 3374; x_wconf 71' lang='grc' dir='ltr'>παισὶ,</span> <span class='ocrx_word' id='word_1_253' title='bbox 747 3307 860 3361; x_wconf 81' lang='grc' dir='ltr'>τότ’</span> <span class='ocrx_word' id='word_1_254' title='bbox 893 3309 1055 3372; x_wconf 74' lang='grc' dir='ltr'>αὐτὸς</span> <span class='ocrx_word' id='word_1_255' title='bbox 1081 3309 1181 3380; x_wconf 75' lang='grc' dir='ltr'>ἤδη</span> <span class='ocrx_word' id='word_1_256' title='bbox 1241 3307 1540 3380; x_wconf 77' lang='grc' dir='ltr'>προθύμως</span> <span class='ocrx_word' id='word_1_257' title='bbox 1572 3313 1686 3374; x_wconf 81' lang='grc' dir='ltr'>τοῖς</span> <span class='ocrx_word' id='word_1_258' title='bbox 1731 3312 1913 3364; x_wconf 85' lang='grc' dir='ltr'>κινδύ-</span> 
     </span>
    </p>
   </div>
   <div class='ocr_carea' id='block_1_37' title="bbox 361 3399 1918 3475">
    <p class='ocr_par' dir='ltr' id='par_1_37' title="bbox 361 3399 1918 3475">
     <span class='ocr_line' id='line_1_37' title="bbox 361 3399 1918 3475; baseline 0.007 -28"><span class='ocrx_word' id='word_1_259' title='bbox 361 3415 471 3461; x_wconf 77' lang='grc' dir='ltr'>νοις</span> <span class='ocrx_word' id='word_1_260' title='bbox 522 3399 822 3470; x_wconf 76' lang='grc' dir='ltr'>ὲμπαρέξω</span> <span class='ocrx_word' id='word_1_261' title='bbox 885 3401 1140 3470; x_wconf 67' lang='grc' dir='ltr'>ἐμαυτὸν,</span> <span class='ocrx_word' id='word_1_262' title='bbox 1197 3403 1294 3454; x_wconf 73' lang='grc' dir='ltr'>καὶ</span> <span class='ocrx_word' id='word_1_263' title='bbox 1348 3401 1380 3470; x_wconf 77' lang='grc' dir='ltr'><strong>ἢ</strong></span> <span class='ocrx_word' id='word_1_264' title='bbox 1425 3403 1778 3457; x_wconf 87' lang='grc' dir='ltr'>συνδιασὼσω</span> <span class='ocrx_word' id='word_1_265' title='bbox 1818 3405 1918 3475; x_wconf 84' lang='grc' dir='ltr'><strong>τὴν</strong></span> 
     </span>
    </p>
   </div>
   <div class='ocr_carea' id='block_1_38' title="bbox 361 3488 1913 3566">
    <p class='ocr_par' dir='ltr' id='par_1_38' title="bbox 361 3488 1913 3566">
     <span class='ocr_line' id='line_1_38' title="bbox 361 3488 1913 3566; baseline 0.006 -27"><span class='ocrx_word' id='word_1_266' title='bbox 361 3489 530 3560; x_wconf 78' lang='grc' dir='ltr'>ἀρχὴν</span> <span class='ocrx_word' id='word_1_267' title='bbox 560 3490 764 3556; x_wconf 86' lang='grc' dir='ltr'>αὐτοῖς,</span> <span class='ocrx_word' id='word_1_268' title='bbox 799 3493 832 3563; x_wconf 80' lang='grc' dir='ltr'>ἢ</span> <span class='ocrx_word' id='word_1_269' title='bbox 869 3488 1014 3562; x_wconf 72' lang='grc' dir='ltr'>ὑπὲρ</span> <span class='ocrx_word' id='word_1_270' title='bbox 1043 3491 1221 3547; x_wconf 83' lang='grc' dir='ltr'>αὐτῶν</span> <span class='ocrx_word' id='word_1_271' title='bbox 1263 3493 1567 3564; x_wconf 80' lang='grc' dir='ltr'>μαχόμενος</span> <span class='ocrx_word' id='word_1_272' title='bbox 1597 3497 1913 3566; x_wconf 76' lang='grc' dir='ltr'>πεσοῦμαις</span> 
     </span>
    </p>
   </div>
   <div class='ocr_carea' id='block_1_39' title="bbox 363 3566 1916 3656">
    <p class='ocr_par' dir='ltr' id='par_1_39' title="bbox 363 3566 1916 3656">
     <span class='ocr_line' id='line_1_39' title="bbox 363 3566 1916 3656; baseline 0.003 -22"><span class='ocrx_word' id='word_1_273' title='bbox 363 3581 434 3644; x_wconf 84' lang='grc' dir='ltr'>ὠς</span> <span class='ocrx_word' id='word_1_274' title='bbox 468 3582 535 3635; x_wconf 81' lang='grc' dir='ltr'><strong>ἂν</strong></span> <span class='ocrx_word' id='word_1_275' title='bbox 571 3583 694 3651; x_wconf 71' lang='grc' dir='ltr'>ἐμοὶ</span> <span class='ocrx_word' id='word_1_276' title='bbox 723 3583 822 3652; x_wconf 80' lang='grc' dir='ltr'>μὲν</span> <span class='ocrx_word' id='word_1_277' title='bbox 851 3584 900 3636; x_wconf 77' lang='grc' dir='ltr'>οἱ</span> <span class='ocrx_word' id='word_1_278' title='bbox 930 3585 1084 3636; x_wconf 76' lang='grc' dir='ltr'>πόνοι</span> <span class='ocrx_word' id='word_1_279' title='bbox 1108 3584 1203 3637; x_wconf 81' lang='grc' dir='ltr'>καὶ</span> <span class='ocrx_word' id='word_1_280' title='bbox 1232 3585 1290 3637; x_wconf 85' lang='grc' dir='ltr'><strong>τὸ</strong></span> <span class='ocrx_word' id='word_1_281' title='bbox 1323 3566 1676 3651; x_wconf 71' lang='grc' dir='ltr'>κινδυνεύειν,</span> <span class='ocrx_word' id='word_1_282' title='bbox 1705 3587 1835 3656; x_wconf 86' lang='grc' dir='ltr'>ύμῖν</span> <span class='ocrx_word' id='word_1_283' title='bbox 1861 3585 1916 3638; x_wconf 77' lang='grc' dir='ltr'>δὲ</span> 
     </span>
    </p>
   </div>
   <div class='ocr_carea' id='block_1_40' title="bbox 360 3673 1920 3744">
    <p class='ocr_par' dir='ltr' id='par_1_40' title="bbox 360 3673 1920 3744">
     <span class='ocr_line' id='line_1_40' title="bbox 360 3673 1920 3744; baseline 0.001 -18"><span class='ocrx_word' id='word_1_284' title='bbox 360 3673 418 3726; x_wconf 74' lang='grc' dir='ltr'>τὸ</span> <span class='ocrx_word' id='word_1_285' title='bbox 453 3674 724 3744; x_wconf 74' lang='grc' dir='ltr'>ἑντρυςρᾷν</span> <span class='ocrx_word' id='word_1_286' title='bbox 747 3676 859 3738; x_wconf 86' lang='grc' dir='ltr'>τοῖς</span> <span class='ocrx_word' id='word_1_287' title='bbox 891 3675 1205 3744; x_wconf 80' lang='grc' dir='ltr'><strong>πράγμασι,</strong></span> <span class='ocrx_word' id='word_1_288' title='bbox 1237 3676 1331 3728; x_wconf 76' lang='grc' dir='ltr'><strong>καὶ</strong></span> <span class='ocrx_word' id='word_1_289' title='bbox 1380 3675 1920 3730; x_wconf 64' lang='grc' dir='ltr'>αύτῶνκκταπολαύ-</span> 
     </span>
    </p>
   </div>
   <div class='ocr_carea' id='block_1_41' title="bbox 361 3764 1918 3836">
    <p class='ocr_par' dir='ltr' id='par_1_41' title="bbox 361 3764 1918 3836">
     <span class='ocr_line' id='line_1_41' title="bbox 361 3764 1918 3836; baseline 0.006 -20"><span class='ocrx_word' id='word_1_290' title='bbox 361 3779 438 3818; x_wconf 88' lang='grc' dir='ltr'><strong>ειν</strong></span> <span class='ocrx_word' id='word_1_291' title='bbox 465 3765 694 3836; x_wconf 78' lang='grc' dir='ltr'>μηδενὸς</span> <span class='ocrx_word' id='word_1_292' title='bbox 719 3764 1174 3834; x_wconf 76' lang='grc' dir='ltr'>παρενοχλοῦντος</span> <span class='ocrx_word' id='word_1_293' title='bbox 1214 3766 1565 3836; x_wconf 84' lang='grc' dir='ltr'>περιγίνοιτο.</span> <span class='ocrx_word' id='word_1_294' title='bbox 1611 3769 1918 3836; x_wconf 71' lang='grc' dir='ltr'>Κεφάλαιον</span> 
     </span>
    </p>
   </div>
   <div class='ocr_carea' id='block_1_42' title="bbox 358 3855 1919 3926">
    <p class='ocr_par' dir='ltr' id='par_1_42' title="bbox 358 3855 1919 3926">
     <span class='ocr_line' id='line_1_42' title="bbox 358 3855 1919 3926; baseline 0.004 -14"><span class='ocrx_word' id='word_1_295' title='bbox 358 3859 412 3912; x_wconf 79' lang='grc' dir='ltr'>δὲ</span> <span class='ocrx_word' id='word_1_296' title='bbox 465 3859 576 3912; x_wconf 85' lang='grc' dir='ltr'><strong>τῶν</strong></span> <span class='ocrx_word' id='word_1_297' title='bbox 636 3855 809 3926; x_wconf 82' lang='grc' dir='ltr'>λόγων</span> <span class='ocrx_word' id='word_1_298' title='bbox 867 3858 978 3912; x_wconf 86' lang='grc' dir='ltr'>τῶν</span> <span class='ocrx_word' id='word_1_299' title='bbox 1054 3858 1224 3926; x_wconf 75' lang='grc' dir='ltr'>ἐμῶν,</span> <span class='ocrx_word' id='word_1_300' title='bbox 1286 3857 1362 3922; x_wconf 81' lang='grc' dir='ltr'>ὡς</span> <span class='ocrx_word' id='word_1_301' title='bbox 1438 3862 1583 3914; x_wconf 72' lang='grc' dir='ltr'>ἔστιν</span> <span class='ocrx_word' id='word_1_302' title='bbox 1641 3863 1790 3916; x_wconf 63' lang='grc' dir='ltr'>οὐδὲν</span> <span class='ocrx_word' id='word_1_303' title='bbox 1859 3865 1919 3918; x_wconf 75' lang='grc' dir='ltr'><strong>τὸ</strong></span> 
     </span>
    </p>
   </div>
   <div class='ocr_carea' id='block_1_43' title="bbox 359 3949 1915 4025">
    <p class='ocr_par' dir='ltr' id='par_1_43' title="bbox 359 3949 1915 4025">
     <span class='ocr_line' id='line_1_43' title="bbox 359 3949 1915 4025; baseline 0.017 -25"><span class='ocrx_word' id='word_1_304' title='bbox 359 3952 566 4013; x_wconf 74' lang='grc' dir='ltr'>πεῖσον,</span> <span class='ocrx_word' id='word_1_305' title='bbox 615 3949 800 4017; x_wconf 81' lang='grc' dir='ltr'>ὥσπερ</span> <span class='ocrx_word' id='word_1_306' title='bbox 862 3949 953 4000; x_wconf 74' lang='grc' dir='ltr'><strong>καὶ</strong></span> <span class='ocrx_word' id='word_1_307' title='bbox 1001 3951 1286 4019; x_wconf 75' lang='grc' dir='ltr'>πρότερονν</span> <span class='ocrx_word' id='word_1_308' title='bbox 1341 3951 1559 4020; x_wconf 60' lang='grc' dir='ltr'>ἔχεσθαι</span> <span class='ocrx_word' id='word_1_309' title='bbox 1599 3953 1707 4004; x_wconf 71' lang='grc' dir='ltr'><strong>τῶν</strong></span> <span class='ocrx_word' id='word_1_310' title='bbox 1769 3972 1915 4025; x_wconf 65' lang='grc' dir='ltr'><strong>πβ²⁹</strong></span> 
     </span>
    </p>
   </div>
   <div class='ocr_carea' id='block_1_44' title="bbox 358 4031 1916 4116">
    <p class='ocr_par' dir='ltr' id='par_1_44' title="bbox 358 4031 1916 4116">
     <span class='ocr_line' id='line_1_44' title="bbox 358 4031 1916 4116; baseline 0.004 -23"><span class='ocrx_word' id='word_1_311' title='bbox 358 4031 586 4110; x_wconf 83' lang='grc' dir='ltr'>γμάτων</span> <span class='ocrx_word' id='word_1_312' title='bbox 628 4040 725 4108; x_wconf 83' lang='grc' dir='ltr'><strong>τῆς</strong></span> <span class='ocrx_word' id='word_1_313' title='bbox 771 4039 977 4110; x_wconf 77' lang='grc' dir='ltr'>ἀρχῆςο</span> <span class='ocrx_word' id='word_1_314' title='bbox 1007 4040 1082 4100; x_wconf 86' lang='grc' dir='ltr'>ὡς</span> <span class='ocrx_word' id='word_1_315' title='bbox 1140 4039 1206 4093; x_wconf 84' lang='grc' dir='ltr'><strong>ἂν</strong></span> <span class='ocrx_word' id='word_1_316' title='bbox 1249 4037 1304 4092; x_wconf 76' lang='grc' dir='ltr'><strong>δέ</strong></span> <span class='ocrx_word' id='word_1_317' title='bbox 1344 4041 1440 4092; x_wconf 72' lang='grc' dir='ltr'><strong>καὶ</strong></span> <span class='ocrx_word' id='word_1_318' title='bbox 1494 4042 1676 4112; x_wconf 79' lang='grc' dir='ltr'>ἔργοις</span> <span class='ocrx_word' id='word_1_319' title='bbox 1715 4046 1744 4098; x_wconf 83' lang='grc' dir='ltr'><strong>ὃ</strong></span> <span class='ocrx_word' id='word_1_320' title='bbox 1772 4047 1916 4116; x_wconf 81' lang='grc' dir='ltr'>λέγω</span> 
     </span>
    </p>
   </div>
   <div class='ocr_carea' id='block_1_45' title="bbox 355 4131 1918 4208">
    <p class='ocr_par' dir='ltr' id='par_1_45' title="bbox 355 4131 1918 4208">
     <span class='ocr_line' id='line_1_45' title="bbox 355 4131 1918 4208; baseline 0.004 -22"><span class='ocrx_word' id='word_1_321' title='bbox 355 4131 661 4204; x_wconf 73' lang='grc' dir='ltr'>κατάδηλον</span> <span class='ocrx_word' id='word_1_322' title='bbox 695 4134 926 4202; x_wconf 76' lang='grc' dir='ltr'>ποιήσω,</span> <span class='ocrx_word' id='word_1_323' title='bbox 957 4134 1053 4200; x_wconf 81' lang='grc' dir='ltr'>τῆς</span> <span class='ocrx_word' id='word_1_324' title='bbox 1109 4131 1374 4199; x_wconf 84' lang='grc' dir='ltr'>συνήθους</span> <span class='ocrx_word' id='word_1_325' title='bbox 1424 4135 1694 4208; x_wconf 80' lang='grc' dir='ltr'>καθέδρας</span> <span class='ocrx_word' id='word_1_326' title='bbox 1723 4139 1918 4202; x_wconf 79' lang='grc' dir='ltr'>ἐξανα-</span> 
     </span>
    </p>
   </div>
   <div class='ocr_carea' id='block_1_46' title="bbox 354 4223 1918 4298">
    <p class='ocr_par' dir='ltr' id='par_1_46' title="bbox 354 4223 1918 4298">
     <span class='ocr_line' id='line_1_46' title="bbox 354 4223 1918 4298; baseline 0.002 -18"><span class='ocrx_word' id='word_1_327' title='bbox 354 4230 512 4290; x_wconf 75' lang='grc' dir='ltr'>στὰς,</span> <span class='ocrx_word' id='word_1_328' title='bbox 567 4225 652 4294; x_wconf 73' lang='grc' dir='ltr'><strong>ἐφ’</strong></span> <span class='ocrx_word' id='word_1_329' title='bbox 691 4226 882 4294; x_wconf 78' lang='grc' dir='ltr'>ἑτέραν</span> <span class='ocrx_word' id='word_1_330' title='bbox 914 4223 1270 4294; x_wconf 78' lang='grc' dir='ltr'>καθεδοῦμαι,</span> <span class='ocrx_word' id='word_1_331' title='bbox 1329 4225 1396 4276; x_wconf 82' lang='grc' dir='ltr'><strong>ἶν’</strong></span> <span class='ocrx_word' id='word_1_332' title='bbox 1428 4226 1594 4296; x_wconf 89' lang='grc' dir='ltr'>είδείη</span> <span class='ocrx_word' id='word_1_333' title='bbox 1621 4245 1679 4280; x_wconf 86' lang='grc' dir='ltr'><strong>τε</strong></span> <span class='ocrx_word' id='word_1_334' title='bbox 1709 4227 1918 4298; x_wconf 86' lang='grc' dir='ltr'>βασιλίς</span> 
     </span>
    </p>
   </div>
   <div class='ocr_carea' id='block_1_47' title="bbox 350 4315 1918 4389">
    <p class='ocr_par' dir='ltr' id='par_1_47' title="bbox 350 4315 1918 4389">
     <span class='ocr_line' id='line_1_47' title="bbox 350 4315 1918 4389; baseline 0.003 -19"><span class='ocrx_word' id='word_1_335' title='bbox 350 4336 410 4371; x_wconf 79' lang='grc' dir='ltr'><strong>τε</strong></span> <span class='ocrx_word' id='word_1_336' title='bbox 444 4320 538 4370; x_wconf 76' lang='grc' dir='ltr'>καὶ</span> <span class='ocrx_word' id='word_1_337' title='bbox 571 4319 752 4386; x_wconf 73' lang='grc' dir='ltr'>ὑμεῖς.</span> <span class='ocrx_word' id='word_1_338' title='bbox 784 4317 857 4378; x_wconf 84' lang='grc' dir='ltr'><strong>ὡς</strong></span> <span class='ocrx_word' id='word_1_339' title='bbox 887 4315 1038 4368; x_wconf 75' lang='grc' dir='ltr'>οὐδὲν</span> <span class='ocrx_word' id='word_1_340' title='bbox 1071 4317 1170 4385; x_wconf 64' lang='grc' dir='ltr'>ἤδη</span> <span class='ocrx_word' id='word_1_341' title='bbox 1217 4315 1278 4368; x_wconf 86' lang='grc' dir='ltr'><strong>τὸ</strong></span> <span class='ocrx_word' id='word_1_342' title='bbox 1311 4317 1522 4370; x_wconf 82' lang='grc' dir='ltr'>κωλῦον</span> <span class='ocrx_word' id='word_1_343' title='bbox 1577 4317 1764 4389; x_wconf 75' lang='grc' dir='ltr'>ἕτερόν</span> <span class='ocrx_word' id='word_1_344' title='bbox 1795 4338 1918 4374; x_wconf 83' lang='grc' dir='ltr'>τινα.</span> 
     </span>
    </p>
   </div>
   <div class='ocr_carea' id='block_1_48' title="bbox 348 4406 1917 4479">
    <p class='ocr_par' dir='ltr' id='par_1_48' title="bbox 348 4406 1917 4479">
     <span class='ocr_line' id='line_1_48' title="bbox 348 4406 1917 4479; baseline -0.005 -17"><span class='ocrx_word' id='word_1_345' title='bbox 348 4411 409 4466; x_wconf 78' lang='grc' dir='ltr'>ὂν</span> <span class='ocrx_word' id='word_1_346' title='bbox 439 4411 506 4464; x_wconf 78' lang='grc' dir='ltr'>ἂν</span> <span class='ocrx_word' id='word_1_347' title='bbox 540 4407 803 4478; x_wconf 83' lang='grc' dir='ltr'>βούλησθε</span> <span class='ocrx_word' id='word_1_348' title='bbox 831 4407 984 4460; x_wconf 80' lang='grc' dir='ltr'>αὐτοὶ</span> <span class='ocrx_word' id='word_1_349' title='bbox 1011 4408 1120 4466; x_wconf 67' lang='lat' dir='ltr'><strong>toi;</strong></span> <span class='ocrx_word' id='word_1_350' title='bbox 1155 4406 1479 4477; x_wconf 76' lang='grc' dir='ltr'>πράγμασιν</span> <span class='ocrx_word' id='word_1_351' title='bbox 1528 4409 1754 4479; x_wconf 80' lang='grc' dir='ltr'>ὲιριστᾷν</span> <span class='ocrx_word' id='word_1_352' title='bbox 1782 4426 1796 4440; x_wconf 89' lang='grc'><strong>·</strong></span> <span class='ocrx_word' id='word_1_353' title='bbox 1827 4411 1917 4464; x_wconf 81' lang='grc' dir='ltr'><strong>οὖ-</strong></span> 
     </span>
    </p>
   </div>
   <div class='ocr_carea' id='block_1_49' title="bbox 2011 568 3586 638">
    <p class='ocr_par' dir='ltr' id='par_1_49' title="bbox 2011 568 3586 638">
     <span class='ocr_line' id='line_1_49' title="bbox 2011 568 3586 638; baseline -0.001 -15"><span class='ocrx_word' id='word_1_354' title='bbox 2011 572 2157 623; x_wconf 87' lang='lat' dir='ltr'><strong>enim</strong></span> <span class='ocrx_word' id='word_1_355' title='bbox 2183 569 2401 623; x_wconf 83' lang='lat' dir='ltr'><strong>nescius</strong></span> <span class='ocrx_word' id='word_1_356' title='bbox 2422 585 2528 637; x_wconf 80' lang='lat' dir='ltr'><strong>qua</strong></span> <span class='ocrx_word' id='word_1_357' title='bbox 2553 568 2896 622; x_wconf 82' lang='lat' dir='ltr'><strong>miseriarum</strong></span> <span class='ocrx_word' id='word_1_358' title='bbox 2926 584 3012 622; x_wconf 91' lang='lat' dir='ltr'><strong>res</strong></span> <span class='ocrx_word' id='word_1_359' title='bbox 3028 569 3283 630; x_wconf 79' lang='lat' dir='ltr'><strong>evadent,</strong></span> <span class='ocrx_word' id='word_1_360' title='bbox 3306 569 3437 622; x_wconf 89' lang='lat' dir='ltr'><strong>mihi</strong></span> <span class='ocrx_word' id='word_1_361' title='bbox 3462 569 3586 638; x_wconf 86' lang='lat' dir='ltr'><strong>qui-</strong></span> 
     </span>
    </p>
   </div>
   <div class='ocr_carea' id='block_1_50' title="bbox 2009 656 3581 729">
    <p class='ocr_par' dir='ltr' id='par_1_50' title="bbox 2009 656 3581 729">
     <span class='ocr_line' id='line_1_50' title="bbox 2009 656 3581 729; baseline -0.001 -19"><span class='ocrx_word' id='word_1_362' title='bbox 2009 656 2135 710; x_wconf 89' lang='lat' dir='ltr'><strong>dem</strong></span> <span class='ocrx_word' id='word_1_363' title='bbox 2161 656 2535 725; x_wconf 79' lang='lat' dir='ltr'><strong>ignominiam,</strong></span> <span class='ocrx_word' id='word_1_364' title='bbox 2574 657 2787 710; x_wconf 67' lang='lat' dir='ltr'><strong>caeteris</strong></span> <span class='ocrx_word' id='word_1_365' title='bbox 2825 663 3006 710; x_wconf 89' lang='lat' dir='ltr'><strong>autem</strong></span> <span class='ocrx_word' id='word_1_366' title='bbox 3051 657 3310 716; x_wconf 73' lang='lat' dir='ltr'><strong>Romanis</strong></span> <span class='ocrx_word' id='word_1_367' title='bbox 3341 658 3581 729; x_wconf 82' lang='lat' dir='ltr'><strong>pericula</strong></span> 
     </span>
    </p>
   </div>
   <div class='ocr_carea' id='block_1_51' title="bbox 2009 747 3583 817">
    <p class='ocr_par' dir='ltr' id='par_1_51' title="bbox 2009 747 3583 817">
     <span class='ocr_line' id='line_1_51' title="bbox 2009 747 3583 817; baseline 0 -15"><span class='ocrx_word' id='word_1_368' title='bbox 2009 747 2351 816; x_wconf 75' lang='lat' dir='ltr'><strong>exitiumque</strong></span> <span class='ocrx_word' id='word_1_369' title='bbox 2395 763 2692 810; x_wconf 85' lang='lat' dir='ltr'><strong>ereavcro,</strong></span> <span class='ocrx_word' id='word_1_370' title='bbox 2745 748 2946 801; x_wconf 85' lang='lat' dir='ltr'><strong>nullam</strong></span> <span class='ocrx_word' id='word_1_371' title='bbox 2997 749 3081 802; x_wconf 83' lang='lat' dir='ltr'><strong>vel</strong></span> <span class='ocrx_word' id='word_1_372' title='bbox 3132 764 3218 802; x_wconf 84' lang='lat' dir='ltr'><strong>me</strong></span> <span class='ocrx_word' id='word_1_373' title='bbox 3250 748 3369 817; x_wconf 86' lang='lat' dir='ltr'><strong>ipso</strong></span> <span class='ocrx_word' id='word_1_374' title='bbox 3397 748 3583 817; x_wconf 84' lang='lat' dir='ltr'><strong>judice</strong></span> 
     </span>
    </p>
   </div>
   <div class='ocr_carea' id='block_1_52' title="bbox 2010 839 3580 908">
    <p class='ocr_par' dir='ltr' id='par_1_52' title="bbox 2010 839 3580 908">
     <span class='ocr_line' id='line_1_52' title="bbox 2010 839 3580 908; baseline 0.001 -18"><span class='ocrx_word' id='word_1_375' title='bbox 2010 839 2260 903; x_wconf 82' lang='lat' dir='ltr'><strong>veniam;</strong></span> <span class='ocrx_word' id='word_1_376' title='bbox 2289 839 2403 894; x_wconf 86' lang='lat' dir='ltr'><strong>sive</strong></span> <span class='ocrx_word' id='word_1_377' title='bbox 2427 841 2592 892; x_wconf 87' lang='lat' dir='ltr'><strong>etiam</strong></span> <span class='ocrx_word' id='word_1_378' title='bbox 2624 839 3067 893; x_wconf 86' lang='lat' dir='ltr'><strong>animadvertens</strong></span> <span class='ocrx_word' id='word_1_379' title='bbox 3095 840 3580 908; x_wconf 81' lang='lat' dir='ltr'><strong>(quemadmodum</strong></span> 
     </span>
    </p>
   </div>
   <div class='ocr_carea' id='block_1_53' title="bbox 2001 931 3582 1003">
    <p class='ocr_par' dir='ltr' id='par_1_53' title="bbox 2001 931 3582 1003">
     <span class='ocr_line' id='line_1_53' title="bbox 2001 931 3582 1003; baseline -0.001 -17"><span class='ocrx_word' id='word_1_380' title='bbox 2001 933 2113 1003; x_wconf 85' lang='lat' dir='ltr'><strong>jam</strong></span> <span class='ocrx_word' id='word_1_381' title='bbox 2159 931 2370 1002; x_wconf 90' lang='lat' dir='ltr'><strong>liquido</strong></span> <span class='ocrx_word' id='word_1_382' title='bbox 2420 932 2578 1002; x_wconf 89' lang='lat' dir='ltr'><strong>scio),</strong></span> <span class='ocrx_word' id='word_1_383' title='bbox 2623 942 2802 986; x_wconf 87' lang='lat' dir='ltr'><strong>tamen</strong></span> <span class='ocrx_word' id='word_1_384' title='bbox 2828 933 3184 987; x_wconf 80' lang='lat' dir='ltr'><strong>emollcscam</strong></span> <span class='ocrx_word' id='word_1_385' title='bbox 3225 933 3422 988; x_wconf 91' lang='lat' dir='ltr'><strong>timore</strong></span> <span class='ocrx_word' id='word_1_386' title='bbox 3451 974 3464 994; x_wconf 88' lang='lat'><strong>,</strong></span> <span class='ocrx_word' id='word_1_387' title='bbox 3515 948 3582 985; x_wconf 90' lang='lat' dir='ltr'><strong>ne</strong></span> 
     </span>
    </p>
   </div>
   <div class='ocr_carea' id='block_1_54' title="bbox 2009 1023 3585 1092">
    <p class='ocr_par' dir='ltr' id='par_1_54' title="bbox 2009 1023 3585 1092">
     <span class='ocr_line' id='line_1_54' title="bbox 2009 1023 3585 1092; baseline -0.003 -15"><span class='ocrx_word' id='word_1_388' title='bbox 2009 1024 2221 1087; x_wconf 84' lang='lat' dir='ltr'><strong>scilicet</strong></span> <span class='ocrx_word' id='word_1_389' title='bbox 2268 1024 2450 1077; x_wconf 89' lang='lat' dir='ltr'><strong>dubiis</strong></span> <span class='ocrx_word' id='word_1_390' title='bbox 2497 1038 2560 1078; x_wconf 89' lang='lat' dir='ltr'><strong>ac</strong></span> <span class='ocrx_word' id='word_1_391' title='bbox 2603 1023 2971 1078; x_wconf 88' lang='lat' dir='ltr'><strong>formidolosis</strong></span> <span class='ocrx_word' id='word_1_392' title='bbox 3022 1025 3363 1092; x_wconf 89' lang='lat' dir='ltr'><strong>temporibus</strong></span> <span class='ocrx_word' id='word_1_393' title='bbox 3414 1025 3585 1092; x_wconf 71' lang='lat' dir='ltr'><strong>impe-</strong></span> 
     </span>
    </p>
   </div>
   <div class='ocr_carea' id='block_1_55' title="bbox 2011 1115 3584 1184">
    <p class='ocr_par' dir='ltr' id='par_1_55' title="bbox 2011 1115 3584 1184">
     <span class='ocr_line' id='line_1_55' title="bbox 2011 1115 3584 1184; baseline -0.001 -14"><span class='ocrx_word' id='word_1_394' title='bbox 2011 1120 2152 1170; x_wconf 85' lang='lat' dir='ltr'><strong>rium</strong></span> <span class='ocrx_word' id='word_1_395' title='bbox 2186 1115 2373 1169; x_wconf 89' lang='lat' dir='ltr'><strong>videar</strong></span> <span class='ocrx_word' id='word_1_396' title='bbox 2408 1115 2708 1176; x_wconf 89' lang='lat' dir='ltr'><strong>dimittere,</strong></span> <span class='ocrx_word' id='word_1_397' title='bbox 2737 1124 2932 1184; x_wconf 70' lang='lat' dir='ltr'><strong>praeter</strong></span> <span class='ocrx_word' id='word_1_398' title='bbox 2965 1117 3424 1184; x_wconf 81' lang='lat' dir='ltr'><strong>vituperationem</strong></span> <span class='ocrx_word' id='word_1_399' title='bbox 3459 1133 3584 1169; x_wconf 87' lang='lat' dir='ltr'><strong>eru-</strong></span> 
     </span>
    </p>
   </div>
   <div class='ocr_carea' id='block_1_56' title="bbox 2011 1205 3583 1276">
    <p class='ocr_par' dir='ltr' id='par_1_56' title="bbox 2011 1205 3583 1276">
     <span class='ocr_line' id='line_1_56' title="bbox 2011 1205 3583 1276; baseline -0.001 -15"><span class='ocrx_word' id='word_1_400' title='bbox 2011 1207 2349 1261; x_wconf 87' lang='lat' dir='ltr'><strong>delissimum</strong></span> <span class='ocrx_word' id='word_1_401' title='bbox 2379 1221 2597 1275; x_wconf 84' lang='lat' dir='ltr'><strong>quoque</strong></span> <span class='ocrx_word' id='word_1_402' title='bbox 2626 1207 2955 1275; x_wconf 88' lang='lat' dir='ltr'><strong>supplicium</strong></span> <span class='ocrx_word' id='word_1_403' title='bbox 2985 1208 3366 1262; x_wconf 88' lang='lat' dir='ltr'><strong>commercbor</strong></span> <span class='ocrx_word' id='word_1_404' title='bbox 3394 1225 3406 1260; x_wconf 91' lang='lat'><strong>:</strong></span> <span class='ocrx_word' id='word_1_405' title='bbox 3436 1205 3583 1276; x_wconf 87' lang='lat' dir='ltr'><strong>quod</strong></span> 
     </span>
    </p>
   </div>
   <div class='ocr_carea' id='block_1_57' title="bbox 1969 1298 3575 1372">
    <p class='ocr_par' dir='ltr' id='par_1_57' title="bbox 1969 1298 3575 1372">
     <span class='ocr_line' id='line_1_57' title="bbox 1969 1298 3575 1372; baseline 0 -20"><span class='ocrx_word' id='word_1_406' title='bbox 1969 1299 1974 1304; x_wconf 83' lang='grc'><em>’</em></span> <span class='ocrx_word' id='word_1_407' title='bbox 2011 1315 2324 1368; x_wconf 80' lang='lat' dir='ltr'><strong>quanquam</strong></span> <span class='ocrx_word' id='word_1_408' title='bbox 2377 1298 2692 1368; x_wconf 71' lang='lat' dir='ltr'><strong>praescicns,</strong></span> <span class='ocrx_word' id='word_1_409' title='bbox 2719 1299 3080 1354; x_wconf 80' lang='lat' dir='ltr'><strong>sustinuerim</strong></span> <span class='ocrx_word' id='word_1_410' title='bbox 3113 1301 3299 1354; x_wconf 87' lang='lat' dir='ltr'><strong>volens</strong></span> <span class='ocrx_word' id='word_1_411' title='bbox 3331 1301 3575 1372; x_wconf 69' lang='lat' dir='ltr'><strong>ignavus,</strong></span> 
     </span>
    </p>
   </div>
   <div class='ocr_carea' id='block_1_58' title="bbox 2010 1390 3585 1460">
    <p class='ocr_par' dir='ltr' id='par_1_58' title="bbox 2010 1390 3585 1460">
     <span class='ocr_line' id='line_1_58' title="bbox 2010 1390 3585 1460; baseline -0.001 -15"><span class='ocrx_word' id='word_1_412' title='bbox 2010 1400 2066 1445; x_wconf 86' lang='lat' dir='ltr'><strong>et</strong></span> <span class='ocrx_word' id='word_1_413' title='bbox 2115 1405 2292 1460; x_wconf 82' lang='lat' dir='ltr'><strong>neque</strong></span> <span class='ocrx_word' id='word_1_414' title='bbox 2336 1390 2715 1452; x_wconf 81' lang='lat' dir='ltr'><strong>occasionum,</strong></span> <span class='ocrx_word' id='word_1_415' title='bbox 2767 1405 2946 1458; x_wconf 87' lang='lat' dir='ltr'><strong>neque</strong></span> <span class='ocrx_word' id='word_1_416' title='bbox 2977 1407 3160 1444; x_wconf 91' lang='lat' dir='ltr'><strong>rerum</strong></span> <span class='ocrx_word' id='word_1_417' title='bbox 3187 1392 3326 1445; x_wconf 86' lang='lat' dir='ltr'><strong>bene</strong></span> <span class='ocrx_word' id='word_1_418' title='bbox 3356 1391 3585 1446; x_wconf 90' lang='lat' dir='ltr'><strong>utenda-</strong></span> 
     </span>
    </p>
   </div>
   <div class='ocr_carea' id='block_1_59' title="bbox 2014 1482 3581 1552">
    <p class='ocr_par' dir='ltr' id='par_1_59' title="bbox 2014 1482 3581 1552">
     <span class='ocr_line' id='line_1_59' title="bbox 2014 1482 3581 1552; baseline -0.003 -14"><span class='ocrx_word' id='word_1_419' title='bbox 2014 1498 2135 1538; x_wconf 87' lang='lat' dir='ltr'><strong>rmn</strong></span> <span class='ocrx_word' id='word_1_420' title='bbox 2175 1483 2384 1552; x_wconf 90' lang='lat' dir='ltr'><strong>peritus</strong></span> <span class='ocrx_word' id='word_1_421' title='bbox 2426 1482 2617 1536; x_wconf 85' lang='lat' dir='ltr'><strong>videri.</strong></span> <span class='ocrx_word' id='word_1_422' title='bbox 2651 1482 2824 1548; x_wconf 83' lang='lat' dir='ltr'><strong>Quam</strong></span> <span class='ocrx_word' id='word_1_423' title='bbox 2856 1483 2926 1536; x_wconf 89' lang='lat' dir='ltr'><strong>ob</strong></span> <span class='ocrx_word' id='word_1_424' title='bbox 2953 1497 3171 1537; x_wconf 84' lang='lat' dir='ltr'><strong>causam</strong></span> <span class='ocrx_word' id='word_1_425' title='bbox 3203 1490 3258 1535; x_wconf 86' lang='lat' dir='ltr'><strong>et</strong></span> <span class='ocrx_word' id='word_1_426' title='bbox 3305 1482 3581 1536; x_wconf 87' lang='lat' dir='ltr'><strong>discrimi-</strong></span> 
     </span>
    </p>
   </div>
   <div class='ocr_carea' id='block_1_60' title="bbox 2014 1573 3582 1637">
    <p class='ocr_par' dir='ltr' id='par_1_60' title="bbox 2014 1573 3582 1637">
     <span class='ocr_line' id='line_1_60' title="bbox 2014 1573 3582 1637; baseline -0.003 -8"><span class='ocrx_word' id='word_1_427' title='bbox 2014 1575 2198 1637; x_wconf 80' lang='lat' dir='ltr'><strong>nibus,</strong></span> <span class='ocrx_word' id='word_1_428' title='bbox 2253 1583 2308 1628; x_wconf 90' lang='lat' dir='ltr'><strong>et</strong></span> <span class='ocrx_word' id='word_1_429' title='bbox 2361 1573 2596 1628; x_wconf 65' lang='lat' dir='ltr'><strong>infamiae</strong></span> <span class='ocrx_word' id='word_1_430' title='bbox 2641 1589 2727 1628; x_wconf 87' lang='lat' dir='ltr'><strong>me</strong></span> <span class='ocrx_word' id='word_1_431' title='bbox 2781 1573 2996 1628; x_wconf 79' lang='lat' dir='ltr'><strong>decrevi</strong></span> <span class='ocrx_word' id='word_1_432' title='bbox 3045 1573 3388 1636; x_wconf 80' lang='lat' dir='ltr'><strong>subducere;</strong></span> <span class='ocrx_word' id='word_1_433' title='bbox 3438 1575 3582 1627; x_wconf 84' lang='lat' dir='ltr'><strong>unde</strong></span> 
     </span>
    </p>
   </div>
   <div class='ocr_carea' id='block_1_61' title="bbox 2015 1660 3586 1733">
    <p class='ocr_par' dir='ltr' id='par_1_61' title="bbox 2015 1660 3586 1733">
     <span class='ocr_line' id='line_1_61' title="bbox 2015 1660 3586 1733; baseline -0.001 -15"><span class='ocrx_word' id='word_1_434' title='bbox 2015 1679 2116 1719; x_wconf 79' lang='lat' dir='ltr'><strong>nec</strong></span> <span class='ocrx_word' id='word_1_435' title='bbox 2168 1665 2233 1718; x_wconf 87' lang='lat' dir='ltr'><strong>ad</strong></span> <span class='ocrx_word' id='word_1_436' title='bbox 2279 1660 2704 1733; x_wconf 80' lang='lat' dir='ltr'><strong>imperatricem.</strong></span> <span class='ocrx_word' id='word_1_437' title='bbox 2760 1680 2863 1718; x_wconf 74' lang='lat' dir='ltr'><strong>nec</strong></span> <span class='ocrx_word' id='word_1_438' title='bbox 2904 1664 2970 1718; x_wconf 82' lang='lat' dir='ltr'><strong>ad</strong></span> <span class='ocrx_word' id='word_1_439' title='bbox 3005 1665 3352 1733; x_wconf 75' lang='lat' dir='ltr'><strong>imperatoris</strong></span> <span class='ocrx_word' id='word_1_440' title='bbox 3383 1665 3586 1718; x_wconf 81' lang='lat' dir='ltr'><strong>liberos</strong></span> 
     </span>
    </p>
   </div>
   <div class='ocr_carea' id='block_1_62' title="bbox 2014 1755 3587 1825">
    <p class='ocr_par' dir='ltr' id='par_1_62' title="bbox 2014 1755 3587 1825">
     <span class='ocr_line' id='line_1_62' title="bbox 2014 1755 3587 1825; baseline -0.001 -15"><span class='ocrx_word' id='word_1_441' title='bbox 2014 1756 2216 1825; x_wconf 88' lang='lat' dir='ltr'><strong>aliquid</strong></span> <span class='ocrx_word' id='word_1_442' title='bbox 2275 1756 2632 1812; x_wconf 86' lang='lat' dir='ltr'><strong>emolumenti</strong></span> <span class='ocrx_word' id='word_1_443' title='bbox 2677 1755 3046 1820; x_wconf 81' lang='lat' dir='ltr'><strong>redundabit;</strong></span> <span class='ocrx_word' id='word_1_444' title='bbox 3097 1765 3243 1810; x_wconf 78' lang='lat' dir='ltr'><strong>esset</strong></span> <span class='ocrx_word' id='word_1_445' title='bbox 3292 1757 3436 1810; x_wconf 90' lang='lat' dir='ltr'><strong>enim</strong></span> <span class='ocrx_word' id='word_1_446' title='bbox 3484 1758 3587 1810; x_wconf 84' lang='lat' dir='ltr'><strong>hoc</strong></span> 
     </span>
    </p>
   </div>
   <div class='ocr_carea' id='block_1_63' title="bbox 2013 1846 3586 1916">
    <p class='ocr_par' dir='ltr' id='par_1_63' title="bbox 2013 1846 3586 1916">
     <span class='ocr_line' id='line_1_63' title="bbox 2013 1846 3586 1916; baseline 0 -16"><span class='ocrx_word' id='word_1_447' title='bbox 2013 1863 2120 1900; x_wconf 92' lang='lat' dir='ltr'><strong>non</strong></span> <span class='ocrx_word' id='word_1_448' title='bbox 2165 1847 2421 1914; x_wconf 78' lang='lat' dir='ltr'><strong>exiguum</strong></span> <span class='ocrx_word' id='word_1_449' title='bbox 2470 1846 2745 1900; x_wconf 83' lang='lat' dir='ltr'><strong>solatium.</strong></span> <span class='ocrx_word' id='word_1_450' title='bbox 2789 1846 2865 1900; x_wconf 82' lang='lat' dir='ltr'><strong>Ne</strong></span> <span class='ocrx_word' id='word_1_451' title='bbox 2897 1856 3079 1901; x_wconf 90' lang='lat' dir='ltr'><strong>autem</strong></span> <span class='ocrx_word' id='word_1_452' title='bbox 3115 1847 3334 1902; x_wconf 74' lang='lat' dir='ltr'><strong>labores</strong></span> <span class='ocrx_word' id='word_1_453' title='bbox 3363 1848 3586 1916; x_wconf 81' lang='lat' dir='ltr'><strong>propter</strong></span> 
     </span>
    </p>
   </div>
   <div class='ocr_carea' id='block_1_64' title="bbox 2016 1938 3581 2008">
    <p class='ocr_par' dir='ltr' id='par_1_64' title="bbox 2016 1938 3581 2008">
     <span class='ocr_line' id='line_1_64' title="bbox 2016 1938 3581 2008; baseline 0.002 -17"><span class='ocrx_word' id='word_1_454' title='bbox 2016 1938 2156 1992; x_wconf 86' lang='lat' dir='ltr'><strong>filios</strong></span> <span class='ocrx_word' id='word_1_455' title='bbox 2218 1939 2566 2008; x_wconf 77' lang='lat' dir='ltr'><strong>imperatoris</strong></span> <span class='ocrx_word' id='word_1_456' title='bbox 2614 1939 2984 2006; x_wconf 83' lang='lat' dir='ltr'><strong>capessendos</strong></span> <span class='ocrx_word' id='word_1_457' title='bbox 3033 1939 3206 1993; x_wconf 82' lang='lat' dir='ltr'><strong>vitare</strong></span> <span class='ocrx_word' id='word_1_458' title='bbox 3259 1939 3581 2001; x_wconf 77' lang='lat' dir='ltr'><strong>existimer,</strong></span> 
     </span>
    </p>
   </div>
   <div class='ocr_carea' id='block_1_65' title="bbox 2013 2028 3589 2097">
    <p class='ocr_par' dir='ltr' id='par_1_65' title="bbox 2013 2028 3589 2097">
     <span class='ocr_line' id='line_1_65' title="bbox 2013 2028 3589 2097; baseline 0.003 -16"><span class='ocrx_word' id='word_1_459' title='bbox 2013 2044 2160 2083; x_wconf 87' lang='lat' dir='ltr'><strong>nunc</strong></span> <span class='ocrx_word' id='word_1_460' title='bbox 2203 2030 2424 2097; x_wconf 85' lang='lat' dir='ltr'><strong>quidem</strong></span> <span class='ocrx_word' id='word_1_461' title='bbox 2483 2028 2536 2082; x_wconf 92' lang='lat' dir='ltr'><strong>in</strong></span> <span class='ocrx_word' id='word_1_462' title='bbox 2570 2028 2674 2083; x_wconf 71' lang='lat' dir='ltr'><strong>i~ta</strong></span> <span class='ocrx_word' id='word_1_463' title='bbox 2725 2045 2894 2097; x_wconf 84' lang='lat' dir='ltr'><strong>pace,</strong></span> <span class='ocrx_word' id='word_1_464' title='bbox 2943 2045 3066 2084; x_wconf 92' lang='lat' dir='ltr'><strong>cum</strong></span> <span class='ocrx_word' id='word_1_465' title='bbox 3116 2046 3218 2085; x_wconf 91' lang='lat' dir='ltr'><strong>nec</strong></span> <span class='ocrx_word' id='word_1_466' title='bbox 3269 2031 3472 2086; x_wconf 87' lang='lat' dir='ltr'><strong>bellum</strong></span> <span class='ocrx_word' id='word_1_467' title='bbox 3503 2041 3589 2086; x_wconf 85' lang='lat' dir='ltr'><strong>est</strong></span> 
     </span>
    </p>
   </div>
   <div class='ocr_carea' id='block_1_66' title="bbox 2013 2119 3588 2191">
    <p class='ocr_par' dir='ltr' id='par_1_66' title="bbox 2013 2119 3588 2191">
     <span class='ocr_line' id='line_1_66' title="bbox 2013 2119 3588 2191; baseline 0.004 -18"><span class='ocrx_word' id='word_1_468' title='bbox 2013 2120 2185 2174; x_wconf 76' lang='lat' dir='ltr'><strong>ullum</strong></span> <span class='ocrx_word' id='word_1_469' title='bbox 2215 2159 2228 2182; x_wconf 95' lang='lat'><strong>,</strong></span> <span class='ocrx_word' id='word_1_470' title='bbox 2282 2135 2384 2175; x_wconf 89' lang='lat' dir='ltr'><strong>nec</strong></span> <span class='ocrx_word' id='word_1_471' title='bbox 2431 2119 2700 2174; x_wconf 88' lang='lat' dir='ltr'><strong>malorum</strong></span> <span class='ocrx_word' id='word_1_472' title='bbox 2741 2122 3106 2190; x_wconf 82' lang='lat' dir='ltr'><strong>exspectatio,</strong></span> <span class='ocrx_word' id='word_1_473' title='bbox 3149 2123 3490 2191; x_wconf 83' lang='lat' dir='ltr'><strong>patriarcha,</strong></span> <span class='ocrx_word' id='word_1_474' title='bbox 3531 2135 3588 2179; x_wconf 81' lang='lat' dir='ltr'><strong>et</strong></span> 
     </span>
    </p>
   </div>
   <div class='ocr_carea' id='block_1_67' title="bbox 2011 2205 3582 2284">
    <p class='ocr_par' dir='ltr' id='par_1_67' title="bbox 2011 2205 3582 2284">
     <span class='ocr_line' id='line_1_67' title="bbox 2011 2205 3582 2284; baseline 0.001 -17"><span class='ocrx_word' id='word_1_475' title='bbox 2011 2214 2302 2268; x_wconf 87' lang='lat' dir='ltr'><strong>concilium</strong></span> <span class='ocrx_word' id='word_1_476' title='bbox 2345 2228 2452 2265; x_wconf 87' lang='lat' dir='ltr'><strong>una</strong></span> <span class='ocrx_word' id='word_1_477' title='bbox 2499 2206 2632 2266; x_wconf 86' lang='lat' dir='ltr'><strong>cum</strong></span> <span class='ocrx_word' id='word_1_478' title='bbox 2667 2205 3019 2280; x_wconf 82' lang='lat' dir='ltr'><strong>imperatrice</strong></span> <span class='ocrx_word' id='word_1_479' title='bbox 3047 2214 3337 2282; x_wconf 91' lang='lat' dir='ltr'><strong>imperium</strong></span> <span class='ocrx_word' id='word_1_480' title='bbox 3370 2225 3582 2284; x_wconf 83' lang='lat' dir='ltr'><strong>regant,</strong></span> 
     </span>
    </p>
   </div>
   <div class='ocr_carea' id='block_1_68' title="bbox 2011 2303 3585 2375">
    <p class='ocr_par' dir='ltr' id='par_1_68' title="bbox 2011 2303 3585 2375">
     <span class='ocr_line' id='line_1_68' title="bbox 2011 2303 3585 2375; baseline 0.001 -17"><span class='ocrx_word' id='word_1_481' title='bbox 2011 2307 2239 2374; x_wconf 82' lang='lat' dir='ltr'><strong>ejusque</strong></span> <span class='ocrx_word' id='word_1_482' title='bbox 2285 2304 2444 2357; x_wconf 90' lang='lat' dir='ltr'><strong>bonis</strong></span> <span class='ocrx_word' id='word_1_483' title='bbox 2497 2311 2552 2357; x_wconf 91' lang='lat' dir='ltr'><strong>et</strong></span> <span class='ocrx_word' id='word_1_484' title='bbox 2600 2303 2904 2359; x_wconf 80' lang='lat' dir='ltr'><strong>honoribus</strong></span> <span class='ocrx_word' id='word_1_485' title='bbox 2933 2315 2938 2320; x_wconf 89' lang='lat'>&#39;</span> <span class='ocrx_word' id='word_1_486' title='bbox 2969 2305 3342 2375; x_wconf 81' lang='lat' dir='ltr'><strong>perfruantur.</strong></span> <span class='ocrx_word' id='word_1_487' title='bbox 3379 2305 3585 2370; x_wconf 78' lang='lat' dir='ltr'><strong>Quodsi</strong></span> 
     </span>
    </p>
   </div>
   <div class='ocr_carea' id='block_1_69' title="bbox 2011 2391 3586 2462">
    <p class='ocr_par' dir='ltr' id='par_1_69' title="bbox 2011 2391 3586 2462">
     <span class='ocr_line' id='line_1_69' title="bbox 2011 2391 3586 2462; baseline 0.002 -17"><span class='ocrx_word' id='word_1_488' title='bbox 2011 2391 2307 2462; x_wconf 88' lang='lat' dir='ltr'><strong>aliquando</strong></span> <span class='ocrx_word' id='word_1_489' title='bbox 2355 2406 2506 2446; x_wconf 88' lang='lat' dir='ltr'><strong>arma</strong></span> <span class='ocrx_word' id='word_1_490' title='bbox 2541 2391 2891 2460; x_wconf 82' lang='lat' dir='ltr'><strong>imperatoris</strong></span> <span class='ocrx_word' id='word_1_491' title='bbox 2921 2393 3110 2448; x_wconf 89' lang='lat' dir='ltr'><strong>liberis</strong></span> <span class='ocrx_word' id='word_1_492' title='bbox 3147 2393 3449 2462; x_wconf 82' lang='lat' dir='ltr'><strong>periculum</strong></span> <span class='ocrx_word' id='word_1_493' title='bbox 3483 2393 3586 2448; x_wconf 90' lang='lat' dir='ltr'><strong>de-</strong></span> 
     </span>
    </p>
   </div>
   <div class='ocr_carea' id='block_1_70' title="bbox 2013 2470 3582 2554">
    <p class='ocr_par' dir='ltr' id='par_1_70' title="bbox 2013 2470 3582 2554">
     <span class='ocr_line' id='line_1_70' title="bbox 2013 2470 3582 2554; baseline 0.001 -16"><span class='ocrx_word' id='word_1_494' title='bbox 2013 2470 2323 2539; x_wconf 78' lang='lat' dir='ltr'><strong>nuntiantia</strong></span> <span class='ocrx_word' id='word_1_495' title='bbox 2368 2471 2770 2546; x_wconf 82' lang='lat' dir='ltr'><strong>movebuntur,</strong></span> <span class='ocrx_word' id='word_1_496' title='bbox 2810 2499 3028 2539; x_wconf 90' lang='lat' dir='ltr'><strong>rursum</strong></span> <span class='ocrx_word' id='word_1_497' title='bbox 3079 2485 3310 2554; x_wconf 80' lang='lat' dir='ltr'><strong>impigre</strong></span> <span class='ocrx_word' id='word_1_498' title='bbox 3341 2485 3582 2540; x_wconf 91' lang='lat' dir='ltr'><strong>hostium</strong></span> 
     </span>
    </p>
   </div>
   <div class='ocr_carea' id='block_1_71' title="bbox 2015 2575 3584 2650">
    <p class='ocr_par' dir='ltr' id='par_1_71' title="bbox 2015 2575 3584 2650">
     <span class='ocr_line' id='line_1_71' title="bbox 2015 2575 3584 2650; baseline 0.002 -20"><span class='ocrx_word' id='word_1_499' title='bbox 2015 2578 2137 2631; x_wconf 83' lang='lat' dir='ltr'><strong>telis</strong></span> <span class='ocrx_word' id='word_1_500' title='bbox 2191 2590 2276 2630; x_wconf 70' lang='lat' dir='ltr'><strong>ine</strong></span> <span class='ocrx_word' id='word_1_501' title='bbox 2322 2575 2629 2644; x_wconf 74' lang='lat' dir='ltr'><strong>objectabo,</strong></span> <span class='ocrx_word' id='word_1_502' title='bbox 2661 2585 2717 2630; x_wconf 81' lang='lat' dir='ltr'><strong>et</strong></span> <span class='ocrx_word' id='word_1_503' title='bbox 2753 2585 2850 2630; x_wconf 85' lang='lat' dir='ltr'><strong>aut</strong></span> <span class='ocrx_word' id='word_1_504' title='bbox 2881 2577 3174 2650; x_wconf 84' lang='lat' dir='ltr'><strong>imperium</strong></span> <span class='ocrx_word' id='word_1_505' title='bbox 3217 2577 3324 2631; x_wconf 92' lang='lat' dir='ltr'><strong>illis</strong></span> <span class='ocrx_word' id='word_1_506' title='bbox 3353 2580 3584 2633; x_wconf 81' lang='lat' dir='ltr'><strong>servabo</strong></span> 
     </span>
    </p>
   </div>
   <div class='ocr_carea' id='block_1_72' title="bbox 2016 2667 3664 2730">
    <p class='ocr_par' dir='ltr' id='par_1_72' title="bbox 2016 2667 3664 2730">
     <span class='ocr_line' id='line_1_72' title="bbox 2016 2667 3664 2730; baseline 0.002 -8"><span class='ocrx_word' id='word_1_507' title='bbox 2016 2667 2326 2730; x_wconf 80' lang='lat' dir='ltr'><strong>incolume,</strong></span> <span class='ocrx_word' id='word_1_508' title='bbox 2379 2674 2473 2720; x_wconf 90' lang='lat' dir='ltr'><strong>aut</strong></span> <span class='ocrx_word' id='word_1_509' title='bbox 2520 2681 2710 2720; x_wconf 79' lang='lat' dir='ltr'><strong>eorun</strong></span> <span class='ocrx_word' id='word_1_510' title='bbox 2763 2683 2925 2722; x_wconf 81' lang='lat' dir='ltr'><strong>causa</strong></span> <span class='ocrx_word' id='word_1_511' title='bbox 2983 2667 3037 2722; x_wconf 90' lang='lat' dir='ltr'><strong>in</strong></span> <span class='ocrx_word' id='word_1_512' title='bbox 3072 2669 3253 2722; x_wconf 90' lang='lat' dir='ltr'><strong>medio</strong></span> <span class='ocrx_word' id='word_1_513' title='bbox 3282 2671 3584 2726; x_wconf 87' lang='lat' dir='ltr'><strong>certamine</strong></span> <span class='ocrx_word' id='word_1_514' title='bbox 3653 2700 3664 2712; x_wconf 60' lang='grc' dir='ltr'><strong>κ</strong></span> 
     </span>
    </p>
   </div>
   <div class='ocr_carea' id='block_1_73' title="bbox 2013 2758 3584 2832">
    <p class='ocr_par' dir='ltr' id='par_1_73' title="bbox 2013 2758 3584 2832">
     <span class='ocr_line' id='line_1_73' title="bbox 2013 2758 3584 2832; baseline 0.004 -20"><span class='ocrx_word' id='word_1_515' title='bbox 2013 2759 2336 2814; x_wconf 88' lang='lat' dir='ltr'><strong>occumbam</strong></span> <span class='ocrx_word' id='word_1_516' title='bbox 2363 2773 2377 2811; x_wconf 91' lang='lat'>:</span> <span class='ocrx_word' id='word_1_517' title='bbox 2413 2767 2472 2810; x_wconf 87' lang='lat' dir='ltr'><strong>ut</strong></span> <span class='ocrx_word' id='word_1_518' title='bbox 2501 2773 2602 2828; x_wconf 85' lang='lat' dir='ltr'><strong>ego</strong></span> <span class='ocrx_word' id='word_1_519' title='bbox 2640 2758 2860 2828; x_wconf 88' lang='lat' dir='ltr'><strong>quidem</strong></span> <span class='ocrx_word' id='word_1_520' title='bbox 2892 2759 3108 2813; x_wconf 86' lang='lat' dir='ltr'><strong>labores</strong></span> <span class='ocrx_word' id='word_1_521' title='bbox 3141 2760 3370 2816; x_wconf 86' lang='lat' dir='ltr'><strong>habeam</strong></span> <span class='ocrx_word' id='word_1_522' title='bbox 3403 2771 3459 2816; x_wconf 89' lang='lat' dir='ltr'><strong>et</strong></span> <span class='ocrx_word' id='word_1_523' title='bbox 3489 2779 3584 2832; x_wconf 86' lang='lat' dir='ltr'><strong>pc-</strong></span> 
     </span>
    </p>
   </div>
   <div class='ocr_carea' id='block_1_74' title="bbox 2017 2835 3584 2921">
    <p class='ocr_par' dir='ltr' id='par_1_74' title="bbox 2017 2835 3584 2921">
     <span class='ocr_line' id='line_1_74' title="bbox 2017 2835 3584 2921; baseline 0.002 -16"><span class='ocrx_word' id='word_1_524' title='bbox 2017 2852 2209 2916; x_wconf 85' lang='lat' dir='ltr'><strong>ricula,</strong></span> <span class='ocrx_word' id='word_1_525' title='bbox 2255 2865 2350 2903; x_wconf 90' lang='lat' dir='ltr'><strong>vos</strong></span> <span class='ocrx_word' id='word_1_526' title='bbox 2400 2857 2583 2902; x_wconf 86' lang='lat' dir='ltr'><strong>autem</strong></span> <span class='ocrx_word' id='word_1_527' title='bbox 2624 2851 2879 2905; x_wconf 88' lang='lat' dir='ltr'><strong>omnibus</strong></span> <span class='ocrx_word' id='word_1_528' title='bbox 2922 2851 3098 2921; x_wconf 89' lang='lat' dir='ltr'><strong>copiis</strong></span> <span class='ocrx_word' id='word_1_529' title='bbox 3119 2835 3438 2918; x_wconf 48' lang='lat' dir='ltr'><strong>‘aliluentes,</strong></span> <span class='ocrx_word' id='word_1_530' title='bbox 3485 2855 3584 2908; x_wconf 90' lang='lat' dir='ltr'><strong>de-</strong></span> 
     </span>
    </p>
   </div>
   <div class='ocr_carea' id='block_1_75' title="bbox 2017 2942 3584 3014">
    <p class='ocr_par' dir='ltr' id='par_1_75' title="bbox 2017 2942 3584 3014">
     <span class='ocr_line' id='line_1_75' title="bbox 2017 2942 3584 3014; baseline 0.003 -18"><span class='ocrx_word' id='word_1_531' title='bbox 2017 2943 2160 2998; x_wconf 80' lang='lat' dir='ltr'><strong>liciis</strong></span> <span class='ocrx_word' id='word_1_532' title='bbox 2205 2951 2262 2996; x_wconf 88' lang='lat' dir='ltr'><strong>ct</strong></span> <span class='ocrx_word' id='word_1_533' title='bbox 2315 2943 2532 3012; x_wconf 73' lang='lat' dir='ltr'><strong>gaudiis</strong></span> <span class='ocrx_word' id='word_1_534' title='bbox 2587 2943 2792 3008; x_wconf 90' lang='lat' dir='ltr'><strong>dediti,</strong></span> <span class='ocrx_word' id='word_1_535' title='bbox 2841 2942 3008 2996; x_wconf 83' lang='lat' dir='ltr'><strong>vitam</strong></span> <span class='ocrx_word' id='word_1_536' title='bbox 3059 2946 3208 2998; x_wconf 87' lang='lat' dir='ltr'><strong>nullo</strong></span> <span class='ocrx_word' id='word_1_537' title='bbox 3250 2945 3584 3014; x_wconf 78' lang='lat' dir='ltr'><strong>impediente</strong></span> 
     </span>
    </p>
   </div>
   <div class='ocr_carea' id='block_1_76' title="bbox 2019 3032 3586 3105">
    <p class='ocr_par' dir='ltr' id='par_1_76' title="bbox 2019 3032 3586 3105">
     <span class='ocr_line' id='line_1_76' title="bbox 2019 3032 3586 3105; baseline 0.003 -17"><span class='ocrx_word' id='word_1_538' title='bbox 2019 3034 2346 3105; x_wconf 82' lang='lat' dir='ltr'><strong>transigatis.</strong></span> <span class='ocrx_word' id='word_1_539' title='bbox 2377 3033 2552 3104; x_wconf 85' lang='lat' dir='ltr'><strong>Caput</strong></span> <span class='ocrx_word' id='word_1_540' title='bbox 2578 3033 2817 3104; x_wconf 90' lang='lat' dir='ltr'><strong>denique</strong></span> <span class='ocrx_word' id='word_1_541' title='bbox 2841 3043 2897 3088; x_wconf 89' lang='lat' dir='ltr'><strong>et</strong></span> <span class='ocrx_word' id='word_1_542' title='bbox 2921 3051 3137 3090; x_wconf 80' lang='lat' dir='ltr'><strong>summa</strong></span> <span class='ocrx_word' id='word_1_543' title='bbox 3163 3032 3424 3092; x_wconf 83' lang='lat' dir='ltr'><strong>orationis</strong></span> <span class='ocrx_word' id='word_1_544' title='bbox 3451 3054 3586 3092; x_wconf 77' lang='lat' dir='ltr'><strong>meae</strong></span> 
     </span>
    </p>
   </div>
   <div class='ocr_carea' id='block_1_77' title="bbox 2018 3113 3584 3198">
    <p class='ocr_par' dir='ltr' id='par_1_77' title="bbox 2018 3113 3584 3198">
     <span class='ocr_line' id='line_1_77' title="bbox 2018 3113 3584 3198; baseline 0.002 -16"><span class='ocrx_word' id='word_1_545' title='bbox 2018 3136 2121 3189; x_wconf 87' lang='lat' dir='ltr'><strong>est,</strong></span> <span class='ocrx_word' id='word_1_546' title='bbox 2153 3143 2212 3181; x_wconf 91' lang='lat' dir='ltr'><strong>re</strong></span> <span class='ocrx_word' id='word_1_547' title='bbox 2238 3113 2500 3181; x_wconf 38' lang='lat' dir='ltr'><strong>nulla-me</strong></span> <span class='ocrx_word' id='word_1_548' title='bbox 2523 3126 2819 3181; x_wconf 86' lang='lat' dir='ltr'><strong>adductum</strong></span> <span class='ocrx_word' id='word_1_549' title='bbox 2849 3127 2936 3190; x_wconf 91' lang='lat' dir='ltr'><strong>iri,</strong></span> <span class='ocrx_word' id='word_1_550' title='bbox 2964 3137 3024 3182; x_wconf 93' lang='lat' dir='ltr'><strong>ut</strong></span> <span class='ocrx_word' id='word_1_551' title='bbox 3050 3131 3328 3198; x_wconf 87' lang='lat' dir='ltr'><strong>quomodo</strong></span> <span class='ocrx_word' id='word_1_552' title='bbox 3352 3132 3584 3186; x_wconf 82' lang='lat' dir='ltr'><strong>antehae</strong></span> 
     </span>
    </p>
   </div>
   <div class='ocr_carea' id='block_1_78' title="bbox 2022 3216 3582 3295">
    <p class='ocr_par' dir='ltr' id='par_1_78' title="bbox 2022 3216 3582 3295">
     <span class='ocr_line' id='line_1_78' title="bbox 2022 3216 3582 3295; baseline 0.007 -24"><span class='ocrx_word' id='word_1_553' title='bbox 2022 3217 2311 3287; x_wconf 88' lang='lat' dir='ltr'><strong>imperium</strong></span> <span class='ocrx_word' id='word_1_554' title='bbox 2357 3216 2733 3272; x_wconf 88' lang='lat' dir='ltr'><strong>administrem</strong></span> <span class='ocrx_word' id='word_1_555' title='bbox 2767 3236 2778 3272; x_wconf 94' lang='lat'><strong>:</strong></span> <span class='ocrx_word' id='word_1_556' title='bbox 2808 3217 2973 3292; x_wconf 82' lang='lat'><strong>359</strong></span> <span class='ocrx_word' id='word_1_557' title='bbox 3005 3231 3061 3279; x_wconf 85' lang='lat' dir='ltr'><strong>et</strong></span> <span class='ocrx_word' id='word_1_558' title='bbox 3095 3243 3207 3295; x_wconf 90' lang='lat' dir='ltr'><strong>quo</strong></span> <span class='ocrx_word' id='word_1_559' title='bbox 3247 3227 3388 3281; x_wconf 87' lang='lat' dir='ltr'><strong>facto</strong></span> <span class='ocrx_word' id='word_1_560' title='bbox 3420 3226 3582 3282; x_wconf 87' lang='lat' dir='ltr'><strong>simul</strong></span> 
     </span>
    </p>
   </div>
   <div class='ocr_carea' id='block_1_79' title="bbox 2019 3306 3584 3386">
    <p class='ocr_par' dir='ltr' id='par_1_79' title="bbox 2019 3306 3584 3386">
     <span class='ocr_line' id='line_1_79' title="bbox 2019 3306 3584 3386; baseline 0.01 -27"><span class='ocrx_word' id='word_1_561' title='bbox 2019 3306 2164 3376; x_wconf 89' lang='lat' dir='ltr'><strong>quod</strong></span> <span class='ocrx_word' id='word_1_562' title='bbox 2216 3307 2340 3360; x_wconf 88' lang='lat' dir='ltr'><strong>dico</strong></span> <span class='ocrx_word' id='word_1_563' title='bbox 2385 3307 2760 3376; x_wconf 88' lang='lat' dir='ltr'><strong>comprobem,</strong></span> <span class='ocrx_word' id='word_1_564' title='bbox 2800 3324 2831 3362; x_wconf 71' lang='grc' dir='ltr'><strong>ε</strong></span> <span class='ocrx_word' id='word_1_565' title='bbox 2875 3315 3008 3368; x_wconf 80' lang='lat' dir='ltr'><strong>Sella</strong></span> <span class='ocrx_word' id='word_1_566' title='bbox 3053 3327 3312 3371; x_wconf 84' lang='lat' dir='ltr'><strong>consueta</strong></span> <span class='ocrx_word' id='word_1_567' title='bbox 3355 3335 3584 3386; x_wconf 78' lang='lat' dir='ltr'><strong>surgens</strong></span> 
     </span>
    </p>
   </div>
   <div class='ocr_carea' id='block_1_80' title="bbox 2021 3397 3585 3479">
    <p class='ocr_par' dir='ltr' id='par_1_80' title="bbox 2021 3397 3585 3479">
     <span class='ocr_line' id='line_1_80' title="bbox 2021 3397 3585 3479; baseline 0.009 -31"><span class='ocrx_word' id='word_1_568' title='bbox 2021 3397 2150 3452; x_wconf 83' lang='lat' dir='ltr'><strong>alibi</strong></span> <span class='ocrx_word' id='word_1_569' title='bbox 2189 3399 2422 3460; x_wconf 84' lang='lat' dir='ltr'><strong>sedebo,</strong></span> <span class='ocrx_word' id='word_1_570' title='bbox 2477 3407 2536 3452; x_wconf 91' lang='lat' dir='ltr'><strong>ut</strong></span> <span class='ocrx_word' id='word_1_571' title='bbox 2583 3399 2858 3467; x_wconf 70' lang='lat' dir='ltr'><strong>Augusta,</strong></span> <span class='ocrx_word' id='word_1_572' title='bbox 2891 3414 2962 3458; x_wconf 79' lang='lat' dir='ltr'><strong>‘et</strong></span> <span class='ocrx_word' id='word_1_573' title='bbox 3005 3421 3102 3460; x_wconf 77' lang='lat' dir='ltr'><strong>vos</strong></span> <span class='ocrx_word' id='word_1_574' title='bbox 3157 3408 3300 3463; x_wconf 85' lang='lat' dir='ltr'><strong>scire</strong></span> <span class='ocrx_word' id='word_1_575' title='bbox 3347 3415 3585 3479; x_wconf 72' lang='lat' dir='ltr'><strong>queatis,</strong></span> 
     </span>
    </p>
   </div>
   <div class='ocr_carea' id='block_1_81' title="bbox 2019 3489 3584 3570">
    <p class='ocr_par' dir='ltr' id='par_1_81' title="bbox 2019 3489 3584 3570">
     <span class='ocr_line' id='line_1_81' title="bbox 2019 3489 3584 3570; baseline 0.012 -30"><span class='ocrx_word' id='word_1_576' title='bbox 2019 3489 2154 3542; x_wconf 85' lang='lat' dir='ltr'><strong>nihil</strong></span> <span class='ocrx_word' id='word_1_577' title='bbox 2187 3489 2294 3558; x_wconf 85' lang='lat' dir='ltr'><strong>jam</strong></span> <span class='ocrx_word' id='word_1_578' title='bbox 2349 3489 2566 3542; x_wconf 84' lang='lat' dir='ltr'><strong>obstare</strong></span> <span class='ocrx_word' id='word_1_579' title='bbox 2591 3531 2604 3555; x_wconf 93' lang='lat'><strong>,</strong></span> <span class='ocrx_word' id='word_1_580' title='bbox 2666 3497 2963 3560; x_wconf 89' lang='lat' dir='ltr'><strong>quominus</strong></span> <span class='ocrx_word' id='word_1_581' title='bbox 3011 3498 3174 3550; x_wconf 78' lang='lat' dir='ltr'><strong>alium</strong></span> <span class='ocrx_word' id='word_1_582' title='bbox 3213 3489 3522 3570; x_wconf 74' lang='lat' dir='ltr'><strong>quempiam</strong></span> <span class='ocrx_word' id='word_1_583' title='bbox 3553 3521 3584 3558; x_wconf 75' lang='grc' dir='ltr'><strong>θ</strong></span> 
     </span>
    </p>
   </div>
   <div class='ocr_carea' id='block_1_82' title="bbox 2019 3581 3579 3657">
    <p class='ocr_par' dir='ltr' id='par_1_82' title="bbox 2019 3581 3579 3657">
     <span class='ocr_line' id='line_1_82' title="bbox 2019 3581 3579 3657; baseline 0.01 -27"><span class='ocrx_word' id='word_1_584' title='bbox 2019 3587 2200 3631; x_wconf 83' lang='lat' dir='ltr'><strong>vestra</strong></span> <span class='ocrx_word' id='word_1_585' title='bbox 2232 3581 2504 3634; x_wconf 85' lang='lat' dir='ltr'><strong>sententia</strong></span> <span class='ocrx_word' id='word_1_586' title='bbox 2533 3586 2694 3636; x_wconf 62' lang='lat' dir='ltr'><strong>tantis</strong></span> <span class='ocrx_word' id='word_1_587' title='bbox 2723 3585 2882 3638; x_wconf 83' lang='lat' dir='ltr'><strong>rebus</strong></span> <span class='ocrx_word' id='word_1_588' title='bbox 2910 3587 3240 3654; x_wconf 72' lang='lat' dir='ltr'><strong>prmﬂciatis.</strong></span> <span class='ocrx_word' id='word_1_589' title='bbox 3267 3589 3388 3644; x_wconf 82' lang='lat' dir='ltr'><strong>ll:cc</strong></span> <span class='ocrx_word' id='word_1_590' title='bbox 3413 3593 3579 3657; x_wconf 79' lang='lat' dir='ltr'><strong>fatus,</strong></span> 
     </span>
    </p>
   </div>
   <div class='ocr_carea' id='block_1_83' title="bbox 2021 3669 3584 3752">
    <p class='ocr_par' dir='ltr' id='par_1_83' title="bbox 2021 3669 3584 3752">
     <span class='ocr_line' id='line_1_83' title="bbox 2021 3669 3584 3752; baseline 0.008 -28"><span class='ocrx_word' id='word_1_591' title='bbox 2021 3671 2073 3725; x_wconf 90' lang='lat' dir='ltr'><strong>in</strong></span> <span class='ocrx_word' id='word_1_592' title='bbox 2129 3671 2294 3725; x_wconf 86' lang='lat' dir='ltr'><strong>alium</strong></span> <span class='ocrx_word' id='word_1_593' title='bbox 2341 3671 2543 3734; x_wconf 89' lang='lat' dir='ltr'><strong>locum,</strong></span> <span class='ocrx_word' id='word_1_594' title='bbox 2579 3683 2834 3745; x_wconf 83' lang='lat' dir='ltr'><strong>tanqqam</strong></span> <span class='ocrx_word' id='word_1_595' title='bbox 2873 3675 2988 3742; x_wconf 76' lang='lat' dir='ltr'><strong>ipso</strong></span> <span class='ocrx_word' id='word_1_596' title='bbox 3029 3691 3194 3744; x_wconf 77' lang='lat' dir='ltr'><strong>opere</strong></span> <span class='ocrx_word' id='word_1_597' title='bbox 3224 3669 3380 3733; x_wconf 66' lang='lat' dir='ltr'><strong>alteri</strong></span> <span class='ocrx_word' id='word_1_598' title='bbox 3416 3683 3584 3752; x_wconf 86' lang='lat' dir='ltr'><strong>impe-</strong></span> 
     </span>
    </p>
   </div>
   <div class='ocr_carea' id='block_1_84' title="bbox 2021 3763 3584 3840">
    <p class='ocr_par' dir='ltr' id='par_1_84' title="bbox 2021 3763 3584 3840">
     <span class='ocr_line' id='line_1_84' title="bbox 2021 3763 3584 3840; baseline 0.007 -24"><span class='ocrx_word' id='word_1_599' title='bbox 2021 3765 2104 3816; x_wconf 84' lang='lat' dir='ltr'><strong>riu</strong></span> <span class='ocrx_word' id='word_1_600' title='bbox 2130 3780 2161 3815; x_wconf 86' lang='lat' dir='ltr'><strong>n</strong></span> <span class='ocrx_word' id='word_1_601' title='bbox 2216 3763 2418 3817; x_wconf 88' lang='lat' dir='ltr'><strong>cedens</strong></span> <span class='ocrx_word' id='word_1_602' title='bbox 2466 3767 2755 3817; x_wconf 78' lang='lat' dir='ltr'><strong>concessit.</strong></span> <span class='ocrx_word' id='word_1_603' title='bbox 2801 3765 2867 3818; x_wconf 82' lang='lat' dir='ltr'><strong>At</strong></span> <span class='ocrx_word' id='word_1_604' title='bbox 2919 3767 3064 3819; x_wconf 89' lang='lat' dir='ltr'><strong>enim</strong></span> <span class='ocrx_word' id='word_1_605' title='bbox 3109 3771 3419 3840; x_wconf 85' lang='lat' dir='ltr'><strong>patriarcha</strong></span> <span class='ocrx_word' id='word_1_606' title='bbox 3467 3774 3584 3828; x_wconf 82' lang='lat' dir='ltr'><strong>hac</strong></span> 
     </span>
    </p>
   </div>
   <div class='ocr_carea' id='block_1_85' title="bbox 2018 3853 3578 3929">
    <p class='ocr_par' dir='ltr' id='par_1_85' title="bbox 2018 3853 3578 3929">
     <span class='ocr_line' id='line_1_85' title="bbox 2018 3853 3578 3929; baseline 0.006 -21"><span class='ocrx_word' id='word_1_607' title='bbox 2018 3855 2211 3908; x_wconf 76' lang='lat' dir='ltr'><strong>videns</strong></span> <span class='ocrx_word' id='word_1_608' title='bbox 2259 3857 2314 3908; x_wconf 86' lang='lat' dir='ltr'><strong>et</strong></span> <span class='ocrx_word' id='word_1_609' title='bbox 2351 3853 2581 3908; x_wconf 88' lang='lat' dir='ltr'><strong>audiens</strong></span> <span class='ocrx_word' id='word_1_610' title='bbox 2617 3872 2628 3906; x_wconf 91' lang='lat'><strong>:</strong></span> <span class='ocrx_word' id='word_1_611' title='bbox 2659 3853 2837 3910; x_wconf 71' lang='lat' dir='ltr'><strong>Durus</strong></span> <span class='ocrx_word' id='word_1_612' title='bbox 2865 3866 2969 3918; x_wconf 89' lang='lat' dir='ltr'><strong>est,</strong></span> <span class='ocrx_word' id='word_1_613' title='bbox 3005 3859 3204 3926; x_wconf 80' lang='lat' dir='ltr'><strong>inquit,</strong></span> <span class='ocrx_word' id='word_1_614' title='bbox 3249 3861 3337 3914; x_wconf 88' lang='lat' dir='ltr'><strong>hie</strong></span> <span class='ocrx_word' id='word_1_615' title='bbox 3375 3879 3578 3929; x_wconf 86' lang='lat' dir='ltr'><strong>sermo,</strong></span> 
     </span>
    </p>
   </div>
   <div class='ocr_carea' id='block_1_86' title="bbox 2017 3943 3580 4016">
    <p class='ocr_par' dir='ltr' id='par_1_86' title="bbox 2017 3943 3580 4016">
     <span class='ocr_line' id='line_1_86' title="bbox 2017 3943 3580 4016; baseline 0.004 -18"><span class='ocrx_word' id='word_1_616' title='bbox 2017 3957 2073 3999; x_wconf 86' lang='lat' dir='ltr'><strong>et</strong></span> <span class='ocrx_word' id='word_1_617' title='bbox 2115 3944 2206 4013; x_wconf 89' lang='lat' dir='ltr'><strong>qui</strong></span> <span class='ocrx_word' id='word_1_618' title='bbox 2251 3943 2490 3996; x_wconf 88' lang='lat' dir='ltr'><strong>animum</strong></span> <span class='ocrx_word' id='word_1_619' title='bbox 2535 3945 2898 4014; x_wconf 80' lang='lat' dir='ltr'><strong>imperatricis</strong></span> <span class='ocrx_word' id='word_1_620' title='bbox 2936 3949 3255 4016; x_wconf 69' lang='lat' dir='ltr'><strong>gravissime</strong></span> <span class='ocrx_word' id='word_1_621' title='bbox 3287 3952 3580 4005; x_wconf 78' lang='lat' dir='ltr'><strong>vulnerare</strong></span> 
     </span>
    </p>
   </div>
   <div class='ocr_carea' id='block_1_87' title="bbox 2018 4035 3582 4107">
    <p class='ocr_par' dir='ltr' id='par_1_87' title="bbox 2018 4035 3582 4107">
     <span class='ocr_line' id='line_1_87' title="bbox 2018 4035 3582 4107; baseline 0.006 -19"><span class='ocrx_word' id='word_1_622' title='bbox 2018 4037 2208 4107; x_wconf 84' lang='lat' dir='ltr'><strong>possit.</strong></span> <span class='ocrx_word' id='word_1_623' title='bbox 2237 4035 2372 4091; x_wconf 79' lang='lat' dir='ltr'><strong>Vera</strong></span> <span class='ocrx_word' id='word_1_624' title='bbox 2405 4035 2669 4104; x_wconf 81' lang='lat' dir='ltr'><strong>loqueris,</strong></span> <span class='ocrx_word' id='word_1_625' title='bbox 2703 4036 2778 4089; x_wconf 85' lang='lat' dir='ltr'><strong>ait</strong></span> <span class='ocrx_word' id='word_1_626' title='bbox 2803 4035 3176 4106; x_wconf 85' lang='lat' dir='ltr'><strong>domesticus;</strong></span> <span class='ocrx_word' id='word_1_627' title='bbox 3209 4051 3264 4094; x_wconf 91' lang='lat' dir='ltr'><strong>et</strong></span> <span class='ocrx_word' id='word_1_628' title='bbox 3287 4057 3419 4096; x_wconf 89' lang='lat' dir='ltr'><strong>sane</strong></span> <span class='ocrx_word' id='word_1_629' title='bbox 3445 4045 3582 4098; x_wconf 87' lang='lat' dir='ltr'><strong>nihil</strong></span> 
     </span>
    </p>
   </div>
   <div class='ocr_carea' id='block_1_88' title="bbox 2017 4126 3583 4200">
    <p class='ocr_par' dir='ltr' id='par_1_88' title="bbox 2017 4126 3583 4200">
     <span class='ocr_line' id='line_1_88' title="bbox 2017 4126 3583 4200; baseline 0.005 -20"><span class='ocrx_word' id='word_1_630' title='bbox 2017 4127 2214 4180; x_wconf 89' lang='lat' dir='ltr'><strong>horum</strong></span> <span class='ocrx_word' id='word_1_631' title='bbox 2271 4140 2446 4200; x_wconf 79' lang='lat' dir='ltr'><strong>neque</strong></span> <span class='ocrx_word' id='word_1_632' title='bbox 2495 4126 2602 4179; x_wconf 91' lang='lat' dir='ltr'><strong>dici</strong></span> <span class='ocrx_word' id='word_1_633' title='bbox 2657 4129 2964 4196; x_wconf 86' lang='lat' dir='ltr'><strong>oportebat,</strong></span> <span class='ocrx_word' id='word_1_634' title='bbox 3016 4145 3197 4200; x_wconf 90' lang='lat' dir='ltr'><strong>neque</strong></span> <span class='ocrx_word' id='word_1_635' title='bbox 3249 4132 3389 4186; x_wconf 83' lang='lat' dir='ltr'><strong>ﬁeri.</strong></span> <span class='ocrx_word' id='word_1_636' title='bbox 3429 4133 3583 4188; x_wconf 65' lang='lat' dir='ltr'><strong>Nunc</strong></span> 
     </span>
    </p>
   </div>
   <div class='ocr_carea' id='block_1_89' title="bbox 2018 4216 3583 4294">
    <p class='ocr_par' dir='ltr' id='par_1_89' title="bbox 2018 4216 3583 4294">
     <span class='ocr_line' id='line_1_89' title="bbox 2018 4216 3583 4294; baseline 0.004 -24"><span class='ocrx_word' id='word_1_637' title='bbox 2018 4225 2198 4270; x_wconf 88' lang='lat' dir='ltr'><strong>autem</strong></span> <span class='ocrx_word' id='word_1_638' title='bbox 2242 4231 2308 4268; x_wconf 90' lang='lat' dir='ltr'><strong>eo</strong></span> <span class='ocrx_word' id='word_1_639' title='bbox 2353 4216 2698 4274; x_wconf 78' lang='lat' dir='ltr'><strong>necessitatis</strong></span> <span class='ocrx_word' id='word_1_640' title='bbox 2745 4219 3063 4286; x_wconf 89' lang='lat' dir='ltr'><strong>compellor,</strong></span> <span class='ocrx_word' id='word_1_641' title='bbox 3115 4231 3174 4276; x_wconf 91' lang='lat' dir='ltr'><strong>ut</strong></span> <span class='ocrx_word' id='word_1_642' title='bbox 3198 4225 3446 4291; x_wconf 85' lang='lat' dir='ltr'><strong>quamvis</strong></span> <span class='ocrx_word' id='word_1_643' title='bbox 3471 4218 3583 4294; x_wconf 65' lang='lat' dir='ltr'><strong>pra:</strong></span> 
     </span>
    </p>
   </div>
   <div class='ocr_carea' id='block_1_90' title="bbox 2018 4307 3588 4383">
    <p class='ocr_par' dir='ltr' id='par_1_90' title="bbox 2018 4307 3588 4383">
     <span class='ocr_line' id='line_1_90' title="bbox 2018 4307 3588 4383; baseline 0.007 -23"><span class='ocrx_word' id='word_1_644' title='bbox 2018 4307 2274 4361; x_wconf 88' lang='lat' dir='ltr'><strong>onmibus</strong></span> <span class='ocrx_word' id='word_1_645' title='bbox 2319 4307 2570 4372; x_wconf 81' lang='lat' dir='ltr'><strong>maxime,</strong></span> <span class='ocrx_word' id='word_1_646' title='bbox 2622 4324 2960 4380; x_wconf 70' lang='lat' dir='ltr'><strong>qumcunque</strong></span> <span class='ocrx_word' id='word_1_647' title='bbox 3019 4312 3086 4366; x_wconf 87' lang='lat' dir='ltr'><strong>ad</strong></span> <span class='ocrx_word' id='word_1_648' title='bbox 3127 4316 3588 4383; x_wconf 66' lang='lat' dir='ltr'><strong>consolationem,</strong></span> 
     </span>
    </p>
   </div>
   <div class='ocr_carea' id='block_1_91' title="bbox 2019 4399 3583 4474">
    <p class='ocr_par' dir='ltr' id='par_1_91' title="bbox 2019 4399 3583 4474">
     <span class='ocr_line' id='line_1_91' title="bbox 2019 4399 3583 4474; baseline 0.006 -22"><span class='ocrx_word' id='word_1_649' title='bbox 2019 4413 2422 4467; x_wconf 73' lang='lat' dir='ltr'><strong>puerorumque</strong></span> <span class='ocrx_word' id='word_1_650' title='bbox 2473 4399 2795 4454; x_wconf 70' lang='lat' dir='ltr'><strong>levationem</strong></span> <span class='ocrx_word' id='word_1_651' title='bbox 2845 4402 3123 4470; x_wconf 90' lang='lat' dir='ltr'><strong>pertinent</strong></span> <span class='ocrx_word' id='word_1_652' title='bbox 3170 4405 3283 4474; x_wconf 87' lang='lat' dir='ltr'><strong>(qui</strong></span> <span class='ocrx_word' id='word_1_653' title='bbox 3329 4421 3393 4460; x_wconf 81' lang='lat' dir='ltr'><strong>ex</strong></span> <span class='ocrx_word' id='word_1_654' title='bbox 3429 4406 3583 4462; x_wconf 84' lang='lat' dir='ltr'><strong>obitu</strong></span> 
     </span>
    </p>
   </div>
   <div class='ocr_carea' id='block_1_92' title="bbox 349 4488 1915 4578">
    <p class='ocr_par' dir='ltr' id='par_1_92' title="bbox 349 4496 1908 4572">
     <span class='ocr_line' id='line_1_92' title="bbox 349 4496 1908 4572; baseline 0 -18"><span class='ocrx_word' id='word_1_655' title='bbox 349 4520 460 4564; x_wconf 84' lang='grc' dir='ltr'><strong>τως</strong></span> <span class='ocrx_word' id='word_1_656' title='bbox 501 4500 696 4565; x_wconf 82' lang='grc' dir='ltr'>είπὼν,</span> <span class='ocrx_word' id='word_1_657' title='bbox 731 4501 815 4568; x_wconf 70' lang='grc' dir='ltr'><strong>ἐφ’</strong></span> <span class='ocrx_word' id='word_1_658' title='bbox 840 4499 1023 4567; x_wconf 75' lang='grc' dir='ltr'>ἕτερον</span> <span class='ocrx_word' id='word_1_659' title='bbox 1072 4496 1274 4567; x_wconf 79' lang='grc' dir='ltr'>μετέϐη</span> <span class='ocrx_word' id='word_1_660' title='bbox 1326 4498 1510 4560; x_wconf 82' lang='grc' dir='ltr'>τόπον,</span> <span class='ocrx_word' id='word_1_661' title='bbox 1544 4498 1732 4570; x_wconf 85' lang='grc' dir='ltr'>ὥσπερ</span> <span class='ocrx_word' id='word_1_662' title='bbox 1764 4503 1908 4572; x_wconf 74' lang='grc' dir='ltr'>ἔργῳ</span> 
     </span>
    </p>
   </div>
   <div class='ocr_carea' id='block_1_93' title="bbox 2014 4488 3587 4578">
    <p class='ocr_par' dir='ltr' id='par_1_93' title="bbox 2019 4488 3587 4578">
     <span class='ocr_line' id='line_1_93' title="bbox 2019 4488 3587 4578; baseline 0.006 -36"><span class='ocrx_word' id='word_1_663' title='bbox 2019 4490 2364 4558; x_wconf 88' lang='lat' dir='ltr'><strong>imperatoris</strong></span> <span class='ocrx_word' id='word_1_664' title='bbox 2411 4488 2562 4542; x_wconf 86' lang='lat' dir='ltr'><strong>multi</strong></span> <span class='ocrx_word' id='word_1_665' title='bbox 2607 4490 2672 4542; x_wconf 89' lang='lat' dir='ltr'><strong>ad</strong></span> <span class='ocrx_word' id='word_1_666' title='bbox 2720 4491 3122 4561; x_wconf 87' lang='lat' dir='ltr'><strong>imperatricem</strong></span> <span class='ocrx_word' id='word_1_667' title='bbox 3155 4494 3587 4578; x_wconf 59' lang='lat' dir='ltr'><strong>confluxerunt),</strong></span> 
     </span>
    </p>
   </div>
   <div class='ocr_carea' id='block_1_94' title="bbox 351 4589 1912 4664">
    <p class='ocr_par' dir='ltr' id='par_1_94' title="bbox 351 4589 1912 4664">
     <span class='ocr_line' id='line_1_94' title="bbox 351 4589 1912 4664; baseline 0.008 -14"><span class='ocrx_word' id='word_1_668' title='bbox 351 4591 708 4664; x_wconf 74' lang='grc' dir='ltr'>παραχωρῶν</span> <span class='ocrx_word' id='word_1_669' title='bbox 747 4593 918 4660; x_wconf 77' lang='grc' dir='ltr'>ἑτέρῳ</span> <span class='ocrx_word' id='word_1_670' title='bbox 953 4591 1050 4658; x_wconf 80' lang='grc' dir='ltr'><strong>τῆς</strong></span> <span class='ocrx_word' id='word_1_671' title='bbox 1097 4589 1290 4660; x_wconf 77' lang='grc' dir='ltr'><strong>ἀρχῆς·</strong></span> <span class='ocrx_word' id='word_1_672' title='bbox 1354 4589 1412 4640; x_wconf 88' lang='lat'><strong>&#39;0</strong></span> <span class='ocrx_word' id='word_1_673' title='bbox 1475 4590 1824 4662; x_wconf 65' lang='grc' dir='ltr'>πάτριάθρκης</span> <span class='ocrx_word' id='word_1_674' title='bbox 1856 4593 1912 4646; x_wconf 76' lang='grc' dir='ltr'><strong>δὲ</strong></span> 
     </span>
    </p>
   </div>
   <div class='ocr_carea' id='block_1_95' title="bbox 345 4679 1915 4754">
    <p class='ocr_par' dir='ltr' id='par_1_95' title="bbox 345 4679 1915 4754">
     <span class='ocr_line' id='line_1_95' title="bbox 345 4679 1915 4754; baseline -0.004 -12"><span class='ocrx_word' id='word_1_675' title='bbox 345 4690 583 4742; x_wconf 73' lang='grc' dir='ltr'>τοιαῦτα</span> <span class='ocrx_word' id='word_1_676' title='bbox 617 4684 757 4754; x_wconf 82' lang='grc' dir='ltr'>ὀρῶν</span> <span class='ocrx_word' id='word_1_677' title='bbox 785 4699 844 4735; x_wconf 89' lang='grc' dir='ltr'><strong>τε</strong></span> <span class='ocrx_word' id='word_1_678' title='bbox 873 4681 964 4734; x_wconf 77' lang='grc' dir='ltr'><strong>καὶ</strong></span> <span class='ocrx_word' id='word_1_679' title='bbox 997 4679 1232 4744; x_wconf 86' lang='grc' dir='ltr'>ἀκούων,</span> <span class='ocrx_word' id='word_1_680' title='bbox 1251 4680 1490 4751; x_wconf 76' lang='grc' dir='ltr'>Σκληρός</span> <span class='ocrx_word' id='word_1_681' title='bbox 1514 4683 1661 4733; x_wconf 75' lang='grc' dir='ltr'>ἐστιν</span> <span class='ocrx_word' id='word_1_682' title='bbox 1690 4682 1915 4750; x_wconf 78' lang='grc' dir='ltr'>ὁλὸγος,</span> 
     </span>
    </p>
   </div>
   <div class='ocr_carea' id='block_1_96' title="bbox 347 4771 1920 4846">
    <p class='ocr_par' dir='ltr' id='par_1_96' title="bbox 347 4771 1920 4846">
     <span class='ocr_line' id='line_1_96' title="bbox 347 4771 1920 4846; baseline -0.014 -10"><span class='ocrx_word' id='word_1_683' title='bbox 347 4774 622 4843; x_wconf 70' lang='grc' dir='ltr'>εἷπε,’καὶ</span> <span class='ocrx_word' id='word_1_684' title='bbox 672 4776 908 4846; x_wconf 79' lang='grc' dir='ltr'>μάλιστα</span> <span class='ocrx_word' id='word_1_685' title='bbox 949 4772 1250 4834; x_wconf 72' lang='grc' dir='ltr'>δυνάμενος</span> <span class='ocrx_word' id='word_1_686' title='bbox 1276 4771 1375 4841; x_wconf 82' lang='grc' dir='ltr'><strong>τῆς</strong></span> <span class='ocrx_word' id='word_1_687' title='bbox 1421 4771 1600 4841; x_wconf 80' lang='grc' dir='ltr'>ψυχῆς</span> <span class='ocrx_word' id='word_1_688' title='bbox 1643 4775 1743 4839; x_wconf 73' lang='grc' dir='ltr'>τῆς</span> <span class='ocrx_word' id='word_1_689' title='bbox 1774 4771 1920 4840; x_wconf 75' lang='grc' dir='ltr'>βασι..</span> 
     </span>
    </p>
   </div>
   <div class='ocr_carea' id='block_1_97' title="bbox 344 4860 1920 4933">
    <p class='ocr_par' dir='ltr' id='par_1_97' title="bbox 344 4860 1920 4933">
     <span class='ocr_line' id='line_1_97' title="bbox 344 4860 1920 4933; baseline -0.006 -7"><span class='ocrx_word' id='word_1_690' title='bbox 344 4873 494 4933; x_wconf 72' lang='grc' dir='ltr'>λίδος</span> <span class='ocrx_word' id='word_1_691' title='bbox 513 4865 858 4924; x_wconf 79' lang='grc' dir='ltr'>καθικέσθαι.</span> <span class='ocrx_word' id='word_1_692' title='bbox 876 4865 934 4917; x_wconf 87' lang='lat'><strong>&#39;0</strong></span> <span class='ocrx_word' id='word_1_693' title='bbox 945 4865 1013 4926; x_wconf 83' lang='grc' dir='ltr'>δ’,</span> <span class='ocrx_word' id='word_1_694' title='bbox 1031 4860 1230 4931; x_wconf 82' lang='grc' dir='ltr'>Ἀληθῆ</span> <span class='ocrx_word' id='word_1_695' title='bbox 1252 4861 1454 4930; x_wconf 68' lang='grc' dir='ltr'>λέγεις,</span> <span class='ocrx_word' id='word_1_696' title='bbox 1475 4861 1600 4931; x_wconf 77' lang='grc' dir='ltr'>ἔφη,</span> <span class='ocrx_word' id='word_1_697' title='bbox 1615 4864 1708 4915; x_wconf 76' lang='grc' dir='ltr'><strong>καὶ</strong></span> <span class='ocrx_word' id='word_1_698' title='bbox 1734 4863 1838 4916; x_wconf 76' lang='grc' dir='ltr'>ἔδει</span> <span class='ocrx_word' id='word_1_699' title='bbox 1856 4880 1920 4932; x_wconf 85' lang='grc' dir='ltr'><strong>γε</strong></span> 
     </span>
    </p>
   </div>
   <div class='ocr_carea' id='block_1_98' title="bbox 326 4937 1922 5035">
    <p class='ocr_par' dir='ltr' id='par_1_98' title="bbox 326 4937 1922 5035">
     <span class='ocr_line' id='line_1_98' title="bbox 326 4937 1922 5035; baseline -0.006 -19"><span class='ocrx_word' id='word_1_700' title='bbox 326 4937 525 5035; x_wconf 36' lang='grc' dir='ltr'>θμηδέν</span> <span class='ocrx_word' id='word_1_701' title='bbox 578 4957 818 5013; x_wconf 75' lang='grc' dir='ltr'>τοιοῦτον</span> <span class='ocrx_word' id='word_1_702' title='bbox 871 4957 1009 5026; x_wconf 80' lang='grc' dir='ltr'>μήτε</span> <span class='ocrx_word' id='word_1_703' title='bbox 1069 4951 1343 5024; x_wconf 81' lang='grc' dir='ltr'>εἰρῆσθαι,</span> <span class='ocrx_word' id='word_1_704' title='bbox 1400 4952 1534 5022; x_wconf 84' lang='grc' dir='ltr'>μήτε</span> <span class='ocrx_word' id='word_1_705' title='bbox 1570 4948 1733 5016; x_wconf 76' lang='grc' dir='ltr'>εἷναι,</span> <span class='ocrx_word' id='word_1_706' title='bbox 1801 4953 1922 5018; x_wconf 75' lang='grc' dir='ltr'>νυνὶ</span> 
     </span>
    </p>
   </div>
   <div class='ocr_carea' id='block_1_99' title="bbox 345 5037 1918 5111">
    <p class='ocr_par' dir='ltr' id='par_1_99' title="bbox 345 5037 1918 5111">
     <span class='ocr_line' id='line_1_99' title="bbox 345 5037 1918 5111; baseline -0.006 -7"><span class='ocrx_word' id='word_1_707' title='bbox 345 5053 402 5105; x_wconf 78' lang='grc' dir='ltr'>δὲ</span> <span class='ocrx_word' id='word_1_708' title='bbox 441 5051 525 5111; x_wconf 82' lang='grc' dir='ltr'><strong>είς</strong></span> <span class='ocrx_word' id='word_1_709' title='bbox 577 5046 834 5100; x_wconf 83' lang='grc' dir='ltr'>τοσοῦτον</span> <span class='ocrx_word' id='word_1_710' title='bbox 898 5042 1145 5110; x_wconf 76' lang='grc' dir='ltr'>ἀνάγκης</span> <span class='ocrx_word' id='word_1_711' title='bbox 1195 5037 1527 5109; x_wconf 83' lang='grc' dir='ltr'>συνηλάθην,</span> <span class='ocrx_word' id='word_1_712' title='bbox 1559 5038 1698 5092; x_wconf 79' lang='grc' dir='ltr'>ὥστε</span> <span class='ocrx_word' id='word_1_713' title='bbox 1740 5039 1918 5094; x_wconf 89' lang='grc' dir='ltr'>καίτοι</span> 
     </span>
    </p>
   </div>
   <div class='ocr_carea' id='block_1_100' title="bbox 346 5129 1919 5204">
    <p class='ocr_par' dir='ltr' id='par_1_100' title="bbox 346 5129 1919 5204">
     <span class='ocr_line' id='line_1_100' title="bbox 346 5129 1919 5204; baseline -0.01 -7"><span class='ocrx_word' id='word_1_714' title='bbox 346 5145 462 5197; x_wconf 83' lang='grc' dir='ltr'>τῶν</span> <span class='ocrx_word' id='word_1_715' title='bbox 511 5141 688 5194; x_wconf 79' lang='grc' dir='ltr'>ἄλλων</span> <span class='ocrx_word' id='word_1_716' title='bbox 741 5135 974 5204; x_wconf 85' lang='grc' dir='ltr'>μάλιστα</span> <span class='ocrx_word' id='word_1_717' title='bbox 1004 5133 1258 5186; x_wconf 73' lang='grc' dir='ltr'>ἁπάντων</span> <span class='ocrx_word' id='word_1_718' title='bbox 1292 5129 1392 5182; x_wconf 81' lang='grc' dir='ltr'>ὅσα</span> <span class='ocrx_word' id='word_1_719' title='bbox 1439 5131 1518 5191; x_wconf 79' lang='grc' dir='ltr'>εἰς</span> <span class='ocrx_word' id='word_1_720' title='bbox 1563 5131 1919 5200; x_wconf 77' lang='grc' dir='ltr'>παραμυθίαν</span> 
     </span>
    </p>
   </div>
   <div class='ocr_carea' id='block_1_101' title="bbox 350 5220 1919 5296">
    <p class='ocr_par' dir='ltr' id='par_1_101' title="bbox 350 5220 1919 5296">
     <span class='ocr_line' id='line_1_101' title="bbox 350 5220 1919 5296; baseline -0.008 -7"><span class='ocrx_word' id='word_1_721' title='bbox 350 5233 569 5290; x_wconf 68' lang='grc' dir='ltr'>πολλῶν</span> <span class='ocrx_word' id='word_1_722' title='bbox 591 5233 777 5285; x_wconf 80' lang='grc' dir='ltr'>ἄνεσιν</span> <span class='ocrx_word' id='word_1_723' title='bbox 807 5225 1051 5296; x_wconf 83' lang='grc' dir='ltr'>ἀνιαρῶν</span> <span class='ocrx_word' id='word_1_724' title='bbox 1087 5225 1206 5292; x_wconf 78' lang='grc' dir='ltr'>(ὅσα</span> <span class='ocrx_word' id='word_1_725' title='bbox 1260 5220 1495 5292; x_wconf 83' lang='grc' dir='ltr'>βασιλίδι</span> <span class='ocrx_word' id='word_1_726' title='bbox 1531 5222 1596 5274; x_wconf 80' lang='grc' dir='ltr'>ὲκ</span> <span class='ocrx_word' id='word_1_727' title='bbox 1630 5223 1727 5289; x_wconf 74' lang='grc' dir='ltr'>τῆς</span> <span class='ocrx_word' id='word_1_728' title='bbox 1763 5223 1919 5292; x_wconf 73' lang='grc' dir='ltr'>βασι·</span> 
     </span>
    </p>
   </div>
   <div class='ocr_carea' id='block_1_102' title="bbox 347 5309 1920 5390">
    <p class='ocr_par' dir='ltr' id='par_1_102' title="bbox 347 5309 1920 5390">
     <span class='ocr_line' id='line_1_102' title="bbox 347 5309 1920 5390; baseline -0.01 -12"><span class='ocrx_word' id='word_1_729' title='bbox 347 5327 494 5383; x_wconf 75' lang='grc' dir='ltr'>λέως</span> <span class='ocrx_word' id='word_1_730' title='bbox 561 5317 924 5390; x_wconf 80' lang='grc' dir='ltr'>προσεγένετο</span> <span class='ocrx_word' id='word_1_731' title='bbox 974 5313 1253 5380; x_wconf 76' lang='grc' dir='ltr'>τελευτῆς)</span> <span class='ocrx_word' id='word_1_732' title='bbox 1313 5309 1568 5377; x_wconf 80' lang='grc' dir='ltr'>λέγεσθαι</span> <span class='ocrx_word' id='word_1_733' title='bbox 1599 5310 1920 5380; x_wconf 79' lang='grc' dir='ltr'>βουλόμενος</span> 
     </span>
    </p>
   </div>
   <div class='ocr_carea' id='block_1_103' title="bbox 349 5395 1921 5476">
    <p class='ocr_par' dir='ltr' id='par_1_103' title="bbox 349 5395 1921 5476">
     <span class='ocr_line' id='line_1_103' title="bbox 349 5395 1921 5476; baseline -0.008 -11"><span class='ocrx_word' id='word_1_734' title='bbox 349 5410 439 5465; x_wconf 78' lang='grc' dir='ltr'>ἐπ’</span> <span class='ocrx_word' id='word_1_735' title='bbox 476 5408 648 5476; x_wconf 84' lang='grc' dir='ltr'>αὐτῆς</span> <span class='ocrx_word' id='word_1_736' title='bbox 674 5403 1042 5459; x_wconf 69' lang='grc' dir='ltr'>ἐναντιώτατα</span> <span class='ocrx_word' id='word_1_737' title='bbox 1073 5395 1332 5472; x_wconf 68' lang='grc' dir='ltr'>πράττειν</span> <span class='ocrx_word' id='word_1_738' title='bbox 1359 5399 1584 5470; x_wconf 73' lang='grc' dir='ltr'>ἐμαυτῷ</span> <span class='ocrx_word' id='word_1_739' title='bbox 1625 5401 1770 5452; x_wconf 86' lang='grc' dir='ltr'>δυοῖν</span> <span class='ocrx_word' id='word_1_740' title='bbox 1805 5402 1921 5453; x_wconf 79' lang='grc' dir='ltr'><strong>ἓνε-</strong></span> 
     </span>
    </p>
   </div>
   <div class='ocr_carea' id='block_1_104' title="bbox 349 5489 1918 5567">
    <p class='ocr_par' dir='ltr' id='par_1_104' title="bbox 349 5489 1918 5567">
     <span class='ocr_line' id='line_1_104' title="bbox 349 5489 1918 5567; baseline -0.006 -13"><span class='ocrx_word' id='word_1_741' title='bbox 349 5520 448 5554; x_wconf 89' lang='grc' dir='ltr'>κα.</span> <span class='ocrx_word' id='word_1_742' title='bbox 479 5502 550 5551; x_wconf 85' lang='grc' dir='ltr'><em>Ἦ</em></span> <span class='ocrx_word' id='word_1_743' title='bbox 582 5499 690 5567; x_wconf 68' lang='grc' dir='ltr'><strong>γὰρ</strong></span> <span class='ocrx_word' id='word_1_744' title='bbox 717 5497 1025 5566; x_wconf 83' lang='grc' dir='ltr'>ἀπρακτεῖν</span> <span class='ocrx_word' id='word_1_745' title='bbox 1050 5492 1328 5549; x_wconf 79' lang='grc' dir='ltr'>παντελῶς</span> <span class='ocrx_word' id='word_1_746' title='bbox 1353 5491 1589 5560; x_wconf 82' lang='grc' dir='ltr'>ἀνάγκη.</span> <span class='ocrx_word' id='word_1_747' title='bbox 1623 5489 1655 5560; x_wconf 76' lang='grc' dir='ltr'>ἢ</span> <span class='ocrx_word' id='word_1_748' title='bbox 1698 5491 1918 5558; x_wconf 70' lang='grc' dir='ltr'>φαύλως</span> 
     </span>
    </p>
   </div>
   <div class='ocr_carea' id='block_1_105' title="bbox 351 5579 1921 5660">
    <p class='ocr_par' dir='ltr' id='par_1_105' title="bbox 351 5579 1921 5660">
     <span class='ocr_line' id='line_1_105' title="bbox 351 5579 1921 5660; baseline -0.005 -18"><span class='ocrx_word' id='word_1_749' title='bbox 351 5593 450 5642; x_wconf 68' lang='grc' dir='ltr'><strong>καὶ</strong></span> <span class='ocrx_word' id='word_1_750' title='bbox 487 5589 586 5656; x_wconf 79' lang='grc' dir='ltr'>οὐχ</span> <span class='ocrx_word' id='word_1_751' title='bbox 687 5587 980 5658; x_wconf 84' lang='grc' dir='ltr'>προσῆκεν,</span> <span class='ocrx_word' id='word_1_752' title='bbox 1012 5585 1230 5656; x_wconf 51' lang='grc' dir='ltr'>ἄρχειν.</span> <span class='ocrx_word' id='word_1_753' title='bbox 1259 5582 1385 5634; x_wconf 78' lang='grc' dir='ltr'>Εἴτε</span> <span class='ocrx_word' id='word_1_754' title='bbox 1437 5579 1618 5632; x_wconf 81' lang='grc' dir='ltr'>τοίνυν</span> <span class='ocrx_word' id='word_1_755' title='bbox 1651 5583 1921 5650; x_wconf 83' lang='grc' dir='ltr'>πράττον-</span> 
     </span>
    </p>
   </div>
   <div class='ocr_carea' id='block_1_106' title="bbox 353 5669 1919 5748">
    <p class='ocr_par' dir='ltr' id='par_1_106' title="bbox 353 5669 1919 5748">
     <span class='ocr_line' id='line_1_106' title="bbox 353 5669 1919 5748; baseline -0.005 -16"><span class='ocrx_word' id='word_1_756' title='bbox 353 5697 446 5741; x_wconf 81' lang='grc' dir='ltr'><strong>τος</strong></span> <span class='ocrx_word' id='word_1_757' title='bbox 477 5679 669 5748; x_wconf 65' lang='grc' dir='ltr'>μηδὲν,</span> <span class='ocrx_word' id='word_1_758' title='bbox 708 5677 801 5736; x_wconf 75' lang='grc' dir='ltr'><strong>καὶ</strong></span> <span class='ocrx_word' id='word_1_759' title='bbox 831 5677 859 5728; x_wconf 89' lang='grc' dir='ltr'><strong>ὁ</strong></span> <span class='ocrx_word' id='word_1_760' title='bbox 918 5676 1130 5744; x_wconf 72' lang='grc' dir='ltr'>βασιλὶς</span> <span class='ocrx_word' id='word_1_761' title='bbox 1159 5669 1492 5742; x_wconf 80' lang='grc' dir='ltr'>ἐφησυχάξοι</span> <span class='ocrx_word' id='word_1_762' title='bbox 1545 5669 1620 5730; x_wconf 80' lang='grc' dir='ltr'>ὡς</span> <span class='ocrx_word' id='word_1_763' title='bbox 1648 5670 1773 5738; x_wconf 84' lang='grc' dir='ltr'>χθὲς</span> <span class='ocrx_word' id='word_1_764' title='bbox 1821 5674 1919 5724; x_wconf 74' lang='grc' dir='ltr'><strong>καὶ</strong></span> 
     </span>
    </p>
   </div>
   <div class='ocr_carea' id='block_1_107' title="bbox 357 5760 1912 5839">
    <p class='ocr_par' dir='ltr' id='par_1_107' title="bbox 357 5760 1912 5839">
     <span class='ocr_line' id='line_1_107' title="bbox 357 5760 1912 5839; baseline -0.005 -18"><span class='ocrx_word' id='word_1_765' title='bbox 357 5770 552 5839; x_wconf 70' lang='grc' dir='ltr'>πρώην</span> <span class='ocrx_word' id='word_1_766' title='bbox 598 5768 696 5837; x_wconf 72' lang='grc' dir='ltr'><strong>τὴν</strong></span> <span class='ocrx_word' id='word_1_767' title='bbox 735 5765 906 5835; x_wconf 73' lang='grc' dir='ltr'>ἀρχὴν</span> <span class='ocrx_word' id='word_1_768' title='bbox 948 5767 1162 5835; x_wconf 79' lang='grc' dir='ltr'>οἰομένη</span> <span class='ocrx_word' id='word_1_769' title='bbox 1215 5761 1539 5816; x_wconf 78' lang='grc' dir='ltr'>διοικεῖσθαι</span> <span class='ocrx_word' id='word_1_770' title='bbox 1595 5760 1724 5831; x_wconf 79' lang='grc' dir='ltr'>παρ’</span> <span class='ocrx_word' id='word_1_771' title='bbox 1756 5763 1912 5830; x_wconf 75' lang='grc' dir='ltr'>ἐμοῦ,</span> 
     </span>
    </p>
   </div>
   <div class='ocr_carea' id='block_1_108' title="bbox 2018 4578 3578 4655">
    <p class='ocr_par' dir='ltr' id='par_1_108' title="bbox 2018 4578 3578 4655">
     <span class='ocr_line' id='line_1_108' title="bbox 2018 4578 3578 4655; baseline 0.006 -22"><span class='ocrx_word' id='word_1_772' title='bbox 2018 4579 2160 4648; x_wconf 87' lang='lat' dir='ltr'><strong>apud</strong></span> <span class='ocrx_word' id='word_1_773' title='bbox 2214 4579 2358 4632; x_wconf 79' lang='lat' dir='ltr'><strong>illaut</strong></span> <span class='ocrx_word' id='word_1_774' title='bbox 2389 4578 2571 4632; x_wconf 89' lang='lat' dir='ltr'><strong>dicere</strong></span> <span class='ocrx_word' id='word_1_775' title='bbox 2595 4581 2779 4645; x_wconf 85' lang='lat' dir='ltr'><strong>velim,</strong></span> <span class='ocrx_word' id='word_1_776' title='bbox 2812 4582 3006 4636; x_wconf 84' lang='lat' dir='ltr'><strong>faciam</strong></span> <span class='ocrx_word' id='word_1_777' title='bbox 3043 4594 3244 4648; x_wconf 88' lang='lat' dir='ltr'><strong>tamen,</strong></span> <span class='ocrx_word' id='word_1_778' title='bbox 3277 4603 3397 4655; x_wconf 77' lang='lat' dir='ltr'><strong>qua:</strong></span> <span class='ocrx_word' id='word_1_779' title='bbox 3431 4591 3578 4642; x_wconf 85' lang='lat' dir='ltr'><strong>sola-</strong></span> 
     </span>
    </p>
   </div>
   <div class='ocr_carea' id='block_1_109' title="bbox 2019 4667 3584 4743">
    <p class='ocr_par' dir='ltr' id='par_1_109' title="bbox 2019 4667 3584 4743">
     <span class='ocr_line' id='line_1_109' title="bbox 2019 4667 3584 4743; baseline 0.003 -19"><span class='ocrx_word' id='word_1_780' title='bbox 2019 4673 2096 4724; x_wconf 89' lang='lat' dir='ltr'><strong>tio</strong></span> <span class='ocrx_word' id='word_1_781' title='bbox 2144 4669 2290 4722; x_wconf 85' lang='lat' dir='ltr'><strong>illius</strong></span> <span class='ocrx_word' id='word_1_782' title='bbox 2334 4667 2630 4736; x_wconf 89' lang='lat' dir='ltr'><strong>plurimum</strong></span> <span class='ocrx_word' id='word_1_783' title='bbox 2675 4681 3022 4742; x_wconf 78' lang='lat' dir='ltr'><strong>repugnant;</strong></span> <span class='ocrx_word' id='word_1_784' title='bbox 3065 4673 3228 4743; x_wconf 90' lang='lat' dir='ltr'><strong>idque</strong></span> <span class='ocrx_word' id='word_1_785' title='bbox 3269 4674 3484 4729; x_wconf 88' lang='lat' dir='ltr'><strong>duabus</strong></span> <span class='ocrx_word' id='word_1_786' title='bbox 3517 4676 3584 4730; x_wconf 84' lang='lat' dir='ltr'><strong>de</strong></span> 
     </span>
    </p>
   </div>
   <div class='ocr_carea' id='block_1_110' title="bbox 2001 4759 3584 4836">
    <p class='ocr_par' dir='ltr' id='par_1_110' title="bbox 2001 4759 3584 4836">
     <span class='ocr_line' id='line_1_110' title="bbox 2001 4759 3584 4836; baseline 0.002 -19"><span class='ocrx_word' id='word_1_787' title='bbox 2001 4761 2218 4822; x_wconf 77' lang='lat' dir='ltr'><strong>causis,</strong></span> <span class='ocrx_word' id='word_1_788' title='bbox 2263 4759 2347 4813; x_wconf 86' lang='lat' dir='ltr'><strong>vel</strong></span> <span class='ocrx_word' id='word_1_789' title='bbox 2375 4759 2521 4828; x_wconf 71' lang='lat' dir='ltr'><strong>:quia</strong></span> <span class='ocrx_word' id='word_1_790' title='bbox 2551 4761 2774 4816; x_wconf 91' lang='lat' dir='ltr'><strong>omnino</strong></span> <span class='ocrx_word' id='word_1_791' title='bbox 2804 4763 3153 4828; x_wconf 82' lang='lat' dir='ltr'><strong>cessandum,</strong></span> <span class='ocrx_word' id='word_1_792' title='bbox 3182 4767 3267 4836; x_wconf 75' lang='lat' dir='ltr'><strong>vel</strong></span> <span class='ocrx_word' id='word_1_793' title='bbox 3290 4767 3417 4836; x_wconf 86' lang='lat' dir='ltr'><strong>quia</strong></span> <span class='ocrx_word' id='word_1_794' title='bbox 3444 4769 3584 4820; x_wconf 83' lang='lat' dir='ltr'><strong>male</strong></span> 
     </span>
    </p>
   </div>
   <div class='ocr_carea' id='block_1_111' title="bbox 2019 4851 3578 4925">
    <p class='ocr_par' dir='ltr' id='par_1_111' title="bbox 2019 4851 3578 4925">
     <span class='ocr_line' id='line_1_111' title="bbox 2019 4851 3578 4925; baseline 0.004 -19"><span class='ocrx_word' id='word_1_795' title='bbox 2019 4861 2073 4906; x_wconf 90' lang='lat' dir='ltr'><strong>et</strong></span> <span class='ocrx_word' id='word_1_796' title='bbox 2114 4859 2302 4905; x_wconf 88' lang='lat' dir='ltr'><strong>contra</strong></span> <span class='ocrx_word' id='word_1_797' title='bbox 2355 4866 2522 4920; x_wconf 81' lang='lat' dir='ltr'><strong>quam</strong></span> <span class='ocrx_word' id='word_1_798' title='bbox 2580 4851 2662 4906; x_wconf 88' lang='lat' dir='ltr'><strong>fas</strong></span> <span class='ocrx_word' id='word_1_799' title='bbox 2709 4852 2863 4920; x_wconf 91' lang='lat' dir='ltr'><strong>sinit,</strong></span> <span class='ocrx_word' id='word_1_800' title='bbox 2908 4854 3292 4925; x_wconf 85' lang='lat' dir='ltr'><strong>imperandum</strong></span> <span class='ocrx_word' id='word_1_801' title='bbox 3331 4868 3434 4912; x_wconf 91' lang='lat' dir='ltr'><strong>cst.</strong></span> <span class='ocrx_word' id='word_1_802' title='bbox 3471 4858 3578 4912; x_wconf 84' lang='lat' dir='ltr'><strong>Seu</strong></span> 
     </span>
    </p>
   </div>
   <div class='ocr_carea' id='block_1_112' title="bbox 1969 4941 3580 5016">
    <p class='ocr_par' dir='ltr' id='par_1_112' title="bbox 1969 4941 3580 5016">
     <span class='ocr_line' id='line_1_112' title="bbox 1969 4941 3580 5016; baseline 0.004 -20"><span class='ocrx_word' id='word_1_803' title='bbox 1969 4944 1971 4946; x_wconf 76' lang='grc'><em>’</em></span> <span class='ocrx_word' id='word_1_804' title='bbox 2021 4942 2186 5012; x_wconf 77' lang='lat' dir='ltr'><strong>igitur</strong></span> <span class='ocrx_word' id='word_1_805' title='bbox 2236 4957 2320 4996; x_wconf 89' lang='lat' dir='ltr'><strong>me</strong></span> <span class='ocrx_word' id='word_1_806' title='bbox 2379 4941 2636 5005; x_wconf 84' lang='lat' dir='ltr'><strong>leriante,</strong></span> <span class='ocrx_word' id='word_1_807' title='bbox 2685 4943 2851 4999; x_wconf 89' lang='lat' dir='ltr'><strong>etiam</strong></span> <span class='ocrx_word' id='word_1_808' title='bbox 2908 4946 3228 5016; x_wconf 76' lang='lat' dir='ltr'><strong>iuiperatrix</strong></span> <span class='ocrx_word' id='word_1_809' title='bbox 3281 4951 3580 5011; x_wconf 85' lang='lat' dir='ltr'><strong>vacaverit,</strong></span> 
     </span>
    </p>
   </div>
   <div class='ocr_carea' id='block_1_113' title="bbox 2022 5021 3581 5107">
    <p class='ocr_par' dir='ltr' id='par_1_113' title="bbox 2022 5021 3581 5107">
     <span class='ocr_line' id='line_1_113' title="bbox 2022 5021 3581 5107; baseline 0.003 -21"><span class='ocrx_word' id='word_1_810' title='bbox 2022 5032 2254 5086; x_wconf 90' lang='lat' dir='ltr'><strong>credens</strong></span> <span class='ocrx_word' id='word_1_811' title='bbox 2298 5041 2359 5086; x_wconf 91' lang='lat' dir='ltr'><strong>ut</strong></span> <span class='ocrx_word' id='word_1_812' title='bbox 2404 5021 2742 5103; x_wconf 65' lang='lat' dir='ltr'><strong>nuperrime,</strong></span> <span class='ocrx_word' id='word_1_813' title='bbox 2778 5051 2806 5088; x_wconf 88' lang='lat' dir='ltr'><strong>a</strong></span> <span class='ocrx_word' id='word_1_814' title='bbox 2837 5051 2922 5089; x_wconf 86' lang='lat' dir='ltr'><strong>me</strong></span> <span class='ocrx_word' id='word_1_815' title='bbox 2949 5038 3232 5106; x_wconf 89' lang='lat' dir='ltr'><strong>imperium</strong></span> <span class='ocrx_word' id='word_1_816' title='bbox 3269 5043 3581 5107; x_wconf 84' lang='lat' dir='ltr'><strong>temperari,</strong></span> 
     </span>
    </p>
   </div>
   <div class='ocr_carea' id='block_1_114' title="bbox 2023 5125 3582 5195">
    <p class='ocr_par' dir='ltr' id='par_1_114' title="bbox 2023 5125 3582 5195">
     <span class='ocr_line' id='line_1_114' title="bbox 2023 5125 3582 5195; baseline 0.004 -16"><span class='ocrx_word' id='word_1_817' title='bbox 2023 5125 2204 5179; x_wconf 90' lang='lat' dir='ltr'><strong>omnia</strong></span> <span class='ocrx_word' id='word_1_818' title='bbox 2235 5139 2452 5194; x_wconf 87' lang='lat' dir='ltr'><strong>pessum</strong></span> <span class='ocrx_word' id='word_1_819' title='bbox 2492 5126 2573 5180; x_wconf 89' lang='lat' dir='ltr'><strong>ire</strong></span> <span class='ocrx_word' id='word_1_820' title='bbox 2616 5127 2934 5195; x_wconf 86' lang='lat' dir='ltr'><strong>oportebit;</strong></span> <span class='ocrx_word' id='word_1_821' title='bbox 2988 5144 3083 5182; x_wconf 86' lang='lat' dir='ltr'><strong>seu</strong></span> <span class='ocrx_word' id='word_1_822' title='bbox 3132 5130 3501 5184; x_wconf 85' lang='lat' dir='ltr'><strong>somniculose</strong></span> <span class='ocrx_word' id='word_1_823' title='bbox 3530 5144 3582 5185; x_wconf 72' lang='lat' dir='ltr'><strong>et</strong></span> 
     </span>
    </p>
   </div>
   <div class='ocr_carea' id='block_1_115' title="bbox 2022 5218 3583 5290">
    <p class='ocr_par' dir='ltr' id='par_1_115' title="bbox 2022 5218 3583 5290">
     <span class='ocr_line' id='line_1_115' title="bbox 2022 5218 3583 5290; baseline 0.003 -20"><span class='ocrx_word' id='word_1_824' title='bbox 2022 5230 2182 5270; x_wconf 74' lang='lat' dir='ltr'><strong>secus</strong></span> <span class='ocrx_word' id='word_1_825' title='bbox 2211 5232 2373 5287; x_wconf 74' lang='lat' dir='ltr'><strong>quam</strong></span> <span class='ocrx_word' id='word_1_826' title='bbox 2399 5218 2655 5270; x_wconf 90' lang='lat' dir='ltr'><strong>convenit</strong></span> <span class='ocrx_word' id='word_1_827' title='bbox 2683 5220 3038 5286; x_wconf 77' lang='lat' dir='ltr'><strong>gubernante,</strong></span> <span class='ocrx_word' id='word_1_828' title='bbox 3062 5219 3250 5272; x_wconf 88' lang='lat' dir='ltr'><strong>eadem</strong></span> <span class='ocrx_word' id='word_1_829' title='bbox 3277 5230 3360 5274; x_wconf 80' lang='lat' dir='ltr'><strong>est</strong></span> <span class='ocrx_word' id='word_1_830' title='bbox 3389 5237 3583 5290; x_wconf 80' lang='lat' dir='ltr'><strong>exspe-</strong></span> 
     </span>
    </p>
   </div>
   <div class='ocr_carea' id='block_1_116' title="bbox 2021 5307 3581 5377">
    <p class='ocr_par' dir='ltr' id='par_1_116' title="bbox 2021 5307 3581 5377">
     <span class='ocr_line' id='line_1_116' title="bbox 2021 5307 3581 5377; baseline 0.001 -16"><span class='ocrx_word' id='word_1_831' title='bbox 2021 5307 2215 5362; x_wconf 88' lang='lat' dir='ltr'><strong>ctanda</strong></span> <span class='ocrx_word' id='word_1_832' title='bbox 2263 5307 2583 5368; x_wconf 81' lang='lat' dir='ltr'><strong>calamitas;</strong></span> <span class='ocrx_word' id='word_1_833' title='bbox 2621 5319 2678 5362; x_wconf 84' lang='lat' dir='ltr'><strong>et</strong></span> <span class='ocrx_word' id='word_1_834' title='bbox 2717 5324 2818 5377; x_wconf 75' lang='lat' dir='ltr'><strong>ego</strong></span> <span class='ocrx_word' id='word_1_835' title='bbox 2856 5309 3080 5376; x_wconf 89' lang='lat' dir='ltr'><strong>insuper</strong></span> <span class='ocrx_word' id='word_1_836' title='bbox 3105 5324 3212 5361; x_wconf 90' lang='lat' dir='ltr'><strong>non</strong></span> <span class='ocrx_word' id='word_1_837' title='bbox 3235 5310 3358 5364; x_wconf 89' lang='lat' dir='ltr'><strong>aliis</strong></span> <span class='ocrx_word' id='word_1_838' title='bbox 3381 5314 3581 5372; x_wconf 84' lang='lat' dir='ltr'><strong>solum,</strong></span> 
     </span>
    </p>
   </div>
   <div class='ocr_carea' id='block_1_117' title="bbox 2021 5397 3588 5466">
    <p class='ocr_par' dir='ltr' id='par_1_117' title="bbox 2021 5397 3588 5466">
     <span class='ocr_line' id='line_1_117' title="bbox 2021 5397 3588 5466; baseline 0.002 -14"><span class='ocrx_word' id='word_1_839' title='bbox 2021 5414 2208 5452; x_wconf 82' lang='lat' dir='ltr'><strong>verum</strong></span> <span class='ocrx_word' id='word_1_840' title='bbox 2239 5399 2400 5451; x_wconf 85' lang='lat' dir='ltr'><strong>etiam</strong></span> <span class='ocrx_word' id='word_1_841' title='bbox 2429 5397 2677 5450; x_wconf 87' lang='lat' dir='ltr'><strong>mihimet</strong></span> <span class='ocrx_word' id='word_1_842' title='bbox 2712 5397 3080 5466; x_wconf 87' lang='lat' dir='ltr'><strong>improbitatis</strong></span> <span class='ocrx_word' id='word_1_843' title='bbox 3102 5415 3290 5466; x_wconf 76' lang='lat' dir='ltr'><strong>pmuas</strong></span> <span class='ocrx_word' id='word_1_844' title='bbox 3313 5400 3454 5453; x_wconf 87' lang='lat' dir='ltr'><strong>dabo</strong></span> <span class='ocrx_word' id='word_1_845' title='bbox 3481 5418 3494 5464; x_wconf 90' lang='lat'><strong>;</strong></span> <span class='ocrx_word' id='word_1_846' title='bbox 3530 5412 3588 5456; x_wconf 90' lang='lat' dir='ltr'><strong>ut</strong></span> 
     </span>
    </p>
   </div>
   <div class='ocr_carea' id='block_1_118' title="bbox 2023 5488 3580 5562">
    <p class='ocr_par' dir='ltr' id='par_1_118' title="bbox 2023 5488 3580 5562">
     <span class='ocr_line' id='line_1_118' title="bbox 2023 5488 3580 5562; baseline 0.005 -21"><span class='ocrx_word' id='word_1_847' title='bbox 2023 5491 2275 5557; x_wconf 73' lang='lat' dir='ltr'><strong>utrinque</strong></span> <span class='ocrx_word' id='word_1_848' title='bbox 2328 5488 2526 5542; x_wconf 79' lang='lat' dir='ltr'><strong>referat</strong></span> <span class='ocrx_word' id='word_1_849' title='bbox 2580 5488 2695 5542; x_wconf 66' lang='lat' dir='ltr'><strong>hiI‘C</strong></span> <span class='ocrx_word' id='word_1_850' title='bbox 2757 5489 3163 5558; x_wconf 79' lang='lat' dir='ltr'><strong>imperatricem</strong></span> <span class='ocrx_word' id='word_1_851' title='bbox 3211 5507 3580 5562; x_wconf 81' lang='lat' dir='ltr'><strong>cognoscere,</strong></span> 
     </span>
    </p>
   </div>
   <div class='ocr_carea' id='block_1_119' title="bbox 2021 5578 3582 5655">
    <p class='ocr_par' dir='ltr' id='par_1_119' title="bbox 2021 5578 3582 5655">
     <span class='ocr_line' id='line_1_119' title="bbox 2021 5578 3582 5655; baseline 0.007 -25"><span class='ocrx_word' id='word_1_852' title='bbox 2021 5580 2228 5632; x_wconf 70' lang='lat' dir='ltr'><strong>etiamsi</strong></span> <span class='ocrx_word' id='word_1_853' title='bbox 2295 5578 2420 5631; x_wconf 90' lang='lat' dir='ltr'><strong>inde</strong></span> <span class='ocrx_word' id='word_1_854' title='bbox 2481 5593 2622 5645; x_wconf 78' lang='lat' dir='ltr'><strong>aegra</strong></span> <span class='ocrx_word' id='word_1_855' title='bbox 2677 5581 2842 5632; x_wconf 85' lang='lat' dir='ltr'><strong>animi</strong></span> <span class='ocrx_word' id='word_1_856' title='bbox 2907 5580 3088 5635; x_wconf 81' lang='lat' dir='ltr'><strong>futura</strong></span> <span class='ocrx_word' id='word_1_857' title='bbox 3141 5583 3251 5644; x_wconf 83' lang='lat' dir='ltr'><strong>sit:</strong></span> <span class='ocrx_word' id='word_1_858' title='bbox 3311 5585 3582 5655; x_wconf 71' lang='lat' dir='ltr'><strong>siquidem</strong></span> 
     </span>
    </p>
   </div>
   <div class='ocr_carea' id='block_1_120' title="bbox 2021 5676 3584 5743">
    <p class='ocr_par' dir='ltr' id='par_1_120' title="bbox 2021 5676 3584 5743">
     <span class='ocr_line' id='line_1_120' title="bbox 2021 5676 3584 5743; baseline 0.008 -21"><span class='ocrx_word' id='word_1_859' title='bbox 2021 5678 2254 5738; x_wconf 77' lang='lat' dir='ltr'><strong>praestat,</strong></span> <span class='ocrx_word' id='word_1_860' title='bbox 2307 5680 2365 5723; x_wconf 88' lang='lat' dir='ltr'><strong>ut</strong></span> <span class='ocrx_word' id='word_1_861' title='bbox 2401 5676 2664 5737; x_wconf 85' lang='lat' dir='ltr'><strong>percepto</strong></span> <span class='ocrx_word' id='word_1_862' title='bbox 2710 5687 2900 5743; x_wconf 81' lang='lat' dir='ltr'><strong>rerum</strong></span> <span class='ocrx_word' id='word_1_863' title='bbox 2955 5682 3098 5727; x_wconf 85' lang='lat' dir='ltr'><strong>statu</strong></span> <span class='ocrx_word' id='word_1_864' title='bbox 3147 5687 3322 5732; x_wconf 84' lang='lat' dir='ltr'><strong>tecum</strong></span> <span class='ocrx_word' id='word_1_865' title='bbox 3364 5690 3419 5734; x_wconf 90' lang='lat' dir='ltr'><strong>et</strong></span> <span class='ocrx_word' id='word_1_866' title='bbox 3457 5695 3584 5734; x_wconf 87' lang='lat' dir='ltr'><strong>eum</strong></span> 
     </span>
    </p>
   </div>
   <div class='ocr_carea' id='block_1_121' title="bbox 2023 5761 3570 5838">
    <p class='ocr_par' dir='ltr' id='par_1_121' title="bbox 2023 5761 3570 5838">
     <span class='ocr_line' id='line_1_121' title="bbox 2023 5761 3570 5838; baseline 0.01 -24"><span class='ocrx_word' id='word_1_867' title='bbox 2023 5761 2140 5815; x_wconf 86' lang='lat' dir='ltr'><strong>aliis</strong></span> <span class='ocrx_word' id='word_1_868' title='bbox 2200 5776 2294 5829; x_wconf 86' lang='lat' dir='ltr'><strong>pro</strong></span> <span class='ocrx_word' id='word_1_869' title='bbox 2367 5775 2432 5814; x_wconf 90' lang='lat' dir='ltr'><strong>eo</strong></span> <span class='ocrx_word' id='word_1_870' title='bbox 2505 5775 2566 5815; x_wconf 89' lang='lat' dir='ltr'><strong>ac</strong></span> <span class='ocrx_word' id='word_1_871' title='bbox 2635 5761 2795 5818; x_wconf 67' lang='lat' dir='ltr'><strong>debet</strong></span> <span class='ocrx_word' id='word_1_872' title='bbox 2855 5765 2920 5820; x_wconf 92' lang='lat' dir='ltr'><strong>de</strong></span> <span class='ocrx_word' id='word_1_873' title='bbox 2991 5768 3218 5838; x_wconf 81' lang='lat' dir='ltr'><strong>imperio</strong></span> <span class='ocrx_word' id='word_1_874' title='bbox 3278 5775 3570 5837; x_wconf 76' lang='lat' dir='ltr'><strong>consultet,</strong></span> 
     </span>
    </p>
   </div>
  </div>
