3992 6202
244 331 344 396 7’25

1374 293 1912 413 lttsronuntm
1954 341 2182 400 LIBER
2223 339 2333 401 In.

3385 334 3492 395 726

246 447 433 515 μάτων
483 446 582 515 τὴν
622 447 702 506 εἰς
738 445 797 499 σὲ
854 445 1040 515 φιλίαν
1084 448 1399 517 προηγοῑτο.
1445 448 1685 517 Πότερον
1719 444 1814 502 οὖν

1946 447 2180 513 ῖίι·ἰιιιυςι,
2218 460 2268 502 te
2305 448 2410 503 sibi
2441 456 2493 502 et
2533 447 2741 511 liberis,
2774 457 2829 500 et
2864 460 3052 508 uxore,
3087 454 3141 497 et
3168 444 3494 512 utbreviter

243 540 318 600 ὼς
360 537 461 603 μὲν
520 538 842 608 ἐπιλέλησαι
889 538 988 606 τῆς
1048 537 1309 607 βασιλέως
1336 537 1540 607 φιλίας.
1575 538 1812 606 οὐδὲζτῷ

243 630 365 683 λίαν
399 630 785 699 συκοφαντικῷ
820 631 947 692 τοὺς
977 631 1211 699 τρόπους
1256 631 1431 683 είπείν
1457 630 1702 695 ἐξέσται.
1728 633 1812 685 ὅτι

243 724 297 776 δὲ
361 722 713 791 μεμνημένος
780 723 1167 791 ἀγνωμονείς,
1233 722 1330 774 καὶ
1380 725 1494 784 τοῖς
1554 722 1816 793 βασιλέως

241 813 441 866 παισὶν
498 812 748 875 ἐναντίας
902 816 1181 884 προσῆκεν
1269 814 1532 877 ἀποόΓως
1584 814 1815 883 ἀμοιϐὰς

244 903 388 973 μετά
424 904 527 975 τὴν
562 905 772 958 ἐκείνου
827 905 1121 975 τελευτήν;
1167 905 1281 959 ἀλλ’
1327 906 1451 959 οὔτε
1495 904 1652 958 τοῦτο
1700 906 1812 965 σὺν,

239 995 439 1067 ὥσπερ
488 997 606 1049 οὐδὲ
656 997 716 1049 τδ
751 996 987 1067 πρῶτον.
1049 996 1128 1054 Οὐ
1162 984 1332 1069 ’μήνο
1372 1000 1486 1053 ἀλλ’
1534 998 1658 1052 οὐδὲ
1710 1000 1817 1053 τῶν

241 1088 386 1158 πρὸς
423 1089 526 1158 ἐμέ
576 1104 670 1141 σου
719 1088 895 1156 λόγων
934 1087 1028 1153 οῆς
1087 1089 1350 1143 ἑκάστοτε
1405 1092 1499 1144 καὶ
1554 1089 1819 1159 βασιλέως

240 1179 453 1243 ζῶντος
485 1178 728 1244 διεξίεις,
764 1180 889 1244 ἄξια
922 1183 989 1232 τὰ
1014 1180 1315 1250 δεδογμένα
1345 1181 1460 1234 νῦν.
1499 1183 1577 1237 Οὐ
1610 1182 1717 1253 γὰρ
1751 1184 1817 1252 δή

240 1270 347 1324 πού
393 1288 460 1339 γε
506 1271 828 1341 ἐπιλέλησαι
860 1271 935 1336 ὡς
966 1273 1198 1337 πολλοὺς
1225 1276 1449 1343 ἀγῶνας
1497 1276 1593 1330 καὶ
1640 1277 1821 1331 κινδύ-

239 1382 373 1427 νους
412 1367 509 1418 καὶ
560 1365 791 1419 θάνατον
840 1366 887 1418 εί
921 1361 1032 1418 οἷόν
1070 1385 1129 1419 τε
1163 1370 1343 1421 εἰπεῖν
1378 1369 1521 1439 ὑπὲρ
1541 1370 1642 1440 τῆς
1677 1370 1823 1441 ἐμῆς

238 1451 521 1519 ὠφελείας
550 1455 645 1505 διαὶ
676 1454 785 1505 τῶν
826 1453 1035 1506 παίδων
1062 1456 1417 1524 ἑτοιμότατος
1449 1453 1591 1509 εἶναι
1623 1459 1820 1525 καιροῦ

241 1538 550 1599 καλοῦντος
603 1539 898 1609 ὑπομένειν
951 1540 1251 1611 ίσχυρίζου.
1297 1537 1373 1596 OB
1426 1542 1523 1596 νῦν
1556 1534 1822 1613 παρόντος

239 1633 291 1685 εί
320 1649 413 1685 σοι
442 1632 827 1700 ἐξελέγχεσθαι
869 1633 958 1686 ἐπὶ
986 1633 1093 1687 τῶν
1118 1633 1298 1704 ἔργων
1326 1636 1627 1704 εὐπρεπὲς,
1655 1636 1821 1697 αὐτὸς

241 1725 423 1792 ἐρεῖς.
465 1722 586 1775 Ἔτι
621 1723 677 1775 δὲ
724 1723 833 1776 οὐδ’
877 1724 1088 1793 ἐμαυτῇ
1125 1742 1174 1776 τι
1199 1724 1415 1777 σύνοιδα
1451 1727 1535 1778 συὶ
1582 1743 1822 1793 προσκει

208 1870 215 1881 ,
243 1816 527 1884 κρουκυίᾳ
556 1830 571 1844 ·
604 1813 720 1866 ἀλλ’
756 1814 815 1879 ἐξ
838 1815 960 1867 ὅπου
996 1816 1382 1886 παρεγενόμην
1430 1820 1488 1869 ὲν
1526 1820 1638 1881 τοῖς
1673 1818 1831 1887 βασι-
1863 1805 1903 1859 Β

240 1904 426 1966 λείοις
479 1902 668 1969 οἴκοις,
702 1904 856 1957 οὐδὲν
896 1904 1236 1959 ἀποδέουσαν
1287 1904 1401 1959 οὔτ’
1431 1904 1670 1972 εὔνοιαν,
1705 1907 1831 1961 οὔτε

244 1995 428 2063 τιμὴν
457 1994 489 2063 ἧ
532 1994 781 2064 τάδελφῷ
809 1995 985 2064 κόντῳ
1014 1996 1383 2065 παρειχόμην,
1419 1996 1624 2065 μᾶλλον
1655 1998 1710 2050 δὲ
1739 2001 1834 2051 καὶ

243 2085 431 2138 πλείω
478 2086 789 2155 παραπολύ.
818 2087 982 2141 Ὅσον
1010 2088 1222 2141 ἐκείνου
1256 2088 1356 2156 μὲν
1383 2087 1508 2140 οὔτε
1538 2089 1834 2152 τεθνεῶτος

244 2179 379 2247 ἐμοί
414 2195 499 2242 τις
533 2179 729 2249 βλάϐη,
771 2180 882 2233 οὔτ’
906 2180 1146 2246 ὠφέλεια
1176 2181 1376 2243 ζῶντος
1412 2180 1605 2250 ἕψεται
1643 2182 1835 2234 10605-

240 2287 298 2322 το
355 2271 777 2339 διῳκισμένουο
828 2272 894 2324 σὺ
928 2272 1000 2325 ’δὲ
1054 2274 1147 2326 καὶ
1203 2271 1311 2336 ζῶν
1374 2274 1441 2326 τὰ
1490 2275 1727 2345 μέγιστα
1756 2274 1836 2328 -ἂν

242 2360 644 2431 ὀνήσαις,’κα“ι
701 2362 990 2417 ἀποθανὼν
1050 2365 1205 2419 οὖδὲν
1248 2362 1413 2438 ἦττον
1448 2371 1582 2437 ἡμῖν
1633 2385 1690 2420 τε
1744 2368 1838 2420 καὶ

243 2455 358 2515 τοῖς
422 2454 715 2522 Ῥωμαίων
767 2457 1059 2526 πράγμασι
1098 2458 1337 2529 λυμανῇ.
1383 2458 1524 2528 Ἐγὼ
1556 2460 1611 2512 δὲ
1658 2462 1838 2513 καίτοι

246 2546 434 2598 πολλὰ
473 2545 746 2615 συνείρειν
773 2543 992 2617 ἔχουσα,
1023 2548 1117 2600 καὶ
1146 2547 1534 2601 ἀποδεικνύναι
1555 2549 1625 2602 δι’
1659 2549 1840 2604 αὐτῶν

244 2638 484 2711 ﬁlictis:
511 2639 884 2710 συμφέροντα,
928 2640 1053 2692 οὔτε
1080 2640 1261 2694 δίκαια
1302 2641 1631 2709 ἐϐουλεύσω,
1661 2618 1836 2697 ὲῖκεζιιο

248 2734 427 2801 μόνον
460 2732 575 2801 ἐρῶ
621 2733 690 2783 τὰ
734 2732 868 2785 ἄλλα
898 2733 1302 2788 καταλιποῦσα.
1340 2735 1400 2787 Ei
1442 2736 1549 2806 γὰρ
1577 2736 1840 2806 περιόντα

244 2828 376 2879 τινὰ
431 2826 555 2878 όδον
593 2825 701 2877 τῶν
752 2826 1034 2892 ἐπιφανῶν
1073 2844 1178 2880 τινι
1217 2826 1420 2897 συνέϐη
1458 2829 1683 2895 γυναικὶ
1711 2844 1840 2880 συν-

245 2920 453 2987 τυχεῖν
512 2918 713 2988 χηρείᾳ
775 2920 875 2987 μὲν
933 2917 1205 2990 συνούσῃ,
1259 2921 1355 2974 καλ¹
1392 2921 1507 2984 τοῖς
1541 2922 1605 2974 ὲκ
1636 2920 1843 2991 ταύτης

245 3012 479 3069 κακοῖς,
519 3008 614 3059 καὶ
648 3009 835 3061 παισὶν
868 3000 1147 3079 ὀρφανοῖς,
1182 3011 1278 3064 καὶ
1322 3012 1527 3081 μηδένα
1568 3013 1658 3067 τὸν
1714 3030 1843 3084 προ.

1925 538 2125 602 dicam,
2159 539 2320 596 rebus
2345 539 2599 593 omnibus
2628 539 2933 592 cliariorem
2965 550 3107 590 esse.
3139 536 3276 589 Ntnn
3310 535 3493 605 igitur,

1927 646 1995 683 ne
2039 629 2270 701 insignis
2301 632 2522 701 quidem
2556 631 2921 686 calumniator
2952 640 3003 684 te
3048 631 3210 697 huius
3239 630 3497 684 amicitia:

1927 732 2183 794 oblitum.
2228 748 2528 787 memorem
2589 740 2790 795 autem,
2842 732 3206 786 nihilominus
3249 730 3498 798 improbe

1925 842 2107 896 agere,
2134 826 2429 894 liberisque
2452 826 2800 894 imperatoris
2824 836 2953 894 post
2972 826 3093 895 ejus
3122 823 3331 877 obitum
3362 822 3496 875 alias

1944 933 2105 983 {tuam
2131 917 2366 972 debuisti
2393 918 2592 987 gratias
2623 917 2832 972 referre
2855 916 3040 971 dicere
3068 915 3310 985 poterit?
3336 914 3499 987 Atqui

1851 1055 1873 1076 ,
1937 1021 2045 1060 non
2081 1005 2257 1075 magis
2288 1005 2390 1059 hoc
2422 1015 2573 1059 tuum
2605 1016 2710 1071 est,
2745 1022 2911 1075 quam
2943 1006 3118 1076 prius.
3146 1006 3214 1059 At
3243 1020 3373 1057 vero
3403 1021 3502 1058 nec

1937 1096 2047 1149 tuis
2075 1096 2444 1156 sermonibus,
2476 1111 2616 1165 quos
2648 1110 2885 1164 semper,
2917 1097 3082 1150 etiam
3108 1096 3235 1149 vivo
3266 1095 3505 1164 impera-

1937 1194 2077 1249 tore,
2098 1200 2310 1239 meeum
2345 1184 2603 1250 habebas,
2636 1186 3033 1241 consentientia
3066 1196 3215 1249 sunt,
3247 1201 3367 1255 quae
3394 1199 3503 1238 ενο-

1936 1276 2114 1331 tuisti.
2146 1275 2267 1331 Non
2305 1276 2454 1330 enim
2485 1292 2517 1330 e
2560 1277 2822 1331 memoria
2861 1276 3066 1331 excidit
3098 1276 3190 1332 tibi
3232 1276 3501 1344 profecto,

1938 1376 1997 1422 ut
2024 1366 2190 1420 multa
2224 1376 2275 1422 te
2302 1369 2628 1431 certamina,
2661 1369 2948 1436 variosque
2976 1373 3157 1431 eaSus,
3185 1378 3238 1421 et
3270 1378 3504 1421 mortem

1935 1468 2156 1523 quoque
2176 1455 2372 1524 ipsam,
2402 1454 2445 1509 si
2472 1454 2580 1509 dici
2608 1456 2689 1511 {as
2714 1465 2817 1517 est.
2842 1471 2943 1527 pro
2968 1456 3126 1517 meis,
3158 1454 3507 1524 ﬁliorumque

1935 1560 2186 1600 meorum
2215 1546 2521 1600 rationibus
2562 1547 3278 1619 turbulentistemporibus
3318 1560 3504 1617 prom-

1937 1638 2187 1708 ptissime
2252 1636 2563 1691 subiturum
2625 1639 3055 1692 asseveraveris.
3110 1638 3222 1703 Qua
3285 1638 3506 1705 quidem

1938 1727 2261 1782 necessitate
2290 1743 2434 1782 nunc
2464 1738 2752 1797 prmsente,
2782 1744 2852 1781 an
2901 1743 2957 1781 re
3003 1728 3118 1797 ipsa
3151 1738 3205 1781 et
3240 1726 3411 1781 refelli
3442 1744 3507 1780 ac
3593 1797 3609 1807 Α

1933 1821 2186 1890 redargui
2208 1820 2497 1889 pulchrum
2533 1819 2668 1873 adeo
2701 1820 2911 1882 tibisit,
2944 1829 3000 1872 tu
3031 1820 3252 1873 videris.
3270 1819 3505 1872 Prwlcr—

1933 1926 1997 1967 ea
2044 1929 2151 1968 non
2235 1912 2370 1968 mibi
2402 1928 2537 1967 sum
2579 1912 2823 1976 conseia,
2870 1911 3165 1966 oﬂendisSe
3211 1909 3507 1979 aliquando

1935 2005 2269 2059 voluntatem
2321 2013 2510 2065 tuam,
2551 2004 2645 2057 sed
2699 2019 2767 2057 ex
2811 2019 2922 2071 quo
2968 2002 3124 2073 361
3181 2002 3236 2055 in
3287 2002 3511 2055 domum

1938 2096 2349 2166 imperatoriam
2384 2096 2568 2164 nupsi,
2614 2110 2770 2164 atque
2801 2105 2859 2148 ut
2903 2094 3125 2147 fratrem
3170 2107 3352 2146 meum
3390 2108 3514 2161 ger-

1939 2204 2161 2249 manum
2197 2187 2486 2242 Sabaudim
2509 2188 2766 2242 comitem
2803 2198 2853 2242 te
2885 2187 3049 2249 colui,
3074 2201 3143 2263 ac
3170 2185 3369 2248 dilexi;
3404 2184 3514 2237 imo

1939 2294 2072 2333 vero
2120 2279 2290 2333 multo
2337 2280 2595 2347 amplius,
2630 2279 2775 2348 quod
2829 2295 2894 2332 ex
2943 2278 3038 2332 illo
3084 2287 3515 2344 mortuocncque

1941 2374 2265 2429 detrimenti
2325 2374 2646 2443 quidquam,
2708 2388 2808 2427 nec
2858 2373 3151 2443 superstite
3215 2371 3512 2439 quidquam

1939 2468 2237 2532 commodi,
2278 2466 2447 2520 tantis
2479 2480 2508 2519 a
2548 2481 2634 2519 me
2685 2477 2949 2519 terrarum
2995 2463 3185 2533 spatiis
3236 2460 3515 2528 disjuncto

1940 2558 2236 2628 adipiscar.
2263 2558 2344 2612 Tu
2372 2568 2554 2611 autem
2582 2564 2847 2625 quantum
2874 2557 3135 2626 prodesse
3168 2563 3325 2623 potes
3355 2551 3514 2605 vivus

1943 2656 2120 2721 (putes
2148 2657 2329 2702 autem
2357 2644 2868 2719 longe'plurimum)
2905 2652 3138 2709 tantum,
3164 2641 3429 2711 mihique,
3462 2649 3519 2694 et
3597 2712 3606 2727 ι

1943 2739 2263 2809 reipublicae
2294 2739 2553 2793 Romanae
2582 2752 2784 2792 nocere
2829 2744 2986 2810 potes
3023 2744 3296 2790 mortuus.
3332 2733 3519 2803 Quan-

1943 2846 2105 2900 quam
2136 2845 2299 2901 porro
2329 2830 2498 2884 multa
2536 2843 2735 2899 queam
2764 2828 2944 2883 adhuc
2964 2827 3286 2898 adiungere,
3314 2835 3370 2881 et
3393 2825 3519 2880 inde

1944 2923 2240 2978 ostendere
2276 2931 2326 2975 te
2358 2936 2538 2991 neque
2569 2912 2917 2990 frugiferum,
2966 2934 3148 2989 neque
3190 2918 3398 2989 justum
3435 2932 3524 2972 ce-

1948 3012 2094 3082 pisse
2122 3010 2439 3077 consilium,
2466 3008 2692 3066 omissis
2717 3009 2863 3075 aliis,
2883 3008 3015 3063 illud
3061 3016 3273 3075 tantum
3314 3007 3519 3061 dicam.

248 3099 610 3172 στησόμενον
667 3097 852 3168 ἔχουσι
914 3099 1344 3170 προστετηκυία,
1382 3103 1473 3154 καὶ
1524 3101 1614 3156 διὰ
1638 3102 1842 3166 ταύτας

1949 3105 2004 3161 Si
2052 3105 2140 3161 cui
2189 3103 2387 3159 viatori
2441 3102 2800 3172 contingeret,
2858 3102 2911 3155 in
2958 3100 3246 3154 mulierem
3282 3099 3521 3168 aliquam

246 3190 502 3250 πολλοὺς
558 3187 887 3258 ὑφορωμένη
941 3189 1068 3253 τοὺς
1125 3189 1429 3257 κινδύνους,
1471 3194 1566 3246 καὶ
1614 3193 1844 3267 δεομένη

247 3282 349 3349 τῆς
386 3278 697 3348 δυστυχίας
731 3281 1020 3350 οἰκτεῖραι,
1055 3282 1149 3334 καὶ
1179 3284 1350 3350 αὐτῆς
1393 3285 1701 3356 προστῆναι
1735 3287 1845 3338 τῶν

248 3378 478 3429 παίδων
511 3371 666 3425 οὐδὲν
695 3371 883 3444 ἕτερον
914 3376 993 3438 είς
1033 3374 1243 3428 δικαίου
1275 3375 1435 3444 λόγον
1460 3378 1845 3448 προϐαλλομὲ-

246 3490 339 3541 νη,
410 3470 450 3539 ἢ
502 3468 605 3535 τὴν
653 3468 938 3535 εὐγένειαν
990 3468 1087 3523 καὶ
1145 3467 1245 3538 τὴν
1290 3469 1440 3539 παρὰ
1492 3471 1651 3537 ἀξίαν
1681 3487 1849 3524 κακο-

247 3562 544 3633 πραγίαν,
590 3562 690 3613 οὐκ
727 3560 834 3613 ἔδει
866 3562 957 3615 καί
992 3578 1053 3614 σε
1090 3562 1190 3643 ,καὶ
1244 3561 1425 3615 πάντα
1458 3562 1703 3615 ὁντινοῦν
1734 3559 1848 3626 υἷος

248 3658 346 3722 σὺ,
381 3655 506 3709 τῶν
556 3653 733 3707 ἄλλων
782 3653 1177 3725 ἀμελήσαντα,
1218 3655 1478 3725 πρόνοιαν
1516 3655 1851 3727 ποιήσασθαι

248 3753 360 3821 τῆς
389 3747 667 3816 γυναικὸς
699 3747 800 3817 ὅση
838 3746 1043 3816 δυνατὴ
1090 3746 1187 3800 καὶ
1219 3746 1520 3818 ἀξιόχρεως
1553 3749 1679 3823 τοὺς
1709 3749 1852 3819 ὑπὲρ

247 3839 492 3907 ἐκείνης
519 3835 747 3905 νομίσαι
784 3834 978 3898 πόνους
1022 3836 1100 3897 είς
1144 3836 1399 3899 εὐκλείας
1430 3836 1586 3905 λόγον
1639 3838 1733 3890 καὶ
1774 3837 1855 3890 δι-

250 3930 618 3998 καιοσύνης;
670 3928 720 3981 ει
776 3927 958 3989 τοίνυν
985 3926 1147 3981 τοῦτο
1189 3928 1352 3996 μόνον
1396 3919 1735 4013 ἧρκεσενάν
1773 3930 1852 3990 είς

250 4024 474 4089 πειθὼ,
508 4021 633 4076 τίνα
663 4021 730 4075 ἂν
761 4020 1120 4091 εὐπρόσωπον
1154 4018 1455 4088 ἀπολογίαν
1491 4021 1771 4092 ἀποδοίης,
1804 4016 1854 4074 εί

250 4116 442 4173 αὑτοῦ
495 4132 559 4169 τε
615 4107 806 4167 τούτου
840 4114 936 4173 καὶ
972 4111 1183 4169 πολλῶν
1236 4110 1442 4182 ἐτέρων
1486 4114 1855 4185 ἰσχυροτέρων

247 4209 587 4279 παρόντων,
626 4205 1002 4276 ἀπαραίτητος
1062 4203 1275 4274 όφοῆς;
1330 4205 1424 4258 Διὸ
1484 4203 1579 4257 σοῦ
1637 4203 1853 4274 δέομαι,

251 4303 485 4369 ταύτης
534 4299 846 4366 ἀποστῆναι
882 4299 980 4368 τῆς
1025 4298 1239 4369 βουλῆς,
1287 4300 1381 4350 καὶ
1419 4297 1496 4369 μὴ
1527 4296 1859 4366 προφάσεως

248 4394 440 4453 ἔνεκα
495 4394 721 4462 μικρᾶς,
777 4392 877 4462 ἐμέ
934 4409 993 4444 τε
1042 4392 1136 4445 καὶ
1188 4393 1419 4463 νηπίους
1474 4390 1676 4455 παῖδας
1731 4390 1856 4454 τοὺς

250 4489 446 4556 ἐμοὺς
480 4484 671 4554 ὥσπερ
699 4485 756 4537 ἐν
779 4482 931 4554 μέσῳ
964 4483 1194 4550 πελάγει
1224 4485 1358 4538 ναῦν
1394 4483 1612 4554 ἐρήμην
1658 4484 1857 4552 κυϐερ-

250 4581 445 4651 νήτου
501 4577 847 4629 καταλιπεῖν.
888 4574 1031 4629 Ἀλλ’
1078 4574 1178 4627 εἴτ’
1212 4574 1374 4636 αὐτὸς
1409 4574 1629 4644 πρῶτος
1671 4574 1859 4627 ἐνεθυ-

258 4671 493 4741 μήθης,
534 4668 771 4738 ἄκαιρον
820 4666 1134 4736 ἡγήσασθαι
1190 4666 1282 4719 καὶ
1318 4665 1531 4736 μυρίων
1579 4666 1860 4736 γέμουσαν

254 4765 375 4835 τὴν
418 4758 623 4832 βουλὴν
674 4758 883 4824 κακῶν,
914 4758 1014 4811 εἷθ’
1048 4758 1223 4828 ἑτέρῳ
1254 4757 1685 4820 συμϐουλεύοντι
1718 4757 1861 4811 ἐπεί-

256 4860 442 4928 σθης,
477 4855 552 4926 μὴ
575 4853 683 4907 τῶν
712 4853 887 4923 φίλων
917 4853 1143 4917 ἐκεῖνον,
1174 4850 1290 4904 ἀλλ’
1310 4850 1556 4922 ἔχθιστον
1578 4852 1856 4920 ἡγεῖσθαι.

254 4950 391 5005 Καὶ
432 4948 522 5000 σοὶ
564 4945 667 5015 μὲν
722 4943 861 5013 πρὸς
901 4944 1002 5013 τὴν
1063 4942 1322 4996 εὖκλειαν
1372 4942 1465 4995 καὶ
1525 4943 1624 5011 τὴν
1669 4941 1860 5013 τιμὴν,

258 5039 422 5109 ἡμῖν
469 5036 529 5088 δὲ
565 5033 704 5106 πρὸς
747 5034 923 5100 αὐτὴν
968 5031 1395 5085 ἐπιϐουλεύοντα
1430 5031 1532 5101 τὴν
1562 5033 1862 5102 σωτηρίαν,

260 5126 593 5199 προσθήσω
633 5125 679 5178 δ’
706 5126 789 5178 ὅτι
821 5126 916 5177 καὶ
942 5125 1076 5176 πᾶσι
1099 5112 1211 5186 τοῖς
1253 5123 1543 5192 Ῥωμαίων
1571 5125 1864 5195 πράγμασι

262 5222 472 5289 κοινῇ.
496 5216 641 5285 Ἐγὼ
676 5216 733 5271 δὲ
773 5219 823 5269 εί
855 5218 950 5271 καὶ
982 5219 1057 5287 μὴ
1091 5217 1184 5286 ἀφ’
1234 5218 1435 5288 ἑαυτῆς
1468 5219 1608 5288 αὑτὴ
1653 5219 1715 5270 τὸ
1744 5218 1864 5272 δέον

265 5309 609 5380 συνεώρων,
648 5308 878 5379 οὐδεμία
914 5327 995 5372 τις
1026 5309 1192 5379 ἑτέρα
1230 5313 1389 5380 κοινῇ
1423 5311 1535 5373 τοῖς
1572 5311 1864 5381 πράγμασι

263 5401 615 5473 βεϐαιοτέρα
646 5400 912 5471 σωτηρία,
950 5400 983 5471 ἢ
1028 5402 1088 5453 σὲ
1132 5402 1247 5465 τοῖς
1279 5402 1632 5471 πράγμασιν,
1664 5401 1861 5473 ὥσπερ

267 5494 394 5548 καὶ
429 5493 634 5556 ζῶντος
685 5492 955 5563 βασιλέως
998 5494 1318 5560 ἐφεστάναι.
1377 5493 1469 5557 Ἐξ
1498 5494 1681 5546 αὐτῶν
1735 5494 1869 5562 γοῦν

268 5582 411 5637 τῶν
434 5583 701 5652 βασιλέως
727 5585 899 5652 λόγων
928 5582 1023 5646 οὓς
1054 5585 1184 5655 περὶ
1205 5583 1299 5638 σοῦ
1316 5584 1596 5648 πολλάκις
1630 5585 1869 5638 ἐποιεῖτο

273 5673 440 5744 πρὸς
478 5676 606 5745 εμὲ,
641 5675 878 5743 μάλιστα
923 5674 983 5727 δὲ
1024 5675 1132 5745 πρὸ
1160 5675 1261 5744 τῆς
1313 5675 1572 5745 τελευτῆς
1631 5676 1867 5745 μικρὸν,

276 5767 471 5837 ἐχρῆν
507 5770 746 5821 συνεῖναι
798 5770 858 5821 τὸ
892 5773 1155 5824 συνοῖσον.
1216 5768 1602 5839 Ἀνακείμενος
1634 5767 1742 5839 γὰρ
1775 5768 1868 5821 ἰπὶ

1948 3193 2190 3247 nobilem
2225 3191 2490 3255 incidere,
2522 3190 2808 3245 viduitatis
2832 3188 3164 3265 Icalamitate
3203 3187 3525 3244 conﬂictan-

1951 3293 2079 3349 tem,
2109 3300 2235 3339 cum
2267 3283 2459 3338 liberis
2489 3283 2774 3351 orphanis,
2809 3290 2993 3337 tutore
3026 3297 3254 3352 prorsus
3290 3282 3527 3336 ιίεειὶιιιο

1953 3375 2043 3438 tis,
2086 3385 2142 3428 et
2185 3373 2391 3427 idcirco
2425 3373 2598 3427 multa
2630 3380 2965 3426 metuentem
2998 3386 3212 3441 aspera,
3248 3380 3527 3424 orantem-

1953 3481 2061 3536 que
2099 3473 2161 3520 ut
2201 3480 2573 3520 aerumnarum
2609 3478 2836 3518 suarum
2876 3463 3162 3528 misertus,
3197 3462 3281 3517 sui
3322 3463 3530 3517 libero-

1953 3571 2193 3626 rumque
2221 3555 2588 3625 patrocininm
2621 3553 2946 3624 susciperet.
2996 3564 3054 3607 et
3095 3553 3403 3622 argumenti
3457 3538 3543 3607 ad-

1954 3650 2393 3720 impetrationem
2438 3647 2576 3701 nihil
2631 3646 2978 3706 afferentem.
3021 3647 3130 3700 nisi
3182 3646 3533 3700 nobilitatem

1956 3758 2137 3807 suam,
2176 3752 2230 3795 et
2263 3740 2638 3795 conditionem
2672 3738 2972 3803 infelicem,
3000 3754 3065 3793 ae
3109 3754 3167 3794 se
3200 3738 3477 3807 indignam
3512 3757 3527 3792 :

1954 3851 2137 3892 nonne
2170 3842 2469 3905 oporteret.
2502 3841 2555 3887 et
2580 3841 2655 3898 te,
2682 3841 2737 3886 et
2765 3845 3151 3901 quemcunque
3182 3831 3257 3887 tui
3291 3832 3527 3888 similem

1954 3928 2171 3985 caeteris
2211 3924 2468 3995 sepositis
2493 3939 2688 3980 curare
2730 3922 3207 3987 talemJ'eminam,
3260 3930 3527 3993 quantum

1957 4022 2012 4076 iu
2051 4030 2103 4075 te
2136 4028 2304 4083 esset,
2352 4012 2684 4086 laboresque
2715 4031 2817 4087 pro
2860 4015 2947 4070 illa
2984 4031 3091 4069 non
3137 4023 3420 4070 recusatos
3461 4017 3530 4072 ad

1957 4113 2292 4170 celebritatis
2356 4111 2697 4183 iustitiaeque
2768 4108 3040 4163 rationem
3103 4118 3363 4177 reputare
3410 4107 3528 4161 ido-

1958 4204 2130 4261 neos?
2151 4203 2197 4259 si
2222 4217 2353 4273 ergo
2383 4202 2489 4256 hoe
2522 4202 2787 4255 duntaxat
2813 4198 2879 4253 ad
2910 4197 3352 4268 persuadendum
3383 4197 3534 4251 sutli-

1958 4305 2132 4360 ceret,
2166 4311 2357 4366 quem;
2391 4294 2611 4358 amabo,
2639 4291 2976 4346 defensionis
3006 4291 3246 4344 colorem
3282 4291 3532 4355 habebis,

1961 4388 2006 4442 si
2033 4386 2138 4441 hoc
2169 4386 2314 4455 ipso,
2343 4384 2643 4453 multisque
2690 4391 2954 4453 praeterea
2996 4382 3336 4437 ﬁrmioribus
3370 4397 3537 4447 argu-

1888 4475 1932 4532 D
1962 4479 2163 4535 mentis
2189 4477 2673 4549 suppeditantibus
2701 4474 2902 4529 inﬂecti
2933 4473 3081 4527 haud
3110 4476 3356 4544 potuisse
3387 4476 3537 4530 vide-

1961 4568 2134 4625 bere?
2157 4567 2504 4638 Quapropter
2536 4576 2586 4620 te
2610 4565 2862 4626 obsecro,
2892 4573 3044 4618 muta
3078 4564 3235 4618 istam
3268 4572 3534 4630 mentem,

1963 4668 2017 4714 et
2049 4657 2162 4713 noli
2195 4666 2305 4713 tam
2350 4658 2457 4711 levi
2502 4655 2791 4710 occasione
2819 4668 2906 4707 me
2946 4667 3074 4706 cum
3112 4652 3328 4707 tenellis
3356 4653 3539 4708 adhuc

1961 4752 2159 4808 liberis
2201 4759 2461 4820 tanquam
2496 4749 2552 4803 in
2607 4748 2788 4805 medio
2816 4747 3010 4816 pelago
3056 4747 3239 4801 navim
3277 4748 3540 4816 magistro

1963 4851 2241 4899 carentem
2271 4841 2534 4897 deserere
2566 4857 2580 4894 :
2614 4838 2709 4894 sed
2742 4838 2857 4893 sive
2884 4852 2984 4908 per
3013 4846 3066 4892 te
3095 4836 3152 4891 in
3185 4837 3288 4893 bac
3313 4846 3539 4891 senten-

1966 4943 2099 4993 tiam
2131 4953 2193 4991 es
2227 4936 2532 5005 ingressus.
2564 4932 2822 4998 alienam,
2861 4941 2915 4986 et
2942 4931 3090 4987 mille
3120 4931 3392 4984 malorum
3420 4931 3541 4998 ple-

1964 5043 2090 5085 nam
2113 5027 2419 5089 existimes,
2448 5026 2565 5080 sive
2595 5023 2827 5078 alterius
2849 5037 3016 5076 suasu
3043 5021 3152 5074 huc
3177 5036 3238 5075 es
3259 5020 3537 5088 delapsus,

1966 5136 2037 5176 ne
2067 5120 2223 5176 illum
2254 5116 2516 5183 amicum,
2550 5115 2646 5170 sed
2679 5113 3146 5177 inimicissimum,
3178 5118 3236 5165 et
3278 5119 3384 5165 tua:
3412 5111 3541 5179 qui-

1968 5212 2091 5266 dem
2122 5209 2310 5281 gloriae
2341 5197 2701 5275 honorisque,
2730 5214 2932 5259 nostrae
2960 5215 3144 5256 autem
3177 5201 3394 5266 salutis,
3430 5202 3541 5255 imo

1972 5305 2144 5359 totius
2193 5301 2414 5372 imperii
2471 5298 2704 5354 Romani
2754 5294 3125 5351 communiter
3166 5293 3546 5349 insidiatorem

1969 5395 2265 5451 arbitrere.
2296 5393 2368 5448 Et
2416 5390 2633 5447 tametsi
2683 5402 2782 5457 per
2827 5401 2914 5440 me
2965 5402 3075 5441 non
3110 5386 3375 5452 viderem,
3412 5388 3545 5456 quid

1970 5502 2199 5543 necesse
2227 5486 2320 5549 sit,
2358 5483 2644 5546 nimirum,
2688 5495 2798 5535 non
2832 5479 3051 5533 aliunde
3091 5476 3302 5532 certius
3335 5492 3398 5531 ac
3429 5488 3545 5530 sta-

1969 5580 2138 5635 bilius
2159 5577 2276 5633 fore
2311 5574 2516 5628 salvam
2543 5572 2849 5626 Romanam
2875 5569 3277 5638 rempublicam
3304 5584 3468 5638 quam
3499 5566 3551 5622 si

1973 5682 2030 5726 tu
2064 5671 2183 5742 eius
2217 5665 2591 5739 gubernacula
2627 5672 2835 5727 teneas,
2868 5662 3098 5730 perinde
3150 5669 3210 5714 ut
3260 5660 3386 5715 vivo
3438 5661 3547 5713 im-

1973 5774 2222 5840 peratore
2256 5760 2525 5827 tenuisti:
2576 5768 2630 5814 at
2674 5758 2863 5817 saltem
2899 5774 2963 5811 ex
3004 5757 3134 5827 ipsis
3177 5755 3295 5828 ejus
3325 5769 3569 5832 sermo-~
