  <div class='ocr_page' id='page_1' title='image "/cluster/home/n/w/nwhite01/storage/ocr_20150623/153/hvd.32044073502643/380.png"; bbox 0 0 3992 6202; ppageno 0'>
   <div class='ocr_carea' id='block_1_1' title="bbox 237 275 343 340">
    <p class='ocr_par' dir='ltr' id='par_1_1' title="bbox 237 275 343 340">
     <span class='ocr_line' id='line_1_1' title="bbox 237 275 343 340; baseline 0.019 -3"><span class='ocrx_word' id='word_1_1' title='bbox 237 275 343 340; x_wconf 68' lang='grc'><strong>745</strong></span> 
     </span>
    </p>
   </div>
   <div class='ocr_carea' id='block_1_2' title="bbox 1361 276 2375 342">
    <p class='ocr_par' dir='ltr' id='par_1_2' title="bbox 1361 276 2375 342">
     <span class='ocr_line' id='line_1_2' title="bbox 1361 276 2375 342; baseline -0.003 -4"><span class='ocrx_word' id='word_1_2' title='bbox 1361 277 1904 338; x_wconf 71' lang='grc' dir='ltr'><strong>ΗΙΞΤΟΒΙᾹΒΟΜ</strong></span> <span class='ocrx_word' id='word_1_3' title='bbox 1949 280 2180 340; x_wconf 79' lang='lat' dir='ltr'><strong>LIBER</strong></span> <span class='ocrx_word' id='word_1_4' title='bbox 2219 276 2375 342; x_wconf 56' lang='lat' dir='ltr'><strong>11L!</strong></span> 
     </span>
    </p>
   </div>
   <div class='ocr_carea' id='block_1_3' title="bbox 3336 282 3471 344">
    <p class='ocr_par' dir='ltr' id='par_1_3' title="bbox 3336 282 3471 344">
     <span class='ocr_line' id='line_1_3' title="bbox 3336 282 3471 344; baseline 0 -1"><span class='ocrx_word' id='word_1_5' title='bbox 3336 282 3471 344; x_wconf 68' lang='grc'><strong>’746</strong></span> 
     </span>
    </p>
   </div>
   <div class='ocr_carea' id='block_1_4' title="bbox 241 394 1813 468">
    <p class='ocr_par' dir='ltr' id='par_1_4' title="bbox 241 394 1804 466">
     <span class='ocr_line' id='line_1_4' title="bbox 241 394 1804 466; baseline 0.001 -22"><span class='ocrx_word' id='word_1_6' title='bbox 241 394 596 464; x_wconf 80' lang='grc' dir='ltr'>μασιωτέραν</span> <span class='ocrx_word' id='word_1_7' title='bbox 632 394 732 463; x_wconf 77' lang='grc' dir='ltr'>τῆς</span> <span class='ocrx_word' id='word_1_8' title='bbox 764 395 940 465; x_wconf 82' lang='grc' dir='ltr'>ἀρχῆς</span> <span class='ocrx_word' id='word_1_9' title='bbox 991 394 1100 450; x_wconf 86' lang='grc' dir='ltr'><strong>τῶν</strong></span> <span class='ocrx_word' id='word_1_10' title='bbox 1145 395 1461 466; x_wconf 61' lang='grc' dir='ltr'>ὁμοφύλων,</span> <span class='ocrx_word' id='word_1_11' title='bbox 1517 398 1607 448; x_wconf 68' lang='grc' dir='ltr'>τὸν</span> <span class='ocrx_word' id='word_1_12' title='bbox 1642 395 1804 448; x_wconf 77' lang='grc' dir='ltr'>αὑτὸν</span> 
     </span>
    </p>
   </div>
   <div class='ocr_carea' id='block_1_5' title="bbox 1914 394 3470 468">
    <p class='ocr_par' dir='ltr' id='par_1_5' title="bbox 1914 395 3470 468">
     <span class='ocr_line' id='line_1_5' title="bbox 1914 395 3470 468; baseline 0.002 -21"><span class='ocrx_word' id='word_1_13' title='bbox 1914 396 2080 449; x_wconf 89' lang='lat' dir='ltr'><strong>multa</strong></span> <span class='ocrx_word' id='word_1_14' title='bbox 2111 411 2235 450; x_wconf 93' lang='lat' dir='ltr'><strong>cum</strong></span> <span class='ocrx_word' id='word_1_15' title='bbox 2269 396 2522 451; x_wconf 72' lang='lat' dir='ltr'><strong>libertate</strong></span> <span class='ocrx_word' id='word_1_16' title='bbox 2559 395 2871 452; x_wconf 88' lang='lat' dir='ltr'><strong>Sismanum</strong></span> <span class='ocrx_word' id='word_1_17' title='bbox 2902 399 3234 468; x_wconf 85' lang='lat' dir='ltr'><strong>postulatum</strong></span> <span class='ocrx_word' id='word_1_18' title='bbox 3283 398 3470 458; x_wconf 53' lang='lat' dir='ltr'><strong>misit,</strong></span> 
     </span>
    </p>
   </div>
   <div class='ocr_carea' id='block_1_6' title="bbox 239 487 1801 556">
    <p class='ocr_par' dir='ltr' id='par_1_6' title="bbox 239 487 1801 556">
     <span class='ocr_line' id='line_1_6' title="bbox 239 487 1801 556; baseline 0.002 -18"><span class='ocrx_word' id='word_1_19' title='bbox 239 487 305 556; x_wconf 82' lang='grc' dir='ltr'>δὴ</span> <span class='ocrx_word' id='word_1_20' title='bbox 337 487 544 555; x_wconf 80' lang='grc' dir='ltr'>τρόπον</span> <span class='ocrx_word' id='word_1_21' title='bbox 602 487 696 540; x_wconf 79' lang='grc' dir='ltr'><strong>καὶ</strong></span> <span class='ocrx_word' id='word_1_22' title='bbox 727 487 846 550; x_wconf 86' lang='grc' dir='ltr'>νῦν,</span> <span class='ocrx_word' id='word_1_23' title='bbox 904 487 1174 556; x_wconf 81' lang='grc' dir='ltr'>Σίσμανος</span> <span class='ocrx_word' id='word_1_24' title='bbox 1238 489 1425 556; x_wconf 79' lang='grc' dir='ltr'><strong>ἱκέτης</strong></span> <span class='ocrx_word' id='word_1_25' title='bbox 1460 488 1652 556; x_wconf 84' lang='grc' dir='ltr'>γέγονε</span> <span class='ocrx_word' id='word_1_26' title='bbox 1702 488 1801 555; x_wconf 83' lang='grc' dir='ltr'>τῆς</span> 
     </span>
    </p>
   </div>
   <div class='ocr_carea' id='block_1_7' title="bbox 272 575 1795 648">
    <p class='ocr_par' dir='ltr' id='par_1_7' title="bbox 272 575 1795 648">
     <span class='ocr_line' id='line_1_7' title="bbox 272 575 1795 648; baseline 0 -20"><span class='ocrx_word' id='word_1_27' title='bbox 272 575 542 645; x_wconf 75' lang='grc' dir='ltr'><strong>Ρωμαίων</strong></span> <span class='ocrx_word' id='word_1_28' title='bbox 573 576 875 646; x_wconf 81' lang='grc' dir='ltr'>βασιλείας,</span> <span class='ocrx_word' id='word_1_29' title='bbox 934 580 995 630; x_wconf 85' lang='grc' dir='ltr'><strong>οὺ</strong></span> <span class='ocrx_word' id='word_1_30' title='bbox 1023 578 1159 648; x_wconf 81' lang='grc' dir='ltr'>πρὸς</span> <span class='ocrx_word' id='word_1_31' title='bbox 1189 577 1285 647; x_wconf 76' lang='grc' dir='ltr'>τὴν</span> <span class='ocrx_word' id='word_1_32' title='bbox 1307 580 1516 630; x_wconf 87' lang='grc' dir='ltr'>οίκείαν</span> <span class='ocrx_word' id='word_1_33' title='bbox 1544 578 1795 646; x_wconf 87' lang='grc' dir='ltr'>δεόμενος</span> 
     </span>
    </p>
   </div>
   <div class='ocr_carea' id='block_1_8' title="bbox 244 669 1805 740">
    <p class='ocr_par' dir='ltr' id='par_1_8' title="bbox 244 669 1805 740">
     <span class='ocr_line' id='line_1_8' title="bbox 244 669 1805 740; baseline 0.001 -20"><span class='ocrx_word' id='word_1_34' title='bbox 244 671 606 735; x_wconf 79' lang='grc' dir='ltr'><strong>καταγαγεῖν,</strong></span> <span class='ocrx_word' id='word_1_35' title='bbox 636 670 772 722; x_wconf 80' lang='grc' dir='ltr'>ἀλλὰ</span> <span class='ocrx_word' id='word_1_36' title='bbox 803 670 1065 740; x_wconf 77' lang='grc' dir='ltr'><strong>προνοίας</strong></span> <span class='ocrx_word' id='word_1_37' title='bbox 1107 669 1252 734; x_wconf 79' lang='grc' dir='ltr'>τινὸς</span> <span class='ocrx_word' id='word_1_38' title='bbox 1299 673 1484 739; x_wconf 86' lang='grc' dir='ltr'>τυχεῖν</span> <span class='ocrx_word' id='word_1_39' title='bbox 1517 687 1805 738; x_wconf 84' lang='grc' dir='ltr'>κακοπρα-</span> 
     </span>
    </p>
   </div>
   <div class='ocr_carea' id='block_1_9' title="bbox 237 756 1806 832">
    <p class='ocr_par' dir='ltr' id='par_1_9' title="bbox 237 756 1806 832">
     <span class='ocr_line' id='line_1_9' title="bbox 237 756 1806 832; baseline 0.001 -20"><span class='ocrx_word' id='word_1_40' title='bbox 237 761 352 828; x_wconf 88' lang='grc' dir='ltr'><strong>γῶν</strong></span> <span class='ocrx_word' id='word_1_41' title='bbox 388 762 482 813; x_wconf 72' lang='grc' dir='ltr'><strong>καὶ</strong></span> <span class='ocrx_word' id='word_1_42' title='bbox 498 761 602 827; x_wconf 80' lang='grc' dir='ltr'><strong>τῆς</strong></span> <span class='ocrx_word' id='word_1_43' title='bbox 632 756 808 831; x_wconf 74' lang='grc' dir='ltr'>ἀρχῆς</span> <span class='ocrx_word' id='word_1_44' title='bbox 841 762 1270 832; x_wconf 76' lang='grc' dir='ltr'>ἐκϐεϐλημένος.</span> <span class='ocrx_word' id='word_1_45' title='bbox 1305 761 1657 832; x_wconf 79' lang='grc' dir='ltr'>Ἀλέξανδρος</span> <span class='ocrx_word' id='word_1_46' title='bbox 1695 763 1752 815; x_wconf 78' lang='grc' dir='ltr'><strong>δὲ</strong></span> <span class='ocrx_word' id='word_1_47' title='bbox 1779 763 1806 814; x_wconf 87' lang='grc' dir='ltr'>ὁ</span> 
     </span>
    </p>
   </div>
   <div class='ocr_carea' id='block_1_10' title="bbox 239 851 1797 923">
    <p class='ocr_par' dir='ltr' id='par_1_10' title="bbox 239 851 1797 923">
     <span class='ocr_line' id='line_1_10' title="bbox 239 851 1797 923; baseline 0 -19"><span class='ocrx_word' id='word_1_48' title='bbox 239 851 509 921; x_wconf 83' lang='grc' dir='ltr'>ὑμέτερος</span> <span class='ocrx_word' id='word_1_49' title='bbox 549 852 831 920; x_wconf 81' lang='grc' dir='ltr'>βασιλεὺς,</span> <span class='ocrx_word' id='word_1_50' title='bbox 862 853 940 916; x_wconf 85' lang='grc' dir='ltr'>ὡς</span> <span class='ocrx_word' id='word_1_51' title='bbox 969 853 1141 920; x_wconf 82' lang='grc' dir='ltr'>ἔοικε,</span> <span class='ocrx_word' id='word_1_52' title='bbox 1175 853 1260 906; x_wconf 83' lang='grc' dir='ltr'>διὰ</span> <span class='ocrx_word' id='word_1_53' title='bbox 1296 853 1393 923; x_wconf 73' lang='grc' dir='ltr'>τὴν</span> <span class='ocrx_word' id='word_1_54' title='bbox 1419 852 1683 922; x_wconf 80' lang='grc' dir='ltr'>βασιλέως</span> <span class='ocrx_word' id='word_1_55' title='bbox 1711 871 1797 904; x_wconf 86' lang='grc' dir='ltr'>τε-</span> 
     </span>
    </p>
   </div>
   <div class='ocr_carea' id='block_1_11' title="bbox 234 942 1798 1014">
    <p class='ocr_par' dir='ltr' id='par_1_11' title="bbox 234 942 1798 1014">
     <span class='ocr_line' id='line_1_11' title="bbox 234 942 1798 1014; baseline 0.002 -21"><span class='ocrx_word' id='word_1_56' title='bbox 234 943 433 1012; x_wconf 76' lang='grc' dir='ltr'>λευτὴν</span> <span class='ocrx_word' id='word_1_57' title='bbox 467 942 537 995; x_wconf 78' lang='grc' dir='ltr'>τὰ</span> <span class='ocrx_word' id='word_1_58' title='bbox 581 942 868 1013; x_wconf 80' lang='grc' dir='ltr'>Ῥωμαίων</span> <span class='ocrx_word' id='word_1_59' title='bbox 929 946 1230 1014; x_wconf 85' lang='grc' dir='ltr'>πράγματα</span> <span class='ocrx_word' id='word_1_60' title='bbox 1287 945 1604 998; x_wconf 84' lang='grc' dir='ltr'>παντάπασι</span> <span class='ocrx_word' id='word_1_61' title='bbox 1648 945 1798 1012; x_wconf 80' lang='grc' dir='ltr'>νομί-</span> 
     </span>
    </p>
   </div>
   <div class='ocr_carea' id='block_1_12' title="bbox 243 1033 1805 1106">
    <p class='ocr_par' dir='ltr' id='par_1_12' title="bbox 243 1033 1805 1106">
     <span class='ocr_line' id='line_1_12' title="bbox 243 1033 1805 1106; baseline 0.001 -21"><span class='ocrx_word' id='word_1_62' title='bbox 243 1033 356 1097; x_wconf 80' lang='grc' dir='ltr'>ζων</span> <span class='ocrx_word' id='word_1_63' title='bbox 407 1033 754 1104; x_wconf 65' lang='grc' dir='ltr'>διεφθάρθαι,</span> <span class='ocrx_word' id='word_1_64' title='bbox 811 1036 906 1089; x_wconf 82' lang='grc' dir='ltr'>καὶ</span> <span class='ocrx_word' id='word_1_65' title='bbox 957 1036 1161 1104; x_wconf 80' lang='grc' dir='ltr'><strong>μηδένα</strong></span> <span class='ocrx_word' id='word_1_66' title='bbox 1209 1037 1301 1089; x_wconf 84' lang='grc' dir='ltr'><strong>τὸν</strong></span> <span class='ocrx_word' id='word_1_67' title='bbox 1355 1036 1805 1106; x_wconf 79' lang='grc' dir='ltr'>προστησόμενον</span> 
     </span>
    </p>
   </div>
   <div class='ocr_carea' id='block_1_13' title="bbox 235 1122 1801 1194">
    <p class='ocr_par' dir='ltr' id='par_1_13' title="bbox 235 1122 1801 1194">
     <span class='ocr_line' id='line_1_13' title="bbox 235 1122 1801 1194; baseline 0 -19"><span class='ocrx_word' id='word_1_68' title='bbox 235 1122 568 1192; x_wconf 83' lang='grc' dir='ltr'>κεκτῆσθαι,</span> <span class='ocrx_word' id='word_1_69' title='bbox 603 1125 813 1176; x_wconf 69' lang='grc' dir='ltr'>ἐκεῖνον</span> <span class='ocrx_word' id='word_1_70' title='bbox 855 1124 1174 1177; x_wconf 85' lang='grc' dir='ltr'>ἀπέστειλεν</span> <span class='ocrx_word' id='word_1_71' title='bbox 1212 1125 1380 1178; x_wconf 86' lang='grc' dir='ltr'>αίτῶν</span> <span class='ocrx_word' id='word_1_72' title='bbox 1433 1124 1572 1194; x_wconf 84' lang='grc' dir='ltr'>μετὰ</span> <span class='ocrx_word' id='word_1_73' title='bbox 1600 1123 1801 1192; x_wconf 85' lang='grc' dir='ltr'>πολλῆς</span> 
     </span>
    </p>
   </div>
   <div class='ocr_carea' id='block_1_14' title="bbox 238 1213 1808 1285">
    <p class='ocr_par' dir='ltr' id='par_1_14' title="bbox 238 1213 1808 1285">
     <span class='ocr_line' id='line_1_14' title="bbox 238 1213 1808 1285; baseline -0.001 -19"><span class='ocrx_word' id='word_1_74' title='bbox 238 1217 341 1284; x_wconf 81' lang='grc' dir='ltr'>τῆς</span> <span class='ocrx_word' id='word_1_75' title='bbox 395 1214 716 1285; x_wconf 68' lang='grc' dir='ltr'>παρρησίας</span> <span class='ocrx_word' id='word_1_76' title='bbox 769 1213 955 1266; x_wconf 75' lang='grc' dir='ltr'>καὶτὸ</span> <span class='ocrx_word' id='word_1_77' title='bbox 1011 1214 1376 1284; x_wconf 78' lang='grc' dir='ltr'>κελευόμενον</span> <span class='ocrx_word' id='word_1_78' title='bbox 1425 1216 1600 1267; x_wconf 79' lang='grc' dir='ltr'>ποιεῖν</span> <span class='ocrx_word' id='word_1_79' title='bbox 1643 1213 1808 1282; x_wconf 73' lang='grc' dir='ltr'>μηδὲν</span> 
     </span>
    </p>
   </div>
   <div class='ocr_carea' id='block_1_15' title="bbox 239 1300 1806 1372">
    <p class='ocr_par' dir='ltr' id='par_1_15' title="bbox 239 1300 1806 1372">
     <span class='ocr_line' id='line_1_15' title="bbox 239 1300 1806 1372; baseline 0 -20"><span class='ocrx_word' id='word_1_80' title='bbox 239 1302 849 1372; x_wconf 73' lang='grc' dir='ltr'>πολυπραγμονοῦντας</span> <span class='ocrx_word' id='word_1_81' title='bbox 907 1301 1104 1366; x_wconf 79' lang='grc' dir='ltr'>ἀξιῶν.</span> <span class='ocrx_word' id='word_1_82' title='bbox 1164 1304 1236 1356; x_wconf 80' lang='grc' dir='ltr'>Τὸ</span> <span class='ocrx_word' id='word_1_83' title='bbox 1262 1302 1308 1354; x_wconf 82' lang='grc' dir='ltr'>δ’</span> <span class='ocrx_word' id='word_1_84' title='bbox 1347 1302 1598 1363; x_wconf 78' lang='grc' dir='ltr'>ἐναντίως</span> <span class='ocrx_word' id='word_1_85' title='bbox 1632 1301 1745 1371; x_wconf 75' lang='grc' dir='ltr'>ἔχει</span> <span class='ocrx_word' id='word_1_86' title='bbox 1772 1300 1806 1370; x_wconf 81' lang='grc' dir='ltr'>ἢ</span> 
     </span>
    </p>
   </div>
   <div class='ocr_carea' id='block_1_16' title="bbox 235 1389 1809 1462">
    <p class='ocr_par' dir='ltr' id='par_1_16' title="bbox 235 1389 1809 1462">
     <span class='ocr_line' id='line_1_16' title="bbox 235 1389 1809 1462; baseline 0.001 -20"><span class='ocrx_word' id='word_1_87' title='bbox 235 1389 459 1461; x_wconf 66' lang='grc' dir='ltr'>ᾠήθητε</span> <span class='ocrx_word' id='word_1_88' title='bbox 497 1393 672 1446; x_wconf 79' lang='grc' dir='ltr'>αὐτοί.</span> <span class='ocrx_word' id='word_1_89' title='bbox 728 1391 994 1454; x_wconf 86' lang='grc' dir='ltr'>Βασιλεύς</span> <span class='ocrx_word' id='word_1_90' title='bbox 1051 1409 1109 1444; x_wconf 89' lang='grc' dir='ltr'><strong>τε</strong></span> <span class='ocrx_word' id='word_1_91' title='bbox 1140 1392 1248 1462; x_wconf 83' lang='grc' dir='ltr'>γὰρ</span> <span class='ocrx_word' id='word_1_92' title='bbox 1281 1392 1362 1444; x_wconf 79' lang='grc' dir='ltr'>ἔτι</span> <span class='ocrx_word' id='word_1_93' title='bbox 1416 1389 1626 1461; x_wconf 84' lang='grc' dir='ltr'>περιὼν</span> <span class='ocrx_word' id='word_1_94' title='bbox 1675 1393 1809 1462; x_wconf 86' lang='grc' dir='ltr'>ἡμῖν</span> 
     </span>
    </p>
   </div>
   <div class='ocr_carea' id='block_1_17' title="bbox 239 1482 1809 1554">
    <p class='ocr_par' dir='ltr' id='par_1_17' title="bbox 239 1482 1809 1554">
     <span class='ocr_line' id='line_1_17' title="bbox 239 1482 1809 1554; baseline 0.001 -20"><span class='ocrx_word' id='word_1_95' title='bbox 239 1482 534 1552; x_wconf 79' lang='grc' dir='ltr'>χρώμενος</span> <span class='ocrx_word' id='word_1_96' title='bbox 563 1485 691 1546; x_wconf 79' lang='grc' dir='ltr'>τοὺς</span> <span class='ocrx_word' id='word_1_97' title='bbox 742 1484 954 1537; x_wconf 82' lang='grc' dir='ltr'>ἀδικεῖν</span> <span class='ocrx_word' id='word_1_98' title='bbox 997 1483 1284 1546; x_wconf 75' lang='grc' dir='ltr'>ἐθέλοντας</span> <span class='ocrx_word' id='word_1_99' title='bbox 1320 1485 1643 1554; x_wconf 73' lang='grc' dir='ltr'>ἐτιμωρεῖτο</span> <span class='ocrx_word' id='word_1_100' title='bbox 1666 1498 1680 1515; x_wconf 87' lang='grc'><strong>·</strong></span> <span class='ocrx_word' id='word_1_101' title='bbox 1717 1484 1809 1536; x_wconf 78' lang='grc' dir='ltr'><strong>καὶ</strong></span> 
     </span>
    </p>
   </div>
   <div class='ocr_carea' id='block_1_18' title="bbox 238 1574 1811 1644">
    <p class='ocr_par' dir='ltr' id='par_1_18' title="bbox 238 1574 1811 1644">
     <span class='ocr_line' id='line_1_18' title="bbox 238 1574 1811 1644; baseline 0 -18"><span class='ocrx_word' id='word_1_102' title='bbox 238 1574 340 1627; x_wconf 91' lang='grc' dir='ltr'><strong>νῦν</strong></span> <span class='ocrx_word' id='word_1_103' title='bbox 382 1574 444 1639; x_wconf 71' lang='grc' dir='ltr'><strong>ἐξ</strong></span> <span class='ocrx_word' id='word_1_104' title='bbox 466 1575 773 1642; x_wconf 80' lang='grc' dir='ltr'>ἀνθρώπων</span> <span class='ocrx_word' id='word_1_105' title='bbox 805 1577 1018 1628; x_wconf 71' lang='grc' dir='ltr'>ἐκείνου</span> <span class='ocrx_word' id='word_1_106' title='bbox 1052 1575 1446 1644; x_wconf 79' lang='grc' dir='ltr'>γεγενημένου,</span> <span class='ocrx_word' id='word_1_107' title='bbox 1478 1576 1641 1644; x_wconf 81' lang='grc' dir='ltr'>ἡμεῖς</span> <span class='ocrx_word' id='word_1_108' title='bbox 1672 1575 1811 1642; x_wconf 85' lang='grc' dir='ltr'>ἀμυ-</span> 
     </span>
    </p>
   </div>
   <div class='ocr_carea' id='block_1_19' title="bbox 232 1664 1809 1737">
    <p class='ocr_par' dir='ltr' id='par_1_19' title="bbox 232 1664 1809 1737">
     <span class='ocr_line' id='line_1_19' title="bbox 232 1664 1809 1737; baseline 0.001 -21"><span class='ocrx_word' id='word_1_109' title='bbox 232 1664 482 1734; x_wconf 90' lang='grc' dir='ltr'>νούμεθα</span> <span class='ocrx_word' id='word_1_110' title='bbox 517 1665 659 1734; x_wconf 82' lang='grc' dir='ltr'>ὑπὲρ</span> <span class='ocrx_word' id='word_1_111' title='bbox 699 1665 850 1735; x_wconf 76' lang='grc' dir='ltr'>ἡμῶν</span> <span class='ocrx_word' id='word_1_112' title='bbox 881 1665 1085 1728; x_wconf 82' lang='grc' dir='ltr'>αὐτῶν,</span> <span class='ocrx_word' id='word_1_113' title='bbox 1115 1665 1180 1720; x_wconf 80' lang='grc' dir='ltr'>ἄν</span> <span class='ocrx_word' id='word_1_114' title='bbox 1214 1683 1297 1729; x_wconf 88' lang='grc' dir='ltr'><strong>τις</strong></span> <span class='ocrx_word' id='word_1_115' title='bbox 1331 1665 1482 1737; x_wconf 77' lang='grc' dir='ltr'>ἐπίῃ,</span> <span class='ocrx_word' id='word_1_116' title='bbox 1520 1665 1625 1718; x_wconf 74' lang='grc' dir='ltr'>ὑπὸ</span> <span class='ocrx_word' id='word_1_117' title='bbox 1656 1668 1809 1733; x_wconf 83' lang='grc' dir='ltr'>βασι-</span> 
     </span>
    </p>
   </div>
   <div class='ocr_carea' id='block_1_20' title="bbox 231 1754 1810 1828">
    <p class='ocr_par' dir='ltr' id='par_1_20' title="bbox 231 1754 1810 1828">
     <span class='ocr_line' id='line_1_20' title="bbox 231 1754 1810 1828; baseline 0.001 -22"><span class='ocrx_word' id='word_1_118' title='bbox 231 1754 340 1807; x_wconf 84' lang='grc' dir='ltr'><strong>λέα</strong></span> <span class='ocrx_word' id='word_1_119' title='bbox 359 1756 450 1807; x_wconf 76' lang='grc' dir='ltr'>τὸν</span> <span class='ocrx_word' id='word_1_120' title='bbox 479 1756 691 1808; x_wconf 79' lang='grc' dir='ltr'>ἐκείνου</span> <span class='ocrx_word' id='word_1_121' title='bbox 724 1757 890 1810; x_wconf 86' lang='grc' dir='ltr'>παῖδα</span> <span class='ocrx_word' id='word_1_122' title='bbox 915 1758 1262 1828; x_wconf 78' lang='grc' dir='ltr'>τεταγμένοι,</span> <span class='ocrx_word' id='word_1_123' title='bbox 1290 1757 1387 1809; x_wconf 82' lang='grc' dir='ltr'>καὶ</span> <span class='ocrx_word' id='word_1_124' title='bbox 1411 1757 1510 1826; x_wconf 84' lang='grc' dir='ltr'>τήν</span> <span class='ocrx_word' id='word_1_125' title='bbox 1544 1773 1603 1808; x_wconf 88' lang='grc' dir='ltr'><strong>τε</strong></span> <span class='ocrx_word' id='word_1_126' title='bbox 1625 1755 1810 1827; x_wconf 83' lang='grc' dir='ltr'>χώραν</span> 
     </span>
    </p>
   </div>
   <div class='ocr_carea' id='block_1_21' title="bbox 236 1841 1812 1914">
    <p class='ocr_par' dir='ltr' id='par_1_21' title="bbox 236 1841 1812 1914">
     <span class='ocr_line' id='line_1_21' title="bbox 236 1841 1812 1914; baseline 0.001 -21"><span class='ocrx_word' id='word_1_127' title='bbox 236 1843 406 1912; x_wconf 79' lang='grc' dir='ltr'>ἡμῶν</span> <span class='ocrx_word' id='word_1_128' title='bbox 442 1841 750 1912; x_wconf 75' lang='grc' dir='ltr'>φυλάξομεν</span> <span class='ocrx_word' id='word_1_129' title='bbox 785 1843 973 1912; x_wconf 83' lang='grc' dir='ltr'>ἀπαθῆ</span> <span class='ocrx_word' id='word_1_130' title='bbox 1019 1846 1231 1911; x_wconf 85' lang='grc' dir='ltr'>κακῶν,</span> <span class='ocrx_word' id='word_1_131' title='bbox 1283 1845 1378 1896; x_wconf 72' lang='grc' dir='ltr'>καὶ</span> <span class='ocrx_word' id='word_1_132' title='bbox 1414 1845 1556 1914; x_wconf 72' lang='grc' dir='ltr'>ὑπὲρ</span> <span class='ocrx_word' id='word_1_133' title='bbox 1605 1844 1812 1910; x_wconf 79' lang='grc' dir='ltr'>φιλοτι-</span> 
     </span>
    </p>
   </div>
   <div class='ocr_carea' id='block_1_22' title="bbox 239 1933 1814 2005">
    <p class='ocr_par' dir='ltr' id='par_1_22' title="bbox 239 1933 1814 2005">
     <span class='ocr_line' id='line_1_22' title="bbox 239 1933 1814 2005; baseline 0.001 -21"><span class='ocrx_word' id='word_1_134' title='bbox 239 1935 379 2001; x_wconf 89' lang='grc' dir='ltr'>μίας</span> <span class='ocrx_word' id='word_1_135' title='bbox 411 1933 511 2001; x_wconf 76' lang='grc' dir='ltr'>τῆς</span> <span class='ocrx_word' id='word_1_136' title='bbox 533 1933 802 1987; x_wconf 85' lang='grc' dir='ltr'>ἀνέκαθεν</span> <span class='ocrx_word' id='word_1_137' title='bbox 837 1933 1128 2003; x_wconf 85' lang='grc' dir='ltr'>Ῥωμαίοις</span> <span class='ocrx_word' id='word_1_138' title='bbox 1155 1934 1540 2005; x_wconf 76' lang='grc' dir='ltr'>προσηκούσης</span> <span class='ocrx_word' id='word_1_139' title='bbox 1569 1934 1694 1986; x_wconf 85' lang='grc' dir='ltr'>πολε</span> <span class='ocrx_word' id='word_1_140' title='bbox 1707 1934 1814 2004; x_wconf 84' lang='grc' dir='ltr'>μὴ-</span> 
     </span>
    </p>
   </div>
   <div class='ocr_carea' id='block_1_23' title="bbox 235 2025 1813 2096">
    <p class='ocr_par' dir='ltr' id='par_1_23' title="bbox 235 2025 1813 2096">
     <span class='ocr_line' id='line_1_23' title="bbox 235 2025 1813 2096; baseline 0.001 -20"><span class='ocrx_word' id='word_1_141' title='bbox 235 2041 419 2092; x_wconf 83' lang='grc' dir='ltr'>σομεν</span> <span class='ocrx_word' id='word_1_142' title='bbox 447 2025 575 2093; x_wconf 87' lang='grc' dir='ltr'>ύμῖν</span> <span class='ocrx_word' id='word_1_143' title='bbox 626 2025 951 2095; x_wconf 85' lang='grc' dir='ltr'>προθύμως.</span> <span class='ocrx_word' id='word_1_144' title='bbox 995 2026 1069 2079; x_wconf 87' lang='grc' dir='ltr'>Ού</span> <span class='ocrx_word' id='word_1_145' title='bbox 1124 2027 1234 2096; x_wconf 82' lang='grc' dir='ltr'><strong>γὰρ</strong></span> <span class='ocrx_word' id='word_1_146' title='bbox 1274 2027 1469 2096; x_wconf 86' lang='grc' dir='ltr'>μικρὸν</span> <span class='ocrx_word' id='word_1_147' title='bbox 1518 2025 1676 2078; x_wconf 82' lang='grc' dir='ltr'>τοῦτό</span> <span class='ocrx_word' id='word_1_148' title='bbox 1725 2041 1813 2092; x_wconf 89' lang='grc' dir='ltr'><strong>γε,</strong></span> 
     </span>
    </p>
   </div>
   <div class='ocr_carea' id='block_1_24' title="bbox 234 2116 1814 2189">
    <p class='ocr_par' dir='ltr' id='par_1_24' title="bbox 234 2116 1814 2189">
     <span class='ocr_line' id='line_1_24' title="bbox 234 2116 1814 2189; baseline -0.001 -20"><span class='ocrx_word' id='word_1_149' title='bbox 234 2117 365 2169; x_wconf 72' lang='grc' dir='ltr'>οὐδὲ</span> <span class='ocrx_word' id='word_1_150' title='bbox 400 2117 886 2187; x_wconf 81' lang='grc' dir='ltr'>εὐκαταφρόνητον</span> <span class='ocrx_word' id='word_1_151' title='bbox 911 2119 1044 2189; x_wconf 85' lang='grc' dir='ltr'>ἡμῖν</span> <span class='ocrx_word' id='word_1_152' title='bbox 1074 2120 1155 2180; x_wconf 82' lang='grc' dir='ltr'><strong>είς</strong></span> <span class='ocrx_word' id='word_1_153' title='bbox 1184 2117 1398 2184; x_wconf 78' lang='grc' dir='ltr'>ἀδοξίας</span> <span class='ocrx_word' id='word_1_154' title='bbox 1428 2117 1582 2184; x_wconf 83' lang='grc' dir='ltr'>λόγον</span> <span class='ocrx_word' id='word_1_155' title='bbox 1624 2117 1685 2168; x_wconf 82' lang='grc' dir='ltr'><strong>τὸ</strong></span> <span class='ocrx_word' id='word_1_156' title='bbox 1724 2116 1814 2168; x_wconf 85' lang='grc' dir='ltr'><strong>τὸν</strong></span> 
     </span>
    </p>
   </div>
   <div class='ocr_carea' id='block_1_25' title="bbox 237 2206 1814 2279">
    <p class='ocr_par' dir='ltr' id='par_1_25' title="bbox 237 2206 1814 2279">
     <span class='ocr_line' id='line_1_25' title="bbox 237 2206 1814 2279; baseline 0.001 -21"><span class='ocrx_word' id='word_1_157' title='bbox 237 2208 469 2274; x_wconf 67' lang='grc' dir='ltr'>φυγάδα</span> <span class='ocrx_word' id='word_1_158' title='bbox 507 2209 642 2278; x_wconf 82' lang='grc' dir='ltr'>παρ’</span> <span class='ocrx_word' id='word_1_159' title='bbox 671 2209 801 2277; x_wconf 75' lang='grc' dir='ltr'>ἡμῖν</span> <span class='ocrx_word' id='word_1_160' title='bbox 827 2208 1220 2279; x_wconf 79' lang='grc' dir='ltr'>γεγενημένον,</span> <span class='ocrx_word' id='word_1_161' title='bbox 1268 2209 1302 2278; x_wconf 83' lang='grc' dir='ltr'>ἢ</span> <span class='ocrx_word' id='word_1_162' title='bbox 1335 2208 1510 2278; x_wconf 79' lang='grc' dir='ltr'>ὑμῶν,</span> <span class='ocrx_word' id='word_1_163' title='bbox 1550 2206 1582 2277; x_wconf 85' lang='grc' dir='ltr'>ἢ</span> <span class='ocrx_word' id='word_1_164' title='bbox 1613 2207 1814 2276; x_wconf 81' lang='grc' dir='ltr'>ἑτέρων</span> 
     </span>
    </p>
   </div>
   <div class='ocr_carea' id='block_1_26' title="bbox 221 2294 1815 2369">
    <p class='ocr_par' dir='ltr' id='par_1_26' title="bbox 221 2294 1815 2369">
     <span class='ocr_line' id='line_1_26' title="bbox 221 2294 1815 2369; baseline 0.001 -20"><span class='ocrx_word' id='word_1_165' title='bbox 221 2299 592 2352; x_wconf 62' lang='grc' dir='ltr'>κελευόντων</span> <span class='ocrx_word' id='word_1_166' title='bbox 624 2301 719 2353; x_wconf 64' lang='grc' dir='ltr'><strong>ἐπὶ</strong></span> <span class='ocrx_word' id='word_1_167' title='bbox 748 2299 962 2369; x_wconf 80' lang='grc' dir='ltr'>θανάτῳ</span> <span class='ocrx_word' id='word_1_168' title='bbox 989 2299 1321 2369; x_wconf 83' lang='grc' dir='ltr'>προδιδόναι.</span> <span class='ocrx_word' id='word_1_169' title='bbox 1352 2300 1445 2352; x_wconf 72' lang='lat' dir='ltr'><strong>“Av</strong></span> <span class='ocrx_word' id='word_1_170' title='bbox 1481 2297 1580 2367; x_wconf 76' lang='grc' dir='ltr'>μὲν</span> <span class='ocrx_word' id='word_1_171' title='bbox 1608 2294 1700 2351; x_wconf 76' lang='grc' dir='ltr'>οὖν</span> <span class='ocrx_word' id='word_1_172' title='bbox 1723 2299 1815 2352; x_wconf 75' lang='grc' dir='ltr'>καὶ</span> 
     </span>
    </p>
   </div>
   <div class='ocr_carea' id='block_1_27' title="bbox 232 2384 1814 2455">
    <p class='ocr_par' dir='ltr' id='par_1_27' title="bbox 232 2384 1814 2455">
     <span class='ocr_line' id='line_1_27' title="bbox 232 2384 1814 2455; baseline 0 -17"><span class='ocrx_word' id='word_1_173' title='bbox 232 2388 399 2440; x_wconf 74' lang='grc' dir='ltr'>αὐτοὶ</span> <span class='ocrx_word' id='word_1_174' title='bbox 432 2387 533 2455; x_wconf 81' lang='grc' dir='ltr'><strong>τῆς</strong></span> <span class='ocrx_word' id='word_1_175' title='bbox 560 2387 789 2448; x_wconf 78' lang='grc' dir='ltr'>ἀτοπίας</span> <span class='ocrx_word' id='word_1_176' title='bbox 822 2387 933 2439; x_wconf 86' lang='grc' dir='ltr'><strong>τῶν</strong></span> <span class='ocrx_word' id='word_1_177' title='bbox 963 2387 1236 2440; x_wconf 83' lang='grc' dir='ltr'>τοιούτων</span> <span class='ocrx_word' id='word_1_178' title='bbox 1290 2384 1619 2455; x_wconf 78' lang='grc' dir='ltr'>ζητημάτων</span> <span class='ocrx_word' id='word_1_179' title='bbox 1678 2387 1814 2438; x_wconf 86' lang='grc' dir='ltr'>ἀπο-</span> 
     </span>
    </p>
   </div>
   <div class='ocr_carea' id='block_1_28' title="bbox 234 2475 1815 2558">
    <p class='ocr_par' dir='ltr' id='par_1_28' title="bbox 234 2475 1815 2558">
     <span class='ocr_line' id='line_1_28' title="bbox 234 2475 1815 2558; baseline -0.003 -26"><span class='ocrx_word' id='word_1_180' title='bbox 234 2480 503 2542; x_wconf 77' lang='grc' dir='ltr'>στάντες,</span> <span class='ocrx_word' id='word_1_181' title='bbox 540 2479 770 2558; x_wconf 61' lang='grc' dir='ltr'>εἰρήνην</span> <span class='ocrx_word' id='word_1_182' title='bbox 797 2479 973 2546; x_wconf 77' lang='grc' dir='ltr'>ἄγειν,</span> <span class='ocrx_word' id='word_1_183' title='bbox 1001 2478 1094 2530; x_wconf 82' lang='grc' dir='ltr'><strong>καὶ</strong></span> <span class='ocrx_word' id='word_1_184' title='bbox 1118 2479 1238 2540; x_wconf 84' lang='grc' dir='ltr'>ταῖς</span> <span class='ocrx_word' id='word_1_185' title='bbox 1275 2475 1528 2538; x_wconf 85' lang='grc' dir='ltr'>σπονδαῖς</span> <span class='ocrx_word' id='word_1_186' title='bbox 1555 2475 1815 2545; x_wconf 78' lang='grc' dir='ltr'>ἐμμένειν</span> 
     </span>
    </p>
   </div>
   <div class='ocr_carea' id='block_1_29' title="bbox 233 2567 1812 2642">
    <p class='ocr_par' dir='ltr' id='par_1_29' title="bbox 233 2567 1812 2642">
     <span class='ocr_line' id='line_1_29' title="bbox 233 2567 1812 2642; baseline -0.003 -18"><span class='ocrx_word' id='word_1_187' title='bbox 233 2572 339 2624; x_wconf 77' lang='grc' dir='ltr'><strong>καὶ</strong></span> <span class='ocrx_word' id='word_1_188' title='bbox 374 2576 488 2634; x_wconf 84' lang='grc' dir='ltr'>τοῖς</span> <span class='ocrx_word' id='word_1_189' title='bbox 525 2573 711 2640; x_wconf 81' lang='grc' dir='ltr'>ὅρκοις</span> <span class='ocrx_word' id='word_1_190' title='bbox 753 2570 846 2632; x_wconf 80' lang='grc' dir='ltr'>οὓς</span> <span class='ocrx_word' id='word_1_191' title='bbox 895 2569 1032 2642; x_wconf 79' lang='grc' dir='ltr'>πρὸς</span> <span class='ocrx_word' id='word_1_192' title='bbox 1066 2568 1292 2640; x_wconf 80' lang='grc' dir='ltr'>βασιλέα</span> <span class='ocrx_word' id='word_1_193' title='bbox 1319 2567 1812 2635; x_wconf 78' lang='grc' dir='ltr'>ἓθεσθε,’ὲθέλητε,</span> 
     </span>
    </p>
   </div>
   <div class='ocr_carea' id='block_1_30' title="bbox 236 2655 1815 2730">
    <p class='ocr_par' dir='ltr' id='par_1_30' title="bbox 236 2655 1815 2730">
     <span class='ocr_line' id='line_1_30' title="bbox 236 2655 1815 2730; baseline -0.004 -16"><span class='ocrx_word' id='word_1_194' title='bbox 236 2661 637 2730; x_wconf 79' lang='grc' dir='ltr'>πειρασόμεθα</span> <span class='ocrx_word' id='word_1_195' title='bbox 687 2662 782 2713; x_wconf 70' lang='grc' dir='ltr'><strong>καὶ</strong></span> <span class='ocrx_word' id='word_1_196' title='bbox 834 2661 997 2730; x_wconf 80' lang='grc' dir='ltr'>ἡμεῖς</span> <span class='ocrx_word' id='word_1_197' title='bbox 1055 2659 1166 2712; x_wconf 86' lang='grc' dir='ltr'><strong>τῶν</strong></span> <span class='ocrx_word' id='word_1_198' title='bbox 1221 2656 1582 2711; x_wconf 82' lang='grc' dir='ltr'>καθεστώτων</span> <span class='ocrx_word' id='word_1_199' title='bbox 1648 2655 1815 2725; x_wconf 75' lang='grc' dir='ltr'>μηδὲν</span> 
     </span>
    </p>
   </div>
   <div class='ocr_carea' id='block_1_31' title="bbox 231 2748 1816 2825">
    <p class='ocr_par' dir='ltr' id='par_1_31' title="bbox 231 2748 1816 2825">
     <span class='ocr_line' id='line_1_31' title="bbox 231 2748 1816 2825; baseline -0.003 -19"><span class='ocrx_word' id='word_1_200' title='bbox 231 2756 439 2807; x_wconf 86' lang='grc' dir='ltr'>κινεῖν.</span> <span class='ocrx_word' id='word_1_201' title='bbox 482 2753 574 2807; x_wconf 81' lang='grc' dir='ltr'>Ἂν</span> <span class='ocrx_word' id='word_1_202' title='bbox 607 2752 653 2806; x_wconf 89' lang='grc' dir='ltr'>δ’</span> <span class='ocrx_word' id='word_1_203' title='bbox 683 2753 888 2825; x_wconf 84' lang='grc' dir='ltr'>ἀρχητε</span> <span class='ocrx_word' id='word_1_204' title='bbox 930 2751 1087 2804; x_wconf 68' lang='grc' dir='ltr'>αὐτοὶ</span> <span class='ocrx_word' id='word_1_205' title='bbox 1116 2752 1376 2821; x_wconf 85' lang='grc' dir='ltr'>πρότεροι</span> <span class='ocrx_word' id='word_1_206' title='bbox 1412 2748 1674 2818; x_wconf 84' lang='grc' dir='ltr'>πολέμου,</span> <span class='ocrx_word' id='word_1_207' title='bbox 1725 2749 1816 2801; x_wconf 75' lang='grc' dir='ltr'><strong>τὸν</strong></span> 
     </span>
    </p>
   </div>
   <div class='ocr_carea' id='block_1_32' title="bbox 228 2837 1819 2913">
    <p class='ocr_par' dir='ltr' id='par_1_32' title="bbox 228 2837 1819 2913">
     <span class='ocr_line' id='line_1_32' title="bbox 228 2837 1819 2913; baseline -0.004 -17"><span class='ocrx_word' id='word_1_208' title='bbox 228 2843 375 2896; x_wconf 80' lang='grc' dir='ltr'>Θεὸν</span> <span class='ocrx_word' id='word_1_209' title='bbox 407 2847 506 2897; x_wconf 74' lang='grc' dir='ltr'>καὶ</span> <span class='ocrx_word' id='word_1_210' title='bbox 531 2845 689 2912; x_wconf 80' lang='grc' dir='ltr'>ἡμεῖς</span> <span class='ocrx_word' id='word_1_211' title='bbox 729 2843 984 2913; x_wconf 86' lang='grc' dir='ltr'>μάρτυρα</span> <span class='ocrx_word' id='word_1_212' title='bbox 1015 2841 1113 2909; x_wconf 85' lang='grc' dir='ltr'>τῆς</span> <span class='ocrx_word' id='word_1_213' title='bbox 1163 2839 1374 2899; x_wconf 82' lang='grc' dir='ltr'>ἀδικίας</span> <span class='ocrx_word' id='word_1_214' title='bbox 1431 2837 1819 2908; x_wconf 84' lang='grc' dir='ltr'>προστησάμε-</span> 
     </span>
    </p>
   </div>
   <div class='ocr_carea' id='block_1_33' title="bbox 234 2929 1818 3002">
    <p class='ocr_par' dir='ltr' id='par_1_33' title="bbox 234 2929 1818 3002">
     <span class='ocr_line' id='line_1_33' title="bbox 234 2929 1818 3002; baseline -0.004 -15"><span class='ocrx_word' id='word_1_215' title='bbox 234 2951 351 2994; x_wconf 82' lang='grc' dir='ltr'>νοι,</span> <span class='ocrx_word' id='word_1_216' title='bbox 395 2932 456 2984; x_wconf 83' lang='grc' dir='ltr'>ὃν</span> <span class='ocrx_word' id='word_1_217' title='bbox 495 2935 645 2986; x_wconf 73' lang='grc' dir='ltr'>αὐτοὶ</span> <span class='ocrx_word' id='word_1_218' title='bbox 676 2935 982 3002; x_wconf 78' lang='grc' dir='ltr'>έπιορκεῖτε</span> <span class='ocrx_word' id='word_1_219' title='bbox 1008 2931 1318 2992; x_wconf 84' lang='grc' dir='ltr'>διαλύοντες</span> <span class='ocrx_word' id='word_1_220' title='bbox 1335 2929 1431 2992; x_wconf 82' lang='grc' dir='ltr'>τὰς</span> <span class='ocrx_word' id='word_1_221' title='bbox 1463 2929 1712 2992; x_wconf 78' lang='grc' dir='ltr'>σπονδὰς,</span> <span class='ocrx_word' id='word_1_222' title='bbox 1737 2930 1818 2980; x_wconf 82' lang='grc' dir='ltr'>δι-</span> 
     </span>
    </p>
   </div>
   <div class='ocr_carea' id='block_1_34' title="bbox 227 3019 1812 3092">
    <p class='ocr_par' dir='ltr' id='par_1_34' title="bbox 227 3019 1812 3092">
     <span class='ocr_line' id='line_1_34' title="bbox 227 3019 1812 3092; baseline -0.006 -15"><span class='ocrx_word' id='word_1_223' title='bbox 227 3023 483 3090; x_wconf 78' lang='grc' dir='ltr'>δάξομεν</span> <span class='ocrx_word' id='word_1_224' title='bbox 519 3023 658 3091; x_wconf 80' lang='grc' dir='ltr'>ὑμᾶς</span> <span class='ocrx_word' id='word_1_225' title='bbox 689 3021 851 3092; x_wconf 77' lang='grc' dir='ltr'>μηδὲν</span> <span class='ocrx_word' id='word_1_226' title='bbox 884 3022 1028 3090; x_wconf 88' lang='grc' dir='ltr'>πέρα</span> <span class='ocrx_word' id='word_1_227' title='bbox 1059 3021 1153 3073; x_wconf 91' lang='grc' dir='ltr'><strong>τοῦ</strong></span> <span class='ocrx_word' id='word_1_228' title='bbox 1177 3021 1544 3089; x_wconf 86' lang='grc' dir='ltr'>προσήκοντος</span> <span class='ocrx_word' id='word_1_229' title='bbox 1576 3019 1812 3086; x_wconf 78' lang='grc' dir='ltr'>φρονεῖν,</span> 
     </span>
    </p>
   </div>
   <div class='ocr_carea' id='block_1_35' title="bbox 229 3108 1818 3186">
    <p class='ocr_par' dir='ltr' id='par_1_35' title="bbox 229 3108 1818 3186">
     <span class='ocr_line' id='line_1_35' title="bbox 229 3108 1818 3186; baseline -0.006 -17"><span class='ocrx_word' id='word_1_230' title='bbox 229 3120 332 3169; x_wconf 76' lang='grc' dir='ltr'><strong>καὶ</strong></span> <span class='ocrx_word' id='word_1_231' title='bbox 378 3115 412 3184; x_wconf 80' lang='grc' dir='ltr'><strong>ἦ</strong></span> <span class='ocrx_word' id='word_1_232' title='bbox 440 3115 710 3182; x_wconf 89' lang='grc' dir='ltr'>Σίσμανον</span> <span class='ocrx_word' id='word_1_233' title='bbox 737 3117 987 3186; x_wconf 79' lang='grc' dir='ltr'>τριήρεσι</span> <span class='ocrx_word' id='word_1_234' title='bbox 1037 3113 1127 3165; x_wconf 72' lang='grc' dir='ltr'>διὰ</span> <span class='ocrx_word' id='word_1_235' title='bbox 1163 3108 1266 3164; x_wconf 84' lang='grc' dir='ltr'>’τοῦ</span> <span class='ocrx_word' id='word_1_236' title='bbox 1301 3110 1514 3180; x_wconf 78' lang='grc' dir='ltr'>Ἴστρου</span> <span class='ocrx_word' id='word_1_237' title='bbox 1548 3110 1818 3179; x_wconf 81' lang='grc' dir='ltr'>καταστή-</span> 
     </span>
    </p>
   </div>
   <div class='ocr_carea' id='block_1_36' title="bbox 231 3203 1816 3276">
    <p class='ocr_par' dir='ltr' id='par_1_36' title="bbox 231 3203 1816 3276">
     <span class='ocr_line' id='line_1_36' title="bbox 231 3203 1816 3276; baseline -0.005 -16"><span class='ocrx_word' id='word_1_238' title='bbox 231 3225 444 3261; x_wconf 77' lang='grc' dir='ltr'>σαντες</span> <span class='ocrx_word' id='word_1_239' title='bbox 480 3208 572 3259; x_wconf 70' lang='grc' dir='ltr'><strong>ἐπὶ</strong></span> <span class='ocrx_word' id='word_1_240' title='bbox 596 3207 857 3276; x_wconf 63' lang='grc' dir='ltr'>Βιδήνην,</span> <span class='ocrx_word' id='word_1_241' title='bbox 887 3208 982 3259; x_wconf 79' lang='grc' dir='ltr'>καὶ</span> <span class='ocrx_word' id='word_1_242' title='bbox 1019 3206 1255 3276; x_wconf 78' lang='grc' dir='ltr'>πόλεμον</span> <span class='ocrx_word' id='word_1_243' title='bbox 1285 3205 1549 3274; x_wconf 79' lang='grc' dir='ltr'>ἐμφύλιον</span> <span class='ocrx_word' id='word_1_244' title='bbox 1575 3203 1816 3273; x_wconf 68' lang='grc' dir='ltr'>ἀνάψαν-</span> 
     </span>
    </p>
   </div>
   <div class='ocr_carea' id='block_1_37' title="bbox 228 3290 1817 3363">
    <p class='ocr_par' dir='ltr' id='par_1_37' title="bbox 228 3290 1817 3363">
     <span class='ocr_line' id='line_1_37' title="bbox 228 3290 1817 3363; baseline -0.004 -15"><span class='ocrx_word' id='word_1_245' title='bbox 228 3313 326 3358; x_wconf 86' lang='grc' dir='ltr'><strong>τες</strong></span> <span class='ocrx_word' id='word_1_246' title='bbox 369 3296 545 3363; x_wconf 86' lang='grc' dir='ltr'>ὑμῖν·</span> <span class='ocrx_word' id='word_1_247' title='bbox 581 3294 697 3347; x_wconf 82' lang='grc' dir='ltr'>ίστε</span> <span class='ocrx_word' id='word_1_248' title='bbox 750 3295 862 3363; x_wconf 85' lang='grc' dir='ltr'><strong>γὰρ</strong></span> <span class='ocrx_word' id='word_1_249' title='bbox 913 3295 978 3362; x_wconf 85' lang='grc' dir='ltr'>δή</span> <span class='ocrx_word' id='word_1_250' title='bbox 1034 3309 1138 3344; x_wconf 87' lang='grc' dir='ltr'><strong>που</strong></span> <span class='ocrx_word' id='word_1_251' title='bbox 1191 3295 1286 3344; x_wconf 74' lang='grc' dir='ltr'>καὶ</span> <span class='ocrx_word' id='word_1_252' title='bbox 1315 3293 1472 3343; x_wconf 71' lang='grc' dir='ltr'>αὐτοὶ</span> <span class='ocrx_word' id='word_1_253' title='bbox 1522 3290 1597 3352; x_wconf 85' lang='grc' dir='ltr'>ὼς</span> <span class='ocrx_word' id='word_1_254' title='bbox 1629 3290 1817 3342; x_wconf 75' lang='grc' dir='ltr'>πολλοὶ</span> 
     </span>
    </p>
   </div>
   <div class='ocr_carea' id='block_1_38' title="bbox 229 3377 1818 3452">
    <p class='ocr_par' dir='ltr' id='par_1_38' title="bbox 229 3377 1818 3452">
     <span class='ocr_line' id='line_1_38' title="bbox 229 3377 1818 3452; baseline -0.005 -15"><span class='ocrx_word' id='word_1_255' title='bbox 229 3383 460 3437; x_wconf 79' lang='grc' dir='ltr'>Μυσῶν</span> <span class='ocrx_word' id='word_1_256' title='bbox 517 3383 1000 3452; x_wconf 80' lang='grc' dir='ltr'>προσχωρήσουσιν</span> <span class='ocrx_word' id='word_1_257' title='bbox 1054 3379 1247 3448; x_wconf 77' lang='grc' dir='ltr'>ἐκείνῳ</span> <span class='ocrx_word' id='word_1_258' title='bbox 1306 3378 1393 3430; x_wconf 73' lang='grc' dir='ltr'>διὰ</span> <span class='ocrx_word' id='word_1_259' title='bbox 1433 3377 1530 3447; x_wconf 78' lang='grc' dir='ltr'><strong>τὴν</strong></span> <span class='ocrx_word' id='word_1_260' title='bbox 1584 3377 1818 3446; x_wconf 81' lang='grc' dir='ltr'>ἀρχαίαν</span> 
     </span>
    </p>
   </div>
   <div class='ocr_carea' id='block_1_39' title="bbox 229 3469 1816 3543">
    <p class='ocr_par' dir='ltr' id='par_1_39' title="bbox 229 3469 1816 3543">
     <span class='ocr_line' id='line_1_39' title="bbox 229 3469 1816 3543; baseline -0.004 -17"><span class='ocrx_word' id='word_1_261' title='bbox 229 3475 440 3543; x_wconf 74' lang='grc' dir='ltr'>φιλίαν</span> <span class='ocrx_word' id='word_1_262' title='bbox 477 3476 572 3525; x_wconf 79' lang='grc' dir='ltr'>καὶ</span> <span class='ocrx_word' id='word_1_263' title='bbox 601 3473 700 3542; x_wconf 78' lang='grc' dir='ltr'>τὴν</span> <span class='ocrx_word' id='word_1_264' title='bbox 722 3474 1045 3537; x_wconf 77' lang='grc' dir='ltr'><strong>οἰκειότητα¹</strong></span> <span class='ocrx_word' id='word_1_265' title='bbox 1088 3472 1183 3524; x_wconf 77' lang='grc' dir='ltr'><strong>τοῦ</strong></span> <span class='ocrx_word' id='word_1_266' title='bbox 1213 3472 1424 3539; x_wconf 85' lang='grc' dir='ltr'>γένους,</span> <span class='ocrx_word' id='word_1_267' title='bbox 1457 3470 1489 3540; x_wconf 82' lang='grc' dir='ltr'>ἢ</span> <span class='ocrx_word' id='word_1_268' title='bbox 1532 3469 1816 3522; x_wconf 78' lang='grc' dir='ltr'>παντάπα-</span> 
     </span>
    </p>
   </div>
   <div class='ocr_carea' id='block_1_40' title="bbox 234 3560 1818 3634">
    <p class='ocr_par' dir='ltr' id='par_1_40' title="bbox 234 3560 1818 3634">
     <span class='ocr_line' id='line_1_40' title="bbox 234 3560 1818 3634; baseline -0.004 -16"><span class='ocrx_word' id='word_1_269' title='bbox 234 3583 336 3619; x_wconf 88' lang='grc' dir='ltr'><strong>σιν</strong></span> <span class='ocrx_word' id='word_1_270' title='bbox 382 3564 734 3634; x_wconf 75' lang='grc' dir='ltr'>Ἀλέξανδρον</span> <span class='ocrx_word' id='word_1_271' title='bbox 792 3563 1130 3634; x_wconf 77' lang='grc' dir='ltr'>ὲκϐαλοῦμεν</span> <span class='ocrx_word' id='word_1_272' title='bbox 1181 3563 1277 3632; x_wconf 83' lang='grc' dir='ltr'>τῆς</span> <span class='ocrx_word' id='word_1_273' title='bbox 1333 3561 1598 3632; x_wconf 79' lang='grc' dir='ltr'>ἀρχῆς,ἡ</span> <span class='ocrx_word' id='word_1_274' title='bbox 1652 3560 1722 3612; x_wconf 86' lang='grc' dir='ltr'><strong>τά</strong></span> <span class='ocrx_word' id='word_1_275' title='bbox 1753 3576 1818 3627; x_wconf 87' lang='grc' dir='ltr'><strong>γε</strong></span> 
     </span>
    </p>
   </div>
   <div class='ocr_carea' id='block_1_41' title="bbox 229 3651 1820 3725">
    <p class='ocr_par' dir='ltr' id='par_1_41' title="bbox 229 3651 1820 3725">
     <span class='ocr_line' id='line_1_41' title="bbox 229 3651 1820 3725; baseline -0.005 -15"><span class='ocrx_word' id='word_1_276' title='bbox 229 3657 510 3725; x_wconf 82' lang='grc' dir='ltr'>δεύτερα,</span> <span class='ocrx_word' id='word_1_277' title='bbox 543 3656 602 3706; x_wconf 80' lang='grc' dir='ltr'>οὑ</span> <span class='ocrx_word' id='word_1_278' title='bbox 652 3655 851 3725; x_wconf 83' lang='grc' dir='ltr'>μέτριά</span> <span class='ocrx_word' id='word_1_279' title='bbox 885 3671 1005 3707; x_wconf 87' lang='grc' dir='ltr'>τινα</span> <span class='ocrx_word' id='word_1_280' title='bbox 1059 3653 1414 3723; x_wconf 80' lang='grc' dir='ltr'>ζημιώσομεν</span> <span class='ocrx_word' id='word_1_281' title='bbox 1469 3651 1652 3716; x_wconf 76' lang='grc' dir='ltr'>αὑτὸν,</span> <span class='ocrx_word' id='word_1_282' title='bbox 1684 3652 1718 3722; x_wconf 82' lang='grc' dir='ltr'><strong>ἡ</strong></span> <span class='ocrx_word' id='word_1_283' title='bbox 1771 3651 1820 3702; x_wconf 78' lang='grc' dir='ltr'><strong>εί</strong></span> 
     </span>
    </p>
   </div>
   <div class='ocr_carea' id='block_1_42' title="bbox 241 3739 1843 3820">
    <p class='ocr_par' dir='ltr' id='par_1_42' title="bbox 241 3739 1843 3820">
     <span class='ocr_line' id='line_1_42' title="bbox 241 3739 1843 3820; baseline -0.007 -19"><span class='ocrx_word' id='word_1_284' title='bbox 241 3753 326 3820; x_wconf 74' lang='grc' dir='ltr'>μὴ</span> <span class='ocrx_word' id='word_1_285' title='bbox 364 3749 533 3800; x_wconf 82' lang='grc' dir='ltr'>τοῦτο</span> <span class='ocrx_word' id='word_1_286' title='bbox 558 3747 766 3817; x_wconf 82' lang='grc' dir='ltr'>δοκοίη,</span> <span class='ocrx_word' id='word_1_287' title='bbox 809 3746 882 3807; x_wconf 86' lang='grc' dir='ltr'>ὡς</span> <span class='ocrx_word' id='word_1_288' title='bbox 913 3746 1192 3806; x_wconf 80' lang='grc' dir='ltr'>ἐλάττονος</span> <span class='ocrx_word' id='word_1_289' title='bbox 1238 3745 1270 3813; x_wconf 84' lang='grc' dir='ltr'><strong>ἡ</strong></span> <span class='ocrx_word' id='word_1_290' title='bbox 1306 3742 1546 3811; x_wconf 84' lang='grc' dir='ltr'>προσῆκε</span> <span class='ocrx_word' id='word_1_291' title='bbox 1576 3741 1672 3812; x_wconf 80' lang='grc' dir='ltr'>τῆς</span> <span class='ocrx_word' id='word_1_292' title='bbox 1707 3739 1843 3792; x_wconf 82' lang='grc' dir='ltr'>ὲπι-’</span> 
     </span>
    </p>
   </div>
   <div class='ocr_carea' id='block_1_43' title="bbox 237 3833 1824 3910">
    <p class='ocr_par' dir='ltr' id='par_1_43' title="bbox 237 3833 1824 3910">
     <span class='ocr_line' id='line_1_43' title="bbox 237 3833 1824 3910; baseline -0.007 -17"><span class='ocrx_word' id='word_1_293' title='bbox 237 3841 493 3910; x_wconf 82' lang='grc' dir='ltr'>κουρίας</span> <span class='ocrx_word' id='word_1_294' title='bbox 520 3840 830 3908; x_wconf 84' lang='grc' dir='ltr'>γινομένης,</span> <span class='ocrx_word' id='word_1_295' title='bbox 887 3836 1004 3890; x_wconf 86' lang='grc' dir='ltr'>ἀλλ’</span> <span class='ocrx_word' id='word_1_296' title='bbox 1043 3837 1217 3903; x_wconf 75' lang='grc' dir='ltr'>ἔγωγε</span> <span class='ocrx_word' id='word_1_297' title='bbox 1261 3834 1420 3896; x_wconf 84' lang='grc' dir='ltr'>αὐτὸς</span> <span class='ocrx_word' id='word_1_298' title='bbox 1447 3834 1562 3902; x_wconf 74' lang='grc' dir='ltr'><strong>ἅμα</strong></span> <span class='ocrx_word' id='word_1_299' title='bbox 1595 3833 1824 3903; x_wconf 77' lang='grc' dir='ltr'>στρατιᾷ</span> 
     </span>
    </p>
   </div>
   <div class='ocr_carea' id='block_1_44' title="bbox 240 3919 1824 3998">
    <p class='ocr_par' dir='ltr' id='par_1_44' title="bbox 240 3919 1824 3998">
     <span class='ocr_line' id='line_1_44' title="bbox 240 3919 1824 3998; baseline -0.008 -14"><span class='ocrx_word' id='word_1_300' title='bbox 240 3931 560 3998; x_wconf 79' lang='grc' dir='ltr'>Ῥωμαίων</span> <span class='ocrx_word' id='word_1_301' title='bbox 585 3931 720 3998; x_wconf 75' lang='grc' dir='ltr'>ἔχων</span> <span class='ocrx_word' id='word_1_302' title='bbox 741 3934 834 3981; x_wconf 82' lang='grc' dir='ltr'><strong>καὶ</strong></span> <span class='ocrx_word' id='word_1_303' title='bbox 857 3927 1121 3996; x_wconf 84' lang='grc' dir='ltr'>Σίσμανον</span> <span class='ocrx_word' id='word_1_304' title='bbox 1149 3926 1278 3994; x_wconf 87' lang='grc' dir='ltr'>ύμῖν</span> <span class='ocrx_word' id='word_1_305' title='bbox 1301 3919 1628 3990; x_wconf 79' lang='grc' dir='ltr'>ὲπισερατεύ</span> <span class='ocrx_word' id='word_1_306' title='bbox 1648 3939 1712 3973; x_wconf 91' lang='grc' dir='ltr'><strong>.ω</strong></span> <span class='ocrx_word' id='word_1_307' title='bbox 1732 3923 1824 3972; x_wconf 79' lang='grc' dir='ltr'><strong>καὶ</strong></span> 
     </span>
    </p>
   </div>
   <div class='ocr_carea' id='block_1_45' title="bbox 235 4009 1825 4086">
    <p class='ocr_par' dir='ltr' id='par_1_45' title="bbox 235 4009 1825 4086">
     <span class='ocr_line' id='line_1_45' title="bbox 235 4009 1825 4086; baseline -0.005 -18"><span class='ocrx_word' id='word_1_308' title='bbox 235 4014 554 4086; x_wconf 78' lang='grc' dir='ltr'>μαχοῦμαι</span> <span class='ocrx_word' id='word_1_309' title='bbox 590 4014 989 4083; x_wconf 76' lang='grc' dir='ltr'>προθυμότατα</span> <span class='ocrx_word' id='word_1_310' title='bbox 1018 4012 1178 4081; x_wconf 74' lang='grc' dir='ltr'>ύμῖν·</span> <span class='ocrx_word' id='word_1_311' title='bbox 1206 4011 1266 4062; x_wconf 83' lang='grc' dir='ltr'><strong>οὑ</strong></span> <span class='ocrx_word' id='word_1_312' title='bbox 1309 4009 1468 4079; x_wconf 87' lang='grc' dir='ltr'>μόνον</span> <span class='ocrx_word' id='word_1_313' title='bbox 1514 4023 1825 4074; x_wconf 84' lang='grc' dir='ltr'>παρασπον-</span> 
     </span>
    </p>
   </div>
   <div class='ocr_carea' id='block_1_46' title="bbox 1875 489 3471 558">
    <p class='ocr_par' dir='ltr' id='par_1_46' title="bbox 1875 489 3471 558">
     <span class='ocr_line' id='line_1_46' title="bbox 1875 489 3471 558; baseline 0.001 -20"><span class='ocrx_word' id='word_1_314' title='bbox 1875 497 2170 550; x_wconf 75' lang='grc' dir='ltr'>οοθηερηε,</span> <span class='ocrx_word' id='word_1_315' title='bbox 2218 504 2320 542; x_wconf 87' lang='lat' dir='ltr'><strong>nos</strong></span> <span class='ocrx_word' id='word_1_316' title='bbox 2347 504 2466 558; x_wconf 68' lang='lat' dir='ltr'><strong>qua:</strong></span> <span class='ocrx_word' id='word_1_317' title='bbox 2506 490 2599 544; x_wconf 92' lang='lat' dir='ltr'><strong>ille</strong></span> <span class='ocrx_word' id='word_1_318' title='bbox 2643 491 2777 545; x_wconf 97' lang='lat' dir='ltr'><strong>velit</strong></span> <span class='ocrx_word' id='word_1_319' title='bbox 2828 491 2966 544; x_wconf 87' lang='lat' dir='ltr'><strong>citra</strong></span> <span class='ocrx_word' id='word_1_320' title='bbox 3015 489 3471 558; x_wconf 69' lang='lat' dir='ltr'><strong>detrectationem</strong></span> 
     </span>
    </p>
   </div>
   <div class='ocr_carea' id='block_1_47' title="bbox 1909 577 3476 650">
    <p class='ocr_par' dir='ltr' id='par_1_47' title="bbox 1909 577 3476 650">
     <span class='ocr_line' id='line_1_47' title="bbox 1909 577 3476 650; baseline 0.002 -22"><span class='ocrx_word' id='word_1_321' title='bbox 1909 577 2132 644; x_wconf 80' lang='lat' dir='ltr'><strong>exsequi</strong></span> <span class='ocrx_word' id='word_1_322' title='bbox 2161 587 2437 647; x_wconf 76' lang='lat' dir='ltr'><strong>oportere.</strong></span> <span class='ocrx_word' id='word_1_323' title='bbox 2469 579 2538 634; x_wconf 83' lang='lat' dir='ltr'><strong>At</strong></span> <span class='ocrx_word' id='word_1_324' title='bbox 2560 580 2710 634; x_wconf 90' lang='lat' dir='ltr'><strong>enim</strong></span> <span class='ocrx_word' id='word_1_325' title='bbox 2748 583 2907 650; x_wconf 79' lang='lat' dir='ltr'><strong>longe</strong></span> <span class='ocrx_word' id='word_1_326' title='bbox 2949 577 3224 633; x_wconf 83' lang='lat' dir='ltr'><strong>fallimini.</strong></span> <span class='ocrx_word' id='word_1_327' title='bbox 3258 577 3392 632; x_wconf 85' lang='lat' dir='ltr'><strong>Nam</strong></span> <span class='ocrx_word' id='word_1_328' title='bbox 3421 586 3476 631; x_wconf 88' lang='lat' dir='ltr'><strong>et</strong></span> 
     </span>
    </p>
   </div>
   <div class='ocr_carea' id='block_1_48' title="bbox 1907 665 3476 740">
    <p class='ocr_par' dir='ltr' id='par_1_48' title="bbox 1907 665 3476 740">
     <span class='ocr_line' id='line_1_48' title="bbox 1907 665 3476 740; baseline 0.003 -24"><span class='ocrx_word' id='word_1_329' title='bbox 1907 665 2204 735; x_wconf 71' lang='lat' dir='ltr'><strong>imperator</strong></span> <span class='ocrx_word' id='word_1_330' title='bbox 2251 669 2434 723; x_wconf 85' lang='lat' dir='ltr'><strong>adhuc</strong></span> <span class='ocrx_word' id='word_1_331' title='bbox 2483 670 2737 740; x_wconf 80' lang='lat' dir='ltr'><strong>spiritum</strong></span> <span class='ocrx_word' id='word_1_332' title='bbox 2774 671 3022 737; x_wconf 87' lang='lat' dir='ltr'><strong>ducens,</strong></span> <span class='ocrx_word' id='word_1_333' title='bbox 3073 677 3261 723; x_wconf 84' lang='lat' dir='ltr'><strong>nostra</strong></span> <span class='ocrx_word' id='word_1_334' title='bbox 3309 683 3476 737; x_wconf 81' lang='lat' dir='ltr'><strong>opera</strong></span> 
     </span>
    </p>
   </div>
   <div class='ocr_carea' id='block_1_49' title="bbox 1908 757 3474 828">
    <p class='ocr_par' dir='ltr' id='par_1_49' title="bbox 1908 757 3474 828">
     <span class='ocr_line' id='line_1_49' title="bbox 1908 757 3474 828; baseline 0.005 -20"><span class='ocrx_word' id='word_1_335' title='bbox 1908 757 2200 826; x_wconf 86' lang='lat' dir='ltr'><strong>injuriosos</strong></span> <span class='ocrx_word' id='word_1_336' title='bbox 2243 761 2524 828; x_wconf 80' lang='lat' dir='ltr'><strong>puniebat,</strong></span> <span class='ocrx_word' id='word_1_337' title='bbox 2564 769 2620 816; x_wconf 91' lang='lat' dir='ltr'><strong>et</strong></span> <span class='ocrx_word' id='word_1_338' title='bbox 2650 777 2796 818; x_wconf 92' lang='lat' dir='ltr'><strong>nunc</strong></span> <span class='ocrx_word' id='word_1_339' title='bbox 2825 778 2891 817; x_wconf 93' lang='lat' dir='ltr'><strong>eo</strong></span> <span class='ocrx_word' id='word_1_340' title='bbox 2921 777 2952 817; x_wconf 91' lang='lat' dir='ltr'><strong>e</strong></span> <span class='ocrx_word' id='word_1_341' title='bbox 2995 763 3316 818; x_wconf 78' lang='lat' dir='ltr'><strong>mortalibus</strong></span> <span class='ocrx_word' id='word_1_342' title='bbox 3342 764 3474 816; x_wconf 80' lang='lat' dir='ltr'><strong>sub-</strong></span> 
     </span>
    </p>
   </div>
   <div class='ocr_carea' id='block_1_50' title="bbox 1905 846 3476 926">
    <p class='ocr_par' dir='ltr' id='par_1_50' title="bbox 1905 846 3476 926">
     <span class='ocr_line' id='line_1_50' title="bbox 1905 846 3476 926; baseline 0.005 -26"><span class='ocrx_word' id='word_1_343' title='bbox 1905 846 2038 914; x_wconf 91' lang='lat' dir='ltr'><strong>lato,</strong></span> <span class='ocrx_word' id='word_1_344' title='bbox 2092 865 2192 904; x_wconf 88' lang='lat' dir='ltr'><strong>nos</strong></span> <span class='ocrx_word' id='word_1_345' title='bbox 2222 851 2336 906; x_wconf 85' lang='lat' dir='ltr'><strong>filio</strong></span> <span class='ocrx_word' id='word_1_346' title='bbox 2376 853 2496 923; x_wconf 89' lang='lat' dir='ltr'><strong>ejus</strong></span> <span class='ocrx_word' id='word_1_347' title='bbox 2523 853 2836 923; x_wconf 81' lang='lat' dir='ltr'><strong>imperatori</strong></span> <span class='ocrx_word' id='word_1_348' title='bbox 2867 855 3122 926; x_wconf 86' lang='lat' dir='ltr'><strong>subjecti,</strong></span> <span class='ocrx_word' id='word_1_349' title='bbox 3156 864 3396 915; x_wconf 87' lang='lat' dir='ltr'><strong>nosmet,</strong></span> <span class='ocrx_word' id='word_1_350' title='bbox 3429 851 3476 908; x_wconf 90' lang='lat' dir='ltr'><strong>si</strong></span> 
     </span>
    </p>
   </div>
   <div class='ocr_carea' id='block_1_51' title="bbox 1907 941 3481 1016">
    <p class='ocr_par' dir='ltr' id='par_1_51' title="bbox 1907 941 3481 1016">
     <span class='ocr_line' id='line_1_51' title="bbox 1907 941 3481 1016; baseline 0.004 -23"><span class='ocrx_word' id='word_1_351' title='bbox 1907 941 2032 1009; x_wconf 89' lang='lat' dir='ltr'><strong>quis</strong></span> <span class='ocrx_word' id='word_1_352' title='bbox 2060 942 2348 1007; x_wconf 86' lang='lat' dir='ltr'><strong>invaserit,</strong></span> <span class='ocrx_word' id='word_1_353' title='bbox 2381 944 2755 1009; x_wconf 89' lang='lat' dir='ltr'><strong>ulciscemur;</strong></span> <span class='ocrx_word' id='word_1_354' title='bbox 2811 956 2868 1000; x_wconf 91' lang='lat' dir='ltr'><strong>et</strong></span> <span class='ocrx_word' id='word_1_355' title='bbox 2897 961 3021 1000; x_wconf 90' lang='lat' dir='ltr'><strong>cum</strong></span> <span class='ocrx_word' id='word_1_356' title='bbox 3072 945 3348 1016; x_wconf 79' lang='lat' dir='ltr'><strong>regionem</strong></span> <span class='ocrx_word' id='word_1_357' title='bbox 3383 963 3481 1000; x_wconf 87' lang='lat' dir='ltr'><strong>no-</strong></span> 
     </span>
    </p>
   </div>
   <div class='ocr_carea' id='block_1_52' title="bbox 1907 1032 3475 1103">
    <p class='ocr_par' dir='ltr' id='par_1_52' title="bbox 1907 1032 3475 1103">
     <span class='ocr_line' id='line_1_52' title="bbox 1907 1032 3475 1103; baseline 0.003 -20"><span class='ocrx_word' id='word_1_358' title='bbox 1907 1039 2076 1083; x_wconf 89' lang='lat' dir='ltr'><strong>stram</strong></span> <span class='ocrx_word' id='word_1_359' title='bbox 2110 1046 2139 1083; x_wconf 90' lang='lat' dir='ltr'><strong>a</strong></span> <span class='ocrx_word' id='word_1_360' title='bbox 2177 1032 2956 1103; x_wconf 68' lang='lat' dir='ltr'><strong>vastitudineldireptioneque</strong></span> <span class='ocrx_word' id='word_1_361' title='bbox 3011 1035 3309 1098; x_wconf 85' lang='lat' dir='ltr'><strong>tuebimur,</strong></span> <span class='ocrx_word' id='word_1_362' title='bbox 3361 1040 3475 1088; x_wconf 89' lang='lat' dir='ltr'><strong>tum</strong></span> 
     </span>
    </p>
   </div>
   <div class='ocr_carea' id='block_1_53' title="bbox 1906 1120 3474 1198">
    <p class='ocr_par' dir='ltr' id='par_1_53' title="bbox 1906 1120 3474 1198">
     <span class='ocr_line' id='line_1_53' title="bbox 1906 1120 3474 1198; baseline 0.004 -25"><span class='ocrx_word' id='word_1_363' title='bbox 1906 1120 2092 1189; x_wconf 73' lang='lat' dir='ltr'><strong>gloria:</strong></span> <span class='ocrx_word' id='word_1_364' title='bbox 2157 1122 2382 1188; x_wconf 89' lang='lat' dir='ltr'><strong>studio,</strong></span> <span class='ocrx_word' id='word_1_365' title='bbox 2419 1124 2566 1193; x_wconf 90' lang='lat' dir='ltr'><strong>quod</strong></span> <span class='ocrx_word' id='word_1_366' title='bbox 2617 1125 2846 1179; x_wconf 82' lang='lat' dir='ltr'><strong>Romani</strong></span> <span class='ocrx_word' id='word_1_367' title='bbox 2893 1141 2923 1178; x_wconf 91' lang='lat' dir='ltr'><strong>a</strong></span> <span class='ocrx_word' id='word_1_368' title='bbox 2973 1125 3269 1196; x_wconf 87' lang='lat' dir='ltr'><strong>majoribus</strong></span> <span class='ocrx_word' id='word_1_369' title='bbox 3315 1126 3474 1198; x_wconf 76' lang='lat' dir='ltr'><strong>quasi</strong></span> 
     </span>
    </p>
   </div>
   <div class='ocr_carea' id='block_1_54' title="bbox 1912 1209 3480 1285">
    <p class='ocr_par' dir='ltr' id='par_1_54' title="bbox 1912 1209 3480 1285">
     <span class='ocr_line' id='line_1_54' title="bbox 1912 1209 3480 1285; baseline 0.006 -23"><span class='ocrx_word' id='word_1_370' title='bbox 1912 1209 2286 1265; x_wconf 61' lang='lat' dir='ltr'><strong>hereditatem</strong></span> <span class='ocrx_word' id='word_1_371' title='bbox 2339 1213 2630 1281; x_wconf 85' lang='lat' dir='ltr'><strong>quamdam</strong></span> <span class='ocrx_word' id='word_1_372' title='bbox 2669 1215 3004 1284; x_wconf 68' lang='lat' dir='ltr'><strong>accepimus,</strong></span> <span class='ocrx_word' id='word_1_373' title='bbox 3033 1216 3236 1285; x_wconf 90' lang='lat' dir='ltr'><strong>cupide</strong></span> <span class='ocrx_word' id='word_1_374' title='bbox 3291 1218 3480 1271; x_wconf 72' lang='lat' dir='ltr'><strong>vobis~</strong></span> 
     </span>
    </p>
   </div>
   <div class='ocr_carea' id='block_1_55' title="bbox 1913 1301 3476 1374">
    <p class='ocr_par' dir='ltr' id='par_1_55' title="bbox 1913 1301 3476 1374">
     <span class='ocr_line' id='line_1_55' title="bbox 1913 1301 3476 1374; baseline 0.006 -20"><span class='ocrx_word' id='word_1_375' title='bbox 1913 1315 2039 1354; x_wconf 90' lang='lat' dir='ltr'><strong>cum</strong></span> <span class='ocrx_word' id='word_1_376' title='bbox 2069 1301 2224 1370; x_wconf 76' lang='lat' dir='ltr'><strong>signa</strong></span> <span class='ocrx_word' id='word_1_377' title='bbox 2255 1303 2620 1358; x_wconf 87' lang='lat' dir='ltr'><strong>conferemus.</strong></span> <span class='ocrx_word' id='word_1_378' title='bbox 2657 1303 2808 1358; x_wconf 82' lang='lat' dir='ltr'><strong>Haud</strong></span> <span class='ocrx_word' id='word_1_379' title='bbox 2837 1305 2983 1359; x_wconf 90' lang='lat' dir='ltr'><strong>enim</strong></span> <span class='ocrx_word' id='word_1_380' title='bbox 3015 1306 3134 1360; x_wconf 87' lang='lat' dir='ltr'><strong>leve</strong></span> <span class='ocrx_word' id='word_1_381' title='bbox 3179 1307 3288 1362; x_wconf 90' lang='lat' dir='ltr'><strong>hoc</strong></span> <span class='ocrx_word' id='word_1_382' title='bbox 3320 1323 3476 1374; x_wconf 87' lang='lat' dir='ltr'><strong>sane,</strong></span> 
     </span>
    </p>
   </div>
   <div class='ocr_carea' id='block_1_56' title="bbox 1909 1392 3479 1464">
    <p class='ocr_par' dir='ltr' id='par_1_56' title="bbox 1909 1392 3479 1464">
     <span class='ocr_line' id='line_1_56' title="bbox 1909 1392 3479 1464; baseline 0.005 -19"><span class='ocrx_word' id='word_1_383' title='bbox 1909 1406 2010 1448; x_wconf 86' lang='lat' dir='ltr'><strong>nec</strong></span> <span class='ocrx_word' id='word_1_384' title='bbox 2043 1406 2232 1460; x_wconf 87' lang='lat' dir='ltr'><strong>parum</strong></span> <span class='ocrx_word' id='word_1_385' title='bbox 2266 1392 2430 1447; x_wconf 89' lang='lat' dir='ltr'><strong>nobis</strong></span> <span class='ocrx_word' id='word_1_386' title='bbox 2460 1393 2791 1462; x_wconf 87' lang='lat' dir='ltr'><strong>probrosum</strong></span> <span class='ocrx_word' id='word_1_387' title='bbox 2820 1433 2835 1459; x_wconf 92' lang='lat'><strong>,</strong></span> <span class='ocrx_word' id='word_1_388' title='bbox 2891 1396 3196 1464; x_wconf 90' lang='lat' dir='ltr'><strong>supplicem</strong></span> <span class='ocrx_word' id='word_1_389' title='bbox 3230 1409 3479 1453; x_wconf 89' lang='lat' dir='ltr'><strong>nostrum</strong></span> 
     </span>
    </p>
   </div>
   <div class='ocr_carea' id='block_1_57' title="bbox 1910 1480 3479 1552">
    <p class='ocr_par' dir='ltr' id='par_1_57' title="bbox 1910 1480 3479 1552">
     <span class='ocr_line' id='line_1_57' title="bbox 1910 1480 3479 1552; baseline 0.006 -19"><span class='ocrx_word' id='word_1_390' title='bbox 1910 1480 2065 1535; x_wconf 85' lang='lat' dir='ltr'><strong>vobis</strong></span> <span class='ocrx_word' id='word_1_391' title='bbox 2093 1491 2188 1535; x_wconf 91' lang='lat' dir='ltr'><strong>aut</strong></span> <span class='ocrx_word' id='word_1_392' title='bbox 2219 1481 2345 1538; x_wconf 85' lang='lat' dir='ltr'><strong>aliis</strong></span> <span class='ocrx_word' id='word_1_393' title='bbox 2400 1485 2715 1552; x_wconf 88' lang='lat' dir='ltr'><strong>petentibus</strong></span> <span class='ocrx_word' id='word_1_394' title='bbox 2756 1485 3195 1542; x_wconf 88' lang='lat' dir='ltr'><strong>interficiendum</strong></span> <span class='ocrx_word' id='word_1_395' title='bbox 3239 1494 3479 1544; x_wconf 86' lang='lat' dir='ltr'><strong>tradere.</strong></span> 
     </span>
    </p>
   </div>
   <div class='ocr_carea' id='block_1_58' title="bbox 1908 1571 3483 1648">
    <p class='ocr_par' dir='ltr' id='par_1_58' title="bbox 1908 1571 3483 1648">
     <span class='ocr_line' id='line_1_58' title="bbox 1908 1571 3483 1648; baseline 0.007 -24"><span class='ocrx_word' id='word_1_396' title='bbox 1908 1571 2268 1636; x_wconf 83' lang='lat' dir='ltr'><strong>Quamobrem</strong></span> <span class='ocrx_word' id='word_1_397' title='bbox 2329 1573 2375 1637; x_wconf 83' lang='lat' dir='ltr'><strong>si</strong></span> <span class='ocrx_word' id='word_1_398' title='bbox 2415 1574 2534 1628; x_wconf 90' lang='lat' dir='ltr'><strong>istis</strong></span> <span class='ocrx_word' id='word_1_399' title='bbox 2586 1575 2753 1629; x_wconf 89' lang='lat' dir='ltr'><strong>stulte</strong></span> <span class='ocrx_word' id='word_1_400' title='bbox 2822 1577 3176 1645; x_wconf 90' lang='lat' dir='ltr'><strong>requirendis</strong></span> <span class='ocrx_word' id='word_1_401' title='bbox 3223 1592 3483 1648; x_wconf 85' lang='lat' dir='ltr'><strong>superse-</strong></span> 
     </span>
    </p>
   </div>
   <div class='ocr_carea' id='block_1_59' title="bbox 1912 1661 3482 1732">
    <p class='ocr_par' dir='ltr' id='par_1_59' title="bbox 1912 1661 3482 1732">
     <span class='ocr_line' id='line_1_59' title="bbox 1912 1661 3482 1732; baseline 0.006 -17"><span class='ocrx_word' id='word_1_402' title='bbox 1912 1661 2122 1726; x_wconf 87' lang='lat' dir='ltr'><strong>dentes,</strong></span> <span class='ocrx_word' id='word_1_403' title='bbox 2156 1676 2345 1732; x_wconf 87' lang='lat' dir='ltr'><strong>pacem</strong></span> <span class='ocrx_word' id='word_1_404' title='bbox 2373 1663 2552 1718; x_wconf 90' lang='lat' dir='ltr'><strong>colere</strong></span> <span class='ocrx_word' id='word_1_405' title='bbox 2584 1674 2638 1718; x_wconf 90' lang='lat' dir='ltr'><strong>et</strong></span> <span class='ocrx_word' id='word_1_406' title='bbox 2671 1664 2850 1720; x_wconf 74' lang='lat' dir='ltr'><strong>fcedus</strong></span> <span class='ocrx_word' id='word_1_407' title='bbox 2905 1681 3030 1720; x_wconf 90' lang='lat' dir='ltr'><strong>cum</strong></span> <span class='ocrx_word' id='word_1_408' title='bbox 3062 1667 3354 1723; x_wconf 84' lang='lat' dir='ltr'><strong>demortuo</strong></span> <span class='ocrx_word' id='word_1_409' title='bbox 3377 1670 3482 1724; x_wconf 82' lang='lat' dir='ltr'><strong>im-</strong></span> 
     </span>
    </p>
   </div>
   <div class='ocr_carea' id='block_1_60' title="bbox 1913 1753 3484 1821">
    <p class='ocr_par' dir='ltr' id='par_1_60' title="bbox 1913 1753 3484 1821">
     <span class='ocr_line' id='line_1_60' title="bbox 1913 1753 3484 1821; baseline 0.006 -16"><span class='ocrx_word' id='word_1_410' title='bbox 1913 1761 2163 1821; x_wconf 88' lang='lat' dir='ltr'><strong>peratore</strong></span> <span class='ocrx_word' id='word_1_411' title='bbox 2189 1753 2464 1808; x_wconf 87' lang='lat' dir='ltr'><strong>sancitum</strong></span> <span class='ocrx_word' id='word_1_412' title='bbox 2515 1769 2844 1810; x_wconf 85' lang='lat' dir='ltr'><strong>conservare</strong></span> <span class='ocrx_word' id='word_1_413' title='bbox 2885 1756 3195 1820; x_wconf 88' lang='lat' dir='ltr'><strong>volueritis.</strong></span> <span class='ocrx_word' id='word_1_414' title='bbox 3249 1773 3352 1815; x_wconf 88' lang='lat' dir='ltr'><strong>nec</strong></span> <span class='ocrx_word' id='word_1_415' title='bbox 3382 1776 3484 1815; x_wconf 89' lang='lat' dir='ltr'><strong>nos</strong></span> 
     </span>
    </p>
   </div>
   <div class='ocr_carea' id='block_1_61' title="bbox 1912 1831 3480 1913">
    <p class='ocr_par' dir='ltr' id='par_1_61' title="bbox 1912 1831 3480 1913">
     <span class='ocr_line' id='line_1_61' title="bbox 1912 1831 3480 1913; baseline 0.005 -15"><span class='ocrx_word' id='word_1_416' title='bbox 1912 1844 2210 1913; x_wconf 85' lang='lat' dir='ltr'><strong>quidquam</strong></span> <span class='ocrx_word' id='word_1_417' title='bbox 2241 1846 2669 1902; x_wconf 89' lang='lat' dir='ltr'><strong>constitutorum</strong></span> <span class='ocrx_word' id='word_1_418' title='bbox 2703 1831 2949 1902; x_wconf 84' lang='lat' dir='ltr'><strong>volentes</strong></span> <span class='ocrx_word' id='word_1_419' title='bbox 2979 1851 3344 1906; x_wconf 86' lang='lat' dir='ltr'><strong>movebimus.</strong></span> <span class='ocrx_word' id='word_1_420' title='bbox 3379 1852 3480 1906; x_wconf 83' lang='lat' dir='ltr'><strong>Sin</strong></span> 
     </span>
    </p>
   </div>
   <div class='ocr_carea' id='block_1_62' title="bbox 1913 1934 3484 2006">
    <p class='ocr_par' dir='ltr' id='par_1_62' title="bbox 1913 1934 3484 2006">
     <span class='ocr_line' id='line_1_62' title="bbox 1913 1934 3484 2006; baseline 0.006 -21"><span class='ocrx_word' id='word_1_421' title='bbox 1913 1948 2010 1988; x_wconf 90' lang='lat' dir='ltr'><strong>vos</strong></span> <span class='ocrx_word' id='word_1_422' title='bbox 2035 1935 2190 2003; x_wconf 88' lang='lat' dir='ltr'><strong>prius</strong></span> <span class='ocrx_word' id='word_1_423' title='bbox 2221 1934 2289 1989; x_wconf 91' lang='lat' dir='ltr'><strong>ad</strong></span> <span class='ocrx_word' id='word_1_424' title='bbox 2333 1934 2536 1990; x_wconf 88' lang='lat' dir='ltr'><strong>bellum</strong></span> <span class='ocrx_word' id='word_1_425' title='bbox 2589 1938 2975 2006; x_wconf 88' lang='lat' dir='ltr'><strong>proruperitis.</strong></span> <span class='ocrx_word' id='word_1_426' title='bbox 3032 1939 3202 1994; x_wconf 89' lang='lat' dir='ltr'><strong>Deum</strong></span> <span class='ocrx_word' id='word_1_427' title='bbox 3256 1941 3484 1996; x_wconf 82' lang='lat' dir='ltr'><strong>sceleris</strong></span> 
     </span>
    </p>
   </div>
   <div class='ocr_carea' id='block_1_63' title="bbox 1913 2026 3485 2101">
    <p class='ocr_par' dir='ltr' id='par_1_63' title="bbox 1913 2026 3485 2101">
     <span class='ocr_line' id='line_1_63' title="bbox 1913 2026 3485 2101; baseline 0.006 -24"><span class='ocrx_word' id='word_1_428' title='bbox 1913 2026 2079 2079; x_wconf 86' lang='lat' dir='ltr'><strong>vestri</strong></span> <span class='ocrx_word' id='word_1_429' title='bbox 2119 2035 2312 2081; x_wconf 90' lang='lat' dir='ltr'><strong>testem</strong></span> <span class='ocrx_word' id='word_1_430' title='bbox 2363 2027 2688 2082; x_wconf 88' lang='lat' dir='ltr'><strong>adhibentes</strong></span> <span class='ocrx_word' id='word_1_431' title='bbox 2713 2065 2730 2090; x_wconf 88' lang='lat'><strong>,</strong></span> <span class='ocrx_word' id='word_1_432' title='bbox 2760 2044 2924 2099; x_wconf 89' lang='lat' dir='ltr'><strong>quem</strong></span> <span class='ocrx_word' id='word_1_433' title='bbox 2955 2043 3050 2084; x_wconf 84' lang='lat' dir='ltr'><strong>vos</strong></span> <span class='ocrx_word' id='word_1_434' title='bbox 3101 2032 3204 2086; x_wconf 87' lang='lat' dir='ltr'><strong>ista</strong></span> <span class='ocrx_word' id='word_1_435' title='bbox 3259 2032 3485 2101; x_wconf 83' lang='lat' dir='ltr'><strong>perﬁdia</strong></span> 
     </span>
    </p>
   </div>
   <div class='ocr_carea' id='block_1_64' title="bbox 1913 2114 3485 2190">
    <p class='ocr_par' dir='ltr' id='par_1_64' title="bbox 1913 2114 3485 2190">
     <span class='ocr_line' id='line_1_64' title="bbox 1913 2114 3485 2190; baseline 0.006 -22"><span class='ocrx_word' id='word_1_436' title='bbox 1913 2114 2133 2182; x_wconf 69' lang='lat' dir='ltr'><strong>laedilis,</strong></span> <span class='ocrx_word' id='word_1_437' title='bbox 2163 2116 2488 2172; x_wconf 87' lang='lat' dir='ltr'><strong>docebimus</strong></span> <span class='ocrx_word' id='word_1_438' title='bbox 2533 2133 2631 2171; x_wconf 89' lang='lat' dir='ltr'><strong>vos</strong></span> <span class='ocrx_word' id='word_1_439' title='bbox 2663 2134 2773 2172; x_wconf 92' lang='lat' dir='ltr'><strong>non</strong></span> <span class='ocrx_word' id='word_1_440' title='bbox 2809 2120 2948 2174; x_wconf 91' lang='lat' dir='ltr'><strong>ultra</strong></span> <span class='ocrx_word' id='word_1_441' title='bbox 2979 2135 3143 2190; x_wconf 89' lang='lat' dir='ltr'><strong>quam</strong></span> <span class='ocrx_word' id='word_1_442' title='bbox 3188 2121 3348 2176; x_wconf 91' lang='lat' dir='ltr'><strong>decet</strong></span> <span class='ocrx_word' id='word_1_443' title='bbox 3393 2138 3485 2178; x_wconf 88' lang='lat' dir='ltr'><strong>sa-</strong></span> 
     </span>
    </p>
   </div>
   <div class='ocr_carea' id='block_1_65' title="bbox 1916 2206 3485 2273">
    <p class='ocr_par' dir='ltr' id='par_1_65' title="bbox 1916 2206 3485 2273">
     <span class='ocr_line' id='line_1_65' title="bbox 1916 2206 3485 2273; baseline 0.005 -16"><span class='ocrx_word' id='word_1_444' title='bbox 1916 2219 2046 2273; x_wconf 89' lang='lat' dir='ltr'><strong>pere</strong></span> <span class='ocrx_word' id='word_1_445' title='bbox 2076 2222 2090 2258; x_wconf 89' lang='lat'><strong>:</strong></span> <span class='ocrx_word' id='word_1_446' title='bbox 2122 2215 2177 2260; x_wconf 91' lang='lat' dir='ltr'><strong>et</strong></span> <span class='ocrx_word' id='word_1_447' title='bbox 2203 2207 2287 2260; x_wconf 88' lang='lat' dir='ltr'><strong>vel</strong></span> <span class='ocrx_word' id='word_1_448' title='bbox 2316 2206 2571 2262; x_wconf 88' lang='lat' dir='ltr'><strong>Sismano</strong></span> <span class='ocrx_word' id='word_1_449' title='bbox 2624 2208 2941 2262; x_wconf 80' lang='lat' dir='ltr'><strong>triremibus</strong></span> <span class='ocrx_word' id='word_1_450' title='bbox 2977 2221 3129 2265; x_wconf 83' lang='lat' dir='ltr'><strong>trans</strong></span> <span class='ocrx_word' id='word_1_451' title='bbox 3164 2210 3360 2264; x_wconf 90' lang='lat' dir='ltr'><strong>Istrum</strong></span> <span class='ocrx_word' id='word_1_452' title='bbox 3391 2211 3485 2265; x_wconf 88' lang='lat' dir='ltr'><strong>Bi-</strong></span> 
     </span>
    </p>
   </div>
   <div class='ocr_carea' id='block_1_66' title="bbox 1913 2293 3488 2365">
    <p class='ocr_par' dir='ltr' id='par_1_66' title="bbox 1913 2293 3488 2365">
     <span class='ocr_line' id='line_1_66' title="bbox 1913 2293 3488 2365; baseline 0.004 -19"><span class='ocrx_word' id='word_1_453' title='bbox 1913 2293 2089 2348; x_wconf 91' lang='lat' dir='ltr'><strong>denen</strong></span> <span class='ocrx_word' id='word_1_454' title='bbox 2120 2295 2409 2365; x_wconf 90' lang='lat' dir='ltr'><strong>deportato</strong></span> <span class='ocrx_word' id='word_1_455' title='bbox 2439 2297 2644 2351; x_wconf 85' lang='lat' dir='ltr'><strong>bellum</strong></span> <span class='ocrx_word' id='word_1_456' title='bbox 2692 2297 2852 2352; x_wconf 89' lang='lat' dir='ltr'><strong>civile</strong></span> <span class='ocrx_word' id='word_1_457' title='bbox 2878 2299 3022 2353; x_wconf 90' lang='lat' dir='ltr'><strong>inter</strong></span> <span class='ocrx_word' id='word_1_458' title='bbox 3050 2314 3170 2361; x_wconf 76' lang='lat' dir='ltr'><strong>vos</strong></span> <span class='ocrx_word' id='word_1_459' title='bbox 3196 2299 3488 2355; x_wconf 89' lang='lat' dir='ltr'><strong>suscitabi-</strong></span> 
     </span>
    </p>
   </div>
   <div class='ocr_carea' id='block_1_67' title="bbox 1918 2383 3485 2461">
    <p class='ocr_par' dir='ltr' id='par_1_67' title="bbox 1918 2383 3485 2461">
     <span class='ocr_line' id='line_1_67' title="bbox 1918 2383 3485 2461; baseline 0.006 -24"><span class='ocrx_word' id='word_1_460' title='bbox 1918 2398 2043 2438; x_wconf 90' lang='lat' dir='ltr'><strong>mus</strong></span> <span class='ocrx_word' id='word_1_461' title='bbox 2079 2383 2211 2456; x_wconf 92' lang='lat' dir='ltr'><strong>(non</strong></span> <span class='ocrx_word' id='word_1_462' title='bbox 2244 2385 2390 2440; x_wconf 90' lang='lat' dir='ltr'><strong>enim</strong></span> <span class='ocrx_word' id='word_1_463' title='bbox 2446 2388 2697 2454; x_wconf 87' lang='lat' dir='ltr'><strong>nescitis,</strong></span> <span class='ocrx_word' id='word_1_464' title='bbox 2734 2387 2934 2444; x_wconf 70' lang='lat' dir='ltr'><strong>Mtesos</strong></span> <span class='ocrx_word' id='word_1_465' title='bbox 2979 2405 3228 2460; x_wconf 73' lang='lat' dir='ltr'><strong>magnam</strong></span> <span class='ocrx_word' id='word_1_466' title='bbox 3274 2400 3485 2461; x_wconf 87' lang='lat' dir='ltr'><strong>partem</strong></span> 
     </span>
    </p>
   </div>
   <div class='ocr_carea' id='block_1_68' title="bbox 1915 2475 3485 2552">
    <p class='ocr_par' dir='ltr' id='par_1_68' title="bbox 1915 2475 3485 2552">
     <span class='ocr_line' id='line_1_68' title="bbox 1915 2475 3485 2552; baseline 0.006 -24"><span class='ocrx_word' id='word_1_467' title='bbox 1915 2475 1984 2528; x_wconf 91' lang='lat' dir='ltr'><strong>ob</strong></span> <span class='ocrx_word' id='word_1_468' title='bbox 2049 2475 2304 2531; x_wconf 62' lang='lat' dir='ltr'><strong>amicitiae</strong></span> <span class='ocrx_word' id='word_1_469' title='bbox 2349 2485 2675 2532; x_wconf 82' lang='lat' dir='ltr'><strong>vetustatem</strong></span> <span class='ocrx_word' id='word_1_470' title='bbox 2724 2480 3217 2550; x_wconf 84' lang='lat' dir='ltr'><strong>cognationemque</strong></span> <span class='ocrx_word' id='word_1_471' title='bbox 3264 2484 3485 2552; x_wconf 75' lang='lat' dir='ltr'><strong>generis</strong></span> 
     </span>
    </p>
   </div>
   <div class='ocr_carea' id='block_1_69' title="bbox 1920 2555 3485 2641">
    <p class='ocr_par' dir='ltr' id='par_1_69' title="bbox 1920 2555 3485 2641">
     <span class='ocr_line' id='line_1_69' title="bbox 1920 2555 3485 2641; baseline 0.004 -21"><span class='ocrx_word' id='word_1_472' title='bbox 1920 2565 1988 2620; x_wconf 91' lang='lat' dir='ltr'><strong>ad</strong></span> <span class='ocrx_word' id='word_1_473' title='bbox 2019 2582 2144 2622; x_wconf 90' lang='lat' dir='ltr'><strong>eum</strong></span> <span class='ocrx_word' id='word_1_474' title='bbox 2178 2555 2601 2635; x_wconf 41' lang='lat' dir='ltr'><strong>defecturos)&#39;et</strong></span> <span class='ocrx_word' id='word_1_475' title='bbox 2628 2569 2995 2624; x_wconf 76' lang='lat' dir='ltr'><strong>Alexandrum</strong></span> <span class='ocrx_word' id='word_1_476' title='bbox 3042 2586 3211 2641; x_wconf 78' lang='lat' dir='ltr'><strong>regno</strong></span> <span class='ocrx_word' id='word_1_477' title='bbox 3260 2573 3485 2641; x_wconf 81' lang='lat' dir='ltr'><strong>penitus</strong></span> 
     </span>
    </p>
   </div>
   <div class='ocr_carea' id='block_1_70' title="bbox 1915 2649 3478 2732">
    <p class='ocr_par' dir='ltr' id='par_1_70' title="bbox 1915 2649 3478 2732">
     <span class='ocr_line' id='line_1_70' title="bbox 1915 2649 3478 2732; baseline 0.006 -22"><span class='ocrx_word' id='word_1_478' title='bbox 1915 2658 2354 2722; x_wconf 80' lang='lat' dir='ltr'><strong>exturbabimus,</strong></span> <span class='ocrx_word' id='word_1_479' title='bbox 2388 2671 2482 2713; x_wconf 87' lang='lat' dir='ltr'><strong>aut</strong></span> <span class='ocrx_word' id='word_1_480' title='bbox 2515 2671 2663 2714; x_wconf 92' lang='lat' dir='ltr'><strong>certe</strong></span> <span class='ocrx_word' id='word_1_481' title='bbox 2695 2677 2803 2715; x_wconf 90' lang='lat' dir='ltr'><strong>non</strong></span> <span class='ocrx_word' id='word_1_482' title='bbox 2832 2662 3044 2732; x_wconf 76' lang='lat' dir='ltr'><strong>exiguis</strong></span> <span class='ocrx_word' id='word_1_483' title='bbox 3069 2649 3204 2717; x_wconf 85' lang='lat' dir='ltr'><strong>eum</strong></span> <span class='ocrx_word' id='word_1_484' title='bbox 3225 2664 3478 2720; x_wconf 85' lang='lat' dir='ltr'><strong>cladibus</strong></span> 
     </span>
    </p>
   </div>
   <div class='ocr_carea' id='block_1_71' title="bbox 1917 2746 3487 2822">
    <p class='ocr_par' dir='ltr' id='par_1_71' title="bbox 1917 2746 3487 2822">
     <span class='ocr_line' id='line_1_71' title="bbox 1917 2746 3487 2822; baseline 0.005 -22"><span class='ocrx_word' id='word_1_485' title='bbox 1917 2746 2254 2815; x_wconf 80' lang='lat' dir='ltr'><strong>aiiiciemus;</strong></span> <span class='ocrx_word' id='word_1_486' title='bbox 2285 2749 2372 2803; x_wconf 86' lang='lat' dir='ltr'><strong>vel</strong></span> <span class='ocrx_word' id='word_1_487' title='bbox 2401 2749 2446 2803; x_wconf 95' lang='lat' dir='ltr'><strong>si</strong></span> <span class='ocrx_word' id='word_1_488' title='bbox 2479 2749 2584 2804; x_wconf 92' lang='lat' dir='ltr'><strong>hoc</strong></span> <span class='ocrx_word' id='word_1_489' title='bbox 2633 2766 2742 2804; x_wconf 91' lang='lat' dir='ltr'><strong>non</strong></span> <span class='ocrx_word' id='word_1_490' title='bbox 2778 2750 3124 2820; x_wconf 88' lang='lat' dir='ltr'><strong>probabitur,</strong></span> <span class='ocrx_word' id='word_1_491' title='bbox 3171 2754 3300 2822; x_wconf 85' lang='lat' dir='ltr'><strong>quia</strong></span> <span class='ocrx_word' id='word_1_492' title='bbox 3327 2754 3487 2808; x_wconf 84' lang='lat' dir='ltr'><strong>infir-</strong></span> 
     </span>
    </p>
   </div>
   <div class='ocr_carea' id='block_1_72' title="bbox 1915 2837 3464 2913">
    <p class='ocr_par' dir='ltr' id='par_1_72' title="bbox 1915 2837 3464 2913">
     <span class='ocr_line' id='line_1_72' title="bbox 1915 2837 3464 2913; baseline 0.006 -23"><span class='ocrx_word' id='word_1_493' title='bbox 1915 2837 2058 2891; x_wconf 89' lang='lat' dir='ltr'><strong>mius</strong></span> <span class='ocrx_word' id='word_1_494' title='bbox 2082 2837 2206 2900; x_wconf 90' lang='lat' dir='ltr'><strong>erit,</strong></span> <span class='ocrx_word' id='word_1_495' title='bbox 2237 2853 2399 2908; x_wconf 86' lang='lat' dir='ltr'><strong>quam</strong></span> <span class='ocrx_word' id='word_1_496' title='bbox 2431 2853 2532 2907; x_wconf 91' lang='lat' dir='ltr'><strong>pro</strong></span> <span class='ocrx_word' id='word_1_497' title='bbox 2564 2839 2643 2893; x_wconf 90' lang='lat' dir='ltr'><strong>rei</strong></span> <span class='ocrx_word' id='word_1_498' title='bbox 2681 2839 2995 2895; x_wconf 87' lang='lat' dir='ltr'><strong>conditione</strong></span> <span class='ocrx_word' id='word_1_499' title='bbox 3027 2844 3312 2904; x_wconf 80' lang='lat' dir='ltr'><strong>auxilium,</strong></span> <span class='ocrx_word' id='word_1_500' title='bbox 3337 2846 3464 2913; x_wconf 88' lang='lat' dir='ltr'><strong>equi</strong></span> 
     </span>
    </p>
   </div>
   <div class='ocr_carea' id='block_1_73' title="bbox 1917 2925 3488 2997">
    <p class='ocr_par' dir='ltr' id='par_1_73' title="bbox 1917 2925 3488 2997">
     <span class='ocr_line' id='line_1_73' title="bbox 1917 2925 3488 2997; baseline 0.005 -18"><span class='ocrx_word' id='word_1_501' title='bbox 1917 2925 2041 2981; x_wconf 89' lang='lat' dir='ltr'><strong>dem</strong></span> <span class='ocrx_word' id='word_1_502' title='bbox 2069 2943 2168 2997; x_wconf 79' lang='lat' dir='ltr'><strong>ego</strong></span> <span class='ocrx_word' id='word_1_503' title='bbox 2214 2929 2330 2997; x_wconf 87' lang='lat' dir='ltr'><strong>ipse</strong></span> <span class='ocrx_word' id='word_1_504' title='bbox 2367 2943 2490 2982; x_wconf 85' lang='lat' dir='ltr'><strong>cum</strong></span> <span class='ocrx_word' id='word_1_505' title='bbox 2523 2929 2768 2982; x_wconf 78' lang='lat' dir='ltr'><strong>Romano</strong></span> <span class='ocrx_word' id='word_1_506' title='bbox 2814 2930 3060 2983; x_wconf 76' lang='lat' dir='ltr'><strong>exercitu</strong></span> <span class='ocrx_word' id='word_1_507' title='bbox 3113 2947 3328 2986; x_wconf 89' lang='lat' dir='ltr'><strong>mecum</strong></span> <span class='ocrx_word' id='word_1_508' title='bbox 3373 2933 3488 2987; x_wconf 78' lang='lat' dir='ltr'><strong>Sis-</strong></span> 
     </span>
    </p>
   </div>
   <div class='ocr_carea' id='block_1_74' title="bbox 1920 3019 3489 3088">
    <p class='ocr_par' dir='ltr' id='par_1_74' title="bbox 1920 3019 3489 3088">
     <span class='ocr_line' id='line_1_74' title="bbox 1920 3019 3489 3088; baseline 0.004 -17"><span class='ocrx_word' id='word_1_509' title='bbox 1920 3033 2142 3072; x_wconf 89' lang='lat' dir='ltr'><strong>manum</strong></span> <span class='ocrx_word' id='word_1_510' title='bbox 2176 3019 2406 3081; x_wconf 86' lang='lat' dir='ltr'><strong>habens,</strong></span> <span class='ocrx_word' id='word_1_511' title='bbox 2443 3020 2496 3073; x_wconf 88' lang='lat' dir='ltr'><strong>in</strong></span> <span class='ocrx_word' id='word_1_512' title='bbox 2539 3034 2635 3073; x_wconf 91' lang='lat' dir='ltr'><strong>vos</strong></span> <span class='ocrx_word' id='word_1_513' title='bbox 2665 3023 2969 3088; x_wconf 87' lang='lat' dir='ltr'><strong>profectus,</strong></span> <span class='ocrx_word' id='word_1_514' title='bbox 3013 3023 3280 3076; x_wconf 88' lang='lat' dir='ltr'><strong>acerrime</strong></span> <span class='ocrx_word' id='word_1_515' title='bbox 3304 3022 3489 3078; x_wconf 82' lang='lat' dir='ltr'><strong>vobis-</strong></span> 
     </span>
    </p>
   </div>
   <div class='ocr_carea' id='block_1_75' title="bbox 1918 3107 3494 3184">
    <p class='ocr_par' dir='ltr' id='par_1_75' title="bbox 1918 3107 3494 3184">
     <span class='ocr_line' id='line_1_75' title="bbox 1918 3107 3494 3184; baseline 0.005 -22"><span class='ocrx_word' id='word_1_516' title='bbox 1918 3124 2040 3164; x_wconf 89' lang='lat' dir='ltr'><strong>cum</strong></span> <span class='ocrx_word' id='word_1_517' title='bbox 2073 3107 2469 3177; x_wconf 83' lang='lat' dir='ltr'><strong>depraeliabor;</strong></span> <span class='ocrx_word' id='word_1_518' title='bbox 2510 3109 2670 3179; x_wconf 82' lang='lat'><strong>373</strong></span> <span class='ocrx_word' id='word_1_519' title='bbox 2707 3124 2812 3162; x_wconf 92' lang='lat' dir='ltr'><strong>non</strong></span> <span class='ocrx_word' id='word_1_520' title='bbox 2840 3111 3014 3164; x_wconf 91' lang='lat' dir='ltr'><strong>solum</strong></span> <span class='ocrx_word' id='word_1_521' title='bbox 3046 3121 3105 3165; x_wconf 92' lang='lat' dir='ltr'><strong>ut</strong></span> <span class='ocrx_word' id='word_1_522' title='bbox 3135 3128 3164 3165; x_wconf 90' lang='lat' dir='ltr'><strong>a</strong></span> <span class='ocrx_word' id='word_1_523' title='bbox 3191 3113 3494 3184; x_wconf 74' lang='lat' dir='ltr'><strong>faedifragis</strong></span> 
     </span>
    </p>
   </div>
   <div class='ocr_carea' id='block_1_76' title="bbox 1918 3199 3496 3270">
    <p class='ocr_par' dir='ltr' id='par_1_76' title="bbox 1918 3199 3496 3270">
     <span class='ocr_line' id='line_1_76' title="bbox 1918 3199 3496 3270; baseline 0.002 -16"><span class='ocrx_word' id='word_1_524' title='bbox 1918 3200 2032 3269; x_wconf 82' lang='lat' dir='ltr'><strong>ipse</strong></span> <span class='ocrx_word' id='word_1_525' title='bbox 2067 3199 2329 3264; x_wconf 80' lang='lat' dir='ltr'><strong>offensus,</strong></span> <span class='ocrx_word' id='word_1_526' title='bbox 2349 3201 2442 3253; x_wconf 89' lang='lat' dir='ltr'><strong>sed</strong></span> <span class='ocrx_word' id='word_1_527' title='bbox 2481 3211 2536 3254; x_wconf 91' lang='lat' dir='ltr'><strong>et</strong></span> <span class='ocrx_word' id='word_1_528' title='bbox 2568 3201 2755 3268; x_wconf 91' lang='lat' dir='ltr'><strong>inique</strong></span> <span class='ocrx_word' id='word_1_529' title='bbox 2773 3199 2972 3253; x_wconf 88' lang='lat' dir='ltr'><strong>violato</strong></span> <span class='ocrx_word' id='word_1_530' title='bbox 2990 3216 3146 3270; x_wconf 91' lang='lat' dir='ltr'><strong>opem</strong></span> <span class='ocrx_word' id='word_1_531' title='bbox 3169 3201 3376 3268; x_wconf 89' lang='lat' dir='ltr'><strong>ferens,</strong></span> <span class='ocrx_word' id='word_1_532' title='bbox 3398 3218 3496 3257; x_wconf 82' lang='lat' dir='ltr'><strong>vo-</strong></span> 
     </span>
    </p>
   </div>
   <div class='ocr_carea' id='block_1_77' title="bbox 1920 3289 3554 3360">
    <p class='ocr_par' dir='ltr' id='par_1_77' title="bbox 1920 3289 3554 3360">
     <span class='ocr_line' id='line_1_77' title="bbox 1920 3289 3554 3360; baseline 0.002 -14"><span class='ocrx_word' id='word_1_533' title='bbox 1920 3291 2155 3355; x_wconf 59' lang='lat' dir='ltr'><strong>bisi&#39;um,</strong></span> <span class='ocrx_word' id='word_1_534' title='bbox 2192 3291 2435 3360; x_wconf 88' lang='lat' dir='ltr'><strong>inquam,</strong></span> <span class='ocrx_word' id='word_1_535' title='bbox 2467 3291 2560 3359; x_wconf 90' lang='lat' dir='ltr'><strong>qui</strong></span> <span class='ocrx_word' id='word_1_536' title='bbox 2617 3291 2949 3346; x_wconf 81' lang='lat' dir='ltr'><strong>factionibus</strong></span> <span class='ocrx_word' id='word_1_537' title='bbox 2995 3293 3346 3358; x_wconf 89' lang='lat' dir='ltr'><strong>dissidentes,</strong></span> <span class='ocrx_word' id='word_1_538' title='bbox 3397 3295 3491 3350; x_wconf 85' lang='lat' dir='ltr'><strong>alii</strong></span> <span class='ocrx_word' id='word_1_539' title='bbox 3521 3289 3554 3329; x_wconf 79' lang='grc'><strong><em>⁸</em></strong></span> 
     </span>
    </p>
   </div>
   <div class='ocr_carea' id='block_1_78' title="bbox 1918 3380 3488 3443">
    <p class='ocr_par' dir='ltr' id='par_1_78' title="bbox 1918 3380 3488 3443">
     <span class='ocr_line' id='line_1_78' title="bbox 1918 3380 3488 3443; baseline 0.003 -9"><span class='ocrx_word' id='word_1_540' title='bbox 1918 3380 2228 3434; x_wconf 81' lang='lat' dir='ltr'><strong>Alexandro</strong></span> <span class='ocrx_word' id='word_1_541' title='bbox 2258 3380 2629 3443; x_wconf 82' lang='lat' dir='ltr'><strong>adhaerebitis,</strong></span> <span class='ocrx_word' id='word_1_542' title='bbox 2675 3381 2767 3434; x_wconf 87' lang='lat' dir='ltr'><strong>alii</strong></span> <span class='ocrx_word' id='word_1_543' title='bbox 2801 3381 3068 3436; x_wconf 89' lang='lat' dir='ltr'><strong>libentius</strong></span> <span class='ocrx_word' id='word_1_544' title='bbox 3101 3384 3169 3437; x_wconf 91' lang='lat' dir='ltr'><strong>ab</strong></span> <span class='ocrx_word' id='word_1_545' title='bbox 3201 3399 3267 3438; x_wconf 92' lang='lat' dir='ltr'><strong>eo</strong></span> <span class='ocrx_word' id='word_1_546' title='bbox 3299 3385 3488 3439; x_wconf 78' lang='lat' dir='ltr'><strong>disce-</strong></span> 
     </span>
    </p>
   </div>
   <div class='ocr_carea' id='block_1_79' title="bbox 1921 3470 3494 3541">
    <p class='ocr_par' dir='ltr' id='par_1_79' title="bbox 1921 3470 3494 3541">
     <span class='ocr_line' id='line_1_79' title="bbox 1921 3470 3494 3541; baseline 0.001 -16"><span class='ocrx_word' id='word_1_547' title='bbox 1921 3472 2129 3534; x_wconf 89' lang='lat' dir='ltr'><strong>dentes,</strong></span> <span class='ocrx_word' id='word_1_548' title='bbox 2160 3486 2282 3524; x_wconf 86' lang='lat' dir='ltr'><strong>cum</strong></span> <span class='ocrx_word' id='word_1_549' title='bbox 2323 3470 2571 3524; x_wconf 88' lang='lat' dir='ltr'><strong>Sismano</strong></span> <span class='ocrx_word' id='word_1_550' title='bbox 2606 3486 2702 3526; x_wconf 88' lang='lat' dir='ltr'><strong>vos</strong></span> <span class='ocrx_word' id='word_1_551' title='bbox 2751 3473 3118 3541; x_wconf 79' lang='lat' dir='ltr'><strong>conjungetis,</strong></span> <span class='ocrx_word' id='word_1_552' title='bbox 3150 3473 3298 3541; x_wconf 90' lang='lat' dir='ltr'><strong>quod</strong></span> <span class='ocrx_word' id='word_1_553' title='bbox 3350 3488 3381 3526; x_wconf 93' lang='lat' dir='ltr'><strong>e</strong></span> <span class='ocrx_word' id='word_1_554' title='bbox 3433 3489 3494 3527; x_wconf 84' lang='lat' dir='ltr'><strong>re</strong></span> 
     </span>
    </p>
   </div>
   <div class='ocr_carea' id='block_1_80' title="bbox 1921 3562 3492 3630">
    <p class='ocr_par' dir='ltr' id='par_1_80' title="bbox 1921 3562 3492 3630">
     <span class='ocr_line' id='line_1_80' title="bbox 1921 3562 3492 3630; baseline 0.002 -15"><span class='ocrx_word' id='word_1_555' title='bbox 1921 3571 2098 3615; x_wconf 83' lang='lat' dir='ltr'><strong>vestra</strong></span> <span class='ocrx_word' id='word_1_556' title='bbox 2130 3562 2372 3614; x_wconf 88' lang='lat' dir='ltr'><strong>futurum</strong></span> <span class='ocrx_word' id='word_1_557' title='bbox 2405 3576 2517 3614; x_wconf 92' lang='lat' dir='ltr'><strong>non</strong></span> <span class='ocrx_word' id='word_1_558' title='bbox 2567 3563 2840 3616; x_wconf 82' lang='lat' dir='ltr'><strong>existimo.</strong></span> <span class='ocrx_word' id='word_1_559' title='bbox 2893 3563 3006 3630; x_wconf 81' lang='lat' dir='ltr'><strong>Ego</strong></span> <span class='ocrx_word' id='word_1_560' title='bbox 3037 3576 3164 3616; x_wconf 84' lang='lat' dir='ltr'><strong>vero</strong></span> <span class='ocrx_word' id='word_1_561' title='bbox 3223 3573 3279 3618; x_wconf 89' lang='lat' dir='ltr'><strong>et</strong></span> <span class='ocrx_word' id='word_1_562' title='bbox 3329 3564 3492 3618; x_wconf 89' lang='lat' dir='ltr'><strong>aliam</strong></span> 
     </span>
    </p>
   </div>
   <div class='ocr_carea' id='block_1_81' title="bbox 1887 3651 3492 3721">
    <p class='ocr_par' dir='ltr' id='par_1_81' title="bbox 1887 3651 3492 3721">
     <span class='ocr_line' id='line_1_81' title="bbox 1887 3651 3492 3721; baseline 0.002 -15"><span class='ocrx_word' id='word_1_563' title='bbox 1887 3652 2051 3706; x_wconf 77' lang='lat' dir='ltr'><strong>&quot;belli</strong></span> <span class='ocrx_word' id='word_1_564' title='bbox 2078 3652 2244 3712; x_wconf 82' lang='lat' dir='ltr'><strong>viam,</strong></span> <span class='ocrx_word' id='word_1_565' title='bbox 2278 3667 2380 3719; x_wconf 81' lang='lat' dir='ltr'><strong>qua</strong></span> <span class='ocrx_word' id='word_1_566' title='bbox 2412 3651 2691 3721; x_wconf 75' lang='lat' dir='ltr'><strong>regionem</strong></span> <span class='ocrx_word' id='word_1_567' title='bbox 2720 3663 2956 3710; x_wconf 88' lang='lat' dir='ltr'><strong>vestram</strong></span> <span class='ocrx_word' id='word_1_568' title='bbox 2990 3653 3239 3708; x_wconf 82' lang='lat' dir='ltr'><strong>infestam</strong></span> <span class='ocrx_word' id='word_1_569' title='bbox 3267 3653 3492 3718; x_wconf 82' lang='lat' dir='ltr'><strong>habere,</strong></span> 
     </span>
    </p>
   </div>
   <div class='ocr_carea' id='block_1_82' title="bbox 1925 3743 3492 3810">
    <p class='ocr_par' dir='ltr' id='par_1_82' title="bbox 1925 3743 3492 3810">
     <span class='ocr_line' id='line_1_82' title="bbox 1925 3743 3492 3810; baseline 0.003 -15"><span class='ocrx_word' id='word_1_570' title='bbox 1925 3751 2173 3796; x_wconf 90' lang='lat' dir='ltr'><strong>nostram</strong></span> <span class='ocrx_word' id='word_1_571' title='bbox 2212 3751 2382 3806; x_wconf 78' lang='lat' dir='ltr'><strong>tutam</strong></span> <span class='ocrx_word' id='word_1_572' title='bbox 2426 3750 2687 3810; x_wconf 78' lang='lat' dir='ltr'><strong>praestare</strong></span> <span class='ocrx_word' id='word_1_573' title='bbox 2725 3743 2936 3807; x_wconf 89' lang='lat' dir='ltr'><strong>licebit,</strong></span> <span class='ocrx_word' id='word_1_574' title='bbox 2976 3758 3083 3796; x_wconf 91' lang='lat' dir='ltr'><strong>non</strong></span> <span class='ocrx_word' id='word_1_575' title='bbox 3120 3759 3218 3798; x_wconf 90' lang='lat' dir='ltr'><strong>vos</strong></span> <span class='ocrx_word' id='word_1_576' title='bbox 3253 3745 3442 3799; x_wconf 89' lang='lat' dir='ltr'><strong>celabo</strong></span> <span class='ocrx_word' id='word_1_577' title='bbox 3475 3763 3492 3800; x_wconf 89' lang='lat'><strong>:</strong></span> 
     </span>
    </p>
   </div>
   <div class='ocr_carea' id='block_1_83' title="bbox 1927 3832 3496 3902">
    <p class='ocr_par' dir='ltr' id='par_1_83' title="bbox 1927 3832 3496 3902">
     <span class='ocr_line' id='line_1_83' title="bbox 1927 3832 3496 3902; baseline 0.002 -16"><span class='ocrx_word' id='word_1_578' title='bbox 1927 3844 1986 3886; x_wconf 91' lang='lat' dir='ltr'><strong>ut</strong></span> <span class='ocrx_word' id='word_1_579' title='bbox 2017 3832 2360 3887; x_wconf 81' lang='lat' dir='ltr'><strong>atrocissime</strong></span> <span class='ocrx_word' id='word_1_580' title='bbox 2414 3832 2630 3885; x_wconf 89' lang='lat' dir='ltr'><strong>multati</strong></span> <span class='ocrx_word' id='word_1_581' title='bbox 2665 3833 2777 3899; x_wconf 77' lang='lat'><strong>(99)</strong></span> <span class='ocrx_word' id='word_1_582' title='bbox 2800 3874 2814 3896; x_wconf 91' lang='lat'><strong>,</strong></span> <span class='ocrx_word' id='word_1_583' title='bbox 2846 3835 3211 3902; x_wconf 86' lang='lat' dir='ltr'><strong>vosmetipsos</strong></span> <span class='ocrx_word' id='word_1_584' title='bbox 3241 3849 3303 3887; x_wconf 82' lang='lat' dir='ltr'><strong>ea</strong></span> <span class='ocrx_word' id='word_1_585' title='bbox 3356 3835 3496 3889; x_wconf 87' lang='lat' dir='ltr'><strong>mala</strong></span> 
     </span>
    </p>
   </div>
   <div class='ocr_carea' id='block_1_84' title="bbox 1928 3923 3499 3989">
    <p class='ocr_par' dir='ltr' id='par_1_84' title="bbox 1928 3923 3499 3989">
     <span class='ocr_line' id='line_1_84' title="bbox 1928 3923 3499 3989; baseline 0.001 -14"><span class='ocrx_word' id='word_1_586' title='bbox 1928 3924 2082 3977; x_wconf 81' lang='lat' dir='ltr'><strong>vobis</strong></span> <span class='ocrx_word' id='word_1_587' title='bbox 2116 3924 2392 3978; x_wconf 86' lang='lat' dir='ltr'><strong>intrivisse</strong></span> <span class='ocrx_word' id='word_1_588' title='bbox 2426 3923 2754 3989; x_wconf 77' lang='lat' dir='ltr'><strong>agnoscatis.</strong></span> <span class='ocrx_word' id='word_1_589' title='bbox 2820 3924 3036 3977; x_wconf 89' lang='lat' dir='ltr'><strong>Etenim</strong></span> <span class='ocrx_word' id='word_1_590' title='bbox 3070 3925 3330 3978; x_wconf 84' lang='lat' dir='ltr'><strong>Amurius</strong></span> <span class='ocrx_word' id='word_1_591' title='bbox 3360 3926 3499 3979; x_wconf 84' lang='lat' dir='ltr'><strong>Aiti—</strong></span> 
     </span>
    </p>
   </div>
   <div class='ocr_carea' id='block_1_85' title="bbox 1929 4010 3499 4082">
    <p class='ocr_par' dir='ltr' id='par_1_85' title="bbox 1929 4010 3499 4082">
     <span class='ocr_line' id='line_1_85' title="bbox 1929 4010 3499 4082; baseline 0.002 -16"><span class='ocrx_word' id='word_1_592' title='bbox 1929 4027 2010 4066; x_wconf 70' lang='lat' dir='ltr'><strong>nae</strong></span> <span class='ocrx_word' id='word_1_593' title='bbox 2041 4011 2186 4066; x_wconf 77' lang='lat' dir='ltr'><strong>illius</strong></span> <span class='ocrx_word' id='word_1_594' title='bbox 2218 4021 2557 4080; x_wconf 83' lang='lat' dir='ltr'><strong>satraparum</strong></span> <span class='ocrx_word' id='word_1_595' title='bbox 2587 4010 2730 4066; x_wconf 77' lang='lat' dir='ltr'><strong>Asia:</strong></span> <span class='ocrx_word' id='word_1_596' title='bbox 2751 4012 3227 4080; x_wconf 88' lang='lat' dir='ltr'><strong>opulentissimus,</strong></span> <span class='ocrx_word' id='word_1_597' title='bbox 3256 4029 3418 4082; x_wconf 90' lang='lat' dir='ltr'><strong>quem</strong></span> <span class='ocrx_word' id='word_1_598' title='bbox 3443 4025 3499 4069; x_wconf 94' lang='lat' dir='ltr'><strong>et</strong></span> 
     </span>
    </p>
   </div>
   <div class='ocr_carea' id='block_1_86' title="bbox 230 4100 1827 4178">
    <p class='ocr_par' dir='ltr' id='par_1_86' title="bbox 230 4100 1827 4178">
     <span class='ocr_line' id='line_1_86' title="bbox 230 4100 1827 4178; baseline -0.008 -16"><span class='ocrx_word' id='word_1_599' title='bbox 230 4110 525 4178; x_wconf 82' lang='grc' dir='ltr'>δούμενος</span> <span class='ocrx_word' id='word_1_600' title='bbox 547 4106 735 4172; x_wconf 74' lang='grc' dir='ltr'>αὐτὸς,</span> <span class='ocrx_word' id='word_1_601' title='bbox 767 4107 900 4158; x_wconf 79' lang='grc' dir='ltr'>ἀλλὰ</span> <span class='ocrx_word' id='word_1_602' title='bbox 931 4106 1024 4157; x_wconf 77' lang='grc' dir='ltr'>καὶ</span> <span class='ocrx_word' id='word_1_603' title='bbox 1064 4102 1408 4172; x_wconf 81' lang='grc' dir='ltr'>ἀδικουμένῳ</span> <span class='ocrx_word' id='word_1_604' title='bbox 1438 4100 1672 4172; x_wconf 84' lang='grc' dir='ltr'>βοηθῶν,</span> <span class='ocrx_word' id='word_1_605' title='bbox 1733 4100 1827 4151; x_wconf 73' lang='grc' dir='ltr'>καὶ</span> 
     </span>
    </p>
   </div>
   <div class='ocr_carea' id='block_1_87' title="bbox 230 4190 1825 4270">
    <p class='ocr_par' dir='ltr' id='par_1_87' title="bbox 230 4190 1825 4270">
     <span class='ocr_line' id='line_1_87' title="bbox 230 4190 1825 4270; baseline -0.007 -18"><span class='ocrx_word' id='word_1_606' title='bbox 230 4200 494 4270; x_wconf 78' lang='grc' dir='ltr'>προσέτι</span> <span class='ocrx_word' id='word_1_607' title='bbox 529 4211 591 4263; x_wconf 90' lang='grc' dir='ltr'><strong>γε</strong></span> <span class='ocrx_word' id='word_1_608' title='bbox 640 4195 991 4258; x_wconf 79' lang='grc' dir='ltr'>στασιάζουσι</span> <span class='ocrx_word' id='word_1_609' title='bbox 1017 4194 1150 4264; x_wconf 78' lang='grc' dir='ltr'>πρὸς</span> <span class='ocrx_word' id='word_1_610' title='bbox 1184 4193 1434 4256; x_wconf 78' lang='grc' dir='ltr'>ἑαυτοὺς,</span> <span class='ocrx_word' id='word_1_611' title='bbox 1466 4193 1558 4256; x_wconf 71' lang='grc' dir='ltr'>καὶ.</span> <span class='ocrx_word' id='word_1_612' title='bbox 1579 4191 1694 4252; x_wconf 86' lang='grc' dir='ltr'>τοῖς</span> <span class='ocrx_word' id='word_1_613' title='bbox 1725 4190 1825 4258; x_wconf 73' lang='grc' dir='ltr'>μὲν</span> 
     </span>
    </p>
   </div>
   <div class='ocr_carea' id='block_1_88' title="bbox 239 4283 1828 4358">
    <p class='ocr_par' dir='ltr' id='par_1_88' title="bbox 239 4283 1828 4358">
     <span class='ocr_line' id='line_1_88' title="bbox 239 4283 1828 4358; baseline -0.006 -13"><span class='ocrx_word' id='word_1_614' title='bbox 239 4289 614 4358; x_wconf 78' lang='grc' dir='ltr'>Ἀλεξάνδρῳ</span> <span class='ocrx_word' id='word_1_615' title='bbox 638 4307 673 4338; x_wconf 82' lang='grc' dir='ltr'><strong>τι</strong></span> <span class='ocrx_word' id='word_1_616' title='bbox 684 4289 1209 4358; x_wconf 83' lang='grc' dir='ltr'>ροσκειμένοις,τοῖς</span> <span class='ocrx_word' id='word_1_617' title='bbox 1235 4287 1291 4339; x_wconf 74' lang='grc' dir='ltr'>δὲ</span> <span class='ocrx_word' id='word_1_618' title='bbox 1321 4287 1470 4355; x_wconf 78' lang='grc' dir='ltr'>ἥδιον</span> <span class='ocrx_word' id='word_1_619' title='bbox 1498 4286 1564 4338; x_wconf 84' lang='grc' dir='ltr'><strong>ἂν</strong></span> <span class='ocrx_word' id='word_1_620' title='bbox 1589 4283 1828 4337; x_wconf 84' lang='grc' dir='ltr'>ἀπαλλα-</span> 
     </span>
    </p>
   </div>
   <div class='ocr_carea' id='block_1_89' title="bbox 1932 4102 3500 4174">
    <p class='ocr_par' dir='ltr' id='par_1_89' title="bbox 1932 4102 3500 4174">
     <span class='ocr_line' id='line_1_89' title="bbox 1932 4102 3500 4174; baseline 0.004 -20"><span class='ocrx_word' id='word_1_621' title='bbox 1932 4117 2026 4156; x_wconf 90' lang='lat' dir='ltr'><strong>vos</strong></span> <span class='ocrx_word' id='word_1_622' title='bbox 2050 4102 2116 4156; x_wconf 93' lang='lat' dir='ltr'><strong>de</strong></span> <span class='ocrx_word' id='word_1_623' title='bbox 2154 4104 2297 4156; x_wconf 91' lang='lat' dir='ltr'><strong>fama</strong></span> <span class='ocrx_word' id='word_1_624' title='bbox 2348 4103 2704 4172; x_wconf 78' lang='lat' dir='ltr'><strong>cognovistis,</strong></span> <span class='ocrx_word' id='word_1_625' title='bbox 2757 4118 2881 4157; x_wconf 91' lang='lat' dir='ltr'><strong>cum</strong></span> <span class='ocrx_word' id='word_1_626' title='bbox 2935 4102 3002 4158; x_wconf 93' lang='lat' dir='ltr'><strong>de</strong></span> <span class='ocrx_word' id='word_1_627' title='bbox 3048 4113 3226 4158; x_wconf 91' lang='lat' dir='ltr'><strong>morte</strong></span> <span class='ocrx_word' id='word_1_628' title='bbox 3261 4105 3500 4174; x_wconf 82' lang='lat' dir='ltr'><strong>impera-</strong></span> 
     </span>
    </p>
   </div>
   <div class='ocr_carea' id='block_1_90' title="bbox 1934 4194 3501 4269">
    <p class='ocr_par' dir='ltr' id='par_1_90' title="bbox 1934 4194 3501 4269">
     <span class='ocr_line' id='line_1_90' title="bbox 1934 4194 3501 4269; baseline 0.003 -24"><span class='ocrx_word' id='word_1_629' title='bbox 1934 4194 2067 4248; x_wconf 90' lang='lat' dir='ltr'><strong>toris</strong></span> <span class='ocrx_word' id='word_1_630' title='bbox 2093 4195 2412 4263; x_wconf 89' lang='lat' dir='ltr'><strong>accepisset,</strong></span> <span class='ocrx_word' id='word_1_631' title='bbox 2447 4203 2600 4248; x_wconf 90' lang='lat' dir='ltr'><strong>ratus</strong></span> <span class='ocrx_word' id='word_1_632' title='bbox 2646 4209 2705 4248; x_wconf 87' lang='lat' dir='ltr'><strong>se</strong></span> <span class='ocrx_word' id='word_1_633' title='bbox 2740 4195 3110 4269; x_wconf 81' lang='lat' dir='ltr'><strong>Romanorum</strong></span> <span class='ocrx_word' id='word_1_634' title='bbox 3139 4205 3314 4251; x_wconf 88' lang='lat' dir='ltr'><strong>terras</strong></span> <span class='ocrx_word' id='word_1_635' title='bbox 3346 4197 3501 4251; x_wconf 86' lang='lat' dir='ltr'><strong>facil-</strong></span> 
     </span>
    </p>
   </div>
   <div class='ocr_carea' id='block_1_91' title="bbox 1933 4287 3500 4356">
    <p class='ocr_par' dir='ltr' id='par_1_91' title="bbox 1933 4287 3500 4356">
     <span class='ocr_line' id='line_1_91' title="bbox 1933 4287 3500 4356; baseline 0.003 -17"><span class='ocrx_word' id='word_1_636' title='bbox 1933 4287 2060 4341; x_wconf 87' lang='lat' dir='ltr'><strong>lime</strong></span> <span class='ocrx_word' id='word_1_637' title='bbox 2085 4287 2551 4356; x_wconf 65' lang='lat' dir='ltr'><strong>deprwdaturnm,</strong></span> <span class='ocrx_word' id='word_1_638' title='bbox 2592 4287 2737 4356; x_wconf 89' lang='lat' dir='ltr'><strong>quod</strong></span> <span class='ocrx_word' id='word_1_639' title='bbox 2765 4288 2874 4356; x_wconf 87' lang='lat' dir='ltr'><strong>jam</strong></span> <span class='ocrx_word' id='word_1_640' title='bbox 2912 4297 3316 4356; x_wconf 80' lang='lat' dir='ltr'><strong>propugnatore</strong></span> <span class='ocrx_word' id='word_1_641' title='bbox 3346 4303 3500 4343; x_wconf 84' lang='lat' dir='ltr'><strong>care-</strong></span> 
     </span>
    </p>
   </div>
   <div class='ocr_carea' id='block_1_92' title="bbox 230 4373 1813 4452">
    <p class='ocr_par' dir='ltr' id='par_1_92' title="bbox 230 4373 1813 4452">
     <span class='ocr_line' id='line_1_92' title="bbox 230 4373 1813 4452; baseline -0.007 -19"><span class='ocrx_word' id='word_1_642' title='bbox 230 4381 510 4452; x_wconf 80' lang='grc' dir='ltr'>ξομένοις</span> <span class='ocrx_word' id='word_1_643' title='bbox 533 4376 626 4431; x_wconf 82' lang='grc' dir='ltr'>καὶ</span> <span class='ocrx_word' id='word_1_644' title='bbox 647 4377 780 4447; x_wconf 80' lang='grc' dir='ltr'>πρὸς</span> <span class='ocrx_word' id='word_1_645' title='bbox 797 4375 889 4435; x_wconf 75' lang='grc' dir='ltr'><strong>Σίσ</strong></span> <span class='ocrx_word' id='word_1_646' title='bbox 899 4391 1064 4446; x_wconf 88' lang='grc' dir='ltr'>μανον</span> <span class='ocrx_word' id='word_1_647' title='bbox 1082 4375 1552 4444; x_wconf 83' lang='grc' dir='ltr'>ἀποχωρήσουσιν,</span> <span class='ocrx_word' id='word_1_648' title='bbox 1574 4373 1708 4440; x_wconf 82' lang='grc' dir='ltr'>ὅπερ</span> <span class='ocrx_word' id='word_1_649' title='bbox 1731 4373 1813 4423; x_wconf 70' lang='grc' dir='ltr'>οὐ)</span> 
     </span>
    </p>
   </div>
   <div class='ocr_carea' id='block_1_93' title="bbox 1914 4373 3496 4452">
    <p class='ocr_par' dir='ltr' id='par_1_93' title="bbox 1939 4377 3496 4446">
     <span class='ocr_line' id='line_1_93' title="bbox 1939 4377 3496 4446; baseline 0.001 -15"><span class='ocrx_word' id='word_1_650' title='bbox 1939 4388 2095 4442; x_wconf 89' lang='lat' dir='ltr'><strong>rent,</strong></span> <span class='ocrx_word' id='word_1_651' title='bbox 2162 4377 2404 4446; x_wconf 82' lang='lat' dir='ltr'><strong>impletis</strong></span> <span class='ocrx_word' id='word_1_652' title='bbox 2454 4377 2708 4431; x_wconf 87' lang='lat' dir='ltr'><strong>ducentis</strong></span> <span class='ocrx_word' id='word_1_653' title='bbox 2771 4377 3163 4446; x_wconf 85' lang='lat' dir='ltr'><strong>quinquaginta</strong></span> <span class='ocrx_word' id='word_1_654' title='bbox 3220 4379 3496 4440; x_wconf 85' lang='lat' dir='ltr'><strong>navibus,</strong></span> 
     </span>
    </p>
   </div>
   <div class='ocr_carea' id='block_1_94' title="bbox 221 4463 1813 4543">
    <p class='ocr_par' dir='ltr' id='par_1_94' title="bbox 221 4463 1813 4543">
     <span class='ocr_line' id='line_1_94' title="bbox 221 4463 1813 4543; baseline -0.008 -16"><span class='ocrx_word' id='word_1_655' title='bbox 221 4478 437 4543; x_wconf 78' lang='grc' dir='ltr'>οἴομαι</span> <span class='ocrx_word' id='word_1_656' title='bbox 464 4471 596 4539; x_wconf 87' lang='grc' dir='ltr'>ύμῖν</span> <span class='ocrx_word' id='word_1_657' title='bbox 623 4469 1018 4536; x_wconf 76' lang='grc' dir='ltr'>λυσιτελήσειν.</span> <span class='ocrx_word' id='word_1_658' title='bbox 1051 4465 1192 4533; x_wconf 85' lang='grc' dir='ltr'><strong>Ἐγὼ</strong></span> <span class='ocrx_word' id='word_1_659' title='bbox 1215 4466 1272 4518; x_wconf 87' lang='grc' dir='ltr'>δὲ</span> <span class='ocrx_word' id='word_1_660' title='bbox 1297 4467 1389 4518; x_wconf 78' lang='grc' dir='ltr'>καὶ</span> <span class='ocrx_word' id='word_1_661' title='bbox 1417 4465 1617 4534; x_wconf 83' lang='grc' dir='ltr'>τρόπον</span> <span class='ocrx_word' id='word_1_662' title='bbox 1637 4463 1813 4532; x_wconf 68' lang='grc' dir='ltr'>έτεροι</span> 
     </span>
    </p>
   </div>
   <div class='ocr_carea' id='block_1_95' title="bbox 1914 4463 3502 4543">
    <p class='ocr_par' dir='ltr' id='par_1_95' title="bbox 1931 4468 3502 4538">
     <span class='ocr_line' id='line_1_95' title="bbox 1931 4468 3502 4538; baseline 0 -16"><span class='ocrx_word' id='word_1_663' title='bbox 1931 4483 2124 4522; x_wconf 90' lang='lat' dir='ltr'><strong>omnes</strong></span> <span class='ocrx_word' id='word_1_664' title='bbox 2156 4484 2222 4522; x_wconf 84' lang='lat' dir='ltr'><strong>eo</strong></span> <span class='ocrx_word' id='word_1_665' title='bbox 2259 4483 2456 4522; x_wconf 89' lang='lat' dir='ltr'><strong>nervos</strong></span> <span class='ocrx_word' id='word_1_666' title='bbox 2487 4468 2744 4528; x_wconf 87' lang='lat' dir='ltr'><strong>intendit,</strong></span> <span class='ocrx_word' id='word_1_667' title='bbox 2782 4477 2842 4522; x_wconf 89' lang='lat' dir='ltr'><strong>ut</strong></span> <span class='ocrx_word' id='word_1_668' title='bbox 2890 4481 3052 4536; x_wconf 78' lang='lat' dir='ltr'><strong>agros</strong></span> <span class='ocrx_word' id='word_1_669' title='bbox 3081 4478 3297 4522; x_wconf 88' lang='lat' dir='ltr'><strong>nostros</strong></span> <span class='ocrx_word' id='word_1_670' title='bbox 3325 4483 3502 4538; x_wconf 85' lang='lat' dir='ltr'><strong>pepu-</strong></span> 
     </span>
    </p>
   </div>
   <div class='ocr_carea' id='block_1_96' title="bbox 227 4553 1813 4632">
    <p class='ocr_par' dir='ltr' id='par_1_96' title="bbox 227 4553 1813 4632">
     <span class='ocr_line' id='line_1_96' title="bbox 227 4553 1813 4632; baseline -0.009 -14"><span class='ocrx_word' id='word_1_671' title='bbox 227 4568 506 4632; x_wconf 66' lang='grc' dir='ltr'>πολέμου</span> <span class='ocrx_word' id='word_1_672' title='bbox 537 4560 596 4623; x_wconf 73' lang='grc' dir='ltr'><strong>ἐξ</strong></span> <span class='ocrx_word' id='word_1_673' title='bbox 626 4553 688 4611; x_wconf 78' lang='grc' dir='ltr'><strong>οῦ</strong></span> <span class='ocrx_word' id='word_1_674' title='bbox 739 4561 839 4626; x_wconf 76' lang='grc' dir='ltr'>τήν</span> <span class='ocrx_word' id='word_1_675' title='bbox 866 4575 926 4609; x_wconf 85' lang='grc' dir='ltr'><strong>τε</strong></span> <span class='ocrx_word' id='word_1_676' title='bbox 961 4558 1240 4626; x_wconf 85' lang='grc' dir='ltr'>ὑμετέραν</span> <span class='ocrx_word' id='word_1_677' title='bbox 1295 4555 1520 4620; x_wconf 74' lang='grc' dir='ltr'>κακοῦν,</span> <span class='ocrx_word' id='word_1_678' title='bbox 1549 4555 1681 4624; x_wconf 84' lang='grc' dir='ltr'>ἡμῖν</span> <span class='ocrx_word' id='word_1_679' title='bbox 1736 4553 1813 4605; x_wconf 75' lang='grc' dir='ltr'>κα¹</span> 
     </span>
    </p>
   </div>
   <div class='ocr_carea' id='block_1_97' title="bbox 1914 4553 3500 4632">
    <p class='ocr_par' dir='ltr' id='par_1_97' title="bbox 1932 4558 3500 4627">
     <span class='ocr_line' id='line_1_97' title="bbox 1932 4558 3500 4627; baseline 0.001 -15"><span class='ocrx_word' id='word_1_680' title='bbox 1932 4560 2093 4612; x_wconf 90' lang='lat' dir='ltr'><strong>laret.</strong></span> <span class='ocrx_word' id='word_1_681' title='bbox 2156 4560 2230 4612; x_wconf 89' lang='lat' dir='ltr'><strong>De</strong></span> <span class='ocrx_word' id='word_1_682' title='bbox 2284 4560 2441 4627; x_wconf 76' lang='lat' dir='ltr'><strong>cujus</strong></span> <span class='ocrx_word' id='word_1_683' title='bbox 2503 4559 2810 4626; x_wconf 89' lang='lat' dir='ltr'><strong>irruptione</strong></span> <span class='ocrx_word' id='word_1_684' title='bbox 2851 4573 2950 4626; x_wconf 76' lang='lat' dir='ltr'><strong>ego</strong></span> <span class='ocrx_word' id='word_1_685' title='bbox 3026 4558 3281 4621; x_wconf 86' lang='lat' dir='ltr'><strong>audiens,</strong></span> <span class='ocrx_word' id='word_1_686' title='bbox 3321 4560 3500 4614; x_wconf 87' lang='lat' dir='ltr'><strong>virum</strong></span> 
     </span>
    </p>
   </div>
   <div class='ocr_carea' id='block_1_98' title="bbox 227 4642 1813 4724">
    <p class='ocr_par' dir='ltr' id='par_1_98' title="bbox 227 4642 1813 4724">
     <span class='ocr_line' id='line_1_98' title="bbox 227 4642 1813 4724; baseline -0.008 -17"><span class='ocrx_word' id='word_1_687' title='bbox 227 4659 345 4724; x_wconf 76' lang='grc' dir='ltr'><strong>τὴν</strong></span> <span class='ocrx_word' id='word_1_688' title='bbox 383 4649 602 4704; x_wconf 75' lang='grc' dir='ltr'>οἰκείαν</span> <span class='ocrx_word' id='word_1_689' title='bbox 648 4649 861 4712; x_wconf 67' lang='grc' dir='ltr'>ἐξέσται</span> <span class='ocrx_word' id='word_1_690' title='bbox 891 4645 1178 4710; x_wconf 77' lang='grc' dir='ltr'>διασώζειν</span> <span class='ocrx_word' id='word_1_691' title='bbox 1227 4644 1328 4697; x_wconf 83' lang='grc' dir='ltr'><strong>οὐκ</strong></span> <span class='ocrx_word' id='word_1_692' title='bbox 1367 4643 1692 4712; x_wconf 79' lang='grc' dir='ltr'>ἀποκρύψω,</span> <span class='ocrx_word' id='word_1_693' title='bbox 1746 4642 1813 4694; x_wconf 78' lang='grc' dir='ltr'><strong>ῖνι</strong></span> 
     </span>
    </p>
   </div>
   <div class='ocr_carea' id='block_1_99' title="bbox 1914 4642 3506 4724">
    <p class='ocr_par' dir='ltr' id='par_1_99' title="bbox 1937 4647 3506 4719">
     <span class='ocr_line' id='line_1_99' title="bbox 1937 4647 3506 4719; baseline 0 -16"><span class='ocrx_word' id='word_1_694' title='bbox 1937 4651 2080 4703; x_wconf 78' lang='lat' dir='ltr'><strong>inter</strong></span> <span class='ocrx_word' id='word_1_695' title='bbox 2114 4651 2480 4704; x_wconf 76' lang='lat' dir='ltr'><strong>amicissimos</strong></span> <span class='ocrx_word' id='word_1_696' title='bbox 2519 4665 2669 4704; x_wconf 91' lang='lat' dir='ltr'><strong>meos</strong></span> <span class='ocrx_word' id='word_1_697' title='bbox 2720 4647 3010 4716; x_wconf 88' lang='lat' dir='ltr'><strong>probatum</strong></span> <span class='ocrx_word' id='word_1_698' title='bbox 3064 4650 3209 4716; x_wconf 90' lang='lat' dir='ltr'><strong>misi,</strong></span> <span class='ocrx_word' id='word_1_699' title='bbox 3249 4651 3343 4719; x_wconf 90' lang='lat' dir='ltr'><strong>qui</strong></span> <span class='ocrx_word' id='word_1_700' title='bbox 3383 4651 3506 4704; x_wconf 89' lang='lat' dir='ltr'><strong>hor-</strong></span> 
     </span>
    </p>
   </div>
   <div class='ocr_carea' id='block_1_100' title="bbox 232 4739 1813 4818">
    <p class='ocr_par' dir='ltr' id='par_1_100' title="bbox 232 4739 1813 4818">
     <span class='ocr_line' id='line_1_100' title="bbox 232 4739 1813 4818; baseline -0.007 -19"><span class='ocrx_word' id='word_1_701' title='bbox 232 4751 324 4818; x_wconf 73' lang='grc' dir='ltr'>μή</span> <span class='ocrx_word' id='word_1_702' title='bbox 359 4763 538 4799; x_wconf 87' lang='grc' dir='ltr'>τινων</span> <span class='ocrx_word' id='word_1_703' title='bbox 571 4747 888 4812; x_wconf 79' lang='grc' dir='ltr'>ἀνηκέστων</span> <span class='ocrx_word' id='word_1_704' title='bbox 913 4743 1050 4812; x_wconf 73' lang='grc' dir='ltr'>πρὸς</span> <span class='ocrx_word' id='word_1_705' title='bbox 1085 4743 1176 4794; x_wconf 86' lang='grc' dir='ltr'><strong>τὸν</strong></span> <span class='ocrx_word' id='word_1_706' title='bbox 1205 4741 1441 4810; x_wconf 86' lang='grc' dir='ltr'>πόλεμον</span> <span class='ocrx_word' id='word_1_707' title='bbox 1471 4739 1813 4810; x_wconf 85' lang='grc' dir='ltr'>συμϐάντων,</span> 
     </span>
    </p>
   </div>
   <div class='ocr_carea' id='block_1_101' title="bbox 1914 4739 3504 4818">
    <p class='ocr_par' dir='ltr' id='par_1_101' title="bbox 1940 4739 3504 4808">
     <span class='ocr_line' id='line_1_101' title="bbox 1940 4739 3504 4808; baseline -0.001 -15"><span class='ocrx_word' id='word_1_708' title='bbox 1940 4750 2169 4803; x_wconf 83' lang='lat' dir='ltr'><strong>taretur,</strong></span> <span class='ocrx_word' id='word_1_709' title='bbox 2211 4743 2289 4793; x_wconf 89' lang='lat' dir='ltr'><strong>uti</strong></span> <span class='ocrx_word' id='word_1_710' title='bbox 2320 4739 2517 4807; x_wconf 67' lang='lat' dir='ltr'><strong>emptis</strong></span> <span class='ocrx_word' id='word_1_711' title='bbox 2549 4739 2818 4791; x_wconf 82' lang='lat' dir='ltr'><strong>desistcns</strong></span> <span class='ocrx_word' id='word_1_712' title='bbox 2861 4747 3226 4792; x_wconf 73' lang='lat' dir='ltr'><strong>reverteretur</strong></span> <span class='ocrx_word' id='word_1_713' title='bbox 3252 4782 3264 4803; x_wconf 88' lang='lat'><strong>,</strong></span> <span class='ocrx_word' id='word_1_714' title='bbox 3314 4749 3504 4808; x_wconf 78' lang='lat' dir='ltr'><strong>utpote</strong></span> 
     </span>
    </p>
   </div>
   <div class='ocr_carea' id='block_1_102' title="bbox 219 4818 1813 4908">
    <p class='ocr_par' dir='ltr' id='par_1_102' title="bbox 219 4830 1813 4908">
     <span class='ocr_line' id='line_1_102' title="bbox 219 4830 1813 4908; baseline -0.008 -15"><span class='ocrx_word' id='word_1_715' title='bbox 219 4844 340 4908; x_wconf 77' lang='grc' dir='ltr'>οὐχ</span> <span class='ocrx_word' id='word_1_716' title='bbox 402 4837 558 4908; x_wconf 75' lang='grc' dir='ltr'>ἡμᾶς</span> <span class='ocrx_word' id='word_1_717' title='bbox 617 4837 843 4900; x_wconf 79' lang='grc' dir='ltr'>αἰτίους,</span> <span class='ocrx_word' id='word_1_718' title='bbox 887 4835 1022 4887; x_wconf 78' lang='grc' dir='ltr'>ἀλλὰ</span> <span class='ocrx_word' id='word_1_719' title='bbox 1053 4835 1190 4901; x_wconf 64' lang='grc' dir='ltr'>σφᾶς</span> <span class='ocrx_word' id='word_1_720' title='bbox 1227 4833 1422 4895; x_wconf 73' lang='grc' dir='ltr'>αὐτοὺς</span> <span class='ocrx_word' id='word_1_721' title='bbox 1459 4832 1698 4900; x_wconf 82' lang='grc' dir='ltr'>εἰδείητε</span> <span class='ocrx_word' id='word_1_722' title='bbox 1734 4830 1813 4882; x_wconf 73' lang='grc' dir='ltr'><strong>αύι</strong></span> 
     </span>
    </p>
   </div>
   <div class='ocr_carea' id='block_1_103' title="bbox 1914 4818 3507 4908">
    <p class='ocr_par' dir='ltr' id='par_1_103' title="bbox 1937 4818 3507 4899">
     <span class='ocr_line' id='line_1_103' title="bbox 1937 4818 3507 4899; baseline -0.001 -15"><span class='ocrx_word' id='word_1_723' title='bbox 1937 4818 2130 4884; x_wconf 63' lang='grc' dir='ltr'>ηοιιῖιι</span> <span class='ocrx_word' id='word_1_724' title='bbox 2162 4831 2298 4883; x_wconf 80' lang='lat' dir='ltr'><strong>alios</strong></span> <span class='ocrx_word' id='word_1_725' title='bbox 2347 4846 2509 4899; x_wconf 88' lang='lat' dir='ltr'><strong>quam</strong></span> <span class='ocrx_word' id='word_1_726' title='bbox 2543 4831 2595 4882; x_wconf 89' lang='lat' dir='ltr'><strong>in</strong></span> <span class='ocrx_word' id='word_1_727' title='bbox 2627 4844 2710 4883; x_wconf 90' lang='lat' dir='ltr'><strong>me</strong></span> <span class='ocrx_word' id='word_1_728' title='bbox 2744 4829 2968 4890; x_wconf 86' lang='lat' dir='ltr'><strong>iturum.</strong></span> <span class='ocrx_word' id='word_1_729' title='bbox 3000 4829 3050 4883; x_wconf 90' lang='lat' dir='ltr'><strong>ls</strong></span> <span class='ocrx_word' id='word_1_730' title='bbox 3081 4831 3239 4882; x_wconf 85' lang='lat' dir='ltr'><strong>simul</strong></span> <span class='ocrx_word' id='word_1_731' title='bbox 3269 4846 3331 4884; x_wconf 89' lang='lat' dir='ltr'><strong>ac</strong></span> <span class='ocrx_word' id='word_1_732' title='bbox 3360 4832 3507 4898; x_wconf 81' lang='lat' dir='ltr'><strong>lega-</strong></span> 
     </span>
    </p>
   </div>
   <div class='ocr_carea' id='block_1_104' title="bbox 220 4918 1813 4998">
    <p class='ocr_par' dir='ltr' id='par_1_104' title="bbox 220 4922 1813 4998">
     <span class='ocr_line' id='line_1_104' title="bbox 220 4922 1813 4998; baseline -0.006 -12"><span class='ocrx_word' id='word_1_733' title='bbox 220 4936 386 4994; x_wconf 87' lang='grc' dir='ltr'>τοῖς.</span> <span class='ocrx_word' id='word_1_734' title='bbox 418 4929 544 4981; x_wconf 87' lang='grc' dir='ltr'>Τῶν</span> <span class='ocrx_word' id='word_1_735' title='bbox 562 4929 668 4998; x_wconf 81' lang='grc' dir='ltr'><strong>γὰρ</strong></span> <span class='ocrx_word' id='word_1_736' title='bbox 696 4932 835 4980; x_wconf 84' lang='grc' dir='ltr'>κατὰ</span> <span class='ocrx_word' id='word_1_737' title='bbox 856 4927 956 4998; x_wconf 80' lang='grc' dir='ltr'><strong>τὴν</strong></span> <span class='ocrx_word' id='word_1_738' title='bbox 983 4927 1168 4980; x_wconf 83' lang='grc' dir='ltr'>Ἀσίαν</span> <span class='ocrx_word' id='word_1_739' title='bbox 1191 4926 1480 4996; x_wconf 84' lang='grc' dir='ltr'>σατραπῶν</span> <span class='ocrx_word' id='word_1_740' title='bbox 1497 4922 1813 4977; x_wconf 78' lang='grc' dir='ltr'>ὀδυνατώτα·</span> 
     </span>
    </p>
   </div>
   <div class='ocr_carea' id='block_1_105' title="bbox 1914 4918 3504 4998">
    <p class='ocr_par' dir='ltr' id='par_1_105' title="bbox 1941 4918 3504 4984">
     <span class='ocr_line' id='line_1_105' title="bbox 1941 4918 3504 4984; baseline -0.001 -11"><span class='ocrx_word' id='word_1_741' title='bbox 1941 4930 2052 4973; x_wconf 88' lang='lat' dir='ltr'><strong>tum</strong></span> <span class='ocrx_word' id='word_1_742' title='bbox 2084 4919 2311 4984; x_wconf 86' lang='lat' dir='ltr'><strong>audivit,</strong></span> <span class='ocrx_word' id='word_1_743' title='bbox 2343 4936 2373 4971; x_wconf 93' lang='lat' dir='ltr'><strong>c</strong></span> <span class='ocrx_word' id='word_1_744' title='bbox 2407 4918 2587 4972; x_wconf 86' lang='lat' dir='ltr'><strong>medio</strong></span> <span class='ocrx_word' id='word_1_745' title='bbox 2621 4920 2818 4972; x_wconf 87' lang='lat' dir='ltr'><strong>itinere</strong></span> <span class='ocrx_word' id='word_1_746' title='bbox 2851 4931 3000 4973; x_wconf 87' lang='lat' dir='ltr'><strong>retro</strong></span> <span class='ocrx_word' id='word_1_747' title='bbox 3030 4919 3212 4972; x_wconf 89' lang='lat' dir='ltr'><strong>rediit.</strong></span> <span class='ocrx_word' id='word_1_748' title='bbox 3253 4919 3407 4972; x_wconf 84' lang='lat' dir='ltr'><strong>Nunc</strong></span> <span class='ocrx_word' id='word_1_749' title='bbox 3435 4919 3504 4971; x_wconf 89' lang='lat' dir='ltr'><strong>ad</strong></span> 
     </span>
    </p>
   </div>
   <div class='ocr_carea' id='block_1_106' title="bbox 227 5007 1813 5088">
    <p class='ocr_par' dir='ltr' id='par_1_106' title="bbox 227 5014 1813 5088">
     <span class='ocr_line' id='line_1_106' title="bbox 227 5014 1813 5088; baseline -0.006 -13"><span class='ocrx_word' id='word_1_750' title='bbox 227 5041 364 5088; x_wconf 85' lang='grc' dir='ltr'>τος,</span> <span class='ocrx_word' id='word_1_751' title='bbox 387 5022 454 5073; x_wconf 83' lang='grc' dir='ltr'>ὃν</span> <span class='ocrx_word' id='word_1_752' title='bbox 472 5019 586 5071; x_wconf 78' lang='grc' dir='ltr'>οὐδ’</span> <span class='ocrx_word' id='word_1_753' title='bbox 602 5021 755 5071; x_wconf 74' lang='grc' dir='ltr'>αὐτοὶ</span> <span class='ocrx_word' id='word_1_754' title='bbox 775 5022 1016 5087; x_wconf 83' lang='grc' dir='ltr'>ἀγνοεῖτε</span> <span class='ocrx_word' id='word_1_755' title='bbox 1036 5018 1426 5087; x_wconf 75' lang='grc' dir='ltr'>παρειληφότες</span> <span class='ocrx_word' id='word_1_756' title='bbox 1451 5019 1611 5085; x_wconf 80' lang='grc' dir='ltr'>ἀκοῇ,</span> <span class='ocrx_word' id='word_1_757' title='bbox 1631 5014 1813 5084; x_wconf 74' lang='grc' dir='ltr'>Ἀμούι</span> 
     </span>
    </p>
   </div>
   <div class='ocr_carea' id='block_1_107' title="bbox 1914 5007 3504 5088">
    <p class='ocr_par' dir='ltr' id='par_1_107' title="bbox 1942 5007 3504 5079">
     <span class='ocr_line' id='line_1_107' title="bbox 1942 5007 3504 5079; baseline -0.002 -16"><span class='ocrx_word' id='word_1_758' title='bbox 1942 5025 2027 5064; x_wconf 89' lang='lat' dir='ltr'><strong>me</strong></span> <span class='ocrx_word' id='word_1_759' title='bbox 2059 5010 2229 5073; x_wconf 87' lang='lat' dir='ltr'><strong>misit,</strong></span> <span class='ocrx_word' id='word_1_760' title='bbox 2283 5009 2600 5079; x_wconf 78' lang='lat' dir='ltr'><strong>rogavitque</strong></span> <span class='ocrx_word' id='word_1_761' title='bbox 2653 5024 2720 5062; x_wconf 92' lang='lat' dir='ltr'><strong>ne</strong></span> <span class='ocrx_word' id='word_1_762' title='bbox 2766 5011 3066 5063; x_wconf 76' lang='lat' dir='ltr'><strong>exercitum</strong></span> <span class='ocrx_word' id='word_1_763' title='bbox 3119 5025 3151 5061; x_wconf 89' lang='lat' dir='ltr'><strong>a</strong></span> <span class='ocrx_word' id='word_1_764' title='bbox 3193 5023 3253 5062; x_wconf 90' lang='lat' dir='ltr'><strong>se</strong></span> <span class='ocrx_word' id='word_1_765' title='bbox 3301 5007 3504 5061; x_wconf 78' lang='lat' dir='ltr'><strong>frustra</strong></span> 
     </span>
    </p>
   </div>
   <div class='ocr_carea' id='block_1_108' title="bbox 226 5099 1813 5178">
    <p class='ocr_par' dir='ltr' id='par_1_108' title="bbox 226 5106 1812 5178">
     <span class='ocr_line' id='line_1_108' title="bbox 226 5106 1812 5178; baseline -0.007 -13"><span class='ocrx_word' id='word_1_766' title='bbox 226 5115 262 5165; x_wconf 82' lang='grc' dir='ltr'><strong>ὁ</strong></span> <span class='ocrx_word' id='word_1_767' title='bbox 326 5109 435 5162; x_wconf 85' lang='grc' dir='ltr'><strong>τοῦ</strong></span> <span class='ocrx_word' id='word_1_768' title='bbox 465 5109 678 5177; x_wconf 78' lang='grc' dir='ltr'>Δῐτὶνη,</span> <span class='ocrx_word' id='word_1_769' title='bbox 711 5109 808 5177; x_wconf 78' lang='grc' dir='ltr'><strong>τὴν</strong></span> <span class='ocrx_word' id='word_1_770' title='bbox 845 5107 1104 5178; x_wconf 82' lang='grc' dir='ltr'>βασιλέως</span> <span class='ocrx_word' id='word_1_771' title='bbox 1157 5107 1505 5174; x_wconf 84' lang='grc' dir='ltr'>πεπυσμένος</span> <span class='ocrx_word' id='word_1_772' title='bbox 1557 5106 1812 5172; x_wconf 68' lang='grc' dir='ltr'>τελευτὴν</span> 
     </span>
    </p>
   </div>
   <div class='ocr_carea' id='block_1_109' title="bbox 1914 5099 3502 5178">
    <p class='ocr_par' dir='ltr' id='par_1_109' title="bbox 1940 5099 3502 5170">
     <span class='ocr_line' id='line_1_109' title="bbox 1940 5099 3502 5170; baseline -0.003 -12"><span class='ocrx_word' id='word_1_773' title='bbox 1940 5103 2228 5158; x_wconf 84' lang='lat' dir='ltr'><strong>collectum</strong></span> <span class='ocrx_word' id='word_1_774' title='bbox 2261 5117 2379 5154; x_wconf 83' lang='lat' dir='ltr'><strong>esse</strong></span> <span class='ocrx_word' id='word_1_775' title='bbox 2412 5103 2607 5164; x_wconf 76' lang='lat' dir='ltr'><strong>sinam,</strong></span> <span class='ocrx_word' id='word_1_776' title='bbox 2631 5102 2724 5156; x_wconf 89' lang='lat' dir='ltr'><strong>sed</strong></span> <span class='ocrx_word' id='word_1_777' title='bbox 2754 5104 2797 5156; x_wconf 88' lang='lat' dir='ltr'><strong>si</strong></span> <span class='ocrx_word' id='word_1_778' title='bbox 2830 5101 2974 5170; x_wconf 84' lang='lat' dir='ltr'><strong>quod</strong></span> <span class='ocrx_word' id='word_1_779' title='bbox 3003 5099 3162 5154; x_wconf 83' lang='lat' dir='ltr'><strong>nobis</strong></span> <span class='ocrx_word' id='word_1_780' title='bbox 3188 5099 3386 5153; x_wconf 87' lang='lat' dir='ltr'><strong>bellum</strong></span> <span class='ocrx_word' id='word_1_781' title='bbox 3408 5105 3502 5164; x_wconf 85' lang='lat' dir='ltr'><strong>sit,</strong></span> 
     </span>
    </p>
   </div>
   <div class='ocr_carea' id='block_1_110' title="bbox 223 5191 1813 5269">
    <p class='ocr_par' dir='ltr' id='par_1_110' title="bbox 223 5196 1813 5269">
     <span class='ocr_line' id='line_1_110' title="bbox 223 5196 1813 5269; baseline -0.008 -12"><span class='ocrx_word' id='word_1_782' title='bbox 223 5205 348 5257; x_wconf 77' lang='grc' dir='ltr'><strong>καὶ</strong></span> <span class='ocrx_word' id='word_1_783' title='bbox 373 5200 616 5269; x_wconf 86' lang='grc' dir='ltr'>νομίσας</span> <span class='ocrx_word' id='word_1_784' title='bbox 649 5204 742 5252; x_wconf 81' lang='grc' dir='ltr'>καὶ</span> <span class='ocrx_word' id='word_1_785' title='bbox 797 5200 955 5262; x_wconf 78' lang='grc' dir='ltr'>αὐτὸς</span> <span class='ocrx_word' id='word_1_786' title='bbox 983 5201 1156 5268; x_wconf 77' lang='grc' dir='ltr'>ῥᾷστα</span> <span class='ocrx_word' id='word_1_787' title='bbox 1180 5196 1462 5267; x_wconf 71' lang='grc' dir='ltr'>ληΐσεσθαι</span> <span class='ocrx_word' id='word_1_788' title='bbox 1509 5196 1813 5264; x_wconf 78' lang='grc' dir='ltr'>Ῥωμαίους</span> 
     </span>
    </p>
   </div>
   <div class='ocr_carea' id='block_1_111' title="bbox 1914 5191 3507 5269">
    <p class='ocr_par' dir='ltr' id='par_1_111' title="bbox 1939 5191 3507 5260">
     <span class='ocr_line' id='line_1_111' title="bbox 1939 5191 3507 5260; baseline -0.001 -12"><span class='ocrx_word' id='word_1_789' title='bbox 1939 5210 2006 5248; x_wconf 88' lang='lat' dir='ltr'><strong>eo</strong></span> <span class='ocrx_word' id='word_1_790' title='bbox 2037 5197 2226 5248; x_wconf 83' lang='lat' dir='ltr'><strong>Contra</strong></span> <span class='ocrx_word' id='word_1_791' title='bbox 2281 5195 2490 5247; x_wconf 68' lang='lat' dir='ltr'><strong>hostem</strong></span> <span class='ocrx_word' id='word_1_792' title='bbox 2540 5202 2804 5246; x_wconf 88' lang='lat' dir='ltr'><strong>utamur:</strong></span> <span class='ocrx_word' id='word_1_793' title='bbox 2841 5202 2899 5244; x_wconf 89' lang='lat' dir='ltr'><strong>ut</strong></span> <span class='ocrx_word' id='word_1_794' title='bbox 2949 5200 3005 5244; x_wconf 89' lang='lat' dir='ltr'><strong>et</strong></span> <span class='ocrx_word' id='word_1_795' title='bbox 3059 5191 3263 5244; x_wconf 88' lang='lat' dir='ltr'><strong>milites</strong></span> <span class='ocrx_word' id='word_1_796' title='bbox 3313 5191 3507 5260; x_wconf 79' lang='lat' dir='ltr'><strong>spoliis</strong></span> 
     </span>
    </p>
   </div>
   <div class='ocr_carea' id='block_1_112' title="bbox 223 5280 1813 5359">
    <p class='ocr_par' dir='ltr' id='par_1_112' title="bbox 223 5286 1813 5359">
     <span class='ocr_line' id='line_1_112' title="bbox 223 5286 1813 5359; baseline -0.008 -11"><span class='ocrx_word' id='word_1_797' title='bbox 223 5297 338 5348; x_wconf 72' lang='grc' dir='ltr'>διὰ</span> <span class='ocrx_word' id='word_1_798' title='bbox 392 5294 458 5344; x_wconf 75' lang='grc' dir='ltr'><strong>τὸ</strong></span> <span class='ocrx_word' id='word_1_799' title='bbox 524 5291 731 5358; x_wconf 70' lang='grc' dir='ltr'>μηδένα</span> <span class='ocrx_word' id='word_1_800' title='bbox 762 5287 902 5344; x_wconf 77' lang='grc' dir='ltr'>εἷναι</span> <span class='ocrx_word' id='word_1_801' title='bbox 925 5291 1017 5343; x_wconf 78' lang='grc' dir='ltr'>τὸν</span> <span class='ocrx_word' id='word_1_802' title='bbox 1053 5289 1426 5359; x_wconf 80' lang='grc' dir='ltr'>ἀμυνούμενον</span> <span class='ocrx_word' id='word_1_803' title='bbox 1460 5287 1600 5356; x_wconf 79' lang='grc' dir='ltr'>ὑπὲρ</span> <span class='ocrx_word' id='word_1_804' title='bbox 1634 5286 1813 5339; x_wconf 70' lang='grc' dir='ltr'>αὐτῶν</span> 
     </span>
    </p>
   </div>
   <div class='ocr_carea' id='block_1_113' title="bbox 1914 5280 3502 5359">
    <p class='ocr_par' dir='ltr' id='par_1_113' title="bbox 1939 5280 3502 5352">
     <span class='ocr_line' id='line_1_113' title="bbox 1939 5280 3502 5352; baseline -0.001 -15"><span class='ocrx_word' id='word_1_805' title='bbox 1939 5285 2197 5346; x_wconf 78' lang='lat' dir='ltr'><strong>ditentur,</strong></span> <span class='ocrx_word' id='word_1_806' title='bbox 2246 5297 2299 5336; x_wconf 86' lang='lat' dir='ltr'><strong>et</strong></span> <span class='ocrx_word' id='word_1_807' title='bbox 2348 5299 2462 5352; x_wconf 69' lang='lat' dir='ltr'><strong>ipse</strong></span> <span class='ocrx_word' id='word_1_808' title='bbox 2499 5291 2676 5334; x_wconf 84' lang='lat' dir='ltr'><strong>tantos</strong></span> <span class='ocrx_word' id='word_1_809' title='bbox 2711 5291 2960 5348; x_wconf 79' lang='lat' dir='ltr'><strong>sumptus</strong></span> <span class='ocrx_word' id='word_1_810' title='bbox 3011 5280 3130 5332; x_wconf 91' lang='lat' dir='ltr'><strong>sine</strong></span> <span class='ocrx_word' id='word_1_811' title='bbox 3164 5281 3274 5333; x_wconf 89' lang='lat' dir='ltr'><strong>ullo</strong></span> <span class='ocrx_word' id='word_1_812' title='bbox 3321 5280 3502 5335; x_wconf 86' lang='lat' dir='ltr'><strong>fructu</strong></span> 
     </span>
    </p>
   </div>
   <div class='ocr_carea' id='block_1_114' title="bbox 226 5371 1813 5453">
    <p class='ocr_par' dir='ltr' id='par_1_114' title="bbox 226 5377 1813 5453">
     <span class='ocr_line' id='line_1_114' title="bbox 226 5377 1813 5453; baseline -0.008 -13"><span class='ocrx_word' id='word_1_813' title='bbox 226 5385 617 5453; x_wconf 78' lang='grc' dir='ltr'>πεντήκοντα</span> <span class='ocrx_word' id='word_1_814' title='bbox 643 5383 737 5436; x_wconf 76' lang='grc' dir='ltr'>καὶ</span> <span class='ocrx_word' id='word_1_815' title='bbox 767 5383 1049 5444; x_wconf 83' lang='grc' dir='ltr'>διακοσίας</span> <span class='ocrx_word' id='word_1_816' title='bbox 1083 5381 1376 5450; x_wconf 82' lang='grc' dir='ltr'>πληρώσας</span> <span class='ocrx_word' id='word_1_817' title='bbox 1434 5377 1587 5441; x_wconf 89' lang='grc' dir='ltr'>ναῦς,</span> <span class='ocrx_word' id='word_1_818' title='bbox 1654 5380 1813 5430; x_wconf 64' lang='grc' dir='ltr'>πᾶσαε</span> 
     </span>
    </p>
   </div>
   <div class='ocr_carea' id='block_1_115' title="bbox 1914 5371 3507 5453">
    <p class='ocr_par' dir='ltr' id='par_1_115' title="bbox 1940 5371 3507 5440">
     <span class='ocr_line' id='line_1_115' title="bbox 1940 5371 3507 5440; baseline -0.002 -11"><span class='ocrx_word' id='word_1_819' title='bbox 1940 5391 2007 5430; x_wconf 89' lang='lat' dir='ltr'><strong>ne</strong></span> <span class='ocrx_word' id='word_1_820' title='bbox 2033 5375 2290 5431; x_wconf 67' lang='lat' dir='ltr'><strong>effuderit</strong></span> <span class='ocrx_word' id='word_1_821' title='bbox 2318 5417 2333 5440; x_wconf 91' lang='lat'><strong>,</strong></span> <span class='ocrx_word' id='word_1_822' title='bbox 2363 5375 2455 5428; x_wconf 87' lang='lat' dir='ltr'><strong>sed</strong></span> <span class='ocrx_word' id='word_1_823' title='bbox 2513 5375 2658 5425; x_wconf 84' lang='lat' dir='ltr'><strong>hunc</strong></span> <span class='ocrx_word' id='word_1_824' title='bbox 2716 5371 2906 5424; x_wconf 89' lang='lat' dir='ltr'><strong>saltem</strong></span> <span class='ocrx_word' id='word_1_825' title='bbox 2939 5380 3327 5437; x_wconf 84' lang='lat' dir='ltr'><strong>consequatur,</strong></span> <span class='ocrx_word' id='word_1_826' title='bbox 3361 5372 3507 5439; x_wconf 82' lang='lat' dir='ltr'><strong>quod</strong></span> 
     </span>
    </p>
   </div>
   <div class='ocr_carea' id='block_1_116' title="bbox 225 5460 1813 5546">
    <p class='ocr_par' dir='ltr' id='par_1_116' title="bbox 225 5470 1813 5546">
     <span class='ocr_line' id='line_1_116' title="bbox 225 5470 1813 5546; baseline -0.008 -15"><span class='ocrx_word' id='word_1_827' title='bbox 225 5478 508 5531; x_wconf 71' lang='grc' dir='ltr'>ἐποιεῖτο</span> <span class='ocrx_word' id='word_1_828' title='bbox 559 5473 794 5546; x_wconf 76' lang='grc' dir='ltr'>σπουδὴν</span> <span class='ocrx_word' id='word_1_829' title='bbox 838 5473 1044 5526; x_wconf 89' lang='grc' dir='ltr'>κακοῦν</span> <span class='ocrx_word' id='word_1_830' title='bbox 1079 5473 1178 5544; x_wconf 71' lang='grc' dir='ltr'><strong>τὴν</strong></span> <span class='ocrx_word' id='word_1_831' title='bbox 1234 5470 1532 5541; x_wconf 78' lang='grc' dir='ltr'>ἡμετέραν.</span> <span class='ocrx_word' id='word_1_832' title='bbox 1586 5470 1738 5521; x_wconf 69' lang='grc' dir='ltr'>Ἐπεὶ</span> <span class='ocrx_word' id='word_1_833' title='bbox 1778 5470 1813 5519; x_wconf 73' lang='lat' dir='ltr'><strong>ii</strong></span> 
     </span>
    </p>
   </div>
   <div class='ocr_carea' id='block_1_117' title="bbox 1914 5460 3506 5546">
    <p class='ocr_par' dir='ltr' id='par_1_117' title="bbox 1936 5460 3506 5538">
     <span class='ocr_line' id='line_1_117' title="bbox 1936 5460 3506 5538; baseline -0.006 -15"><span class='ocrx_word' id='word_1_834' title='bbox 1936 5483 2034 5538; x_wconf 87' lang='lat' dir='ltr'><strong>pro</strong></span> <span class='ocrx_word' id='word_1_835' title='bbox 2073 5467 2251 5521; x_wconf 87' lang='lat' dir='ltr'><strong>amico</strong></span> <span class='ocrx_word' id='word_1_836' title='bbox 2285 5481 2379 5520; x_wconf 91' lang='lat' dir='ltr'><strong>cos</strong></span> <span class='ocrx_word' id='word_1_837' title='bbox 2414 5463 2687 5532; x_wconf 88' lang='lat' dir='ltr'><strong>posuerit.</strong></span> <span class='ocrx_word' id='word_1_838' title='bbox 2721 5463 2798 5517; x_wconf 82' lang='lat' dir='ltr'><strong>Ac</strong></span> <span class='ocrx_word' id='word_1_839' title='bbox 2845 5460 3018 5515; x_wconf 90' lang='lat' dir='ltr'><strong>nolim</strong></span> <span class='ocrx_word' id='word_1_840' title='bbox 3045 5475 3142 5516; x_wconf 88' lang='lat' dir='ltr'><strong>vos</strong></span> <span class='ocrx_word' id='word_1_841' title='bbox 3170 5461 3336 5517; x_wconf 80' lang='lat' dir='ltr'><strong>dictis</strong></span> <span class='ocrx_word' id='word_1_842' title='bbox 3365 5462 3506 5516; x_wconf 75' lang='lat' dir='ltr'><strong>meis</strong></span> 
     </span>
    </p>
   </div>
   <div class='ocr_carea' id='block_1_118' title="bbox 315 5655 2099 5758">
    <p class='ocr_par' dir='ltr' id='par_1_118' title="bbox 315 5655 2099 5758">
     <span class='ocr_line' id='line_1_118' title="bbox 315 5655 2099 5758; baseline -0.008 -19"><span class='ocrx_word' id='word_1_843' title='bbox 315 5685 452 5758; x_wconf 77' lang='lat'><strong>(99)</strong></span> <span class='ocrx_word' id='word_1_844' title='bbox 493 5681 616 5744; x_wconf 86' lang='lat' dir='ltr'><strong>Gr.,</strong></span> <span class='ocrx_word' id='word_1_845' title='bbox 645 5688 698 5732; x_wconf 82' lang='lat' dir='ltr'><strong>ut</strong></span> <span class='ocrx_word' id='word_1_846' title='bbox 732 5681 778 5732; x_wconf 73' lang='lat' dir='ltr'><strong>si</strong></span> <span class='ocrx_word' id='word_1_847' title='bbox 821 5669 947 5750; x_wconf 73' lang='lat' dir='ltr'><strong>quid</strong></span> <span class='ocrx_word' id='word_1_848' title='bbox 979 5681 1190 5732; x_wconf 75' lang='lat' dir='ltr'><strong>exitiale</strong></span> <span class='ocrx_word' id='word_1_849' title='bbox 1222 5683 1359 5734; x_wconf 81' lang='lat' dir='ltr'><strong>circa</strong></span> <span class='ocrx_word' id='word_1_850' title='bbox 1392 5679 1586 5735; x_wconf 85' lang='lat' dir='ltr'><strong>bellum</strong></span> <span class='ocrx_word' id='word_1_851' title='bbox 1613 5676 1884 5747; x_wconf 69' lang='lat' dir='ltr'><strong>contigerit</strong></span> <span class='ocrx_word' id='word_1_852' title='bbox 1946 5655 2099 5725; x_wconf 78' lang='lat' dir='ltr'><strong>Eutr.</strong></span> 
     </span>
    </p>
   </div>
   <div class='ocr_carea' id='block_1_119' title="bbox 557 5768 1240 5835">
    <p class='ocr_par' dir='ltr' id='par_1_119' title="bbox 557 5768 1240 5835">
     <span class='ocr_line' id='line_1_119' title="bbox 557 5768 1240 5835; baseline -0.004 -1"><span class='ocrx_word' id='word_1_853' title='bbox 557 5773 827 5834; x_wconf 59' lang='lat' dir='ltr'><strong>Paeon.</strong></span> <span class='ocrx_word' id='word_1_854' title='bbox 871 5773 993 5834; x_wconf 79' lang='lat' dir='ltr'><strong>Gn.</strong></span> <span class='ocrx_word' id='word_1_855' title='bbox 1040 5768 1240 5835; x_wconf 87' lang='lat' dir='ltr'><strong>CLlll.</strong></span> 
     </span>
    </p>
   </div>
  </div>
