3992 6202
588 298 688 359 Ὴῖΐ

1770 288 2092 349 JOANNIS
2131 286 2653 347 CAN'I‘ACILZENI
3491 348 3493 350 _
3631 301 3712 362 ω

586 407 749 459 ﬁdem
778 404 1090 467 detrahere.
1121 412 1178 457 et
1200 413 1438 458 ventosae
1455 402 1733 474 cujusdam
1766 388 2146 456 osientationis

2251 400 2532 468 ἐπυθῖμην
2562 399 2722 462 αὐτὸς
2775 399 2882 451 τῶν
2920 399 3142 470 Περσῶι
3170 399 3265 468 τὴν
3299 402 3532 476 ἐσομένην
3574 409 3714 463 alsia-

586 510 750 550 causa
814 495 931 552 haec
989 495 1221 549 conﬁcta
1281 495 1558 548 arbitrari.
1606 493 1740 546 Nam
1784 486 2158 560 praeterquam

587 586 733 656 quod
764 587 830 640 ad
863 587 1117 656 ﬁgmenta
1153 594 1207 639 et
1238 585 1522 638 mendacia
1557 598 1662 636 non
1721 580 2145 651 propendemus,

586 694 682 732 vos
715 679 844 731 item
879 679 923 731 si
973 676 1379 746 indagaveritis,
1430 689 1555 728 vera
1609 688 1730 728 esse
1776 671 2146 740 comperietis.

587 770 851 836 Quocirca
889 785 1072 838 pacem
1104 771 1350 838 utrisque
1381 776 1628 821 nostrum
1663 765 1821 834 longe
1867 764 2147 817 meliorem

589 862 974 930 ntiiioremque
1005 867 1273 922 statuens,
1315 869 1371 912 et
1413 859 1539 926 'ipse
1565 872 1684 911 eam
1727 855 2049 924 amplector,
2095 862 2150 906 et

587 970 686 1006 vos
735 955 802 1006 ad
859 953 1108 1006 eamdem
1184 951 1576 1020 capessendam
1631 949 1912 1004 adhortor.
1965 948 2149 1016 Itaque

588 1053 811 1112 propter
841 1056 936 1097 vos
959 1043 1022 1120 ip
1049 1057 1290 1112 praesens
1322 1057 1429 1095 non
1468 1040 1598 1094 mihi
1635 1039 1879 1094 concidit
1909 1038 2147 1093 animus.

587 1133 692 1187 Sed
724 1134 867 1202 agite
899 1133 963 1186 ad
1023 1147 1205 1202 regem
1255 1140 1497 1186 vestrum
1545 1147 1706 1200 quam
1756 1131 2017 1185 citissime
2049 1145 2148 1199 po-

587 1231 692 1276 test
720 1222 948 1286 reversi,
995 1230 1057 1276 ut
1088 1221 1401 1276 Sismanum
1453 1236 1510 1275 se
1547 1228 1894 1289 recepturum
1925 1235 1992 1274 ne
2023 1233 2150 1288 spe-

586 1321 689 1374 ret,
725 1311 1062 1364 renuntiate.
1120 1309 1176 1364 Si
1228 1309 1436 1362 ideirco
1463 1321 1562 1362 nos
1608 1307 1754 1361 bello
1801 1303 2152 1360 lacessendos

585 1400 822 1468 putabit,
859 1409 922 1453 ut
973 1399 1171 1454 diebus
1206 1398 1394 1470 viginti
1427 1398 1629 1467 quibus
1658 1397 1837 1451 redire
1880 1395 2150 1464 poteritis,

585 1489 790 1544 bellum
844 1488 1006 1542 nobis
1061 1488 1536 1542 indicatztandiu
1601 1487 1749 1542 enim
1801 1499 1860 1542 et
1915 1488 2151 1557 legatum

586 1580 796 1633 Amurii
832 1580 924 1633 hic
951 1579 1158 1633 haerere
1207 1578 1427 1642 faciam,
1477 1592 1590 1649 quo
1643 1578 1787 1633 bello
1828 1577 2152 1633 denuntiato

587 1685 685 1736 per
713 1671 923 1724 litteras
973 1669 1019 1724 ei
1065 1670 1171 1725 huc
1221 1670 1477 1724 veniendi
1529 1669 1740 1739 copiam
1796 1669 2145 1725 concedam:

585 1771 642 1815 et
673 1763 897 1816 omnino
928 1761 1146 1816 facilius
1195 1770 1358 1830 atque
1397 1761 1654 1831 cupi-dius
1696 1762 1803 1816 huc
1833 1768 2147 1824 venturum,
2181 1736 2224 1794 Β

586 1869 752 1921 quam
780 1853 1294 1907 anteaauctoritati
1344 1867 1478 1906 mea:
1526 1852 1949 1916 obseeundans,
1988 1866 2151 1921 expe-

585 1943 794 1998 ditione
831 1944 1136 2012 interrupta
1186 1943 1370 2007 rediit,
1423 1942 1845 1998 existimandum
1897 1951 2002 1998 est.
2053 1943 2148 1997 Sin

585 2035 819 2102 quadam
866 2035 1212 2105 neglectione
1256 2033 1400 2088 diem
1457 2033 1734 2104 pragflxam
1790 2034 2152 2104 transgredie-

585 2126 742 2190 mini,
779 2141 887 2180 non
941 2126 1076 2180 mibi
1127 2126 1362 2195 amplius
1392 2135 1571 2181 tutum
1606 2127 1712 2180 erit
1748 2126 2102 2195 requiescere
2131 2143 2146 2181 :

585 2229 773 2269 verum
801 2223 856 2268 et
889 2213 1002 2284 ipse
1033 2213 1197 2285 37E.
1225 2229 1323 2284 per
1357 2230 1443 2270 me
1481 2215 1684 2270 bellum
1735 2216 2009 2284 apparabo
2034 2256 2048 2282 ,
2095 2223 2150 2271 et

587 2305 836 2360 Persicas
864 2305 1051 2374 copias
1090 2307 1201 2376 jam
1233 2317 1449 2377 paratas
1480 2307 1588 2362 huc
1610 2321 1881 2362 accersam
1909 2325 1924 2360 τ
1954 2322 2054 2361 nec
2081 2306 2150 2363 de

579 2406 805 2461 calere,
832 2396 996 2451 etiam
1025 2396 1180 2451 vobis
1208 2397 1582 2467 cupientibus,
1619 2412 1720 2467 ego
1751 2397 1911 2452 facile
1946 2396 2148 2451 bellum

582 2492 838 2546 omittere
865 2500 1080 2561 potero,
1135 2506 1244 2545 non
1280 2493 1458 2547 solum
1495 2502 1721 2563 prepter
1750 2493 2053 2563 impensam
2089 2493 2147 2548 in

579 2595 651 2636 eo
681 2583 1006 2638 instruendo
1034 2583 1259 2648 factam,
1313 2599 1476 2654 quam
1504 2600 1534 2640 e
1564 2585 1761 2640 vestris
1790 2584 2150 2656 vectigalibus

583 2675 812 2730 reticere
845 2689 1068 2730 necesse
1095 2675 1226 2738 erit,
1282 2676 1377 2728 sed
1423 2676 1568 2746 quod
1600 2677 1763 2731 etiam
1798 2678 1980 2732 socios
2023 2676 2150 2732 Bar-

585 2766 747 2821 baros
799 2782 907 2821 non
957 2769 1144 2822 vacuis
1177 2768 1474 2836 manibus”
1525 2770 1622 2823 sed
1675 2785 1741 2825 ex
1797 2771 1978 2825 hostili
2034 2772 2150 2826 solo

585 2867 778 2912 auctos
810 2858 981 2912 lucris
1037 2859 1256 2912 domum
1293 2875 1539 2914 remeare
1569 2862 1868 2929 Oportebit.
1900 2863 2070 2931 Igitur
2094 2872 2149 2918 et

585 2949 684 2999 ‘vos
720 2947 822 3000 iter
847 2961 1166 3015 properare,
1197 2957 1250 3002 et
1281 2964 1460 3018 regem
1505 2959 1743 3004 vestrum
1792 2954 2148 3021 responsione

2249 491 2367 558 λὴν,
2393 491 2690 560 πρεσϐείαν
2713 491 2932 560 πέμψας
2959 492 3091 562 πρὸς
3109 493 3328 555 ἐκεῖνον,
3352 495 3402 545 ἐν
3422 501 3516 558 τοῖς
3535 500 3715 566 μάλιστα

2249 583 2618 652 ἐξητασμένον
2669 584 2778 636 τῶν
2837 584 3005 652 φίλων
3037 585 3148 636 τῶν
3176 581 3338 654 ἐμῶν,
3372 588 3584 642 ἐκέλευον
3628 593 3719 644 ἀνα·

2253 674 2509 744 στρέφειν
2563 676 2658 727 καὶ
2696 675 3002 747 ἀπέχεσθαι
3053 677 3149 746 τῆς
3198 679 3402 748 πείρας,
3451 680 3517 743 ὡς
3557 683 3719 735 οσὸδέσεν

2250 766 2430 828 ἄλλοις
2463 767 2993 837 ἐπιστρατεύωνται,
3027 769 3056 840 ἢ
3090 770 3233 839 ἐμοί.
3268 773 3331 823 ’0
3357 771 3398 822 δ’
3421 771 3522 840 ἅμα
3547 790 3596 824 τε
3635 776 3721 826 ἑδέο

2253 855 2382 918 ξατο
2408 857 2507 926 τὴν
2546 858 2845 927 πρεσϐείαν
2899 860 2992 912 καὶ
3038 861 3360 930 ἀνέστρεφεν
3393 863 3449 913 ἐκ
3486 863 3625 931 μέσης
3652 865 3724 928 τῇς

2250 946 2394 1000 ὁδοῦ.
2417 947 2555 1000 Νυνὶ
2588 948 2644 1000 δὲ
2669 947 2903 1002 ἐνταῦθα
2940 950 3075 1022 πρὸς
3105 951 3203 1020 ἐμὲ
3247 951 3516 1020 πρεσϐείαν
3561 971 3724 1021 πεπομ-

2253 1034 2389 1103 φὼς.
2421 1035 2596 1090 δεῖται
2647 1038 2722 1107 μὴ
2750 1040 3012 1109 περιϊδεῖν
3060 1042 3208 1111 αὐτῷ
3250 1032 3345 1114 τήν
3381 1044 3610 1112 στρατιὰν
3638 1047 3728 1114 εξχῆ

2252 1128 2701 1200 συνειλεγμένην,
2729 1130 2846 1184 ἀλλ’
2880 1132 2934 1183 εί
2952 1150 3036 1196 τις
3069 1136 3204 1205 πρός
3227 1153 3344 1189 τινα
3370 1136 3575 1205 πόλεμος
3614 1137 3727 1207 ήμίν.

2251 1219 2561 1290 χρήσασθαι
2578 1221 2739 1291 αὐτῇ,
2772 1221 2847 1284 ὼς
2879 1222 2945 1276 ἂν
2971 1224 3004 1293 ἦ
3031 1241 3090 1277 τε
3121 1226 3346 1294 στρατιὰ
3362 1225 3628 1297 ὠφεληθείη
3650 1229 3730 1280 ἀπὸ

2250 1309 2359 1363 τῶν
2393 1311 2672 1381 πολεμίων
2705 1313 2815 1366 τῶν
2850 1313 3134 1384 λαφύρων,
3173 1317 3376 1379 ἐκεῖνός
3403 1335 3458 1371 τε
3503 1318 3568 1388 μὴ
3595 1320 3731 1387 μάτην

2252 1401 2341 1469 εῑη
2375 1400 2910 1472 τοσαῦταχρήματα
2943 1403 3263 1470 ἀναλωκὼς,
3323 1405 3433 1459 ἀλλ’
3476 1405 3590 1459 αὐτὸ
3615 1406 3734 1458 τοῦτο

2254 1503 2320 1557 γε
2351 1489 2712 1560 καρπώσαιτο
2744 1489 2805 1543 τὸ
2836 1481 3180 1545 ἀναλωκέναι
3214 1493 3352 1564 ὑπὲρ
3386 1493 3546 1563 φᾶου.
3573 1495 3634 1547 Οὐ
3658 1494 3735 1563 χρὴ

2253 1579 2313 1632 δέ
2347 1581 2598 1634 ἀπιστεῖν
2629 1582 2742 1644 τοῖς
2776 1581 3111 1652 λεγομένοις,
3152 1581 3365 1652 κόμπου
3388 1583 3540 1636 ἕνεκα
3563 1583 3640 1635 καὶ
3664 1585 3734 1636 αὖ·

2254 1671 2499 1741 χήματος
2534 1671 2788 1725 διακένου
2825 1671 3142 1726 πεπλάσθαι
3171 1674 3466 1737 οἰομένους.
3493 1675 3620 1742 Πρὸς
3657 1673 3735 1742 γὰρ

2255 1760 2333 1828 τῷ
2367 1761 2443 1830 μή
2489 1761 2734 1833 εὐχερεῖς
2767 1763 2920 1832 ήμᾶς
2961 1763 3098 1832 πρὸς
3154 1763 3440 1831 πλάσματα
3479 1764 3561 1814 καὶ
3609 1761 3736 1830 ψεύδη

2255 1848 2422 1916 εἶναι,
2471 1851 2650 1917 ἔξεστι
2696 1853 2792 1905 καὶ
2849 1854 3032 1916 αὐτοῖς
3080 1853 3435 1923 ἀνερευνῶσιν
3469 1851 3739 1922 ἐξευρίσκειν

2250 1941 2322 2003 ὡ..
2343 1939 2537 2012 ἀληθῆ.
2582 1941 2725 2008 Ἐγὼ
2760 1925 2859 2010 μὲν
2884 1940 2976 1994 οὖν
3011 1941 3109 2011 τὴν
3139 1943 3361 2012 είρήνην
3397 1939 3559 2010 πολλῷ
3588 1939 3739 2008 βελτὶω

2251 2033 2344 2086 καί
2360 2032 2805 2103 λυσιτελεστέραν
2833 2033 3116 2104 ἑκατέροις
3129 2033 3370 2104 οἰόμενος
3393 2035 3534 2104 ἡμῖν,
3555 2034 3684 2094 αὑτός
3700 2049 3739 2082 τε

2250 2124 2592 2195 ἀσπάζομαι,
2627 2125 2722 2177 καὶ
2759 2109 2890 2195 ὑμῖν
2919 2125 3136 2195 ἔχεσθαι
3167 2125 3368 2194 ταύτης
3400 2122 3638 2194 παραινῶ.
3677 2123 3740 2174 Aab

2249 2216 2369 2269 οὐδὲ
2405 2217 2538 2285 πρ³›ς
2587 2217 2733 2286 ὑμᾶς
2782 2217 3117 2286 ἀπαγορεύω
3165 2217 3227 2270 τὸ
3259 2215 3352 2271 νῦν
3381 2216 3512 2284 ἔχον,
3556 2216 3653 2270 ἀλλ’
3691 2215 3743 2276 ὡς

2250 2307 2482 2378 τάχιστα
2517 2310 2654 2378 πρὸς
2685 2309 2776 2362 τὸν
2828 2310 3122 2380 πέμψαντα
3151 2310 3546 2373 ἐπανελθόντες,
3583 2310 3743 2378 Σίσμι-

2251 2415 2342 2452 νον
2372 2400 2472 2468 μὲν
2521 2401 2896 2469 ἀπαγγείλατε
2940 2402 3212 2470 μηδέποτε
3243 2401 3506 2473 λήψεσθαι
3561 2401 3742 2471 προσδο-

2250 2491 2376 2561 κᾷν.
2412 2492 2473 2543 Ei
2503 2491 2548 2544 δ’
2579 2492 2774 2563 ἐκείνῳ
2798 2491 2887 2546 διὰ
2919 2491 3092 2545 ταῦτα
3127 2493 3267 2562 πρὸς
3304 2495 3452 2564 ἡμᾶς
3471 2493 3602 2545 δοκεῖ
3623 2490 3742 2542 πολε·

2256 2580 2436 2649 μητέα
2496 2575 2655 2645 εἶναι,
2713 2582 2771 2631 ὲν
2819 2581 3029 2632 εἴκοσιν
3081 2581 3322 2653 ἡμέραις
3373 2576 3454 2644 αἷς
3507 2578 3742 2651 δυνήσεσθε

2249 2670 2586 2737 ἐπανελθεῖν,
2612 2670 2703 2724 τὸν
2724 2670 2956 2740 πόλεμον
2980 2672 3367 2740 ἀπαγγέλλειν.
3408 2671 3491 2727 Ἐν
3512 2669 3744 2728 τοσαύταις

2249 2763 2358 2831 γὰρ
2387 2763 2481 2816 καὶ
2504 2763 2594 2814 τὸν
2627 2761 2831 2833 Ἀμοὺρ
2859 2763 3203 2834 πρεσϐευτὴν
3229 2765 3469 2817 ἐνταυθοῖ
3494 2776 3747 2832 παρασκευο

2252 2855 2370 2908 άσω
2421 2853 2749 2923 διατρίϐειν,
2813 2852 2880 2906 ίν⁹
2934 2855 2981 2906 εἰ
3035 2855 3062 2905 ὁ
3093 2853 3334 2926 πόλεμος
3391 2852 3745 2922 ἀπαγγέλλοιτο.

2250 2946 2584 3015 γράμμασιν
2645 2944 2840 3016 ἐκείνῳ
2883 2946 2982 3015 τὴν
3021 2945 3212 3000 ἐνθάδε
3272 2946 3455 3016 ἄφιξιν
3504 2941 3748 3014 ἐπιτρέψω.

592 3045 779 3091 nostra
812 3046 1095 3106 percepta,
1131 3054 1249 3106 quae
1309 3039 1362 3092 in
1398 3056 1512 3093 rem
1549 3056 1702 3094 suam
1751 3044 1864 3096 [ore
1911 3043 2146 3106 duxerit,

2254 3037 2476 3100 Πάντως
2516 3036 2573 3091 δὲ
2611 3037 2740 3108 ῥᾷον
2777 3035 2984 3089 οἴεσθαι
3017 3037 3181 3089 αὑτὸν
3217 3030 3372 3106 ὑμᾶς’
3411 3038 3501 3090 καὶ
3528 3033 3750 3107 προθυμό-

587 3219 700 3274 ille.
721 3219 977 3282 Oratores
1006 3220 1320 3288 Alexandri,
1351 3223 1670 3278 velutobliti
1702 3225 1944 3294 priorum
1981 3227 2146 3296 spiri-

588 3322 742 3367 tuum
775 3321 831 3366 et
883 3313 1373 3381 grandiloquentiaa
1404 3315 1554 3369 illius
1589 3317 1886 3386 popularis,
1923 3319 2147 3373 reducto

584 3401 795 3455 calculo
829 3403 973 3455 diem
1009 3403 1114 3456 sibi
1147 3403 1410 3459 laxiorem
1457 3405 1669 3460 deliniri
1721 3409 2045 3478 rogitarunt,
2084 3425 2148 3464 ac

584 3508 641 3547 se
673 3493 895 3562 quidem
921 3509 1136 3548 summa
1169 3495 1522 3551 festinatione
1561 3498 1664 3552 iter
1695 3510 1914 3553 acturos
1948 3502 2146 3570 praedi-

583 3584 815 3649 eabant;
846 3584 991 3652 quod
1016 3583 1062 3639 si
1093 3600 1186 3639 rex
1219 3586 1270 3638 in
1313 3587 1504 3641 ultimo
1545 3603 1710 3659 regno
1745 3589 1990 3659 degeret,
2018 3607 2144 3659 ερον

585 3675 721 3728 “um
748 3675 1111 3743 praestitutum
1157 3691 1276 3731 esse
1303 3676 1546 3741 brevius,
1597 3695 1759 3748 quam
1795 3690 1855 3735 ut
1883 3682 1982 3735 via:
2015 3697 2148 3736 con-

584 3765 828 3820 ﬁcienda:
860 3765 1155 3821 sufﬁceret.
1214 3767 1440 3822 Probata
1476 3769 1743 3837 petitione
1780 3771 1896 3824 dies
1926 3771 2145 3841 triginta

583 3857 853 3917 concessi,
893 3857 1093 3926 quibus
1130 3858 1377 3924 reversi,
1414 3867 1508 3911 aut
1546 3874 1732 3928 pacem
1785 3869 1944 3914 antea
1997 3876 2147 3915 com-

583 3946 816 4015 positam
849 3953 904 3999 et
934 3945 1115 4000 fmdus
1173 3947 1587 4012 conﬁrmarent,
1623 3958 1716 4002 aut
1754 3964 1901 4002 arma
1936 3953 2147 4004 denun-

583 4039 801 4091 tiarent.
832 4035 1146 4091 Istiusmodi
1195 4053 1517 4108 responsum
1549 4054 1579 4091 a
1605 4051 1800 4108 magno
1846 4039 2144 4096 domestico

583 4125 844 4190 ferentes,
872 4127 926 4180 in
966 4125 1208 4181 Moesiam
1239 4128 1543 4182 redierunt.
1595 4127 1916 4198 lmperatrix
1947 4137 2148 4184 totum-

468 4205 473 4211 ’
582 4231 688 4283 que
724 4215 1015 4270 concilium
1065 4224 1119 4271 et
1159 4217 1507 4286 prudentiam
1543 4217 1660 4288 ejus
1689 4212 1943 4272 admirati
1989 4229 2143 4287 sunt,

581 4318 638 4360 et
673 4307 876 4377 gratias
909 4307 1109 4362 multas
1142 4308 1475 4373 habuerunt,
1507 4308 1652 4378 quod
1694 4325 1836 4378 quos
1874 4311 1994 4364 heri
2031 4327 2146 4366 me-

480 3123 488 3130 ’
584 3127 870 3183 celerrime
921 3129 1224 3184 nuntianda
1272 3145 1461 3185 curare
1506 3147 1644 3200 opus
1693 3143 1798 3188 est.
1869 3135 2147 3190 Hactenus

2250 3146 2409 3199 τερον
2467 3128 2790 3198 ἀφικέσθαι,
2850 3130 2882 3201 ἢ
2938 3130 3205 3200 πρότερον
3259 3134 3324 3185 ἐκ
3370 3131 3465 3200 τῆς
3518 3129 3752 3201 στρατείας

2248 3221 2614 3290 ἀναστρέφειν
2646 3220 2967 3290 πειθόμενον
2997 3224 3108 3284 τοῖς
3133 3221 3316 3290 λόγοις
3347 3225 3457 3285 τοῖς
3493 3223 3641 3292 ἐμοῖς.
3677 3220 3749 3270 Ἀν

2249 3311 2294 3363 δ’
2349 3311 2732 3381 ἀμελήσαντες
2784 3311 2883 3380 τὴν
2937 3313 3284 3382 προθεσμίαν
3341 3313 3613 3383 ὑπερϐἧτε,
3661 3309 3753 3376 ἐμοὶ

2251 3402 2348 3472 μὲν
2373 3401 2610 3471 ἀσφαλὲς
2635 3402 2821 3454 οὐκέτι
2851 3403 3166 3472 ἡσυχάζειν.
3193 3405 3312 3458 ἀλλ’
3331 3406 3486 3467 αὑτός
3515 3420 3566 3457 τε
3587 3400 3753 3455 οἴκοθεν

2246 3491 2613 3562 ἐξαρτύσομαι
2655 3493 2721 3545 τὰ
2750 3493 2884 3562 πρὸς
2931 3497 3020 3546 τὸν
3056 3494 3317 3564 πόλεμον,
3352 3497 3451 3569 καὶ.
3479 3494 3568 3564 τήν
3600 3495 3755 3560 Περσι-

2246 3585 2349 3652 κὴν
2403 3585 2727 3653 συμμαχίαν
2784 3581 2951 3639 οὖσαν
3015 3588 3544 3657 παρεσκευασμένην
3609 3582 3754 3636 ἐνθάδε

2255 3665 2390 3740 ἇξῶ.
2423 3675 2533 3728 Καὶ
2563 3675 2658 3728 τοῦ
2689 3677 2879 3730 λοιποῦ
2915 3677 3024 3730 οὐδ’
3061 3677 3126 3732 ἂν
3148 3680 3308 3732 αὐτοὶ
3339 3679 3548 3749 ἐθέλητε
3575 3672 3755 3728 κατατί-

2247 3766 2434 3820 θεσθαι
2473 3768 2659 3839 ῥᾴδιον
2721 3768 2878 3821 ἔσται
2912 3770 3003 3823 τὸν
3051 3771 3293 3840 πόλεμον
3350 3773 3492 3840 ἐμοὶ,
3539 3769 3593 3820 ού
3630 3766 3755 3835 μόνον

2246 3857 2334 3911 διὰ
2364 3858 2434 3910 τὰ
2455 3859 2804 3913 ἀναλωθέντα
2839 3863 3100 3931 χρήματα
3140 3862 3281 3930 πρὸς
3312 3861 3406 3914 τοῦ
3441 3857 3655 3928 πολέμου
3681 3853 3755 3919 τὴν

2244 3951 2623 4019 παρασκευὴν,
2661 3949 2698 4002 ἀ
2747 3950 3068 4021 κομίζεσθαι
3096 3952 3159 4004 ἐκ
3197 3951 3298 4021 τῆς
3330 3951 3589 4021 ὑμετέρας
3618 3948 3751 4008 ἀνᾶγ’

2245 4042 2423 4106 καῖον,
2457 4040 2572 4094 ἀλλ’
2626 4042 2708 4094 ὅτι
2753 4043 2849 4096 καὶ
2897 4043 3024 4106 τοὺς
3073 4044 3214 4096 κατὰ
3245 4044 3554 4114 συμμαχίαν
3575 4039 3758 4110 ἥξοντας

2252 4129 2588 4203 βαρϐάρους,
2624 4133 2684 4187 ού
2727 4135 2918 4198 κεναῖς
2948 4135 3159 4206 χερσὶν,
3189 4135 3309 4190 ἀλλ’
3353 4133 3696 4204 ὠφεληθέντας
3711 4129 3759 4176 ἐκ

2248 4221 2349 4292 τῆς
2377 4223 2667 4293 πολεμίας.
2710 4224 2842 4293 πρὸς
2877 4225 2978 4294 τὴν
3002 4225 3212 4279 οἰκείαν
3243 4227 3326 4280 δεῖ
3355 4223 3757 4290 ἐπαναστρέφειν.

2247 4313 2346 4367 Διά
2401 4315 2576 4367 ταῦτα
2637 4315 2782 4385 ὑμᾶς
2814 4332 2872 4368 τε
2912 4315 3116 4388 σπουδῇ
3176 4317 3489 4389 χρήσασθαι
3539 4314 3656 4384 πρὸς
3688 4310 3759 4377 τὴν

587 4397 846 4458 tut-bant,
919 4395 1228 4465 quibusque
1289 4397 1418 4466 quid
1475 4395 1705 4452 honeste
1753 4399 2146 4468 responderent

2251 4403 2580 4475 ὁδοιπορίαν
2610 4408 2930 4474 ἀναγκαῖον,
2985 4409 3080 4460 καὶ⁸
3131 4408 3223 4460 τὺν
3266 4408 3528 4479 ὑμέτερον
3575 4400 3758 4472 βασιλέα

533 4485 540 4558 ί
583 4501 692 4539 non
723 4486 997 4551 videbant,
1033 4501 1155 4540 cum
1189 4503 1298 4557 quo
1325 4503 1383 4542 se
1410 4497 1690 4544 verterent
1711 4490 2012 4556 nescirent,
2049 4505 2144 4546 eos

2252 4496 2556 4566 πυθόμενον
2577 4497 2646 4548 τὰ
2671 4497 2798 4567 παρ’
2822 4497 2977 4567 ήμῶν
3003 4496 3038 4550 ἃ.
3061 4500 3326 4551 συνοίσειν
3345 4500 3511 4552 οίεται
3541 4493 3666 4560 αύτῴ
3687 4490 3760 4554 τὴν

537 4642 539 4645 ι
585 4574 674 4628 ille
703 4584 810 4628 tam
845 4575 1225 4632 formidolosos
1261 4579 1582 4648 redegisset,
1623 4591 1680 4634 ut
1703 4580 1965 4649 neglectis
1996 4583 2139 4648 aliis,

2249 4586 2510 4656 ταχίστην
2542 4585 2927 4654 ἀπαγγέλλειν.
2955 4588 3013 4640 Ὀ
3044 4588 3144 4656 μὲν
3174 4584 3269 4641 οὖν
3289 4587 3512 4642 τοιαῦτα
3540 4580 3672 4636 εἶπεν
3690 4594 3701 4604 '
3722 4575 3759 4625 οἱ

535 4688 541 4697 ν
585 4666 726 4719 diem
751 4667 1148 4736 ampliantlum,
1174 4670 1324 4723 velut
1366 4685 1480 4724 rem
1507 4673 1872 4726 necessariam
1899 4682 2140 4728 orarent.

2251 4675 2307 4728 δὲ
2354 4675 2708 4743 Ἀλεξάνδρου
2732 4675 3066 4745 πρεσϐευταὶ
3090 4675 3281 4747 ὥσπερ
3313 4676 3646 4741 ἐκλαθόμενοι
3688 4662 3760 4717 τοῦ

586 4755 694 4809 Sed
722 4757 788 4810 de
827 4757 912 4810 his
945 4758 1148 4811 dictum
1183 4767 1264 4812 est
1302 4759 1455 4814 satis.

2251 4767 2522 4835 προτέρου
2579 4767 2918 4834 φυσήματῖς,
2959 4765 3051 4816 καὶ
3089 4767 3182 4833 τῆς
3246 4757 3760 4835 μεγαλορῥημοσύνης

582 4848 682 4917 τῆς
717 4849 852 4917 ’πρὸς
884 4849 986 4912 τὰς
1041 4850 1422 4919 δημηγορίας,
1464 4851 1860 4922 μεταϐαλόντες
1907 4857 2147 4926 ἐγίνοντο
2187 4859 2366 4913 ἱκέται
2395 4857 2565 4910 πλείω
2626 4856 2810 4920 αὐτοῖς
2869 4857 3280 4926 παρασχεθῆναι
3309 4856 3643 4929 προθεσμίαν.
3680 4849 3759 4903 Αὖ-

581 4943 666 4994 τοὶ
725 4940 824 5010 μὲν
867 4941 977 5011 γὰρ
1030 4940 1238 5010 ἔφασαν
1285 4944 1466 4997 πᾶσαν
1532 4944 1900 5008 ἐπιδείξεσθαι
1972 4947 2212 5020 σπουδὴν
2253 4947 2391 5018 πρὸς
2416 4948 2515 5018 τὴν
2550 4945 2880 5016 ὁδοιπορίαν.
2938 4947 3036 5000 "Av
3070 4948 3114 5000 δ’
3143 4949 3169 5000 ὁ
3216 4949 3471 5018 βασιλεὺς
3523 4943 3682 4997 αὐτῶν
3715 4938 3759 4987 ιν

582 5037 868 5104 ἐσχατιαῖς
917 5035 1079 5106 διάγῃ
1126 5040 1226 5108 τῆς
1256 5037 1458 5107 ἀρχῆς,
1507 5037 1608 5092 οὐκ
1663 5039 1982 5110 ἐξαρκέσειν
2037 5044 2135 5106 τάς
2174 5041 2386 5112 ήμέρας
2424 5039 2776 5109 ἐνδεεστέρας
2820 5037 3009 5103 οὔσας,
3067 5041 3115 5113 ’ἢ
3187 5043 3461 5110 προσήκει
3505 5030 3761 5100 ἀνυσθῆναι

582 5127 682 5197 τήν
712 5128 850 5181 ὀδόν.
888 5128 1000 5181 Καὶ
1031 5130 1154 5181 ἐπεὶ
1190 5130 1365 5182 ἐδόκει
1397 5132 1429 5200 ἡ
1488 5130 1713 5197 ἀξίωσις
1777 5134 1959 5188 αὐτῶν
2023 5134 2207 5188 δικαία
2247 5131 2413 5202 εἶναι,
2439 5134 2734 5204 τριάκοντα
2783 5135 3114 5204 παρείχοντο
3157 5135 3346 5198 αὐτοῖς
3373 5131 3664 5205 ήμέραι,ἐν
3689 5118 3760 5180 οἷς

581 5221 686 5273 ἔδει
719 5221 1259 5292 ἐπαναστρέψαντας,
1287 5223 1319 5294 ἦ
1352 5223 1449 5293 τήν
1482 5221 1648 5275 οὖσαν
1710 5224 1935 5294 εἰρήνην
1982 5225 2332 5278 ἐπιϐεϐαιοῦν
2395 5224 2496 5277 καὶ
2556 5224 2656 5287 τὰς
2721 5223 2974 5288 σπονδᾶς,
3014 5224 3047 5295 ἢ
3085 5223 3322 5295 πόλεμον
3389 5217 3760 5291 καταγγέλλειν.

582 5317 646 5368 Ol
679 5315 780 5385 μὲν
813 5315 906 5369 οὖν
947 5315 1302 5387 Ἀλεξάνδρου
1334 5317 1612 5387 πρέσϐεις,
1647 5317 1898 5382 τοιαύτας
1939 5320 2259 5392 ἀποκρίσεις
2303 5320 2454 5390 παρά
2519 5318 2614 5372 τοῦ
2681 5317 2922 5388 μεγάλου
2984 5317 3268 5389 δεξάμενοι
3289 5317 3618 5388 δομεστίκου.
3651 5307 3758 5378 7:95;

580 5409 680 5480 τὴν
715 5410 925 5464 οίκείαν
958 5411 1252 5481 ἐπανῆκον.
1294 5409 1516 5472 Βασιλὶς
1549 5410 1604 5462 δὲ
1633 5411 1725 5463 καὶ
1776 5413 1811 5481 ή
1837 5410 2138 5482 σύγκλητος
2203 5415 2357 5468 πᾶσα
2410 5411 2722 5480 ἐθαυμαζόν
2786 5429 2845 5464 τε
2876 5411 3006 5482 τῆς
3063 5412 3330 5476 συνέσεως
3365 5413 3546 5476 αὐτὸν,
3576 5408 3659 5460 καὶ
3683 5401 3761 5471 χά·

488 5567 498 5576 ο
591 5521 748 5572 ριτας
778 5505 978 5575 ᾔδεσαν
1008 5506 1228 5568 πολλὰς,
1262 5507 1344 5557 ὅτι
1376 5503 1467 5564 οὒς
1500 5505 1650 5557 αὐτοὶ
1709 5504 1997 5578 ὠρρώδουν
2029 5508 2086 5558 ἐν
2148 5509 2215 5577 τῇ
2257 5507 2561 5576 προτεραίᾳ
2590 5508 2684 5559 καὶ
2737 5505 2872 5576 πρὸς
2919 5506 3014 5570 οὓς
3040 5507 3161 5571 οὐδὲ
3204 5506 3500 5574 ἀπολογίας
3531 5502 3758 5565 εὐπόρουν

580 5597 963 5664 εὐπροσώπου,
1038 5598 1154 5650 ἀλλ’
1210 5598 1417 5668 ἀπορίᾳ
1476 5597 1746 5652 πάντοθεν
1809 5599 2142 5670 συνείχοντο,
2180 5600 2401 5664 τούτους
2437 5599 2580 5654 οὕτω
2618 5599 2951 5671 κατέστησεν
3007 5600 3487 5671 αύτὸς,περ;δεεῖ;,
3518 5595 3643 5648 ὥστε
3676 5603 3757 5660 με·
