3992 6202
584 329 688 393 Ἷῖιι

582 440 762 495 scelus
786 454 1002 503 usuros,
1025 454 1252 509 eamque
1279 439 1696 507 tliSperdituros,
1719 448 1774 493 et
1804 438 1954 492 illum
1984 439 2158 492 solum

583 546 770 586 rerum
858 529 1144 601 praasidcm
1223 531 1448 600 ejusque
1497 545 1717 584 sensum
1774 529 2148 599 perspexerit,

582 603 860 690 quomodo
892 621 962 675 ob
996 636 1342 676 communem
1395 621 1686 674 utilitatem
1724 635 1831 673 non
1867 620 2155 690 pecuniam

584 711 767 775 modo,
801 725 991 764 verum
1021 719 1077 763 et
1105 710 1277 777 ipsam
1311 710 1570 776 animam,
1606 707 1651 761 si
1681 707 1910 762 facultas
1939 710 2028 770 sit,
2058 723 2157 776 pro

585 801 756 856 nihilo
779 801 979 854 habere
1003 799 1320 859 meditetur,
1352 809 1404 851 et
1427 813 1638 851 morum
1670 799 1788 868 ejus
1815 799 2155 853 honestatem

576 894 686 962 jam
723 891 982 953 noverit,
1017 890 1274 943 statuisse
1324 888 1425 958 ipsi
1479 888 1815 943 otferendam
1866 890 2156 958 pecuniam

581 983 750 1041 illam,
789 995 896 1033 non
930 980 1156 1032 honeste
1193 979 1393 1037 solum.
1445 980 1541 1032 sed
1576 987 1633 1032 et
1688 994 1812 1032 cum
1847 979 2058 1033 ratione
2096 990 2154 1036 et

579 1074 859 1142 diligentia
931 1071 994 1124 ad
1065 1068 1340 1138 publicam
1415 1069 1790 1122 Romanorum
1863 1069 2154 1123 utilitatem

580 1161 982 1225 i.isumendam,
1013 1161 1234 1230 quando
1261 1170 1317 1215 et
1349 1161 1415 1214 ab
1450 1161 1580 1230 ipsis
1610 1160 1838 1214 collecta
1871 1161 1964 1216 sTt.
2003 1159 2155 1214 Hanc

580 1256 747 1323 igitur
814 1267 1036 1308 omnem
1100 1253 1173 1306 illi
1234 1253 1451 1307 venisse
1517 1253 1776 1317 tradere,
1839 1253 2156 1323 ubicunque

577 1345 816 1400 voluerit
855 1344 1134 1400 utendam.
1190 1345 1355 1415 376
1404 1345 1594 1414 Itaque
1645 1354 1830 1414 patere
1872 1345 2152 1411 omnibus,

577 1455 688 1491 non
725 1437 849 1491 ideo
892 1451 952 1489 se
1005 1437 1196 1489 adesse
1224 1476 1239 1496 ,
1276 1447 1336 1489 ut
1373 1451 1434 1489 se
1473 1435 1603 1490 huic
1649 1437 1864 1490 muneri
1905 1449 2152 1506 quastus

579 1527 810 1582 faciendi
837 1541 998 1581 causa
1025 1526 1229 1594 prmfici
1274 1533 1465 1595 roget,
1495 1540 1620 1578 cum
1674 1534 1829 1594 parta
1874 1526 2146 1581 retinendi

582 1637 646 1674 ac
680 1620 748 1673 de
781 1628 982 1672 caetero
1037 1617 1091 1670 in
1121 1616 1236 1670 otio
1285 1615 1504 1670 vivendi
1539 1617 1767 1672 libertas
1811 1617 1998 1683 fuerit,
2057 1617 2153 1672 sed

581 1715 706 1784 quia
738 1713 838 1782 ipsi
874 1712 941 1764 ad
976 1720 1218 1766 veterem
1260 1708 1576 1764 felicitatem
1622 1711 1882 1764 Romanis
1920 1726 2152 1780 recupe-

582 1803 808 1856 randam
856 1810 964 1855 tam
1017 1801 1229 1854 intensa
1259 1809 1316 1854 et
1365 1799 1586 1854 assidua
1639 1815 1773 1854 cura
1821 1801 2156 1857 incumbenti

579 1893 735 1947 utilis
761 1901 817 1944 et
849 1891 914 1945 ad
967 1893 1270 1962 juvandum
1317 1890 1546 1946 idoneus
1582 1891 1757 1945 videri
1791 1893 1996 1960 cupiat.
2045 1892 2158 1949 Hac

577 1983 826 2038 oratione
855 1982 1157 2036 delectatus
1185 1997 1413 2051 magnus
1442 1981 1802 2046 domesticus,
1831 1981 1900 2036 de
1925 1983 2155 2051 pecunia

577 2092 638 2129 se
669 2074 744 2128 illi
776 2074 1007 2144 gratiam
1034 2073 1235 2127 habere
1280 2072 1376 2137 ait,
1429 2087 1537 2126 non
1585 2081 1797 2126 tantum
1849 2073 1994 2142 quod
2031 2087 2152 2127 eam

578 2170 646 2222 ad
680 2181 1023 2223 communem
1059 2180 1218 2219 usum
1265 2165 1586 2232 contulerit,
1641 2165 1737 2221 sed
1785 2166 1933 2235 quod
1985 2166 2155 2221 etiam

581 2261 686 2315 sibi
717 2261 836 2330 ejus
863 2257 1246 2328 dispensanda.
1291 2257 1560 2311 rationem
1615 2257 1956 2320 crediderit,
1989 2271 2154 2325 quam

581 2359 728 2406 recte
767 2349 1108 2417 fideliterque
1136 2346 1408 2400 collocare
1466 2346 1620 2400 velit.
1653 2347 1785 2400 Nam
1818 2346 2154 2414 quempiam,

573 2443 669 2497 cui
701 2440 1075 2496 communium
1127 2453 1313 2492 rerum
1365 2436 1624 2491 mandata
1669 2446 1756 2490 est
1809 2437 2151 2506 procuratio,

581 2549 690 2585 nan
742 2531 871 2585 inde
906 2544 1110 2599 augere
1167 2528 1458 2582 facultates
1501 2543 1654 2590 suas,
1709 2527 1806 2582 sed
1864 2543 1986 2596 quae
2029 2535 2155 2582 ante

581 2624 968 2695 magistratum
1001 2619 1316 2689 acquisivit,
1343 2618 1398 2672 in
1433 2617 1518 2673 his
1546 2621 1743 2683 emori,
1777 2627 1833 2673 et
1860 2636 1889 2672 a
1921 2619 2155 2689 pecunia

575 2719 848 2772 invictum
898 2727 1127 2782 prorsus
1159 2725 1427 2780 apparere
1455 2747 1470 2772 ,
1517 2726 1627 2764 non
1676 2711 1904 2766 difficile
1950 2712 2153 2779 solum,

575 2810 678 2864 sed
709 2820 990 2874 nunquam
1018 2803 1361 2871 contingere.
1396 2800 1686 2856 Possidere
1718 2811 1899 2856 autem
1925 2803 2060 2873 jam,
2091 2817 2156 2858 ac

575 2903 652 2954 ob
684 2899 736 2954 id
763 2897 901 2952 nihil
945 2894 1245 2950 formidare
1291 2893 1418 2946 mali
1453 2933 1467 2955 ,
1517 2892 1716 2947 deinde
1767 2908 1928 2962 aquo
1970 2895 2155 2950 animo

585 2993 723 3046 velle
746 3003 997 3057 erogare,
1031 2994 1087 3041 et
1119 2985 1258 3038 male
1282 2984 1528 3038 collectis
1564 2983 1703 3038 bene
1751 2985 1851 3048 uti,
1891 2985 1996 3039 hoc
2043 3001 2152 3041 non

1777 330 2099 393 JOANNIS
2141 326 2668 392 CANTACL'ZENI

3651 331 3741 392 75?.

2193 446 2232 499 Α
2266 439 2374 489 τιῖμν
2400 438 2696 507 προτέρων.
2725 436 2758 505 ἢ
2795 434 3018 489 ἐκείνων
3048 435 3124 507 μὴ
3158 439 3237 500 είς
3269 437 3383 492 δέον
3414 440 3513 501 τοῖς
3546 441 3743 510 χρήματι

2263 529 2587 596 δυναμένων
2609 525 2935 595 χρήσασθαι,
2970 525 3003 594 ἢ
3037 525 3239 596 ἐτέρων
3271 528 3480 598 ἁρπαγῇ
3506 531 3588 583 καὶ
3605 532 3744 602 ἀδικίᾳ

2260 617 2616 687 χρησομένων
2669 617 2762 668 καὶ
2807 615 3276 686 διαφθαρούντων,
3321 619 3394 679 ὡς
3420 619 3473 671 δὲ
3511 618 3590 674 σοῦ
3621 621 3745 690 μόνον

2259 707 2633 769 καταστάντος
2663 707 2756 760 ἐπὶ
2807 708 2918 770 τοῖς
2946 708 3256 778 πράγμασι,
3318 710 3409 763 καὶ
3449 712 3537 779 τὴν
3563 712 3748 766 διάνοιαν

2257 801 2525 865 κατεῖδον,
2555 801 2631 862 ὼς
2655 799 2792 868 ὑπὲρ
2811 799 3077 868 ὡφελείας
3107 801 3216 854 τῶν
3239 803 3449 866 κοινῶν,
3471 805 3524 856 οὐ
3543 807 3750 875 χρήματα

2260 890 2444 960 μόνον,
2490 889 2625 942 ἀλλὰ
2655 890 2751 942 καὶ
2791 888 2972 959 ψυχὴν
3016 890 3185 961 αὐτὴν
3215 893 3264 942 εί
3305 886 3414 944 οἷόν
3449 909 3503 944 τε
3524 895 3751 963 προΐεσθιι

2254 983 2459 1051 διανοῇ,
2496 982 2594 1036 καὶ
2623 979 2715 1034 τδν
2751 981 2954 1052 τρόπον
2985 981 3246 1050 προειδὼς
3275 981 3353 1044 ὡς
3398 981 3598 1050 ἀγαθὸς,
3623 983 3752 1051 ἐγνων

2253 1073 2364 1126 δεῖν
2395 1089 2477 1126 σοι
2527 1071 2594 1125 τὰ
2621 1073 2880 1143 χρήματα
2913 1072 3094 1126 ἐκεῖνα
3139 1072 3480 1144 ἐγχειρίζειν,
3512 1074 3581 1136 ὡς
3606 1075 3655 1127 οὐ
3684 1093 3754 1127 κα·

2253 1161 2360 1224 λῶς
2393 1161 2573 1232 μόνον,
2629 1161 2765 1215 ἀλλὰ
2820 1163 2918 1216 καὶ
2964 1162 3202 1231 εὐλόγως
3255 1164 3492 1232 ἀκριϐῶς
3535 1165 3652 1235 ὑπὲρ
3673 1166 3753 1217 τῶν

2256 1255 2409 1322 κοινῇ
2477 1252 2780 1322 Ῥωμαίοις
2842 1254 3232 1324 συμφερόντων
3300 1254 3752 1324 ἀναλωθησομένων,

2258 1341 2445 1412 ἐπειδὴ
2505 1343 2599 1395 καὶ
2644 1343 2709 1396 ἐκ
2754 1341 2960 1396 τούτων
3011 1344 3374 1412 συνελέγησαν
3428 1345 3618 1397 αὐτῶν·
3663 1345 3757 1415 Mi;

2254 1434 2432 1487 πάντα
2459 1435 2578 1503 ἥκω
2605 1433 2950 1505 ἐγχειρίζων,
2989 1433 3074 1502 ἐφ’
3096 1435 3124 1487 ὃ
3151 1451 3204 1488 τι
3227 1434 3294 1488 ἂν
3392 1451 3471 1488 σοι
3493 1439 3758 1506 χρησομένῳ

2257 1525 2531 1595 βούλησις.
2576 1525 2826 1590 Ἔξεστιν
2855 1524 2946 1578 οὖν
2977 1527 3142 1578 παντὶ
3177 1525 3276 1594 τὴν
3307 1527 3567 1591 ἀπόδειξιν
3597 1527 3759 1596 iuped-

2255 1634 2368 1672 νειν
2388 1617 2617 1686 ἐναργῆ,
2653 1616 2730 1678 ώς
2775 1615 2837 1669 οὐ
2874 1618 3351 1688 χρηματιούμενος
3376 1621 3439 1672 ἐκ
3461 1621 3552 1689 τῆς
3571 1621 3759 1689 ἀπογρα-

2302 1710 2362 1776 ἧς
2386 1709 2508 1776 ἥκω
2524 1708 2775 1776 δεόμενος
2798 1711 3131 1776 καταστῆναι
3165 1711 3301 1776 πρὸς
3328 1711 3495 1776 αὐτήν
3514 1729 3527 1744 ο
3559 1711 3667 1776 ἐξῆν
3682 1713 3731 1776 γᾶ

2261 1711 2362 1777 φῆς
2386 1711 2508 1779 ἥκω
2524 1711 2775 1778 δεόμενος
2798 1711 3131 1778 καταστῆναι
3165 1711 3301 1780 πρὸς
3328 1711 3495 1779 αὐτήν
3514 1729 3527 1744 ο
3559 1711 3667 1778 ἐξῆν
3682 1713 3759 1779 γὰρ

2188 1767 2231 1824 Β
2261 1800 2455 1870 έχοντα
2487 1801 2523 1855 ἃ
2549 1801 2847 1869 κέκτημαι,
2899 1801 3065 1871 μηδὲν
3083 1801 3411 1872 ’περαιτέρω
3433 1802 3759 1871 πολυπραγμο-

2257 1896 2390 1953 νεῖν,
2441 1891 2580 1946 ἀλλὰ
2613 1892 2708 1945 σοὶ·
2734 1892 3016 1961 φανεῖσθαι
3064 1895 3336 1962 χρήσιμος
3381 1891 3660 1961 ἐπιθυμῶν.
3695 1897 3760 1944 καὶ

2259 1981 2428 2034 πολλά
2457 1981 2793 2050 συνάρασθαι
2823 1982 3120 2052 δυνάμενος
3175 1983 3320 2054 πρὸς
3358 1984 3418 2036 τὺ
3445 1983 3536 2054 τὴν
3578 1984 3761 2053 ἀρχαίαν

2257 2071 2603 2142 εὐδαιμονίαν
2632 2074 2743 2135 τοῖς
2777 2071 3068 2136 Ῥωμαίοις
3098 2073 3423 2138 ἀνασώζειν,
3470 2072 3650 2139 πολλὴν
3673 2071 3762 2123 τούν

2257 2181 2348 2217 του
2380 2165 2546 2217 ἕνεκα
2578 2167 2670 2217 καὶ
2718 2167 2922 2235 συνεχῆ
2953 2165 3268 2235 ποιουμένῳ
3315 2166 3412 2236 τὴν
3439 2164 3686 2236 φροντῶα.
3717 2163 3762 2214 '0

2255 2257 2313 2310 δὲ
2345 2257 2581 2324 ἄσμενος
2616 2256 3018 2328 ἀποδεξάμενος
3043 2260 3171 2320 τοὺς
3195 2259 3408 2327 λόγους,
3437 2261 3556 2328 περὶ
3586 2258 3670 2326 μὲν
3685 2255 3762 2308 τῶν

2256 2349 2557 2417 χρημάτων
2611 2347 2818 2416 ἔφασκε
2853 2349 3012 2420 χάριν
3048 2349 3203 2420 αὐτῷ
3250 2350 3450 2422 πολλὴν
3491 2349 3678 2410 εἰδέναι,
3717 2347 3761 2398 οὗ

2255 2435 2331 2503 τῷ
2353 2434 2493 2503 ὑπὲρ
2519 2435 2627 2487 τῶν
2647 2437 2800 2506 κοινῇ
2825 2437 3220 2505 συμφερόντων
3249 2437 3409 2507 μόνον
3427 2434 3760 2505 παρεσχῆσθαι.

2255 2526 2390 2579 ἀλλά
2417 2527 2511 2581 καὶ
2539 2526 2616 2598 τῷ
2646 2526 2825 2580 αὐτῶν
2857 2528 3288 2582 πεπιστευκέναι
3319 2528 3416 2597 τὴν
3438 2529 3675 2596 διοίκησιν
3692 2525 3761 2576 a5-

2254 2618 2331 2688 τῷ
2356 2617 2533 2688 ὀρθῶς
2578 2617 2934 2688 πεπεισμένῳ
2963 2619 3058 2671 καὶ
3107 2619 3336 2682 δικαίως
3391 2619 3674 2673 ἀναλώσειν.
3708 2616 3762 2668 Tb

2257 2709 2357 2778 μὲν
2391 2710 2500 2777 γάρ
2526 2725 2649 2761 τινα
2673 2708 2781 2760 τῶν
2813 2708 3008 2761 κοινῶν
3040 2709 3368 2776 ἐπιμέλειαν
3411 2706 3764 2778 ἐγκεχειρισμέο

2255 2817 2364 2866 νον,
2409 2799 2481 2871 μὴ
2533 2799 2630 2871 τὴν
2683 2799 2872 2852 οὐσίαν
2925 2804 3103 2854 ποιεῖν
3157 2801 3378 2870 βελτίω,
3427 2803 3642 2856 ἀλλ’ὅσα
3666 2801 3764 2868 πρὶν

2255 2891 2543 2956 ἅπτεσθαι,
2571 2885 2814 2946 τοσαῦτα
2848 2893 3042 2962 ἔχοντα
3067 2894 3527 2956 ἀπαλλάττεσθαι,
3564 2894 3644 2946 καὶ
3663 2908 3763 2960 χρη·

2259 2985 2443 3054 μάτων
2473 2985 2546 3043 ὠς
2574 2983 2779 3036 ἐπίπαν
2818 2983 3052 3054 ὀφθῆναι
3092 2986 3354 3054 κρείττω,
3390 2986 3448 3038 οὐ
3471 2983 3671 3054 χαλεπὸν
3695 2980 3767 3047 p.6-

585 3084 913 3144 multorum,
960 3078 1055 3132 sed
1104 3074 1302 3130 salvari
1373 3073 1676 3127 volentium
1723 3089 1844 3129 esse
1890 3083 2150 3146 certoque

2255 3091 2366 3137 vov,
2402 3074 2536 3128 ἀλλὰ
2577 3077 2669 3129 καὶ
2718 3074 2978 3129 ἀδύνατον
3038 3076 3249 3146 σχεδόν.
3289 3077 3364 3129 To
3397 3077 3438 3129 δ’
3497 3076 3662 3144 έχοντα
3691 3071 3766 3141 ῆῗη

585 3171 925 3229 credentium
949 3211 965 3234 ,
1000 3184 1060 3223 se
1089 3175 1210 3236 post
1243 3165 1408 3220 ﬁnem
1439 3165 1604 3232 hujus
1647 3165 1789 3219 lucis
1820 3168 2062 3219 omnium
2095 3167 2148 3220 in

583 3267 697 3319 vita
744 3272 1023 3334 gestorum
1060 3256 1713 3312 rationem‘reddituros.
1762 3257 1989 3312 Praestat
2031 3259 2154 3326 qui-

585 3354 710 3407 dem
757 3366 865 3404 non
897 3362 1128 3418 peccare
1180 3360 1439 3416 prorsus,
1469 3360 1648 3414 neque
1694 3347 1923 3402 maculis
1964 3349 2152 3404 multis

470 3449 488 3468 ‘
585 3445 791 3498 l’tedare
813 3440 1052 3494 animam
1081 3453 1097 3502 ;
1130 3437 1175 3491 si
1208 3444 1386 3490 tamen
1417 3435 1472 3489 id
1503 3436 1772 3499 evenerit,
1812 3452 1920 3492 non
1950 3437 2149 3492 iterum

585 3532 847 3606 peccandi
877 3529 1206 3601 principium
1247 3526 1374 3591 erit,
1415 3542 1528 3582 non
1566 3528 1726 3582 modo
1753 3543 1782 3582 a
1813 3527 2032 3583 delictis
2057 3529 2155 3584 ab-

584 3630 790 3683 stinere
817 3666 831 3689 ,
880 3622 976 3678 sed
1007 3631 1064 3676 et
1107 3619 1347 3674 admissa
1389 3619 1750 3688 sequentibus
1799 3629 1948 3673 recte
1995 3619 2154 3674 factis

581 3729 962 3786 compensare.
1013 3711 1225 3768 idcirco
1277 3693 1352 3766 te
1389 3710 1460 3764 ob
1522 3707 1691 3764 istam
1745 3711 2105 3766 mutationem
2137 3717 2174 3776 ,'

582 3809 734 3880 quod
757 3805 1051 3862 nonaliter
1082 3817 1244 3874 quam
1279 3801 1348 3857 ad
1382 3817 1729 3856 communem
1773 3801 2013 3856 fructum
2062 3817 2155 3871 pc-

585 3902 806 3957 cuniam
857 3909 1006 3953 tuam
1053 3895 1364 3951 donandam
1401 3895 1725 3958 censueris.
1763 3895 1946 3949 laudo.
1995 3894 2150 3961 Quoi

588 4002 721 4042 vero
751 4002 860 4040 non
913 3993 1143 4040 vocatus
1171 4023 1187 4050 ,
1241 3982 1339 4038 sed
1379 3983 1523 4038 ultro
1570 3983 1639 4038 ad
1679 3999 1766 4039 me
1803 3984 1995 4040 adiens
2029 3985 2154 4040 vitae

587 4078 838 4136 subsidia
868 4093 898 4132 a
927 4073 1196 4130 militibus
1233 4071 1302 4129 de
1344 4073 1567 4142 publico
1601 4073 1764 4143 pendi
1803 4074 1964 4129 solita
2014 4090 2155 4130 exm-

585 4185 758 4241 quarc
795 4167 1056 4238 petivisti,
1089 4175 1318 4219 ‘tantum
1347 4166 1505 4220 abest
1533 4173 1592 4219 ut
1622 4164 1902 4232 damnem,
1935 4175 1994 4222 ut
2027 4183 2152 4221 cum

585 4264 743 4333 prius
789 4259 906 4329 ipse
932 4264 1149 4326 meopte
1181 4255 1417 4325 impulsu
1463 4255 1560 4310 tibi
1609 4265 1835 4326 propter
1866 4255 2154 4326 experieno

587 4353 723 4406 tiam
781 4350 887 4403 hoc
923 4345 1217 4402 ministerii
1266 4346 1618 4401 committere
1659 4346 1923 4400 voluerim
1949 4386 1965 4412 ,
2004 4363 2154 4405 nunc

586 4443 828 4512 amplius
867 4439 1086 4496 credam
1113 4479 1128 4504 ,
1173 4446 1226 4494 te
1268 4437 1321 4492 id
1354 4438 1550 4493 melius
1617 4452 1681 4491 ae
1732 4439 1936 4509 justius
1969 4440 2153 4494 obitu-

590 4550 734 4591 rum.
763 4533 880 4586 Non
906 4531 1051 4586 enim
1078 4545 1229 4601 a'que
1258 4539 1313 4584 et
1337 4529 1429 4598 qui
1458 4530 1744 4599 promissis
1773 4531 1952 4599 largus
1977 4540 2079 4595 est,
2103 4541 2159 4585 et

590 4624 685 4691 qui
733 4621 872 4674 nihil
912 4620 1219 4688 promittit,
1260 4620 1529 4688 promissa
1576 4620 1797 4687 implere
1847 4623 2154 4674 enituntur.

595 4712 748 4766 llaue
789 4711 958 4778 igitur
1007 4709 1345 4777 provinciam
1385 4709 1484 4762 tibi
1526 4709 1772 4779 injungo.
1827 4709 1904 4763 Te
1937 4726 2157 4779 quoque

595 4817 694 4872 par
729 4809 814 4854 est
841 4799 1156 4852 existimare
1183 4837 1198 4864 ,
1232 4814 1340 4853 non
1379 4813 1544 4867 parva
1580 4801 1825 4866 quaedam
1883 4809 1940 4854 et
1979 4800 2162 4868 despi-

595 4891 793 4947 cabilia
827 4891 926 4944 abs
955 4900 1006 4942 te
1035 4887 1277 4954 tractari,
1307 4896 1362 4943 et
1390 4904 1511 4956 quae
1543 4903 1663 4952 nec,
1689 4889 1732 4942 si
1763 4890 1933 4958 probe
1963 4905 2161 4944 curen-

595 4994 708 5046 tur,
739 4979 1017 5037 communi
1064 4979 1357 5033 admodum
1388 4978 1696 5048 proﬁciant,
1747 4995 1847 5034 nec
1892 4996 2000 5035 non
2040 4996 2162 5048 per-

597 5075 724 5129 inde
760 5082 1014 5136 noceaut,
1050 5072 1093 5126 si
1127 5071 1368 5140 segniter
1395 5085 1458 5124 ac
1505 5071 1759 5138 nequiter
1790 5073 1944 5125 fiant.
2002 5070 2156 5137 Quod

595 5182 834 5236 namque
871 5165 925 5218 in
959 5179 1016 5218 re
1049 5164 1272 5233 politica
1314 5163 1503 5234 judex,
1539 5165 1641 5218 hoc
1690 5163 1746 5216 in
1777 5163 2015 5231 publicis
2058 5163 2158 5218 διὶ-

598 5258 814 5329 pendiis
844 5265 1100 5326 praestare
1150 5255 1322 5325 possit
1351 5265 1684 5324 equuator.
1716 5255 1932 5310 Etenim
1982 5266 2036 5312 et
2069 5257 2158 5312 ille

594 5367 662 5406 ex
699 5351 955 5419 aequitate
993 5349 1238 5404 arbitriis
1275 5348 1538 5403 faciendis
1582 5358 1638 5403 ct
1695 5349 1762 5402 ad
1802 5349 2162 5420 legum‘obe—

596 5444 860 5497 dicntiam
911 5442 1182 5509 cogendo,
1226 5439 1700 5496 bonum.civitatis
1744 5449 1943 5494 statum
1977 5441 2162 5496 conci-

595 5534 694 5587 liat
719 5550 735 5599 ;
764 5542 818 5588 et
843 5533 932 5587 hic
957 5534 1002 5588 si
1029 5535 1207 5603 justus
1229 5547 1371 5594 esse,
1397 5532 1786 5601 communique
1812 5533 2161 5587 commodare

595 5624 750 5689 velit,
779 5625 916 5680 alios
943 5623 1220 5693 spoliabit,
1249 5625 1295 5678 si
1329 5624 1468 5677 ultra
1496 5623 1704 5693 justum
1739 5622 1949 5677 fructus
1978 5623 2160 5692 perci-

599 5710 772 5779 piant,
801 5711 960 5781 377
980 5711 1103 5768 aliis
1129 5712 1310 5768 minus
1343 5711 1670 5766 habentibus
1685 5711 1804 5781 plus
1829 5711 2012 5777 addet,
2038 5725 2157 5765 om-

1321 5816 1354 5824 ο.-

2265 3170 2357 3221 καὶ
2393 3168 2556 3238 μηδὲν
2600 3166 2974 3220 ὑποπτεύοντα
3023 3167 3198 3220 δεινὸν
3243 3170 3380 3238 περὶ
3407 3167 3590 3228 αὐτῶν,
3620 3165 3766 3216 ἐπειτι

2265 3261 2457 3314 ἑκόντα
2499 3259 2825 3330 βουληθῆναι
2860 3258 3181 3320 ἀποθέσθαι,
3219 3261 3320 3312 καὶ
3355 3260 3391 3314 ἃ.
3442 3257 3662 3322 συνέλεξε
3693 3272 3768 3305 κιο

2263 3349 2373 3411 κῶς
2403 3348 2706 3417 χρήσασθαι
2743 3349 2821 3408 εἰς
2851 3347 2989 3412 δέον,
3021 3347 3080 3398 οὐ
3122 3345 3230 3399 τῶν
3272 3347 3500 3408 πολλῶν,
3540 3346 3654 3398 ἀλλὰ
3685 3342 3765 3395 τῶν

2264 3439 2605 3510 βουλομένων
2665 3438 2976 3503 σώζεσθαι,
3010 3440 3106 3491 καὶ
3159 3441 3542 3510 πεπεισμένων
3577 3435 3768 3504 ἀκριϐῶς

2261 3534 2339 3596 ὡς
2395 3533 2615 3586 πάντων
2668 3533 2996 3602 παρέξουσιν
3050 3532 3292 3590 εὐθύνας
3337 3533 3442 3586 τῶν
3473 3531 3765 3601 βεϐιωμένων

2267 3624 2403 3695 μετὰ
2431 3624 2528 3689 τὴν
2585 3623 2794 3676 ἐνθένδε
2822 3623 3167 3692 ἀπαλλαγήν.
3207 3623 3430 3678 Βέλτιον
3484 3624 3574 3693 μὲν
3600 3622 3688 3689 γὰρ
3711 3618 3766 3684 μὴ

2262 3714 2600 3785 ἁμαρτάνειν
2629 3715 2728 3779 τὴν
2775 3714 2970 3784 ἀρχὴν,
3007 3715 3145 3784 μηδέ
3174 3716 3366 3784 κηλίσι
3397 3715 3600 3776 πολλαῖς
3642 3727 3770 3764 κατα·

2267 3807 2503 3876 μιαίνειν
2549 3807 2646 3876 τὴν
2699 3805 2898 3876 ψυχήν.
2941 3806 3038 3858 “Av
3098 3806 3143 3860 δ’
3174 3806 3291 3878 ἀρα
3341 3807 3494 3860 τοῦτο
3537 3801 3768 3874 συμδιίνῃ.

2262 3899 2521 3968 δευτέρας
2550 3897 2966 3967 ἀναμαρτησίας
2995 3897 3158 3968 ἀρχὴ,
3191 3898 3252 3951 τὸ
3293 3898 3370 3969 μὴ
3407 3898 3557 3968 μόνον
3591 3912 3640 3948 τε
3667 3891 3772 3944 πούς

2267 3989 2463 4041 σασθαι
2484 3987 2594 4040 τῶν
2619 3987 2827 4055 κακῶν,
2849 3986 2986 4040 ἀλλὰ
3015 3991 3109 4043 καὶ
3155 3988 3485 4060 ἀντίρροπον
3521 3985 3767 4040 ἐπιδείκνυ·

2265 4077 2386 4131 σθαι
2415 4078 2521 4130 τῶν
2551 4077 2772 4143 ἀγαθῶν
2828 4078 2927 4145 τὴν
2961 4077 3248 4146 ἐργασίαν.
3312 4079 3412 4131 Διά
3440 4077 3598 4130 ταῦτα
3623 4073 3676 4142 δὴ
3701 4067 3772 4122 καῖ

2266 4168 2472 4222 ἐπαινῶ
2503 4185 2562 4221 σε
2594 4168 2695 4237 τῆς
2739 4167 3062 4238 μεταϐολῆς,
3105 4170 3198 4222 καὶ
3241 4169 3338 4223 τοῦ
3389 4171 3462 4240 μὴ
3484 4169 3659 4238 τρόπον
3684 4162 3770 4213 ἒπ-

2267 4278 2380 4332 ρον,
2413 4259 2526 4316 ἀλλ’
2558 4260 2697 4330 ὑπὲρ
2727 4260 2834 4314 τῶν
2866 4263 3021 4330 κοινῇ
3055 4263 3447 4330 συμφερόντων
3475 4261 3535 4312 τὰ
3563 4258 3769 4328 χρήματι

2267 4351 2595 4420 βουληθῆναι
2645 4350 2943 4405 ἐπιδοῦναι.
3004 4353 3128 4405 Ὀτι
3181 4354 3241 4406 δὲ
3302 4355 3376 4424 μὴ
3444 4349 3767 4421 προσκληθεὶε.

2188 4445 2229 4500 D
2259 4443 2393 4496 ἀλλά
2422 4444 2688 4514 πρότερος
2730 4443 3046 4514 προσελθὼν
3096 4445 3260 4508 αὐτὸς
3290 4447 3352 4498 τὸ
3395 4442 3660 4498 ἐπανισοῦν
3687 4439 3770 4496 τοῖς

2261 4538 2627 4604 στρατιώταις
2656 4537 2752 4598 τὰς
2778 4538 2842 4588 ὲκ
2879 4536 2985 4588 τῶν
3026 4536 3302 4606 δημοσίων
3338 4538 3538 4608 ᾔτησας
3565 4534 3646 4586 τοῦ
3684 4530 3770 4600 βίον

2259 4630 2532 4700 ἀφορμὰς,
2580 4629 2831 4683 τοσοῦτον
2863 4629 3052 4699 ἀπέχω
3084 4631 3534 4698 καταγινώσκειν,
3560 4627 3681 4679 ὥστε
3702 4620 3770 4672 κεί

2257 4721 2524 4791 πρότερον
2571 4723 2733 4775 αὑτὸν
2787 4722 3000 4775 οἴκοθεν
3057 4723 3392 4802 ὡρμημένον
3439 4725 3520 4775 διὰ
3559 4721 3644 4788 τὴν
3673 4716 3769 4802 πίξί

2257 4809 2432 4863 ταῦτα
2454 4811 2742 4880 ἐμπειρίαν
2768 4827 2852 4862 σοι
2880 4809 2980 4879 τὴν
3017 4801 3324 4880 ὑπηρεσίαν
3354 4809 3673 4880 ἐγχεερῖειν.
3702 4801 3769 4852 νῦν

2265 4901 2462 4969 μᾶλλον
2487 4902 2778 4963 ἀνέπεισας
2804 4901 3011 4970 βέλτιον
3037 4901 3247 4956 οῐεσθαι
3269 4904 3362 4956 καὶ
3398 4904 3700 4966 δικαιότερον
3719 4891 3767 4940 τὶ

2257 4990 2481 5042 τοιαῦτα
2507 4991 2821 5059 διοικήσειν.
2848 4993 2922 5043 Οὐ
2951 4991 3054 5061 γὰρ
3073 4993 3275 5060 ὁμοίως
3310 4993 3338 5046 ὅ
3366 5008 3424 5045 τε
3455 4990 3609 5043 πολλὰ
3637 4988 3766 5044 ἐπαγ-

2258 5081 2579 5150 γειλάμενος
2610 5083 2701 5134 καὶ
2721 5083 2747 5133 ὁ
2775 5081 2958 5151 μηδὲν,
2991 5083 3118 5152 περὶ
3143 5085 3252 5136 τῶν
3279 5082 3675 5152 ἐπηγγελμένων
3693 5090 3728 5125 τ.
3746 5089 3766 5120 ν

2258 5172 2605 5242 ἐκπλήρωσιν
2658 5172 3040 5227 σπουδάσουσι.
3091 5174 3203 5242 Τὴν
3238 5175 3336 5244 μὲν
3378 5171 3468 5227 οὖν
3517 5163 3766 5236 ὑπηρεσίαν

2259 5259 2366 5313 τῶν
2416 5260 2669 5312 τοιούτων
2719 5261 3017 5328 ἐπιτρέπω.
3073 5262 3138 5315 Σὲ
3184 5263 3241 5315 δὲ
3274 5265 3365 5315 καὶ
3404 5260 3559 5314 αὺτδν
3598 5252 3761 5308 alexim

2259 5353 2553 5420 προσῆκον,
2583 5351 2659 5420 μὴ
2694 5350 2864 5420 μικρά
2913 5368 3032 5404 τινα
3081 5352 3176 5405 καὶ
3226 5349 3654 5419 εὐκαταφρόνητα
3688 5355 3761 5404 με·

2256 5442 2453 5508 τιέναι,
2501 5441 2622 5512 μηδ’
2667 5436 2776 5506 οἷα,
2833 5443 2968 5513 μήτε
3026 5444 3367 5514 διοικούμενα
3411 5440 3574 5500 καλῶς
3603 5431 3762 5493 πολλὴν

2258 5531 2523 5598 ὠφέλειαν
2550 5533 2810 5601 παρέχειν
2840 5531 2916 5602 τῷ
2943 5533 3128 5602 κοινῷ,
3168 5535 3288 5605 μήτ’
3331 5531 3521 5598 ἐπίσης
3550 5526 3721 5596 βλάπτε
3741 5531 3762 5564 ν

2257 5621 2323 5674 ἂν
2353 5621 2615 5692 ῥᾳθύμως
2645 5624 2737 5674 καὶ
2757 5624 3079 5693 πανούργως
3113 5627 3470 5695 πράττωνται.
3506 5622 3660 5684 Ὅπερ
3678 5608 3760 5678 γάρ

2259 5716 2373 5769 ἐστι
2401 5717 2512 5780 τοῖς
2537 5716 2834 5782 πολιτικοῖς
2863 5720 3185 5790 πράγμασιν
3215 5722 3240 5772 ό
3278 5716 3484 5788 κριτὴς,
3513 5713 3651 5764 τοῦτο
3672 5703 3756 5762 τάς
