3992 6202
251 356 366 419 ’ἶξιξὶ

1375 320 1907 418 ttts'rotmnun
1948 361 2172 419 manu
2217 361 2332 420 ιιι.

3383 357 3488 419 ’754

239 466 532 535 τημοσίοις
567 466 770 519 δύναιτ’
800 467 865 520 ἃν
925 470 952 520 ὁ
985 468 1266 537 ἐξισωτής.
1330 468 1569 530 Ἐκεῖνος
1621 485 1678 520 τε
1715 468 1822 534 γὰρ

1939 483 2134 536 aesque
2167 471 2233 524 ad
2265 469 2604 526 militandum
2653 477 2935 540 promptos
2958 507 2973 533 ,
3002 476 3058 524 et
3087 465 3343 522 ordinum
3385 457 3506 522 ob-Q.

253 564 516 631 εὐνομίαν
544 566 666 625 ταῖς
716 565 904 618 πόλεσι
956 563 1388 634 παρασκευάζει,
1425 563 1646 624 δικαίως
1681 561 1821 614 διαι-

207 695 210 698 -
252 655 387 719 τῶν,
421 656 650 718 καὶτοῖς
683 656 868 723 νόμοις
901 655 1186 709 πείθεσθαι
1227 654 1681 722 καταναγκάζων.
1713 655 1824 708 Καὶ

251 741 404 810 οὗτος
433 748 501 800 ἂν
528 747 684 817 ἐθέλῃ
717 747 788 799 τά
810 747 995 800 δίκαια
1027 750 1201 799 ποιεῖν
1226 748 1320 800 καὶ
1347 747 1414 799 τά
1440 744 1823 800 λυσιτελοῦντα

250 839 331 907 τῷ
350 839 544 906 κοινῷ,
563 838 669 890 τῶν
699 838 797 906 μὲν
824 837 1190 908 ἀφαιρήσεται
1213 839 1280 892 ἂν
1315 839 1477 891 πλέον
1505 838 1825 908 καρπῶνται

198 925 202 928 ’
249 929 346 980 τοῦ
379 928 620 980 δικαίου·
646 929 756 988 τοῖς
783 928 838 980 δὲ
887 928 1107 980 ἔλαττον
1154 928 1339 998 ἔχουσι
1377 927 1653 998 προσθεὶς,
1696 946 1827 997 προ-

251 1019 462 1086 θύμους
497 1019 630 1088 πρὸς
657 1020 755 1082 τὰς
814 1018 1107 1090 στρατείας
1138 1022 1554 1091 παρασκευάσει
1594 1020 1826 1084 πάντας,

252 1110 344 1160 καὶ
373 1109 744 1175 φυλάττοντας
772 1110 871 1180 τὴν
893 1110 1064 1173 τάξιν,
1108 1109 1204 1163 καὶ
1244 1111 1598 1180 πειθομένους
1629 1111 1828 1179 ἄριστα

251 1202 363 1258 τοῖς
395 1201 746 1267 στρατηγοῖς,
780 1199 854 1262 ὡς
877 1195 970 1252 οὖν
997 1201 1206 1268 μεγάλα
1250 1202 1706 1270 πεπιστευμένος,
1737 1202 1830 1253 καί⁵

248 1293 582 1359 τζμέγιστα
638 1291 1052 1360 συίμϐαλλόμενα
1108 1292 1243 1361 πρὸς
1274 1293 1371 1362 τὴν
1404 1295 1673 1362 διοίκησιν
1721 1293 1830 1346 τῶν

249 1383 414 1442 ὅλον,
456 1381 601 1433 οὕτω
655 1382 761 1452 χρὴ
817 1384 910 1434 καὶ
944 1383 1259 1445 πεπεῖσθαι,
1301 1385 1392 1443 καὶ
1443 1386 1832 1454 προσήκουσαν

252 1473 498 1540 σπουδὴν
531 1473 626 1525 καλ⁵
679 1475 992 1542 προθυμίαν
1042 1475 1446 1528 ἐπιδείκνυσθαι
1487 1477 1578 1530 ἐπὶ
1608 1478 1714 1537 τοῖς
1744 1477 1832 1547 ἐρα

250 1582 399 1631 γοις.
433 1564 674 1618 Τοιαῦτα
732 1564 830 1632 μὲν
877 1564 1059 1634 διῆλθε
1113 1566 1249 1634 πρὸς
1301 1567 1490 1630 αὐτὸν,
1536 1567 1833 1634 ἀπολογίαν

251 1657 583 1722 ποιούμενος
615 1655 702 1724 ἐφ’
730 1650 811 1718 οἷς
859 1656 1034 1724 ἠξίου.
1095 1657 1328 1710 Ἔπειτα
1374 1657 1482 1709 τῶν
1533 1657 1833 1726 χρημάτων

252 1744 592 1796 ἐπυνθάνετο
619 1746 710 1798 τὸν
739 1745 972 1816 άριθμὸν
1007 1746 1204 1808 ὁπόσος
1229 1747 1338 1817 εἴη.
1373 1747 1481 1800 Τοῦ
1507 1749 1562 1801 δὲ
1592 1752 1832 1818 ἀποκρι-

253 1838 517 1903 ναμένου,
549 1837 772 1906 χρυσίου
822 1836 920 1905 μὲν
955 1833 1096 1891 εἶναι
1151 1839 1416 1908 μυριάδας
1443 1839 1594 1903 δέκα,
1629 1841 1832 1895 ἔπιπλά

253 1942 319 1979 τε
359 1929 450 1978 καῖ
504 1926 672 1998 σκεύη
707 1928 772 1979 ἐκ
812 1927 1012 2000 χρυσοῦ
1043 1929 1391 1998 πεποιημένα
1433 1929 1528 1982 καὶ
1553 1930 1830 2000 ἀργύρου,

252 2015 504 2084 χρυσίων
536 2018 1016 2087 τετρακισμυρίων
1054 2018 1201 2084 ἄξια,
1236 2021 1326 2074 καὶ
1365 2019 1538 2073 ταῦτα
1591 2019 1832 2088 φαμένου

253 2105 445 2157 πάντα
477 2106 538 2158 τὸ
568 2107 664 2160 νῦν
707 2097 848 2179 ἔχον,
875 2110 1105 2179 ετοίμως
1134 2111 1409 2164 ἐπιδοῦναι
1434 2111 1599 2182 ἔχειν,
1623 2111 1731 2164 τῶν
1757 2113 1834 2165 ol-

251 2197 439 2247 κετῶν
473 2199 982 2267 μετακαλεσάμενός
1027 2219 1173 2265 τινα,
1217 2202 1450 2266 Οὐκοῦν,
1489 2203 1614 2272 ἔφη,
1663 2202 1834 2256 ταῦτα

249 2288 438 2356 τούτῳ
494 2290 733 2358 παράδος
768 2291 1042 2348 ἀπελθών.
1095 2294 1185 2358 Ὠς
1235 2295 1291 2348 δὲ
1344 2295 1508 2364 μηδὲν
1561 2295 1833 2367 μελλήσας

250 2372 562 2441 ἐπορεύετο
619 2377 683 2428 τὰ
742 2382 1192 2451 προστεταγμένα
1251 2383 1644 2453 ἐκπληρώσων,
1706 2386 1835 2455 πρὶν

251 2465 450 2518 οἴκαδε
491 2467 706 2532 -ἒλθείν,
760 2473 787 2522 ὁ
826 2471 999 2540 μέγας
1053 2473 1374 2542 δομέστικος
1424 2475 1673 2528 ἐκέλευεν
1707 2477 1838 2530 ἀνα-

257 2557 550 2625 στρέφειν,
603 2561 693 2612 καὶ
716 2560 814 2628 τῆς
847 2561 943 2631 μὲν
980 2562 1290 2633 προθυμίας
1320 2564 1481 2617 ’ἑνεκα
1519 2564 1741 2635 ἐπῄνει,
1768 2565 1839 2619 τὰ

251 2648 527 2716 χρήματα
557 2650 612 2702 δὲ
641 2651 890 2729 ἐκέλευεν
917 2653 1080 2707 eam
1112 2655 1404 2724 φυλάττειν
1429 2695 1446 2720 ,
1486 2657 1560 2721 ὡς
1599 2656 1696 2711 νῦν
1739 2657 1840 2727 μὲν

253 2736 450 2788 αὐτῶν
475 2737 536 2788 οὐ
564 2737 818 2810 δεομένῳ.
866 2742 989 2796 Ἐάν
1015 2743 1073 2796 δὲ
1128 2745 1236 2810 τῶν
1278 2747 1425 2800 ίδίων
1450 2747 1838 2802 ἀναλωθέντων

254 2827 362 2878 καὶ
393 2827 600 2881 τούτων
629 2831 816 2902 δεηθῇ,
860 2832 968 2887 τότ’
999 2835 1100 2906 ἤδη
1135 2835 1435 2906 λαμϐάνειν
1465 2839 1539 2902 ὡς
1569 2839 1718 2910 αὐτῷ
1746 2843 1837 2894 καὶ

254 2915 442 2969 ταῦτα
473 2917 816 2988 διαφέροντα,
860 2924 952 2976 καὶ
996 2925 1327 2992 ἀναλίσκειν,
1368 2928 1490 2980 ὅποι
1519 2929 1586 2982 ἂν
1609 2931 1736 3000 δοκῇ
1761 2931 1840 3002 τῷ

257 3005 436 3075 κοινῷ
465 3007 809 3062 άναλωθέντα
843 3012 1078 3080 μάλιστα
1103 3014 1495 3086 λυσιτελήσειν.
1536 3019 1595 3073 Ὀ
1617 3018 1662 3072 δ’
1693 3020 1840 3091 άπη-

1930 571 2251 626 servantes,
2306 571 2362 617 et
2410 562 2643 617 ducibus
2695 560 3220 630 obsequentissimos
3269 559 3485 613 reddet.

1927 654 2066 721 Quia
2091 655 2260 724 igitur
2317 670 2636 726 magnarum
2665 662 2722 709 et
2749 653 2817 709 ad
2853 652 3304 722 gubernationem
3335 667 3490 705 sum-

1930 758 2032 798 mae
2083 742 2401 812 reipublicae
2441 743 2860 798 utilissimarum
2920 757 3103 798 rerum
3138 742 3233 795 tibi
3282 741 3490 796 credita

1929 849 2060 889 cura
2089 844 2170 889 est
2197 877 2212 900 ,
2253 844 2304 889 te
2348 833 2401 889 id
2455 834 2659 890 sentire
2686 874 2700 897 .
2738 842 2794 888 et
2841 834 2894 887 in
2947 848 3110 903 Opere
3159 834 3494 890 conveniens

1929 925 2168 981 studium
2214 925 2658 994 alacritatemque
2717 925 2981 980 adbibere
3028 933 3267 994 oportet.
3315 928 3494 994 Atque

1931 1013 2045 1070 hinc
2071 1015 2292 1084 quidem
2332 1015 2401 1069 ad
2454 1015 2572 1084 ejus
2642 1016 2958 1086 petitionem
2988 1016 3269 1080 disseruit,
3305 1030 3370 1070 ac
3405 1031 3494 1070 re-

1931 1105 2173 1174 apondit,
2230 1115 2373 1175 post,
2409 1115 2676 1175 quantum
2721 1116 2865 1162 esset
2908 1109 3174 1177 pecuniae,
3220 1107 3494 1176 quaesivit.

1933 1195 2012 1250 Eo
2048 1197 2431 1264 respondente.
2467 1212 2762 1252 aureorum
2807 1209 3026 1254 centum
3072 1198 3265 1261 millia,
3311 1199 3497 1267 supel-

1933 1289 2167 1343 Iectilem
2192 1303 2326 1342 vero
2354 1296 2405 1342 et
2439 1289 2563 1342 'vasa
2608 1303 2674 1342 ex
2704 1304 2840 1343 auro
2885 1298 3223 1360 argentoque
3251 1290 3493 1360 quadra-

1931 1381 2078 1451 ginta
2134 1379 2380 1434 millibus
2425 1379 2726 1446 aestimata,
2757 1395 2877 1450 quae
2923 1381 3108 1434 omnia
3147 1380 3200 1434 in
3254 1396 3499 1451 praasens

1933 1469 2141 1524 donare
2173 1477 2397 1538 paratus
2419 1470 2510 1532 sit,
2539 1463 2776 1538 quodam
2805 1469 3132 1524 famulorum
3161 1470 3359 1535 accito,
3393 1471 3496 1526 Abi

1933 1565 2102 1633 igitur
2129 1605 2144 1629 ,
2188 1563 2410 1634 inquit,
2446 1574 2502 1619 et
2550 1564 2677 1618 huic
2709 1564 2773 1616 da
2809 1562 3021 1618 isthtec.
3067 1561 3168 1626 Qui
3213 1576 3336 1616 cum
3381 1561 3500 1616 sine

1933 1668 2087 1708 mora
2115 1654 2461 1724 abiretjussa
2493 1653 2870 1717 confecturos,
2919 1653 3237 1722 priusquam
3277 1651 3500 1706 donuun

1935 1745 2252 1814 attingeret,
2287 1761 2514 1815 magnus
2537 1744 2871 1799 domesticus
2911 1760 3036 1799 enin
3078 1751 3320 1808 revocat,
3348 1752 3405 1798 et
3434 1743 3503 1796 de

1933 1835 2159 1891 libentia
2188 1833 2586 1897 collaudatum,
2615 1835 2878 1904 pecunias
2893 1849 3111 1889 servare
3145 1833 3324 1905 jubet,
3354 1835 3503 1903 quod

1934 1923 2004 1978 iis
2044 1907 2217 1978 modo
2265 1939 2375 1977 non
2429 1933 2605 1994 egeat.
2646 1922 2749 1979 Ubi
2789 1923 2904 1978 suis
2941 1924 3281 1992 consumptis
3323 1932 3377 1976 et
3417 1923 3505 1978 his

1934 2013 2257 2084 indiguerit,
2297 2023 2412 2068 tum
2458 2013 2603 2082 ipsas
2648 2028 2868 2084 quoque
2905 2021 2966 2068 ut
3018 2011 3124 2067 sibi
3165 2012 3504 2067 necessarias

1934 2114 2311 2174 accepturum,
2365 2104 2549 2173 ibique
2596 2119 2690 2159 eas
2739 2105 3048 2173 positurum
3085 2143 3100 2168 ,
3139 2103 3233 2158 ubi
3311 2119 3500 2156 earnm

1934 2197 2182 2264 erogatio
2206 2194 2526 2264 reipublicae
2566 2194 2863 2261 plurimum
2894 2193 3180 2263 profutura
3203 2192 3503 2246 videbitur.

1944 2285 2045 2340 llic
2095 2285 2190 2340 ille
2236 2285 2474 2354 primum
2522 2283 2868 2353 tergiversari
2911 2293 2967 2339 et
3007 2282 3262 2337 dictitare
3313 2298 3506 2350 parum

1937 2376 2356 2447 sibijucundam
2399 2390 2519 2430 esse
2556 2374 2806 2445 pecuniae
2855 2373 3182 2430 custodiam.
3217 2373 3507 2429 Verumta-

1938 2483 2064 2522 men
2110 2469 2373 2537 imperata
2429 2465 2608 2522 facere
2651 2481 2874 2522 necesse
2924 2466 3133 2522 habuit.
3189 2466 3502 2524 Secundum

1937 2559 2058 2616 haec
2114 2575 2343 2630 magnus
2383 2559 2722 2615 domesticus
2768 2559 3107 2628 primoribus
3158 2559 3391 2629 singulis
3447 2570 3505 2616 et

1940 2655 2146 2722 alioqui
2187 2653 2476 2708 nobilitate
2514 2652 2927 2722 praestantibus,
2964 2662 3020 2708 et
3063 2662 3329 2723 praeterea
3365 2654 3510 2708 mili-

1941 2745 2088 2800 tibus
2121 2743 2424 2808 accersitis,
2457 2754 2722 2814 quantum
2751 2745 2950 2814 cuique
2983 2744 3284 2814 imperator
3320 2744 3509 2799 decre—

1939 2840 2143 2904 visset,
2207 2837 2680 2908 percuntiabatur,
2733 2845 2788 2892 et
2850 2845 3132 2892 tantumne
3176 2837 3384 2902 modo,
3439 2851 3508 2890 an

1942 2929 2123 2993 minus
2147 2928 2515 2998 possiderent.
2550 2925 2764 2992 Quibus
2790 2927 3072 2997 sigillatim
3101 2926 3247 2997 quod
3277 2941 3368 2981 res
3389 2935 3512 2980 erat

1945 3019 2432 3090 respondentibus,
2466 3019 2776 3074 Patriciotas
2821 3019 3121 3086 mandavit,
3151 3029 3211 3074 ut
3235 3018 3329 3089 qui
3359 3007 3540 3072 frau?

255 3097 470 3195 τόρευε
505 3098 604 3195 μὲν
629 3100 739 3152 τῶν
784 3103 1078 3170 χρημάτων
1127 3107 1226 3176 τὴν
1273 3107 1543 3177 φυλακὴν,
1600 3108 1663 3162 οὐ
1718 3109 1839 3164 καθ’

1944 3110 2056 3165 deti
2087 3119 2312 3177 essent,
2354 3126 2545 3166 eorum
2586 3109 2783 3164 damna
2829 3110 3121 3166 resarciret
3145 3153 3160 3177 ,
3195 3117 3251 3165 et
3283 3110 3514 3178 insuper

261 3188 469 3256 ἡδονὴν
499 3186 640 3244 είναι
665 3192 890 3261 φάσκων
919 3194 1066 3264 αὑτῷ
1085 3199 1486 3268 παρακατέχειν
1515 3201 1617 3255 ἔτι.
1651 3201 1840 3271 Ὅμως

260 3281 595 3345 ἀναγκαίως
620 3285 1090 3354 προσταττόμενος
1121 3287 1389 3342 ἐπείθετο.
1422 3288 1572 3344 Μετὰ
1605 3291 1762 3344 τοῦτο
1785 3293 1843 3345 δὲ

256 3371 289 3422 ὁ
330 3371 512 3436 μέγας
542 3371 882 3441 δομέστικοε,
915 3375 1022 3428 τῶν
1059 3393 1117 3429 τε
1151 3379 1536 3450 συγκλητικῶν
1567 3381 1689 3435 καθ’
1721 3383 1841 3446 ἕνα,

261 3463 372 3512 καὶ
406 3461 517 3513 τῶν
558 3463 733 3527 ἄλλως
783 3467 1031 3538 εὐγενείᾳ
1077 3469 1467 3542 διαφερόντων,
1527 3473 1719 3527 ἔπειτα
1752 3475 1845 3529 καὶ

261 3552 622 3620 στρατιώτας
657 3557 1153 3629 μετακαλούμενος,
1187 3565 1284 3634 τῆς
1315 3579 1374 3615 τε
1406 3563 1553 3635 παρὰ
1584 3564 1845 3633 βασιλέως

261 3643 739 3717 άποτεταγμένης
793 3649 1009 3721 ἑκάστῳ
1065 3655 1324 3723 προνοέας
1379 3654 1708 3709 ἐπυνθάνετο
1755 3658 1845 3709 τὸν

262 3733 516 3802 ὀριθμδν
558 3739 650 3790 καὶ
681 3738 730 3792 εί
762 3740 1013 3796 τοσοῦτον
1043 3744 1306 3815 κέκτηται
1335 3744 1450 3812 νῦν,
1485 3745 1517 3816 ἢ
1567 3745 1658 3799 τοῦ
1686 3763 1846 3800 “ramo

259 3823 486 3890 γμένου
521 3822 682 3896 ἦττον
707 3844 721 3859 °
745 3829 854 3885 τῶν
881 3832 938 3885 δὲ
959 3833 1410 3904 ἀποκρινομένων
1442 3837 1673 3890 ἑκάστου
1698 3840 1848 3902 ὅπως

262 3912 396 3985 εἶχε
426 3919 496 3970 τά
533 3921 718 3986 αὑτοῦ,
753 3925 866 3986 τοῖς
914 3925 1014 3994 μὲν
1053 3927 1528 3998 άπεστερημένοις
1566 3930 1846 3985 τιῖ›ν,δεόνο

261 4024 390 4059 των
437 4010 533 4061 τὸν
581 4011 966 4083 Πατρικιὼτην
1016 4017 1269 4071 ἐκέλευεν
1320 4018 1696 4090 ἀναπληροῦν,
1756 4023 1891 4074 καὶ·

265 4099 511 4169 προσέτι
539 4102 909 4170 προστιθέναι,
939 4106 1065 4159 ὅσον
1091 4108 1242 4178 αὑτῷ
1272 4109 1454 4174 καλῶς
1487 4103 1630 4180 ἔχειν
1652 4109 1848 4178 ἐδόκει,

262 4191 562 4258 ἀναλόγως
608 4194 822 4271 ἑκάστῳ
865 4197 964 4264 τὴν
997 4199 1322 4268 εὐεργεσίαν
1368 4201 1700 4271 προστιθείς.
1727 4202 1852 4268 Τοῖς

1947 3210 2211 3272 quantum
2241 3202 2438 3258 decere
2471 3201 2744 3279 iudicaret
2769 3240 2787 3268 ,
2829 3211 3070 3272 spectata
3112 3201 3375 3272 cujusque
3424 3201 3513 3256 di-

1946 3296 2153 3366 gnitate
2213 3303 2270 3350 et
2313 3294 2527 3350 meritis
2586 3293 2869 3365 adjiceret.
2919 3294 3024 3360 Qui
3071 3293 3139 3350 ab
3179 3295 3513 3364 imperatore

1946 3385 2277 3441 sufﬁcientia
2306 3385 2576 3441 haberent
2619 3387 2914 3455 stipendia,
2956 3386 3066 3441 illis
3109 3387 3365 3442 similiter
3405 3387 3511 3441 alia

1948 3477 2074 3530 addi
2109 3475 2290 3547 jussit.
2323 3476 2413 3531 Sic
2439 3477 2636 3532 diebus
2669 3480 2948 3547 sexaginta
2983 3478 3217 3534 maxime
3243 3478 3513 3534 divisione

1949 3566 2142 3631 facta,
2165 3581 2292 3620 cum
2328 3567 2512 3622 minus
2560 3568 2895 3624 habentibus
2940 3569 3085 3638 quod
3122 3569 3313 3623 deerat
3349 3584 3510 3624 acce-

1949 3659 2101 3714 deret
2126 3672 2249 3712 cum
2293 3658 2562 3722 auctario,
2604 3669 2658 3714 et
2698 3659 2924 3728 reliquis
2965 3659 3102 3714 nihil
3140 3660 3512 3716 desideranti-

1949 3750 2054 3806 bus
2075 3759 2253 3804 tamen
2281 3749 2598 3816 adderetur,
2627 3747 2868 3804 universi
2908 3749 3155 3804 contenti
3196 3750 3512 3821 stipendiis,

1949 3857 2202 3913 magnum
2229 3841 2591 3897 domesticum
2630 3841 2928 3912 gratiarum
2970 3842 3188 3898 actione
3213 3859 3512 3912 proseque-

1950 3933 2186 3997 bantur,
2243 3940 2301 3987 et
2342 3931 2658 4002 ubicunque
2695 3937 2970 3988 terrarum
3006 3933 3270 3990 adversus
3316 3933 3520 4000 Roma;

1951 4039 2148 4079 norum
2189 4024 2375 4079 hostes
2399 4023 2466 4079 ad
2506 4023 2896 4080 decertandum
2922 4041 2981 4082 se
3007 4035 3232 4096 paratos
3256 4026 3515 4082 ostende-

1950 4115 2106 4181 bant,
2131 4131 2284 4170 arma
2317 4123 2667 4186 extergentcs
2703 4126 2760 4171 et
2785 4131 2958 4186 equos
2996 4117 3278 4173 consuetis
3330 4117 3518 4188 plures

1951 4219 2018 4260 ac
2065 4204 2322 4260 meliores
2366 4217 2785 4275 comparantes,
2825 4206 3182 4278 dolentesque
3232 4209 3412 4279 plane,
3457 4221 3518 4264 ut

260 4281 326 4332 δὲ
363 4281 641 4344 άνενδεεῖς
662 4285 760 4348 τὰς
789 4285 851 4336 ἐκ
877 4284 1145 4355 βασιλέως
1181 4287 1364 4358 ἔχουσι
1412 4289 1731 4358 προσόδους,
1759 4293 1839 4345 καί

1954 4295 2293 4364 apparebat,
2334 4295 2482 4364 quod
2529 4310 2641 4349 non
2679 4295 2846 4353 citius
2887 4295 2956 4352 ad
3001 4297 3241 4354 hosﬁum
3290 4300 3519 4371 injurias

259 4373 466 4433 αὐτοῖς
494 4373 744 4427 ἐκέλευεν
787 4375 988 4444 ὁμοίως
1020 4378 1158 4447 πρὸς
1188 4373 1269 4440 οἷς
1301 4378 1486 4447 ἔχουσι
1525 4379 1619 4433 καὶ
1657 4381 1839 4452 ἐτέρας

1956 4384 2333 4440 defendendas
2349 4383 2758 4440 educerentur.

265 4462 656 4556 προστιθέναι.
688 4464 886 4556 Καὶέν
947 4466 1213 4537 ἐξήκοντα
1279 4469 1517 4539 ἡμέραις
1563 4471 1800 4540 μάλιστα
1863 4474 2231 4545 γεγενημένου
2287 4472 2384 4527 τοῦ
2435 4475 2769 4546 άναδασμοῦ,
2803 4478 2916 4540 τοῖς
2969 4494 3028 4532 τε
3069 4477 3292 4556 ἔλαττον
3336 4482 3522 4552 έχουσι

265 4551 637 4621 προσετίθετο
667 4554 729 4607 τὸ
775 4555 1018 4610 ἐλλεῖπον
1079 4559 1217 4628 μετά
1280 4560 1617 4631 προσθήκης,
1651 4565 1743 4616 καὶ
1793 4567 1909 4628 τοῖς
1945 4564 2287 4634 λειπομένοις
2337 4564 2562 4636 μηδενὸς
2599 4565 2634 4633 ἠ
2667 4565 2951 4640 προσθήκη
2999 4551 3521 4639 προσεγίνετοξνΚαὶ

263 4644 487 4703 πάντες
521 4643 853 4716 ἐξαρχούσας
884 4649 981 4712 τὰς
1029 4650 1323 4720 προσόδους
1378 4652 1742 4722 ἡγησάμενοι,
1801 4653 2028 4726 χάριτάς
2053 4671 2112 4708 τε
2179 4653 2496 4724 ὡμολόγουν
2541 4653 2620 4725 τῷ
2685 4656 2914 4726 μεγάλῳ
2943 4657 3250 4730 δομεστίκῳ
3293 4661 3518 4728 πολλάς,

263 4737 373 4791 καὶ
405 4739 678 4808 πρόθυμοι
721 4736 862 4810 ἦσαν
909 4740 1020 4804 τοῖς
1079 4743 1418 4814 ὁπουδήποτε
1453 4745 1558 4816 γῆς
1593 4746 1705 4801 τῶν
1781 4747 2068 4816 Ῥωμαίων
2103 4747 2388 4817 πολεμίοις
2458 4747 2747 4818 μάχεσθαι.
2817 4749 2930 4805 Καὶ
2965 4749 3108 4804 ὅπλα
3155 4753 3521 4819 ἐπεσκεύαζον

262 4833 680 4903 διασμήκοντες
715 4873 730 4899 ,
806 4839 900 4890 καὶ
959 4837 1157 4899 ἵππους
1220 4839 1678 4908 προσεπορίξοντο
1744 4841 1838 4894 καὶ
1879 4841 2099 4903 πλείους
2159 4840 2252 4893 καὶ
2319 4839 2559 4908 βελτίους
2588 4840 2700 4894 τῶν
2742 4844 3072 4914 προτέρωνο
3104 4843 3202 4897 καὶ
3229 4843 3363 4906 ὅλως
3411 4843 3523 4897 ἐδό-

266 4945 416 4980 κουν
449 4927 542 4978 καὶ
571 4929 919 4995 ἀγανακτεῖν,
972 4929 1053 4981 ὅτι
1089 4928 1164 4999 μὴ
1208 4928 1397 4998 τάχιον
1454 4933 1587 4998 πρὸς
1632 4933 1846 4999 ἄμυναν
1885 4933 2174 4999 ἐξάγονται
2208 4931 2314 4986 τῶν
2345 4930 2650 5000 πολεμίων.

1624 5045 1790 5116 37s
1823 5043 2057 5113 CAPUT,
2081 5045 2167 5099 IX.

270 5131 699 5209 De_coronando
723 5136 934 5190 Joanne
965 5138 1284 5209 imperatore
1331 5136 1600 5191 domestici
1651 5137 1930 5191 consilium
1972 5146 2021 5192 et
2055 5138 2302 5209 refutatio
2345 5137 2793 5192 aduersariorum.
2839 5137 3519 5209 Imperatricisicunctatio.

356 5202 561 5276 Classis
587 5216 770 5276 contra
811 5202 1088 5275 satrapam
1141 5206 1340 5276 Lydiae,
1376 5209 1686 5276 populatum
1723 5210 2029 5261 uenientem.
2080 5202 2342 5264 Perlestris
2389 5210 2649 5262 exercitus
2683 5226 2716 5261 a
2772 5202 3048 5261 domestico
3087 5210 3141 5260 in
3194 5208 3521 5264 Occidentem

355 5273 644 5329 ducendus.
680 5275 880 5329 lterum
915 5294 946 5328 a
965 5273 1272 5346 patriarcha
1301 5273 1459 5344 ﬁdens
1482 5278 1660 5345 exigit,
1713 5291 1872 5345 quam
1890 5285 2074 5330 sancte
2097 5277 2392 5346 pollicetur.
2420 5280 2494 5330 Ab
2512 5278 2847 5346 impc‘ratrice
2865 5289 2911 5329 et
2937 5278 3188 5330 laudatur
3216 5287 3262 5330 et
3291 5281 3524 5331 suaviter

357 5353 603 5397 monetur
625 5361 719 5418 _ne_
751 5362 807 5399 se
838 5345 1101 5418 laboribus
1131 5345 1396 5414 conﬁciat,
1433 5354 1493 5418 et
1531 5346 1765 5418 pecuniae
1808 5361 1918 5418 sua!
1945 5345 2151 5414 parcat.
2195 5347 2487 5418 Respondet
2525 5345 2805 5418 adinodnm
2841 5347 3062 5414 ingenue
3114 5357 3164 5418 et
3214 5346 3519 5418 liberaliter,

357 5422 408 5464 et
449 5429 507 5466 se
559 5415 772 5470 rebelles
823 5417 1174 5468 coerciturum
1233 5423 1390 5485 atque
1422 5417 1474 5469 in
1509 5417 1741 5469 ordinem
1763 5417 2104 5471 redacturum
2135 5415 2410 5486 promittit,
2447 5415 2805 5485 Byzantioque
2841 5430 2960 5467 cum
2991 5417 3220 5468 exercitu
3249 5417 3486 5470 discedit.

375 5531 528 5585 Ἐπεὶ
554 5531 612 5584 δὲ
631 5532 804 5586 ταῦτα
830 5532 978 5601 αὐτῷ
1007 5533 1244 5604 διῴκητο
1273 5532 1472 5596 καλῶς,
1503 5532 1850 5586 συνεσούλευε
1887 5543 1928 5598 ο

275 5624 360 5689 *ᾗ
395 5619 646 5685 βασιλίδι,
672 5621 762 5673 τὸν
787 5623 900 5675 υἱὸν
946 5619 1170 5692 βασιλέα
1220 5622 1312 5675 τὸν
1344 5620 1621 5691 Ἰωάννην,
1676 5624 1850 5692 χρίειν

277 5728 356 5764 τε
391 5709 552 5781 μύρῳ
578 5710 654 5780 τῷ
696 5711 859 5783 ἁγίῳ,
906 5713 1002 5767 καὶ
1031 5715 1215 5781 στέφει
1255 5714 1355 5784 τὴν
1404 5713 1644 5784 κεφαλὴν
1681 5732 1849 5770 καταο

2033 5532 2129 5589 His
2173 5542 2281 5588 tam
2332 5532 2592 5602 praeclare
2640 5529 2848 5600 gestis,
2900 5530 3239 5598 intpcratrici
3293 5533 3524 5589 suadere

1959 5623 2177 5687 institit,
2216 5622 2291 5677 uti
2319 5623 2582 5676 Joannem
2619 5620 2789 5674 tilium
2824 5621 3208 5691 imperatorem
3255 5624 3375 5680 oleo
3403 5643 3528 5682 san-

1960 5727 2048 5770 cto
2106 5713 2416 5794 ungendum
2492 5723 2544 5765 ct
2601 5726 2805 5766 corona
2855 5714 3232 5771 exornandam
3287 5726 3527 5774 curaret.
