3992 6202
251 327 368 388 757τ

1369 331 1414 390 [Ι
1429 329 1894 392 ISTORIARUM
1942 331 2167 392 LIBER
2207 333 2321 395 IIl.

3376 333 3482 399 753

249 438 396 505 τρίου
425 435 518 489 τοῦ
551 437 824 506 μάρτυρος
848 439 1133 507 γενόμενος
1180 440 1326 505 ναὸν,
1373 443 1512 504 Τοὺς
1539 442 1640 510 μὲν
1679 440 1812 511 ἐμοῦ

1940 456 2020 498 nec
2052 443 2200 497 enim
2253 452 2462 498 tantum
2513 443 2851 508 interfuisti,
2903 441 2998 498 sed
3045 452 3102 498 et
3152 459 3272 512 quas.
3325 447 3482 514 prius

248 546 305 590 τε
340 528 542 596 μεταξὺ
577 531 668 581 καὶ
717 528 1003 596 βασιλίδος,
1029 531 1155 601 ἔφη,
1185 533 1586 601 γεγενημένους
1614 534 1810 601 λόγους

247 622 344 672 οὐκ
371 620 588 685 ἀγνοεῖς
609 633 622 646 °
670 619 732 672 οὐ
764 620 1060 690 γὰριμόνον
1094 623 1274 692 παρῆς
1319 628 1432 688 τοῖς
1484 626 1615 693 παρ’
1640 625 1808 694 ἀμφο·

248 712 302 764 τέ
312 727 417 776 ρων
439 710 775 776 λεγομένοις,
805 711 944 764 ἀλλὰ
969 713 1062 766 καὶ⁹
1088 713 1198 766 τῶν
1223 714 1486 784 πρότερον
1519 716 1626 786 ἰδία
1654 717 1809 786 ήμῶν

248 803 465 870 ἑκάστῳ
491 802 794 870 εἰρημένων
844 803 1004 866 αὐτὸς
1030 799 1173 874 ἦσθα
1223 807 1490 874 μηνυτή·.
1543 808 1708 859 Οὐδὲν
1756 809 1814 860 δὲ

247 894 559 962 παράλογον
616 897 648 962 ἦ
697 893 1028 963 θαυμαστὸν.
1079 897 1130 949 εί
1188 898 1307 950 τότε
1349 897 1451 966 μὲν
1502 900 1631 967 περῖ¹
1677 899 1810 968 ἐμοῦ

247 986 477 1038 τοιαῦτα
531 987 691 1056 έπῄει
744 992 809 1057 τῇ
866 987 1098 1056 βασιλίδι
1161 989 1360 1056 λέγειν,
1417 990 1546 1054 ἴσως
1594 993 1815 1063 οἰομένῃ

250 1076 470 1141 μεγάλα
509 1075 630 1128 τινὰ
669 1076 1119 1143 καταπράξεσθαι
1150 1079 1272 1147 ἐμὲ,
1317 1080 1432 1133 νυνὶ
1485 1081 1540 1134 δὲ
1577 1082 1668 1133 ἐπὶ
1704 1082 1813 1134 τῶν

245 1167 426 1232 ἔργων
457 1167 535 1236 μὴ
563 1167 683 1220 κατ’
711 1168 931 1230 ἐλπίδας
959 1170 1092 1240 αὐτῇ
1122 1170 1228 1222 τῶν
1257 1172 1597 1241 πραγμάτων
1630 1173 1815 1226 ἐκϐαι-

245 1258 471 1321 νίντων,
523 1257 855 1325 μεταμέλειά
884 1275 970 1321 τις
997 1259 1212 1327 εἰσῆλθε
1262 1260 1374 1313 τῶν
1408 1262 1813 1332 γεγενημένων.

245 1345 305 1396 Εἰ
338 1347 444 1413 μὲν
466 1342 561 1399 οὖν
589 1349 729 1417 ὅπερ,
759 1349 894 1418 ἔφην
925 1351 1061 1418 πρός
1084 1367 1138 1403 τι
1166 1351 1275 1405 τῶν
1305 1353 1604 1421 γινομένων
1635 1354 1814 1424 ἀηδῶς

242 1435 581 1500 διατεθεῖσα,
621 1438 690 1490 τὰ
739 1438 1034 1508 δεδογμένα
1085 1441 1282 1511 μηκέτι
1330 1444 1580 1512 στέργειν
1615 1445 1812 1510 ἐθέλει,

1923 543 2159 602 uterque
2191 544 2438 588 nostrum
2465 534 2757 603 separatim
2791 533 2961 596 dixit,
2995 543 3053 587 tu
3082 548 3276 588 eorum
3310 534 3487 588 inter-

1934 626 2160 679 nuntius
2191 625 2362 679 fuisti.
2392 623 2538 694 Nihil
2571 639 2735 694 porro
2771 624 3110 695 inopinatum
3151 633 3248 680 aut
3307 625 3489 678 admi-

1924 715 2128 780 rabile,
2176 715 2221 769 si
2255 723 2369 769 tum
2398 715 2619 782 quidem
2653 715 2984 784 imperatrici
3017 713 3144 768 talia
3179 713 3247 768 de
3291 729 3378 768 me
3409 714 3488 769 lo-

1921 805 2014 873 qui
2055 806 2450 878 occurrebant,
2482 821 2602 874 quae
2631 803 2857 859 forsitan
2892 806 3088 859 eximia
3117 806 3364 875 quaedam
3400 823 3488 864 me

1924 905 2369 964 perpetraturum
2419 895 2821 961 arbitraretur;
2861 911 3004 950 nunc
3049 906 3229 951 autem
3261 897 3315 951 in
3365 897 3486 966 ipso

1925 999 2093 1054 opere
2149 987 2316 1040 rebus
2363 1000 2523 1040 secus
2573 1001 2735 1054 quam
2787 986 3041 1054 sperabat
3097 989 3483 1042 evenientibus

1923 1075 2212 1144 pwnitudo
2239 1075 2487 1145 quedam
2512 1074 2639 1130 facti
2660 1093 2779 1132 eam
2810 1077 2998 1132 subiit.
3032 1076 3089 1132 Si
3125 1077 3310 1146 igitur,
3339 1079 3484 1147 quod

1925 1165 2143 1220 aiebam
2178 1205 2194 1230 ,
2249 1165 2456 1234 aliquid
2495 1181 2685 1220 eorum
2744 1181 2865 1236 qua:
2917 1167 3053 1221 (lunt
3100 1177 3383 1228 aversata.
3430 1168 3483 1221 in

1927 1256 2158 1326 pristina
2189 1256 2470 1310 voluntate
2520 1272 2582 1310 ac
2627 1256 2836 1326 judicio
2868 1257 3221 1326 acquiescere
3251 1257 3489 1327 amplius

1929 1363 2041 1404 non
2094 1349 2250 1415 vult,
2316 1348 2608 1418 aperteid
2671 1348 2804 1401 mihi
2832 1347 3060 1402 indicari
3120 1363 3221 1402 nec
3279 1348 3488 1417 pudore

1939 1439 2170 1509 quodam
2205 1439 2371 1494 celari
2404 1437 2586 1507 cupio.
2623 1439 2732 1507 Ego
2759 1437 2906 1491 enim
2935 1477 2950 1501 ,
2997 1437 3272 1506 quomodo
3303 1447 3486 1503 antea,

243 1523 550 1594 διαρρήδην
592 1526 770 1594 λέγειν
813 1527 970 1594 ἀξιῶ,
1024 1531 1119 1583 καὶ
1169 1529 1246 1601 μὴ
1275 1534 1671 1600 συγκαλύπτειν
1721 1535 1818 1589 ὑπ’

1940 1529 2197 1585 abdicare
2232 1542 2319 1583 me
2351 1527 2826 1582 administratione
2850 1527 3077 1597 'imperii
3114 1528 3490 1596 paratissimus

246 1617 455 1680 αἰδοῦς.
503 1619 645 1686 Ἐγὼ
673 1620 780 1690 γὰρ
829 1620 1019 1693 ὥσπερ
1069 1624 1163 1696 κα).
1204 1625 1466 1694 πρότερον
1493 1627 1814 1696 έτοιμότατα

1940 1634 2072 1675 sum.
2115 1618 2271 1685 Quod
2319 1617 2364 1673 si
2403 1618 2517 1687 ipsa
2553 1633 2724 1688 usque
2757 1618 2826 1672 ad
2867 1627 3172 1673 extremum
3217 1618 3364 1688 quod
3398 1619 3491 1672 de-
3531 1657 3534 1660 η

247 1706 358 1774 ἔχω
388 1711 776 1777 παραιτεῖσθαι
797 1711 894 1780 τὴν
913 1711 1106 1781 ἀρχήν.
1140 1712 1200 1764 El
1225 1711 1272 1764 δ’
1305 1714 1489 1782 ἐκείνη
1512 1712 1600 1765 διὰ
1627 1713 1817 1776 τέλους

1940 1711 2101 1766 :revit
2129 1709 2451 1780 complecti,
2483 1718 2538 1763 et
2591 1710 2736 1778 quod
2766 1710 2970 1780 juravit
3030 1725 3246 1764 servare
3284 1711 3490 1764 constiw

248 1762 484 1865 ἔγνωκε.
515 1801 760 1869 στέργειν
806 1762 873 1852 τα
899 1762 1266 1872 έιλίηῆφιισμένα,
1317 1805 1409 1856 καὶ
1447 1762 1567 1868 τοὺς
1601 1762 1816 1876 ὅρκους,

1940 1762 2184 1872 iam;
2215 1762 2450 1872 qioq'te'
2468 1762 2521 1855 in
2553 1762 2810 1856 Olltltibtls
2831 1762 3016 1871 ,ηυδε
3031 1762 3491 1871 imminensque

247 1889 345 1950 οὓς
403 1888 664 1958 ὀμώμοκε
710 1892 914 1960 τηρεῖν,
954 1893 1063 1945 οὐδ’
1115 1893 1277 1956 αὐτὸς
1309 1893 1564 1964 ἀμελήσω
1617 1895 1710 1947 τοῦ
1749 1895 1824 1965 μὴ

1940 1895 2068 1964 ejus,
2101 1901 2155 1947 et
2195 1891 2564 1946 Romanorum
2605 1891 2881 1946 communi
2910 1891 3222 1946 conducant
3245 1890 3490 1946 elﬁcien-

246 1979 432 2030 πάντα
467 1980 728 2048 πράττειν
751 1983 849 2034 ὅσα
880 1981 948 2035 ἂν
968 1985 1105 2054 αὐτῇ
1139 2001 1198 2036 τε
1225 1987 1320 2037 καὶ
1341 1987 1514 2047 παισὶ,
1549 1987 1642 2038 καὶ
1669 1989 1820 2056 κοινῇ

1940 1984 2051 2050 clis,
2083 1983 2294 2037 nullum
2347 1981 2750 2052 diligentissimi
2801 1981 3042 2038 hominis
3090 1980 3327 2037 ofﬁcium
3358 1998 3496 2052 prae-

245 2069 512 2140 λυσιτελῆ
555 2072 867 2140 Ῥωμαίοις.
907 2073 1014 2125 Τοῦ
1075 2075 1411 2145 πατριάρχου
1457 2076 1513 2129 δὲ
1542 2076 1684 2146 πρὸς
1719 2080 1819 2144 τὴν

1940 2075 2262 2128 lermittam.
2295 2073 2611 2127 Patriarcha
2641 2089 2765 2128 eum
2795 2071 2863 2128 de
2894 2073 3208 2141 importuno
3240 2087 3491 2128 sermone

245 2162 521 2229 ἀκαιρίαν
558 2161 664 2213 τῶν
707 2163 878 2231 λόγων
908 2164 1291 2234 μεμψαμένου,
1325 2167 1421 2220 καὶ
1475 2167 1550 2237 μὴ
1597 2167 1822 2221 τοιαῦτα

1940 2166 2221 2233 castigare,
2256 2163 2571 2232 dicereque,
2606 2178 2713 2216 non
2765 2163 2958 2218 decere
2990 2163 3091 2216 ista
3119 2162 3205 2217 vel
3251 2164 3493 2234 cogitare

245 2254 562 2316 προσήκειν
608 2252 790 2318 αὐτὸν,
829 2255 966 2322 μήτε
1015 2254 1346 2309 διανοεῖσθαι
1381 2257 1646 2325 φαμένου,
1687 2260 1823 2327 μήτε

1940 2253 2018 2307 vel
2067 2253 2353 2322 proloqui;
2403 2252 2735 2321 imperatrici
2771 2252 2917 2308 enim
2951 2251 3020 2307 de
3052 2252 3197 2307 bello
3226 2254 3364 2308 nihil
3393 2256 3494 2310 hu-

245 2340 439 2408 λέγειν
463 2345 495 2368 ’⁸
515 2341 762 2410 βασιλίδα
798 2345 905 2413 γὰρ
957 2347 1122 2416 μηδὲν
1155 2349 1281 2416 περὶ
1313 2347 1478 2400 αὑτοῦ
1513 2347 1827 2416 λογίζεσθαι

1940 2344 2230 2410 iuseemodi
2284 2343 2337 2396 in
2396 2351 2634 2397 mentem
2682 2342 2911 2407 venire,
2962 2343 3058 2397 sed
3105 2343 3492 2412 imperatorem

245 2433 528 2498 τοιοῦτον,
559 2437 692 2488 ἀλλὰ
739 2436 964 2504 βασιλέα
1011 2437 1219 2491 οἴεσθαι
1253 2442 1311 2491 ὲν
1343 2438 1510 2502 ζῶσιν
1540 2436 1699 2505 εἶναι,
1733 2441 1830 2494 καὶ

1940 2443 2122 2503 putare
2169 2432 2351 2486 adhuc
2403 2432 2593 2487 vivere
2621 2469 2635 2496 ,
2663 2439 2719 2486 et
2756 2431 2911 2501 quasi
2949 2431 3020 2486 ab
3052 2431 3144 2486 illo
3185 2433 3489 2488 Romanum

246 2525 348 2594 τὴν
378 2527 678 2595 Ῥωμαίων
701 2529 999 2598 ἠγεμονίαν
1027 2529 1218 2600 ὥσπερ
1249 2530 1340 2583 ὑπ’
1373 2531 1584 2584 ἐκείνου
1610 2532 1830 2587 διοικεῖ-

245 2617 384 2668 σθαι
436 2617 549 2668 τῶν
575 2617 682 2671 σῶν
710 2619 1064 2689 μεμνημένην
1109 2619 1302 2689 λόγων,
1327 2614 1403 2674 ὢν
1425 2619 1657 2692 διεξῄεις
1691 2623 1830 2693 πρὸς

243 2709 457 2777 αὐτὴν,
509 2709 672 2778 ἡνίκα
705 2711 974 2768 ἐποιεῖσθε
1024 2711 1122 2774 τὰς
1171 2711 1494 2782 συμϐάσεις,
1523 2713 1757 2780 Οὐκοῦν,
1799 2713 1828 2766 ὁ

248 2802 444 2870 μέγας
477 2801 790 2870 δομέστικος
825 2803 955 2873 ἔφη,
1008 2803 1139 2874 περὶ
1170 2805 1270 2874 μὲν
1307 2803 1544 2875 ἐκείνης,
1577 2804 1719 2858 οὕτω
1751 2805 1833 2859 δεῖ

246 2893 560 2946 πεπεῖσθαι
585 2893 772 2963 ὥσπερ
807 2895 967 2959 αὐτὸς
994 2896 1322 2967 διῖσχυρίξῃ.
1358 2897 1493 2967 Περὶ
1533 2897 1589 2950 δὲ
1626 2898 1744 2962 σοῦ,
1776 2899 1830 2952 τί

248 3002 398 3037 πῇτε
420 2985 599 3048 ἔξεστι
627 2986 903 3057 νομίζειν;
936 2984 1026 3056 ἆρ’
1052 2989 1311 3057 ἐμμένεις
1335 2989 1457 3052 ταῖς
1481 2988 1792 3058 ὁμολογίαις
1813 3008 1828 3058 ;

1936 2523 2305 2593 principatum
2329 2521 2644 2593 gubernari,
2679 2535 2974 2577 memorem
3030 2522 3339 2588 verborum,
3369 2538 3490 2592 quze

1936 2615 1991 2670 in
2048 2616 2224 2686 paetis
2272 2613 2539 2670 faciendis
2588 2628 2656 2670 ex
2705 2612 2825 2682 ipso
2876 2613 3177 2669 domestico
3231 2614 3489 2668 audierit.
3570 2638 3575 2644 -

1912 2693 2076 2789 .Tu'm
2117 2704 2492 2760 domesticus:
2521 2704 2596 2758 De
2624 2703 2714 2758 illa
2758 2703 2979 2774 quidem
3027 2704 3108 2759 sic
3134 2704 3488 2769 credendum,

1936 2804 1995 2850 ut
2025 2793 2298 2859 allii-mas;
2329 2791 2400 2847 de
2429 2800 2479 2848 te
2508 2800 2692 2847 autem
2724 2793 2855 2862 quid
2884 2792 3492 2864 sentiendum‘lEcquid

1937 2887 2118 2958 pactis
2146 2893 2260 2942 stas
2286 2925 2300 2947 .
2337 2885 2450 2942 imo
2497 2898 2628 2962 vero
2651 2883 3000 2952 iuramentis,
3028 2883 3230 2954 quibus
3260 2893 3312 2939 te
3358 2885 3492 2939 mihi

1937 2976 2348 3035 obstrinxisti?
2402 2973 2516 3029 Hic
2553 2973 2866 3044 patriarcha
2913 2974 3110 3028 iterum
3170 2988 3495 3046 exsurgens,

249 3076 473 3145 μᾶλλον
498 3078 553 3131 δὲ
583 3079 690 3140 τοῖς
729 3079 912 3148 ὅρκοις
941 3077 1035 3143 οὒς
1080 3081 1321 3149 ἐποιήσω
1351 3081 1487 3150 πρὸς
1518 3081 1618 3150 ἐμέ
1645 3099 1658 3148 ;
1697 3083 1754 3135 Ὁ
1782 3083 1826 3135 δ’

1940 3065 2045 3126 ait:
2093 3066 2421 3123 Benedictus
2487 3064 2628 3120 Deus
2688 3073 2744 3119 et
2812 3065 2974 3120 Pater
3055 3064 3267 3120 Dom'ni
3322 3067 3496 3120 nostri

250 3169 333 3221 αὑ
346 3169 470 3221 τίκα
503 3169 663 3222 πάλιν
695 3171 950 3236 ἀναστὰς,
974 3171 1297 3241 Εὗλογητδς,
1333 3169 1505 3238 εἶπεν,
1530 3173 1558 3225 ὀ
1584 3173 1714 3237 Θεὸς
1740 3175 1832 3227 καὶ

251 3256 465 3325 Πατὴρ
511 3258 609 3308 τοῦ
652 3259 858 3326 Κυρίου
906 3259 1063 3328 ἡμῶν
1099 3257 1272 3328 Ἰησοῦ
1308 3259 1569 3329 Χριστοῦ,
1616 3261 1700 3313 ὅτι
1739 3261 1836 3314 καὶ

253 3349 542 3412 πρότερον
567 3348 660 3396 καὶ
691 3347 786 3397 νῦν
818 3343 898 3407 οἷς
934 3361 1036 3416 περ
1058 3341 1211 3398 εἷπον
1229 3347 1472 3415 ἐμμενῶ,
1507 3349 1597 3400 καὶ
1621 3348 1834 3409 οὐδενὸς

253 3433 536 3499 ἀμελήσω
572 3433 680 3484 τῶν
725 3433 832 3484 σῶν
887 3433 1142 3496 δικαίων*
1175 3433 1289 3486 ἀλλ’
1331 3432 1628 3504 ἀνθέξομαι
1669 3434 1834 3488 παντὶ

255 3521 476 3582 σθένει,
501 3523 563 3573 οὐ
601 3524 760 3590 μόνον
786 3523 861 3586 ὡς
912 3523 1206 3592 εὐεργέτην
1235 3523 1596 3593 ἀμειϐόμενος
1655 3524 1836 3594 ἔργοις

257 3615 522 3682 ἀγαθοῖς,
556 3614 692 3666 ἀλλὰ
719 3613 816 3667 καὶ
840 3614 913 3677 ὡς
945 3612 1062 3666 υἱοῦ
1092 3613 1389 3682 κηδόμενος
1437 3612 1833 3680 πνευματικοῦ.

269 3708 414 3760 Ἐπὶ
459 3707 668 3767 τούτοις
721 3705 777 3757 δὲ
805 3705 948 3772 αὐτῷ
1004 3703 1201 3765 πολλὰς
1239 3703 1267 3753 ό
1305 3703 1473 3772 μέγας
1519 3703 1838 3771 δομέστικος

257 3798 507 3866 χάριτας
538 3793 880 3862 ὁμολογήσας
934 3792 1031 3844 xui.
1062 3790 1484 3858 συνταξάμενος,
1522 3789 1839 3843 καταλιπὼν

251 3881 367 3940 ’τὸν
394 3887 740 3956 πατριάρχην
771 3879 905 3953 ἧκεν
937 3883 1013 3944 ὼς
1070 3881 1332 3951 βασιλίδα.
1378 3879 1444 3934 Ἢ
1494 3879 1538 3932 δ’
1568 3879 1731 3940 εὐθὺς
1767 3879 1842 3942 ὡς

260 3975 408 4039 εἶδε,
434 3977 659 4045 χάριτας
690 3974 930 4042 ἔφασκεν
961 3971 1245 4039 ὁμολογεῖν
1274 3969 1421 4039 αὑτῷ
1477 3967 1702 4030 πολλὰς,
1759 3968 1840 4020 ὅτι

260 4073 304 4125 ἃ
350 4070 620 4139 πρότερον
667 4064 1028 4134 ἐπηγγέλλετο
1072 4062 1273 4130 λόγοις,
1328 4059 1424 4114 νῦν
1462 4057 1842 4112 ἀποδείκνυσιν

265 4165 376 4216 ἐπὶ
407 4162 516 4214 τῶν
545 4161 727 4229 ἔργων
775 4157 977 4226 ἀληθῆ,
1028 4155 1164 4225 μήτε
1220 4153 1468 4223 σώματος
1503 4148 1841 4218 φειδόμενος,

266 4253 556 4323 eum?
589 4251 697 4304 τῶν
743 4249 896 4318 κοινῇ
963 4245 1350 4317 συμφερόντων
1399 4241 1617 4310 νύκτωρ
1667 4239 1845 4292 πονῶν

265 4348 374 4398 καὶ
409 4342 528 4413 μεθ’
581 4341 831 4413 ἡμέραν,
891 4338 1029 4408 μήτε
1078 4335 1412 4406 χρημάτων
1455 4329 1526 4404 ἦν
1564 4331 1673 4400 γὰρ
1701 4329 1767 4399 δὴ
1818 4331 1847 4383 ό

1936 3159 2066 3216 Jesu
2105 3156 2308 3215 Christi
2336 3196 2351 3220 ,
2402 3155 2548 3226 quod
2573 3164 2629 3210 et
2655 3155 2808 3225 prius
2832 3153 3047 3210 servavi
3093 3169 3220 3223 qua:
3250 3153 3402 3220 dixi,
3439 3167 3498 3209 et

1935 3267 2083 3307 nunc
2129 3245 2384 3313 servabo,
2435 3247 2680 3316 nihilque
2725 3244 3012 3316 negligam,
3055 3232 3201 3314 quod
3253 3246 3349 3300 tibi
3372 3246 3496 3316 jure

1935 3343 2225 3407 debeatur,
2265 3338 2430 3410 380
2479 3339 2574 3396 sed
2618 3337 2877 3393 omnibus
2919 3337 3104 3392 nervis
3151 3339 3411 3392 tuendum
3444 3347 3497 3392 te

1935 3433 2264 3502 suscipiam,
2291 3447 2399 3484 non
2428 3431 2603 3484 solum
2639 3438 2700 3483 ut
2722 3428 2861 3482 bene
2887 3427 3082 3482 merito
3114 3428 3493 3497 respondeam,

1935 3537 2130 3575 verum
2166 3530 2227 3575 ut
2260 3519 2328 3574 de
2362 3519 2475 3572 lilio
2512 3532 2731 3587 quoque
2772 3517 3044 3586 spirituali
3079 3517 3363 3572 sollicitus.
3394 3517 3494 3572 Cui

1937 3619 2063 3680 post
2087 3619 2242 3666 actas
2269 3609 2470 3679 gratias
2501 3607 2810 3663 valedicens
2861 3623 3091 3678 magnus
3141 3607 3495 3671 domesticus,

1936 3700 2004 3754 ab
2028 3715 2094 3753 eo
2124 3699 2190 3753 ad
2226 3700 2628 3768 imperatricem
2664 3696 2988 3767 digreditur.
3018 3697 3190 3763 Quem
3217 3697 3306 3752 illa
3332 3698 3496 3752 simul

1941 3802 2000 3844 ut
2031 3789 2347 3858 conspexit.
2377 3785 2558 3858 grales
2604 3803 2661 3842 se
2692 3789 2764 3842 illi
2803 3803 3024 3858 magnas
3063 3803 3222 3859 agere
3263 3788 3499 3842 atlirma-

1945 3881 2062 3945 vit,
2105 3880 2250 3950 quod
2330 3879 2516 3935 verbis
2571 3878 2834 3948 promissa
2905 3894 3052 3933 nunc
3102 3878 3269 3933 rebus
3305 3881 3502 3934 conﬁr-

1943 3983 2117 4026 maret
2143 4011 2158 4036 ,
2194 3984 2374 4040 neque
2406 3969 2621 4038 corpori
2659 3982 2909 4038 parcens,
2948 3983 3072 4022 cum
3101 3977 3266 4023 noctu
3299 3967 3502 4037 diuque

1940 4077 2042 4134 pro
2104 4059 2388 4132 republica
2466 4058 2762 4122 laboraret,
2820 4072 2998 4127 neque
3059 4058 3307 4128 pecuniis
3372 4056 3504 4124 (non

1942 4152 2086 4208 enim
2123 4152 2179 4206 in
2218 4151 2473 4205 triremes
2502 4149 2765 4204 duntaxat
2810 4145 3067 4220 grandem
3118 4161 3386 4204 summam
3435 4147 3503 4202 de

1943 4258 2044 4298 suo
2105 4242 2475 4312 impenderat,
2545 4238 2641 4296 sed
2707 4238 2763 4293 in
2825 4238 2930 4293 alia
2981 4246 3242 4308 praterea
3311 4236 3504 4300 multa,

1944 4349 2013 4390 ex
2058 4333 2260 4404 quibus
2292 4329 2602 4388 communis
2647 4339 2942 4398 caperetur
2994 4314 3238 4392 utilitas,
3285 4338 3506 4398 perstu-

276 4441 459 4508 μέγας
491 4435 828 4504 δομέστικος,
849 4431 911 4482 οὗ
943 4428 1104 4499 μόνον
1143 4425 1279 4497 πρὸς
1307 4425 1416 4478 τῶν
1454 4423 1724 4494 τριήρεων
1746 4421 1836 4490 τὴν

1950 4422 2102 4476 diose
2155 4421 2567 4490 liberaliterque
2615 4426 2736 4490 post
2771 4425 3002 4472 mortem
3034 4417 3375 4487 imperatoris
3405 4419 3507 4472 im-

279 4530 533 4594 δαπάνην
567 4527 822 4594 χρήματα
868 4517 1165 4580 ἀναλωκὼς
1218 4515 1384 4568 πολλὰ
1437 4516 1501 4566 ὲκ
1531 4513 1639 4565 τῶν
1678 4511 1841 4572 ἰδίων,

281 4620 426 4673 ἀλλὰ
459 4620 551 4669 καὶ
571 4619 626 4667 ὲν
649 4614 859 4674 πολλαῖς
893 4611 1100 4678 ἑτέροις
1124 4607 1160 4664 ἃ
1188 4606 1450 4660 συνοίσειν
1484 4603 1680 4673 ἔμελλε
1713 4601 1848 4654 πᾶσι

277 4713 436 4777 κοινῇ
469 4707 764 4776 φιλοτίμως
797 4706 937 4772 ἄγαν
987 4702 1080 4755 καὶ
1134 4698 1372 4767 δαψιλῶς
1433 4694 1849 4750 καταναλίσκων

287 4806 425 4873 μετα
459 4801 555 4869 τὴν
589 4797 844 4868 βασιλέως
881 4794 1140 4864 τελευτήν
1164 4806 1178 4822 ⁶
1213 4789 1442 4860 παρῄνει
1487 4805 1547 4840 τε
1601 4785 1676 4855 μὴ
1708 4783 1852 4836 οὕτω

288 4899 467 4947 ποιεῖν
510 4893 584 4953 ὠς
611 4893 712 4943 οὐκ
750 4887 1110 4958 ἐξαρκέσοντα
1162 4885 1298 4952 πρὸς
1345 4882 1469 4942 τοὺς
1502 4878 1698 4940 πόνους
1729 4877 1849 4928 ἑπι-

288 4987 452 5041 πολὺ,
487 4982 600 5034 ἀλλ’
646 4978 844 5033 ἒαυτοῦ
888 4994 948 5029 τε
979 4977 1235 5045 πρόνοιαν
1277 4971 1547 5026 ποιεῖσθαι
1576 4970 1674 5024 καὶ
1716 4984 1853 5038 χρη-

296 5079 482 5146 μάτων
538 5071 814 5140 φείδεσθαι
874 5066 1152 5139 χρώμενον
1206 5067 1316 5126 τοῖς
1368 5061 1668 5132 δημοσίοις.
1713 5060 1773 5112 '0
1808 5060 1854 5112 δ’

294 5175 501 5239 ἔφασκε
533 5167 732 5238 μᾶλλον
759 5163 978 5234 ἥδεσθαι
1011 5159 1188 5214 πονῶν
1213 5158 1372 5220 αὐτὸς
1396 5157 1537 5225 ὑπὲρ
1568 5154 1675 5209 τῶν
1704 5154 1856 5222 κοινῇ

295 5259 739 5318 λυσιτελούντων,
777 5257 812 5326 ἢ
835 5257 1010 5324 ἕτεροι
1047 5252 1184 5322 πρὸς
1232 5252 1448 5313 ἀνέσεις
1487 5247 1858 5318 τετραμμένοι

299 5357 390 5407 καὶ
421 5349 643 5423 ἡδονάς·
678 5347 740 5400 τό
767 5363 826 5400 τε
853 5345 1111 5417 χρήματα
1162 5341 1583 5396 καταναλίσκειν
1630 5339 1691 5391 οὐ
1767 5337 1863 5408 ζη-

306 5446 452 5512 μίαν,
497 5441 634 5495 am
662 5438 880 5492 πάντων
924 5433 1131 5504 κερδῶν
1180 5432 1432 5504 ἡγεῖσθαι
1482 5431 1860 5501 χαριέστερον,

302 5536 459 5603 ἄχρις
487 5533 554 5587 ἂν
584 5530 681 5608 καὶ
707 5527 802 5583 τοῦ
831 5527 966 5580 Θεοῦ
1003 5525 1411 5595 συναιρομένου,
1439 5525 1538 5593 τὴν
1575 5520 1864 5590 Ῥωμαίων

301 5624 596 5695 ἡγεμονίαν
626 5622 720 5675 ἐπὶ
744 5619 887 5691 μέγα
911 5617 1008 5671 ῖδοι
1034 5615 1461 5687 αἰρομένην,καὶ
1486 5612 1700 5666 πάντων
1729 5627 1865 5680 κρα-

303 5718 506 5788 τοῦεαν
538 5713 829 5785 πολεμίων.
865 5709 1140 5773 Ἐλπίζειν
1165 5707 1238 5762 δὲ.
1265 5706 1399 5774 μετὰ
1439 5705 1653 5784 μικρὸν,
1695 5703 1743 5756 εί
1793 5704 1866 5770 μή

1952 4512 2272 4583 pendebat),
2301 4512 2750 4579 hortabaturque,
2783 4518 2844 4563 ut
2873 4509 2941 4570 de
2965 4509 3313 4564 contentione
3349 4509 3507 4564 labo-

1950 4603 2106 4658 randi
2148 4603 2484 4665 remitteret,
2528 4615 2638 4669 quo
2669 4599 2814 4654 ferre
2863 4601 3107 4654 laborem
3150 4599 3352 4656 diutius
3385 4615 3512 4670 pos-

1951 4703 2036 4750 set
2056 4731 2074 4758 ,
2099 4693 2319 4749 sibimet
2349 4705 2493 4746 cura:
2522 4697 2704 4754 esset,
2757 4704 2787 4743 a
2829 4691 3077 4759 pecuniis
3125 4691 3240 4745 suis
3269 4690 3512 4746 abstine-

1953 4792 2038 4837 ret
2062 4823 2076 4848 ,
2107 4780 2345 4852 publicis
2373 4788 2646 4835 uteretur.
2673 4777 2753 4833 Ad
2778 4793 2842 4833 ea
2877 4778 2964 4833 ille
2992 4778 3142 4834 hunc
3169 4780 3224 4834 in
3251 4783 3469 4835 modum
3493 4819 3509 4844 ,

1953 4873 2188 4929 solidius
2242 4887 2301 4926 se
2360 4870 2597 4940 gaudere
2647 4870 2907 4940 gaudium
2965 4885 3063 4938 pro
3128 4871 3513 4924 communibus

1954 4961 2342 5020 emolumentis
2375 4960 2760 5024 desudantem,
2781 4974 2942 5029 quam
2968 4959 3104 5014 alios
3125 4959 3239 5012 otio
3268 4958 3514 5028 volupta-

1956 5061 2108 5130 tique
2135 5058 2368 5114 deditos.
2401 5056 2556 5123 Quod
2591 5072 2718 5111 vero
2755 5055 2825 5130 de
2861 5070 2954 5108 sua
2987 5053 3218 5122 pecunia
3259 5051 3313 5106 in
3367 5065 3516 5105 sum-

1957 5160 2112 5220 ptum
2139 5148 2438 5212 conferret,
2472 5146 2523 5201 id
2555 5161 2661 5201 non
2683 5145 3098 5202 detrimentum,
3126 5140 3221 5194 sed
3269 5140 3513 5194 omnium

1959 5249 2269 5313 quastuum
2343 5252 2566 5294 censere
2627 5235 3124 5302 iucundissimum,
3173 5231 3347 5285 donec
3406 5231 3518 5284 Deo

1961 5333 2105 5388 bene
2136 5332 2475 5392 lortunante,
2506 5326 2876 5380 Romanorum
2905 5321 3274 5392 principatum
3299 5331 3520 5388 magno-

1963 5439 2093 5494 pere
2125 5423 2420 5478 exaltatum
2446 5459 2461 5484 ,
2506 5427 2562 5472 et
2595 5413 2856 5468 omnibus
2898 5410 3150 5467 hostibus
3199 5409 3317 5465 suis
3356 5423 3518 5478 supe-

1963 5515 2165 5569 riorem
2193 5518 2461 5566 cerneret.
2499 5506 2732 5574 Sperare
2783 5509 2964 5557 autem
2991 5540 3006 5566 ,
3046 5500 3151 5554 nisi
3189 5499 3319 5570 quid
3353 5499 3522 5567 impe-

1965 5604 2196 5661 dimenti
2226 5596 2618 5659 intervenerit,
2678 5592 2833 5648 brevi
2862 5591 2998 5648 adeo
3040 5589 3300 5646 Romanis
3338 5587 3526 5659 profu-

1972 5708 2197 5760 turum,
2243 5700 2300 5746 ut
2363 5699 2414 5743 et
2462 5689 2575 5756 ipsa
2624 5685 2944 5756 imperatrix
2994 5684 3047 5740 id
3103 5683 3323 5738 intuens
3354 5725 3367 5748 ,
3411 5679 3522 5735 Deo
