3998 6198
537 321 647 383 775

1700 309 1749 367 Ja
1769 305 2020 365 mxile
2056 299 2582 362 CANTACUZENI

3612 295 3700 355 7'76

541 436 713 503 pulari
741 433 1084 494 videbantur,
1119 431 1442 500 cogitantes,
1480 426 1598 495 ipso
1627 423 1852 480 conscio
1879 433 1935 476 et
1969 421 2110 474 clam

2236 416 2404 484 ἔχουσι
2436 413 2533 474 τὰς
2565 409 2812 480 γνώμας,
2855 408 2972 464 ἀλλ’
3003 402 3084 471 οἷς
3118 405 3215 477 μὲν
3258 404 3428 459 εὖνοια
3456 405 3570 474 πρὸς
3592 405 3705 456 ἐκεῖ-

541 527 666 579 tulia
715 525 973 578 moliente
1015 522 1144 577 dici.
1208 519 1522 575 Patriarcha
1570 531 1763 570 eorum
1817 510 2105 566 assertioni

539 614 844 678 adversari,
878 621 933 666 et
966 612 1101 665 nihil
1133 610 1492 667 turbandum,
1548 605 1643 660 sed
1679 605 1744 658 iis
1786 618 1907 671 qua:
1940 601 2109 667 impe—

462 753 471 762 .
546 705 733 759 ratrici
789 714 846 758 et
898 717 1092 772 magno
1145 701 1448 755 domestico
1517 694 1898 766 placuissent,
1950 691 2112 745 obse-

541 793 817 861 quendum
850 793 1206 848 contendere.
1252 790 1388 845 Cum
1414 790 1468 842 in
1492 789 1597 842 hoc
1620 793 1764 841 esset
1794 795 2112 840 controver-

541 883 644 943 sia,
685 882 911 952 ejusque
961 889 1259 950 conspectu
1306 894 1496 933 omnes
1545 877 1963 940 conticuissent,
1991 875 2113 928 aliis

543 975 760 1042 quidem
831 973 983 1026 velut
1066 973 1240 1027 iratus
1299 971 1436 1025 nihil
1497 971 1658 1034 dixit,
1744 968 2111 1039 patriarcham

505 1076 727 1119 autem
790 1064 1111 1132 increpuit,
1165 1062 1312 1133 quod
1365 1062 1680 1116 hominibus
1732 1060 2117 1133 insipientibus

541 1171 704 1207 aures
719 1155 1140 1215 comznodasset.
1162 1163 1218 1207 et
1239 1153 1529 1208 verborum
1551 1168 1672 1207 eum
1697 1152 1831 1220 ipsis
1855 1151 2118 1221 digladia-

547 1246 695 1298 tione
734 1246 921 1298 turbas
950 1245 1261 1299 excitasset.
1292 1244 1456 1313 390
1482 1243 1716 1298 Proinde
1755 1243 1970 1312 litigare
1998 1257 2117 1296 ces-
2153 1308 2156 1312 _

546 1343 714 1396 saret,
757 1333 1016 1400 postridie
1045 1348 1232 1387 secum
1261 1334 1327 1386 de
1351 1333 1447 1386 lite
1476 1341 1719 1393 acturus,
1751 1338 1808 1383 et
1839 1329 1914 1384 ita
1948 1342 2119 1398 usque

545 1425 612 1478 ad
646 1441 848 1494 equum
884 1423 1142 1490 ,deduxit,
1199 1423 1306 1477 hoc
1353 1422 1533 1478 'oﬂicio
1579 1422 1926 1493 objurgatum
1984 1417 2122 1472 deli-

548 1517 727 1576 niens.
759 1517 903 1584 quod
944 1525 1070 1569 ante
1104 1531 1211 1569 non
1243 1515 1474 1580 solebat,
1525 1513 1620 1569 sed
1655 1513 1708 1566 in
1741 1511 2120 1582 penetralibus

551 1605 736 1672 palatii
767 1604 1071 1658 valedicere
1099 1620 1163 1659 ac
1199 1603 1401 1658 reverti
1465 1611 1849 1658 consueverat.
1895 1601 1977 1654 Ad
2013 1603 2120 1654 im-

552 1689 876 1764 peratricem
921 1711 1087 1765 porro
1125 1696 1365 1758 rediens,
1409 1696 1676 1749 tumultus
1727 1708 1947 1749 causam
1999 1709 2123 1746 nar-

2211 525 2302 559 νον
2328 501 2418 575 ἦν,
2455 503 2820 567 έσπουδάζετό
2853 519 2912 553 τε
2946 499 3162 570 ἀληθῶς
3184 499 3380 568 ὁμοίως
3406 498 3491 550 καὶ
3514 496 3705 561 ἐλέγετο·

2211 597 2261 649 οἰ
2291 596 2336 649 δ’
2367 594 2706 664 ἐθεράπευον
2729 591 2822 644 τὸν
2855 589 3049 660 καιρὸν
3089 588 3183 640 καὶ
3222 587 3321 656 τὴν
3351 585 3562 654 μεγάλου
3586 584 3714 652 60p:-

2213 687 2400 739 στίκου
2449 685 2699 753 δύναμιν.
2751 679 2932 735 Ἦσαν
2993 681 3050 733 δὲ
3097 679 3148 731 οἰ
3205 680 3295 730 καὶ
3343 678 3716 744 δυσχεραίνοντες

2215 777 2352 847 πρὸς
2377 777 2505 838 τοὺς
2537 775 2754 842 λόγους,
2783 772 2880 826 καὶ
2903 772 3074 842 ἡδέως
3107 770 3171 822 ἂν
3197 767 3512 827 κωλύσοντες
3536 767 3577 816 εί
3601 764 3715 830 ἐξῆν,

2215 868 2366 935 ὅμως
2398 866 2502 917 ὑπὸ
2549 866 2702 928 δέους
2748 865 3062 934 συμφωνεῖν
3108 861 3329 914 ἐδόκουν
3359 859 3465 920 τοῖς
3500 855 3718 916 πολλοῖς,

2215 959 2454 1028 οἰόμενοι
2484 957 2694 1011 ἐκείνου
2744 955 3043 1016 συνειδότος
3073 952 3168 1006 καὶ
3198 950 3416 1019 ἀφανῶς
3456 948 3518 1000 τὰ
3539 945 3724 998 τοιαῦτα

2221 1049 2648 1114 συσκευάζοντος
2698 1048 2978 1118 είρῆσθαι.
3038 1044 3098 1098 '0
3133 1042 3475 1112 πατριάρχης
3516 1040 3566 1091 δὲ
3607 1041 3724 1093 ἀντι-

2221 1142 2520 1196 καθίστατο
2550 1141 2688 1211 πρὺς
2714 1141 2840 1200 τοὺς
2864 1138 3081 1205 λόγους,
3113 1136 3206 1189 καὶ
3237 1135 3310 1205 μὴ
3335 1134 3440 1187 δεῖν
3465 1131 3624 1196 ἔλεγεν
3656 1129 3729 1180 αὑ-

2221 1237 2348 1295 τοὺς
2374 1234 2630 1296 ἀτάκτως
2675 1232 2951 1302 θορυϐεῖν,
2984 1228 3118 1282 ἀλλὰ
3157 1224 3442 1280 πείθεσθαι
3473 1225 3571 1284 τοῖς
3612 1221 3731 1288 βασι-

2221 1326 2324 1379 λίδι
2393 1326 2489 1379 κα)⁸
2542 1323 2767 1394 μεγάλῳ
2824 1321 3160 1390 δομεστὶκῳ’
3211 1312 3596 1384 ἐγνωσμένοις.
3658 1311 3728 1362 Ἑν

2224 1419 2434 1479 τούτοις
2458 1417 2514 1470 δὲ
2545 1417 2646 1485 τῆς
2678 1415 2854 1484 Eprio;
2888 1412 3116 1472 ἐκείνοις
3141 1407 3330 1476 οὔσης,
3360 1407 3475 1459 ἐπεὶ
3508 1404 3734 1458 ἐπέπαυτο

2227 1508 2519 1578 φανέντος,
2550 1508 2666 1566 τοῖς
2693 1507 2791 1576 μὲν
2822 1504 3003 1567 ἄλλοις
3032 1501 3224 1572 ὥσπερ
3246 1499 3583 1569 ὀργιζόμενος
3615 1495 3734 1547 οὐδὲν

2226 1599 2462 1667 εἰρήκει,
2494 1595 2842 1665 πατρίαρλην
2871 1595 2929 1648 δὲ
2961 1595 3262 1662 ἐμέμφετο,
3309 1589 3391 1642 ὅτι
3417 1589 3634 1656 ἀνοήτων
3666 1589 3734 1636 ἀμ

2228 1689 2469 1761 θρὼπων
2507 1688 2792 1757 προσέχων
2817 1686 2996 1752 λόγοις
3027 1686 3228 1752 ἔστηκε
3265 1681 3401 1749 πρὸς
3424 1677 3600 1739 αὐτοὺς
3621 1675 3736 1741 λογι-

552 1761 656 1848 rat,
687 1796 742 1840 et
775 1801 884 1855 quo
916 1761 1074 1856 pacto
1103 1785 1469 1854 patriarcham
1513 1794 1737 1854 propter
1777 1783 2125 1853 intempeSti-

2236 1780 2422 1850 μαχῶν
2473 1779 2569 1832 καὶ
2615 1777 2844 1848 θόρυϐον
2894 1776 3096 1829 κινῶν.
3142 1770 3495 1826 Συνεὸούλευέ
3539 1785 3590 1822 τε
3631 1768 3738 1819 οἶκοι

551 1893 672 1930 vam
706 1879 1170 1932 concertationem
1205 1875 1670 1945 reprehendisset,
1699 1875 1959 1944 quodque
1989 1874 2125 1928 stul-

554 1977 735 2022 torum
783 1983 1063 2022 sermones
1116 1968 1332 2037 ineptos
1387 1967 1728 2031 attendisset,
1779 1975 1835 2021 et
1875 1981 2000 2020 eum
2047 1965 2127 2020 uti

553 2060 778 2113 domum
831 2060 1006 2113 abiret
1061 2059 1456 2112 admonuisset.
1494 2058 1858 2112 Asseverahat
1903 2058 2031 2111 item
2065 2070 2130 2111 ac

554 2151 727 2215 Deum
764 2160 956 2204 testem
992 2149 1250 2213 faciebat,
1282 2164 1342 2203 se
1373 2149 1581 2202 nullius
1611 2149 1808 2202 horum
1842 2163 1964 2202 esse
1993 2162 2130 2202 con-

553 2241 752 2308 scium,
811 2241 907 2295 sed
961 2240 1028 2294 ab
1077 2239 1347 2310 imperitis
1394 2239 1727 2309 quibusdam
1779 2238 2012 2306 superbe
2067 2250 2132 2291 ac

561 2332 852 2387 stolideea
908 2332 1138 2386 moveri.
1189 2331 1360 2396 Quem
1411 2345 1535 2384 cum
1585 2331 1652 2382 de
1705 2328 1882 2382 turbis
1929 2326 2133 2382 sedatis

555 2423 972 2480 commendaret
1010 2421 1353 2492 imperatrix,
1416 2419 1521 2475 Sed
1566 2419 1642 2472 illi
1674 2419 1916 2486 quidem,
1953 2417 2133 2486 inquit

559 2529 788 2584 magnus
819 2513 1172 2575 domesticus,
1205 2512 1373 2571 suasi,
1403 2509 1541 2564 nihil
1568 2507 1859 2562 verborum
1882 2507 2132 2571 adderet,

559 2605 900 2673 domumque
951 2602 1285 2666 discederet;
1336 2599 1644 2668 intelligens
1720 2597 1801 2652 sic
1851 2613 1938 2651 me
1981 2597 2132 2651 litem

561 2713 684 2751 mea
725 2696 1078 2765 potissimum
1129 2708 1293 2748 causa
1339 2701 1584 2747 exortam
1635 2689 1790 2744 facile
1835 2690 2137 2758 diremptu-

561 2801 704 2839 rum.
739 2785 815 2838 Te
859 2793 1043 2838 autem
1078 2797 1294 2848 moneo,
1332 2789 1389 2835 ut
1438 2780 1748 2849 superbiam
1781 2781 1938 2832 istam
1973 2778 2138 2844 jinul-

563 2885 676 2928 tam
711 2889 780 2927 ne
809 2874 1106 2942 relinquas,
1139 2887 1330 2926 verum
1358 2870 1657 2925 accersitos
1686 2878 1910 2939 propter
1937 2869 2137 2938 lingu-.e

565 2966 973 3034 protervitatem
1001 2964 1326 3033 objurgites.
1365 2964 1640 3030 Monerem
1665 2965 1830 3017 etiam
1864 2972 1924 3016 ut
1949 2973 1998 3017 te
2035 2961 2136 3015 ad-

567 3057 789 3109 modum
853 3055 961 3108 illis
1016 3055 1208 3108 iratam
1263 3056 1597 3120 ostenderes,
1646 3054 1747 3106 nisi
1804 3052 1958 3107 brevi
2005 3051 2133 3105 hinc

567 3146 819 3215 pluribus
850 3159 1041 3199 eorum
1070 3143 1257 3198 aseitis
1287 3145 1630 3199 discessurus
1663 3158 1864 3197 essem.
1917 3140 2132 3196 ldcirco

493 3267 506 3280 ι
569 3236 660 3289 ubi
707 3244 970 3305 quantum
1018 3238 1152 3291 satis
1183 3244 1268 3288 est
1319 3250 1414 3289 eos
1467 3233 1840 3303 castigaveris,
1901 3241 2126 3288 causata

569 3325 926 3394 profectionis
958 3340 1091 3379 mea:
1129 3326 1536 3388 necessitatem,
1588 3327 1745 3380 venia
1777 3326 1902 3381 illos
1931 3326 2133 3394 imper-

573 3426 692 3468 tito.
723 3416 963 3483 Augusta
993 3413 1238 3468 monenti
1261 3415 1541 3477 obsecuta,
1561 3415 1710 3468 viros
1735 3414 1854 3468 illos
1880 3414 2133 3482 accersit,

570 3508 845 3561 inscitiam
872 3507 1186 3576 exprobrat,
1213 3507 1358 3576 quod
1409 3507 1552 3560 inter
1595 3507 1742 3576 leges
1776 3509 1953 3578 regias
1985 3507 2129 3561 edu-

569 3598 700 3661 cati,
731 3606 788 3651 et
823 3597 878 3650 in
920 3597 987 3652 iis
1018 3612 1050 3650 a
1087 3598 1290 3652 teneris
1321 3598 1547 3659 versati,
1593 3599 1766 3651 nihilo
1792 3607 1969 3652 tamen
2007 3598 2138 3652 Bar-

569 3688 717 3742 baris
748 3702 872 3756 rege
906 3688 1220 3742 carentibus
1253 3697 1593 3757 prazstarent,
1651 3699 1706 3743 et
1729 3688 1997 3758 quidquid
2028 3689 2135 3743 sibi

527 3779 896 3841 ‘ohstitisset,
947 3779 1133 3831 statim
1189 3779 1378 3833 turbas
1417 3793 1481 3833 ac
1533 3780 1825 3833 tumultum
1900 3781 2136 3835 cierent.

574 3867 900 3934 l’erpendite
947 3867 1117 3931 enim,
1170 3870 1368 3937 inquit.
1399 3885 1509 3938 quo
1540 3885 1686 3923 nunc
1721 3871 1973 3924 amentia:
1999 3885 2132 3940 pro-

573 3958 813 4010 dieritis.
845 3957 1086 4010 Primum
1123 3962 1270 4012 enim
1301 3959 1355 4012 in
1399 3959 1518 4028 ipso
1557 3961 1758 4028 palatio
1793 3961 2142 4029 imperatori-

582 4049 682 4100 bus
733 4056 921 4116 aperte
987 4049 1350 4117 repugnastis.
1404 4049 1604 4104 Deinde
1657 4066 1780 4104 cum
1837 4051 2143 4119 patriarcha

575 4139 849 4190 communi
886 4139 1130 4191 omnium
1164 4139 1323 4192 Patre
1352 4141 1650 4207 spirituali,
1689 4150 1745 4196 et
1793 4143 1940 4194 omni
1988 4157 2144 4196 reve-

579 4230 752 4281 rentia
787 4229 1130 4298 dignissimo,
1182 4232 1357 4298 magis
1405 4247 1566 4299 quam
1596 4248 1690 4300 qui
1726 4247 1822 4301 per
1852 4248 2142 4301 corporum

579 4320 1021 4388 conjunctioncm
1069 4334 1170 4373 nos
1199 4329 1552 4388 generarunt,
1585 4323 1827 4374 altercati
1856 4325 2006 4376 estis.
2037 4322 2146 4376 Po-

2225 1871 2504 1924 ἀπελθεῖν·
2574 1869 2672 1922 καὶ
2720 1866 2905 1937 ῗμηδὲν
2957 1865 3091 1934 πρὸς
3147 1863 3395 1924 ἐκείνους
3442 1858 3740 1927 διαφέρεσθαι

2229 1963 2346 2026 νῦν,
2379 1961 2452 2025 ὡς
2485 1963 2542 2024 ἐς
2573 1961 2674 2030 τὴν
2707 1952 3003 2028 ὑστεραίαν
3035 1957 3149 2025 ἅμα
3175 1954 3328 2024 αὐτῷ
3356 1953 3477 2023 περὶ
3505 1950 3603 2003 τῶν
3629 1949 3743 2018 εἰρη-

2233 2055 2409 2123 μένων
2439 2050 2788 2121 ποιησομένῳ
2811 2048 2988 2114 λόγον’
3021 2045 3349 2117 προέπεμπε
3378 2059 3435 2096 τε
3467 2041 3585 2112 ἄχρι
3609 2040 3742 2091 imm

2230 2143 2551 2214 θεραπεύων
2577 2142 2664 2195 διὰ
2693 2143 2792 2206 τὴν
2807 2141 2943 2210 πρὸς
2971 2138 3131 2193 αὐτὸν
3161 2135 3526 2206 γεγενημένην
3559 2130 3743 2202 μέμψιν,

2230 2237 2385 2291 οὔπω
2412 2236 2678 2306 πρότερον
2708 2235 2868 2286 τοῦτο
2894 2233 3285 2303 εἰργασμένος,
3320 2226 3434 2282 ἀλλ’
3478 2229 3532 2278 ὲν
3559 2227 3653 2286 τοῖς
3677 2222 3745 2290 βα·

2235 2328 2459 2386 σιλείοις
2494 2329 2663 2388 οἴκοις
2693 2324 3140 2391 συνταττόμενος.
3177 2318 3535 2386 ἀναστρέφειν
3563 2311 3743 2373 εἰωθώς.

2232 2421 2325 2482 Εἰς
2359 2417 2607 2489 βασιλίδα
2636 2417 2692 2470 δὲ
2719 2414 2878 2478 αὖθις
2928 2416 2956 2468 δ
2989 2414 3162 2484 μέγας
3207 2413 3524 2480 δομέστικος
3563 2404 3744 2460 ἐπανελ-

2234 2505 2363 2571 θὼν,
2401 2507 2499 2575 τὴν
2533 2506 2717 2558 αἰτίαν
2741 2505 2836 2558 τοῦ
2865 2503 3096 2574 θορύϐου
3125 2502 3211 2572 διη
3229 2503 3374 2567 γεῖτο
3394 2516 3410 2532 ο
3454 2500 3588 2559 ὅπως
3607 2513 3656 2547 τε
3678 2493 3747 2546 αύ-

2232 2604 2322 2662 es;
2345 2599 2442 2666 τῆς
2460 2597 2693 2667 ἀκαίρου
2720 2595 3058 2664 φιλονεικίας
3087 2593 3448 2664 μεμψάμενος
3470 2589 3746 2658 πατρεάρίῃι

2235 2693 2316 2745 ὅτι
2347 2692 2594 2758 ἀνοήτων
2627 2687 2933 2756 ἀνθρώπων
2961 2685 3230 2757 προσχοίη
3272 2685 3451 2752 λόγοις
3489 2681 3650 2750 ἔχουσι
3675 2694 3749 2746 μγ,-

2235 2782 2326 2836 δὲν
2360 2781 2533 2850 ὑγιὲς,
2566 2782 2957 2849 παραινέσειεν
3003 2777 3187 2830 οἶκαδε
3242 2776 3556 2844 ἀναχωρεῖν.
3585 2773 3752 2838 Anq-.-

2239 2872 2419 2944 ρίζετό
2450 2890 2508 2924 τε
2554 2873 2644 2923 καί
2681 2871 2842 2931 αὐτὸς
2886 2868 3409 2938 ἐπιμαρτυρόμενος
3439 2864 3579 2927 Θεὸν,
3606 2862 3667 2922 ὡς
3685 2859 3753 2912 oti-

2239 2964 2328 3016 δέν
2354 2963 2460 3014 τῶν
2483 2962 2796 3031 λεγομένων
2830 2959 3122 3028 συνειδείη,
3154 2957 3277 3010 ἀλλ’
3322 2956 3425 3009 ὑπό
3456 2971 3599 3008 τινων
3622 2952 3752 3004 ἀπαι-

2239 3055 2440 3109 δεύτων
2469 3055 2561 3108 ὑπ’
2585 3053 2873 3114 αὐθαδείας
2901 3053 3140 3120 ἀνοήτως
3157 3049 3435 3119 κινηθείη.
3453 3043 3752 3109 Ἐπαινούσης

2237 3146 2296 3200 δὲ
2341 3147 2438 3215 τῆς
2491 3144 2764 3214 βασιλίδος
2800 3147 2890 3197 ἐπὶ
2923 3143 2998 3212 τῷ
3043 3143 3130 3194 τὸν
3161 3141 3399 3212 θόρυϐον
3442 3132 3756 3193 καταστεῖλαι,

2247 3236 2388 3289 Ἀλλ’
2415 3236 2605 3304 ἐκείνῳ
2641 3239 2763 3306 μέν,
2795 3237 2822 3288 ό
2858 3235 3030 3304 μέγας
3051 3233 3376 3303 δομέστικος
3401 3231 3518 3298 ἔφη,
3549 3221 3755 3280 συνεϐού-

2235 3327 2401 3381 λευσα
2445 3329 2612 3398 μηδὲν
2657 3327 2946 3397 προσθέντι
2993 3327 3105 3386 τοῖς
3163 3325 3482 3394 εἰρημένοις
3524 3315 3752 3372 ἀπελθεῖν

2237 3420 2382 3474 οὕτω
2426 3419 2656 3473 συνιδὼν
2695 3419 2892 3490 ῥᾳδίως
2925 3417 3201 3470 διαλύσειν
3227 3417 3327 3487 τὴν
3350 3413 3655 3486 φιλονεικίαν
3683 3406 3758 3477 μά-

2237 3510 2398 3564 λιστα
2438 3513 2565 3581 περὶ
2601 3510 2734 3580 ὲμοῦ
2773 3509 3168 3579 γεγενημένην.
3211 3510 3306 3561 Σοὶ
3365 3508 3421 3560 δὲ
3466 3507 3534 3577 μὴ
3569 3504 3654 3570 τὴν
3683 3498 3756 3553 αὖ·

2239 3594 2458 3656 θᾶδειαν
2489 3603 2837 3671 ἀτιμώρητον
2871 3600 3124 3671 παραινῶ
3151 3601 3446 3670 περιϊδεῖν,
3475 3596 3598 3651 ἀλλὰ
3619 3593 3755 3659 λόγοις

2241 3693 2473 3746 κολάσαι
2513 3691 3037 3761 προσκαλεσαμένην
3063 3691 3158 3760 τῆς
3192 3690 3448 3759 γλώσσης
3485 3688 3574 3756 τῆς
3602 3682 3756 3736 ἀκολα-

2243 3786 2360 3846 σίας
2402 3783 2585 3844 ἕνεκα.
2627 3782 2918 3854 Παρῄνεσα
2953 3783 2996 3836 δ’
3035 3782 3101 3835 ἂν
3135 3783 3228 3834 καὶ
3271 3783 3543 3835 ἐπιπλεῖον
3569 3773 3759 3840 ἐνδείξα-

2243 3875 2364 3929 σθαι
2403 3877 2501 3946 τὴν
2551 3877 2720 3947 ὀργὴν
2779 3877 2877 3947 τὴν
2928 3875 3064 3945 πρὸς
3114 3875 3354 3939 αὐτοὺς,
3391 3875 3440 3928 εί
3498 3874 3569 3944 μη
3595 3867 3757 3937 ταχέως

2242 3968 2466 4038 ἔμελλον
2501 3969 2713 4021 ἐνθένδε
2749 3967 3172 4031 ἀπελεύσεσθαι,
3215 3971 3345 4031 τοὺς
3387 3967 3593 4026 πλείους
3622 3958 3760 4013 αὐτῶν

2245 4060 2611 4132 παραλαϐὼν.
2649 4060 2739 4112 Διὸ
2779 4059 2919 4128 μετά
2974 4059 3034 4112 τὸ
3075 4057 3429 4128 καθάψασθαι
3469 4053 3758 4128 ἀρκούντως.

2245 4153 2532 4223 παράσχου
2592 4153 2959 4222 συγγνώμην,
3008 4153 3314 4222 αἰτιωμένη
3363 4155 3461 4222 τῆς
3508 4140 3762 4212 ὁδοιπορίας

2245 4244 2344 4314 τὴν
2368 4245 2632 4312 ἀνάγκην.
2680 4235 2747 4314 ᾯ
2778 4243 3065 4296 πεισθεῖσα
3121 4244 3217 4296 καὶ
3244 4247 3286 4312 ὴ,
3313 4241 3524 4312 βασι-λὶς
3569 4238 3674 4296 τοὺς
3694 4231 3764 4284 ἄν’

2245 4336 2378 4405 δρας
2434 4352 2491 4387 τε
2545 4335 2958 4405 προσεκαλεῖτο,
3011 4335 3107 4388 καὶ
3151 4335 3435 4398 ὠνείδιζεν
3491 4331 3652 4387 αὐτοῖς
3690 4323 3763 4382 τήν

579 4423 785 4463 Strenuo
815 4411 978 4463 etiam
1013 4427 1110 4479 pro
1139 4425 1332 4479 magno
1364 4411 1663 4464 domestico
1697 4413 1947 4466 videlicet
1978 4413 2134 4468 verba

2247 4424 2640 4489 ἀπαιδευσίαν,
2683 4425 2764 4475 ὅτι
2809 4423 3074 4491 βασιλέων
3126 4422 3553 4493 ὲντεθραμμένοι
3597 4415 3756 4484 νόμοιῦ

585 4503 826 4566 feeistis;
868 4502 1012 4569 quod
1047 4501 1112 4553 ad
1139 4517 1236 4554 vos
1272 4501 1490 4563 attinet,
1533 4502 1789 4557 docentes
1815 4519 1938 4556 eum
1970 4517 2146 4558 vestra

590 4591 683 4643 ind
710 4609 836 4658 gere
872 4610 994 4660 ope,
1031 4593 1073 4646 si
1108 4611 1210 4662 qua
1262 4595 1338 4646 ilii
1390 4610 1446 4647 re
1492 4610 1520 4648 a
1566 4595 1720 4649 nobis
1749 4611 1886 4664 Opus
1913 4598 2002 4650 sit.
2037 4598 2149 4650 ΙΙοο

583 4693 765 4734 autem
817 4681 1276 4737 absurdissimum
1321 4675 1465 4748 εδει),
1515 4687 1792 4748 nonaliis,
1853 4689 1945 4741 sed
1996 4689 2148 4742 vobis

586 4771 718 4837 ipsis
754 4770 1032 4837 iudicibus
1065 4775 1295 4824 utamini
1330 4775 1476 4828 licet.
1507 4775 1623 4828 Non
1657 4781 1802 4830 enim
1831 4779 1990 4832 modo
2013 4779 2151 4832 dun-

585 4870 753 4917 taxat.
807 4862 1025 4930 quando
1061 4863 1126 4914 ad
1181 4878 1304 4916 eum
1357 4877 1569 4918 summa
1602 4881 1781 4919 rerum
1835 4870 2150 4936 procuratio

583 4953 838 5005 devoluta
866 4961 968 5017 est,
1004 4953 1097 5006 sed
1129 4962 1184 5008 et
1217 4955 1338 5007 vivo
1363 4957 1689 5024 imperatore
1720 4958 1874 5012 vobis
1897 4961 2151 5013 omnibus

585 5045 676 5097 hic
723 5056 972 5113 praeerat,
1007 5045 1058 5097 in
1092 5047 1291 5114 quibus
1322 5047 1706 5116 imperatorem
1747 5052 2138 5121 rcquirebatis,

587 5145 829 5188 vestrum
858 5148 1046 5191 contra
1075 5137 1154 5190 illi
1199 5154 1380 5192 nemo.
1419 5140 1595 5205 Quare
1628 5158 1749 5194 cum
1784 5162 1813 5194 e.
1840 5146 2152 5211 praeteritis,

584 5238 697 5280 tum
750 5244 781 5282 e
837 5231 1195 5297 praesentibus
1249 5231 1463 5286 discere
1511 5249 1608 5286 vos
1648 5236 1957 5301 oportebat,
1993 5237 2148 5290 illum

587 5325 769 5369 vestro
827 5321 1132 5385 patrocinio
1185 5336 1293 5374 non
1347 5338 1531 5391 egere.
1564 5323 1681 5376 Non
1724 5323 1870 5375 enim
1905 5333 2008 5388 est,
2043 5343 2149 5379 non

584 5418 687 5467 est.
719 5410 962 5478 inquam,
1005 5413 1150 5481 quod
1205 5414 1320 5474 ille,
1358 5414 1403 5466 si
1440 5415 1589 5476 velit,
1625 5430 1732 5467 non
1779 5415 1859 5469 vel
1905 5418 2032 5480 sibi,
2067 5418 2152 5471 vel

586 5499 708 5550 aliis
735 5504 1029 5556 curaverit.
1070 5503 1223 5569 Quod
1257 5505 1416 5574 391
1451 5522 1574 5559 cum
1612 5508 1684 5561 ita
1719 5508 1810 5572 sit,
1838 5517 1892 5561 et
1941 5508 2153 5562 fatean-

592 5598 678 5639 tur
712 5605 903 5646 omnes
939 5610 1040 5647 nec
1079 5610 1175 5648 vos
1209 5605 1415 5651 temere
1460 5599 1779 5651 tumultuari
1835 5600 2153 5669 turbarique

589 5681 970 5755 conveniebat,
1008 5692 1172 5750 atque
1210 5686 1332 5738 ideo
1375 5702 1478 5740 non
1529 5689 1775 5756 gratiam,
1806 5688 1899 5743 sed
1933 5705 2150 5758 ptenam

2250 4516 2340 4566 καὶ
2374 4515 2619 4575 συνόντες
2667 4515 2730 4565 ἐκ
2761 4515 2974 4579 παιδὸς,
3025 4514 3179 4567 οὐδὲν
3223 4517 3450 4584 ἄμεινον
3481 4511 3581 4563 τῶν
3610 4507 3762 4559 ἀϐασι-

2247 4605 2450 4657 λεύτων
2481 4605 2756 4658 διάκεισθε
2801 4606 3116 4676 βαρϐάρων,
3155 4607 3261 4658 πᾶν
3292 4606 3352 4657 τὸ
3385 4599 3763 4674 προσιστάμενον

2249 4697 2377 4764 ὑμῖν
2413 4699 2662 4760 ἀτάκτως
2715 4697 3094 4766 θορυϐοῦντες.
3133 4697 3396 4750 Σκοπείτε
3448 4697 3549 4764 γὰρ
3575 4695 3642 4752 είς
3671 4689 3765 4738 δσθν

2249 4790 2429 4852 ἁνοῖας
2457 4789 2694 4857 ἡλάσατε
2722 4790 2857 4843 νυνί.
2886 4790 3108 4860 Πρῶτον
3165 4791 3264 4860 μὲν
3295 4792 3404 4860 γὰρ
3438 4793 3492 4841 ὲν
3528 4780 3766 4854 βασιλείοις

2251 4881 2500 4950 φανερῶς
2543 4881 2825 4933 ἀντείπετε
2876 4881 3180 4950 βασιλεῦσι.
3215 4885 3478 4950 Δεύτερον
3514 4879 3556 4930 δ’
3595 4875 3764 4926 Eum-

2250 4973 2488 5042 τριάοχῃ
2522 4971 2840 5042 διηνέχθητε
2870 4975 3036 5040 κοινῷ
3065 4973 3285 5025 πάντων
3312 4972 3427 5024 δντι
3457 4967 3612 5035 πατρὶ
3638 4975 3764 5012 πνευο

2235 5064 2488 5127 ,ματα-ξ),
2528 5063 2621 5112 καὶ
2673 5065 2908 5130 μάλιστα
2961 5063 3160 5131 πολλῆς
3190 5062 3375 5124 αἰδοῦς
3410 5062 3558 5128 ἀξίῳ,
3603 5055 3762 5108 κα“ιτι’

2255 5150 2361 5219 μῆς
2381 5152 2557 5219 πολλῴ
2580 5153 2788 5224 πλέονῆ
2815 5156 2864 5206 οἱ
2887 5156 3161 5226 σαρκικῶς
3186 5153 3590 5223 γεγεννηκότες.
3613 5141 3767 5226 Τρίτρν

2252 5237 2295 5288 δ’
2329 5239 2412 5289 ὅτι
2463 5240 2560 5292 καὶ
2617 5242 2761 5310 ὑπὲρ
2799 5243 3040 5310 μεγάλου
3070 5242 3396 5308 δομεστίκου
3437 5235 3587 5306 δῆθεν
3615 5225 3766 5292 tituli?

2255 5330 2420 5383 σασθε
2451 5335 2574 5393 τοὺς
2608 5333 2821 5400 λόγους,
2851 5334 2912 5385 τό
2941 5351 3003 5402 γε
3035 5337 3112 5396 εἰς
3137 5335 3278 5402 ὑμᾶς
3305 5328 3439 5403 ἧκον
3468 5317 3768 5382 ἁποδεικνύν

2253 5439 2342 5483 τες
2391 5422 2480 5475 διὰ
2529 5426 2770 5487 τούτων,
2822 5425 2920 5494 τῆς
2969 5426 3101 5494 παρ’
3155 5424 3307 5495 ὑμῶν
3353 5423 3510 5476 αὐτὸν
3559 5416 3764 5483 δεόμενον

2256 5515 2579 5581 ἐπικουρίας
2613 5517 2692 5578 εἰς
2726 5520 2786 5568 τὸ
2811 5520 2996 5587 τυχεῖν
3028 5519 3080 5569 εἷ
3113 5534 3255 5578 τινος
3281 5517 3451 5568 δίοιτο
3476 5511 3595 5579 παρ’
3621 5503 3762 5575 ήμῶνο

2258 5606 2429 5657 Τοῦτο
2452 5607 2495 5658 δ’
2520 5609 2600 5658 ὅτι
2629 5607 2737 5659 τῶν
2757 5610 3146 5673 ἀτοπωτάτων,
3167 5611 3262 5678 οὐχ
3290 5610 3511 5676 ἑτέροις,
3538 5602 3635 5654 ἀλλ’
3665 5594 3764 5660 ὑμῖν

2258 5693 2442 5757 αὐτοῖς
2477 5697 2751 5766 χρήσασθε
2795 5698 3214 5766 διαιτηταῖς··ού
3263 5697 3368 5765 γὰρ
3403 5695 3492 5747 νῦν
3537 5692 3673 5762 μόνον
3693 5686 3760 5732 ὅτε
