3998 6198
282 282 379 351 7st
847 299 860 310 ·
1375 251 1392 266 ’
1448 275 1834 355 HISTORIA]

1939 293 1981 352 ll
2018 293 2248 352 LIBER
2289 291 2406 350 lll.

3417 287 3534 356 τι).

281 396 548 468 βασιλέως
582 399 704 454 οὐδλ
741 403 1038 472 προσήκειν
1071 403 1222 474 αὑτῷ
1257 405 1352 476 τὴν
1387 406 1692 478 ὑπηρεσίαν
1727 408 1834 478 κρί⁴

1955 405 2135 461 modis
2165 406 2463 462 commissa
2513 405 2564 462 ei
2613 405 2946 474 respublica,
2989 407 3084 461 sed
3121 406 3215 471 ita,
3254 417 3310 461 ut
3348 411 3522 478 magis

278 506 492 556 νοντος,
537 491 619 556 είς
665 491 726 544 τὸ
777 493 1034 562 μεσάζειν
1079 497 1190 560 τοῖς
1240 499 1532 569 πράγμασι
1583 501 1842 570 κατέστη.

278 580 426 651 Πλὴν
465 582 530 636 οὑ
576 584 925 641 παντάπασιν
965 589 1255 659 ἐπετράπη
1292 591 1393 661 τὴν
1432 591 1700 661 διοίκησιν
1738 594 1847 646 τῶν

275 673 494 738 κοινῶν,
540 677 655 728 ἀλλ’
683 679 785 731 ὅσα
822 679 930 732 τῶν
973 681 1420 759 ἀναγκαιοτέρων
1463 679 1530 755 ἦν
1579 687 1715 755 πρὸς
1757 687 1848 740 τὸν

274 763 451 832 μέγαν
484 767 806 836 δομέστικον
835 771 1075 838 ἀνάγων,
1110 773 1272 837 αὑτὸς
1303 777 1414 830 τῶν
1445 781 1846 848 ταπεινοτέρων

272 855 471 923 εἴχετο,
497 859 559 922 ἐξ
579 854 655 913 ῶν
677 860 903 930 οὐδεμία
922 866 1032 926 τοίς
1055 867 1252 928 κοινοῖς
1276 867 1647 935 προσεδοκᾶτο
1671 869 1843 939 βλάϐη

269 947 329 1000 εὖ
360 949 395 1020 ἢ
428 951 618 1011 κακῶς
644 952 1027 1023 διῳκημένοις.
1055 957 1246 1028 Ὅμως
1275 960 1332 1014 δέ
1359 961 1463 1014 ὑπὸ
1489 963 1698 1016 πολλῶν
1728 965 1846 1017 ἐθε-

268 1042 566 1106 ραπεύετο.
597 1043 818 1110 Μεταξὺ
850 1046 907 1098 δέ
939 1049 1034 1100 καὶ
1069 1050 1328 1114 πολλάκις
1366 1051 1579 1120 βασιλεῖ
1610 1073 1845 1126 προσκε-

266 1129 523 1197 κρουκὼς
549 1132 639 1184 διά
662 1135 762 1203 τὴν
777 1131 939 1201 φίλην
967 1139 1330 1208 πανουργίαν,
1359 1143 1453 1196 καὶ
1476 1143 1685 1213 μέλλων
1708 1145 1845 1199 διδό-

265 1237 351 1272 ναι
378 1221 566 1286 δίκας,
593 1223 699 1275 ὑπὸ
721 1222 812 1276 τοῦ
843 1225 1080 1294 μεγάλου
1107 1227 1427 1298 δομεστίκου
1453 1233 1552 1302 τὴν
1579 1235 1844 1303 βασιλέως

263 1309 438 1380 ὀργὴν
470 1311 712 1382 spe-3:01;
749 1318 1208 1387 παραιτουμένου.
1245 1322 1338 1385 Εἰς
1367 1325 1625 1394 τοιαύτην
1655 1326 1710 1378 δὲ
1744 1344 1842 1380 πε-

263 1403 558 1474 ριφάνειαν
594 1403 655 1468 ἐξ
694 1406 962 1475 άφανείας
1005 1409 1207 1480 πολλῆς
1247 1411 1440 1478 ἐλθὼν,
1479 1417 1752 1486 ἐσκέψατο
1790 1421 1840 1474 εί

260 1492 487 1546 δύναιτο
521 1495 612 1548 τὸν
647 1496 947 1568 εὐεργέτην
979 1500 1322 1570 ἀμείψασθαι
1360 1509 1470 1567 τοῖς
1511 1510 1840 1564 ἐναντιωτά-

258 1599 401 1644 τοις.
435 1584 526 1647 Ὦς
556 1585 668 1655 γάρ
701 1585 954 1655 βασιλεὺς
981 1591 1010 1643 ό
1039 1591 1159 1655 νέος
1195 1593 1532 1664 Ἀνδρόνικος
1560 1597 1659 1667 τὴν
1688 1599 1841 1654 νόσον

257 1672 524 1744 cultaque»
557 1677 772 1746 ἐκείνην
804 1681 904 1749 τὴν
919 1681 1180 1752 σφοδράν,
1211 1686 1305 1738 xui.
1337 1687 1591 1756 τελευτῆς
1625 1691 1840 1758 ἐγένετο

255 1766 464 1832 ἐγγὺς,
509 1767 740 1837 βασιλίδι
794 1772 892 1840 μὲν
939 1775 1004 1843 τῇ
1058 1779 1271 1846 γαμετῇ
1323 1779 1692 1850 κατελίμπανε
1741 1783 1839 1851 τὴν

255 1858 463 1926 ἀρχὴν,
508 1857 663 1914 οὑπω
705 1861 804 1930 μὲν
855 1866 1042 1926 παιδὸς
1089 1867 1257 1938 μητρὶ
1303 1872 1666 1942 γεγενημένῃ,
1711 1874 1837 1928 ὼδι-

251 1949 432 2021 νούσῃ
471 1950 527 2002 δέ
555 1967 570 1982 ο
605 1953 684 2022 τῷ
729 1954 952 2039 μεγάλῳ
993 1956 1051 2009 δέ
1090 1958 1396 2028 δομεατίκῳ
1431 1961 1534 2034 τὴν
1573 1964 1839 2035 διοίκησιν

249 2039 373 2090 τῶν
409 2042 605 2096 κοινῶν
637 2046 732 2097 καὶ
765 2046 824 2098 τὸ
859 2047 1066 2110 πάντας
1097 2050 1529 2130 αὑξῷιὺπείκειν
1549 2094 1565 2120 ,
1598 2058 1691 2110 καὶ
1732 2075 1839 2127 μη-

248 2132 389 2183 δένα
430 2133 735 2203 ἀντιλέγειν
775 2138 911 2206 πρὸς
955 2140 1144 2208 μηδέν.
1183 2139 1246 2195 Ὅ
1284 2142 1329 2195 δ’
1358 2142 1546 2215 ὥσπερ
1583 2145 1703 2210 ἔθος
1743 2150 1838 2204 ἐπὶ

245 2225 559 2278 τελευτῶσι
604 2231 716 2290 τοῖς
762 2228 1042 2298 βασιλεῦσι
1089 2235 1202 2295 τοῖς
1245 2234 1696 2307 ὑπολειπομένοις
1737 2240 1837 2311 τὴν

247 2316 478 2370 εὔνοιαν
511 2319 605 2372 καὶ
638 2319 736 2390 τὴν
769 2322 949 2375 πίστιν
989 2323 1402 2400 βεδαίαν,παρά
1435 2331 1543 2383 τῶν
1577 2331 1838 2401 ὑπηκόων

247 2409 593 2480 βουλόμενος
629 2415 823 2477 ποιεῖν,
855 2413 1055 2486 ὅρκους
1089 2418 1294 2493 ἐκθεὶς,
1331 2421 1537 2484 πάντας
1569 2422 1638 2476 δι’
1661 2426 1838 2480 αὐτῶν

245 2500 635 2590 ὲκέ).ευε.τὴν
687 2503 870 2557 πίστιν
922 2506 1235 2575 ἐμπεδοῦνο
1287 2512 1334 2562 οἱ
1385 2512 1539 2581 ὅρκοι
1586 2514 1642 2566 δὲ
1673 2517 1839 2590 ’Δννῃ

245 2606 299 2641 τε
355 2593 428 2658 τῇ
473 2563 712 2658 βασιλίδι
749 2563 1059 2663 Ῥωμαίους
1103 2563 1840 2673 διελάμδανόνήτὴνῄπίστιε

241 2680 544 2750 ἀκραιφνὴ
575 2685 854 2751 φυλάξειν,
880 2691 971 2738 καὶ
1004 2689 1156 2741 παιδὶ
1188 2691 1450 2759 βασιλέως
1478 2695 1556 2764 τῷ
1583 2712 1838 2766 γεννησο-

175 2835 196 2843 ο
241 2775 408 2844 μένῳ
442 2775 505 2838 ἐξ
535 2777 705 2845 αὐτῆς
726 2816 742 2841 ,
776 2781 872 2831 καὶ
902 2778 979 2848 τῷ
1017 2783 1240 2853 μεγάλῳ
1275 2785 1585 2857 δομεστίκῳ
1614 2789 1712 2858 τὴν
1743 2791 1836 2842 εὑ·-

238 2867 533 2921 πεξθειαν.
570 2865 742 2936 Ξένης
781 2869 838 2923 δέ
876 2871 1149 2940 βασιλίδος
1185 2876 1284 2942 τῆς
1329 2875 1592 2944 βασιλέως
1633 2882 1836 2950 μητρὸς

237 2960 576 3030 ἐμέμνηντο
616 2955 934 3014 οὑδοτιοῦν·
977 2962 1120 3016 οὕτω
1162 2966 1257 3018 καὶ
1299 2965 1514 3036 βασιλεῐ
1556 2975 1834 3042 κεκρικότι

1953 499 2265 554 necessaria
2301 514 2399 553 seu
2434 497 2712 567 praecipua
2749 497 2814 552 ad
2866 513 3121 568 magnum
3162 495 3522 554 domesticum

1953 591 2207 654 referret.
2238 589 2356 659 ipse
2402 589 2614 644 leviora
2664 590 2997 660 transigeret
3054 605 3069 644 :
3125 595 3158 644 ε
3189 592 3390 659 quibus
3418 606 3513 645 seu

1951 681 2091 737 bene
2119 698 2214 738 seu
2249 681 2386 735 male
2413 682 2723 744 transactis,
2751 682 3118 736 communitas
3153 683 3362 736 nullum
3398 697 3523 734 sen-

1953 771 2082 826 tiret
2111 780 2528 826 nocumentum.
2590 770 2771 825 Nihilo
2825 771 3008 824 minus
3036 786 3065 824 a
3113 770 3300 824 multis
3335 766 3524 823 obser-

1949 861 2199 915 vabatur.
2239 861 2463 916 Etcum
2494 861 2714 918 interim
2761 878 2906 931 sarpe
2952 862 3115 916 etiam
3154 871 3378 932 propter
3408 864 3520 918 usi-

1952 958 2119 1004 tatam
2133 953 2435 1008 etamicam
2463 951 2567 1006 sibi
2585 953 2884 1021 nequitiam
2918 951 3312 1021 imperatorem
3342 952 3519 1007 cll'cn-
3571 938 3580 1006 ξ

1951 1041 2142 1105 disset,
2189 1057 2252 1095 ac
2289 1042 2466 1112 poenis
2494 1042 2876 1111 subjiciendus
2910 1051 3078 1107 esset,
3133 1060 3230 1112 per
3262 1059 3516 1112 ruagmnn

1948 1125 2309 1188 domesticum
2382 1137 2582 1189 iratum
2634 1138 2842 1192 scilicet
2897 1148 3214 1191 exorantem
3249 1178 3264 1198 ,
3318 1139 3515 1190 evasit.

1939 1217 2066 1277 'Jaut
2106 1239 2238 1279 vero
2279 1240 2310 1280 e
2367 1226 2533 1280 tantis
2580 1228 2823 1283 tenebris
2857 1228 2912 1283 in
2963 1237 3169 1283 tantam
3208 1217 3514 1281 claritatem

1948 1314 2256 1382 deductus,
2322 1319 2599 1386 quomodo
2670 1319 2810 1375 bene
2885 1322 3117 1375 merenti
3181 1337 3283 1376 suo
3346 1336 3509 1390 quant

1946 1409 2183 1463 maxime
2214 1411 2489 1464 contraria
2517 1409 2862 1478 rependeret,
2900 1426 3086 1465 secum
3119 1411 3509 1466 consideravit.

1943 1499 2078 1553 Nam
2111 1514 2240 1554 cum
2287 1500 2636 1556 Andronicus
2677 1502 2866 1572 junior
2916 1502 3108 1556 morbo
3155 1502 3247 1556 illo
3300 1502 3512 1557 dillicil-

1943 1590 2074 1644 limo
2104 1590 2486 1657 conﬂictatus,
2539 1593 2818 1672 mortique
2862 1595 3181 1663 proximus,
3239 1594 3394 1648 uxori
3447 1595 3512 1647 ad

1947 1681 2118 1735 lilium
2171 1682 2499 1751 pariendqu
2548 1684 2658 1752 jam
2707 1684 2902 1740 vicina
2949 1685 3266 1754 imperium,
3319 1701 3517 1753 magno

1943 1780 2128 1826 autem
2183 1773 2488 1828 domestico
2547 1774 2810 1829 vicariam
2875 1775 3334 1844 gubernationem
3387 1776 3515 1832 reli-

1889 1855 1902 1864 ⁸
1943 1863 2175 1932 quisset,
2204 1864 2293 1918 cui
2320 1863 2457 1920 citra
2485 1864 2994 1935 tergiversationem
3018 1881 3210 1920 omnes
3234 1877 3514 1934 parerent.

1944 1956 2036 2010 ille
2058 1956 2237 2040 ‘(quod
2272 1958 2612 2012 consuetudo
2649 1965 2818 2023 tenet,
2843 1957 3269 2028 imperatoribus
3301 1957 3368 2012 de
3403 1959 3515 2012 vita

1943 2049 2295 2118 exeuntibus)
2328 2048 2742 2104 successoribus
2784 2049 3226 2104 benevolentiam
3258 2065 3322 2103 ac
3351 2048 3511 2102 ﬁdem

1943 2141 2317 2210 subjectorum
2363 2140 2611 2196 stabilire
2662 2141 2852 2195 volens
2881 2179 2896 2204 ,
2945 2142 3357 2213 juramentum,
3404 2155 3516 2210 quo

1941 2245 2133 2286 omnes
2163 2229 2326 2285 ﬁdem
2359 2244 2515 2284 suam
2559 2239 2732 2284 ratam
2785 2230 3049 2296 facerent,
3101 2231 3158 2284 in
3193 2231 3306 2285 haec
3339 2231 3506 2284 verba

1940 2331 2268 2392 conceptum
2323 2321 2634 2392 pr0posuit,
2721 2321 2999 2376 Romanos
3053 2322 3226 2375 Anna:
3278 2322 3514 2391 impera-

1941 2416 2085 2482 trici,
2111 2423 2168 2471 et
2204 2413 2316 2469 lilio
2347 2413 2660 2483 imperatori
2700 2427 2767 2467 ex
2794 2428 2857 2466 ea
2899 2412 3183 2467 nascituro
3240 2411 3509 2488 sinceram

1940 2516 1995 2562 et
2029 2508 2296 2576 integram
2328 2505 2510 2570 ﬁdem,
2561 2515 2618 2560 et
2663 2520 2862 2576 magno
2897 2504 3207 2560 domestico
3244 2503 3513 2559 obedien-

1941 2601 2072 2654 tiam
2100 2598 2462 2668 praestituros.
2495 2596 2649 2652 Xena
2687 2597 3040 2667 imperatoris
3072 2607 3246 2652 mater
3268 2597 3516 2666 prmeri—

1940 2693 2104 2747 batur
2133 2691 2382 2754 omnino.
2427 2690 2574 2760 quod
2619 2690 2691 2744 ita
2739 2690 2883 2744 [ilius
2937 2685 3356 2754 constituisset;
3403 2705 3511 2742 non

1940 2785 2087 2839 enim
2120 2798 2280 2854 posse
2320 2783 2480 2846 duos,
2535 2782 2700 2850 idque
2732 2781 2966 2837 feminas
2998 2798 3166 2836 unum
3216 2782 3505 2851 imperium

1941 2892 2152 2947 regere.
2205 2876 2322 2931 Hoc
2358 2877 2454 2930 illa
2524 2878 2754 2946 ejusque
2791 2876 3035 2931 fautores
3087 2878 3333 2946 graviter
3370 2877 3511 2931 tulc-

1938 2975 2087 3028 runt,
2145 2966 2360 3021 tametsi
2430 2981 2659 3036 magnus
2721 2965 3063 3021 domesticus
3112 2982 3232 3022 eam
3273 2967 3512 3022 oﬂiciose

233 3051 378 3113 δεῖν,
425 3052 508 3118 μὴ
549 3047 813 3104 δύνασθαι
857 3051 972 3118 δύο,
1017 3055 1111 3107 καὶ
1151 3055 1350 3120 ταύτας
1395 3061 1662 3126 γυναῖκας
1707 3063 1834 3131 μίαν

1941 3059 2168 3113 coleret.
2227 3057 2512 3128 Siquidem
2567 3058 2697 3112 hinc
2725 3073 2844 3112 eam
2884 3057 3270 3128 perturbatum
3312 3059 3379 3113 iri
3421 3075 3514 3113 su-

232 3141 475 3195 διοικεῖν
513 3143 710 3213 ἀρχήν.
746 3143 881 3197 Τότε
922 3144 1020 3215 μὲν
1053 3143 1148 3200 οὖν
1182 3148 1366 3218 ἐκείνη
1404 3166 1462 3202 τε
1501 3151 1697 3221 ἤνεγκε
1736 3155 1832 3224 βα-

234 3237 417 3306 ρέως,
461 3237 560 3289 καὶ
599 3231 681 3299 οἷς
722 3238 858 3307 πρὸς
897 3239 1115 3311 ἐκείνην
1153 3239 1343 3295 εὔνοιά
1379 3259 1460 3305 τις
1497 3242 1589 3316 ἦν,
1633 3247 1834 3316 καίπ;ρ

230 3326 348 3380 οὐδ’
375 3327 606 3397 ἐκείνην
633 3327 1008 3400 ἀθεράπευτον
1037 3333 1432 3399 καταλιπόντος
1463 3337 1557 3390 τοῦ
1592 3339 1832 3407 μεγάλου

228 3419 599 3488 δομεστίκου.
636 3419 723 3484 Ὦς
763 3423 872 3501 γάρ
912 3424 1006 3476 καὶ
1048 3425 1209 3488 αὐτὸς
1246 3425 1308 3480 τὸ
1347 3431 1580 3498 πρᾶγμα
1619 3431 1832 3484 ὑπενόει

149 3583 152 3585 ἓ
228 3513 486 3583 θόρυδον
512 3511 810 3583 δυνάμενον
834 3518 898 3586 τῇ
933 3515 1166 3585 βασιλίδι
1191 3519 1469 3589 ἐμποιεῖν,
1498 3522 1714 3581 Γλαδᾷν
1742 3525 1831 3575 τὸν

197 3604 428 3672 ’μέγαν
467 3604 748 3674 διοικητὴν
789 3607 1008 3676 πέμψας
1061 3610 1205 3663 κατὰ
1240 3611 1404 3680 τάχος
1450 3596 1592 3682 πρὸς
1639 3615 1829 3682 αὐτὴν,

225 3696 354 3765 ἅμα.
388 3697 454 3750 δέ
481 3700 578 3750 καὶ
607 3699 841 3768 σταυρὸν
863 3703 929 3752 ἐκ
951 3700 1060 3784 τῶν
1085 3701 1474 3774 πολυτιμήτων
1499 3704 1663 3760 λίθων
1685 3707 1832 3772 ἀξιο-

223 3791 474 3852 πιστίας
527 3791 690 3845 ἓνεκα
733 3793 841 3845 τῶν
892 3793 1092 3860 λόγων,
1143 3795 1240 3859 τὴν
1291 3799 1392 3866 μέν
1443 3798 1596 3852 νόσον
1643 3801 1830 3872 ἐδήλου

225 3883 521 3952 βασιλέως
545 3883 618 3946 ὡς
644 3884 730 3952 εἴη
756 3885 1004 3954 χαλεπή·
1033 3887 1201 3940 ἐδεῖτο
1225 3905 1284 3941 τε
1303 3890 1439 3942 Θεοῦ
1467 3892 1544 3963 μὴ
1570 3895 1832 3963 περιϊδεῖν

221 3976 448 4037 αὐτοὺς
499 3973 745 4027 τοιούτου
800 3976 1066 4045 βασιλέως
1119 3979 1617 4050 ἀποστερηθέντας.
1673 3985 1736 4036 El.
1785 3985 1830 4038 δ’

219 4071 341 4142 ἄρα
410 4087 470 4123 τι
529 4068 769 4140 συμϐαίη
821 4070 932 4124 τῶν
984 4070 1459 4142 προσδοκωμένων
1479 4092 1501 4139 ,·
1545 4075 1698 4130 οὕτω
1737 4079 1829 4131 τοῦ

217 4165 428 4218 πάντα.
488 4161 717 4227 δικαίως
767 4163 866 4220 καὶ
921 4163 1316 4232 συμφερόντως
1364 4165 1788 4233 ταλαντεὺοντος
1814 4211 1828 4233 ,

216 4254 666 4325 οἱκονομοῦντος
695 4255 862 4324 μηδὲν
888 4255 1058 4326 αὑτὴν
1087 4255 1418 4310 ὑποπτεύειν
1444 4258 1605 4328 άηδές
1633 4261 1696 4313 ἐκ
1723 4261 1830 4314 τῶν

220 4345 598 4420 πραγμάτων
621 4347 718 4416 τῆς
751 4345 1077 4417 μεταϐολῆς,
1105 4346 1178 4409 ὡς
1209 4347 1362 4400 οὐδὲν
1383 4343 1544 4420 ἦττον
1571 4351 1828 4415 εὐνοϊκῶς

216 4439 410 4492 αὑτοῦ
461 4437 878 4506 διακεισομένου
928 4439 1065 4507 πρὸς
1112 4439 1303 4509 αὑτὴν,
1348 4440 1381 4510 ἢ
1430 4443 1477 4493 εἰ
1525 4444 1616 4494 καὶ
1665 4445 1828 4506 αὐτὸς

1939 4437 2166 4502 invidia,
2199 4436 2344 4505 quod
2397 4436 2687 4503 perspicue
2735 4433 2990 4505 viderent
3035 4449 3222 4488 rerum
3251 4450 3376 4488 esse
3409 4435 3511 4490 do-
3581 4447 3584 4450 ‘

213 4534 550 4601 γεγέννητο
590 4529 649 4593 ἐξ
689 4529 879 4599 αὐτῆς.
922 4530 1080 4583 Οὕτω
1117 4531 1172 4584 δὲ
1215 4533 1432 4604 ἐκείνης
1476 4537 1613 4604 πρὸς
1657 4536 1827 4604 όργὴν

216 4623 656 4693 κεκινημένης,
710 4624 761 4675 οἱ
811 4625 978 4678 πάλαι
1029 4641 1090 4678 τε
1139 4625 1247 4679 ὑπὸ
1299 4625 1495 4695 φθόνου
1545 4628 1682 4698 πρὸς
1729 4631 1827 4698 τὴν

1939 4624 2195 4680 mendum
2231 4635 2486 4690 magnum
2519 4619 2907 4678 domesticum.
2930 4627 2987 4673 et
3022 4617 3145 4688 ejus
3170 4618 3503 4674 vicariatum
3535 4667 3544 4671 -

213 4715 505 4769 εὔκλειαν
545 4714 864 4783 δακνόμενοι
905 4716 1003 4785 τὴν
1049 4717 1289 4784 μεγάλου
1331 4719 1692 4787 δομεστίκου,
1732 4722 1826 4772 καὶ

213 4809 356 4862 τότε
427 4805 630 4874 μᾶλλον
683 4805 820 4874 πρὸς
869 4806 929 4859 τὸ
985 4807 1156 4870 πάθος
1211 4808 1578 4878 ἐξαφθέντες,
1635 4816 1823 4880 σαφῶς

218 4898 451 4956 ίδόντες
469 4893 660 4964 κύριον
676 4901 1062 4966 γεγενημένων
1095 4897 1205 4950 τῶν
1237 4900 1601 4968 πραγμάτων.
1620 4901 1708 4954 Ἐν
1743 4898 1825 4965 οἷς

214 4988 397 5042 ἄλλοι
435 5003 495 5038 τε
540 4987 729 5040 πολλοὶ
763 4988 858 5041 καὶ
889 4989 918 5040 ὁ
953 4989 1450 5058 παρακοιμώμενος
1485 4992 1826 5063 Ἀπόκαυχος

214 5078 622 5149 ἐξητασμένος
664 5073 734 5149 ἦν
769 5079 1075 5152 Συργιάννῃ
1121 5084 1256 5150 πρδς
1291 5082 1391 5152 τὴν
1428 5083 1626 5152 πρᾶξιν
1661 5087 1828 5154 ἡγου-

1941 3151 2203 3219 spicatus,
2265 3150 2434 3205 Glaba
2491 3165 2689 3218 magno
2740 3149 2973 3205 diceceta
3029 3164 3154 3205 cum
3215 3165 3379 3206 cruce
3444 3165 3510 3204 cx

1941 3243 2354 3311 pretiosissimis
2408 3243 2612 3312 lapillis
2663 3242 2948 3306 confecta,
2999 3258 3110 3312 quo
3143 3243 3328 3298 verbis
3364 3255 3512 3298 esset

1941 3335 2095 3398 ﬁdes,
2149 3341 2214 3388 ad
2265 3349 2384 3388 eam
2440 3336 2694 3390 celeriter
2731 3338 2923 3398 misso,
2966 3335 3034 3389 de
3074 3335 3263 3390 letbali
3315 3338 3512 3391 morbo

1941 3427 2288 3494 imperatoris
2319 3431 2609 3480 certiorem
2669 3425 2816 3489 fecit,
2854 3427 3021 3479 Deum
3058 3442 3277 3496 rogans,
3318 3442 3386 3480 tte
3417 3442 3515 3482 eos

1942 3521 2031 3574 tali
2063 3522 2394 3588 imperatore
2424 3518 2606 3572 orbari
2635 3519 2862 3583 sineret.
2897 3518 2991 3571 Sin
3015 3519 3146 3586 quid
3174 3535 3365 3572 eorum
3389 3536 3511 3587 quae

1942 3620 2340 3674 metuerentur,
2377 3609 2648 3674 eveniret,
2683 3609 2764 3663 sic
2802 3610 3158 3675 moderante,
3192 3610 3285 3678 qui
3322 3610 3509 3663 omnia

1935 3707 2082 3775 juste
2123 3703 2464 3767 utiliterque,
2530 3715 2631 3754 ceu
2669 3717 2766 3770 per
2799 3701 2994 3755 libram
3035 3702 3336 3771 dispensat,
3373 3702 3509 3756 nihil

1940 3800 2054 3865 ipsa
2097 3787 2311 3851 tristius
2350 3809 2418 3848 ex
2458 3808 2644 3846 rerum
2695 3793 2998 3846 mutatione
3038 3794 3306 3863 timeret,
3337 3810 3512 3870 quan:

1938 3887 2238 3956 doqujdem
2273 3901 2387 3939 non
2439 3885 2622 3939 minus
2655 3899 2776 3938 eam
2809 3899 2973 3953 quam
3012 3895 3294 3952 parentem
3349 3901 3505 3940 suam

1938 3987 2147 4034 amaret
2187 3977 2456 4048 (7)..Cunr
2484 3976 2574 4030 illa
2604 3975 2658 4030 in
2684 3975 2819 4029 iram
2854 3990 2914 4028 se
2943 3974 3272 4040 cllunderet,
3305 3977 3509 4046 quibus

1941 4073 2152 4144 pridem
2207 4085 2272 4124 ex
2323 4068 2615 4138 splendore
2665 4067 2846 4138 magni
2912 4067 3208 4122 domestici.
3248 4067 3510 4123 dolebant

1937 4163 2079 4218 oculi
2138 4159 2302 4232 394-
2375 4158 2517 4228 (qui
2565 4157 2880 4228 complures
2935 4166 3113 4220 crant,
3173 4166 3229 4212 et
3297 4157 3352 4213 in
3423 4159 3510 4213 bis

1937 4255 2276 4310 certissimus
2333 4252 2719 4323 Apocaucbus,
2767 4261 2825 4305 et
2880 4252 3279 4322 antesignanus
3336 4260 3504 4323 atque

1938 4346 2190 4400 incentor
2220 4345 2443 4398 sceleris
2482 4341 2866 4414 Syrgiannes),
2888 4351 3016 4396 tunc
3049 4344 3255 4412 majore
3289 4345 3506 4399 accensi

1936 4531 2168 4593 minum,
2210 4528 2576 4598 impcratricis
2617 4525 2784 4580 Xenaa
2820 4525 3160 4580 iracundiam
3201 4526 3268 4598 ad
3313 4527 3506 4595 oppri-

1933 4714 2290 4770 evertcndum
2323 4753 2337 4772 .
2404 4711 2642 4780 plurimo
2695 4710 2828 4774 sibi_
2863 4709 3184 4780 adjumento
3259 4711 3504 4766 futuram

1933 4806 2295 4866 conﬁdentes,
2349 4819 2474 4858 cum
2522 4803 2634 4872 jam
2693 4803 2996 4871 imperator
3044 4803 3238 4858 morbo
3288 4805 3504 4859 solutus

1927 4899 2356 4958 convalesceret,
2418 4894 2737 4964 frequentes
2790 4909 2910 4949 eam
2970 4897 3328 4957 conveniunt.
3384 4900 3505 4964 ejus

1931 4992 2103 5044 vicem
2138 5003 2196 5042 se
2245 4987 2436 5042 dolere
2493 4986 2777 5049 simulant,
2829 5001 3087 5056 magnum
3135 4986 3501 5040 domesticum

1927 5097 2026 5152 pro
2083 5077 2431 5148 iniquissimo
2487 5085 2774 5139 accusant,
2806 5061 2952 5144 quod
2989 5076 3325 5144 imperatore
3384 5077 3503 5126 arri-

219 5170 444 5242 μςινου,
477 5167 577 5238 τὴν
607 5167 880 5238 βασιλίδος
910 5166 1082 5238 ὀργὴν
1108 5169 1425 5236 νομίσαντες
1458 5170 1524 5223 ἂν
1551 5172 1732 5233 αὐτοῖς
1764 5172 1830 5222 τά

1939 5185 2075 5224 mam
2111 5179 2329 5241 agente,
2368 5169 2592 5239 quando
2625 5169 2801 5239 ipsum
2843 5167 3106 5221 ambabus
3138 5163 3504 5233 irruperatrici-

1506 5286 1719 5348 Jacobi
1762 5288 2025 5350 l’ontani
2067 5298 2252 5351 notae.

383 5417 639 5488 )Modns
690 5415 1001 5472 declarandi
1050 5417 1226 5487 magni
1275 5417 1553 5488 cujusdam
1600 5434 1819 5488 amoris.

217 5487 394 5558 Quid
431 5489 579 5544 enim
629 5490 826 5556 cuique
859 5488 940 5542 \el
989 5498 1160 5558 patre,
1213 5488 1294 5540 vel
1346 5487 1520 5558 matre
1569 5487 1823 5542 cbarius?

215 5557 616 5628 Quzsivimns
663 5559 955 5626 aliquando
995 5558 1060 5611 ad
1106 5557 1468 5612 exercendum
1525 5558 1822 5627 ingenium.

222 5642 373 5684 utcr
407 5642 627 5699 parcns,
657 5629 844 5682 liberis
872 5629 1092 5682 deberet
1117 5641 1238 5681 esse
1276 5628 1512 5699 cbarior.
1548 5640 1821 5699 momenta

222 5697 532 5756 rationum
589 5699 643 5751 in
694 5707 980 5768 utramque
1031 5706 1234 5766 partem
1283 5698 1600 5761 attulimus,
1655 5709 1709 5751 et
1757 5697 1823 5750 ad

1929 5432 2232 5471 extremum
2293 5415 2698 5474 allirmavimus,
2764 5423 2990 5482 patrem
3033 5408 3321 5464 amandum
3379 5424 3500 5482 esse

1933 5488 2164 5559 plgnius,
2195 5497 2248 5540 cl.
2296 5485 2658 5559 con-stantius.
2692 5479 2918 5535 matrem
2965 5481 3214 5559 dulcius;
3248 5479 3498 5549 quando-

1931 5551 2150 5624 quidem
2203 5568 2307 5608 tam
2362 5556 2714 5606 vehementer
2764 5566 2902 5621 quos
2953 5551 3250 5621 genuisset,
3286 5559 3505 5618 tamque

1933 5627 2164 5681 dull-iter
2193 5626 2456 5693 diligeret.

2796 5820 2808 5824 -
2827 5816 2956 5830 -η-ι-η..

3663 2521 3696 2540 ι
