3998 6198
294 305 404 368 ῗθθ

1457 311 1998 372 ΠΙΒΤυΒΙΑΙὶυΜ
2039 312 2275 373 LIBER
2314 312 2432 376 III.

3448 323 3555 385 7ἷο

292 421 453 488 ήκειν
483 421 613 483 τοὺς
647 421 1078 493 ἐντυγχάνοντας
1133 427 1301 498 τιμᾷν
1349 428 1858 498 προσαναγκάζειν·

1983 431 2132 485 aaulo
2178 441 2302 501 post
2346 441 2568 502 captato
2619 443 2882 504 tempore,
2916 436 3186 506 equitanti
3231 451 3551 507 occurrunt,

293 511 410 564 ἀλλ’
440 512 687 576 ἐκείνους
717 515 934 568 οἴκοθεν
973 515 1159 581 ἀξίους
1193 517 1481 587 κρίνοντας
1518 519 1873 587 ἐπιψηφίζειν

291 605 391 674 τὴν
423 606 620 674 τιμήνο
653 607 967 672 ἐξετάζοντι
1013 610 1071 662 δὲ
1125 609 1262 679 πρὸς
1316 611 1514 664 ἐαυτὸν
1566 610 1658 663 τὸν
1712 611 1873 678 λόγον

291 697 385 749 ἴιά
423 699 526 766 τὴν
567 699 832 754 δοκοῦσαν
889 701 1147 766 ἀτοπίαν,
1205 701 1513 774 παρίστατο
1543 703 1686 756 νοεῖν
1737 702 1876 773 ὅπερ

291 788 383 863 ἦν,
441 793 515 857 ὡς
574 795 637 846 ού
691 797 963 868 σφετέρας
1013 797 1181 852 ἕνεκα
1233 797 1414 851 αὐτῶν
1472 795 1640 867 τιμῆς
1689 796 1876 867 ἠξίουν

292 884 517 936 τοιαῦτα
547 925 563 950 ,
607 884 724 937 ἀλλ’
778 887 866 940 ῐνα
903 887 1342 960 ὑπαντήσαντος,
1374 889 1484 943 τῶν
1525 890 1709 942 ἵππων
1743 891 1878 942 ἀπο-

294 976 496 1039 ϐάντες
523 978 679 1030 αὐτοὶ
721 978 890 1049 τιμὴν
920 980 1162 1034 ἀποδῶσι
1203 981 1301 1051 τὴν
1331 980 1621 1052 μεγίστην.
1671 981 1730 1034 '0
1772 981 1873 1051 μὲν

292 1061 384 1118 οὖν
414 1066 643 1120 τοιαῦτα
666 1069 953 1138 ἐννοήσας,
983 1070 1200 1140 έμενιεν
1227 1072 1386 1124 οίκοι.
1410 1073 1534 1134 Τοῖς
1557 1070 1604 1122 δ’
1625 1071 1748 1124 ἐπεὶ
1775 1071 1876 1124 οὐκ

291 1157 574 1225 ἐξεγένετο
603 1158 700 1229 τὴν
731 1159 981 1214 ἐπίνοιαν
1011 1164 1090 1224 είς
1121 1161 1283 1235 ἔργον
1314 1163 1494 1231 ἄγειν,
1525 1162 1694 1232 ὀλίγῳ
1725 1162 1877 1215 ὓστε-

295 1267 388 1318 ρον
415 1251 608 1320 καιρὸν
636 1254 1098 1323 ἐπιτηρήσαντες,
1123 1255 1218 1308 καὶ
1241 1257 1600 1324 συντυχόντες
1626 1255 1895 1324 ἐφίππῳ,’

292 1340 402 1391 τῶν
435 1341 621 1394 ἵππων
648 1343 956 1403 ἀποϐάντες
985 1347 1380 1416 προσεκύνουν.
1417 1342 1532 1400 Εἶτ’
1551 1347 1704 1416 αύτῷ
1735 1347 1875 1399 οῖκοι

239 1416 256 1493 ἦ
294 1432 654 1498 συνελθόντες
687 1437 751 1488 οὐ
803 1438 949 1490 κατά
978 1439 1040 1490 τὸ
1077 1441 1346 1510 πρότερον
1379 1439 1501 1503 ἔθος
1531 1440 1876 1492 συνεισίεσαν

293 1521 532 1591 ἔφιπποι
577 1527 680 1595 τὴν
712 1527 904 1596 αὐλὴν,
937 1529 1052 1583 ἀλλ’
1100 1530 1204 1597 ἔξω
1245 1532 1669 1596 καταλιπόντες,
1698 1530 1874 1601 παρέ-

294 1606 419 1670 θεόν
482 1618 650 1688 πεζῇ.
701 1619 762 1674 Ὀ
806 1620 864 1674 δέ
919 1622 1304 1692 ἠγανάκτησεν
1361 1623 1448 1691 ἐφ’
1478 1623 1764 1692 ἑκατέροις
1811 1622 1873 1673 ού

297 1710 565 1778 μετρίως.
593 1711 810 1764 Ἔπειθ’
843 1712 1021 1783 ἐαυτῷ
1053 1715 1554 1786 περιστησάμενος,
1579 1715 1875 1784 κατηγόρει

1977 533 2041 574 ac
2083 521 2151 576 de
2200 523 2316 578 suis
2357 524 2624 594 jumentis
2675 524 2996 582 detinentes.
3031 542 3158 582 eum
3211 528 3551 585 adoa-abundi

1974 615 2240 668 salutant.
2281 614 2488 670 Deinde
2529 616 2755 671 domum
2789 618 3142 685 comitantes,
3180 635 3288 674 non
3322 622 3554 688 pristino

1975 719 2130 760 more
2175 705 2584 775 adequitanles,
2621 709 2714 762 sed
2764 708 2900 764 [oris
2943 725 3116 778 equos
3155 711 3550 781 relinquentes,

1976 810 2030 852 et
2047 797 2206 868 juxta
2246 798 2480 867 pedibus
2502 800 2870 865 ambulantes,
2903 802 3083 855 aulam
3110 802 3274 856 simul
3321 804 3550 872 ingrcssi

1976 896 2124 942 sunt.
2161 888 2254 942 Ille
2300 899 2597 958 utrumque
2640 891 2974 959 permoleste
3007 893 3156 947 tulit.
3191 893 3320 947 Post
3369 895 3425 947 in
3454 910 3550 946 or-

1975 978 2099 1034 bem
2123 991 2190 1033 se
2216 980 2684 1035 circumsistentes
2712 981 2779 1035 de
2799 981 2928 1036 facti
2960 985 3202 1038 novitate
3249 987 3552 1054 reprelien-

1975 1072 2079 1136 dit,
2117 1086 2366 1135 monens,
2394 1087 2462 1126 ne
2492 1073 2622 1142 quid
2655 1073 2834 1128 simile
2868 1075 3117 1142 posthac,
3142 1081 3234 1130 sed
3265 1080 3548 1145 antiquam

1977 1165 2433 1218 consuetudinem
2470 1167 2790 1220 retinerent.
2843 1166 2906 1220 Ni
2965 1169 3277 1234 obeelirent,
3327 1185 3386 1223 se
3433 1171 3564 1231 illos

1977 1269 2100 1308 cum
2134 1254 2420 1308 stomacho
2449 1254 2816 1323 repuISurum.
2843 1255 2978 1310 Cum
3003 1257 3056 1310 in
3085 1274 3285 1326 equum
3332 1274 3549 1312 rursum

1977 1346 2277 1399 ascendere
2338 1353 2664 1412 Oporteret.
2715 1345 2884 1414 jussit.
2942 1361 3068 1400 eum
3129 1360 3282 1401 extra
3336 1357 3550 1416 portam

1979 1437 2165 1500 educi,
2200 1453 2263 1491 ac
2295 1452 2394 1507 per
2421 1437 2600 1491 aulam
2633 1438 2927 1503 transiens,
2962 1439 3164 1492 ibidem
3201 1443 3464 1494 ascendit.
3495 1441 3550 1494 ld

1977 1529 2056 1582 illi
2099 1529 2444 1598 aspicientes,
2479 1528 2574 1597 qui
2607 1529 2903 1584 novitatem
2941 1541 3291 1600 usurparant,
3346 1539 3404 1585 et
3455 1536 3556 1584 mi-

1979 1622 2068 1677 nis
2107 1621 2420 1690 «perterriti,
2459 1636 2666 1675 morem
2721 1623 3019 1691 pristinum
3085 1624 3452 1686 retinuerunt,
3497 1633 3554 1678 ct

1980 1727 2162 1783 neque
2187 1712 2311 1782 ipsi,
2339 1726 2517 1781 neque
2548 1712 2644 1767 alii
2675 1714 2912 1783 amplius
2960 1714 3242 1784 quidpiam
3297 1714 3423 1769 novi
3457 1716 3539 1768 vel

295 1800 400 1869 τὴν
422 1803 798 1872 καινοτομίαν,
825 1806 921 1860 καὶ
949 1807 1024 1875 μὴ
1048 1805 1273 1860 τοιαῦτα
1302 1805 1652 1860 συνεϐούλευε
1677 1807 1870 1868 ποιεῖν,

1983 1805 2216 1874 cogitare
2245 1803 2328 1857 vel
2357 1803 2536 1858 facere
2563 1806 2969 1861 sustinuerunt.

293 1895 435 1948 ἀλλά
466 1899 578 1961 τοῖς
634 1900 922 1972 προτέροις
977 1901 1156 1954 ἔθεσιν
1220 1902 1504 1988 ἐμμένειν.
1565 1901 1626 1952 Ei
1673 1900 1731 1954 δὲ
1790 1901 1865 1970 μὴ
1904 1899 2202 1964 πείθοιντο,
2261 1899 2560 1970 ἠπείλησεν
2627 1901 2921 1958 ἀπελάσειν
2949 1902 3086 1972 πρὸς
3121 1903 3315 1973 ὀργήν·
3342 1901 3552 1972 δεῆσαν

289 1991 350 2044 δὲ
402 1987 560 2054 αὖθις
611 1995 767 2066 ἵππῳ
833 1998 1109 2066 ἐπιϐῆναι,
1181 1987 1396 2051 ἐκέλευε
1439 1998 1539 2067 τῆς
1575 1996 1750 2067 πύλης
1788 1996 1946 2062 ἀγειν
1980 1995 2107 2061 ἐξω.
2153 1991 2288 2050 Εἶτα
2340 1995 2554 2066 παριὼν
2600 1997 2700 2067 τὴν
2743 1997 2913 2066 αὐλὴν
2962 2000 3098 2067 πεζῇ
3133 1997 3386 2050 ἐπέϐαινε
3418 1995 3555 2066 πρὶς

286 2086 357 2154 τῇ
397 2084 564 2158 nam
622 2088 761 2157 ὅπερ
815 2090 864 2141 οί
914 2089 1011 2160 τὴν
1086 2091 1444 2160 καινοτομίαν
1484 2090 1684 2153 ἰδόντες
1752 2090 2132 2158 εἰργασμένοι,
2178 2087 2277 2142 καλ⁸
2349 2089 2806 2157 καταπτήξαντες
2869 2088 2968 2159 τὴν
3002 2092 3253 2158 ἀπειλὴν,
3303 2092 3554 2159 ἐνέμενον

286 2179 410 2238 τοῖς
441 2179 764 2248 προτέροις,
821 2181 988 2252 μηδὲν
1047 2180 1238 2236 καινδν
1294 2183 1432 2253 μήτε
1497 2179 1896 2251 διανοούμενοι,
1937 2181 2078 2251 μήτε
2134 2181 2400 2251 πράττειν
2467 2182 2868 2250 ὑπομένοντες,
2944 2181 3072 2252 μήτ’
3126 2184 3361 2243 ἐκεῖνοι,
3416 2178 3547 2251 μήθ’

284 2268 473 2339 ἕτεροί
505 2287 674 2336 τινες.

1731 2390 1960 2447 CAPUT
2001 2388 2118 2444 XII.

291 2508 484 2564 Crales
516 2509 692 2584 [ructo
723 2510 922 2584 [cedere
952 2511 1320 2568 Macedoniam
1359 2513 1666 2584 papulatur.
1703 2511 2036 2584 Consultatio
2074 2511 2136 2584 de
2161 2525 2220 2562 eo
2257 2511 2614 2580 reprimendo.
2643 2509 3136 2584 Seiitentiarniagni
3189 2516 3456 2568 domestici
3489 2517 3554 2568 de

361 2582 696 2655 expeditione
725 2582 1174 2655 Peloponnesium
1206 2581 1583 2655 prtgpouenda,
1617 2584 1676 2636 ob
1711 2600 1870 2653 quam
1903 2581 2219 2655 Byzantium
2249 2586 2637 2655 revertendum,
2691 2591 2738 2633 et
2766 2583 2890 2655 quill
2925 2583 2993 2635 ibi
3022 2585 3320 2652 faciendum
3369 2595 3418 2638 et
3450 2603 3553 2654 quo

363 2653 606 2724 euntibus
637 2649 960 2724 comparatis
993 2649 1245 2724 eundum.
1279 2649 1597 2724 Byzantium
1657 2649 1895 2715 veniens,
1946 2649 2229 2724 honorifice
2278 2651 2553 2720 excipitur.
2579 2649 2987 2724 Almperatriceiu
3022 2649 3276 2722 a'grotam
3321 2649 3550 2721 salutat,

362 2735 412 2774 et
454 2722 721 2789 lugentem
750 2721 922 2774 adhuc
954 2721 1262 2777 consolatur
1286 2765 1300 2788 ,
1326 2720 1453 2777 cum
1484 2723 1769 2792 eademque
1796 2723 2138 2792 cogitationes
2170 2737 2292 2773 suas
2322 2722 2697 2787 communicat,
2738 2737 2870 2790 quas
2909 2720 3003 2774 illa
3037 2720 3244 2792 probat.

373 2861 518 2915 ’Υπδ
552 2860 608 2912 δὲ
640 2861 732 2916 τὸν
767 2862 934 2915 αὑτὸν
989 2863 1183 2935 χρόνον
1232 2865 1327 2918 καὶ
1359 2865 1388 2916 ὁ
1438 2863 1546 2916 τῶν
1583 2861 1870 2932 Τριϐαλῶν

295 2953 484 3023 ἄρχων
527 2953 801 3020 Στέφανος
822 2957 849 3006 ὁ
881 2955 1105 3024 Κράλης
1132 2956 1230 3016 τὰς
1259 2954 1397 3025 πρὸς
1427 2953 1651 3023 βασιλέα
1698 2949 1868 3013 λύσας

2051 2860 2165 2915 Sub
2210 2861 2356 2916 idem
2400 2856 2614 2932 tempus
2655 2861 2821 2915 etiam
2874 2859 3244 2936 Triballorum
3300 2864 3554 2933 princeps

1979 2951 2292 3021 Stephanus
2353 2951 2563 3014 Cralcs,
2621 2953 2809 3006 audito
2881 2952 3265 3021 imperatorem
3320 2955 3550 3017 obiisse.

299 3045 562 3106 σπονδὰς,
591 3044 717 3097 ἐπεὶ
751 3044 988 3098 ἐπύθετο
1041 3045 1408 3110 ἀποθανόντα,
1466 3047 1566 3114 τήν
1611 3060 1670 3096 τε
1707 3043 1871 3109 ἀλλην

1983 3042 2160 3098 fmdus
2185 3042 2368 3105 solvit,
2400 3051 2450 3097 et
2482 3059 2606 3098 cum
2633 3044 2898 3113 reliquam
2928 3044 3298 3099 Macedoniam
3331 3061 3473 3099 omni
3497 3062 3550 3100 tu

299 3135 483 3190 πᾶσαν
526 3137 835 3205 κατέδραμε
860 3137 1194 3191 Μακεδονίαν
1219 3139 1535 3204 ληϊζόμενος
1562 3151 1576 3165 ⁸
1609 3136 1704 3189 καὶ
1736 3134 1872 3187 Θεσ-

297 3229 601 3298 σαλονίκην
631 3228 940 3298 παρελθὼν,
971 3230 1100 3300 ἄχρι
1133 3229 1335 3299 χωρίου
1358 3223 1489 3299 ἦλθε
1523 3225 1618 3280 τοῦ
1666 3241 1871 3295 προσα-

294 3321 670 3392 γορευομένου
706 3321 938 3392 Κρητῶν
959 3361 974 3374 .
1009 3322 1241 3374 Ἔπειτα
1294 3323 1623 3387 ἀνέστρεφεν
1649 3319 1708 3370 ού
1740 3316 1870 3370 πολ-

294 3414 394 3484 λὴν
424 3415 578 3466 λείαν
605 3414 944 3482 ἐπαγόμενος
968 3413 1057 3466 διά
1084 3413 1142 3465 τὸ
1169 3411 1632 3482 μηνυθείσηςςτῆς
1680 3409 1872 3477 ἐφόδου

285 3507 579 3576 ¹πρότερον
617 3506 744 3568 ταῖς
802 3505 991 3558 πόλεσι
1053 3505 1148 3557 καὶ
1201 3507 1314 3566 τοῖς
1349 3503 1632 3572 φρουρίοις
1688 3504 1758 3556 τά
1813 3517 1872 3552 τε

295 3596 628 3667 βοσκήματα
654 3599 747 3649 καὶ
797 3597 922 3660 τοὺς
951 3595 1276 3666 ἀνθρώπους
1311 3593 1872 3662 ἐγκατακλεισθῆναι.

313 3688 470 3740 Ἐπεὶ
498 3689 557 3740 δὲ
587 3689 886 3757 ἠγγέλλετο
926 3691 1054 3760 περὶ
1118 3688 1326 3742 τούτων
1361 3687 1438 3758 τῷ
1472 3687 1695 3756 μεγάλῳ
1717 3685 1876 3754 δομε-

299 3780 502 3850 στίκῳ,
540 3780 841 3851 ἐκκλησίαν
915 3779 1298 3850 συναθροίσας.
1359 3778 1678 3832 ἐϐουλεύετο
1739 3776 1876 3846 μετά

296 3872 414 3926 τῶν
443 3875 502 3924 ἐν
541 3871 684 3924 τέλει
726 3874 818 3925 καὶ
874 3871 982 3924 τῶν
1042 3871 1330 3941 ἡγεμόνων
1367 3871 1465 3939 τῆς
1527 3868 1787 3938 στρατιᾶς
1850 3866 1877 3918 ὅ

297 3979 354 4017 τι
388 3962 498 4016 δέοι
549 3963 722 4015 ποιεῖν
755 3961 890 4033 πρὸς
921 3961 1020 4032 τὴν
1077 3961 1265 4030 ἔφοδον
1298 3959 1406 4012 τῶν
1459 3957 1772 4028 Τριϐαλῶν.
1804 3955 1868 4008 Οί

305 4055 410 4125 μὲν
437 4050 529 4108 οὖν
555 4054 583 4108 ὅ
616 4070 669 4105 τι
701 4054 935 4117 ἕκαστος
973 4052 1148 4105 ἐδόκει
1205 4051 1525 4115 λυσιτελεῖν,
1559 4047 1875 4102 ἐϐουλεύετο

306 4147 449 4216 πρὸς
492 4147 563 4197 τὰ
601 4145 867 4213 παρόντα.
933 4142 1024 4214 Τῷ
1082 4144 1304 4213 μεγάλῳ
1333 4143 1388 4195 δέ
1436 4136 1769 4212 δομεστίκῳ,
1817 4144 1878 4196 τὺ

303 4237 447 4306 πρὸς
480 4235 704 4306 Κράλην
738 4237 1227 4290 ἀντικαθίστασθαι
1282 4235 1513 4306 ταχέως,
1557 4236 1624 4287 ἶν’
1672 4234 1704 4304 ἢ
1761 4234 1876 4286 πεί-

304 4327 456 4380 θοιεν
478 4328 757 4401 αἱρεῖσθαι
795 4328 893 4397 τὴν
945 4330 1188 4398 εἰρήνην,
1223 4327 1256 4396 ἢ
1289 4323 1874 4395 θρασυνομένῳ-πολε-

1980 3135 2403 3206 populabundus
2481 3136 2835 3198 incursavit,
2919 3145 3030 3189 tum
3107 3137 3550 3194 Tuessalon'cun

1979 3241 2144 3296 porro
2189 3226 2416 3292 vadens,
2478 3226 2546 3280 ad
2592 3227 2769 3280 locum
2810 3229 2905 3295 qui
2955 3226 3301 3282 Cretensium
3353 3229 3555 3282 dicitur

1981 3315 2256 3386 pervenit.
2293 3314 2500 3371 Deinde
2528 3332 2650 3371 cum
2683 3317 2863 3387 praeda
2901 3318 3046 3371 haud
3085 3319 3266 3387 opima
3301 3335 3553 3374 reversus

1979 3416 2082 3472 est,
2128 3418 2416 3476 propterea
2457 3407 2602 3476 quod
2639 3410 2757 3477 ejus
2791 3409 3026 3463 adventu
3064 3413 3219 3478 prius
3273 3413 3549 3467 nuntiat...

1980 3510 2220 3569 agrestes
2261 3513 2318 3550 se
2373 3513 2498 3552 cum
2551 3513 2749 3566 pecore
2800 3500 3032 3554 urbibus
3062 3502 3414 3569 castellisque
3463 3504 3539 3554 iu-

1981 3595 2278 3646 cluserant.
2314 3589 2524 3669 Quibus
2553 3591 2617 3642 ad
2642 3606 2698 3642 se
2733 3591 2978 3659 perlatis,
3021 3607 3253 3661 magnus
3287 3591 3554 3646 domesti-

1980 3697 2078 3736 cus
2127 3681 2364 3737 concilio
2409 3682 2730 3749 optimatum
2757 3691 2810 3735 et
2856 3682 3058 3734 ducum
3114 3683 3386 3742 exercitus
3418 3699 3552 3737 Cott-

1981 3783 2196 3838 vocato,
2263 3775 2395 3844 quid
2449 3784 2638 3828 contra
2711 3773 3078 3848 Triballorum
3121 3775 3551 3841 impressionem

1982 3866 2585 3936 inceplandum'essct,
2634 3865 2906 3935 qumsivit.
2953 3865 3116 3935 387
3154 3866 3354 3920 Eorum
3382 3882 3552 3920 unus—

1985 3957 2222 4027 quisque
2302 3956 2655 4020 sententiam,
2706 3971 2872 4025 quam
2938 3957 3150 4025 putavit
3207 3957 3273 4011 ad
3341 3966 3554 4026 tempus

1983 4047 2350 4120 commodam,
2385 4046 2544 4102 dixit.
2576 4046 2683 4107 Sed
2734 4061 2855 4100 cum
2889 4062 3084 4116 magno
3120 4046 3424 4102 domestico
3456 4062 3550 4101 ne-

1983 4141 2280 4196 cessarium
2333 4139 2636 4202 videretur,
2686 4139 2794 4193 cito
2839 4137 2984 4192 Crali
3041 4137 3429 4202 resistendum,
3494 4148 3569 4200 ut_

1984 4247 2108 4287 eum
2133 4231 2217 4286 vel
2249 4247 2438 4301 pacem
2465 4237 2686 4299 cogeret
2709 4231 2984 4300 accipere,
3019 4229 3102 4284 vel
3137 4230 3258 4284 cum
3287 4228 3554 4286 audacius

1985 4323 2295 4392 refragante
2349 4323 2492 4376 beIlo
2541 4322 2887 4383 decerneret.
2920 4322 3091 4376 multo
3148 4333 3325 4374 tamen
3382 4323 3556 4391 magis

307 4418 469 4487 μοῖεν
521 4415 714 4468 δοκοῦν
746 4417 851 4468 τῶν
903 4416 1244 4484 ἀναγκαίων,
1305 4416 1385 4467 ἔτι
1447 4413 1634 4481 πσλλῴ
1675 4415 1876 4483 μᾶλλον

1985 4416 2353 4469 necessarium
2401 4414 2680 4482 magisque
2729 4415 2858 4468 utile
2889 4415 3067 4467 visum
3113 4423 3196 4468 cst
3226 4413 3292 4466 ad
3327 4416 3556 4483 expedi-

304 4507 754 4575 ἀναγκαιότερον
789 4509 886 4560 καὶ
940 4507 1405 4577 λυσιτελέστερον,
1470 4507 1607 4576 πρὸς
1665 4506 1762 4574 τὴν
1800 4507 1880 4566 είς

307 4598 730 4667 Πελοπόννησον
782 4599 1072 4668 στρατείαν
1132 4597 1248 4666 ἅμα
1296 4596 1391 4667 ⁴ἦρι
1426 4595 1884 4667 παρεσκευασμέ-

305 4706 435 4750 νους
468 4688 648 4740 ἐδόκει
707 4684 870 4755 εἶναι,
913 4691 1008 4741 καὶ
1066 4690 1140 4758 μὴ
1174 4689 1462 4757 προΐεσθαι
1518 4691 1610 4740 τὸν
1667 4687 1881 4756 καιρὸν,

308 4780 576 4848 πράξεων
623 4779 1000 4848 παρεχόμενον
1060 4779 1314 4849 μεγάλων
1341 4780 1618 4848 ἀφορμάς.
1658 4778 1720 4829 Εἰ
1774 4778 1881 4846 γὰρ

304 4871 448 4940 Θεοῆ
483 4871 910 4940 συναιρουρένου
936 4871 1057 4930 τοὺς
1088 4873 1183 4940 τὴν
1218 4870 1620 4937 Πελοπόννησον
1676 4870 1884 4922 οἰκοῦν-

305 4983 411 5028 τας
442 4964 712 5026 Λατίνους
763 4963 970 5031 ἔφασκε
1018 4966 1228 5028 γένοιτο
1260 4962 1611 5034 προσλαϐεῖν,
1668 4963 1881 5030 ἀνάγκη

308 5058 408 5108 καὶ
439 5057 568 5117 τοὺς
600 5055 700 5124 τὴν
749 5054 1006 5124 Ἀττικὴν
1038 5054 1301 5107 Βοιωτίαν
1327 5051 1606 5112 οἰκοῦντας
1636 5051 1881 5106 Κατελά-

308 5165 460 5210 τους,
493 5147 524 5215 ἢ
555 5147 784 5207 ἑκόντας
814 5147 964 5215 ἡμῖν,
1008 5145 1041 5214 ἦ
1091 5145 1412 5215 βιασθέντας
1464 5143 1882 5213 προσχωρῆσαι.

308 5239 522 5292 Τούτου
552 5240 608 5291 δὲ
637 5241 1038 5309 γεγενημένου,
1095 5241 1189 5292 καὶ
1217 5239 1317 5309 τῆς
1364 5237 1655 5305 Ῥωμαίων
1684 5240 1886 5306 ἠγεμο-

309 5333 433 5390 νίας
468 5329 659 5397 ὥσπερ
682 5333 739 5382 ἐν
765 5333 876 5394 τοῖς
907 5331 1078 5385 πάλαι
1119 5331 1332 5401 χρόνοις
1380 5333 1442 5382 ἐκ
1478 5329 1882 5397 Πελοποννήσου

319 5424 492 5489 μέχρι
523 5419 820 5483 Βυζαντίου
860 5421 1117 5490 συνεχοῦς
1177 5419 1554 5488 γεγενημένης
1586 5420 1762 5485 ἔξεστι
1787 5435 1886 5469 συ-

311 5515 504 5582 νορᾴν,
536 5511 609 5573 ὡς
639 5513 792 5564 οὐδὲν
818 5513 980 5582 ἔργον
1032 5513 1132 5581 ἥδη
1186 5512 1484 5580 Τριϐαλού;
1515 5529 1571 5562 τε
1630 5514 1724 5563 καὶ
1759 5511 1885 5572 τοὺς

310 5604 510 5664 ἄλλους
549 5605 866 5672 περιοίκους
892 5605 1000 5655 τῶν
1031 5605 1321 5674 βαρϐάρων
1370 5605 1464 5670 τῆς
1495 5602 1704 5671 ὖόρεως
1730 5603 1886 5664 δίκας

313 5697 599 5757 ἀπαιτεῖν,
649 5691 722 5756 ἧς,
779 5693 1155 5759 ἐξυϐρίζουσιν
1189 5696 1268 5757 είς
1323 5697 1471 5760 ἡμᾶς
1506 5694 1758 5746 τοσοῦτον
1785 5697 1885 5764 ἤδη

1988 4505 2192 4559 tionem
2241 4505 2296 4558 in
2347 4505 2785 4572 Pe10ponnesum
2837 4504 3111 4572 principio
3155 4505 3303 4558 veris
3335 4516 3556 4572 paratos

1985 4611 2130 4660 esse,
2188 4609 2291 4648 nec
2336 4610 2366 4646 e
2418 4592 2672 4646 manibus
2717 4591 3103 4644 dimittendum
3140 4603 3353 4662 tempus
3390 4592 3556 4648 rebus

1987 4687 2248 4756 praeclare
2304 4683 2562 4753 gerendis
2621 4683 2903 4736 idoneum.
2953 4681 3008 4734 Si
3043 4675 3211 4736 enim"
3247 4683 3355 4757 Deo
3394 4685 3554 4737 ausis

1987 4781 2174 4840 liante,
2221 4777 2418 4846 inquit,
2475 4776 2911 4845 Peloponncsmn
2968 4776 3276 4830 habitantes
3329 4775 3555 4831 Latinos

1985 4871 2053 4925 ad
2097 4867 2388 4937 imperium
2439 4867 2875 4936 adiunxerimus,
2923 4867 3083 4920 ctiam
3113 4866 3355 4921 Catalani
3411 4867 3556 4920 Atti-

1987 4977 2104 5014 cam
2153 4971 2209 5015 et
2239 4961 2500 5015 Bceotiam
2540 4959 2860 5023 incidentes,
2906 4962 3076 5014 velint
3113 4959 3310 5018 nolint,
3342 4971 3399 5008 se
3453 4971 3553 5009 no-
3587 5031 3590 5037 Ι

1987 5053 2070 5106 bis
2113 5052 2331 5105 dedrnt.
2362 5050 2478 5116 Quo
2524 5051 2687 5113 facto,
2725 5051 3076 5118 Romanoque
3101 5047 3402 5117 principaru
3443 5047 3552 5098 vti-

1990 5155 2048 5198 ut
2082 5146 2210 5197 olim
2269 5160 2295 5195 a
2330 5145 2708 5212 Ρείομυιιιιεδυ
2739 5139 3056 5212 Byzantium
3089 5139 3436 5198 continuato.
3474 5139 3557 5191 iu-

1991 5235 2160 5305 tclligi
2196 5245 2397 5304 potest,
2432 5251 2538 5289 non
2566 5235 2682 5288 fore
2711 5247 3002 5303 operosum
3035 5230 3296 5284 Triballis
3323 5229 3557 5297 alisque

1994 5330 2511 5398 circumiacentibus
2547 5327 2798 5380 Barbaris
2835 5341 2933 5393 pro
2971 5323 3185 5390 injuriis
3221 5323 3427 5382 tamdiu
3465 5339 3559 5375 i.o-
3629 5374 3634 5378 ,

1997 5421 2078 5474 bis
2107 5437 2236 5474 cum
2268 5432 2412 5474 tanta
2444 5420 2676 5472 insidi-nt
2700 5436 2727 5470 a
2758 5416 2923 5470 illatis
2954 5415 3190 5484 pretium
3221 5416 3554 5484 persolvere.

1990 5513 2070 5565 Ad
2121 5527 2244 5579 spa-s
2282 5512 2448 5579 igitur
2483 5510 2842 5577 amplissimas
2899 5508 3024 5561 inde
3074 5506 3426 5559 sublucentus
3469 5519 3562 5557 ac-

1991 5603 2451 5657 commodandum
2513 5609 2594 5652 est
2655 5598 2846 5666 agi-udi
2898 5596 3164 5661 studium,
3204 5610 3272 5649 ne
3338 5592 3558 5647 occasio

1989 5696 2263 5748 clalmtur.
2325 5694 2438 5757 Qua
2493 5692 2562 5745 de
2625 5706 2787 5744 causa
2842 5689 3158 5769 [lyrintium
3217 5688 3557 5743 redeundum
