3998 6198
545 298 648 364 77!

1749 291 2076 352 JOA'NNIS
2116 288 2643 351 CANTACUZENI
3618 292 3699 358 771

547 424 788 474 censeo;
848 407 914 462 ad
967 405 1405 475 Peloponnesum
1440 401 1586 456 enim
1643 403 1818 456 navali
1856 413 2109 471 apparatu

2227 401 2438 470 χρόνον.
2485 400 2573 461 Ὠς
2597 392 2690 452 οὖν
2720 393 2972 466 μεγάλων
3006 392 3214 447 ἐκεῖθεν
3263 393 3484 454 ἐλπίδων,
3516 398 3699 467 ὑποφαι.

549 501 883 568 indigemus.
938 506 996 550 et
1050 497 1096 549 is
1135 511 1229 565 per
1281 495 1513 548 hiemem
1577 492 1949 561 providendus
2011 501 2120 547 est.

547 588 704 655 Quod
746 590 790 641 si
831 587 916 641 his
941 587 1102 640 modo
1139 585 1468 654 posthabitis
1497 583 1550 638 in
1584 581 1943 638 Occidentem
1989 597 2125 636 con-

551 691 854 743 vertemur,
890 681 1182 747 opinantes
1240 692 1340 730 nos
1398 675 1701 730 constituto
1761 675 1878 728 illic
1937 688 2120 728 rerum

547 776 689 825 statu
723 771 978 824 celeriter
1004 782 1340 827 reversuros,
1367 765 1692 829 timendum,
1715 780 1796 838 ne,
1821 764 1934 820 illic
1977 764 2121 819 bello

545 872 603 914 et
651 860 776 913 aliis
825 858 1151 928 quibusdam
1199 853 1618 909 necessitatibus
1675 854 1949 924 impliciti,
1999 863 2123 922 post

550 952 813 1014 reditum,
848 966 972 1004 cum
1003 965 1104 1003 nos
1137 951 1406 1004 instruere
1441 948 1876 1017 nequiverimus,
1913 949 1989 1001 rei
2027 963 2123 1018 ge-

549 1043 732 1095 tcndze
784 1043 1097 1094 facultatem
1148 1040 1484 1094 amittamus.
1530 1041 1627 1094 Sin
1680 1039 1923 1110 Byzantii
1975 1054 2123 1093 nunc

543 1132 838 1193 fuerimus,
891 1133 1130 1200 primum
1175 1130 1399 1200 quidem
1444 1129 1750 1185 navarchos
1813 1131 1872 1185 et
1925 1131 2118 1185 ducem

545 1223 738 1276 classis
791 1221 1220 1290 designabimus,
1257 1221 1460 1290 quibus
1510 1236 1658 1275 cura:
1708 1221 1815 1275 erit
1851 1231 1918 1280 et,
1952 1235 2121 1276 naves

544 1325 822 1380 reparare,
857 1320 1160 1379 nautasque
1187 1325 1252 1363 ac
1289 1311 1495 1364 milites
1537 1309 1815 1379 colligere,
1845 1309 1939 1380 qui
1985 1325 2122 1365 con-

547 1403 830 1456 scendant.
890 1402 1087 1456 Postea
1121 1413 1178 1456 et
1215 1401 1284 1456 de
1321 1402 1556 1471 pecunia
1614 1402 1946 1464 videbimus,
1973 1401 2120 1456 unde

538 1507 606 1546 ea
636 1493 690 1545 in
721 1491 950 1546 classem
1001 1492 1340 1563 suppeditet.
1373 1493 1452 1550 Ad
1481 1493 1596 1548 haec
1634 1493 1982 1563 vectigalium
2013 1509 2119 1564 pu-

546 1583 822 1638 blicorum
857 1596 1140 1640 curatores
1170 1599 1394 1643 necesse
1437 1586 1545 1641 erit
1594 1585 1896 1651 declarare,
1946 1602 2036 1652 ne,
2072 1587 2119 1642 si

547 1674 780 1729 confuse
813 1691 878 1730 ac
911 1677 1143 1730 fortuito
1169 1678 1475 1746 capiantur,
1496 1693 1660 1747 grave
1689 1677 1949 1742 damnum
1981 1694 2120 1733 tera-

548 1766 632 1820 rio
685 1767 974 1838 injungant
1007 1785 1020 1820 ε
1053 1771 1196 1836 quod
1252 1768 1477 1838 quidem
1529 1769 1677 1823 nulla
1728 1753 2118 1824 consuetorum

541 1861 860 1914 accessione
910 1861 1267 1928 tributorum,
1309 1875 1501 1915 verum
1561 1860 1685 1915 aliis
1717 1859 1893 1914 modis
1925 1870 1982 1915 et
2031 1876 2121 1913 ar-

548 1950 699 2006 tibus
758 1951 1112 2005 vehementer
1144 1952 1336 2006 crevit.
1369 1951 1471 2006 Ubi
1527 1951 1642 2005 haec
1670 1966 1775 2021 qua
1801 1967 1899 2021 par
1921 1952 2006 2006 est
2037 1960 2122 2006 se;

546 2042 782 2097 dulitate
817 2042 1301 2111 sollicitudincque
1331 2041 1578 2097 confecta
1640 2042 1868 2107 fuerint,
1912 2042 2119 2112 legatos

541 2131 610 2185 ad
638 2131 1001 2187 Triballorum
1039 2133 1284 2202 regulum
1338 2133 1553 2187 mittere
1583 2134 1637 2186 in
1673 2133 1859 2187 animo
1911 2133 2112 2199 habeo,

539 2224 634 2293 qui
665 2223 826 2278 simul
863 2225 980 2295 ejus
1010 2225 1155 2278 vires
1183 2234 1240 2278 et
1263 2223 1449 2294 copias
1475 2226 1787 2294 explorent,
1839 2223 2027 2289 simul,
2067 2223 2114 2279 si

543 2330 575 2369 a
621 2315 1072 2370 reconciliatione
1125 2330 1233 2369 non
1284 2314 1599 2381 abhorreat,
1634 2329 1823 2384 pacem
1881 2328 2006 2369 cum
2043 2328 2113 2368 eo

537 2413 913 2472 componant;
960 2419 1086 2458 nam
1143 2418 1292 2459 nunc
1340 2403 1562 2473 quidem
1617 2403 1860 2457 rationes
1915 2411 2115 2457 nostra!

539 2511 651 2550 non
688 2497 896 2560 lerunt,
930 2505 990 2549 ut
1015 2494 1279 2558 arbitror,
1316 2494 1540 2565 quando
1579 2494 1635 2548 in
1666 2509 1800 2564 pace
1829 2509 1953 2550 cum
1987 2495 2113 2548 lini-

541 2587 696 2644 timis
727 2587 981 2658 gentibus
1011 2587 1194 2642 vivere
1224 2586 1372 2649 licet.
1395 2587 1540 2641 ultro
1568 2585 1770 2641 bellum
1795 2587 2110 2656 deposcere.

541 2676 646 2733 Ubi
719 2674 1038 2747 aliquandiu
1093 2675 1338 2746 Byzantii
1397 2673 1594 2740 fuero,
1660 2675 1858 2729 deinde
1911 2675 2110 2730 milites

541 2770 941 2832 mercenaries,
965 2780 1020 2824 et
1065 2768 1158 2839 qui
1207 2783 1276 2822 ex
1325 2766 1788 2838 possessiunculis
1823 2766 2112 2821 uberiores

540 2861 770 2928 capiunt
818 2861 1050 2924 reditus,
1087 2875 1392 2923 assumens,
1427 2859 1596 2929 388
1646 2858 1971 2913 occidentali
2030 2858 2110 2912 in-

540 2965 708 3018 super
737 2951 981 3004 exercitu
1039 2951 1564 3016 accessuro,bieme
1634 2950 1686 3003 in
1748 2947 2102 3004 Occidentem

2228 493 2498 561 νομένων,
2554 489 2697 543 οὓτω
2749 488 3020 557 προσήκει
3073 485 3344 552 πράττειν,
3399 486 3524 540 ὥστε
3551 490 3704 557 μὴτ»)

2227 584 2424 654 καιρὸν
2454 584 2599 652 ἡμᾶς
2631 582 2940 650 διαφυγεῖν.
2978 571 3053 632 OB
3081 577 3147 646 δὴ
3173 576 3329 630 ἕνεκα
3357 576 3431 640 είς
3468 577 3704 642 Βυζάντιον

2225 679 2374 748 ἡμᾶς
2401 675 2722 729 ἐπανελθεῖν
2779 671 3023 742 ἡγοῦμαι
3064 672 3182 724 νυνὶ
3238 671 3530 740 προσήκειν.
3575 675 3705 726 Auti-

2213 785 2381 838 ,μεως
2407 768 2517 837 γάρ
2551 768 2684 837 ήμῐν
2718 765 2854 836 πρὸς
2885 764 2985 833 τὴν
3006 763 3402 832 Πελοπόννησον
3450 765 3586 832 χρεία
3608 782 3706 815 ναυ-

2224 859 2408 928 τικῆς,
2437 858 2505 928 ἢν
2536 858 2616 910 δεῖ
2645 856 2741 910 τοῦ
2771 857 3040 926 χειμῶνος
3092 855 3596 925 παρασκευασθῆναι.
3636 857 3708 908 ’Λν

2224 949 2322 1005 οὖν
2349 951 2555 1004 τούτων
2581 949 2961 1018 ἀμελήσαντες
2991 946 3110 1011 νῦν,
3139 946 3463 1016 τραπώμεθα
3497 947 3611 1016 πρὸς
3635 947 3710 1016 τὴν

2224 1044 2491 1114 ἑσπέραν,
2550 1041 2874 1108 νομίσαντες
2907 1039 2983 1102 ὠς
3017 1039 3356 1108 ὲπανήξομεν
3406 1039 3550 1091 τάκεῖ
3577 1055 3710 1092 κατα·

2223 1135 2520 1200 στήσαντες
2551 1129 2784 1201 ταχέως,
2815 1129 2937 1192 δέος
2988 1129 3063 1198 μὴ
3092 1128 3346 1197 πολέμοις
3373 1127 3707 1198 ἐμπλακέντες,

2223 1222 2318 1276 καί
2375 1238 2518 1274 τισιν
2572 1221 2781 1290 ἑτέροις
2813 1219 3162 1287 ἀναγκαίοις,
3217 1220 3304 1272 καὶ
3343 1218 3416 1287 μή
3450 1217 3711 1286 δυνηθέντες

2221 1309 2780 1382 παρασκευάσασθαι,
2835 1308 3228 1370 ἐπανελθόντες
3277 1309 3600 1375 ἀπολέσωμεν
3639 1307 3713 1375 τὴν

2221 1403 2447 1476 πράξιν.
2491 1401 2617 1456 Ἐὰν
2635 1401 2693 1456 δὲ
2725 1399 3012 1469 γενώμεθα
3063 1401 3122 1452 ὲν
3153 1397 3422 1470 Βυζαντίῳ
3472 1397 3575 1458 νῦν.
3605 1399 3716 1469 πρῶ.

2218 1473 2290 1549 τα
2326 1473 2428 1565 μὲν
2468 1495 2785 1566 ναυάρχους
2842 1493 3260 1562 καταστήσομεν
3307 1493 3397 1544 καὶ
3443 1492 3712 1560 στρατηγίαι,

2222 1581 2305 1650 οἷς
2345 1587 2572 1656 μελήσει
2597 1587 2695 1650 τάς
2723 1601 2785 1638 τε
2816 1584 2948 1646 ναῦς
2979 1584 3381 1647 ἐπισκευάζειν,
3413 1583 3500 1639 καὶ
3536 1583 3712 1644 ναύτας,

2222 1680 2274 1734 οἳ
2309 1680 2672 1748 έπιὸήσονται
2694 1678 2789 1731 καὶ
2812 1677 3037 1738 ὁπλίτας
3069 1675 3388 1743 καταλέγειν
3408 1716 3423 1732 .
3457 1676 3654 1728 Ἔπειτα
3675 1675 3718 1726 ἃ

2223 1771 2318 1824 καὶ
2345 1771 2474 1841 περὶ
2498 1771 2798 1840 χρημάτων
2827 1767 3163 1836 σκεψόμεθα,
3203 1766 3324 1819 ὅθεν
3351 1765 3622 1836 λαμϐάνειν
3647 1766 3717 1818 αύ-

2220 1863 2333 1924 τοῖς
2367 1861 2585 1925 ἐξέσται
2644 1862 2780 1929 πρὸς
2839 1858 2935 1911 τοῦ
2992 1859 3180 1910 στόλου
3236 1857 3332 1926 τὴν
3383 1859 3715 1926 παρασκευήνο

2221 1953 2356 2022 πρὸς
2378 1952 2434 2004 δὲ
2461 1951 2680 2013 ταύτοις
2709 1951 2805 2003 καὶ
2835 1951 2962 2012 τοὺς
2986 1950 3096 2003 τῶν
3125 1948 3396 2018 δημοσίων
3433 1949 3593 2018 φόρων
3619 1947 3718 2000 διοι-

2220 2043 2394 2114 κητὰς
2425 2041 2640 2110 ἀνάγκη
2673 2043 2960 2112 καθιστᾷν,
2991 2041 3073 2094 ἶνα
3113 2039 3193 2110 μὴ
3243 2033 3484 2101 ἀτάκτως
3534 2039 3714 2108 φερομέ

2219 2153 2326 2188 νων
2363 2115 2462 2188 καί
2481 2134 2554 2196 ὡς
2587 2134 2745 2202 ἔτυχε
2773 2132 2920 2201 λύμη
2949 2149 3034 2195 τις
3074 2133 3301 2200 γένηται
3339 2131 3460 2199 περὶ
3508 2130 3716 2201 χρήματι

2219 2229 2286 2280 τὰ
2323 2227 2499 2288 κοινὰ,
2544 2223 2912 2277 ὲπιδεδωκότα
2965 2223 3028 2276 ού
3091 2223 3306 2294 μικρῶς
3343 2227 3403 2276 ἐκ
3455 2221 3719 2289 προσθήκης

2223 2319 2322 2387 μὲν
2356 2318 2618 2384 οὐδεμιᾶς
2654 2316 2765 2369 τῶν
2795 2315 3124 2384 εἰθισμένων
3152 2317 3356 2384 φόρων.
3405 2315 3456 2377 ἐξ
3482 2314 3655 2380 ἐτέρων
3675 2311 3716 2362 δέ

2218 2421 2380 2456 τινων
2408 2405 2627 2474 τρόπων
2654 2406 2741 2457 καὶ
2796 2404 3072 2458 ἐπινοιῶν.
3109 2403 3360 2456 Ἐπειδὰν
3388 2403 3441 2456 δὲ
3467 2401 3616 2454 ταῦτα
3643 2399 3716 2466 τῆς

2222 2497 2609 2566 προσηκούσης
2645 2497 2966 2568 ἐπιμελείας
2995 2498 3134 2567 τύχῃ
3170 2498 3268 2550 καὶ
3311 2495 3586 2564 φροντίδος,
3615 2507 3694 2559 πρε

2222 2590 2414 2640 σιὶείαν
2467 2589 2790 2660 διανοοῦμαι
2837 2585 3081 2658 πέμπειν
3116 2589 3257 2659 πρὸς
3286 2587 3375 2641 τὸν
3405 2586 3616 2656 ἄρχοντα
3638 2584 3719 2635 τῶν

2221 2677 2533 2748 Τρισαλῶν,
2566 2679 2682 2748 ἄμα
2721 2679 2821 2749 μὲν
2857 2679 3374 2750 κατασκεψομένους
3419 2679 3510 2745 τὴν
3553 2675 3718 2728 ἐκείνου

2219 2770 2452 2836 δύναμιν
2487 2771 2659 2840 ὁπόση
2698 2771 2812 2841 είη,
2868 2771 2987 2840 ἅμα
3009 2769 3067 2824 δὲ
3105 2772 3154 2824 εί
3183 2772 3280 2825 καὶ
3316 2771 3447 2840 πρὸς
3473 2767 3718 2832 διαλλαγὰς

2221 2861 2455 2929 ἑτοίμως
2493 2863 2630 2932 ἔχει,
2661 2863 3018 2932 χωρήσοντας
3049 2863 3190 2934 πρὸς
3242 2862 3501 2921 διαλύσεις
3521 2873 3538 2889 ‘
3562 2859 3612 2911 ού
3634 2859 3720 2924 γὰρ

2217 2953 2462 3024 ήγοῦμαι
2514 2955 2610 3007 νῦν
2667 2957 2800 3024 ἡμῖν
2855 2957 3176 3018 λυσιτελεῖν,
3238 2957 3354 3022 ἐξὸν
3386 2955 3588 3025 εἰρήνην
3614 2955 3721 3020 μιτι

543 3041 778 3096 movebo
809 3061 820 3096 :
855 3042 992 3098 alios
1029 3041 1179 3096 domi
1215 3058 1437 3096 manere
1470 3043 1666 3107 sinam,
1701 3052 1759 3097 ut
1792 3042 2007 3096 interim
2038 3041 2105 3096 ad

2217 3047 2324 3100 τῶν
2361 3048 2706 3118 ὁμορούντων
2765 3048 2937 3102 ὲθνῶν
2974 3050 3156 3116 ἄγειν,
3190 3050 3370 3103 ἑκοντὶ
3416 3049 3500 3101 τὸν
3531 3045 3721 3111 πόλεμον

539 3132 970 3201 expeditionem,
1003 3129 1127 3187 eum
1169 3148 1262 3187 ver
1289 3133 1589 3202 aperietur,
1615 3134 2020 3204 suscipiendam
2050 3150 2108 3189 se

544 3232 890 3292 comparent.
922 3223 986 3278 Et
1037 3225 1276 3278 Albanos
1309 3224 1452 3278 circa
1506 3224 1871 3295 Pogonianam
1927 3236 1982 3280 et
2024 3224 2110 3278 Li-

544 3316 758 3371 bisdam
795 3316 1003 3385 positos
1031 3315 1400 3385 depra‘datus,
1433 3326 1488 3370 et
1519 3316 1746 3385 injurias
1771 3317 1836 3369 ab
1869 3319 1949 3370 eis
1983 3332 2108 3386 per-

542 3416 769 3460 secutus
807 3405 1003 3476 (nostis
1029 3406 1175 3459 enim
1225 3406 1416 3474 utique
1463 3420 1558 3459 vos
1605 3405 1794 3468 etiam,
1831 3406 2106 3475 quomodo

541 3497 724 3550 adhuc
753 3497 1048 3566 superstite
1099 3497 1432 3566 imperatore
1485 3506 1541 3550 et
1578 3505 1701 3566 post
1739 3497 1858 3566 ejus
1893 3497 2104 3550 obitum

541 3589 706 3643 urbes
763 3588 1084 3642 Acarnania:
1130 3588 1440 3656 complures
1493 3596 1548 3641 et
1600 3587 1867 3657 Balagrita
1919 3589 2106 3656 quoti-

539 3679 721 3734 dianis
768 3679 1180 3734 incursionibus
1222 3694 1286 3732 ac
1336 3679 1744 3750 direptionibus
1792 3679 2102 3749 aﬂlixerint)

540 3772 804 3832 conabor,
853 3770 898 3826 si
939 3774 1167 3840 possim,
1199 3779 1488 3840 etpotero.
1524 3781 1583 3825 ut
1610 3771 1823 3841 opinor,
1861 3773 2104 3828 solemne

539 3861 746 3916 Christi
801 3861 1076 3916 Natalium
1134 3863 1380 3934 Byzantii
1450 3878 1658 3933 agere,
1713 3878 1820 3916 non
1895 3872 2103 3918 tantum

538 3957 821 4012 exercitus
855 3971 1044 4013 causa.
1070 3972 1138 4011 ne
1168 3967 1321 4010 extra
1351 3953 1485 4009 lines
1517 3955 1790 4020 hibernet,
1813 3955 1909 4009 sed
1937 3957 2122 4022 etiam

540 4057 604 4102 ut
633 4049 758 4102 novi
791 4049 1162 4118 imperatoris,
1184 4048 1646 4118 quemadmodum
1679 4050 1823 4103 inter
1852 4064 1954 4103 nos
1977 4065 2108 4103 con-

477 4172 484 4180 -
538 4139 714 4205 venit,
770 4143 1182 4195 coronationem
1222 4141 1580 4195 celebremus.
1641 4140 1871 4196 Ineunte
1921 4150 2100 4196 autem

538 4247 666 4286 vere
715 4233 1038 4308 triremibus
1075 4235 1142 4286 ad
1193 4233 1592 4301 navigationem
1634 4235 1857 4302 paratis,
1895 4235 2104 4290 exerci-

536 4331 708 4391 tuque
741 4332 856 4376 toto
883 4331 1176 4392 praesente,
1211 4323 1645 4392 Peloponnesum
1672 4333 1816 4379 terra
1856 4327 2102 4396 marique

2218 3139 2530 3207 αἱρεῖσθαιο
2563 3139 2726 3203 αὐτὸς
2772 3141 2827 3194 δὲ
2873 3141 3060 3209 ὀλίγας
3106 3141 3326 3211 ἡμέρας
3372 3139 3625 3206 Βυζαντίῳ
3655 3138 3721 3187 ἐν’

2214 3230 2529 3300 διατρίψας,
2595 3233 2786 3286 ἔπειτα
2821 3234 2882 3285 τὸ
2929 3233 3326 3302 μισθοφορικὸν
3356 3234 3454 3301 τῆς
3505 3229 3716 3300 στρατιᾶς

2216 3325 2310 3377 καὶ
2344 3324 2452 3377 τῶν
2485 3329 2548 3378 ἐκ
2574 3329 2791 3397 χωρίων
2817 3327 2913 3388 τὰς
2949 3327 3251 3394 προσόδους
3279 3329 3500 3396 ἐχόντων
3526 3325 3632 3385 τοὺς
3653 3321 3718 3373 δυ·

2216 3418 2585 3490 νατωτέρους,
2647 3420 3008 3488 παραλαϐὼν,
3061 3423 3135 3482 ὼς
3192 3425 3288 3473 καὶ
3349 3420 3442 3489 τῆς
3505 3415 3717 3481 έτπερ⁷ω

2215 3511 2476 3577 στρατιᾶς
2509 3512 2901 3582 συνεσομένης,
2933 3514 3070 3585 πρὸς
3109 3515 3351 3583 ἑσπέραν
3383 3513 3472 3565 τοῦ
3499 3508 3720 3579 χειμὼνως

2216 3600 2531 3671 βαδιοῦμαι,
2565 3607 2675 3667 τοῖς
2723 3604 2904 3668 ἄλλοις
2928 3608 3230 3673 ἐπιτρέψας
3270 3607 3404 3658 οἴκοι
3452 3597 3717 3670 διατρίόην.

2214 3699 2308 3744 καὶ
2344 3697 2862 3764 παρασκευάζεσθαι
2920 3698 3056 3768 πρὸς
3089 3697 3189 3768 τὴν
3229 3696 3507 3767 στρατείαν
3533 3693 3598 3753 ὡς
3626 3688 3715 3757 ἃμα

2209 3777 2304 3852 ἦρι
2340 3785 2627 3854 ἐσομένης.
2658 3787 2763 3840 Καὶ
2794 3786 3084 3850 Ἀλϐανοὺς
3114 3788 3241 3846 τοὺς
3277 3788 3401 3858 περὶ
3435 3781 3716 3852 ίιογονιανήν

2211 3876 2306 3928 καὶ
2334 3875 2594 3929 Λιϐίσδαν
2616 3878 2954 3948 νεμομένους
2975 3879 3331 3949 ληϊσάμενος,
3363 3878 3452 3930 καὶ
3478 3876 3617 3935 δίκας
3644 3869 3718 3937 τῆς

2211 3965 2429 4027 ἀδικίας
2456 3965 2664 4029 ἐπιθεὶς
2689 3967 2826 4036 (ἴστε
2862 3970 2972 4040 γὰρ
2997 3969 3060 4038 δή
3090 3987 3195 4021 που
3233 3969 3328 4022 καὶ
3361 3967 3525 4029 αὐτοὶ,
3555 3963 3619 4024 ὡς
3648 3959 3720 4009 καὶ

2211 4057 2494 4123 περιόντος
2523 4057 2816 4127 βασιλέως,
2843 4061 2937 4112 καὶ
2965 4060 3104 4130 μετά
3130 4060 3234 4132 τὴν
3265 4061 3470 4113 ἐκείνου
3507 4049 3718 4118 τελευτὴν

2212 4148 2384 4201 πολλά
2411 4149 2510 4211 τὰς
2547 4151 2647 4220 τῆς
2679 4151 3040 4222 Ἀκαρνανίας
3071 4153 3259 4215 πόλεις
3309 4154 3402 4205 καὶ
3457 4147 3718 4214 Βαλάγριτι

2211 4241 2505 4294 ἐκάκωσαν
2535 4241 2808 4311 ὁσημέραι
2846 4242 3278 4313 κατατρέχοντες
3307 4243 3398 4295 καὶ
3415 4231 3716 4310 ληϊζόμενοιὶ

2212 4331 2558 4402 πειράσομαι
2587 4335 2636 4384 εί
2665 4333 2938 4403 δυναίμην
2964 4349 2978 4364 ·
3032 4335 3224 4403 οίομαι
3268 4335 3325 4388 δὲ
3351 4333 3465 4403 ,τὴν
3495 4329 3590 4382 τῶν
3617 4326 3719 4393 Χριο

539 4415 750 4482 pariter
803 4415 1142 4476 adoricmnr,
1193 4430 1301 4483 qua
1340 4415 1516 4496 insula
1559 4415 1803 4482 subacta,
1831 4417 2104 4474 Romanos

2211 4420 2340 4472 ατοῦ
2397 4421 2694 4488 γενεθλίων
2757 4422 2951 4492 ἑορτὴν
3001 4422 3061 4476 ὲν
3101 4422 3383 4493 Βυζαντίῳ
3420 4418 3644 4487 ἀγαγεῖν,
3668 4410 3717 4463 οὗ

539 4506 678 4556 lines
706 4521 812 4558 lltm
847 4522 1037 4574 parum
1082 4507 1448 4575 proleremus.
1484 4505 1613 4560 Levi
1644 4517 1826 4562 autem
1873 4507 2102 4563 brachio

534 4591 704 4647 e:iam
757 4593 920 4646 lunia:
973 4595 1219 4650 lustratis
1266 4597 1550 4652 navalibus
1573 4607 1626 4651 et
1659 4597 1999 4663 ﬂuminibus,
2031 4601 2102 4655 ad

536 4699 660 4752 qua:
717 4684 895 4738 Persa:
948 4701 1112 4738 naves
1141 4702 1270 4740 suas
1297 4689 1599 4756 appellunt,
1635 4689 1852 4758 illisque
1887 4689 2099 4743 inﬂam-

538 4775 701 4829 matis
741 4778 843 4840 (sic
875 4792 1111 4845 namque
1133 4793 1234 4848 ego
1261 4787 1315 4832 et
1347 4779 1586 4834 Ahscres
1639 4780 1828 4835 (Ζοαωὶ
1858 4791 2096 4852 satrapa,

535 4864 631 4932 qui
674 4879 738 4918 ex
772 4867 1089 4919 continente
1117 4867 1356 4934 pedestri
1391 4884 1489 4922 nos
1518 4878 1573 4922 et
1621 4871 1863 4940 equestri
1892 4873 2100 4926 auxilio

529 4955 772 5021 juvabit,
826 4956 968 5025 pacti
1025 4961 1236 5024 sumu)
1291 4967 1348 5010 et
1399 4959 1704 5014 imminenti
1757 4961 1885 5016 inde
1947 4962 2100 5016 c'ade

534 5047 810 5116 antiaqun
844 5064 976 5100 rura
1015 5048 1252 5109 liberati,
1281 5049 1537 5104 uninibus
1578 5050 1724 5104 domi
1775 5063 1923 5106 recte
1951 5054 2101 5107 ordi-

537 5139 705 5202 natis,
732 5139 797 5191 ad
835 5142 1186 5207 pri-positum
1211 5145 1490 5194 certamen
1515 5141 1916 5211 aggrediemur.
1944 5143 2100 5198 Post-

533 5243 698 5298 quam
725 5230 854 5284 huic
882 5230 1114 5284 consilio
1172 5230 1350 5300 magni
1405 5229 1692 5286 domestici
1722 5233 1888 5285 etiam
1914 5233 2096 5288 caeteri

533 5323 949 5390 applauserunt,
1009 5323 1172 5392 ligati
1230 5323 1296 5375 ad
1368 5321 1738 5376 ‘l'riballorum
1795 5324 2096 5393 principem

534 5424 659 5463 mux
705 5411 904 5464 delecti
940 5423 1091 5466 sunt.
1128 5413 1229 5476 Qui
1260 5413 1518 5481 profecti,
1551 5427 1734 5481 pacem
1769 5413 1818 5467 ei
1871 5429 2097 5484 persua-

537 5509 750 5563 serunt,
802 5511 858 5553 et
910 5501 1088 5554 foedus
1143 5501 1434 5568 pristinum
1479 5509 1822 5554 revocarunt.
1877 5503 2098 5570 Magnus

537 5599 702 5654 porro
742 5589 1079 5644 domesticus
1122 5599 1451 5659 congregato
1483 5594 1725 5645 exercitu
1778 5593 2094 5664 Byzantium

533 5681 762 5746 petivit;
822 5684 1581 5752 quemappropinquantem,
1635 5687 1728 5753 qui
1777 5698 1931 5740 erant
1983 5688 2095 5741 illic

2208 4513 2370 4582 μόνον
2404 4512 2494 4565 διὰ
2519 4513 2621 4582 τὴν
2669 4516 2953 4583 στρατιὰν,
3010 4514 3098 4582 ἵνα
3131 4514 3208 4584 μὴ
3242 4516 3525 4586 ὑπερόριος
3551 4512 3601 4561 έν
3628 4522 3718 4575 χει·

2209 4603 2349 4671 μῶνι
2379 4603 2660 4675 διατρίσῃ,
2695 4605 2809 4658 ἀλλ’
2863 4605 2948 4658 ῐνα
2979 4609 3073 4658 καὶ
3109 4605 3380 4675 βασιλέως
3409 4606 3441 4672 ή
3483 4602 3593 4655 νέου
3622 4610 3717 4648 ott-

2206 4689 2454 4758 φηφορία
2504 4690 2754 4761 τελεσθῇ.
2815 4691 2976 4744 Οὕτω
3005 4693 3114 4762 γὰρ
3143 4691 3393 4744 ἐδέδοκτο
3440 4690 3560 4758 ήμῖν
3584 4700 3598 4714 ο
3624 4682 3716 4748 ἅμα

2199 4775 2256 4828 δδ
2289 4773 2384 4846 ἦρι
2417 4779 2706 4849 ἀρχομένῳ
2737 4780 2846 4834 τῶν
2877 4799 2936 4834 τε
2991 4781 3238 4852 τριηρῶν
3266 4781 3404 4851 πρὸς
3449 4779 3534 4830 τὸν
3577 4768 3715 4826 πλοῦν

2199 4868 2378 4920 οῦσῶν
2429 4874 2990 4940 παρεσκευασμένων,
3030 4875 3122 4926 καὶ
3162 4873 3265 4942 τῆς
3319 4869 3565 4941 στρατιᾶς
3596 4860 3713 4917 ἀπά⁹

2202 4974 2302 5026 σης
2355 4958 2419 5023 ἐξ
2450 4960 2682 5030 ἠπείρου
2717 4979 2777 5014 τε
2809 4962 2928 5032 ἅμα
2973 4962 3070 5016 καὶ
3117 4963 3393 5030 θαλάσσης
3426 4948 3715 5028 προσΰαλιῦ-

2203 5065 2302 5118 μεν
2351 5053 2417 5119 τῇ
2476 5052 2906 5124 Πελοποννήσῳ·
2960 5056 3020 5108 ού
3078 5055 3187 5124 γὰρ
3248 5055 3420 5124 μικρᾶ
3466 5048 3712 5118 προσθήκη

2205 5141 2500 5210 γενήσεται
2545 5144 2863 5214 Ῥωμαίοις,
2895 5145 2960 5200 ἂν
2999 5145 3412 5215 ὕπαγαγώμεθα
3469 5139 3712 5192 ἑκείνους⁹

2198 5231 2319 5284 όδοῦ
2360 5233 2418 5284 δὲ
2460 5236 2739 5302 πάρεργον
2770 5240 2865 5290 καὶ
2890 5237 3018 5299 τοὺς
3040 5237 3136 5305 τῆς
3177 5235 3385 5296 Ἰωνίας
3410 5219 3713 5299 διερευνησά⁶

2204 5339 2356 5390 μενοι
2386 5326 2772 5395 ναυστάθμους
2801 5328 2899 5380 καὶ
2952 5327 3229 5396 ποταμοὺς
3257 5327 3316 5378 έν
3349 5323 3428 5386 οἷς
3463 5324 3508 5372 οι
3538 5317 3710 5382 Πέρ³⁸⁸

2199 5417 2293 5474 τάξ
2331 5417 2599 5486 σφετέρας
2625 5418 2803 5471 αὐτῶν
2843 5419 3274 5489 προσορμίζουσι
3325 5414 3470 5475 ναῦς,
3501 5410 3582 5461 καὶ
3628 5418 3710 5467 κατ

2197 5508 2558 5575 ταφλέξαντες
2576 5511 2710 5579 πυρὶ
2758 5509 2924 5580 (οὕτω
2949 5510 3331 5579 γάρἈλησέρτ
3365 5504 3433 5574 τῷ
3449 5497 3706 5556 Κοτυαείου

2201 5601 2455 5669 σατράπῃ
2497 5605 2589 5653 καὶ
2641 5603 2764 5670 ἐμοὶ
2818 5603 3180 5662 συντέθειται,
3236 5605 3302 5653 lat
3351 5599 3448 5666 τῆς
3509 5588 3704 5660 ἠπείρου

2204 5692 2650 5762 παραϐοηθοῦντι
2687 5695 2802 5763 ἅμα
2840 5695 3068 5764 στρατιᾷ
3098 5692 3233 5760 πεζῇ
3267 5707 3323 5742 τε
3358 5689 3447 5741 καὶ
3496 5679 3702 5743 ίππικῇίο
