3998 6198
518 319 648 381 775

1701 307 1750 365 Ιί
1769 303 2020 363 MNT-MS
2057 297 2583 360 CANTACUZENI
3603 293 3689 353 776

541 433 714 501 t-ulari
742 431 1086 493 videbantur,
1120 429 1442 498 cogitantes,
1481 425 1599 494 ipso
1627 422 1852 478 conscio
1881 431 1936 474 et
1970 419 2110 472 clam

2243 430 2405 482 ,χουσι
2437 411 2534 472 τὰς
2567 407 2812 478 γνώμας,
2857 406 2972 462 ἀλλ’
3005 400 3084 468 οἷς
3117 403 3214 474 μέν
3257 403 3422 456 clivom.
3449 403 3561 473 πρὸς
3583 403 3694 454 ὲκεί-

541 525 668 577 tulia
716 523 974 576 moliente
1016 520 1145 575 dici.
1208 517 1523 573 Patriareha
1571 528 1763 568 eorum
1818 507 2106 564 assertioni

540 612 845 676 adversari,
879 619 934 664 et
967 610 1102 663 nihil
1135 608 1492 666 turbandum,
1549 603 1644 658 sed
1679 603 1744 656 iis
1787 616 1908 669 qua:
1941 599 2110 665 impe-

463 751 472 759 .
548 703 734 757 ratrici
790 712 847 756 et
899 716 1094 770 magno
1146 698 1448 753 domestico
1518 692 1899 764 placuissent,
1951 689 2113 743 obse-

542 791 818 860 quendum
851 791 1207 846 contendere.
1253 788 1389 843 Cum
1415 789 1468 840 in
1493 787 1598 840 hoc
1621 792 1765 839 esset
1795 793 2114 837 controver-

542 880 645 941 sia,
686 880 912 949 ejusque
962 887 1260 948 conspectu
1307 891 1496 931 omnes
1546 875 1964 938 conticuissent,
1992 872 2114 926 aliis

544 973 761 1040 quidem
833 971 984 1024 velut
1067 970 1241 1025 iratus
1301 970 1437 1024 nihil
1498 969 1659 1032 dixit,
1744 966 2111 1037 patriarcham

507 1074 728 1117 sautetn
791 1062 1064 1130 increpuit
1097 1102 1113 1127 ,
1166 1061 1313 1131 quod
1366 1060 1681 1114 hominibus
1733 1058 2118 1130 insipientibus

535 1168 704 1205 .aurcs
719 1153 1142 1213 eomznodasset,
1163 1161 1219 1205 et
1241 1151 1530 1206 verborum
1552 1166 1674 1205 eum
1699 1151 1832 1219 ipsis
1856 1149 2118 1219 digladia-

549 1243 696 1297 tione
735 1244 922 1296 turbas
951 1243 1262 1297 excitasset.
1293 1243 1456 1311 390
1483 1240 1716 1296 Proinde
1757 1241 1971 1310 litigare
1999 1255 2119 1294 ces-
2154 1305 2157 1314 ‘

547 1341 714 1394 saret,
758 1331 1018 1398 postridie
1045 1345 1233 1384 secum
1262 1331 1328 1384 de
1353 1332 1448 1384 lite
1477 1339 1719 1392 acturus,
1753 1336 1810 1381 et
1840 1327 1914 1382 ita
1949 1339 2120 1395 usque

546 1423 614 1476 ad
647 1438 849 1491 equum
885 1421 1144 1489 ,deduxit,
1200 1421 1307 1475 hoc
1355 1420 1534 1476 'ollieio
1581 1420 1928 1490 obiurgatum
1985 1415 2123 1470 deli-

549 1514 728 1574 uiens,
759 1515 905 1582 quod
945 1522 1070 1567 ante
1105 1529 1212 1567 non
1245 1513 1476 1579 solebat,
1527 1511 1622 1567 sed
1656 1511 1709 1564 in
1743 1509 2122 1580 penetralibus

552 1603 736 1670 palatii
769 1602 1071 1656 valedicere
1100 1617 1164 1657 ac
1200 1601 1402 1656 reverti
1467 1609 1850 1656 consueverat.
1897 1599 1977 1652 Ad
2014 1601 2121 1652 im-

553 1687 878 1762 peralricem
923 1709 1088 1763 porro
1127 1693 1367 1755 rediens,
1410 1694 1678 1747 tumultus
1728 1705 1948 1747 causam
1999 1707 2123 1744 nar-

2212 523 2303 557 νον
2329 499 2419 573 ἦν,
2455 500 2821 564 ἐσπουδάζετο
2853 517 2913 551 τε
2946 497 3160 568 ἀληθῶς
3183 496 3376 566 ὁμοίως
3401 495 3483 548 καὶ
3507 493 3694 558 ἐλέγετο·

2212 595 2262 647 οἱ
2292 594 2337 647 δ’
2368 591 2707 661 ἐθεράπευον
2730 589 2823 642 τὸν
2856 587 3050 657 καιρὸν
3089 586 3181 638 καὶ
3221 584 3318 654 τὴν
3347 583 3553 652 μεγάλου
3576 582 3702 650 δομι-

2214 685 2401 737 στίκου
2450 683 2699 751 δύναμιν.
2752 677 2932 733 Ἦσαν
2993 678 3051 731 δὲ
3098 677 3147 728 οἳ
3204 677 3294 728 καὶ
3340 676 3704 742 δυσχεραίνοντες

2216 775 2353 844 πρὸς
2377 775 2506 836 τοὺς
2539 772 2755 840 λόγους,
2784 770 2881 823 καὶ
2903 769 3074 839 ἡδέως
3107 767 3170 820 ἂν
3195 765 3504 824 κωλύσοντες
3529 765 3569 814 εί
3591 761 3703 828 ἐξῆν,

2216 865 2366 933 ὅμως
2399 864 2503 916 ὑπὸ
2551 864 2704 926 δέους
2749 863 3063 932 συμφωνεῖν
3109 859 3326 912 ἐδόκουν
3355 857 3459 918 τοῖς
3493 851 3706 914 πολλοῖς,

2217 956 2455 1026 οἰόμενοι
2485 955 2696 1009 ἐκείνου
2745 953 3043 1014 συνειδότος
3074 950 3167 1003 καὶ
3197 947 3410 1017 ἀφανῶς
3450 945 3511 998 τὰ
3532 942 3712 996 τοιαῦτα

2222 1047 2648 1112 συσκευάζοντος
2699 1046 2978 1116 εἰρῆσθαι.
3039 1042 3098 1096 Ὀ
3133 1040 3468 1110 πατριάρχης
3510 1037 3558 1089 δέ
3597 1039 3713 1091 ἀντι-

2222 1140 2520 1193 καθίστατο
2551 1139 2688 1208 πρδς
2715 1139 2841 1198 τοὺς
2865 1135 3082 1202 λόγους,
3113 1133 3206 1187 καὶ
3236 1133 3308 1202 μὴ
3333 1131 3436 1184 δεῖν
3459 1129 3615 1194 ἔλεγεν
3646 1127 3717 1178 αύ-

2221 1234 2349 1293 τοὺς
2375 1232 2631 1294 ἀτάκτως
2677 1230 2952 1300 θορυϐεῖν,
2984 1226 3118 1280 ἀλλὰ
3157 1222 3436 1278 πείθεσθαι
3466 1223 3563 1282 τοῖς
3604 1218 3720 1286 βασι-

2222 1324 2325 1377 λίδι
2395 1324 2489 1376 καὶ
2544 1321 2767 1392 μεγάλῳ
2825 1319 3160 1388 δομεστίκῳ’
3211 1310 3588 1382 ἐγνωσμένοις.
3648 1308 3716 1360 Ἐν

2225 1416 2436 1477 τούτοις
2459 1415 2516 1468 δέ
2545 1415 2647 1483 τῆς
2679 1412 2855 1482 ἔριῖος
2888 1410 3117 1469 ἐκείνοις
3141 1405 3327 1474 οὔσης,
3357 1404 3470 1457 ἐπεὶ
3501 1402 3722 1455 ἐπέπαυτο

2227 1506 2519 1575 φανέντος,
2551 1505 2666 1564 τοὶς
2695 1504 2792 1573 μὲν
2823 1502 3004 1564 ἄλλοις
3033 1499 3224 1569 ὥσπερ
3246 1497 3575 1566 ὀργιζόμενος
3605 1492 3724 1544 οὐδὲν

2227 1597 2462 1664 εἰρήκει,
2495 1593 2843 1663 πατρίαρχην
2872 1592 2929 1645 δέ
2962 1593 3260 1660 ἐμέμφετο,
3307 1587 3386 1640 ὅτι
3413 1585 3626 1653 ἀνοήτων
3657 1585 3724 1633 ἀνι

2229 1687 2470 1758 θρώπων
2507 1686 2793 1754 προσέχων
2819 1684 2996 1750 λόγοις
3028 1684 3228 1750 ἔστηκε
3264 1678 3397 1747 πρὸς
3419 1675 3591 1736 αὐτοὺς
3613 1673 3726 1738 λογιο

552 1759 657 1847 rat,
688 1794 742 1837 et
776 1799 886 1852 quo
917 1759 1076 1853 pacto
1104 1783 1470 1852 patriarcham
1513 1791 1738 1852 propter
1779 1781 2126 1851 intempeSti-

2243 1778 2423 1847 μαχῶν
2474 1777 2570 1830 καὶ
2615 1775 2845 1846 θόρυϐον
2894 1773 3097 1827 κινῶν.
3143 1767 3488 1824 Συνεϐούλευέ
3531 1782 3582 1819 τε
3622 1765 3728 1816 οἶκοι

551 1891 674 1928 vam
707 1876 1172 1930 concertationem
1206 1873 1671 1942 reprehendisset,
1701 1872 1959 1943 quodque
1991 1872 2127 1926 stul-

555 1975 735 2019 torum
785 1981 1064 2020 sermones
1117 1966 1334 2034 ineptos
1388 1965 1729 2028 attendisset,
1779 1972 1836 2018 et
1876 1979 2000 2018 eum
2048 1962 2128 2018 uti

554 2058 778 2111 domum
833 2057 1008 2112 abiret
1062 2057 1457 2110 admonuisset.
1496 2056 1858 2110 Asseverabat
1903 2057 2032 2109 item
2066 2068 2131 2109 ac

555 2149 728 2212 Deum
765 2158 958 2202 testem
993 2147 1251 2210 faciebat,
1283 2162 1344 2200 se
1374 2147 1582 2200 nullius
1613 2147 1809 2200 horum
1843 2161 1964 2201 esse
1994 2160 2132 2200 con-

554 2239 753 2307 scium,
812 2238 908 2293 sed
963 2238 1030 2292 ab
1079 2237 1348 2308 imperitis
1395 2237 1728 2306 quibusdam
1780 2235 2014 2304 superbe
2068 2248 2133 2288 ac

562 2330 852 2385 stolideea
909 2329 1139 2384 moveri.
1189 2329 1361 2394 Quem
1413 2342 1536 2382 cum
1586 2328 1652 2380 de
1706 2326 1883 2379 turbis
1930 2324 2133 2380 sedatis

557 2421 974 2478 commendaret
1011 2419 1354 2490 imperatrix,
1417 2417 1522 2473 Sed
1568 2417 1644 2470 illi
1674 2417 1916 2485 quidem,
1954 2415 2134 2484 inquit

560 2527 789 2582 magnus
821 2511 1174 2572 domesticus,
1205 2509 1374 2569 suasi,
1404 2507 1541 2561 nihil
1570 2505 1860 2560 verborum
1883 2505 2132 2568 adderet,

561 2603 901 2671 domumque
951 2599 1286 2664 discederet;
1337 2597 1644 2665 intelligens
1720 2595 1802 2649 sic
1853 2611 1938 2648 me
1982 2595 2133 2648 litem

563 2711 685 2749 mea
726 2693 1079 2763 potissimum
1131 2706 1295 2746 causa
1340 2699 1585 2745 exortam
1636 2687 1791 2742 facile
1837 2688 2138 2755 diremptu-

563 2799 705 2837 rum.
739 2783 816 2836 'l‘e
861 2791 1044 2837 autem
1079 2795 1296 2846 moneo,
1333 2787 1390 2833 ut
1439 2777 1750 2847 superbiam
1783 2778 1938 2830 istam
1974 2775 2138 2841 :inul-

564 2883 677 2926 tam
711 2887 781 2925 ne
809 2871 1107 2940 relinquas,
1140 2884 1332 2924 verum
1359 2868 1658 2922 accersitos
1687 2875 1912 2936 propter
1937 2867 2138 2936 linguae

566 2965 974 3032 protervitatem
1002 2961 1327 3030 objurgitcs.
1366 2961 1641 3028 Monerem
1666 2962 1831 3014 etiam
1865 2969 1925 3014 ut
1950 2970 1999 3015 te
2035 2959 2138 3012 ad-

568 3054 790 3107 modum
855 3053 962 3106 illis
1017 3053 1208 3106 iratam
1263 3053 1598 3117 ostenderes,
1647 3051 1748 3105 nisi
1805 3049 1959 3104 brevi
2006 3049 2134 3103 hinc

568 3144 820 3213 pluribus
851 3157 1042 3197 eorum
1071 3141 1257 3196 ascitis
1287 3142 1631 3197 discessurus
1663 3156 1864 3195 essent.
1918 3138 2133 3194 ldcirco

495 3264 506 3278 ι
571 3235 660 3288 ubi
709 3242 971 3303 quantum
1019 3237 1153 3288 satis
1184 3241 1269 3286 est
1320 3248 1415 3287 eos
1468 3231 1840 3301 castigaret-is,
1902 3239 2127 3286 causata

570 3323 928 3392 protecttonis
960 3337 1093 3377 meae
1130 3324 1538 3386 necessitatem,
1589 3325 1746 3378 venia
1778 3324 1903 3378 illos
1931 3324 2134 3392 imper-

574 3424 693 3467 tttn.
723 3414 965 3480 Augusta
993 3411 1238 3466 monenti
1261 3413 1542 3476 obsecuta,
1563 3413 1711 3466 viros
1736 3411 1855 3466 illos
1881 3411 2134 3479 accersit,

571 3506 846 3558 inscitiam
873 3505 1187 3574 exprobrat,
1215 3504 1360 3574 quod
1410 3505 1553 3558 inter
1596 3505 1743 3574 leges
1777 3507 1954 3575 regias
1985 3505 2130 3559 edu-

569 3596 701 3659 cati,
732 3605 789 3649 et
824 3594 879 3648 in
921 3595 988 3649 iis
1019 3609 1051 3648 a
1088 3596 1292 3650 teneris
1321 3596 1548 3657 versati,
1594 3597 1767 3649 nihilo
1793 3605 1970 3650 tamen
2008 3596 2139 3649 Bar-

571 3686 718 3740 baris
749 3700 873 3754 rege
907 3686 1222 3740 carentibus
1255 3695 1594 3755 praastarent,
1652 3697 1707 3740 ct
1731 3686 1997 3756 quidquid
2029 3686 2136 3740 sibi

529 3777 897 3839 obstitisset,
949 3777 1134 3829 statim
1191 3777 1379 3831 turbas
1418 3791 1482 3831 ac
1534 3778 1826 3831 tumultum
1901 3779 2137 3832 cierent.

575 3865 902 3932 l'erpendite
949 3865 1118 3928 enim,
1171 3867 1369 3935 inquit.
1400 3883 1510 3936 quo
1541 3883 1686 3920 nunc
1721 3868 1974 3921 amentia:
2000 3882 2133 3937 pro-

574 3955 814 4008 dieritis.
847 3955 1087 4008 Primum
1124 3960 1272 4009 enim
1302 3956 1355 4010 in
1399 3957 1519 4026 ipso
1558 3957 1759 4026 palatio
1794 3958 2143 4026 imperatori-

583 4047 684 4122 bus
734 4054 922 4114 aperte
988 4047 1351 4115 repugnastis.
1405 4047 1605 4101 Deinde
1658 4064 1782 4102 cum
1839 4049 2144 4116 patriarcha

577 4137 850 4188 communi
887 4137 1131 4189 omnium
1165 4136 1324 4190 Patre
1353 4139 1652 4205 spirituali,
1690 4148 1746 4194 et
1794 4140 1940 4192 omni
1989 4154 2145 4194 reve-

579 4227 753 4279 rentia
788 4227 1131 4296 dignissimo,
1183 4230 1358 4297 magis
1406 4245 1567 4298 quam
1597 4246 1691 4298 qui
1727 4246 1823 4299 per
1853 4245 2142 4299 corporum

580 4317 1021 4386 conjunctionem
1070 4332 1171 4371 nos
1201 4327 1554 4386 generarunt,
1585 4321 1828 4372 altercati
1857 4323 2007 4373 estis.
2039 4320 2147 4374 Ρο-

2226 1869 2505 1922 ἀπελθεῖν·
2575 1866 2672 1920 καὶ
2721 1863 2905 1935 ³μηδέν
2957 1862 3092 1932 πρὸς
3147 1861 3392 1922 ἐκείνους
3437 1855 3730 1924 διαφέρεσθαι

2230 1961 2347 2023 νῦν,
2381 1959 2454 2022 ὡς
2486 1961 2543 2022 ἐς
2574 1959 2676 2027 τὴν
2708 1957 3004 2026 ὑστεραίαν
3036 1954 3150 2023 ἅμα
3177 1952 3325 2021 αύτῷ
3353 1950 3472 2020 περὶ
3499 1947 3595 2000 τῶν
3619 1946 3733 2015 εἰρη-

2234 2053 2410 2121 μένων
2440 2048 2789 2118 ποιησομένῳ
2811 2046 2989 2112 λόγον·
3022 2043 3346 2115 προέπεμπέ
3374 2057 3430 2093 τε
3462 2038 3577 2109 ἄχρι
3601 2037 3732 2088 ἵππον

2231 2140 2552 2212 θεραπεύων
2579 2139 2665 2192 διὰ
2695 2141 2792 2204 τὴν
2808 2138 2944 2208 πρὸς
2972 2136 3132 2191 αὐτὸν
3161 2131 3519 2204 γεγενημένην
3552 2127 3734 2199 μέμψιν,

2231 2235 2386 2288 οὔπω
2413 2233 2679 2304 πρότερον
2709 2233 2869 2284 τοῦτο
2895 2229 3283 2300 εἰργασμένος,
3318 2223 3430 2278 ἀλλ’
3473 2226 3526 2275 ἐν
3553 2223 3644 2283 τοῖς
3668 2219 3736 2288 βα-

2236 2325 2460 2385 σιλείοις
2495 2326 2664 2386 οἴκοις
2695 2321 3142 2388 συνταττόμενος.
3178 2315 3528 2384 ἀναστρέφειν
3556 2309 3734 2369 εἰωθὼς.

2233 2419 2326 2480 Et;
2360 2415 2607 2487 βασιλίδα
2637 2415 2694 2467 δὲ
2721 2412 2878 2477 αὖθις
2929 2413 2957 2466 ὁ
2990 2412 3164 2482 μέγας
3211 2409 3517 2478 δομέστικος
3557 2401 3736 2457 ἐπανελ-

2235 2504 2364 2570 θὼν,
2402 2505 2500 2573 τὴν
2534 2503 2718 2556 αἰτίαν
2742 2502 2837 2555 τοῦ
2866 2501 3097 2571 θορύϐου
3126 2499 3370 2570 διηγεῖτο
3391 2513 3405 2529 ι
3449 2497 3580 2555 ὅπως
3599 2509 3648 2544 τε
3669 2489 3739 2543 αὖε

2233 2601 2324 2659 τὸς
2347 2596 2443 2664 τῆς
2461 2595 2694 2664 ἀκαίρου
2721 2592 3059 2662 φιλονεικίας
3087 2591 3442 2661 μεμψάμενος
3464 2585 3737 2655 πατρεάριῃι

2236 2691 2318 2743 ὅτι
2348 2690 2594 2756 ἀνοήτων
2627 2685 2935 2754 ἀνθρώπων
2962 2683 3232 2755 προσχοίη
3271 2681 3445 2749 λόγοις
3483 2679 3643 2747 έχουσι
3667 2691 3740 2742 μγ,-

2236 2780 2327 2833 δὲν
2361 2779 2534 2846 ύγιές,
2567 2780 2958 2847 παραινέσειεν
3004 2774 3189 2828 οἶκαδε
3241 2773 3549 2842 ἀναχωρεῖν.
3578 2771 3744 2834 Διισχιο

2240 2870 2420 2942 ρίζετό
2451 2888 2509 2922 τε
2555 2871 2645 2920 καὶ
2683 2868 2843 2929 αὐτὸς
2887 2866 3404 2935 ἐπιμαρτυρόμενος
3434 2860 3572 2924 Θεὸν,
3598 2858 3659 2919 ὡς
3677 2855 3744 2908 οὗ·

2239 2961 2328 3014 δὲν
2356 2961 2460 3012 τῶν
2484 2959 2797 3028 λεγομένων
2830 2957 3124 3026 συνειδείη,
3155 2955 3275 3008 ἀλλ’
3319 2953 3420 3006 ύπό
3450 2968 3591 3004 τινων
3614 2949 3743 3001 ἀπαι-

2239 3053 2442 3106 δεύτων
2470 3053 2562 3105 ὑπ’
2587 3051 2874 3112 αὐθαδείας
2901 3051 3141 3118 ἀνοήτως
3158 3046 3429 3116 κινηθείη.
3446 3038 3744 3104 Ἐπαινούσηὶ

2239 3143 2296 3198 δὲ
2342 3144 2440 3212 τῆς
2492 3142 2765 3212 βασιλίδος
2801 3144 2891 3194 ἐπὶ
2923 3140 2999 3210 τῷ
3044 3141 3132 3192 τὸν
3163 3138 3394 3209 θόρυϐον
3436 3127 3747 3190 καταστεῖλαι,

2249 3234 2389 3286 ’Δλϊ
2416 3234 2606 3302 ἐκείνῳ
2642 3237 2764 3303 μὲν,
2796 3235 2822 3286 ό
2859 3233 3032 3302 μέγας
3053 3231 3372 3301 δομέστικος
3397 3228 3513 3295 ἔφη,
3542 3217 3748 3277 συνεϐού·

2236 3326 2402 3379 λευσα
2446 3327 2613 3396 μηδὲν
2659 3324 2948 3394 προσθέντι
2995 3325 3106 3398 τοῖς
3164 3321 3478 3391 εἰρημένοις
3519 3310 3746 3369 ἀπελθεῖν

2239 3417 2382 3472 οὕτω
2427 3417 2656 3471 συνιδὼν
2697 3417 2893 3487 ῥᾳδίως
2926 3415 3201 3468 διαλύσειν
3229 3414 3326 3484 τὴν
3348 3408 3649 3483 φιλονεικίαν
3677 3402 3752 3472 μά-

2238 3508 2399 3561 λιστα
2439 3510 2566 3579 περὶ
2602 3507 2735 3577 ἐμοῦ
2775 3507 3169 3577 γεγενημένην.
3212 3507 3306 3558 Σοὶ
3364 3505 3418 3556 δὲ
3462 3504 3530 3573 μὴ
3564 3500 3648 3566 τὴν
3677 3494 3750 3549 αὖ·

2241 3592 2460 3653 θᾶδειαν
2490 3601 2838 3669 ἀτιμώρητον
2872 3597 3125 3669 παραινῶ
3153 3598 3442 3667 περιϊδεῖν,
3471 3592 3593 3648 ἀλλᾶ
3613 3588 3750 3656 λόγοις

2243 3690 2474 3743 κολάσαι
2514 3689 3038 3758 προσκαλεσαμένην
3064 3688 3160 3758 τῆς
3191 3687 3445 3756 γλώσσης
3481 3685 3570 3753 τῆς
3597 3678 3751 3733 ἁκολι·

2245 3784 2362 3843 σίας
2403 3781 2586 3842 ἕνεκα.
2629 3779 2920 3851 Παρῄνεσα
2954 3781 2998 3834 δ’
3037 3779 3102 3833 ἂν
3135 3781 3230 3832 καὶ
3271 3780 3539 3832 ἐπιπλείον
3564 3769 3753 3835 ἐνδείξα-

2243 3873 2366 3926 σθαι
2405 3875 2502 3943 τὴν
2553 3875 2721 3945 ὀργὴν
2780 3875 2878 3944 τὴν
2929 3873 3066 3943 πρὸς
3116 3872 3353 3936 αὐτοὺς,
3389 3872 3436 3924 εί
3494 3870 3564 3940 μὴ
3590 3861 3752 3932 ταχέως

2243 3966 2468 4035 ἔμελλον
2503 3966 2715 4018 ἐνθένδε
2750 3964 3173 4029 ἀπελεύσεσθαι,
3215 3967 3344 4028 τοὺς
3385 3963 3589 4022 πλείους
3617 3953 3754 4009 αὐτῶν

2246 4057 2612 4130 παραλαϐών.
2651 4058 2740 4110 Διὸ
2781 4057 2920 4126 μετὰ
2975 4058 3035 4110 τὸ
3075 4055 3426 4126 καθάψασθαι
3466 4049 3754 4124 ἀρκούντως.

2247 4151 2533 4221 παράσχου
2593 4151 2961 4220 συγγνώμην,
3010 4151 3314 4220 αἰτιωμένη
3362 4152 3458 4218 τῆς
3505 4136 3757 4208 ὁδοιπορίαί

2247 4242 2345 4312 τὴν
2369 4243 2634 4310 ἀνάγκην.
2681 4233 2748 4312 ᾯ
2779 4241 3066 4294 πεισθεῖσα
3122 4243 3218 4294 καὶ
3245 4245 3286 4310 ἡ
3313 4238 3520 4309 βασι-λὶς
3564 4233 3670 4292 τοὺς
3689 4225 3759 4279 ἀν·

2246 4333 2380 4402 δρας
2435 4349 2492 4385 τε
2546 4333 2960 4402 προσεκαλεῖτο,
3013 4333 3108 4386 καὶ
3153 4332 3433 4395 ὠνείδιζεν
3488 4326 3647 4383 αὐτοῖς
3685 4318 3758 4378 τὴν

581 4421 786 4461 Strcmo
816 4409 980 4461 etiam
1014 4425 1111 4477 pro
1141 4423 1334 4477 magno
1356 4409 1664 4462 domestico
1698 4410 1948 4464 videlicet
1979 4411 2135 4466 verba

2248 4422 2641 4486 ἀπαιδευσίαν,
2684 4423 2765 4472 ὅτι
2809 4421 3076 4489 βασιλέων
3127 4419 3549 4490 έντεθραμμένοι
3592 4411 3752 4478 νόμοις,

585 4501 828 4564 t'ccastis;
869 4501 1014 4566 quod
1049 4499 1113 4551 ad
1141 4514 1237 4552 tos
1274 4499 1491 4562 attinet,
1533 4500 1790 4555 docentes
1817 4517 1940 4554 cum
1971 4514 2147 4556 vestra

591 4591 684 4642 ind
711 4607 838 4658 gere
874 4608 995 4658 ope,
1032 4591 1074 4644 si
1109 4608 1212 4659 qua
1263 4593 1340 4644 il;i
1392 4608 1448 4645 re
1493 4608 1521 4645 a
1566 4593 1721 4646 nobis
1751 4609 1887 4662 opus
1915 4596 2003 4647 sit.
2038 4596 2150 4648 lloe

583 4691 766 4732 autem
819 4681 1276 4735 absurdissimum
1323 4673 1466 4746 esSe,
1517 4701 1621 4736 non
1650 4685 1793 4746 aliis,
1854 4687 1946 4739 sed
1997 4686 2150 4740 vobis

587 4770 719 4835 ipsis
755 4767 1034 4836 iudicibus
1066 4773 1296 4822 utamini
1331 4773 1477 4826 licet.
1509 4772 1624 4826 Non
1657 4789 1803 4828 enim
1833 4776 1992 4830 modo
2015 4776 2152 4830 dun-

587 4869 754 4915 taxat.
808 4860 1026 4928 quando
1062 4861 1127 4914 ad
1182 4875 1306 4914 cum
1359 4875 1570 4916 summa
1603 4879 1782 4917 rerum
1836 4867 2150 4934 procuratio

584 4951 839 5004 devoluta
867 4959 969 5014 est,
1005 4952 1098 5004 sed
1130 4960 1185 5006 ct
1217 4953 1339 5005 vivo
1364 4955 1690 5023 imperatore
1720 4957 1874 5010 vobis
1897 4958 2152 5011 omnibus

587 5043 677 5095 hic
724 5053 973 5111 prmcrat,
1008 5043 1059 5095 in
1093 5045 1292 5113 quibus
1323 5046 1707 5115 imperatorem
1747 5050 2139 5120 requirebatis,

588 5143 830 5186 vestrum
859 5146 1048 5189 contra
1077 5136 1154 5188 illi
1201 5152 1381 5191 nemo.
1421 5139 1597 5203 Quare
1629 5157 1750 5192 cum
1785 5161 1813 5193 ρ
1841 5145 2153 5210 praeteritis,

586 5236 698 5278 tum
751 5242 782 5280 e
838 5229 1196 5295 praesentibus
1251 5229 1465 5284 discere
1512 5247 1610 5284 vos
1649 5235 1958 5299 oportebat,
1995 5235 2150 5288 illum

589 5322 770 5367 vestro
828 5319 1134 5383 patrocinio
1188 5335 1294 5373 non
1349 5336 1532 5390 egere.
1565 5320 1682 5374 Non
1725 5322 1872 5373 enim
1905 5332 2008 5386 est,
2045 5340 2150 5377 non

585 5417 688 5465 est.
721 5408 963 5476 inquam,
1007 5411 1151 5478 quod
1205 5412 1322 5472 ille,
1360 5412 1404 5464 si
1441 5413 1591 5473 Velit,
1627 5429 1734 5465 non
1781 5413 1860 5466 vel
1905 5415 2033 5478 sibi,
2068 5417 2152 5469 vel

588 5497 709 5548 aiiis
737 5502 1030 5554 curaverit.
1071 5501 1224 5566 Quod
1258 5503 1417 5572 391
1453 5519 1576 5557 cum
1614 5505 1686 5558 ita
1720 5506 1811 5569 sit,
1840 5514 1894 5558 et
1942 5505 2154 5560 fatean-

593 5597 680 5637 tur
713 5603 904 5644 omnes
940 5608 1042 5645 nec
1081 5608 1176 5646 vos
1211 5602 1416 5648 temere
1462 5596 1780 5648 tumultuari
1837 5599 2155 5666 turbarique

590 5679 971 5754 conveniebat,
1009 5691 1173 5749 atque
1211 5683 1334 5736 ideo
1377 5699 1480 5738 non
1530 5686 1776 5753 gratiam,
1808 5685 1900 5741 sed
1934 5701 2150 5755 poenam

2251 4513 2342 4564 καὶ
2375 4512 2620 4573 συνόντες
2668 4513 2732 4563 ἐκ
2763 4511 2975 4577 παιδὸς,
3027 4512 3180 4565 οὐδὲν
3224 4515 3447 4581 ἄμεινον
3479 4507 3576 4560 τῶν
3605 4501 3758 4554 ἀϐασι-

2248 4603 2451 4655 λεύτων
2482 4603 2757 4656 διάκεισθε
2802 4603 3117 4673 βαρϐάρων,
3156 4605 3262 4656 πᾶν
3291 4603 3351 4654 τὸ
3383 4595 3758 4670 προσιστάμενον

2250 4695 2378 4762 ὑμῖν
2414 4697 2663 4757 ἀτάκτως
2715 4695 3096 4764 θορυϐοῦντες.
3134 4695 3394 4748 Σκοπεῖτε
3445 4693 3546 4760 γὰρ
3571 4690 3637 4748 εἰς
3666 4684 3761 4734 ὅσον

2250 4788 2430 4849 ἀνοίας
2459 4787 2694 4855 ἠλάσατε
2723 4787 2858 4840 νυνί.
2887 4787 3108 4857 Πρῶτον
3166 4789 3264 4858 μὲν
3295 4789 3402 4857 γὰρ
3436 4789 3489 4837 ἐν
3525 4775 3762 4850 βασιλείοις

2253 4879 2501 4948 φανερῶς
2545 4879 2826 4931 ἀντείπετε
2877 4878 3181 4947 βασιλεῦσι.
3217 4883 3476 4947 Δεύτερον
3511 4874 3551 4926 δ’
3591 4872 3761 4922 actm-

2252 4971 2490 5040 τριάοχη
2523 4969 2840 5039 διηνέχθητε
2870 4973 3038 5038 κοινῷ
3067 4971 3285 5023 πάντων
3312 4970 3425 5022 ὗντι
3455 4962 3608 5032 πατρὶ
3635 4970 3760 5008 πνευ-

2233 5075 2488 5124 ,ματικ.μ,
2528 5061 2622 5110 καί
2674 5063 2909 5128 μάλιστα
2962 5061 3162 5129 πολλῆς
3193 5059 3374 5120 αἰδοῦς
3408 5057 3556 5125 ἀξίῳ,
3599 5051 3760 5104 καὶτιο

2256 5149 2360 5217 μῆς
2382 5150 2558 5217 πολλῴ
2581 5150 2789 5221 πλέονῆ
2816 5154 2864 5203 οἱ
2888 5153 3162 5223 σαρκικῶς
3187 5149 3587 5221 γεγεννηκότες.
3610 5137 3764 5223 Τρίτςιν

2253 5235 2295 5286 δ’
2329 5236 2412 5287 ὅτι
2464 5238 2561 5290 καὶ
2618 5220 3041 5308 ὺπέρίμεγάλου
3071 5220 3396 5306 δομεστίκου
3436 5232 3584 5302 δῆθεν
3612 5220 3762 5287 ἐπνιὴ⁹

2256 5329 2420 5381 σασθε
2452 5333 2574 5391 τοὺς
2610 5331 2822 5398 λόγους,
2852 5331 2913 5383 τό
2941 5349 3004 5399 γε
3035 5335 3113 5394 εἰς
3138 5332 3279 5399 ὑμᾶς
3305 5325 3438 5400 ἧκον
3466 5312 3765 5378 ἀποδεικνύν-

2253 5437 2342 5482 τες
2392 5421 2480 5472 διὰ
2530 5425 2771 5484 τούτων,
2823 5423 2920 5491 τῆς
2970 5423 3101 5492 παρ’
3155 5422 3306 5492 ὑμῶν
3353 5419 3508 5472 αὐτὸν
3557 5411 3762 5479 δεόμενον

2257 5513 2580 5579 ἐπικουρίας
2615 5515 2693 5576 είς
2727 5517 2787 5566 τὸ
2811 5517 2998 5585 τυχεῖν
3029 5516 3081 5566 εί
3113 5531 3255 5576 τινος
3282 5514 3450 5566 δέοιτο
3475 5506 3592 5575 παρ’
3618 5499 3760 5570 ἡμῶν·

2259 5604 2430 5655 Τοῦτο
2453 5605 2496 5656 δ’
2521 5607 2601 5656 ὅτι
2630 5606 2738 5657 τῶν
2757 5607 3147 5670 ἀτοπωτάτων,
3167 5609 3261 5676 οὐχ
3291 5607 3509 5673 ἑτέροις,
3536 5597 3634 5650 ἀλλ’
3663 5589 3763 5654 ὑμῖν

2260 5691 2442 5755 αὐτοῖς
2477 5695 2752 5764 χρήσασθε
2797 5696 3213 5764 διαιτηταῖς-ὀύ
3263 5694 3368 5763 γὰρ
3402 5691 3491 5744 νῦν
3535 5688 3672 5758 μόνον
3692 5681 3760 5728 ὅτε
