3998 6198
1645 176 1674 185 ο

2339 203 2357 230 θ

490 301 602 382 787
1662 313 1980 375 JO-ANNIS
2020 313 2059 372 C

2168 312 2540 374 TACUZENI
3544 327 3623 391 πε

493 423 759 480 accedens
801 426 1049 493 libellum
1099 428 1349 502 porrigit,
1399 431 1602 485 aride-ns
1632 431 1838 501 lingua.
1874 446 1930 484 se
1957 428 2057 482 ibi-

2167 429 2256 480 καὶ
2293 429 2454 490 αὐτὸς
2491 429 2670 499 παρῆν
2691 470 2705 495 ,
2743 429 2975 498 μάλιστα
3020 430 3157 483 κατὰ
3188 431 3278 502 τὴν
3310 435 3388 486 τοῦ
3417 436 3535 490 θείου
3562 443 3634 492 καὶ

451 584 464 602 ί
494 512 618 567 dem
649 515 979 584 scriptorum
1015 528 1179 600 testes
1213 522 1485 597 appellare
1530 521 1728 591 ipsum,
1761 520 1905 591 quod
1933 536 2056 574 ουιιι

2163 517 2426 580 ζωοποιοῦ
2457 519 2550 572 τοῦ
2583 519 2832 588 Σωτῆρος
2865 519 3041 594 Λόγου
3070 521 3162 574 τοῦ
3189 523 3410 593 σώματος
3437 528 3637 596 προέλευ-

493 610 737 662 tremore
781 609 1188 666 sacriﬁcaretur
1233 627 1432 682 corpus
1475 611 1701 676 Christi,
1727 621 1780 668 et
1813 614 1908 682 qui
1939 613 2057 667 ina-

2165 625 2250 660 σιν
2295 611 2463 678 ἐγγὺς
2505 611 2792 680 γενόμενος
2837 612 3127 682 παρείχετο
3167 613 3227 665 τὸ
3268 614 3474 684 βιϐλίον,
3509 619 3636 670 εἰπὼν

494 695 825 763 spectabiles
855 701 1231 769 praecederent
1286 713 1759 773 sequerenturque
1785 705 2006 774 angelos
2039 744 2054 768 ,

495 794 548 838 et
576 787 670 855 qui
698 791 730 840 a‘
755 790 915 844 nobis
942 791 1220 857 videntur,
1253 794 1308 847 in
1341 794 1646 848 ministerio
1672 809 1768 850 eos
1797 795 2060 866 adjuvan-

497 884 597 942 tes,
628 881 942 937 sacerdotes
989 885 1144 938 istos.
1181 884 1375 954 Magno
1405 900 1536 939 vero
1567 884 1871 940 domestico
1903 886 2061 944 libel-

494 966 606 1021 lutn
643 970 698 1024 in
731 971 982 1028 manibus
1030 957 1269 1040 tenente,
1325 990 1717 1045 sacrorumque
1768 976 1926 1030 tinem
1968 993 2059 1032 ex.

494 1067 794 1125 spectante,
848 1071 908 1117 ut
962 1063 1182 1132 legeret,
1244 1065 1440 1119 iterum
1487 1066 1776 1135 prazfectus
1818 1068 2057 1122 cubiculi

494 1151 716 1218 propius
751 1151 966 1218 adiens,
1003 1163 1061 1208 ut
1093 1165 1220 1212 tunc
1271 1158 1494 1226 legeret,
1533 1155 1783 1228 rogabat,
1838 1174 1947 1229 quo
1979 1161 2062 1214 ni-

493 1242 688 1292 mirum
721 1255 828 1296 non
859 1256 924 1296 ex
966 1242 1290 1311 juramentis
1322 1255 1550 1310 tantum,
1581 1262 1768 1302 verum
1805 1250 1968 1302 etiam
1993 1263 2058 1302 ex

493 1331 608 1399 ipsa
637 1332 950 1388 conditione
979 1338 1241 1406 temporis
1287 1339 1688 1394 venerabiliora
1738 1350 1794 1395 et
1827 1340 2062 1395 credibi-

2165 699 2258 751 καὶ
2287 699 2374 752 διά
2404 699 2672 769 γλώττης,
2702 699 2778 763 ὡς
2805 701 2913 753 τῶν
2943 703 3388 773 ἐγγεγραμμένων
3417 709 3639 776 μάρτυρας

2163 791 2458 860 παρέχοιτο
2501 791 2632 845 αὑτό
2654 809 2712 844 τε
2737 791 2795 845 τὸ
2821 793 3066 861 φρικτῶς
3093 793 3497 864 ἱερουργούμενον
3518 797 3640 865 σῶμα

2161 882 2254 933 τοῦ
2296 883 2572 954 Χριστοῦ,
2616 886 2711 937 καί⁵
2745 883 2872 947 τούς
2914 901 2971 936 τε
3013 883 3234 952 ἀφανῶς
3274 887 3646 955 προηγουμένους

2163 970 2258 1023 καὶ
2292 973 2702 1041 παρεπομένους
2732 973 3018 1040 ἀγγέλους,
3051 975 3147 1026 καὶ
3174 975 3293 1036 τοὺς
3318 975 3548 1041 αἰσθητῶς
3574 974 3645 1025 καὶ

2163 1060 2412 1129 φανερῶς
2441 1063 2573 1129 ἡμῖν
2601 1061 2736 1131 πρὸς
2759 1063 2860 1133 τὴν
2884 1057 3350 1127 διακονίαναύτοϊς
3376 1065 3641 1132 συναιρομέ-

2163 1168 2284 1215 νους
2315 1151 2494 1221 ἱερέας
2521 1154 2788 1208 τουτουσί.
2817 1155 2923 1208 Τοῦ
2958 1153 3194 1223 μεγάλου
3221 1154 3275 1207 δὲ
3299 1155 3576 1222 δομεστίκου
3598 1155 3647 1204 τά

2163 1244 2470 1315 γράμματα
2493 1244 2707 1315 ἔχοντος
2727 1247 2786 1299 ἐν
2817 1249 2937 1300 ταῖν
2969 1249 3149 1316 χεροῖν
3169 1285 3182 1311 ,
3217 1248 3305 1299 καὶ
3335 1245 3424 1316 τὴν
3450 1247 3532 1314 τῆς
3562 1246 3651 1312 iap-

2163 1336 2388 1406 ουργίας
2452 1337 2842 1408 περιμένοντος
2869 1337 3147 1408 τελευτὴν,
3179 1338 3260 1390 ἵνα
3287 1335 3504 1405 ἀναγνῷ,
3529 1336 3653 1386 πάλιν

2163 1427 2192 1478 ὁ
2233 1427 2731 1498 παρακοιμώμενος
2773 1429 3065 1496 γενόμενος
3104 1427 3286 1495 ἐγγὺς,
3322 1427 3471 1479 ἐδεῖτο
3501 1425 3552 1475 τὸ
3582 1424 3656 1473 νῦν

2165 1519 2286 1589 εχον
2315 1520 2653 1588 ἀναγνῶναι,
2693 1521 2780 1572 ἵνα
2817 1520 2890 1589 μὴ
2925 1523 2986 1572 ἐκ
3017 1519 3125 1572 τῶν
3157 1522 3323 1590 ὅρκων
3357 1518 3526 1588 μόνον,
3553 1515 3658 1568 am

492 1420 629 1476 liora
665 1421 876 1490 tierent,
915 1442 1034 1495 qure
1067 1428 1266 1498 scripta
1303 1430 1543 1486 inerant.
1580 1431 1768 1487 Victus
1803 1434 2062 1502 precibus

493 1509 665 1581 legit,
699 1527 763 1567 ac
797 1522 925 1571 tunc
960 1516 1179 1588 quidem
1211 1519 1396 1572 tacuit.
1442 1520 1569 1575 Post
1615 1523 1946 1577 sacrificium
1975 1539 2062 1578 so-

494 1603 605 1655 lum
625 1602 922 1670 deducens,
946 1606 1118 1672 Quam
1142 1607 1275 1663 dura
1301 1618 1355 1663 et
1385 1625 1570 1680 aspera
1601 1627 1722 1666 sors
1749 1624 1836 1668 tua
1860 1629 1889 1667 a
1913 1614 2062 1683 prius

2167 1616 2260 1668 καὶ
2286 1611 2377 1665 ἀπ’
2402 1611 2564 1666 αὐτοῦ
2593 1611 2683 1664 τοῦ
2712 1613 2902 1681 χρόνου
2934 1609 3279 1679 φησερὼνιερα
3307 1610 3390 1661 καὶ
3418 1610 3657 1677 πιστότερα

495 1692 640 1762 cipio
673 1693 861 1762 fuerit,
897 1698 1093 1767 inquit,
1145 1713 1270 1754 cum
1309 1715 1414 1769 qua
1444 1702 1770 1767 colluctans,
1804 1705 1940 1758 meis
1966 1719 2062 1759 au-

2165 1703 2234 1756 τά
2261 1702 2624 1773 γεγραμμένα
2709 1718 2723 1732 ο
2759 1701 2882 1754 ἐπεὶ
2912 1701 2966 1754 δὲ
3000 1701 3308 1770 πειθόμενος
3334 1700 3540 1767 ἀνέγνω,
3566 1700 3660 1751 τότε

437 1849 444 1852 _
496 1785 685 1854 spiciis
714 1799 768 1843 et
809 1803 975 1858 opera
1005 1791 1056 1844 in
1097 1799 1203 1844 tam
1238 1794 1512 1847 excelsum
1562 1794 1795 1851 fortunae
1828 1798 2054 1866 gradum

2167 1770 2281 1864 μὲν
2306 1770 2609 1864 ἐφθέγξατο
2647 1770 2821 1870 οὐδέν.
2847 1792 3114 1862 ’Ὕστερον
3157 1793 3212 1844 δὲ
3259 1792 3385 1861 μετά
3423 1791 3508 1859 τὴν
3544 1789 3662 1840 τελε.

495 1879 885 1946 conscendisti,
915 1897 1076 1936 nemo
1100 1892 1182 1946 est
1209 1885 1600 1952 Romanorum,
1637 1889 1730 1957 qui
1758 1903 1864 1942 non
1905 1890 2058 1960 juxta

2163 1886 2279 1958 τὴν,
2331 1886 2490 1957 μόνον
2535 1885 2625 1938 τὸν
2676 1884 3171 1955 παρακοιμὼμενον
3221 1881 3543 1953 παραλαδὼν,
3578 1881 3666 1949 Τὴν

497 1987 708 2026 mecum
733 1973 968 2036 noverit,
989 1983 1046 2029 et
1065 1991 1140 2030 ιιι.
1170 1985 1357 2044 utpote
1377 1991 1564 2030 verum
1595 1993 1658 2032 ac
1684 1979 1891 2049 justum
1924 1982 2059 2035 mihi

2165 1979 2265 2050 μὲν
2294 1979 2550 2050 ὲξαρχῆς,
2585 1978 2708 2050 ἔφη,
2747 1970 3202 2050 κακοπραγίαν,ᾗ
3235 1973 3581 2048 προσπαλαίων
3606 1974 3664 2049 εἰς

498 2061 678 2118 ferens
706 2064 1100 2128 testimonium,
1139 2068 1292 2123 testis
1331 2083 1451 2122 esse
1482 2077 1636 2138 potes
1681 2072 1926 2126 omnium
1958 2072 2061 2127 ﬁde

2163 2070 2320 2126 τοῦτο
2349 2070 2518 2142 τύχης
2553 2071 2646 2124 καὶ
2684 2071 3042 2140 περιφανείας
3073 2068 3248 2141 ἦχθης
3279 2067 3364 2121 ὑπ’
3386 2064 3528 2152 ἐμοῦ,
3557 2065 3666 2118 πάν.

495 2152 868 2224 dignissimus.
902 2157 1062 2228 397
1096 2157 1226 2224 Quae
1273 2159 1436 2228 igitur
1470 2161 1524 2215 in
1570 2171 1620 2220 te
1654 2163 1797 2218 ttltro
1826 2166 2060 2231 contuli,

2163 2181 2254 2228 τες
2312 2165 2410 2235 μὲν
2467 2163 2756 2216 συνειδοῖεν
2814 2163 2880 2217 ἄν
2933 2162 3054 2232 ἐμοὶ
3097 2162 3348 2231 Ῥωμαῖοι
3379 2175 3392 2191 ·
3451 2157 3508 2211 σὺ
3557 2155 3592 2208 δ’
3617 2153 3666 2208 ἂν

495 2261 558 2300 ea
584 2255 638 2300 et
679 2246 747 2302 ab
782 2246 903 2307 aliis
949 2258 1004 2303 et
1033 2249 1130 2304 abs
1165 2258 1214 2305 te
1245 2251 1478 2305 maxime
1527 2251 1846 2320 confirmata
1912 2267 2058 2320 sunt,

2163 2257 2279 2324 είης
2331 2255 2547 2308 πάντων
2608 2243 2818 2325 μᾶλλον
2860 2253 3161 2322 ἀξιόχρεως
3221 2248 3547 2304 πιστεύεσθαι
3595 2246 3669 2298 sic

496 2333 700 2403 quibus
726 2351 854 2392 vero
882 2347 932 2394 te
960 2337 1172 2407 allicere
1212 2339 1514 2412 cogitabam
1548 2341 1704 2397 bonis
1735 2345 2059 2415 majoribus,

2163 2346 2300 2418 ληθῆ
2344 2345 2437 2399 καὶ
2477 2344 2660 2398 δίκαια
2701 2346 2828 2414 περὶ
2867 2342 3096 2396 σεαυτοῦ
3139 2340 3527 2413 συμμαρτυρῶν
3556 2335 3668 2406 ἐμοί.

496 2432 552 2478 ct
578 2423 992 2496 insignioribus,
1019 2442 1211 2482 eorum
1241 2439 1296 2483 ct
1339 2429 1452 2499 ipse
1484 2431 1617 2486 mibi
1649 2448 1771 2487 sum
1798 2436 1975 2498 testis,
2007 2443 2062 2490 et

2163 2437 2284 2491 Τῶν
2309 2436 2407 2507 μὲν
2427 2432 2518 2494 οὖν
2536 2434 2865 2505 ὑπηγμένων
2884 2451 2996 2505 παρ
3009 2436 3033 2486 it
3048 2452 3107 2486 τε
3127 2434 3236 2486 τῶν
3260 2433 3422 2488 ἄλλων
3441 2427 3672 2498 ἀρκοῦσαν

497 2517 584 2570 cui
635 2518 802 2572 animi
867 2519 1296 2591 uniuscujusque
1347 2523 1619 2579 motiones
1683 2533 1848 2595 atque
1900 2542 2058 2582 sensa

2163 2527 2271 2597 ἔχω
2299 2525 2397 2594 τὴν
2422 2524 2716 2590 ἀπόδειξιν,
2759 2525 2850 2577 καὶ
2883 2522 3116 2592 μάλιστα
3143 2521 3238 2574 σοῦ
3264 2537 3278 2550 '
3309 2515 3379 2573 ὧν
3406 2518 3458 2572 δὲ
3483 2513 3667 2569 διενοού·

499 2608 784 2666 tnanifesta
811 2619 958 2677 sunt,
990 2612 1152 2667 Deus.
1187 2613 1265 2666 Tu
1295 2622 1475 2668 tamen
1511 2622 1617 2669 tam
1646 2617 1831 2672 multis
1857 2619 2062 2676 obstri-

2167 2636 2276 2690 μην
2312 2617 2440 2687 περὶ
2476 2615 2568 2669 σοῦ
2606 2615 2869 2692 μειζόνων
2894 2615 2988 2668 καὶ
3012 2605 3671 2694 θαυμασιωτέρωνάγσθῶν

496 2707 638 2767 ctus,
675 2717 776 2757 nec
807 2703 970 2757 unius
1015 2719 1074 2758 es
1106 2704 1444 2770 recordatus,
1488 2714 1544 2760 et
1593 2715 1671 2762 tot
1704 2707 2004 2764 benefactis
2031 2726 2059 2764 a

2165 2697 2325 2774 αῦτός
2358 2727 2416 2762 τε
2456 2707 2668 2762 σύνοιδα
2701 2704 2942 2776 ἐμαυτῷ,
2990 2705 3079 2756 καὶ
3111 2697 3156 2770 ᾧ
3194 2703 3258 2756 τὰ
3295 2701 3461 2771 ψυχῆς
3484 2697 3672 2750 ἑκάστου

495 2792 585 2845 nte
611 2793 944 2861 cumulatus,
976 2809 1074 2848 nec
1110 2795 1279 2850 semel
1327 2797 1595 2862 emensus,
1623 2815 1746 2854 cum
1781 2815 1883 2872 ego
1917 2803 2062 2857 velut

2165 2804 2442 2874 κινήματα
2473 2800 2571 2854 καὶ
2623 2798 2961 2874 διανοήματα
3005 2795 3220 2864 φανερὰ
3267 2793 3416 2854 Θεὸς.
3450 2786 3600 2846 Αὐτὸς

496 2893 744 2944 catenam
781 2887 1070 2953 quamdam
1101 2888 1294 2941 merita
1327 2889 1539 2944 meritis
1569 2890 1676 2946 huc
1720 2875 1890 2962 usque
1918 2909 2062 2948 sem-

2171 2873 2299 2967 μήθ’
2335 2892 2474 2962 ὑπὲρ
2527 2884 2602 2943 ὧν
2649 2873 2909 2950 πολλάκις
2945 2885 3036 2938 ὑπ’
3074 2884 3213 2952 ἐμοῦ
3245 2880 3502 2941 πέπονθας
3529 2873 3673 2967 καὶ-ξιξ

501 2990 599 3046 per
626 2974 955 3041 addiderim,
1006 2987 1060 3034 tu
1097 2979 1219 3034 aliis
1263 2995 1373 3049 pra:
1416 2981 1716 3042 invidentia
1751 2999 1835 3040 me
1869 2985 2062 3049 imme-

2163 2965 2396 3054 ’μηδενὸς
2455 2978 2734 3048 μνησθεὶς,
2765 2977 2889 3046 μήθ’
2920 2976 2995 3038 ὡς
3037 2975 3278 3028 τοσαῦτα
3325 2965 3675 3041 εὐεργετηθιὶς,

501 3075 712 3121 rentcm
749 3069 1195 3137 oppugnantibus
1226 3073 1438 3126 socium
1467 3082 1518 3128 te
1559 3074 1856 3146 adjungere
1889 3079 2062 3132 volui-

2167 3074 2288 3129 οὐδὲ
2318 3068 2463 3135 ἅπαξ
2484 3067 2759 3131 πέπονθας
2782 3067 2988 3132 κακῶς,
3021 3065 3158 3118 ἀλλά
3187 3065 3341 3134 δίκην
3370 3059 3541 3163 σειρᾶς
3559 3069 3677 3163 ⁸γιμιος

500 3158 591 3222 sti,
613 3144 710 3227 qui
736 3161 1001 3227 quantum
1032 3160 1087 3214 in
1117 3160 1270 3214 vobis
1297 3162 1416 3227 fuit,
1453 3165 1591 3218 mala
1630 3144 1883 3222 extrema
1919 3170 2062 3225 desi-

2164 3164 2442 3224 ἀδιάλυτος
2491 3163 2524 3231 ὴ
2558 3159 2666 3212 τῶν
2717 3155 3177 3228 εὐεργετημάτων
3224 3150 3505 3209 ἀκολουθία
3550 3144 3679 3215 μέχρι

498 3249 722 3320 gnastis.
758 3249 897 3316 Quid
927 3266 1057 3320 ergo
1089 3251 1154 3317 ad
1190 3252 1302 3307 haec
1334 3263 1388 3307 et
1419 3256 1656 3326 cogitare
1687 3267 1742 3312 et
1770 3258 1944 3313 facere
1979 3278 2062 3316 nte

2165 3251 2259 3310 νῦν
2290 3253 2423 3323 παρ’
2481 3249 2614 3320 ἐμοῦ
2672 3248 2991 3319 διετηρήθη,
3028 3247 3240 3316 ἑτέροις
3277 3245 3380 3300 ὑπὸ
3426 3235 3680 3314 βασκανίας
3730 3295 3767 3306 ._

499 3338 738 3394 vicissim
768 3356 866 3410 par
903 3343 1045 3412 fuit?
1093 3358 1198 3408 non
1239 3345 1448 3410 conari,
1509 3348 1553 3400 si
1603 3363 1819 3418 possent
1872 3361 2061 3414 contra

2168 3347 2334 3417 μηδὲν
2359 3343 2630 3398 ἀδικοῦντι
2651 3340 2978 3411 πολεμοῦσιν
3002 3339 3126 3410 ἐμοὶ
3151 3333 3481 3408 προσνείμας
3503 3327 3682 3418 taurini

498 3429 598 3486 tibi
624 3433 865 3487 nocere?
893 3433 1008 3496 lluc
1032 3435 1076 3488 si
1112 3451 1196 3490 me
1227 3435 1520 3502 dedissem,
1545 3412 1675 3514 quid
1704 3412 2061 3512 sequebatur,

2163 3412 2227 3491 τό
2259 3454 2322 3505 γε
2355 3437 2436 3498 είς
2468 3436 2615 3505 ἡμᾶς
2657 3429 2792 3503 ἧκον
2823 3431 2894 3484 τὰ
2922 3433 3124 3500 ἔσχατα
3178 3428 3416 3484 διέθεσθε
3459 3420 3604 3477 κακά.
3632 3412 3684 3514 ’ξι

501 3525 602 3580 nisi
640 3534 700 3580 ut
745 3535 804 3580 tu
847 3525 1117 3595 perditam
1152 3527 1368 3598 lugeres
1406 3509 1718 3586 felicitatem
1770 3509 1939 3598 tinam,
1977 3509 2062 3590 ins

2163 3530 2254 3583 οὖν
2284 3528 2420 3599 πρὸς
2467 3525 2638 3580 ταῦτα
2686 3523 2833 3591 κάμὲ
2883 3525 2978 3577 καὶ
3025 3522 3358 3581 διανοεῖσθαι
3396 3517 3485 3572 καὶ
3543 3509 3686 3564 ποιεῖν

500 3616 658 3670 famis
691 3625 915 3686 repente
962 3625 1016 3670 ct
1063 3632 1126 3670 ex
1184 3617 1446 3685 0pulento
1496 3620 1690 3690 inops?
1747 3621 1892 3676 Istuc
1926 3621 2060 3675 mibi

2165 3620 2352 3692 ἐχρῆν,
2393 3619 2426 3688 ἢ
2493 3609 2785 3687 πειρᾶσθαι
2835 3613 3090 3683 βλάπτειν
3122 3612 3192 3666 ἂν
3239 3613 3347 3682 ἄρα
3396 3625 3448 3661 τι
3490 3605 3685 3692 δύναμαι

500 3706 757 3778 pet-facile
806 3715 946 3772 erat,
973 3715 1028 3762 et
1062 3715 1113 3762 te
1147 3707 1377 3777 ipsemet
1418 3687 1605 3779 judice
1645 3711 1760 3766 haec
1821 3722 1876 3766 et
1906 3712 2060 3782 plura

2165 3687 2256 3766 καλ
2273 3687 2340 3766 αὖ
2352 3687 2469 3774 τόςς
2498 3710 2562 3764 Ei
2583 3710 2628 3762 δ’
2654 3709 2746 3761 ἐπὶ
2795 3705 2967 3758 ταῦτα
2992 3703 3340 3774 ἐτραπόμην,
3365 3695 3594 3752 τίλοιπῦν
3614 3687 3685 3760 ἦν,

500 3800 721 3870 praemia
749 3814 848 3869 pro
876 3798 1092 3852 vafritie
1121 3806 1211 3854 tua
1254 3801 1520 3855 meruisti.
1554 3803 1651 3856 Ast
1683 3817 1782 3872 ego
1809 3819 1931 3871 cunt
1961 3805 2062 3858 mi-

2165 3808 2196 3877 ἢ
2224 3806 2284 3858 σέ
2321 3805 2418 3874 τὴν
2443 3803 2720 3874 προτέραν
2746 3799 2963 3870 θρηνεῖν
2994 3795 3348 3865 εὐδαιμονίαν
3373 3794 3552 3860 ἄτιμον
3576 3783 3690 3850 ἐξαξ-

501 3892 671 3946 hitnet
711 3891 968 3963 conscius
999 3891 1122 3954 sim,
1155 3905 1314 3959 quam
1343 3891 1509 3945 multa
1537 3907 1567 3947 a
1601 3892 1710 3947 Deo
1740 3895 1892 3948 venia
1923 3911 2061 3964 Opus

2164 3914 2302 3967 φνης
2335 3898 2427 3948 καὶ
2455 3895 2658 3963 ἄπορον
2705 3891 2984 3961 περιῑόντα
3011 3891 3073 3942 ἐκ
3125 3887 3342 3958 μεγάλα
3380 3877 3686 3968 δυναμένους

501 3966 752 4048 habeam,
804 3998 926 4038 cum
960 3982 1207 4054 quotidie
1241 3991 1296 4036 et
1325 3969 1553 4043 numero
1601 3985 1777 4054 plura,
1804 3996 1859 4040 et
1885 3988 2062 4056 gravi-

2163 3965 2336 4044 Τοῦτο
2373 3988 2470 4058 μὲν
2522 3983 2616 4040 οῦν
2652 3984 2774 4054 ἐμοί
2801 3999 2860 4036 τε
2897 3983 3004 4036 τῶν
3060 3982 3203 4035 πάνυ
3264 3979 3470 4052 ῥᾳδίων
3509 3969 3588 4042 ἦν,
3613 3965 3690 4058 καί

501 4084 610 4129 tale
664 4073 870 4145 majora
925 4087 1168 4142 peccem,
1218 4080 1272 4125 ct
1327 4071 1550 4144 insuper
1593 4089 1936 4143 sacramento
1970 4086 2062 4131 tuo

500 4161 750 4223 credens,
780 4161 877 4215 tibi
905 4152 1178 4230 ignoscant
1225 4157 1656 4230 insidiarumque
1684 4171 1900 4216 tuarum
1925 4163 2066 4217 obli-

500 4255 696 4309 viscar.
734 4253 816 4320 Tu
855 4253 1086 4318 enitere,
1145 4261 1198 4306 ut
1245 4251 1640 4320 posterioribus
1699 4262 1843 4307 recte
1900 4252 2062 4308 factis

2163 4261 2385 4333 ἐμαυτῷ
2437 4260 2636 4327 πολλῆς
2668 4259 2817 4328 παρὰ
2837 4256 2972 4311 Θεοῦ
3007 4258 3105 4327 τῆς
3135 4252 3463 4324 συγγνώμης
3487 4241 3690 4314 δεομένῳ

499 4349 680 4415 priora
745 4345 1030 4407 malefacta
1085 4345 1386 4399 oblitteres.
1439 4343 1576 4396 Tum
1625 4343 1790 4414 igitur
1819 4344 2054 4400 cubiculi

2165 4355 2442 4417 συνειδὼς,
2491 4351 2616 4406 οὔτε
2653 4350 2875 4421 ἀριθμῷ
2927 4349 3192 4413 τοσαῦτα,
3251 4343 3376 4399 οὔτε
3429 4342 3694 4421 τηλικαυτα

499 4441 787 4512 prtel‘ectus
831 4437 1014 4493 denuo
1063 4435 1314 4507 pluribus
1372 4434 1553 4489 verbis
1621 4442 1677 4487 et
1737 4434 2061 4504 juramentis

2168 4447 2291 4500 καθ’
2314 4446 2528 4516 ἡμέραν
2557 4419 2925 4516 ἁμαρτάνοντι
2973 4443 3034 4494 τὸ
3073 4441 3335 4509 μέγεθος,
3369 4432 3501 4489 ἀλλὰ
3539 4419 3694 4516 ’πολλῷ

501 4511 620 4602 qua:
663 4532 958 4600 scripserat
1007 4528 1364 4592 conﬁrmatis,
1425 4528 1480 4581 in
1535 4527 1715 4594 magni
1772 4528 2059 4581 domestici

2165 4511 2443 4604 δεινότερα
2476 4532 2573 4601 καὶ
2597 4511 3023 4588 ⁷ιιιςλείου.¹’Δλλως
3050 4544 3110 4580 τε
3140 4528 3236 4579 καὶ
3263 4527 3378 4586 τοῖς
3412 4523 3582 4590 ὅρκοις
3605 4511 3696 4568 τθῖς

501 4621 727 4689 gratiam
756 4634 815 4673 se
849 4618 1108 4684 restituit,
1144 4626 1199 4671 et
1235 4619 1438 4671 multos
1474 4633 1671 4687 genere
1695 4616 1935 4670 illustres
1969 4632 2062 4672 ce-

2166 4628 2278 4689 σοῖς
2325 4609 2644 4684 πιστεύσας,
2677 4622 3008 4690 συγγνώμην
3059 4621 3377 4688 παρέχομαι
3426 4612 3517 4666 καὶ
3552 4610 3697 4674 ἀμνηί

501 4710 754 4766 lebritate
785 4707 1026 4762 nominis
1055 4708 1299 4761 antcivit.
1333 4707 1598 4775 Tempore
1625 4706 1975 4776 procedente,
2004 4716 2061 4761 ut

2167 4717 2318 4768 στίαν
2348 4715 2444 4784 τῆς
2476 4713 2769 4780 ἐπιϐουλῆς
2791 4726 2806 4741 ο
2842 4713 2927 4765 σοὶ
2981 4711 3037 4764 δὲ
3073 4710 3306 4780 μελήσει
3362 4708 3471 4765 τοῖς
3501 4699 3698 4763 ὕστερον

504 4819 666 4873 supra
720 4799 1166 4859 memoravimus,
1195 4814 1319 4853 cum
1364 4813 1490 4853 eum
1537 4799 1837 4868 imperator
1884 4800 2062 4855 adhuc

2166 4806 2391 4873 ἀγαθοῖς
2425 4805 2492 4856 τὰ
2537 4802 2780 4872 πρότερα
2823 4801 3162 4872 εἰργασμένα
3197 4797 3538 4862 ἀπαλείφειν.
3582 4786 3695 4840 Τότε

502 4909 790 4966 superans,
822 4893 1014 4954 classis
1046 4900 1236 4946 contra
1275 4890 1470 4944 Persas
1504 4891 1788 4946 ductorem
1813 4891 2062 4960 legisset,

2171 4897 2268 4966 μὲν
2302 4897 2330 4948 ὁ
2356 4893 2853 4963 παρακοιμὼμενος
2903 4887 3058 4952 αὖθις
3088 4890 3272 4957 λόγοις
3301 4906 3360 4941 τε
3391 4886 3588 4938 πλείοσι
3619 4875 3699 4928 καὶ

501 4987 665 5057 idque
711 4984 890 5055 magni
936 4983 1222 5040 domestici
1272 4982 1482 5052 magnis
1512 4983 1770 5052 precibus
1798 4982 2062 5047 dedisset,

2165 4970 2348 5056 ὅρκοις
2377 4987 2442 5038 τά
2474 4984 2839 5053 γεγραμμένα
2879 4981 3310 5045 ἐπιϐεϐαιώσας,
3334 4977 3432 5047 τῆς
3459 4973 3598 5041 παρᾶ
3622 4982 3697 5036 με·

2163 4078 2321 4142 αὐτὸς
2360 4078 2426 4132 ἂν
2454 4078 2706 4138 δικάσαις
2739 4073 2950 4144 σεαυτῷ
2991 4071 3067 4136 ὡς
3127 4073 3389 4126 τοιούτων
3434 4063 3567 4140 ἦσθε
3613 4055 3689 4111 κειὶ

2165 4152 2425 4225 πλειθνων
2455 4169 2606 4232 ἄξιος
2633 4168 2732 4236 τῆς
2765 4165 3103 4236 πανουργίας
3146 4161 3465 4240 ἀπολαύειν.
3506 4149 3628 4221 Ἐγὼ
3653 4147 3690 4199 δ’

501 5078 644 5148 quod
679 5075 881 5146 alioqui
910 5076 1037 5130 huic
1087 5077 1299 5130 muneri
1365 5075 1584 5128 minime
1637 5073 1889 5128 idoneum
1940 5089 2065 5127 sen-

503 5169 648 5233 tiret,
683 5153 937 5224 curandze
969 5165 1283 5236 reipublicae
1329 5165 1608 5235 ιιι-ωροςίιί
1666 5173 1824 5218 erant
1858 5164 2066 5233 Spano-

503 5262 662 5330 pulus
688 5277 719 5315 a
749 5260 1010 5314 memoria
1061 5267 1117 5313 et
1148 5259 1384 5322 Joannes
1417 5256 1803 5318 Melitenensis,
1832 5266 2066 5326 quaesto-

503 5367 590 5406 res
618 5351 882 5420 Georgius
925 5350 1328 5418 Pepagaznenus
1388 5357 1443 5402 et
1467 5347 1723 5401 Nicolaus
1747 5347 2066 5402 Melitenen-

503 5442 804 5496 sis.Vcrum
836 5439 926 5495 ubi
960 5449 1015 5495 et
1043 5441 1094 5493 in
1134 5440 1330 5493 litteris
1364 5439 1754 5504 imperatoriis,
1790 5447 1845 5492 et
1880 5439 1934 5492 in
1972 5453 2066 5507 pe-

504 5532 700 5597 cuniis,
734 5543 790 5586 ut
816 5533 1120 5589 docuimus.
1149 5530 1338 5584 fraude
1364 5544 1495 5585 usus
1527 5536 1629 5592 est,
1660 5528 2064 5598 improbitatem

507 5622 803 5676 detestatus
853 5621 1168 5689 imperator,
1203 5621 1465 5674 honorem
1513 5620 1586 5681 ei,
1613 5635 1722 5688 quo
1748 5635 1937 5690 parum
1971 5618 2064 5672 ditt

508 5711 724 5786 gavisus
752 5719 890 5775 erat,
941 5709 1239 5780 abrogavit,
1292 5711 1531 5779 vixitque
1575 5709 1641 5764 ad
1673 5720 1890 5780 tempus
1920 5711 2065 5765 nulla

2166 5077 2332 5145 γάλου
2355 5075 2676 5144 δομεστίκου
2705 5068 2868 5127 πάλιν
2891 5073 3129 5126 ἀπέλαυε
3158 5071 3356 5141 ῥοπῆς,
3385 5070 3476 5121 καὶ
3499 5057 3699 5116 πολλοὺς

2170 5169 2556 5238 παρευδοκίμει
2604 5166 2838 5220 καὶτῶν
2872 5167 3016 5232 γένει
3068 5165 3396 5235 περιδόξων.
3443 5159 3618 5227 Χρόνῳ
3652 5149 3698 5200 δὲ

2168 5259 2416 5328 ὕστερον,
2454 5257 2643 5326 ὥσπερ
2677 5257 2741 5326 δὴ
2795 5257 2890 5310 καὶ
2943 5256 3209 5326 πρότερον
3266 5255 3540 5322 ἱστόρηται
3571 5243 3698 5314 ἡμῖν.

2127 5357 2135 5363 ’
2165 5334 2260 5404 τδῦ
2295 5351 2436 5403 κατά
2470 5349 2693 5419 Περσῶν
2726 5349 2910 5402 στόλου
2963 5347 3070 5400 ὐπδ
3106 5347 3374 5416 βασιλέως
3404 5343 3483 5394 ἔτι
3511 5335 3700 5404 περιίνο

2167 5459 2256 5503 τος
2286 5421 2722 5508 ’ἀποδειχθέντος
2773 5439 3103 5508 στρατηγοῦ,
3138 5439 3311 5491 πολλὰ
3353 5433 3446 5489 τοῦ
3493 5425 3698 5502 μεγάλου

2171 5533 2298 5600 περὶ
2340 5531 2529 5585 τούτου
2565 5531 2886 5597 δομεστὶκου
2917 5530 3202 5598 δεηθέντος
3257 5525 3539 5597 βασιλέως,
3579 5517 3698 5569 ὥστε

2168 5624 2268 5691 τὴν
2325 5622 2664 5690 στρατηγίαν
2699 5620 3240 5689 ταύτηνὲγχειρίσαι
3300 5617 3376 5686 μὴ
3427 5609 3700 5682 προσήκου-

2171 5731 2270 5765 σαν
2306 5698 2616 5784 ὲκείνῳ’τὴν
2649 5716 2778 5783 περὶ
2799 5715 2862 5765 τὰ
2894 5711 3113 5766 τοιαῦτα
3140 5709 3392 5779 οἰομένου
3426 5694 3694 5768 διατριστὶνο
