3998 6198
318 289 460 384 ιε’

1937 223 2000 271 ο

1481 304 2018 392 HISTORIAM.“
2063 332 2292 392 LIBER
2334 315 2448 398 ut.

3436 329 3542 392 700

317 439 450 509 πρὸς
488 438 588 509 μὲν
622 440 718 510 τὴν
772 441 1074 515 ὑπηρεσίαν
1117 442 1208 497 τοῦ
1240 419 1521 513 Ιμεσάζειν
1562 447 1674 507 τοῖς
1703 445 1870 513 δημο-

1995 442 2258 499 'unctione
2312 445 2549 514 publica.
2607 443 2887 499 Exstincto
2926 441 3257 510 imperatore
3294 457 3545 511 maguum

316 532 469 592 σίοις,
499 531 528 583 ὀ
571 532 666 584 ἐπὶ
697 532 806 586 τῶν
853 535 1216 605 ἀναμνήσεων
1267 527 1650 598 Σπανόπουλος
1714 535 1809 587 καὶ
1852 537 1879 587 ὁ

313 621 721 691 Malunt/triten;
756 623 1007 695 Ἰωάννης
1027 620 1169 695 ἦσαν
1192 625 1543 694 τεταγμένοι,
1574 627 1878 694 χρημάτων

312 710 370 762 δὲ
399 711 591 780 ταμίαι
615 711 724 765 τῶν
754 713 970 778 κοινῶν,
1003 716 1032 768 ὃ
1057 705 1116 768 τε
1140 716 1545 786 Πεπαγωμένος
1607 716 1876 787 Γεώργιος

314 801 407 852 καὶ
446 801 714 864 Νικόλαος
745 805 774 856 ὁ
805 804 1239 876 Μελιτηνιώτης.
1282 806 1434 860 Ἐπεὶ
1471 806 1526 859 δὲ
1562 807 1689 876 περί
1717 823 1775 858 τε
1811 806 1878 859 τά

315 889 569 957 βασιλικά
618 891 921 962 γράμματα
969 895 1064 948 καὶ
1115 897 1244 965 περὶ
1275 896 1344 950 τὰ
1385 899 1665 967 χρήματα,
1691 896 1880 966 ὥσπερ

315 977 554 1048 ἔφημεν,
586 981 888 1048 ἐπιϐούλως
925 985 1254 1059 διανοηθείη,
1299 986 1551 1056 βασιλεὺς
1582 987 1681 1058 μὲν
1718 988 1876 1056 μισή-

315 1088 416 1132 σας
450 1072 548 1142 τὴν
585 1075 871 1145 πονηρίαν,
905 1077 1077 1145 μικρά
1118 1077 1216 1146 τῆς
1268 1077 1603 1148 στρατηγίας
1638 1075 1882 1130 ἀπολαύ-

313 1173 508 1224 σαντα,
544 1161 848 1229 παρέλυσεν
876 1162 1077 1227 εὐθέως
1116 1164 1215 1234 τῆς
1244 1164 1442 1235 ἀρχῆς,
1481 1165 1576 1219 καὶ
1619 1165 1880 1237 διήγαγεν

310 1250 405 1302 ἐπὶ
434 1252 624 1321 καιρὸν
659 1253 826 1322 μηδὲν
847 1241 1329 1326 ἐγκεχειρισμένος
1353 1257 1463 1310 τῶν
1491 1256 1706 1310 κοινῶν.
1727 1256 1881 1310 Ἐπεὶ

309 1342 367 1393 δὲ
399 1341 754 1414 ἐτελεύτησεν
792 1345 821 1397 ό
852 1344 1126 1414 βασιλεὺς,
1160 1346 1333 1400 πολλά
1365 1346 1457 1400 τοῦ
1486 1347 1726 1417 μεγάλου
1758 1348 1881 1418 δεη-

311 1433 429 1496 θείς
478 1433 820 1504 δομεστίκου,
871 1437 1048 1491 καίτοι
1091 1440 1186 1494 καὶ
1244 1438 1458 1493 οἴκοθεν
1546 1440 1878 1510 ὡρμημένου

314 1526 490 1577 ποιεῖν
523 1525 684 1578 αὑτὸν
719 1525 802 1590 εὖ,
839 1526 941 1598 τὴν
1001 1527 1100 1596 μὲν
1139 1529 1233 1582 τοῦ
1267 1530 1528 1599 μεσάζειν
1575 1530 1880 1604 ὑπηρεσίαν

213 1669 233 1682 ,
312 1614 677 1685 ἐνεχειρίσθη,
736 1617 836 1688 τὴν
864 1619 920 1672 δὲ
963 1618 1073 1672 τῶν
1115 1619 1410 1691 βασιλικῶν
1457 1623 1753 1692 χρημάτων
1781 1642 1882 1694 φυ-

319 1705 520 1776 λακην,
550 1708 767 1760 οὐκέτι·
803 1709 900 1764 καί
945 1709 1032 1764 τοί
1085 1728 1147 1779 γε
1199 1703 1392 1782 ἔμελλε
1427 1712 1624 1783 μικρδν
1653 1702 1880 1784 ὕστερον

1985 534 2368 596 domesticum,
2413 550 2722 604 quanquam
2762 549 2858 603 per
2902 549 2959 588 se
2988 531 3296 600 cupientem
3342 533 3417 585 illi
3459 533 3553 587 be-

1987 622 2261 688 nefacere,
2289 634 2560 692 precatus,
2591 623 2830 677 otlicium
2857 620 3340 681 administratoris,
3364 633 3418 673 at
3444 636 3548 674 non

1988 711 2102 766 fisci
2161 713 2560 781 praefecturam,
2609 713 2866 774 obtinuit,
2933 711 3172 773 tametsi,
3225 720 3282 764 ut
3326 725 3554 779 magum

1984 800 2319 857 domesticus
2343 802 2542 866 aiebat,
2573 803 2734 871 paulo
2764 811 2888 870 post
2927 812 2979 856 et
3023 802 3163 855 hanc
3202 801 3550 855 obtinuisset.

1984 892 2150 964 398
2181 896 2250 948 At
2283 895 2372 949 ille
2398 911 2522 950 cum
2548 905 2801 950 cerneret
2845 911 2874 949 ο
2904 893 3249 964 praefecturis
3279 895 3418 946 hanc
3449 902 3556 945 sta-

1986 986 2082 1039 tim
2111 1000 2175 1040 ac
2207 985 2384 1051 facile,
2411 987 2574 1040 simul
2599 996 2656 1040 ut
2684 987 2950 1056 petiisset,
2974 986 3298 1054 contigisse,
3325 984 3550 1037 alteram

1985 1089 2094 1129 non
2139 1074 2395 1144 amplius,
2425 1088 2548 1128 cum
2595 1083 2820 1144 propter
2871 1083 3090 1143 accepta
3143 1074 3347 1142 gratias
3393 1087 3551 1142 agerc

1986 1166 2285 1230 debuisset,
2320 1166 2423 1236 ipsi
2457 1165 2530 1222 ob
2574 1182 2660 1229 ea,
2692 1169 2889 1236 quibus
2920 1182 2979 1222 se
3032 1167 3231 1237 injuste
3281 1166 3552 1235 privatum

1987 1258 2243 1323 ducebat,
2269 1259 2528 1312 ultionem
2551 1257 2974 1326 parabat.Ratus
2995 1269 3128 1314 vero
3149 1259 3550 1328 imperatricem

1985 1363 2179 1418 magno
2201 1348 2501 1402 domestico
2551 1349 2837 1418 utriusque
2894 1349 3234 1418 praefecturae
3286 1350 3338 1402 in
3372 1350 3551 1418 ipsum
3621 1381 3629 1386 ~

1989 1438 2332 1492 conferendae
2360 1447 2682 1508 potestatem
2720 1439 2959 1500 dedisse,
2993 1454 3231 1508 eumque
3277 1455 3384 1508 quo
3419 1441 3556 1494 alte-

1987 1541 2102 1581 ram
2126 1528 2450 1583 habentibus
2474 1528 2894 1598 gratiliearetur,
2923 1529 3069 1582 illam
3099 1530 3203 1584 sibi
3239 1529 3554 1595 detrahere,

1989 1616 2042 1671 in
2107 1618 2242 1686 ejus-
2281 1618 2466 1671 odium
2513 1619 2981 1689 oll'ensionemque
3039 1628 3226 1688 aperte
3280 1620 3560 1676 incurrere

1987 1706 2199 1772 statuit,
2253 1715 2308 1760 et
2363 1707 2429 1760 ad
2477 1708 2883 1777 imperatricem
2936 1710 3270 1779 ingrediens,
3318 1725 3385 1764 eo
3425 1725 3564 1780 prae-

322 1795 418 1848 καὶ
448 1795 669 1868 ταύτην,
704 1799 780 1862 ὡς
813 1800 840 1852 ὁ
874 1800 1051 1871 μέγας
1090 1801 1315 1872 ὕστερον
1338 1804 1660 1872 δομέστικος
1706 1805 1882 1860 διεϐε-

1995 1790 2388 1859 sente,'etcum
2417 1797 2504 1851 illa
2529 1799 2873 1868 colloquente
2901 1839 2917 1864 ,
2959 1799 3185 1870 Opinor,
3221 1801 3422 1870 inquit.
3451 1816 3561 1855 non

319 1883 563 1940 δαιοῦτο.
606 1886 668 1939 '0
694 1887 750 1940 δὲ
775 1889 871 1958 τὴν
905 1889 1004 1959 μὶν
1037 1891 1146 1945 τῶν
1179 1892 1364 1963 ἀρχῶν
1399 1894 1520 1947 ἰδὼν
1554 1896 1758 1960 εὐθέως
1784 1899 1881 1953 καλ⁵

320 1976 462 2043 μετὰ
494 1977 776 2048 ῥᾳστώνης
804 1979 950 2051 αύτῷ
993 1985 1438 2055 προσγενομένην
1470 1987 1498 2040 Ei
1509 2005 1585 2057 μα
1615 1987 1693 2058 τῷ
1728 1989 1884 2059 αἰτῆ-

319 2080 436 2127 σαι,
473 2065 572 2136 τὴν
600 2067 796 2138 ἑτέραν
833 2068 888 2122 δὲ
919 2071 1126 2137 ούκέτι,
1179 2074 1240 2129 ού
1279 2076 1386 2129 τῶν
1446 2081 1883 2150 παρεσχημένων

313 2153 481 2240 ἑνεκα
508 2157 666 2230 ἑπῄει
689 2160 891 2228 μᾶλλον
913 2163 1142 2233 χάριτας
1173 2167 1472 2237 όμολογεῑν,
1497 2171 1528 2240 ἢ
1555 2170 1880 2239 ἀμύνεσθαι,

313 2239 391 2298 ὧν
422 2247 627 2311 ἀδίκως
651 2250 786 2321 ᾤετο
817 2252 1266 2326 ἀποστερεῖσθαι·
1308 2239 1537 2330 νομίσας
1566 2261 1624 2314 δὲ
1656 2265 1751 2317 καὶ⁸
1783 2257 1884 2333 βα-

320 2337 496 2393 σιλίδα
539 2341 639 2411 μὲν
691 2344 1119 2416 ἑπιτετραφέναι
1173 2349 1252 2420 τῷ
1307 2353 1530 2423 μεγάλῳ
1574 2353 1884 2428 δομεστίκῳ

321 2431 643 2502 ἀμφοτέρας
703 2436 900 2508 ἐκείνῳ
941 2437 1269 2511 ἐγχειρίζειν
1311 2442 1407 2505 τάς
1452 2446 1648 2515 ἀρχάς,
1691 2448 1784 2501 τὸν
1827 2450 1885 2503 δὲ

319 2525 684 2595 χαριζόμενον
732 2531 843 2592 τοῖς
898 2531 996 2601 τήν
1043 2533 1237 2605 ἑτέραν
1287 2533 1502 2605 ἔχουσιν
1560 2540 1886 2612 ἀποστερεῖν

320 2619 554 2686 ἐκεῖνον,
581 2619 722 2687 ἑγνω
755 2620 866 2676 δεῖν
897 2625 1259 2696 προσκρούειν
1288 2628 1557 2697 φανερῶς.
1588 2631 1699 2684 Καὶ
1734 2633 1887 2700 βασις

322 2708 428 2763 λίδι
455 2711 792 2780 προσελθὼν,
827 2715 1094 2784 παρόντος
1123 2716 1333 2770 ἑκείνου
1359 2721 1450 2771 καὶ
1476 2719 1885 2791 διαλεγομένου,

335 2795 476 2864 Ἐγὼ
507 2797 731 2868 νομίζω,
767 2796 940 2868 εἶπεν,
971 2803 1033 2856 οὐ
1069 2805 1228 2874 μόνον
1259 2806 1356 2877 τὴν
1383 2809 1505 2876 ἐμοὶ
1537 2815 1892 2884 παρεσχημέ-

326 2907 422 2962 νην
461 2889 557 2945 νῠν
587 2894 781 2965 ἀρχὴν,
809 2895 947 2949 άλλά
979 2897 1074 2950 καὶ
1107 2897 1290 2958 πάσας
1331 2899 1463 2963 ὅσας
1491 2901 1721 2972 ἄρχουσι
1758 2905 1892 2960 Ῥω-

329 2983 507 3049 μαῖοι,
536 2981 598 3034 ού
641 2984 790 3052 παρὰ
824 2985 1064 3054 μεγάλου
1117 2986 1464 3058 δομεστίκου,
1498 2991 1650 3060 παρὰ
1693 2993 1890 3049 σούδὲ

326 3072 682 3143 χορηγεῖσθαι
731 3077 891 3131 πᾶσι.
937 3078 1029 3130 Διὸ
1077 3082 1172 3134 καὶ
1212 3081 1395 3149 οἴομαι
1451 3085 1752 3154 προσήκειν
1806 3087 1890 3141 σοὶ

324 3165 424 3226 τὰς
453 3167 554 3234 τῆς
597 3167 917 3236 εὐεργεσίας
954 3169 1183 3240 χάριτας
1234 3173 1454 3228 ειδέναι,
1505 3173 1567 3228 Ei
1615 3176 1680 3248 δὴ
1723 3178 1894 3233 ταῦτα

326 3255 522 3321 οὓτως,
545 3256 732 3329 ὥσπερ
763 3260 971 3335 οἴομαι,
1016 3261 1169 3316 ἑστιν
1202 3264 1404 3335 ἀληθῆ,
1441 3267 1560 3320 ἀνθ’
1591 3270 1712 3323 ὅτου
1744 3272 1895 3342 παρά

328 3347 425 3433 σοῦ
456 3351 936 3421 προστεταγμένον
979 3353 1300 3425 ἀμφοτέρας
1349 3356 1496 3427 ἔχειν
1545 3361 1644 3424 τὰς
1695 3362 1893 3433 ἀρχὰς,

327 3432 404 3490 ὧν
431 3441 527 3493 καὶ
560 3441 846 3510 περιόντος
867 3437 1036 3512 ἦρχον
1063 3442 1350 3513 βασιλέως,
1383 3449 1481 3517 τὴν
1511 3450 1708 3517 ἑτέραν
1740 3432 1897 3523 παρ-

330 3530 522 3599 ἑσχετο
557 3530 740 3596 αύτδς,
773 3529 872 3603 τῆς
908 3537 1038 3602 μιᾶς
1100 3535 1504 3609 ἀποστερήσας,
1569 3541 1756 3613 δέομαί
1803 3563 1896 3599 σου

331 3623 431 3674 καὶ
467 3620 564 3691 τὴν
596 3622 792 3692 ἑτέραν
819 3623 968 3695 αὐτῷ
1009 3627 1312 3696 προστάξαι
1339 3631 1655 3698 ἀποδοῦναι,
1696 3637 1899 3703 μᾶλλον

329 3711 388 3764 δὲ
421 3711 513 3764 καὶ
538 3711 700 3764 αὑτοῦ
734 3713 1003 3786 παρόντος
1034 3719 1187 3785 παρά
1223 3735 1318 3772 σου
1349 3721 1783 3793 ἐγχειρισθῆναι,
1810 3727 1899 3783 ἵνα

335 3818 420 3855 σοι
455 3804 550 3857 καὶ
596 3803 798 3872 μᾶλλον
829 3807 1218 3877 προσηκούσας
1263 3795 1362 3874 τὰς
1400 3813 1754 3886 εὐχαριστίας
1800 3821 1900 3888 τῆς

333 3891 656 3962 εὐεργεσίας
700 3892 903 3963 ἀποδῷ.
941 3894 1000 3948 '0
1037 3896 1217 3966 μέγας
1277 3900 1378 3969 μὲν
1423 3897 1521 3956 οὖν
1583 3903 1899 3974 δομέστικος

333 3981 634 4050 ἑφθέγξατο
657 3983 832 4059 οὐδέν.
868 3982 935 4037 Ἦ
961 3985 1171 4055 βασιλὶς
1192 3987 1237 4040 δ’
1262 3989 1427 4044 αὑτοῦ
1479 3993 1680 4064 πολλὴν
1723 4013 1893 4050 καταο

337 4072 542 4140 γνοῦσα
555 4073 655 4142 τὴν
670 4071 1010 4142 ἀχαριστίαν,
1028 4075 1178 4130 Πάνυ
1195 4075 1516 4151 θαυμάζειν,
1543 4078 1714 4149 εἶπεν,
1740 4088 1900 4156 ἑπέρ-

335 4165 493 4236 χεταί
531 4182 644 4235 μοι,
675 4164 779 4237 τὴν
807 4165 985 4220 αἰτίαν
1009 4168 1068 4233 ἑξ
1104 4163 1175 4242 ἧς
1221 4172 1302 4232 είς
1350 4170 1574 4236 τούτους
1614 4176 1902 4246 προήχθης

336 4260 461 4322 τοὺς
486 4258 676 4328 λόγους
708 4259 768 4312 ού
810 4258 1114 4331 συνορώσῃ.
1151 4259 1215 4312 Et
1267 4259 1368 4329 μὲν
1399 4260 1507 4330 γὰρ
1545 4263 1790 4331 οἰόμενος
1825 4265 1902 4336 μὴ

334 4352 438 4420 τὴν
468 4351 662 4420 ὁμοίαν
710 4350 943 4422 δύναμιν
973 4352 1066 4406 τὸν
1125 4353 1300 4420 μέγαν
1328 4352 1656 4422 δομέστικον
1684 4355 1752 4425 ’ήν
1795 4373 1901 4428 περ

1915 3126 1963 3190 C

1985 1885 2163 1939 solum
2218 1901 2367 1940 nunc
2419 1887 2553 1941 mihi
2605 1890 2950 1946 commissam
3010 1890 3412 1959 praefecturam,
3465 1891 3561 1946 sed

1987 1994 2198 2044 omnes,
2241 1995 2378 2050 quas
2429 1982 2658 2038 Romani
2706 1984 2914 2039 habent
2966 1984 3338 2054 praefecturas,
3398 2000 3504 2039 non
3532 1972 3600 2039 a-

1987 2085 2184 2140 magno
2215 2071 2540 2138 domestico,
2576 2074 2670 2128 sed
2728 2074 2827 2129 abs
2892 2083 2944 2129 te
2993 2075 3260 2130 committi
3321 2091 3384 2130 ac
3444 2077 3561 2130 dari

1988 2161 2266 2216 omnibus.
2295 2161 2472 2226 Quare
2502 2163 2666 2218 etiam
2713 2163 2908 2218 decere
2949 2163 3212 2226 arbitror,
3248 2164 3341 2218 tibi
3371 2163 3440 2217 de
3470 2165 3566 2219 be-

1989 2253 2187 2308 neﬂcio
2213 2253 2415 2325 gratias
2456 2271 2635 2324 agere.
2665 2256 2820 2323 Quod
2854 2256 2900 2311 si
2928 2255 3001 2311 ita
3039 2265 3144 2321 est,
3205 2267 3264 2311 ut
3304 2258 3440 2322 mihi
3477 2259 3566 2313 vi-

1990 2344 2171 2409 detur,
2206 2344 2338 2414 quid
2373 2347 2469 2408 ita,
2501 2362 2626 2400 cum
2654 2348 2752 2402 abs
2779 2357 2831 2402 te
2861 2348 3074 2418 iussum
3105 2348 3176 2402 sit
3202 2347 3392 2402 ambas
3421 2348 3568 2402 obti.

1992 2451 2121 2489 nere
2158 2452 2242 2490 me
2281 2437 2652 2506 praefecturas,
2700 2454 2838 2507 quas
2885 2437 3009 2493 vivo
3054 2439 3388 2509 imperatore
3417 2440 3566 2494 obti-

1993 2527 2228 2595 nuerim,
2280 2544 2442 2582 unam
2493 2529 2584 2584 hic
2630 2529 2762 2583 mihi
2814 2529 2988 2595 dedit,
3047 2530 3276 2585 alteram
3325 2531 3568 2601 eripuit?

1993 2617 2173 2684 Quare
2206 2630 2256 2674 te
2283 2635 2402 2688 oro,
2435 2631 2492 2675 ut
2523 2622 2747 2676 alteram
2776 2637 2994 2693 quoque
3025 2623 3178 2677 reddi
3204 2623 3398 2694 jubeas
3423 2660 3439 2685 ,
3482 2623 3568 2678 vel

1993 2710 2177 2780 potius
2206 2713 2326 2782 ipso
2349 2724 2617 2781 prasente
2648 2723 2702 2768 lu
2730 2717 2784 2768 in
2819 2730 2906 2770 me
2947 2715 3222 2779 conferas,
3262 2725 3320 2770 ut
3348 2716 3443 2769 tibi
3473 2732 3568 2785 po-

1997 2804 2128 2870 tius,
2157 2820 2294 2874 quas
2318 2804 2514 2887 debep,
2547 2807 2750 2875 gratias
2770 2822 2952 2877 agant.
2977 2807 3185 2863 Silebat
3209 2807 3274 2861 ad
3305 2808 3423 2863 haec
3448 2823 3568 2860 ma-

1996 2911 2134 2966 gnus
2163 2895 2527 2961 domesticus;
2582 2897 2898 2966 imperatrix
2932 2907 3117 2953 autem
3180 2899 3564 2967 Apocauchum

1998 2987 2349 3042 vehementer
2403 2988 2689 3058 ingratum.
2721 2988 3000 3058 judicans,
3054 2989 3244 3060 Magna
3305 3006 3392 3044 me
3424 2991 3568 3060 capit

1999 3074 2309 3140 admiratio,
2356 3077 2556 3146 inquit,
2589 3093 2697 3130 non
2749 3077 3145 3148 intelligentem
3189 3079 3463 3134 undenam
3498 3081 3564 3133 ad

1997 3167 2309 3239 bujusmodi
2341 3183 2504 3224 voces
2548 3170 2848 3240 impellare.
2903 3169 2959 3225 Si
3002 3171 3150 3225 enim
3183 3187 3439 3240 magnum
3466 3173 3565 3226 do-

1998 3258 2285 3313 mesticum
2329 3274 2440 3312 non
2480 3259 2692 3322 eadem,
2733 3274 2838 3328 qua
2872 3259 3028 3328 prius
3065 3267 3335 3328 potestate
3364 3260 3565 3316 valere.

1999 3359 2055 3404 et
2097 3365 2183 3404 me
2209 3350 2278 3403 ab
2312 3350 2430 3420 ipso
2461 3351 2772 3418 discrepare
2801 3351 3143 3414 existimans,
3177 3360 3492 3420 arroganter
3513 3361 3570 3406 et

1998 3438 2336 3494 confidenter
2365 3439 2419 3492 in
2451 3455 2576 3493 cum
2610 3441 2930 3493 irruendmn
2979 3440 3298 3506 decrevisti,
3329 3442 3468 3495 scito
3519 3449 3569 3494 te

2002 3539 2112 3586 tota
2147 3531 2230 3583 via
2273 3531 2580 3586 aberrasse.
2620 3531 2714 3584 Sin
2760 3539 2938 3599 neque
2986 3533 3050 3586 de
3100 3532 3363 3600 potentia,
3391 3547 3569 3600 neque

2000 3623 2067 3677 de
2097 3621 2477 3680 benevolentia
2525 3622 2670 3676 illius
2702 3605 2829 3692 erga
2860 3636 2946 3677 me
2971 3622 3270 3691 quidquam
3312 3623 3572 3677 imminu-

2003 3723 2117 3770 tum
2148 3713 2353 3778 sciens,
2390 3713 2566 3767 nihilo
2597 3713 2778 3767 minus
2817 3712 2927 3766 huc
2967 3712 3273 3768 insolentia:
3303 3713 3571 3782 processi-

2001 3805 2097 3872 sti,
2128 3820 2236 3862 non
2287 3819 2390 3875 ego
2418 3805 2525 3873 iam
2571 3805 2720 3858 hunc
2750 3817 3062 3858 sermonem
3097 3811 3252 3857 tuum
3286 3803 3574 3873 impuden-

1953 3962 1955 3964 η
2005 3899 2111 3964 tite,
2141 3898 2245 3953 sed
2265 3898 2517 3951 amentiae
2540 3895 2911 3964 aseripserim.
2941 3894 3060 3948 Non
3091 3909 3178 3949 me
3225 3895 3452 3950 fallebat
3481 3911 3576 3950 su-

2002 3988 2229 4060 perstite
2261 3989 2588 4058 imperatore
2610 3986 3074 4041 administratoris
3124 4001 3347 4050 munus,
3378 3989 3569 4042 simul-

2003 4097 2110 4152 que
2157 4080 2272 4136 tisci
2308 4071 2687 4150 praefecturam
2720 4078 2820 4133 tibi
2854 4075 3203 4133 commissam
3245 4097 3259 4133 :
3293 4089 3572 4133 verumta-

2005 4188 2128 4228 men
2167 4174 2333 4228 etiam
2386 4158 2502 4227 tum
2545 4171 2728 4225 dicere
2767 4169 2990 4233 licebat,
3025 4182 3135 4222 non
3187 4169 3572 4238 imperatorem

2004 4262 2263 4324 voluisse,
2295 4261 2390 4316 sed
2436 4261 2654 4315 volente
2704 4259 2809 4314 hoc
2854 4259 3197 4329 permisisse,
3233 4272 3345 4326 quo
3391 4261 3441 4313 ei
3471 4275 3575 4324 po-

2005 4363 2117 4408 stea
2149 4354 2378 4408 multum
2413 4368 2476 4407 ac
2527 4367 2671 4422 saepe
2701 4352 2835 4407 inte
2867 4351 3222 4408 stomachans
3272 4353 3572 4421 exprobra.

337 4444 438 4496 ta).
468 4443 736 4514 πρότερον
765 4443 1084 4514 κεκτῆσθαι,
1115 4443 1270 4514 ἠὲμέ
1303 4460 1356 4496 τι
1385 4444 1742 4514 διαφέρεσθαι
1763 4447 1892 4515 πρὸς

2007 4441 2122 4506 bat,
2155 4442 2310 4511 quasi
2343 4457 2458 4496 rem
2485 4442 2686 4511 egisset
2714 4441 2988 4506 inutilem,
3011 4454 3137 4494 cum
3168 4448 3220 4492 te
3251 4440 3570 4510 majoribus,

339 4535 527 4599 αὑτὸν,
559 4535 670 4587 δεῖν
697 4533 867 4602 ἑγνως
901 4535 1150 4598 αὐθαδῶς
1182 4535 1330 4605 αὐτῷ
1371 4535 1778 4607 προσφέρεσθαι
1810 4539 1907 4590 καὶ

340 4628 617 4698 θρασέως,
666 4625 778 4679 ίσθι
813 4627 956 4681 πάνυ
997 4625 1092 4679 τοῦ
1122 4628 1492 4698 προσήκοντος
1521 4623 1808 4697 ἁμαρτών.
1843 4629 1906 4682 Εἰ

338 4720 384 4772 δ’
436 4718 592 4771 ούδιν
623 4717 1038 4787 ἀποϐεϐληκότα
1089 4717 1311 4785 καὶτῆς
1349 4716 1633 4786 δυνάμεως
1678 4719 1772 4770 καὶ
1811 4721 1932 4788 τῆς·

339 4809 559 4870 εὐνοίας
590 4808 690 4877 τῆς
720 4810 800 4871 είς
845 4807 946 4876 ἐμὲ
977 4805 1154 4872 εἰδὼς,
1186 4805 1378 4860 ἔπειτα
1421 4808 1502 4871 είς
1546 4806 1704 4860 τοῦτο
1741 4809 1911 4878 προή-

341 4903 482 4974 χθης
529 4901 782 4965 ἀτοπίας,
829 4901 928 4954 ούκ
981 4899 1293 4964 ἀσυνεσίας,
1345 4898 1480 4952 ἀλλὰ
1524 4899 1910 4970 παραπληξίας

344 4992 517 5064 φαίην
559 4991 625 5044 ἀν
656 4993 832 5060 ἑγωγε
865 4991 1016 5052 ..τοὺς
1046 4989 1240 5055 λόγους
1270 4986 1542 5041 τουτουσί.
1579 4987 1720 5057 Ἐγὼ
1759 4986 1812 5039 δέ
1851 5001 1911 5038 σε

343 5087 637 5153 περιόντος
672 5087 767 5155 μὲν
796 5084 944 5156 ᾔδειν
974 5084 1238 5154 βασιλέως
1270 5085 1373 5155 τήν
1411 5099 1470 5135 τε
1507 5081 1600 5136 τοῦ
1649 5080 1910 5150 μεσάζειν

345 5178 845 5248 ἑγκεχειρισμὲνον
894 5177 986 5229 καὶ
1037 5174 1132 5229 τοῦ
1183 5173 1464 5247 βασιλικοῦ
1513 5173 1763 5242 ταμιείου
1811 5171 1911 5242 τὴν

348 5269 551 5343 ἀρχήν.
583 5269 729 5338 Πλὴν
757 5269 850 5332 κα)
881 5267 1000 5320 τότε
1035 5266 1180 5319 εἴποι
1217 5281 1299 5327 τις
1327 5264 1414 5326 ἂν,
1437 5262 1534 5332 οὐχ
1568 5261 1782 5324 ἑκόντος
1818 5260 1913 5330 βα-

352 5363 570 5425 σιλέως,
601 5361 739 5415 ἀλλά
773 5361 860 5414 διὰ
897 5360 958 5413 τὸ
987 5359 1272 5429 βούλεσθαι
1299 5360 1486 5410 τοῦτον
1516 5356 1912 5427 παραχωροῦν-

2012 4548 2173 4604 quam
2219 4548 2320 4603 pro
2353 4533 2601 4588 humeris
2632 4532 2762 4596 tuis,
2794 4532 3016 4602 dignum
3052 4532 3386 4586 censuisset.
3421 4532 3578 4586 Post-

2012 4641 2173 4696 quam
2206 4632 2386 4678 autem
2410 4623 2570 4678 classi
2596 4637 2656 4677 es
2671 4621 2980 4692 praefectus,
3001 4631 3056 4676 et
3077 4637 3141 4676 ea
3169 4623 3432 4693 dignitate
3455 4637 3578 4676 rur-

2010 4734 2131 4775 sum
2182 4726 2400 4780 exutus,
2434 4730 2536 4772 nec
2563 4715 2690 4770 vivo
2738 4730 2840 4770 nec
2895 4725 3113 4770 mortuo
3165 4717 3497 4786 imperatore
3546 4732 3574 4768 a

2013 4825 2099 4865 me
2126 4808 2194 4864 ad
2219 4808 2390 4862 ullum
2437 4807 2813 4877 magistratum
2845 4816 3141 4875 provectus
3171 4821 3252 4862 es.
3287 4806 3444 4874 Nunc
3488 4805 3575 4858 hic

2012 4906 2205 4967 suopte
2227 4904 2386 4958 nutu,
2410 4909 2574 4965 quam
2603 4893 2846 4958 dicebas,
2878 4895 3255 4964 praefecturam
3299 4894 3396 4974 tibi
3421 4908 3572 4946 man—

2013 4988 2182 5044 davit.
2218 4985 2424 5041 Deinde
2453 5001 2576 5040 cum
2623 4985 2699 5039 id:
2728 4986 2864 5039 mihi
2894 4985 3280 5049 renuntiasset,
3311 4993 3370 5036 ut
3398 4991 3574 5036 ratum

2015 5079 2272 5134 haberem
2300 5076 2445 5147 quod
2475 5085 2680 5147 egerat,
2702 5075 2948 5130 adduxit.
2979 5074 3216 5129 Decebat
3244 5073 3411 5144 igitur
3455 5088 3577 5142 gra~
3613 5076 3631 5131 ί

2015 5179 2129 5224 tum
2153 5183 2275 5224 esse
2297 5168 2562 5245 adversus
2607 5167 2748 5221 bene
2803 5166 3080 5232 meritum,
3116 5179 3218 5219 nec
3263 5178 3389 5219 cum
3426 5171 3573 5218 tanta

2014 5260 2342 5317 conﬁdentia
2388 5269 2497 5314 tam
2542 5268 2860 5326 arroganter
2927 5268 2981 5311 te
3029 5269 3239 5326 gerere.
3273 5253 3397 5310 Haec
3458 5254 3575 5308 Au-

2014 5361 2169 5424 gusta
2199 5349 2265 5405 ad
2292 5348 2628 5424 praefectum.
2647 5346 2909 5401 cubiculi.
3214 5372 3216 5374 -
3491 5341 3498 5345 ’

352 5473 466 5517 τος.
497 5457 586 5509 Διὸ
619 5457 714 5510 καὶ
760 5455 931 5508 πολλὰ
963 5453 1220 5515 πολλάκις
1248 5449 1558 5514 ὠνειδίζετο
1587 5450 1718 5520 παρ’
1765 5449 1999 5513 ἑκείνου,
2032 5445 2174 5500 κατά
2235 5445 2329 5496 σοῦ
2361 5439 2730 5511 ἐκφερομένου
2797 5439 2934 5510 πρὸς
2997 5438 3188 5507 ὀργὴν,
3217 5438 3292 5499 ὡς
3342 5437 3402 5492 οὗ
3429 5434 3579 5488 λυσιιρ

356 5545 616 5601 τελοῦντα
662 5544 919 5612 πράττων
950 5543 1006 5595 σὲ
1051 5540 1309 5610 μειζόνων
1340 5539 1374 5608 ἢ
1419 5540 1695 5610 προσῆκεν
1755 5537 1945 5605 ἀξιῶν.
1997 5527 2152 5588 Ἐπεὶ
2191 5533 2246 5584 δὲ
2315 5531 2586 5601 ναύαρχος
2639 5527 2878 5597 αἱρεθεὶς
2927 5526 3084 5592 αὖθις
3128 5528 3423 5598 ἐξεϐλήθης
3479 5529 3601 5596 τῆς

357 5637 556 5706 ἀρχῆς,
587 5633 711 5688 οὔτε
741 5633 1002 5704 βασιλέως
1051 5631 1272 5695 ζῶντος,
1309 5627 1432 5682 οὔτε
1474 5627 1616 5698 μετὰ
1673 5627 1772 5698 τὴν
1801 5628 2012 5681 ἐκείνου
2081 5621 2340 5690 τελευτὴν
2379 5618 2472 5672 ὑπ’
2503 5617 2636 5688 ἐμοῦ
2669 5617 2803 5689 πρὸς
2864 5617 3040 5688 ἀρχήν
3105 5634 3225 5672 τινα
3272 5617 3578 5688 προήχθης.

357 5731 471 5786 xv};
503 5728 550 5784 cf
591 5720 746 5789 οὗτος
821 5723 1030 5780 οἴκοθεν
1076 5725 1338 5795 πρότερον
1380 5717 1661 5789 ὁρμηθεὶς,
1736 5719 1802 5790 ἢν
1854 5719 1987 5790 εφης
2027 5715 2354 5788 ἑνεχείρισεν
2407 5713 2603 5784 ἀρχὴν.
2657 5710 2867 5766 Ἔπειθ’
2928 5709 3155 5783 ὕστερον
3218 5711 3583 5784 ἀπαγγείλας,

2869 5910 2920 5944 Ι
