3998 6198
387 300 509 398 ¹’ἰοὶ

1538 306 1857 368 ΙΟᾹΝΝΙΞ
1895 304 2414 371 CANTACUZENI

3504 326 3592 386 800

398 420 612 473 serunt,
639 419 694 466 et
735 412 886 483 plura
913 421 1264 484 exspectant:
1309 417 1420 480 alii,
1453 420 1597 488 quod
1659 421 1778 492 ejus
1835 434 2000 490 opes.

2105 421 2166 472 ὺν
2193 422 2300 490 γὰρ
2329 422 2430 492 ἢδη
2452 421 2644 492 χρόνον
2673 423 2890 478 πάντων
2927 427 2954 478 ὀ
2993 424 3359 494 δυνατώτατὸς
3383 430 3488 481 ἐστι
3506 431 3600 483 τῶν

403 513 676 564 metuunt.
713 503 894 570 Quare
941 516 1131 575 aperto
1179 507 1347 564 Marte
1394 509 1469 563 illi
1523 526 1762 580 pugnare
1820 510 1962 565 haud

2103 511 2204 581 παρ’
2237 513 2388 581 ἡμῖν,
2415 514 2508 567 καὶ
2555 514 2758 590 πάντες
2786 517 2938 586 αύτῷ
2969 519 3326 588 προσέχουσιν
3361 520 3600 586 ἀκριϐῶς.

402 595 805 655 conﬂuctnrum
835 597 1053 667 opinor.
1088 598 1456 670 Praeterquam
1509 602 1655 656 enim
1709 605 1852 672 quod
1897 604 1964 666 ad

2103 606 2272 676 ῐμὶν,
2315 610 2442 676 παρῗ
2498 608 2665 662 αὐτοῦ
2725 611 2940 665 πολλῶν
2986 612 3242 681 τυχόντες
3275 613 3601 682 εὐεργεσιῶν,

403 687 634 741 nihilum
679 687 874 742 cadent
930 700 1114 744 nostra
1163 692 1413 755 consilia,
1460 692 1624 746 etiam
1668 710 1768 749 nos
1822 696 1968 764 ipsus

2103 697 2166 749 ιαὶ
2220 697 2301 750 ἔτι
2337 698 2506 752 πλείω
2550 701 2986 770 προσδοκῶντες.
3037 704 3086 754 oi
3117 702 3173 756 δὲ
3229 705 3609 772 κατεπτηχότες

404 779 676 847 perditum
701 779 925 834 ibimus.
953 781 1056 835 Sed
1090 782 1385 850 potentiam
1419 783 1655 848 aliquam
1701 785 1848 840 illius
1876 802 1970 855 po-

407 870 590 927 tentia:
654 872 1076 941 respondentem
1126 889 1506 944 comparemus
1553 892 1776 932 necesse
1839 888 1966 946 est,

403 976 575 1029 quam
594 977 699 1014 non
739 962 958 1016 aliunde
996 963 1359 1028 inveniemus,
1410 981 1574 1035 quam
1629 967 1675 1022 si
1733 969 1970 1026 artiﬁcio

407 1050 643 1119 quodam
674 1053 1075 1122 imperatricem
1116 1053 1187 1117 ad
1228 1048 1382 1111 aruia
1414 1067 1605 1112 contra
1649 1060 1831 1128 ipsum
1875 1077 1972 1116 ex-

412 1142 678 1212 pedienda
707 1144 1140 1207 incitaverimus.
1166 1147 1286 1212 Quo
1311 1158 1471 1217 pacto
1501 1150 1691 1206 multis
1709 1153 1890 1218 nobis,
1915 1166 1975 1209 ut

409 1251 506 1302 pro
555 1250 699 1290 novo
738 1237 1069 1306 imperatore
1122 1239 1498 1307 pugnantibus
1550 1256 1709 1310 opem
1758 1243 1974 1306 laturis.

307 1363 319 1370 .
409 1325 566 1380 facile
625 1325 704 1380 illi
754 1330 1092 1397 resistemus.
1159 1330 1240 1404 Ad
1276 1330 1383 1384 hoc
1431 1346 1596 1401 porro
1634 1335 1830 1391 callide
1860 1319 1978 1407 ttio-

408 1419 673 1482 liendum,
710 1420 812 1472 etsi
846 1421 899 1471 in
934 1422 1126 1488 primis
1167 1424 1370 1478 valebit
1407 1426 1622 1495 egregia
1689 1428 1976 1496 prudentia

411 1516 524 1574 tua,
590 1507 763 1564 nihilo
801 1507 982 1565 minus
1021 1510 1214 1578 judicii
1254 1514 1361 1568 mei
1387 1515 1516 1584 quid
1565 1517 1637 1570 sit
1690 1531 1978 1586 exponam.

411 1597 489 1653 Ne
521 1607 699 1652 tamen
734 1599 952 1670 mirere,
984 1600 1147 1672 404
1175 1604 1218 1656 si
1277 1615 1468 1673 contra
1525 1607 1736 1661 hostem
1790 1619 1984 1678 poten-

414 1699 521 1743 tem
555 1690 839 1745 mendaeio
905 1703 1142 1751 utemur.
1231 1696 1365 1750 Nam
1403 1699 1495 1767 qui
1558 1699 1769 1754 hostem
1819 1715 1978 1754 suum

2075 785 2172 857 τὴν
2199 787 2409 840 ἐκείνου
2439 788 2696 860 δύναμιν.
2733 791 2811 844 Δι’
2841 791 2877 846 ἃ
2905 793 3004 845 οὐκ
3034 793 3218 876 οἴομαι
3264 793 3396 862 πρὸς
3426 794 3614 847 ἐκεῖνον

2076 879 2140 932 ὲκ
2167 879 2262 948 τοῦ
2294 881 2606 952 προφανοῦς
2631 883 3440 940 ἀντικαθίστασθαι,λυσιτελεῖν
3473 888 3608 956 ἡμῖν.

2078 972 2220 1040 Πρὸς
2258 974 2369 1042 γὰρ
2409 973 2488 1044 τῷ
2527 974 2697 1044 μηδὲν
2752 975 2952 1030 ἀνῦσαι
2984 975 3280 1046 δυνηθῆναι
3306 979 3413 1029 τῶν
3442 976 3615 1046 βεϐου-

2075 1061 2352 1132 λευμένων
2377 1079 2391 1094 ·
2429 1066 2525 1120 καὶ
2562 1066 3019 1135 προσαπολοῦμεν
3056 1067 3304 1130 ἑαυτοὺς,
3347 1067 3478 1122 ἀλλά
3512 1084 3619 1122 τινα

2085 1155 2182 1208 καὶ
2223 1156 2372 1224 ἡμᾷς
2405 1155 2636 1226 δύναμιν
2662 1157 2781 1212 δέον
2846 1149 3159 1226 ἐκπορίζειν
3199 1147 3409 1222 ἑαυτοῖς
3455 1161 3621 1228 ἀντίρ·

2085 1247 2250 1313 ροπον
2277 1247 2413 1314 πρὸς
2440 1248 2538 1317 τὴν
2557 1248 2793 1305 ἐκείνου.
2815 1251 2964 1321 Αὕτη
2985 1251 3043 1304 δὲ
3065 1252 3160 1322 οὐχ
3193 1252 3456 1321 έτέρωθέν
3478 1252 3624 1304 ποθεν

2082 1336 2505 1409 ἂνλὲεευρεθείη,
2541 1342 2589 1393 εί
2616 1340 2692 1411 μὴ
2725 1341 2911 1413 τρόπῳ
2951 1342 3014 1412 δή
3065 1359 3172 1398 τινι
3209 1342 3451 1412 βασιλίδα
3481 1343 3627 1395 ἐκπο-

2083 1427 2437 1498 λεμώσαιμεν
2462 1430 2676 1502 ἐκείνῳ.
2701 1430 2906 1486 Τούτου
2944 1433 3001 1486 δὲ
3025 1436 3418 1502 γεγενημένου,
3451 1432 3628 1503 ῥᾳδίως

2084 1522 2694 1592 ἀντικαταστησόμεθα,
2719 1524 2934 1578 πολλῶν
2965 1527 3099 1594 ἡμῖν
3124 1525 3521 1595 συναιρομένων
3563 1525 3630 1587 ὡς

2086 1615 2230 1684 ὑπὲρ
2267 1611 2362 1665 τοῦ
2401 1614 2534 1670 νέου
2579 1615 2842 1682 βασιλέως
2891 1615 3211 1687 πολεμοῦσι.
3244 1615 3419 1670 Τοῦτο
3441 1616 3483 1669 δ’
3501 1619 3633 1679 ὅπως

2090 1704 2156 1757 ἂν
2191 1704 2613 1775 συσκευασθείη,
2675 1707 2910 1776 μάλιστα
2944 1707 3044 1776 μὲν
3079 1707 3175 1762 καὶ
3227 1710 3261 1780 ἡ
3318 1708 3384 1780 σὴ
3437 1709 3633 1771 σύνεσις

414 1792 663 1838 evertere
704 1785 964 1850 instituit,
1001 1803 1125 1841 eum
1159 1789 1304 1845 haud
1337 1791 1391 1844 in
1424 1809 1617 1861 magno
1656 1795 1980 1850 discrimine

2103 1795 2367 1865 ὶαυμασία
2401 1791 2533 1850 οὖσα
2561 1796 2872 1867 ἐξευρήσει.
2905 1778 3314 1870 Συμϐουλεύσω
3346 1778 3511 1852 δὲκαὶ
3544 1800 3632 1852 αὖ·

417 1888 622 1942 ponere
652 1886 886 1944 Oportet,
921 1892 948 1931 a
977 1879 1266 1935 mendacio
1293 1923 1306 1944 ,
1357 1899 1426 1936 an
1455 1900 1483 1937 a
1545 1886 1776 1940 veritate
1820 1889 1979 1943 auxi-

418 1964 550 2019 lium
582 1977 750 2036 petat,
776 1970 868 2022 sed
898 1971 1122 2039 reliquis
1152 1975 1411 2030 omnibus
1434 1976 1696 2040 dimissis,
1721 1979 1786 2032 ad
1815 1995 1981 2033 unum

420 2053 525 2109 hoc
554 2059 850 2126 respicere,
884 2068 943 2113 ut
973 2062 1176 2117 vincat.
1212 2064 1446 2118 Proinde
1477 2082 1596 2120 eam
1651 2068 1734 2121 fac
1787 2084 1987 2123 conve-

396 2145 572 2210 Anias,
613 2149 762 2202 illum
806 2159 993 2205 utnon
1021 2151 1130 2218 jam
1161 2170 1255 2222 per
1300 2157 1606 2222 cuniculos,
1663 2159 1758 2213 sed
1791 2176 1989 2230 propa-

421 2239 527 2294 lam
591 2241 879 2310 imperium
922 2244 1334 2311 vindicantem,
1391 2257 1447 2302 et
1497 2265 1604 2302 non
1651 2252 1822 2308 multo
1867 2263 1991 2323 post

423 2331 594 2398 ipsam
650 2335 876 2404 ejusque
909 2337 1118 2392 liberos
1167 2339 1542 2410 jugulaturum
1601 2358 1850 2400 accuses.
1904 2346 1991 2398 Fi-

423 2425 733 2480 deimlietis
769 2429 876 2482 tuis
935 2431 1108 2494 pariet
1143 2441 1198 2484 et
1227 2442 1388 2487 antea
1442 2444 1638 2489 navata
1683 2437 1785 2505 ipsi
1826 2437 1994 2493 bene-

421 2517 682 2582 volentia,
713 2533 776 2571 ac
802 2520 1047 2573 studium
1103 2533 1224 2589 post
1274 2525 1619 2593 imperatoris
1665 2543 1989 2594 excessum,

420 2617 479 2664 et
511 2617 652 2678 quod
686 2614 740 2665 in
770 2627 1012 2681 premens
1049 2615 1100 2668 ci
1144 2615 1436 2685 diligenter
1467 2633 1690 2687 operam
1726 2622 1857 2677 dare
1917 2624 1996 2676 vi-

425 2704 664 2762 deberis.
691 2704 746 2760 Si
777 2706 1156 2773 probationem
1213 2712 1495 2777 exegerit,
1549 2726 1615 2765 ea
1676 2714 1996 2769 curiositate

425 2807 488 2852 ut
514 2797 870 2867 supersedeat
930 2813 1114 2864 mone,
1151 2799 1219 2854 ab
1247 2800 1340 2855 illo
1372 2817 1431 2856 se
1461 2802 1740 2876 disiungat
1772 2847 1790 2872 ,
1829 2808 1996 2862 vitam

427 2905 585 2944 suam
643 2891 1054 2958 liberorumque
1083 2903 1294 2957 servet,
1329 2893 1536 2964 alioqui
1570 2897 1998 2952 morituramei-

431 2983 541 3036 tius
579 2997 742 3051 quam
773 2983 1130 3054 probationes
1162 2985 1546 3054 expediantur.
1581 2987 1676 3043 His
1710 2989 1780 3044 de
1814 2992 1995 3046 causis

432 3074 628 3128 timore
677 3073 1028 3143 perculsam,
1078 3073 1201 3128 belli
1259 3075 1790 3133 administrationem
1838 3079 2071 3173 nobiscl

430 3163 1132 3233 permissuramexistimo.
1164 3164 1277 3220 Hoc
1295 3167 1439 3222 felici
1467 3183 1728 3224 successu
1752 3181 1996 3240 peracto,

434 3254 575 3309 nihil
610 3253 874 3317 restabit,
909 3255 1010 3310 nisi
1063 3266 1126 3313 ut
1182 3258 1360 3312 malus
1406 3260 1546 3315 male
1597 3270 1810 3330 pereat,
1859 3272 1914 3316 et
1942 3273 1998 3325 tu

434 3345 771 3414 impendenti
793 3355 1018 3416 ereptus
1051 3348 1296 3415 periculo
1323 3389 1339 3412 ,
1385 3365 1500 3404 rem
1546 3351 1850 3405 Romanam
1885 3368 2002 3407 me-

435 3438 698 3493 ritissimo
721 3452 832 3508 pra:
863 3437 1122 3494 omnibus
1151 3455 1251 3508 pro
1274 3440 1508 3510 imperio
1538 3458 1714 3513 regas.
1748 3443 2002 3515 Quapro-

437 3538 558 3600 pter
583 3538 636 3584 te
662 3545 781 3592 oro,
807 3530 939 3584 mihi
960 3532 1338 3601 obtemperes,
1373 3548 1478 3587 neu
1513 3548 1651 3600 rem,
1703 3535 1792 3602 via
1838 3553 2002 3606 quam

436 3634 539 3688 ego
566 3621 896 3684 monstravi,
929 3622 1124 3677 ctiectu
1181 3639 1290 3678 non
1345 3624 1645 3693 dilileilem,
1705 3625 2002 3684 detrectes.

437 3709 592 3777 Quod
622 3712 668 3768 si
694 3713 970 3782 pigritaris
1004 3714 1058 3768 in
1085 3715 1402 3773 discrimine
1454 3728 1572 3783 tuo,
1635 3733 1738 3790 ego
1781 3718 2005 3788 quidem

439 3803 659 3872 gravius
685 3803 823 3858 nihil
855 3805 1061 3869 dicam,
1092 3813 1146 3860 te
1171 3816 1355 3875 autem
1378 3808 1566 3876 quales
1597 3807 1827 3866 fortuna:
1848 3824 2008 3865 exce-

323 3937 334 3944 .
439 3902 615 3962 ptum
641 3894 773 3956 sint,
809 3896 1123 3966 conjectura
1158 3897 1448 3956 providere
1491 3913 1588 3967 par
1611 3908 1718 3953 est.
1753 3899 1850 3954 llis
1906 3899 2000 3954 ille

327 4040 336 4046 η
443 3983 818 4052 patriareham
851 3985 919 4047 ad
955 3985 1061 4038 sibi
1087 3985 1528 4050 assentiendum,
1559 3986 1876 4056 bellumque
1912 3986 2010 4040 ad-

444 4088 637 4132 versus
670 4088 926 4142 magnum
959 4073 1324 4139 domesticum
1362 4074 1735 4144 incipiendum
1768 4076 2005 4145 impulit.

444 4165 648 4235 Deinde
678 4166 816 4221 alios
836 4165 1175 4236 singulatim,
1207 4166 1470 4234 opinione
1500 4175 1596 4220 aut
1623 4181 1825 4235 genere
1867 4182 2009 4237 prae-

443 4265 655 4320 stantes
704 4257 1081 4324 circumiens,
1142 4266 1199 4315 et
1256 4259 1538 4312 mendacia
1602 4259 2012 4330 calumniasque

446 4364 744 4413 eonsuens,
770 4349 824 4403 in
839 4349 1090 4407 eamdem
1119 4360 1356 4404 mentem
1388 4351 1593 4405 illicere
1619 4351 2008 4408 contendebat.

2087 1886 2178 1948 τός
2198 1901 2211 1914 ο
2251 1884 2326 1956 μὴ
2359 1885 2647 1958 θαυμάσῃς
2676 1887 2734 1940 δὲ
2775 1889 2823 1940 εί
2843 1879 2846 1888 ’
2866 1894 3008 1957 πρὸς
3036 1890 3255 1958 ἰσχυρὸν
3283 1891 3474 1959 ἐχθρὸν
3505 1890 3638 1940 ἀντι-

2089 1978 2478 2046 καθιστάμενοι
2512 1979 2831 2049 χρησόμεθα
2888 1981 2981 2033 καὶ
3035 1979 3245 2054 ψεύδει,
3290 1981 3382 2050 Τῷ
3409 1979 3510 2049 γὰρ
3540 1982 3641 2032 ἑπι-

2088 2069 2363 2140 χειροῦντι
2413 2069 2504 2123 τδν
2547 2073 2810 2142 πολέμιον
2862 2074 3172 2140 καθαιρεῖν,
3221 2074 3284 2126 ού
3341 2071 3494 2125 τοῦτο
3548 2070 3640 2141 χρὴ

2094 2165 2317 2215 σκοπεῖν
2339 2165 2386 2216 εί
2420 2163 2604 2232 ψεύδει
2632 2165 2898 2235 χρήσαιτο
2928 2165 2959 2234 ἢ
2987 2164 3242 2234 ἀληθείᾳ,
3269 2163 3410 2216 ἀλλὰ
3437 2161 3640 2231 πρδς,ἑν

2087 2254 2423 2308 ἀποϐλέπειν
2482 2256 2664 2324 μόνον,
2710 2257 2768 2307 τὸ
2823 2254 2921 2307 τοῦ
2982 2256 3356 2325 πολεμοῦντος
3409 2255 3640 2322 γενέσθαι

2094 2347 2348 2416 κρείττω,
2393 2346 2462 2398 τὰ
2491 2347 2534 2399 δ’
2568 2346 2703 2400 ἄλλα
2739 2347 2918 2400 πάντα
2951 2348 3164 2418 χαίρειν
3207 2349 3329 2417 ὲᾷν.
3363 2345 3641 2414 Τοιγαροῦν

2095 2439 2190 2491 καὶ
2232 2438 2296 2492 σὺ
2329 2437 2567 2506 βασιλίδι
2613 2437 2951 2507 προσελθὼν,
2983 2437 3279 2508 ἀξιόχρεως
3315 2438 3362 2490 δ’
3391 2438 3486 2507 ἔσῃ
3522 2436 3643 2505 πρὸς

2099 2530 2271 2583 πειθὼ
2319 2531 2382 2582 ἐκ
2415 2548 2472 2583 τε
2503 2533 2600 2600 τῆς
2637 2533 2909 2602 προτέρας
2931 2527 3000 2602 ἦς
3029 2531 3276 2597 ἐνεδείξω
3332 2532 3464 2600 πρδς
3495 2529 3644 2597 abripi

2098 2622 2314 2684 εὐνοίας
2353 2623 2448 2674 καὶ
2490 2621 2728 2691 σπουδῆς
2759 2621 2898 2691 μετὰ
2940 2621 3038 2690 τὴν
3065 2622 3336 2690 βασιλέως
3366 2621 3641 2688 τελευτήνο

2100 2715 2194 2767 καὶ
2226 2713 2320 2766 τοῦ
2344 2712 2438 2766 νῦν
2469 2715 2612 2784 ὑπὲρ
2635 2714 2806 2782 αὐτῆς
2841 2713 3022 2768 δοκεῖν
3067 2713 3422 2777 σπουδάζειν,
3453 2711 3645 2765 ἐκείνου

2101 2808 2501 2879 κατηγόρησον,
2531 2806 2607 2870 ὡς
2622 2809 2722 2878 οὐχ
2738 2805 3206 2874 ὑποπτευομένου.
3233 2805 3360 2859 ἀλλ’
3389 2805 3486 2874 ἤδη
3503 2818 3647 2872 φανεν

2105 2898 2212 2969 ρῶς
2247 2898 2344 2968 τὴν
2375 2897 2654 2968 βασιλείαν
2701 2897 2839 2952 ἰδίαν
2885 2897 3237 2966 ποιουμένου,
3295 2897 3399 2955 καὶ
3431 2897 3546 2948 ὅσον
3569 2892 3650 2946 oti-

2101 2990 2251 3044 δὲπω
2305 2989 2594 3056 μέλλοντος
2622 2987 2794 3057 αὐτὴν
2819 2985 2914 3046 καὶ
2943 2987 3111 3042 τέκνα
3144 2987 3530 3039 ἀποκτείνειν.
3564 2984 3650 3036 “Av

2102 3082 2147 3135 δ’
2175 3080 2450 3146 ἀπόδειξιν
2491 3080 2602 3133 τῶν
2663 3078 2976 3148 λεγομένων
3044 3078 3278 3147 ἀπαιτῇ,
3323 3078 3400 3147 μὴ
3449 3073 3650 3127 τοιαῦτα

2104 3173 2292 3234 πεῖσον
2330 3171 2840 3240 πολυπραγμονεῖν·
2873 3166 3100 3237 φθάσειν
3130 3169 3240 3238 γὰρ
3273 3167 3650 3237 τελευτήσασαν

2102 3268 2233 3337 πρὶν
2271 3266 2352 3327 εἰς
2385 3265 2510 3326 τοὺς
2535 3263 2790 3332 ἐλέγχους
2817 3261 2998 3332 ἣκειν,
3033 3260 3081 3313 εί
3112 3259 3188 3329 μὴ
3207 3260 3425 3313 ἐκείνου
3450 3256 3651 3340 διαστᾶ-

2105 3377 2194 3425 σα,
2231 3358 2431 3428 ἑαυτὴν
2459 3356 2718 3419 διασὼζοι
2748 3355 2844 3408 καὶ
2888 3353 3075 3418 τέκνα,
3119 3354 3184 3405 ἐκ
3213 3351 3428 3407 τούτων
3449 3350 3501 3402 δὲ
3530 3345 3654 3409 ὲκεί-

2104 3468 2202 3520 νην
2242 3449 2434 3520 ὥσπερ
2479 3449 2662 3518 οῐομαι
2711 3446 2817 3499 ὑπὸ
2872 3445 3029 3509 δέους
3085 3443 3549 3512 καταπλαγεῖσαν,
3577 3439 3655 3491 τὸν

2105 3537 2247 3607 πρδς
2279 3538 2492 3589 ἐκεῖνον
2519 3536 2654 3604 ἡμῖν
2706 3534 2948 3603 πόλεμον
2998 3531 3343 3603 ἐπιτρέψειν.
3369 3531 3565 3586 Τούτου
3606 3525 3655 3580 δι

2105 3625 2566 3696 κατορθωθέντος,
2598 3623 2754 3679 οὐδὲν
2800 3623 2931 3683 ἄλλο
2984 3623 3228 3677 λείπεται
3268 3625 3304 3694 ἢ
3339 3624 3539 3676 ἐκεῖνον
3571 3618 3656 3689 μὲν

2105 3718 2406 3776 ἀπολέσθαι
2439 3717 2609 3770 κακὸν
2654 3716 2865 3782 κακῶς,
2902 3715 2963 3772 σὲ
2995 3715 3052 3768 δὲ
3101 3714 3240 3786 πρὸς
3272 3715 3353 3786 τῷ
3386 3714 3475 3774 τὸν
3503 3713 3655 3781 ἐπηρ-

2107 3810 2341 3881 τημένον
2400 3809 2646 3863 κίνδυνον
2700 3809 3012 3878 διαφυγεῖν,
3073 3809 3168 3860 καὶ
3232 3808 3306 3861 τὰ
3390 3804 3658 3882 Ῥωμαίων

2107 3905 2410 3972 πράγματα
2438 3901 2661 3954 διοικεῖν
2688 3889 2916 3954 πάντων
2942 3899 3181 3969 μάλιστα
3207 3897 3506 3962 ἀξιώτατον
3523 3894 3656 3946 ὄντα.

2108 3993 2200 4045 Διὸ
2235 3990 2331 4046 σοῦ
2365 3990 2556 4059 δέομαι
2589 3988 2882 4058 πεισθῆναι
2928 3987 3355 4058 συμϐουλεύοντι
3410 3986 3548 4054 ipsi,
3577 3979 3678 4038 καῖ

2115 4083 2191 4152 μὴ
2233 4081 2367 4152 πρὸς
2397 4079 2497 4149 τὴν
2537 4079 2737 4150 πρᾶξιν
2781 4077 3131 4142 ἀναδύεσθαι,
3164 4077 3360 4148 ῥᾳδίαν
3397 4076 3554 4130 οὖσαν
3595 4072 3660 4135 ὡς

2112 4174 2226 4242 ἐγὼ
2257 4172 2614 4243 συμϐουλεύω
2665 4171 3202 4240 κατασκευασθῆναι.
3247 4169 3312 4224 Et
3367 4166 3660 4232 δ’ἀποκνή-

2113 4282 2232 4328 est;
2269 4263 2410 4336 πρὸς
2464 4263 2555 4330 τὸν
2597 4262 2864 4326 κίνδυνον,
2901 4259 3014 4328 ἐγὼ
3072 4261 3170 4329 μὲν
3231 4260 3496 4330 δυσχερὲς
3523 4255 3659 4308 οὐδὲν

2113 4359 2246 4427 ἐρῶ,
2281 4361 2339 4412 σὲ
2369 4358 2426 4410 δὲ
2457 4357 2555 4418 τὰς
2587 4354 2947 4425 ὲκδεξομένας
2966 4353 3136 4423 τύχας
3166 4353 3292 4423 ἤδη,
3324 4347 3661 4421 στοχάζεσθαι

445 4437 524 4506 Ac
558 4440 796 4509 primum
828 4442 1049 4511 quidem
1099 4442 1481 4496 Andronicum
1535 4444 1769 4498 Asanem
1829 4442 2000 4511 magni

2119 4451 2415 4522 προσῆκον.
2453 4447 2674 4510 Τούτοις
2710 4448 2808 4516 μὲν
2832 4441 2928 4498 οὖν
2959 4446 3051 4498 τὸν
3083 4444 3438 4515 πατριάρχην
3468 4443 3662 4494 ἔπεισεν

447 4530 736 4592 domestici
780 4549 1054 4598 socerum,
1079 4537 1418 4605 argumentis
1451 4574 1468 4598 ,
1501 4534 1705 4604 quibus
1735 4549 1863 4588 eum
1915 4549 2000 4604 po-

2120 4541 2269 4611 αὑτῷ
2325 4556 2384 4592 τε
2441 4538 2751 4608 προσέχειν,
2783 4538 2876 4590 καὶ
2916 4537 3154 4606 πόλεμον
3205 4535 3347 4606 πρὸς
3377 4535 3469 4588 τὸν
3507 4535 3661 4604 μέγιν

449 4625 721 4697 tissimum
743 4635 1176 4694 expugnaturum
1194 4626 1519 4693 confidebat,
1550 4626 1884 4695 aggreditur.
1920 4626 2000 4681 llit

2117 4630 2436 4698 δομέστικον
2467 4627 2660 4679 κινεῖν.
2698 4624 2911 4677 Ἔπειθ’
2941 4624 3174 4676 ἕκαστον
3206 4624 3316 4674 τῶν
3349 4623 3519 4676 ἄλλων
3551 4619 3664 4692 δόξῃ

451 4732 688 4790 partique
714 4718 921 4771 Asanes
948 4717 1014 4770 ad
1067 4732 1329 4788 generum
1389 4719 1549 4787 paqu
1583 4727 1709 4772 ante
1769 4728 1993 4773 venerat

2117 4720 2488 4790 διαφερόντων
2515 4718 2549 4787 ἢ
2571 4717 2720 4785 γένει
2745 4715 2858 4772 τῶν
2878 4714 3089 4768 πολλῶν
3115 4712 3346 4782 περιϊὼν
3374 4711 3665 4782 ἐμηχανᾶτο

448 4817 506 4876 et
533 4819 595 4864 ut
624 4809 709 4864 sui
739 4809 1112 4874 misereretur,
1145 4813 1549 4873 obsecraverint,
1591 4814 1757 4864 vitam
1790 4812 2000 4865 minimc

2121 4807 2330 4862 πείθειν
2345 4805 2517 4876 ψεύδη
2549 4802 2814 4874 συνείρων
2845 4804 2935 4857 καὶ
2965 4801 3352 4870 συκοφαντίας.
3372 4801 3477 4854 Καὶ
3495 4799 3666 4870 πρῶτα

447 4904 670 4972 vitalem
711 4904 945 4958 viventis
973 4904 1043 4958 ob
1071 4905 1338 4960 Joannem
1405 4911 1461 4956 et
1511 4901 1818 4958 hlanuelom
1855 4904 2017 4969 ﬁlios,

450 5012 654 5067 annum
679 4997 792 5068 jam
821 5005 1032 5050 sextum
1065 4998 1132 5049 ab
1159 4997 1488 5063 imperatore
1557 4995 1844 5075 teterrimo
1920 4993 2022 5049 ob-

451 5089 910 5159 scurrissimoque
946 5104 1166 5142 carcere
1191 5129 1204 5150 ,
1243 5102 1348 5140 non
1382 5101 1542 5140 secus
1565 5099 1730 5156 atque
1763 5087 1906 5156 apud
1941 5087 2024 5142 in-

453 5183 601 5254 [eros
631 5183 900 5236 detentos.
931 5181 996 5236 Et
1046 5196 1169 5234 cum
1207 5180 1262 5232 in
1300 5177 1654 5232 Occidentem
1713 5178 2026 5246 proﬁcisce-

455 5285 646 5365 rctur’
673 5275 930 5345 quoniam
965 5275 1130 5327 Beras
1164 5270 1475 5326 necessario
1502 5270 1832 5324 transiturus
1857 5282 2023 5333 esset,

456 5369 547 5419 ubi
575 5361 636 5420 in
662 5368 914 5421 custodia
951 5365 1313 5425 habebantur,
1343 5363 1604 5419 liberatos
1623 5376 1808 5415 secum
1841 5362 1892 5414 in
1925 5361 2028 5414 mi-

459 5457 630 5510 litiam
670 5460 1015 5526 perduceret,
1051 5470 1355 5524 eorumque
1387 5468 1552 5523 opera
1595 5461 1868 5516 uteretur,
1934 5452 2027 5520 qui

460 5546 530 5606 de
563 5551 777 5617 agmine
819 5549 1008 5618 iprius,
1061 5546 1203 5617 quod
1257 5545 1324 5600 ad
1372 5560 1589 5599 mantnn
1633 5544 2029 5599 censerendam

469 5637 838 5706 laboremque
879 5641 1166 5693 militarem
1249 5639 1465 5700 attinet,
1517 5635 1722 5690 nemini
1761 5633 2031 5689 concede-

2125 4902 2226 4970 μὲν
2259 4899 2396 4968 πρὸς
2428 4897 2520 4951 τὸν
2564 4897 2797 4966 ’Δσάνην
2838 4895 3175 4968 Ἀνδρόνικον
3202 4892 3374 4947 ἐλθὼν
3403 4893 3461 4956 ὃς
3490 4889 3555 4964 ἦν
3579 4906 3667 4959 μευ

2122 4990 2274 5058 γὰλῳ
2308 4988 2614 5058 δομεστίκῳ
2659 4986 2949 5055 κηδεστὴς,
2997 4984 3055 5049 ἐξ
3086 4979 3162 5038 ὧν
3197 4987 3430 5056 μάλιστα
3476 4983 3670 5036 πείσειν

2124 5083 2264 5162 ᾤετο
2317 5079 2620 5149 ἐπεχείρει.
2651 5071 2818 5140 Οὗτος
2845 5080 2953 5146 γὰρ
3009 5077 3075 5147 δὴ
3103 5080 3130 5130 ὁ
3170 5079 3402 5144 Ἀσάνης
3432 5074 3562 5145 πρὸς
3589 5070 3670 5123 τὸν

2128 5173 2376 5244 γαμϐρὸν
2405 5171 2571 5239 ὀλίγῳ
2601 5172 2867 5242 πρότερον
2902 5169 3094 5233 ἐλθὼν,
3128 5171 3300 5222 ἐδεῖτο
3321 5170 3398 5239 μὴ
3431 5163 3670 5235 περιορᾷν

2129 5267 2313 5329 αὐτὸν,
2347 5265 2581 5318 ἀϐίωτον
2635 5264 2885 5331 οἰόμενον
2915 5264 3005 5317 τὸν
3037 5263 3169 5331 βίον,
3201 5263 3288 5315 διὰ
3315 5264 3374 5315 τὸ
3407 5260 3529 5319 τοὺς
3555 5254 3667 5308 παῖ·-

2128 5357 2226 5419 δας
2268 5356 2520 5424 Ἰωάννην
2568 5354 2664 5406 καὶ
2720 5353 2976 5424 Μανουὴλ
3021 5354 3108 5404 ἐπ’
3140 5354 3314 5404 ἔτεσιν
3345 5350 3401 5416 ἓξ
3433 5349 3528 5418 ἤδη
3580 5341 3671 5395 ὑπὸ

2135 5445 2400 5516 βασιλέως
2454 5447 2513 5496 ἐν
2565 5445 2928 5516 δεσμωτηρίῳ
2977 5429 3352 5514 εἰργομένους,
3410 5437 3668 5493 δεινότατα

2135 5540 2383 5607 πάσχειν,
2415 5537 2511 5590 καὶ
2558 5537 2710 5589 οὐδὲν
2754 5537 2965 5606 ἀμείνω
2995 5537 3104 5588 τῶν
3135 5538 3192 5588 ὲν
3223 5536 3346 5606 ᾅδου
3372 5531 3668 5597 διαγόντωνο

2148 5628 2290 5682 Ἀλλ’
2322 5631 2554 5682 ἀπιόντα
2606 5629 2740 5698 πρὸς
2765 5630 2886 5720 ’τὴν
2921 5629 3182 5696 ἑσπέραν,
3207 5629 3329 5680 ἐπεὶ
3380 5625 3465 5676 διὰ
3511 5619 3668 5720 Bap-ﬂ
3697 5677 3719 5696 κ

469 5740 610 5784 rent.
645 5730 867 5796 Magnus
930 5725 1260 5783 domesticus
1310 5745 1417 5782 non
1481 5727 1583 5781 sibi
1643 5727 1861 5794 probari
1931 5726 2000 5778 ho

2136 5725 2347 5791 ἀνέγκη
2381 5722 2574 5774 διῖἑναι
2609 5721 2735 5773 ἔνθα
2767 5719 3164 5781 πατεκλείοντο,
3203 5723 3296 5772 τοῦ
3325 5719 3668 5784 δεσμωτηρίου

475 5823 763 5877 considunt
797 5820 1113 5888 respondit:
1166 5835 1271 5875 non
1315 5820 1602 5873 cnimcsse
1666 5827 1821 5871 terra:
1873 5817 2030 5870 ﬁlim,

440 6067 470 6079 ιι..

2141 5815 2455 5884 ἐξαγαγεῖν,
2491 5814 2749 5884 καῖ-πρὸς
2781 5814 2877 5883 τὴν
2913 5813 3198 5890 στρατείαν
3239 5810 3464 5883 χρῆσθαι
3493 5807 3667 5882 ἄγοντα
