3998 6198
478 278 588 342 808
1002 337 1006 340 .
1636 269 1958 333 JOANNIS
1996 265 2520 328 CANTACUZENI
2746 291 2754 304 κ
3563 275 3649 341 θοι

475 373 694 460 tempus
769 387 914 443 adsit
941 381 1494 458 opportunissimum,
1530 401 1588 443 se
1639 386 1918 439 hortatum
1957 397 2041 436 ac-

2151 381 2292 450 ὁρῶν
2321 381 2413 432 τὸν
2446 381 2878 452 ἐπιτηδειότατον
2904 378 3112 453 ἥκοντα
3143 383 3328 452 καιρὸν
3354 383 3444 450 τῆς
3469 383 3652 441 ἐκείνων

474 483 727 546 cessisse,
750 495 820 535 ne
846 481 899 535 id
928 479 995 562 de
1024 479 1280 535 manibus
1318 479 1458 535 elabi
1504 479 1668 534 sinat.
1721 475 1960 530 Tametsi
2011 490 2043 529 e

475 567 723 644 Selybria
772 569 1013 636 rediens,
1049 570 1249 640 inquit,
1287 569 1470 624 audivi
1526 579 1578 624 te
1625 567 1805 638 magni
1852 566 2044 621 dome—

473 665 599 718 stici
635 677 898 733 generum
930 661 1118 717 multis
1159 663 1328 717 etiam
1371 661 1626 730 precibus
1658 674 1770 713 non
1801 657 2038 713 ﬂexisse.

365 765 368 768 '
473 756 577 821 Qui
610 755 703 810 ubi
754 763 806 810 te
867 754 1018 809 inani
1070 770 1164 824 spe
1224 753 1441 808 iactavit
1481 767 1546 807 ac
1599 753 1819 813 delusit,
1870 750 2040 814 abiit,

474 848 629 916 quasi
669 862 792 902 cum
823 861 888 899 ex
913 844 1208 901 Occidente
1234 843 1529 904 revenerit,
1562 857 1658 897 eos
1687 843 2040 900 dimissurus.

433 920 451 926 ί
477 937 627 991 lianc
656 951 786 990 vero
845 935 890 988 si
950 949 1058 988 non
1108 933 1566 988 animadverteris
1596 947 1714 986 esse
1747 932 2038 994 fallaciam,

470 1027 605 1080 'satis
631 1024 816 1078 mirari
851 1038 961 1076 non
1015 1037 1260 1091 possum.
1298 1022 1484 1091 Neque
1518 1023 1664 1076 enim
1701 1023 2036 1090 imperatore

469 1117 648 1171 adhuc
677 1119 916 1184 spirante
947 1115 1131 1169 uxoris
1161 1130 1273 1168 sua!
1301 1115 1498 1168 fratres
1527 1113 1813 1168 absolvere
1851 1113 2038 1166 vincu-

467 1209 536 1261 lis
565 1221 671 1260 non
705 1214 941 1276 poterat,
969 1205 1027 1266 si,
1055 1205 1219 1260 modo
1247 1206 1480 1276 justitize
1539 1219 1601 1259 ac
1640 1219 1884 1273 personae
1929 1220 2040 1260 suae

469 1295 733 1350 rationem
765 1295 968 1348 ducere
1001 1293 1267 1347 voluisset
1294 1332 1308 1356 ,
1335 1307 1458 1344 cum
1490 1299 1756 1360 potestate
1804 1291 2040 1358 impera-

471 1385 609 1437 toria
643 1383 904 1452 polleret;
935 1381 1098 1435 hodie
1126 1394 1255 1434 vero
1313 1379 1388 1448 (id
1449 1378 1592 1446 quod
1644 1393 1746 1433 nec
1784 1387 1836 1433 te
1888 1379 2038 1436 latet)

472 1491 579 1528 non
611 1474 738 1527 talia
771 1474 970 1535 solum,
1003 1475 1099 1526 sed
1140 1471 1316 1524 multo
1351 1486 1572 1539 quoque
1605 1470 1808 1541 majora
1839 1478 2040 1539 potest,

470 1564 690 1633 quando
750 1565 887 1633 gesti
946 1561 1163 1630 imperii
1224 1551 1644 1618 rationem‘nfn
1704 1558 2036 1630 reposcitur,

467 1665 525 1710 et
555 1656 721 1709 habet
745 1670 866 1724 quae
891 1653 1008 1708 vult
1059 1653 1334 1708 statuendi
1382 1653 1770 1708 auctoritatem
1817 1652 2034 1721 plenam

471 1756 637 1816 atque
671 1746 926 1800 liberam.
957 1743 1102 1810 Quin
1138 1745 1229 1798 ille
1254 1752 1364 1797 tum
1400 1756 1619 1813 quoque
1647 1745 2036 1812 imperatorem
2075 1729 2112 1782 Β

471 1829 713 1912 impulit,
749 1845 810 1892 ut
838 1837 893 1891 in
922 1835 1139 1890 vincula
1164 1834 1532 1901 traderentur,
1561 1851 1682 1890 cum
1705 1841 1896 1890 eorum
1930 1825 2041 1889 vir-

470 1929 575 1983 tuti
605 1926 1022 1998 prudentiaeque
1071 1925 1364 1991 invideret,
1393 1940 1456 1981 ac
1482 1940 1552 1980 ne
1581 1925 1834 1997 claritate
1865 1925 2043 1979 nomi-

471 2019 559 2074 nis
617 2017 686 2072 ab
731 2017 818 2073 his
876 2025 1252 2087 superaretur,
1301 2023 1594 2071 metueret.
1651 2015 1808 2071 Nune
1870 2015 2042 2070 nihilo

471 2108 654 2163 minus
699 2106 877 2178 quoad
904 2108 1166 2172 vixerint,
1197 2107 1250 2161 in
1300 2107 1556 2163 custodia
1589 2122 1684 2162 eos
1729 2107 2042 2177 relinquere

468 2196 738 2270 decrevit.
773 2195 896 2251 llaec
936 2211 1046 2251 non
1097 2213 1163 2251 ex
1217 2194 1562 2266 conjectura.
1613 2195 1708 2250 sed
1770 2211 1838 2250 ex
1892 2204 2042 2250 certa

469 2287 697 2342 scientia
730 2303 759 2341 a
787 2303 871 2342 me
901 2287 1182 2342 dicuntur.
1208 2283 1360 2342 Nosti
1379 2301 1613 2357 namque
1639 2300 1746 2357 quo
1767 2288 1886 2341 loco
1899 2287 2043 2356 apud

475 2374 630 2434 illum
683 2378 904 2444 fuerim,
953 2380 1227 2449 quomodo
1261 2379 1392 2432 item
1418 2395 1611 2434 arcana
1637 2394 1735 2435 sua
1763 2379 1896 2434 mihi
1925 2394 2044 2434 cre-

471 2462 601 2525 dure
629 2464 825 2526 solitus
863 2471 977 2538 sit;
1026 2486 1189 2541 quem
1221 2454 1485 2526 honorem
1523 2470 1635 2541 jam
1661 2472 1829 2526 vestri
1856 2471 2042 2526 studio

467 2562 799 2630 contempsi.
853 2561 1111 2616 Omnium
1168 2560 1288 2632 ejus
1337 2572 1677 2616 secretorum
1728 2561 1784 2615 in
1851 2559 2044 2630 primis

471 2653 730 2708 conscius
759 2668 902 2709 sum.
963 2653 1142 2720 Quare
1191 2670 1297 2707 non
1335 2651 1470 2708 mihi
1520 2652 1842 2723 deneganda
1880 2652 2039 2716 fides,

469 2743 566 2797 sed
599 2759 725 2798 mox
756 2743 887 2798 dum
941 2753 1156 2814 tempus
1192 2744 1347 2808 sinit,
1407 2742 1740 2799 conferenda
1793 2743 2040 2807 consilia,

472 2849 580 2886 non
623 2842 835 2897 tantum
862 2835 1139 2900 quomodo
1186 2830 1282 2888 filii
1336 2849 1584 2889 aerumna
1617 2835 1893 2901 leventur,
1945 2835 2038 2890 sed

471 2921 656 2988 etiam,
693 2925 968 2992 quomodo
996 2923 1286 2994 imperium
1325 2925 1423 2981 tibi
1460 2939 1575 2996 pra:
1614 2927 1872 2984 omnibus
1926 2943 2040 2982 ma-

2147 472 2211 523 ὲκ
2260 473 2368 524 τῶν
2401 473 2615 543 δεσμῶν
2673 473 3013 544 ἐλευθερίας,
3089 474 3165 546 μὴ
3209 477 3474 546 προΐεσθαι
3524 479 3653 549 ἥκειν

2146 565 2570 635 παραινέσοντα.
2639 566 2832 620 Καίτοι
2890 583 2953 633 γε
3009 568 3305 637 ἀκηκοέναι
3355 568 3567 636 ἔφασκεν
3604 575 3655 626 ὲκ

2143 655 2447 725 Σηλυϐρίας
2479 658 2650 728 ἥκων,
2677 658 2755 719 ὡς
2787 658 2958 741 πολλὰ
2991 659 3226 726 μεγάλου
3260 660 3555 730 δομεστίκου
3577 663 3656 716 τοῦ

2130 748 2398 801 νκεδεστοῦ
2433 749 2646 819 δεηθεὶς
2687 751 2826 820 ὑπὲρ
2859 751 3106 814 ἐκείνων,
3149 751 3298 804 οὐδὲν
3328 752 3479 810 πλέον
3502 753 3661 823 ἡδυνήο

2145 838 2266 904 θης,
2307 839 2442 892 ἀλλὰ
2468 843 2653 901 κεναῖς
2689 841 2865 893 ὲλπὶσι
2901 841 3235 909 μετεωρίσας
3261 843 3351 894 καὶ
3384 843 3658 908 φενακίσας,

2146 925 2324 978 ἀπιὼν
2359 926 2557 996 ῲχετοδ
2579 928 2654 990 ὡς
2674 927 2964 981 ἀπολύσων
2991 928 3088 994 τῆς
3117 928 3336 998 εἱρκτῆς
3360 929 3424 999 ἥν
3450 930 3661 1006 ἐπανήξει

2146 1018 2242 1084 τῆς
2306 1019 2574 1088 ἑσπέρας.
2626 1019 2799 1072 Ίόὖτο
2847 1020 2902 1073 δὲ
2949 1021 3002 1071 sf
3035 1012 3092 1072 σὲ
3139 1020 3359 1089 λέληθεν
3387 1020 3454 1082 ὡς
3483 1022 3659 1090 ἀπίτη,

2146 1110 2287 1160 πάνυ
2321 1109 2556 1178 μάλιστα
2609 1111 2909 1178 θαυμάζειν
2939 1110 3068 1177 ἔχω.
3119 1111 3259 1164 Οὔτε
3305 1111 3408 1182 γὰρ
3439 1110 3664 1179 βασιλέως
3747 1169 3758 1175 ι

2143 1199 2350 1262 ζῶντος
2383 1202 2506 1262 τοὺς
2554 1202 2814 1262 γυναικὸς
2871 1201 3134 1268 ἀδελφοὺς
3186 1200 3530 1255 ἀπαλλάττειν
3575 1204 3663 1255 τῶν

2143 1291 2328 1344 κακῶν
2349 1293 2624 1358 ἀδυνάτως
2653 1288 2818 1362 εἶχεν,
2850 1275 2980 1360 εἴγε
3005 1294 3190 1347 δίκαια
3215 1294 3465 1363 καὶάύτῷ
3489 1295 3665 1363 προσήι-

2143 1400 2305 1436 κοντα
2331 1385 2514 1454 ᾑρεῖτο
2543 1385 2824 1455 πράττειν,
2842 1384 2942 1438 οὐκ
2970 1385 3182 1438 ἐλάσσω
3201 1386 3488 1454 δυνάμενος
3517 1385 3546 1454 ἢ
3587 1386 3666 1437 ὅσα

2143 1472 2396 1542 βασιλεύς
2424 1487 2443 1503 ⁸
2473 1475 2592 1525 νυνί
2646 1464 2710 1526 τε
2766 1473 2959 1544 ὥσπερ
2999 1473 3114 1527 οὗδ’
3163 1475 3326 1538 αὐτὸς
3367 1475 3670 1543 ἀγνοεῖςςώ

2141 1563 2370 1618 τοιαῦτα
2424 1569 2606 1635 μόνον,
2637 1565 2772 1618 ἀλλὰ
2801 1567 2896 1619 καὶ
2957 1564 3134 1634 μείζω
3176 1565 3360 1635 πολλῷ
3389 1566 3670 1633 καταπράτο

2140 1657 2330 1710 τεσθαι
2350 1656 2555 1711 δύναιτ’
2583 1657 2670 1725 ἂν,
2696 1657 3068 1711 ἀνυπεύθυνον
3098 1656 3238 1728 ἔχων
3263 1658 3360 1727 τὴν
3387 1657 3569 1728 ἀρχὴν,
3592 1657 3669 1709 καὶ

2142 1749 2248 1802 τῶν
2273 1749 2646 1819 *πραγμάτων
2692 1748 3050 1819 αὐτοκράτωρ
3100 1747 3197 1802 ῶν.
3249 1748 3408 1802 Ἀλλά
3455 1750 3541 1802 καὶ
3566 1749 3668 1801 τότε

2144 1839 2421 1904 πείθοντος
2449 1839 2616 1894 αὐτοῦ
2648 1840 2874 1910 βασιλέα
2911 1841 3227 1911 κατείχοντο
3277 1831 3563 1909 δεσμῶται,
3589 1824 3670 1910 τῆς

2142 1949 2202 1985 τε
2225 1933 2445 2002 ἀνδρίας
2471 1933 2864 2003 βασκαίνοντος
2899 1934 2992 1986 καὶ
3035 1933 3142 2002 τῆς
3185 1932 3468 1994 συνέσεως,
3494 1933 3580 1985 καὶ
3610 1933 3672 2003 μὴ

2143 2024 2648 2096 παρευδοκιμηθείη
2680 2027 2813 2094 παρ’
2844 2025 3068 2078 ἐκείνων
3113 2025 3428 2088 δεδοικότος.
3468 2023 3568 2080 Καὶ
3595 2025 3672 2079 νῦν

2141 2115 2294 2168 οὐδὲν
2321 2111 2482 2186 ἦττον
2504 2116 2848 2186 διανενόηται
2882 2117 3012 2185 παρ’
3043 2116 3161 2170 ὅλον
3193 2119 3287 2171 τὸν
3316 2116 3426 2186 βίον
3449 2118 3671 2184 κατέχειν

2142 2209 2200 2262 ὲν
2231 2207 2470 2277 δεσμοῖς.
2506 2207 2678 2262 Τοῦτο
2731 2209 2788 2262 δὲ
2821 2209 2880 2261 ού
2932 2209 3330 2279 στοχαζόμενος
3375 2205 3540 2275 εἷπον,
3575 2209 3672 2262 ἀλλ’

2142 2299 2384 2370 ἀκριϐῶς
2433 2299 2608 2364 εἰδώς.
2660 2296 2832 2354 Οἶσθα
2881 2303 2990 2371 γὰρ
3040 2301 3116 2365 ὡς
3161 2302 3367 2370 πολλῆς
3422 2300 3672 2371 εὐμενείας

2148 2390 2437 2446 ἀπολαύων
2453 2393 2596 2463 ,παρ’
2627 2392 2793 2445 αὐτοῦ
2826 2393 2919 2444 καὶ
2942 2391 3050 2445 τῶν
3082 2393 3410 2462 ἀπορρήτων
3435 2389 3674 2446 κοινωνῶν

2144 2483 2312 2554 αὐτῷ,
2359 2478 2434 2536 ὧν
2463 2484 2549 2537 διὰ
2582 2485 2682 2554 τὴν
2715 2486 2795 2546 είς
2826 2486 2969 2554 ὑμᾶς
3004 2483 3215 2537 εύνοιαν
3250 2485 3674 2553 καταπεφρόνηκε

2144 2572 2288 2636 νυνὶ,
2356 2571 2551 2626 πάντα⁹
2605 2573 2852 2642 ἀκρισῶς
2910 2573 3128 2627 σύνοιδα
3171 2573 3342 2645 αὐτῷ.
3393 2573 3548 2629 Ὅθεν
3582 2570 3674 2626 οὐδ’

2094 2681 2098 2683 ·
2143 2661 2392 2713 ἀπιστεῖν
2411 2663 2531 2730 ἐμοὶ
2556 2663 2753 2730 χρεὼν,
2778 2661 2911 2716 ἀλλὰ
2940 2661 3300 2731 βουλεύεσθαι
3329 2660 3423 2731 τὴν
3447 2661 3675 2728 ταχίστην

2142 2751 2245 2814 ἓως
2287 2754 2402 2804 ἐστι
2435 2753 2648 2821 καιρὸς,
2685 2753 2744 2804 ού
2787 2753 2947 2822 μόνον
2965 2754 3092 2816 τοὺς
3119 2754 3320 2816 παῖδας
3350 2753 3675 2806 ἀπαλλάττειν

2141 2845 2249 2897 τῶν
2292 2845 2498 2909 κακῶν,
2532 2845 2665 2898 ἀλλὰ
2697 2847 2790 2898 καὶ
2827 2845 3038 2914 σεαυτῷ
3073 2845 3167 2914 τὴν
3223 2845 3506 2916 Ῥωμαίων
3528 2842 3675 2912 ἀρχὴν

2146 2940 2227 2991 σοὶ
2274 2939 2510 3007 μάλιστα
2554 2941 2942 3011 προσήκουσαν
2972 2938 3080 2992 τῶν
3125 2934 3352 2992 πάντων
3371 2936 3674 3008 περιποιεῖν.

475 3015 623 3070 xime
662 3024 850 3084 aptum
883 3025 939 3070 et
989 3016 1322 3072 conveniens
1357 3018 1626 3088 acquiras.
1673 3019 1828 3086 Quod
1883 3020 2041 3076 aliter

2143 3030 2314 3083 Τοῦτο
2366 3030 2410 3083 δ’
2439 3030 2630 3100 ἕτερον
2671 3031 2873 3101 τρόπον
2915 3029 3180 3084 ἀδύνατον
3215 3029 3499 3098 γενέσθαι,
3547 3030 3590 3082 εί
3614 3027 3677 3097 μὴ

466 3106 593 3160 ﬁeri
627 3107 942 3175 neuliquam
973 3116 1176 3176 potest,
1211 3122 1375 3178 quam
1406 3108 1451 3163 si
1480 3108 1595 3178 ipse
1622 3110 1776 3179 prius
1807 3104 2039 3182 imperio

2145 3123 2410 3192 πρότερος
2449 3125 2653 3186 ἐκεῖνος
2707 3122 3000 3195 ἐκϐληθείη
3050 3124 3159 3176 τῶν
3219 3123 3556 3193 πραγμάτων
3595 3120 3678 3189 τῆς

472 3197 823 3252 deturbetur.
851 3196 1028 3266 Atque
1050 3198 1154 3254 hoc
1199 3214 1417 3254 rursum
1467 3215 1578 3256 non
1633 3201 1764 3266 erit,
1815 3203 1922 3258 nisi
1982 3213 2039 3258 tu

473 3287 777 3356 Augustam
837 3285 1025 3342 hostili
1082 3288 1234 3344 illius
1283 3289 1410 3345 odio
1448 3290 1664 3348 imbuas
1713 3294 2041 3360 accusando,

470 3384 716 3446 inquam,
747 3377 902 3446 quasi
950 3378 1042 3448 qui
1066 3379 1354 3449 imperium
1376 3397 1568 3451 rapere
1601 3383 1885 3454 ipsamque
1915 3400 2040 3440 cum

470 3463 662 3522 liberis
685 3467 959 3524 trucidare
1006 3469 1371 3526 machinetur.
1402 3472 1700 3528 Tribuetur
1727 3485 1908 3530 autem
1941 3477 2040 3531 tibi

473 3556 608 3613 ﬁdes
653 3559 884 3613 maxima
909 3599 924 3624 ,
959 3568 1076 3614 tum
1115 3561 1249 3631 quia
1286 3577 1443 3618 socer
1471 3566 1655 3635 generi
1689 3567 1923 3636 cogitata
1987 3580 2042 3625 et

476 3663 674 3705 sensus
707 3652 880 3722 probe
914 3647 1083 3717 scias,
1119 3662 1234 3709 tum
1271 3655 1400 3724 quia
1434 3665 1685 3711 naturam
1725 3657 1896 3728 ipsam
1931 3675 2043 3729 przn

470 3740 654 3796 studio
676 3741 730 3796 in
766 3743 934 3810 illam,
959 3754 1022 3800 et
1052 3745 1225 3800 lilium
1261 3747 1650 3817 imperatorem
1699 3750 1852 3819 parvi
1908 3766 2044 3821 pen-

473 3833 604 3890 dere
640 3837 791 3889 visus
817 3835 949 3890 eris.
1006 3835 1248 3892 Tametsi
1314 3838 1519 3893 dixerit
1554 3839 1776 3910 aliquis,
1827 3841 2041 3895 ruinam

473 3929 594 3996 ejus
651 3935 815 3995 atque
865 3925 1167 3996 per'niciem
1229 3928 1375 3984 haud
1428 3945 1620 3999 puram
1672 3941 1729 3986 et
1778 3930 2040 4000 liquidam

477 4018 574 4072 tibi
588 4017 919 4087 voluptatem
943 4018 1320 4086 praebituram,
1341 4015 1448 4075 filia
1469 4034 1556 4075 tua
1582 4021 1906 4077 calamitatis
1923 4024 2044 4094 ejus

472 4108 644 4162 socia.
676 4108 839 4176 Atqui
873 4109 1202 4178 permultum
1236 4108 1461 4166 differre
1491 4111 1606 4166 haec
1631 4113 1740 4182 duo
1762 4153 1776 4176 ,
1809 4129 1874 4167 ex
1899 4129 2046 4170 com-

473 4199 754 4268 paratione
770 4199 1078 4269 perspicere
1095 4199 1242 4254 licet.
1260 4200 1422 4272 407
1435 4202 1550 4257 Non
1573 4205 1721 4257 enim
1743 4204 1921 4260 simile
1936 4216 2039 4275 est,

477 4291 711 4345 tiliorum
750 4300 967 4345 tuorum
1026 4291 1163 4346 alios
1212 4293 1368 4362 quasi
1387 4294 1577 4368 “vivos
1604 4296 1846 4365 sepultos
1882 4313 2038 4364 esse,

2145 3212 2345 3282 ἀρχῆς.
2420 3211 2628 3264 Ἐκεῖνο
2683 3209 2739 3263 δὲ
2803 3211 2968 3263 πάλιν
3035 3211 3246 3280 ἑτέρως
3306 3211 3405 3263 οὐκ
3454 3209 3676 3278 ἐγχωρεῖ.

2145 3307 2193 3359 εί
2253 3303 2327 3374 μὴ
2381 3303 2543 3366 αὐτὸς
2583 3301 2994 3372 ἐκπολεμώσειε
3059 3301 3260 3373 ἐκείνῳ
3319 3301 3578 3372 βασιλίδα,
3617 3298 3679 3360 ὥς

2143 3396 2413 3466 ἁρπάζειν
2458 3394 2557 3465 τὴν
2598 3394 2848 3463 βασιλίδα
2878 3393 3262 3464 διανοουμένου
3297 3387 3576 3455 κατειπὼν,
3601 3387 3682 3443 καὶ

2141 3484 2311 3555 αὐτὴν
2357 3487 2453 3539 καὶ
2494 3485 2691 3547 παῖδας
2737 3482 3097 3553 διαφθείρειν.
3169 3483 3496 3550 ’Δξιὼτατος
3539 3481 3583 3534 δ’
3627 3480 3682 3532 δν

2143 3577 2262 3644 εἴης
2325 3561 2684 3629 πιστεύεσθαι
2747 3575 2880 3647 παρ’
2932 3575 3105 3646 αὐτῇ,
3173 3576 3242 3629 οὔ
3305 3577 3464 3646 μόνον
3515 3572 3585 3637 ὡς
3626 3571 3684 3624 τὰ

2146 3667 2549 3736 βεϐουλευμένα
2595 3665 2674 3736 τῷ
2717 3666 2956 3738 γαμϐρῷ
3007 3665 3197 3736 σαφῶς
3261 3665 3434 3732 είδὼς,
3481 3664 3590 3718 ἀλλ’
3618 3661 3683 3723 ὥς

2148 3761 2244 3814 καὶ
2297 3759 2515 3826 φύσεως
2551 3759 2723 3827 αὐτῆς
2776 3759 2915 3827 ὑπὲρ
2950 3758 3051 3826 τῆς
3095 3760 3179 3820 είς
3233 3759 3452 3826 ἐκείνην
3496 3754 3682 3816 εὐνοίας

2143 3852 2237 3901 καὶ
2267 3850 2356 3902 τὸν
2385 3849 2552 3902 παῖδα
2583 3847 2810 3917 βασιλέα
2844 3847 3017 3902 δοκῶν
3053 3851 3456 3920 καταφρονεῖν.
3505 3847 3682 3901 Καίτοι

2142 3957 2207 4006 γε
2257 3940 2394 4007 φαίη
2451 3957 2534 4002 τις
2584 3939 2651 3992 ἂν
2699 3939 2821 4016 οὐδὲ
2866 3939 2967 4008 τὴν
3013 3939 3230 3992 εκείνου
3265 3939 3554 3993 κατάλυσιν
3599 3935 3681 3991 καὶ

2144 4031 2348 4101 φθορὰν
2371 4031 2555 4084 ἀδολόν
2581 4048 2664 4084 σοι
2690 4015 2786 4084 καὶ
2814 4031 3068 4102 καθαρὰν
3089 4033 3190 4103 τὴν
3206 4033 3402 4104 ἡδονὴν
3419 4033 3679 4102 παρέχειν.

2141 4118 2228 4175 οἷα
2257 4122 2321 4190 δὴ
2355 4123 2453 4192 τῆς
2503 4120 2772 4192 θυγατρὸς
2809 4121 3004 4192 ἐκείνῳ
3051 4124 3485 4194 συνατυχούσης.
3533 4120 3681 4174 Τοῦτο

2142 4213 2187 4265 δ’
2219 4215 2349 4282 ὅσην
2381 4214 2493 4284 ἔχει
2523 4213 2806 4283 διαφορὰν,
2837 4211 3016 4277 ἔξεστι
3057 4214 3401 4284 παράλληλα,
3422 4212 3680 4282 τιθέμενον

2143 4304 2212 4356 τὰ
2261 4302 2558 4374 πράγματα
2621 4304 2869 4356 σκοπεῖν.
2920 4302 2996 4354 Ού
3044 4301 3153 4373 γὰρ
3193 4305 3406 4374 ὅμοιον,
3437 4303 3556 4364 τοὺς
3595 4299 3682 4370 μὶν

477 4383 614 4437 alios
655 4382 878 4452 indigne
902 4384 1131 4438 miseros
1169 4398 1294 4439 esse
1324 4423 1337 4449 ,
1378 4384 1656 4455 vitamque
1691 4384 2034 4456 illiberalem,

2142 4394 2249 4446 τῶν
2280 4395 2484 4447 παίδων
2515 4393 2705 4462 ὥσπερ
2763 4393 3178 4465 κατορωρύχθαι
3232 4395 3465 4459 ζῶντας,
3497 4395 3611 4455 τοὺς
3633 4389 3680 4443 δὶ

476 4482 532 4526 et
554 4474 771 4542 inopem
819 4476 1026 4539 vivere,
1087 4474 1217 4530 item
1269 4491 1442 4548 genus
1473 4476 1655 4532 abillo
1688 4487 1862 4533 totum
1890 4482 2039 4536 velut

475 4573 692 4612 servum
720 4559 1070 4629 prolibidine
1100 4565 1306 4618 versari
1349 4567 1708 4634 tractarique,
1764 4581 1827 4622 ac
1860 4577 1912 4623 te
1966 4570 2043 4640 ob

474 4649 1008 4706 commiserationem
1047 4669 1173 4721 erga
1216 4669 1408 4709 omnes
1452 4646 1626 4710 nihilo
1679 4657 1787 4713 illis
1844 4660 2042 4716 melius

478 4738 706 4804 habere,
736 4749 792 4794 et
818 4755 926 4794 una
955 4739 1064 4796 ﬁlia
1095 4741 1447 4808 inlortunata,
1481 4758 1668 4802 carere
1700 4743 1856 4803 malis
1917 4750 2039 4807 istis

473 4829 762 4885 omnibus:
803 4840 964 4900 teque
991 4847 1100 4886 non
1131 4848 1305 4902 genus
1331 4844 1543 4888 tantum
1574 4840 1637 4891 et
1679 4839 2036 4911 propinquos,

473 4923 568 4978 sed
599 4924 732 4978 alios
762 4933 1030 4994 praeterea
1057 4925 1287 4991 amicos,
1319 4936 1433 4982 toto
1459 4925 1828 4986 Romanorum
1867 4933 2039 5006 impc-

477 5015 558 5070 rio
585 5015 708 5072 inde
735 5016 801 5071 ad
830 5025 880 5070 te
918 5017 1180 5072 translato
1229 5018 1504 5074 illustrare
1547 5029 1605 5074 et
1637 5018 1872 5093 inclytos
1917 5027 2040 5081 red-

473 5103 603 5158 dere
637 5121 815 5175 posse.
841 5105 980 5173 Quis
1017 5109 1165 5162 enim
1222 5109 1317 5162 illo
1347 5117 1440 5162 aut
1507 5110 1563 5163 in
1619 5115 1809 5180 pmlio
1867 5131 2036 5187 oppe-

473 5204 644 5259 tente,
675 5206 772 5251 aut
797 5198 1031 5268 imperio
1056 5199 1288 5270 deiecto,
1315 5199 1510 5263 iustius
1528 5210 1581 5255 te
1610 5201 1742 5258 illud
1770 5217 2040 5276 capessat,

473 5291 567 5359 qui
599 5305 706 5345 non
747 5290 1070 5346 fortitudine
1123 5291 1390 5347 duntaxat
1441 5301 1496 5348 et
1544 5293 1758 5349 artibus
1807 5295 2038 5366 bellicis,

470 5381 564 5435 sed
600 5391 656 5436 et
687 5383 977 5452 splendore
1017 5382 1259 5452 familiai,
1284 5385 1605 5455 etingenio,
1644 5395 1701 5440 et
1729 5387 1852 5442 aliis
1875 5403 2040 5445 orna.

473 5473 672 5527 mentis
706 5474 986 5530 Romanos
1024 5491 1218 5531 omnes
1247 5475 1408 5546 longe
1442 5517 1455 5542 ,
1512 5476 1853 5548 multumque
1884 5491 2040 5536 aute-

469 5563 671 5617 cellis?
706 5563 1028 5635 Ergo-vero
1072 5567 1140 5621 ad
1204 5568 1386 5623 omnia
1457 5567 1666 5623 socium
1725 5586 1812 5626 me
1859 5571 2037 5629 libens

470 5653 668 5707 merito
701 5656 893 5722 offero,
929 5669 983 5712 et
1015 5659 1186 5715 instar
1217 5659 1477 5725 ministri,
1504 5659 1673 5728 jussis
1699 5663 1805 5718 tuis
1833 5663 2035 5734 ubique

2140 4482 2270 4549 παρ’
2305 4480 2464 4544 ἀξίαν
2497 4480 2767 4551 πράττειν
2796 4479 2980 4543 κακῶς
3013 4482 3106 4533 καὶ
3139 4481 3341 4546 ἐνδεῶς
3369 4483 3459 4534 καὶ
3488 4478 3683 4533 ἀνελευ-

2141 4572 2313 4643 θέρως
2383 4571 2506 4642 ζῇν,
2569 4570 2667 4622 καὶ
2732 4571 2886 4638 γένος
2930 4569 3023 4624 ὑπ’
3081 4571 3297 4630 ἐκείνου
3373 4573 3479 4626 πᾶν
3518 4569 3684 4637 ὥσπερ

2137 4661 2361 4728 δοῦλονε
2388 4661 2617 4728 ἄγεσθαι
2677 4661 2784 4736 ,καὶ
2833 4661 3134 4732 φέρεσθαι,
3198 4664 3295 4718 καὶ
3343 4665 3503 4718 αὐτὸν
3551 4660 3683 4717 οὑξδν

2139 4751 2349 4822 ἀμείνω
2426 4753 2656 4820 πάσχειν
2719 4752 2823 4806 ὑπὸ
2885 4754 2984 4822 τῆς
3051 4753 3190 4824 πρὸς
3293 4757 3500 4817 πάντας
3561 4770 3682 4820 συμ·

2143 4841 2394 4907 παθείας,
2460 4843 2554 4896 καὶ
2625 4844 2754 4914 μιᾶς
2801 4845 3157 4914 ἀτυχησάσης
3223 4845 3492 4915 θυγατρδς
3545 4842 3682 4900 πάντ’

2139 4931 2322 4983 ἐκεῖνα
2363 4929 2620 4984 λελύσθαι
2677 4930 2748 4984 τὰ
2795 4930 3070 5000 δυσχερῆ·
3121 4933 3218 4985 καὶ
3264 4929 3680 4998 σὲδύνασθαιού

2101 5087 2116 5096 μ
2139 5020 2294 5088 γένος
2351 5021 2515 5092 μόνον
2566 5022 2659 5075 καὶ
2710 5023 2966 5085 οἰκείους,
3012 5023 3148 5079 ἀλλά
3194 5025 3288 5079 καὶ
3339 5027 3465 5089 τοὺς
3511 5023 3682 5080 ἀλλους

2141 5109 2329 5177 φίλους
2363 5111 2648 5182 λαμπροὺς
2701 5114 2876 5166 ποιεῖν
2909 5114 3006 5166 καὶ
3063 5112 3403 5184 περιδόξους,
3437 5110 3607 5180 πάσης
3631 5103 3682 5168 ti

2139 5203 2351 5256 ἐκείνου
2389 5203 2864 5275 μετενηνεγμίνης
2888 5205 2985 5274 τῆς
3001 5195 3291 5276 Ῥωμαίων
3318 5204 3490 5276 ἀρχῆς
3507 5203 3581 5262 είς
3607 5198 3678 5251 σί.

2141 5290 2236 5357 Τίς
2264 5296 2371 5364 γὰρ
2403 5295 2612 5347 ἐκείνου
2658 5297 2917 5358 πεσόντος
2957 5295 2989 5366 ἢ
3037 5297 3134 5350 καὶ
3161 5299 3260 5368 τῆς
3307 5295 3485 5366 ἀρχῆς
3539 5288 3678 5343 ἐκδε-

2142 5375 2436 5454 6λημὲνου,
2490 5383 2583 5437 σοῦ
2627 5384 2825 5453 μᾶλλον
2881 5385 3217 5454 δικαιότερος
3249 5386 3343 5439 ἐπὶ
3367 5384 3474 5437 τῶν
3506 5393 3678 5452 ,πραγ-

2145 5473 2332 5544 μάτων
2385 5469 2524 5526 εϊναι
2559 5512 2574 5539 ,
2641 5474 2742 5527 ούκ
2812 5474 3007 5545 ἀνδρία
3053 5476 3216 5544 μόνον
3279 5475 3372 5528 καὶ
3447 5467 3676 5538 πολέμων

2141 5565 2431 5638 ἐμπειρίᾳ,
2463 5565 2602 5618 ἀλλὰ
2636 5568 2730 5619 καὶ
2752 5555 3102 5638 λαμπρότητι
3131 5567 3349 5636 γένους,
3376 5565 3465 5618 καὶ
3487 5561 3676 5615 συνέσει

2143 5660 2241 5714 καὶ
2273 5663 2384 5722 τοῖς
2447 5654 2624 5724 ἀλλοις
2687 5661 2895 5714 ἅπασιν
2952 5661 3052 5713 οὐκ
3113 5661 3278 5730 ὀλίγῳ
3308 5660 3413 5713 τινὶ
3445 5653 3518 5725 τῷ
3545 5650 3676 5723 μίαν
