3998 6198
305 271 414 334 805

1440 267 1983 330 HlSl‘ORlARUM
2024 230 2271 328 Lmen
2299 267 2416 329 Ill.

3429 270 3568 336 "806

303 382 512 442 πάντας
527 377 832 446 Ῥωμαίους
865 377 1189 448 παριόντος;
1231 376 1376 446 Ἐγὼ
1397 377 1456 431 δὶ
1488 378 1624 448 πρὸς
1662 377 1880 432 ἅπαντα

1996 390 2194 430 inmma
2222 375 2504 429 voluntate
2529 373 2805 430 obediam.
2846 373 2987 432 Sane
3027 375 3094 431 ad
3126 377 3286 432 talem
3317 393 3559 449 pugnam

306 468 603 539 προθύμως
642 468 1111 538 συναγωνιοῦμαι,
1138 468 1297 534 τάξιν
1339 469 1554 539 ἐπέχων
1574 471 1871 539 ὑπηρέτου,

303 559 577 629 καὶπρὸς
633 560 742 613 πᾶν
798 560 858 612 τὸ
927 559 1288 628 κελευόμενον
1351 559 1677 630 ἑτοιμότατα
1735 559 1875 629 ἔχων

305 649 628 703 ὑπακούειν.
663 650 738 703 Οὐ
771 649 836 720 δὴ
864 652 1001 720 πρὸς
1033 649 1280 702 τοιοῦτον
1311 650 1660 720 ἰσχυρότατον
1711 651 1873 703 ἀντα·

305 743 581 811 γωνιστὴν
622 741 1012 810 ἀποδυόμενον,
1059 743 1194 813 περὶ
1221 741 1450 810 ψεύδους
1494 744 1589 796 καὶ
1618 742 1879 813 ἀληθείας

304 836 687 904 ἀκριὸολογεῖν
716 835 918 906 χρεὼν,
949 836 1091 889 ἀλλὰ
1140 835 1276 904 πρὸς
1307 833 1366 888 ἓν
1403 835 1564 904 μόνον
1597 835 1698 902 τὴν
1733 835 1875 887 ὲκεί-

307 944 403 1004 νου
446 927 742 982 κατάλυσιν
791 928 1067 998 προσῆκον
1108 928 1319 996 ἀφορᾷν
1344 941 1357 955 °
1401 925 1570 979 τᾶλλα
1611 926 1669 978 δὲ
1715 925 1883 996 μηδὲν

306 1021 585 1089 ἡγεῖσθαι,
613 1019 663 1071 εί
696 1019 912 1089 μέλλοις
943 1036 996 1070 τι
1019 1019 1118 1087 τῆς
1148 1018 1248 1086 σῆς
1274 1017 1546 1078 συνέσεως
1588 1017 1682 1069 καὶ
1720 1032 1884 1086 στρα-

309 1112 511 1178 τηγίας
580 1108 878 1180 ἀξιόχρεων
933 1111 1130 1162 ποιεῖν.
1203 1109 1454 1178 Ὀρῶμεν
1522 1106 1580 1161 δὲ
1634 1107 1731 1160 καὶ⁵
1773 1106 1882 1159 τῶν

315 1202 642 1272 στρατηγῶν
691 1201 821 1263 τοὺς
874 1201 1116 1267 μάλιστα
1165 1199 1591 1261 συνετωτάτους,
1637 1199 1738 1252 οὐκ
1793 1197 1884 1251 ἀεὶ

311 1296 379 1362 τῇ
416 1294 706 1365 παρρησία
742 1292 1087 1362 χρωμένους,
1133 1293 1236 1364 -και
1276 1292 1418 1344 κατὰ
1448 1290 1627 1360 στόμα
1653 1291 1764 1350 τοῖς
1791 1305 1885 1342 πο·

209 1449 220 1459 1
307 1387 526 1454 λεμίοις
589 1383 944 1447 ὑπαντῶντας
975 1401 989 1416 ’
1024 1383 1140 1437 ἀλλ’
1181 1383 1331 1438 ἐστιν
1369 1375 1431 1436 οὗ
1494 1386 1590 1437 καὶ⁵
1645 1381 1885 1443 ἀπάταις

310 1476 653 1547 χρωμένους,
714 1476 807 1529 καὶ
857 1475 1031 1536 δόλοις
1088 1473 1183 1528 καὶ
1238 1475 1515 1544 μηχαναῖς
1588 1489 1721 1536 τισι,
1791 1472 1885 1526 καὶ

1985 467 2346 522 fortissimum
2375 477 2706 522 certatorem
2735 468 3063 536 repudiare,
3119 485 3181 523 ac
3218 471 3564 526 mendacium

1987 559 2389 627 veritatemque
2456 560 2516 614 in
2568 559 2657 614 his
2682 562 2994 615 accuratius
3017 561 3289 615 discutere
3333 571 3388 616 et
3430 578 3564 616 exao

1988 649 2220 714 minare,
2257 649 2393 703 nihil
2422 663 2646 706 necesse
2702 663 2784 705 est
2819 667 2834 705 :
2885 651 2982 706 sed
3042 652 3302 721 neglectis
3331 655 3567 714 caeteris,

1990 739 2095 794 hoc
2139 755 2305 793 unum
2339 739 2586 801 studere.
2642 749 2701 794 ut
2735 741 2826 796 ille
2881 723 3458 811 imperiutn'amittat:
3518 744 3564 796 si

1991 831 2156 886 modo
2183 831 2468 901 quidpiam
2531 831 2822 901 prudentia
2877 844 2989 898 tua,
3039 846 3094 888 et
3125 850 3243 903 quzc
3271 835 3324 887 in
3391 844 3439 887 tc
3485 843 3570 888 est

1991 923 2218 979 scientia
2247 924 2602 993 imperatoria
2638 924 2861 992 dignum
2893 935 3152 994 praestare
3187 926 3344 980 velis.
3400 927 3566 980 Vide-

1991 1031 2114 1070 mus
2143 1020 2324 1069 autem
2357 1015 2524 1070 duces
2550 1015 3012 1085 prudentissimos
3037 1045 3040 1048 ~
3069 1029 3178 1070 non
3226 1033 3444 1086 semper
3492 1017 3562 1070 li-

1992 1094 2312 1174 bere'loqui,
2338 1114 2394 1159 et
2417 1105 2603 1174 lingua
2631 1107 2880 1161 hostibus
2907 1121 3205 1161 occurrere
3228 1147 3242 1171 ,
3302 1108 3396 1160 sed
3456 1108 3561 1161 ali-

1990 1195 2214 1266 quando
2241 1196 2405 1251 etiam
2435 1196 2504 1250 ad
2541 1196 2812 1261 fraudem,
2858 1207 2918 1252 et
2971 1198 3182 1264 dolum,
3204 1190 3267 1252 ἐι
3305 1197 3565 1266 quasdam

1995 1287 2280 1355 machinas
2309 1286 2605 1356 confugere
2628 1328 2641 1350 ,
2671 1290 2945 1358 praecipue
2975 1289 3194 1359 quando
3248 1304 3374 1342 cum
3408 1288 3569 1342 hoste

1993 1378 2326 1434 formidabili
2407 1393 2474 1434 ac
2551 1378 2934 1447 potentissimo
3016 1395 3106 1434 res
3163 1379 3347 1434 futura
3433 1391 3564 1442 est;

1992 1484 2096 1525 nec
2120 1469 2234 1524 illis
2263 1469 2560 1540 quisquam
2602 1485 2697 1525 eas
2738 1468 2960 1524 fraudes
3010 1469 3149 1524 vitio
3209 1469 3324 1534 dat,
3375 1484 3567 1524 verum

316 1570 556 1637 μάλιστα
587 1567 751 1638 ἡνίκα
781 1569 879 1640 δέῃ
913 1567 1162 1638 φοϐεροῖς
1202 1583 1314 1620 τισι
1352 1569 1449 1619 καὶ
1496 1563 1895 1626 δυνατωτάτοις

1997 1561 2335 1616 admiramur
2377 1559 2592 1630 omnes,
2650 1562 2805 1632 quasi
2852 1562 2909 1617 in
2964 1562 3264 1617 calliditate
3289 1577 3454 1632 quam
3513 1562 3570 1617 in

316 1658 726 1728 συμπλέκεσθαι
787 1659 1066 1728 πολεμίοις
1099 1673 1114 1688 ο
1171 1656 1268 1711 καὶ
1333 1655 1506 1717 οὐδεὶς
1562 1654 1741 1707 αὐτῶν
1796 1669 1901 1710 κα·-

2003 1652 2203 1708 robore
2224 1653 2338 1725 (l0)
2372 1668 2437 1710 ac
2464 1654 2676 1710 viribus
2700 1656 2876 1725 majus
2901 1665 3234 1710 momentum
3263 1655 3355 1710 sit.

318 1759 462 1823 κίζει
499 1758 597 1826 τὴν
647 1755 864 1827 ἀπάτην
889 1754 1037 1809 ἀλλὰ
1088 1752 1186 1808 καὶ
1234 1751 1587 1823 θαυμάζομεν
1630 1749 1886 1815 ἀπιντες,
1924 1742 2012 1802 οἶα
2037 1749 2106 1821 δὴ
2146 1749 2314 1805 πλείω
2362 1751 2461 1821 τῆς
2494 1751 2782 1820 συνέσεως⁹
2811 1749 2846 1819 ἢ
2874 1741 2974 1820 τῆς
3018 1746 3210 1822 ῥώμης
3267 1749 3572 1822 δυναμένης

321 1849 645 1921 κατορθοῦν.

1739 1937 1962 1994 CAPUT
2005 1939 2147 1992 X1X.

323 2031 642 2103 Ezpugnato
668 2030 968 2103 Andronico
1021 2029 1224 2093 Asanc,
1259 2029 1406 2103 _duos
1456 2028 1798 2103 {retrescjus
1827 2027 2396 2103 αμφτᾷἱιιινς’)ῑιιέιὶιΔ
2424 2044 2481 2083 se
2527 2044 2714 2103 eorum
2765 2028 2930 2103 vicem
2962 2026 3168 2103 dolere;
3196 2027 3571 2103 segnitiem):

392 2098 677 2172 (interemta
715 2101 965 2172 libertate
983 2107 1216 2172 accusat.
1249 2098 1752 2172 Demuntgsimil‘ibus
1779 2098 2075 2172 sententiis,
2101 2099 2284 2172 quibus
2313 2099 2786 2172 prioresgdrersus
2817 2099 3180 2172 d9mesti_cu_m_
3198 2098 3284 2154 eos
3303 2098 3569 2162 incendit;

395 2167 490 2256 nec
525 2182 601 2225 est
629 2171 914 2256 quidquam
946 2169 1042 2222 hoc
1068 2169 1277 2256 nomine
1300 2170 1578 2256 audacius,
1621 2170 2014 2256 im’pndentitis“
2036 2177 2082 2220 et
2114 2167 2462 2256 ’scqferofius.
2515 2167 2746 2256 Iaudem
2799 2170 2960 2252 etiam
3011 2167 3298 2256 (iubatum,
3321 2183 3570 2256 magnum

389 2236 1036 2310 drungarium,'magnum
1054 2239 1560 2310 stratopedarcham,
1589 2248 1636 2292 et
1664 2236 1908 2309 Zampew
1933 2239 2105 2306 lilium
2133 2236 2266 2291 dolis
2284 2236 2392 2291 suis
2411 2239 2550 2308 capit
2569 2246 2620 2291 et
2643 2238 2698 2291 in
2721 2238 3001 2307 perniciem
3025 2238 3298 2291 domestici
3318 2238 3571 2291 concitat.

392 2332 635 2390 Τοιαῦτα
669 2331 767 2386 καὶ
834 2331 969 2402 πρὸς
1027 2333 1236 2384 ἐκεῖνον
1306 2330 1478 2384 εἰπὼν
1528 2330 1625 2385 καὶ
1663 2331 1883 2397 πείσας,

2059 2329 2136 2385 Ita
2163 2330 2405 2398 locutus,
2426 2331 2856 2404 juramentoque
2891 2329 3102 2397 addito,
3133 2344 3192 2386 se
3219 2339 3276 2387 et
3300 2347 3447 2389 nunc
3475 2334 3574 2390 ad-

318 2416 508 2494 ὅρκοις
554 2416 617 2475 τε
661 2421 1124 2490 ἀσφαλισάμενος,
1181 2419 1257 2484 ὡς
1283 2419 1380 2474 νῦν
1411 2437 1470 2474 τε
1502 2421 1891 2492 προθυμότατα

1996 2421 2226 2498 jutorem
2269 2421 2386 2477 fore
2420 2421 2860 2494 paratissimum,
2909 2429 2966 2478 et
3009 2421 3102 2478 ubi
3133 2423 3248 2494 ipse
3282 2423 3572 2494 imperium

324 2514 768 2584 συναγωνιεῖται.
838 2513 936 2567 καὶ
989 2513 1364 2576 καταστάντος
1415 2512 1550 2582 πρὸς
1589 2513 1689 2580 τὴν
1715 2511 1891 2582 ἀρχὴν

321 2607 383 2658 ὲν
425 2605 702 2676 ὑπηρέτου
735 2604 944 2659 τελέσει
983 2603 1148 2675 μοίρᾳ
1202 2604 1363 2673 μόνον
1389 2603 1743 2674 βουλεύεσθαι
1790 2619 1892 2658 xa-

321 2697 568 2752 ταλιπὼν
617 2698 766 2757 ὅπως
833 2696 901 2750 ἀν
929 2699 987 2750 τὸ
1019 2697 1460 2766 σπουδαζόμενον
1491 2694 1888 2764 κατορθωθείη,

323 2790 420 2842 ἐπὶ
459 2788 586 2851 τοὺς
635 2789 899 2858 ἀδελφοὺς
958 2789 1157 2859 ιχώρει
1217 2788 1634 2843 Κωνσταντῖνόν
1675 2804 1746 2840 ⁴τε
1797 2789 1893 2842 καὶ

337 2878 611 2933 Ἰσαάκιον
643 2877 734 2930 τὸν
764 2877 933 2947 μέγαν
961 2878 1150 2932 δοῦκα.
1182 2878 1292 2931 Καὶ
1321 2879 1514 2945 πρῶτα
1544 2877 1642 2947 μὲν
1659 2876 1891 2948 ᾤκτειρε

321 2971 428 3039 τῆς
469 2969 604 3042 παρ’
631 2969 790 3035 ἀξίαν
822 2971 1224 3042 κακοπραγίας,
1255 2973 1350 3024 καὶ
1382 2969 1546 3041 ἐῴκει
1578 2969 1918 3038 συναλγεῖν.·

329 3064 566 3117 Ἔπειτα
625 3065 720 3118 καὶ
777 3061 1020 3144 ὠνείδιζε
1070 3061 1168 3132 τὴν
1233 3061 1628 3126 ιθελοδουλίαν,
1680 3062 1776 3116 καὶ
1832 3064 1894 3117 τὸ

327 3159 466 3226 πρὸς
496 3157 595 3226 τὴν
639 3155 952 3228 ἐλευθερίαν
985 3153 1246 3228 ῥᾳθύμως
1271 3152 1422 3224 βιοῦν
1446 3155 1540 3208 καὶ
1565 3154 1892 3226 ἀνειμένως,

327 3251 423 3300 καὶ⁸
473 3246 610 3317 μηδὲ
644 3245 738 3300 νῦν
766 3245 898 3315 γοῦν
947 3248 1037 3299 ὅτε
1072 3243 1254 3308 καλῶς
1281 3244 1454 3298 ποιῶν
1485 3246 1800 3317 παρέσχετο
1862 3249 1892 3300 ό

329 3339 545 3409 χρόνος.
599 3337 698 3407 τῆς
732 3338 973 3408 μεγάλου
1017 3337 1344 3407 δομεστίκου
1399 3338 1614 3408 χρονίου
1646 3337 1894 3403 δουλείας
1939 3377 1946 3384 .

328 3427 713 3494 ἀπαλλαγῆναι
771 3426 1052 3496 προσῆκον
1125 3426 1374 3494 εὐγενέσι
1432 3429 1528 3481 καὶ
1579 3427 1893 3499 ἐλευθέροις

327 3519 557 3588 ἀνδράσι
629 3517 1043 3586 διανοουμένους
1101 3533 1176 3570 τι.
1230 3516 1424 3571 Καίτοι
1479 3517 1743 3588 βασιλέως
1795 3519 1894 3589 μὶν

328 3609 531 3673 ζῶντος
588 3609 838 3679 στέργειν
893 3607 952 3674 ἐξ
983 3608 1228 3678 ἀνάγκης
1281 3605 1375 3678 ἦν,
1427 3609 1631 3678 πολλὴν
1679 3607 1891 3662 ἐκείνου

328 3672 428 3766 τὴν
463 3698 636 3768 ῥοπὴν
671 3672 822 3767 αύτῷ
853 3672 1222 3768 χαριζομένου
1256 3672 1631 3768 καὶ-οὐδαμῶς
1666 3697 1893 3764 ιλάττω,
1914 3672 1966 3740 ΪῙ

329 3791 362 3861 ἢ
389 3793 596 3852 έκεῖνος
621 3788 885 3844 δύνασθαι
936 3790 1484 3860 παρασκευάζοντος.
1524 3789 1663 3844 Νυνὶ
1691 3791 1785 3857 δέ,
1843 3793 1898 3845 τί

326 3885 388 3936 τὸ
421 3883 637 3937 κωλῦον
666 3881 824 3952 ζῆλον
849 3883 987 3953 ὑπὲρ
1020 3881 1284 3952 βασιλέως
1319 3883 1412 3936 τοῦ
1442 3883 1632 3947 παιδὸς
1661 3883 1898 3952 ὑποκρι-

331 3974 544 4039 θέντας,
605 3973 993 4043 συμϐουλεύειν
1028 3972 1263 4043 βασιλίδι
1300 3976 1440 4045 προς
1469 3973 1674 4042 έγένους
1712 3991 1772 4028 τε
1808 3975 1898 4028 δν-

333 4082 427 4128 τας
457 4065 552 4118 καὶ
580 4066 952 4133 προσήκοντας
980 4065 1069 4118 διά
1101 4065 1198 4137 τὴν
1229 4065 1509 4133 εὐγένειαν
1542 4060 1897 4120 πιστεύεσθαι

333 4155 622 4210 καταλύειν
672 4157 904 4222 ἐκεῖνον,
957 4157 1052 4210 καὶ
1098 4156 1202 4224 τῆς
1232 4157 1411 4229 ἀρχῆς
1457 4159 1896 4228 ἀποχειροτονεῖν

333 4247 404 4310 ὡς
435 4247 709 4316 ἁρπάζειν
752 4247 1138 4317 διανοούμενον
1179 4250 1278 4320 τὴν
1330 4249 1630 4320 βασιλείαν,
1675 4250 1770 4303 καὶ
1806 4250 1901 4304 atti-

333 4345 431 4413 τὴν
476 4342 571 4396 καὶ
626 4340 859 4407 φίλτατα
902 4341 1311 4409 ἀποκτιννύναι,
1354 4342 1448 4395 καὶ
1491 4341 1780 4412 Ῥωμαίων
1809 4358 1900 4396 τυ-

327 4443 587 4510 pavvslv;
627 4439 703 4491 Οὐ
734 4438 844 4507 γὰρ
880 4435 1055 4503 δήπου
1083 4449 1146 4502 γε
1177 4432 1213 4486 ἀ
1244 4431 1592 4503 προτείνεται
1635 4433 1764 4503 ὑμῖν
1793 4433 1901 4486 ῶσ-

334 4539 438 4604 περ
471 4533 666 4602 δέλεαρ
718 4529 811 4582 ὑπ’
854 4528 1092 4589 ἐκείνου,
1144 4525 1314 4596 ἀρχαὶ
1348 4523 1558 4578 πόλεών
1606 4542 1773 4579 τινων
1805 4527 1901 4578 καὶ

336 4623 610 4695 δημοσίων
657 4621 954 4694 διοικήσεις
990 4615 1057 4669 ἶν’
1089 4619 1294 4680 ἐκεῖνος
1345 4618 1403 4670 τὸ
1434 4616 1624 4687 μεῖζον
1656 4615 1753 4687 ἔχῃ
1787 4616 1899 4671 ῶσ-

336 4695 441 4786 περ
473 4717 742 4786 δεσπότης
797 4715 1122 4776 ἐπιτάττων,
1177 4711 1272 4764 καὶ
1324 4711 1544 4764 πάντων
1593 4711 1899 4764 καταδυναο

337 4800 541 4860 στεύων
567 4808 663 4860 καὶ
693 4803 957 4876 μειζόνων
985 4806 1079 4856 καὶ
1111 4802 1430 4868 ἐλαττόνων,
1459 4799 1608 4856 τοῦθ’
1637 4803 1772 4871 ἡμῖν
1799 4802 1900 4870 ἀρ-

342 4902 489 4953 κέσει
529 4901 665 4969 πρὸς
691 4899 750 4951 τὸ
792 4893 1214 4965 ἀποστερεῖσθαι
1247 4894 1346 4964 τῆς
1381 4881 1732 4964 ιλευθερίαςς
1768 4894 1899 4948 οὐδὲ

340 4995 449 5061 γᾶρ
497 4990 606 5043 οὐδ’
670 4987 818 5059 ὑμᾶς
866 4986 1030 5040 τοῦτο
1073 4985 1375 5055 κατάδηλον
1416 4985 1638 5056 λέληθεν
1689 4985 1772 5052 δν,
1827 4985 1895 5048 ὡς

2011 4989 2162 5042 Ρυω
2189 4985 2362 5050 enim,
2398 4999 2502 5040 nec
2553 5000 2654 5040 vos
2703 4983 2948 5051 nescitis,
3001 4985 3096 5039 illo
3130 4982 3216 5039 vel
3250 4983 3538 5038 interfecto
3565 5023 3580 5048 ,
3685 5027 3692 5032 .

339 5085 546 5137 ἐκείνου
571 5084 831 5144 πεσόντος
863 5081 897 5153 ἦ
948 5080 1350 5162 ἐκϐεβλημένου
1389 5080 1490 5149 τῆς
1539 5079 1736 5158 ἀρχῆς,
1773 5079 1902 5148 ὑμῖν

337 5175 549 5240 ἐξέσται
594 5173 858 5252 πράττειν
885 5171 919 5226 ἃ
951 5170 1190 5241 αἱρεῖσθε
1223 5170 1414 5233 ἀδεῶς,
1464 5168 1499 5240 ἢ
1531 5171 1780 5238 πρώτους
1804 5187 1896 5238 γε·

333 5265 693 5334 γενημένους,
717 5263 753 5332 η
783 5263 924 5332 μετά
953 5263 1078 5322 τοὺς
1105 5259 1356 5330 πρώτους
1379 5258 1542 5322 εὐθὺς
1583 5258 1895 5329 Ῥωμαίων*

1993 2511 2224 2582 adeptus
2263 2511 2450 2580 fuerit,
2482 2513 2536 2567 in
2573 2513 2696 2568 loco
2725 2513 2962 2568 ministri
2990 2526 3186 2584 operas
3212 2515 3263 2570 ei
3296 2515 3570 2581 daturum,

1993 2602 2304 2671 persuasit;
2341 2603 2628 2675 solumque
2665 2603 2974 2659 deliberare
3025 2603 3236 2669 sinens,
3273 2605 3573 2676 quomodo,

1993 2690 2139 2761 quod
2191 2691 2539 2758 studebatur,
2576 2709 2838 2765 prospere
2881 2693 3226 2762 succederet,
3253 2696 3331 2751 ad
3377 2697 3576 2753 fratres

1991 2785 2110 2856 ejus
2158 2786 2578 2842 Constantinum
2631 2796 2688 2842 et
2734 2787 2996 2844 Isaacium
3072 2802 3330 2858 magnum
3377 2788 3573 2844 ducem

1995 2876 2152 2932 abiit.
2187 2876 2266 2932 Ac
2307 2877 2546 2946 primum
2589 2878 2810 2946 quidem
2848 2878 3126 2951 indignam
3176 2893 3368 2934 eorum
3403 2879 3577 2935 fortu-

1995 2983 2121 3022 nam
2185 2968 2478 3024 miseratus
2503 3007 2519 3034 ,
2560 2979 2812 3025 mutuum
2853 2969 3060 3026 doloris
3114 2985 3335 3025 sensum
3377 2981 3487 3040 prae
3513 2985 3574 3026 se

1997 3060 2230 3117 ferebat.
2259 3061 2466 3117 Deinde
2500 3063 2866 3118 voluntariam
2900 3063 2982 3118 eis
3019 3063 3343 3118 servitutem
3377 3075 3578 3132 expro-

2002 3152 2218 3217 brabat,
2244 3152 2392 3223 quod
2431 3161 2540 3208 tam
2583 3153 2852 3223 ignaviter
2902 3168 2967 3208 ac
3010 3153 3237 3208 remisse
3269 3147 3576 3224 libertatem

1999 3255 2334 3324 quaererent,
2387 3253 2441 3299 et
2489 3260 2670 3316 neque
2715 3259 2863 3300 nunc
2912 3244 3131 3307 saltem.
3164 3243 3334 3315 ωε
3356 3229 3578 3314 quando

1998 3333 2218 3388 adesset
2249 3334 2469 3390 fortiter
2525 3333 2764 3390 faciendi
2793 3335 3200 3404 opportunitas,
3241 3333 3445 3404 aliquid
3478 3351 3578 3406 pro

2000 3421 2295 3480 nobilitate
2344 3434 2400 3478 et
2432 3425 2770 3495 ingenuitate
2797 3439 2920 3492 sua,
2943 3424 3011 3481 ad
3041 3424 3365 3481 diuturnum
3397 3427 3577 3498 magni

2002 3519 2286 3576 domestici
2337 3518 2528 3590 jugum
2575 3517 2968 3574 excutiendum
3025 3506 3226 3574 animis
3283 3519 3574 3596 agitarent.

2001 3612 2324 3686 Quanquam
2351 3615 2496 3670 enim
2548 3614 2846 3686 superstite
2878 3613 3212 3683 imperatore
3263 3613 3577 3669 necessitati

2003 3707 2297 3778 repugnari
2327 3722 2434 3762 non
2463 3706 2723 3776 potuerit,
2749 3715 3041 3776 propterea
3069 3707 3214 3776 quod
3258 3705 3312 3760 in
3334 3722 3460 3761 eum
3486 3703 3579 3760 ille

2003 3811 2148 3855 totus
2192 3799 2540 3870 propendens
2567 3837 2582 3861 ,
2611 3806 2668 3852 et
2694 3807 3020 3867 potestatem
3048 3811 3171 3852 cum
3213 3797 3402 3851 eodem
3430 3810 3580 3852 com-
3650 3836 3658 3843 .

2001 3891 2402 3955 municaverat,
2471 3905 2622 3946 nunc
2656 3899 2836 3944 tamen
2867 3888 3002 3944 nihil
3040 3889 3278 3953 obstare,
3317 3888 3449 3958 quin
3479 3903 3577 3943 co-

2000 3980 2258 4052 gnatione
2286 3980 2458 4050 juncti
2484 4020 2499 4044 ,
2530 3991 2586 4036 et
2641 3988 2868 4050 propter
2897 3979 3116 4050 generis
3161 3978 3575 4049 amplitudinem

2003 4075 2106 4130 llde
2142 4073 2315 4146 digni,
2349 4073 2524 4128 zelum
2553 4088 2653 4144 pro
2686 4073 2798 4128 ﬁlio
2841 4073 3189 4142 imperatoris
3216 4072 3496 4136 simulent,
3523 4079 3580 4128 et

2001 4162 2416 4232 imperatricem
2465 4177 2533 4216 eo
2560 4161 2877 4232 pertraltant
2903 4202 2918 4230 ,
2953 4161 3030 4215 uti
3063 4161 3326 4231 abrogato
3350 4161 3580 4231 imperio

2001 4255 2364 4311 domesticum
2394 4263 2630 4320 evertat,
2691 4254 2893 4324 quippe
2920 4254 3016 4325 qui
3059 4255 3233 4323 ipsam
3293 4264 3351 4308 et
3378 4254 3584 4308 dulcis.

2001 4346 2172 4401 simos
2207 4347 2328 4418 ejus
2371 4345 2580 4401 liberos
2609 4344 2864 4399 occidere
2889 4387 2903 4411 ,
2967 4344 3421 4414 tyrannidemque
3446 4347 3582 4399 arri-

2003 4455 2134 4510 pere
2167 4430 2485 4494 meditetur.
2524 4438 2606 4491 An
2637 4452 2748 4491 non
2786 4437 2935 4491 enim
2964 4435 3327 4506 quarumdam
3361 4436 3580 4492 urbium

2003 4531 2380 4601 praefecturae,
2417 4539 2473 4586 et
2513 4529 2856 4600 publicorum
2904 4544 3194 4583 munerum
3235 4528 3580 4595 functiones,

2003 4640 2124 4695 quae
2157 4631 2418 4694 tanquam
2480 4635 2605 4677 esca
2661 4619 2823 4676 vobis
2865 4619 2936 4675 ab
2967 4619 3060 4675 illo
3111 4619 3469 4692 abjiciuntur,
3523 4631 3586 4677 ut

2006 4718 2121 4786 ipse
2158 4715 2417 4785 majorem
2451 4720 2667 4783 partem
2720 4710 2940 4774 habeat,
2986 4724 3042 4766 et
3085 4713 3258 4768 veluti
3299 4713 3469 4770 herus
3497 4713 3582 4766 iu-

2005 4808 2130 4861 beat
2156 4843 2171 4868 ,
2204 4813 2368 4873 atque
2418 4803 2474 4857 in
2511 4816 2723 4868 omnes,
2751 4805 2990 4858 minores
3038 4804 3384 4875 majoresque
3409 4803 3614 4873 domi-_

2006 4906 2190 4959 nctur,
2237 4893 2306 4950 ad
2343 4891 2696 4950 amissionem
2729 4906 2921 4950 vestra!
2953 4894 3229 4950 libertatis
3265 4894 3584 4948 suﬁicient?

2004 5080 2087 5135 vel
2122 5079 2354 5150 imperio
2393 5078 2648 5149 depulso,
2693 5070 2847 5132 nullo
2902 5084 3051 5130 metu
3091 5085 3148 5131 et
3182 5076 3404 5144 impune
3442 5074 3586 5130 inte-

2000 5177 2158 5242 gru‘m
2207 5171 2366 5228 vobis
2410 5169 2657 5226 futurum
2693 5185 2855 5240 agere
2890 5185 2990 5240 pro
3015 5168 3307 5244 arbitratu,
3337 5180 3462 5222 cum
3494 5167 3584 5222 vel

2007 5261 2212 5332 primi,
2250 5261 2336 5317 vel
2370 5276 2401 5316 a
2441 5260 2632 5330 primis
2691 5259 3062 5314 Romanorum
3111 5257 3342 5330 proximi
3394 5251 3584 5312 statim

1573 5375 1784 5436 Jacobi
1817 5377 2081 5445 Pontani
2118 5385 2304 5440 notae.

408 5504 517 5574 (l0)
548 5503 767 5574 Σύνεσις
797 5511 879 5574 est
907 5501 961 5554 in
990 5499 1194 5558 (ξι-ποθ.
1219 5509 1380 5568 quam
1407 5495 1494 5574 hic
1514 5509 1636 5574 non
1665 5494 1904 5574 pruden-

339 5567 620 5637 tiainjsed
677 5573 1026 5625 calliditatem
1077 5581 1133 5625 et
1185 5567 1356 5624 natum
1394 5567 1623 5637 reddere
1663 5571 1904 5637 oportet,

337 5631 606 5699 sententia
642 5644 719 5697 ita
769 5641 1104 5712 requirente.
1131 5639 1264 5695 Nam
1301 5634 1592 5708 prudentia
1621 5631 1728 5686 non
1759 5631 1906 5688 deci-

2003 5494 2104 5563 pit.
2159 5509 2262 5548 nec
2321 5493 2592 5548 machinis
2647 5491 2838 5546 utitur.
2890 5484 3584 5563 Calliditasﬂautge_m,s_i_ve

1957 5611 1972 5618 _
2003 5557 2154 5617 astus
2184 5563 2555 5632 prudentiam,
2579 5576 2688 5618 non
2747 5575 2908 5617 secus
2935 5574 3100 5630 quam
3132 5558 3238 5614 alia
3263 5557 3584 5626 vitia,’alias

2007 5635 2235 5688 virtutes
2271 5632 2537 5687 imitatur.
