3998 6198
311 235 418 299 813

1446 231 1988 298 HISTORIARUM
2028 231 2265 296 LIBER
2307 235 2419 300 III.

3451 235 3556 301 ειι

316 351 763 419 μικρολογητέον,
797 351 831 406 δι
878 351 1151 424 μηδεμίαν
1194 353 1397 425 βλάϐην
1449 355 1585 424 ἔχει,
1623 355 1689 408 ἂν
1719 347 1880 422 ὦδεῆ

1999 354 2159 418 hunc,
2190 354 2434 423 inquam,
2470 353 2829 421 conveniens,
2861 356 3058 426 ecquid
3090 356 3158 412 de
3203 371 3262 412 se
3308 357 3556 414 audisset

309 443 512 511 ἑτέρως
566 443 754 510 ἔχωσι.
782 443 1000 506 Τούτοις
1060 447 1159 514 μὲν
1211 444 1306 498 οὖν
1360 445 1545 498 ἔπειθε
1599 435 1882 497 κάκεῖνον.

311 535 426 586 Kal.
469 535 640 602 πέρας
692 530 988 604 ῆδη.εῐχεν
1039 538 1070 604 ἡ
1117 536 1402 606 ἐπιϐουλή.
1445 537 1646 588 Ἐδόκει
1675 535 1732 588 δὲ
1777 534 1887 586 δεῖν

310 623 411 676 καὶ
461 625 570 676 τῶν
621 627 974 679 οἰκειοτάτων
1033 627 1266 694 βασιλίδι
1329 628 1482 690 τινάς
1530 623 1886 694 προσεταιρί-

312 714 536 774 σασθαι,
568 716 744 768 έκεῖνο
773 714 989 779 ἐννοῶν,
1025 717 1098 778 ὼς
1132 719 1260 779 τοὺς
1293 717 1392 787 μὲν
1431 716 1624 779 ἄλλους
1661 715 1790 776 ἴσως
1821 715 1888 768 ἂν

310 807 708 858 ύποπτεύσειεν
747 809 778 875 ἡ
820 807 1056 876 βασιλὶς,
1086 808 1118 877 ἢ
1151 808 1302 875 φόὸῳ
1348 809 1381 876 ἢ
1435 807 1615 876 φθόνῳ
1663 804 1889 858 τοιαῦτα

309 898 772 966 ὲσκαιωρηκέναι.
805 898 926 950 Τῶν
981 898 1334 950 οἰκειοτάτων
1391 897 1448 950 δὲ
1499 896 1668 967 μηδὲν
1718 911 1890 946 κατα-

309 988 469 1056 γνοίη
505 989 570 1040 ἂν
615 989 878 1054 τοιοῦτος,
908 992 1002 1044 καὶ
1039 990 1116 1059 τῷ
1157 991 1421 1060 Ζαμπέας
1470 990 1572 1058 υἰῷ
1615 989 1648 1057 ἢ
1687 989 1749 1039 ἐκ
1785 981 1890 1040 Σα-

310 1077 758 1146 6ωἲαςβασιλίδι
805 1079 991 1130 εἵπετο
1033 1079 1236 1146 πολλῆς
1286 1080 1380 1130 καὶ
1427 1075 1577 1146 παρὰ
1626 1073 1892 1144 βασιλέως

309 1169 394 1220 ἔτι
425 1171 627 1232 ζῶντος
678 1169 1010 1221 ἀπολαύοντι
1056 1171 1154 1237 τῆς
1196 1169 1503 1237 εὐμενείας,
1541 1168 1609 1221 τά
1643 1185 1698 1220 τε
1731 1167 1889 1233 ἀλλα,

312 1261 409 1312 καὶ
443 1262 535 1313 διὰ
561 1260 662 1330 τὴν
692 1264 750 1313 ἐν
783 1263 902 1323 ταῖς
932 1261 1132 1330 μάχαις
1158 1260 1444 1331 εὐψυχίαν.
1480 1259 1589 1311 Kal
1621 1259 1758 1329 μετά
1790 1258 1891 1328 τὴν

311 1349 530 1402 ἐκείνου
576 1350 834 1422 τελευτὴν
886 1349 1121 1420 βασιλίδι
1169 1349 1630 1416 σπουδαζομένων
1679 1347 1889 1400 ἐκείνου

309 1457 374 1493 τε
426 1441 522 1493 καὶ
579 1441 681 1510 τῆς
740 1442 951 1512 μητρὸς
1015 1439 1268 1510 ’Δρτὼτῳ
1329 1438 1889 1510 προσαγορευομένῳ,

312 1531 496 1602 τούτῳ
537 1533 604 1600 δὴ
647 1533 908 1602 ἐντυχὼν,
934 1534 988 1586 εί
1026 1549 1080 1585 τι
1124 1534 1253 1601 περὶ
1287 1530 1483 1584 ἑαυτοῦ
1514 1529 1681 1598 εἰδείη
1721 1530 1891 1580 ἐπυν-

316 1625 532 1680 θάνετο.
587 1623 677 1685 Ὠς
718 1625 774 1678 δὲ
835 1612 1044 1687 ἐκεῖνός
1088 1623 1294 1692 ἔφασκε
1348 1621 1542 1692 μηδὲν,
1588 1619 1728 1674 Ἀλλ’
1757 1617 1888 1686 ἐγὼ,

1987 445 2329 514 exquirebat.
2369 444 2466 500 illo
2498 456 2751 516 negante,
2787 447 3021 518 subjecit
3053 465 3067 502 :
3105 447 3218 517 Ego
3249 463 3379 502 vero
3418 465 3560 518 pra:-

1988 548 2114 587 sens
2161 535 2368 598 audivi,
2400 551 2525 589 cum
2579 551 2822 606 magnus
2863 537 3200 592 domeSIicus
3253 549 3445 592 contra
3506 549 3560 592 te
3600 543 3604 546 ’

1989 633 2331 694 matremque
2365 633 2510 679 tuam
2543 625 2977 682 debaccharetur
3012 627 3218 691 multis,
3255 627 3562 682 Romanos-

1990 729 2096 781 que
2136 730 2342 784 magnze
2372 716 2638 771 fatuitatis
2684 727 2943 787 argueret
2978 736 2992 772 :
3027 718 3146 787 qui,
3175 733 3300 772 cum
3339 719 3404 772 ad
3455 734 3561 787 pu-

1992 803 2190 857 blicam
2216 808 2660 873 procurationem
2687 808 2764 862 uti
2785 807 3000 862 civibus
3029 820 3329 879 oporteret,
3355 819 3563 864 essent-

1991 907 2099 961 que
2135 893 2188 946 in
2241 905 2497 964 promptu
2541 895 2670 949 boui
2731 897 2876 958 viri,
2916 897 3074 953 bona:
3120 899 3334 956 femina:
3367 916 3566 970 magno

1993 999 2250 1049 numero,
2287 986 2363 1039 illi
2387 988 2574 1041 nescio
2606 1005 2873 1058 quorsum
2897 991 3028 1054 acti,
3061 990 3225 1062 412
3263 993 3347 1046 vel
3379 993 3568 1062 potius

1994 1077 2333 1144 imperatrici
2385 1077 2692 1146 adulantes,
2745 1079 2997 1134 Artomm
3029 1121 3045 1145 ,
3078 1089 3135 1134 et
3163 1082 3282 1150 ejus
3311 1092 3563 1146 matrem,

1993 1166 2246 1221 homines
2297 1181 2521 1223 exteros
2573 1184 2638 1224 ac
2668 1169 2916 1240 plebeios
2944 1171 3289 1226 adhiberent.
3319 1175 3563 1242 Impera-

1995 1260 2100 1313 tori
2132 1259 2382 1324 viventi,
2429 1260 2632 1329 inquit,
2674 1277 2740 1315 ac
2769 1277 2868 1331 pro
2893 1272 3161 1332 potestate
3189 1265 3457 1333 quidquid
3483 1265 3567 1318 in-

1993 1349 2203 1406 cideret
2258 1351 2589 1415 moderanti,
2622 1361 2811 1407 contra
2867 1355 3054 1409 dicere
3106 1355 3190 1409 fas
3236 1372 3346 1410 non
3399 1368 3564 1410 erat:

1994 1453 2162 1503 nunc,
2203 1438 2423 1508 quando
2453 1454 2666 1493 summa
2692 1439 2904 1510 imperii
2947 1441 3014 1496 ad
3042 1457 3129 1496 me
3168 1442 3411 1506 devenit,
3456 1459 3566 1497 non

1995 1529 2174 1599 patiar
2213 1545 2243 1583 a
2299 1531 2524 1595 talibus,
2582 1539 2840 1599 tanquam
2872 1547 2901 1585 a
2929 1532 3068 1586 fucis
3111 1535 3422 1588 communia
3460 1533 3571 1587 [to-

1999 1634 2289 1674 manorum
2322 1620 2463 1674 bona
2517 1620 2758 1688 absumi,
2816 1622 2911 1693 sed
2945 1633 3069 1693 post
3100 1623 3336 1678 reditum
3385 1641 3567 1680 meum

317 1715 500 1782 εἶπεν,
533 1719 720 1778 αὐτοῖς
765 1715 899 1767 ὠσὶν
926 1715 1163 1782 ἀκήκοα,
1187 1711 1282 1764 τοῦ
1312 1710 1550 1780 μεγάλου
1571 1709 1893 1780 δομεστίκου

2000 1711 2212 1764 triremi
2245 1711 2554 1780 impositos,
2589 1712 2735 1767 unde
2763 1713 3134 1776 advenerunt‘.
3162 1730 3230 1770 eo
3270 1716 3568 1771 remittam.

318 1809 498 1862 πολλὰ
553 1809 646 1861 σοῦ
713 1808 809 1860 καὶ
862 1807 962 1876 τῆς
1021 1805 1230 1876 μητρὸς
1285 1802 1756 1873 καταφερομένου,
1801 1803 1895 1854 καὶ

316 1903 527 1972 πολλὴν
581 1899 837 1971 εὐήθειαν
888 1897 1399 1966 καταγινώσκοντος
1453 1888 1763 1964 Ῥωμαίων,
1813 1893 1896 1945 ὅτι

311 1996 436 2048 δέον
469 1995 604 2066 πρὸς
632 1994 742 2047 τῶν
765 1992 961 2046 κοινῶν
981 1991 1080 2060 τὴν
1101 1988 1424 2059 ἐπιμέλειαν
1453 1987 1564 2048 τοῖς
1594 1983 1892 2054 ὁμοφύλοις

311 2087 580 2159 χρῆσθαι,
629 2087 720 2139 καὶ
753 2084 981 2155 ἀνδράσι
1028 2082 1122 2135 καὶ
1178 2079 1398 2148 γυναιξὶ
1447 2078 1663 2138 πολλοῖς
1711 2091 1770 2128 τε
1803 2074 1898 2128 καὶ

309 2179 547 2248 ἀγαθοῖς
584 2177 724 2242 οὖσι,
763 2176 812 2230 οἳ
845 2175 890 2228 δ’
925 2174 1026 2226 οὐκ
1063 2169 1160 2225 οἷδ’
1190 2173 1218 2224 ὅ
1254 2189 1307 2224 τι
1341 2166 1898 2236 παθόντες,Ἀρτώτῳ

308 2271 566 2341 χρῶνται
641 2267 739 2320 καὶ
804 2265 996 2336 μητρὶ,
1051 2261 1366 2332 ἀνθρώποις
1425 2259 1748 2327 ἀλλοφύλοις
1802 2259 1898 2311 καὶ

307 2362 471 2416 οὐδὲν
510 2362 734 2430 ἄμεινον
787 2356 1155 2426 διακειμένοις
1211 2351 1321 2407 τῶν
1379 2351 1593 2404 πολλῶν
1644 2349 1898 2420 βασιλίδα

309 2454 745 2525 θεραπεύοντες.
795 2450 936 2505 Ἀλλ’
968 2449 1074 2511 ἓως
1125 2447 1227 2517 μὲν
1285 2446 1366 2499 ἔτι
1410 2445 1613 2514 περιῆν
1658 2445 1687 2492 ό
1734 2441 1896 2511 βασις

309 2544 654 2608 λεὺς,ούδὲν
705 2542 1014 2609 ἀντιλέγειν
1071 2533 1162 2610 ἦν,
1207 2539 1318 2591 πᾶν
1374 2536 1436 2588 τὸ
1493 2533 1899 2604 παριστάμενον

311 2641 446 2696 κατ’
475 2639 728 2703 ἐξουσίαν
766 2635 1085 2706 πράττοντι.
1118 2632 1254 2685 Νυνὶ
1287 2630 1344 2684 δὲ
1377 2630 1455 2691 εἰς
1481 2627 1582 2696 ἐμὲ
1610 2626 1720 2679 τῶν
1755 2641 1901 2695 πρα-

308 2733 552 2802 γμάτων
608 2731 706 2798 τῆς
763 2727 940 2798 ἀρχῆς
993 2723 1392 2794 περιηκούσης,
1450 2720 1509 2772 οὐ
1560 2717 1898 2788 περιόψομαι

309 2825 427 2876 ὑπὸ
473 2822 754 2884 τοιούτων,
797 2819 992 2889 ὥσπερ
1044 2816 1306 2884 κηφήνων
1349 2813 1416 2867 τὰ
1458 2811 1750 2880 Ῥωμαίων
1797 2825 1898 2861 κα-

307 2913 758 2982 ταναλισκόμενα
801 2911 958 2963 κοινά
982 2923 999 2938 ⁶
1034 2907 1150 2960 ἀλλ’
1185 2904 1476 2974 ἐνθέμενος
1506 2903 1724 2972 τριήρει
1756 2903 1897 2970 μετὰ

2000 1802 2208 1856 Praeter
2235 1810 2432 1856 caetera
2468 1816 2690 1871 quoque
2727 1802 3074 1860 timiditatem
3101 1815 3250 1860 tuam
3273 1816 3326 1859 et
3354 1806 3407 1860 in
3433 1822 3574 1876 prau-

1997 1891 2074 1946 lio
2110 1893 2383 1963 ignaviam
2417 1892 2797 1963 reprehendit.
2846 1895 2944 1950 Ast
2972 1906 3074 1966 Ego
3105 1905 3252 1952 tanta
3282 1897 3572 1967 iniquitate

1997 1983 2263 2050 otl'ensus,
2288 1994 2450 2054 teque
2480 1984 2802 2054 majoribus,
2831 1982 3056 2056 quam'a
3083 1989 3346 2044 Romanis
3379 1990 3568 2053 habes,

1998 2073 2222 2144 dignum
2247 2074 2640 2140 sciensretiam
2677 2079 2841 2132 tiliam
2879 2093 3055 2132 meam
3083 2077 3182 2132 tibi
3206 2080 3259 2132 in
3286 2081 3571 2134 matrimo-

1998 2164 2154 2217 nium
2180 2165 2346 2232 dabo,
2377 2181 2480 2221 nec
2514 2178 2740 2238 propter
2766 2168 3052 2237 pristinam
3093 2167 3361 2223 duntaxat
3384 2170 3575 2224 amici-

2002 2255 2155 2319 tiam,
2186 2256 2287 2309 sed
2319 2268 2542 2327 propter
2571 2259 2851 2314 afﬁnitatis
2877 2274 3096 2328 quoque
3126 2260 3570 2330 conjunctioneut

2001 2352 2096 2398 tua
2150 2360 2314 2400 causa
2378 2347 2574 2402 faciam
2630 2349 2838 2403 omnia.
2883 2350 3036 2404 Illico
3091 2351 3467 2419 juratnentum
3515 2361 3573 2404 et

2004 2436 2206 2490 bullam
2239 2437 2460 2508 adjicit,
2513 2454 2624 2508 quo
2678 2440 2882 2495 certior
2924 2439 3089 2494 dictis
3132 2441 3266 2496 tich
3305 2453 3470 2496 esset.
3500 2442 3574 2497 Ut

2003 2528 2283 2583 hominem
2323 2529 2577 2584 Latinum
2633 2531 2700 2585 ad
2767 2548 2920 2587 suam
2973 2532 3262 2588 factionem
3300 2533 3569 2604 adjunxit.

2000 2632 2126 2672 eum
2158 2619 2433 2684 hortatur,
2483 2620 2674 2676 eadem
2720 2622 2880 2676 matri
2916 2622 3199 2688 referens,
3229 2623 3379 2677 illam
3420 2639 3573 2678 com-

2005 2720 2246 2774 moveat,
2277 2721 2338 2764 ut
2363 2721 2475 2766 tota
2508 2721 2691 2766 mente
2736 2714 2998 2783 omnique
3034 2730 3138 2783 ope
3178 2715 3438 2781 enitatur,
3462 2731 3574 2784 quo

2004 2801 2410 2871 imperatricem
2442 2805 2628 2874 magni
2671 2804 2959 2860 domestici
3008 2807 3136 2860 odio
3180 2807 3571 2861 inﬂammaret.

2002 2894 2121 2949 Alia
2145 2896 2274 2951 item
2293 2897 2439 2966 apud
2471 2900 2611 2954 alios
2634 2899 2777 2954 dicta
2801 2899 3062 2956 annectit.
3087 2904 3264 2971 Atque
3295 2902 3410 2958 lucc
3439 2919 3576 2973 qua-

309 3002 741 3076 τὴνὲπάνοδον,
788 3001 926 3070 πρὸς
970 2999 1070 3065 τὴν
1116 2997 1328 3050 οίκείαν
1374 2993 1712 3062 ἀποπέμψω.
1741 2991 1895 3090 .Hpb;

2007 2988 2213 3051 triduo,
2248 2998 2539 3058 postquam
2571 2990 2892 3060 Byzant‘utn
2923 2993 3094 3056 venit,
3148 3009 3248 3063 per
3294 2993 3481 3049 dolum
3519 3007 3578 3050 et

309 3097 435 3156 τοῖς
467 3093 651 3151 ἄλλοις
673 3091 730 3143 δὲ
753 3090 848 3142 καὶ
880 3087 1085 3141 δειλίαν
1121 3101 1216 3136 σου
1256 3083 1560 3152 κατηγόρει
1597 3083 1693 3134 καὶ
1729 3080 1896 3133 ἀναν-

307 3187 478 3257 δρίαν
509 3188 566 3239 ὲν
592 3187 714 3246 ταῖς
763 3185 986 3252 μάχαις.
1031 3179 1172 3246 Ἐγὼ
1203 3177 1258 3230 δὲ
1305 3178 1443 3244 πρὸς
1489 3175 1590 3243 τὴν
1626 3172 1897 3240 τοσαύτην

311 3278 540 3332 ἀδικίαν
590 3274 905 3345 ἀχθεσθεὶς,
937 3269 1204 3340 μειζόνων
1243 3284 1320 3319 τε·
1349 3265 1501 3330 ἄξιον
1549 3265 1581 3334 ἢ
1630 3259 1705 3316 ῶν
1739 3261 1895 3328 παρά

324 3368 632 3436 Ῥωμαίοις
662 3366 952 3433 τυγχάνειν
978 3359 1158 3423 εἰδὼς,
1190 3361 1286 3411 καὶ
1314 3357 1412 3428 τὴν
1457 3357 1734 3425 θυγατέρα
1761 3371 1900 3424 προ-

313 3461 516 3528 θύμως
561 3475 646 3511 σοι
693 3458 830 3527 πρὸς
882 3455 1062 3524 γάμον
1105 3451 1372 3504 ἐκδιδόναι
1410 3449 1538 3518 ἔχω,
1581 3449 1674 3500 καὶ
1722 3447 1902 3500 πάντα

2007 3077 2254 3131 fraudem
2283 3075 2506 3133 struxit.
2536 3079 2781 3151 Cumque
2825 3082 3074 3152 singulos
3105 3098 3245 3152 quos
3273 3087 3578 3139 nominavi-

2008 3183 2150 3232 mus,
2194 3169 2308 3238 jam
2345 3169 2586 3224 irretitus
2617 3181 2846 3237 teneret,
2877 3173 2944 3226 de
2968 3173 3184 3244 integro
3212 3190 3309 3229 eos
3334 3178 3578 3230 Concita-

2007 3258 2123 3324 bat,
2161 3260 2315 3325 dum,
2350 3260 2444 3328 qui
2471 3263 2958 3332 subscripsisseut,
2983 3267 3321 3320 circumiens
3348 3268 3580 3336 singulis

2006 3360 2327 3414 enarraret;
2381 3354 2748 3422 monebatque
2783 3356 2861 3410 uti
2909 3341 3280 3411 communiter
3305 3357 3578 3412 delibera-

2007 3451 2150 3502 rent,
2192 3443 2337 3496 unde
2372 3445 2717 3499 commodius
2748 3445 2952 3499 bellum
2983 3448 3327 3502 ordirentur.

315 3553 590 3624 πράττειν
623 3551 727 3604 ὑπὸ
753 3548 850 3602 σοῦ
895 3549 957 3601 ού
1011 3546 1100 3598 διά
1141 3544 1244 3614 τὴν
1280 3543 1551 3613 προτέραν
1590 3537 1772 3606 φιλίαν
1831 3535 2015 3606 μόνον,
2049 3533 2183 3587 ἀλλὰ
2249 3537 2343 3587 καὶ
2409 3534 2503 3587 τοῦ
2541 3537 2736 3604 κήδους
2766 3539 2949 3593 ἕνεκα.
2983 3541 3094 3592 Kal
3122 3540 3324 3603 εὐθέως
3379 3543 3576 3610 ὅρκους

314 3663 380 3699 τε
413 3647 526 3708 τοῖς
557 3643 870 3714 λεγομένοις
934 3637 1268 3710 προσετίθει,
1329 3635 1424 3689 καὶ
1484 3633 1772 3700 ὲγκόλπιον
1801 3631 2063 3699 παρεῖχεν
2109 3629 2186 3688 εἰς
2229 3627 2449 3696 ἀσφαλῆ
2488 3628 2598 3681 τῶν
2621 3629 2932 3698 λεγομένων
2995 3632 3202 3686 πίστιν.
3253 3631 3339 3694 Ὠς
3361 3633 3418 3686 δὲ
3451 3652 3576 3686 συν-

318 3738 557 3806 θέμενον
604 3737 696 3788 τὺν
739 3735 967 3787 Λατῖνον
1014 3726 1152 3800 εἶχε,
1205 3728 1440 3799 παρῄνει
1485 3729 1553 3797 τῇ
1609 3722 1778 3794 μητρὶ
1821 3722 1891 3774 τά
1930 3719 2201 3790 εἰρημένα
2267 3720 2681 3788 ἀπαγγείλαντα
2729 3722 2940 3774 πείθειν
2986 3724 3182 3794 αὐτὴν,
3253 3726 3404 3796 πάσῃ
3437 3726 3573 3795 χρή..

318 3834 525 3887 «ασθαι
567 3831 660 3884 καὶ
683 3826 897 3897 ἐπινοίᾳ
952 3824 1048 3877 καὶ
1079 3823 1307 3892 σπουδῇ,
1369 3819 1510 3873 ὥστε
1580 3817 1967 3888 ἐκπολεμῶσαι
2008 3814 2258 3885 βασιλίδα
2285 3815 2365 3885 τῷ
2412 3815 2632 3886 μεγάλῳ
2665 3815 3000 3886 δομεστίκῳ.
3033 3817 3142 3870 Kal.
3174 3818 3344 3874 τᾶλλα
3376 3835 3576 3890 atposs-

319 3926 464 3979 τίθει
497 3924 532 3976 ά
566 3925 678 3983 τοῖς
725 3921 904 3982 ἄλλοις
943 3919 1130 3989 εἴρητο
1161 3914 1332 3985 αὐτῷ.
1358 3914 1439 3966 Τὰ
1467 3912 1523 3966 δὲ
1547 3909 1776 3964 τοιαῦτα
1804 3911 1886 3973 εἰς
1923 3910 2196 3980 τετάρτην
2265 3909 2481 3978 ἡμέραν
2529 3909 2589 3975 ἐξ
2651 3904 2718 3980 ἦς
2760 3905 2894 3980 ἧκεν
2963 3911 3043 3972 εἰς
3087 3911 3380 3974 Βυζάντιον
3426 3914 3578 3982 αὐτῷ

322 4015 782 4078 συνεσκευάζετο.
829 3997 939 4064 Kal.
982 4010 1108 4063 ἐπεὶ
1157 4007 1363 4060 καθένα
1435 4003 1562 4065 τοὺς
1605 4003 1933 4072 εἰρημένους
1974 3997 2089 4071 εἶχε
2158 3999 2581 4070 πεπεισμένους,
2607 3999 2765 4063 αὖθις
2800 4002 3027 4055 συνίστα
3072 4003 3195 4066 τοὺς
3225 4004 3420 4072 όμοίαν
3450 4005 3580 4074 περὶ
3633 3999 3636 4002 ’

321 4113 423 4165 τοῦ
479 4110 721 4177 πολέμου
782 4106 1008 4176 γνώμην
1039 4104 1263 4172 ἔχοντας
1305 4100 1520 4168 ἑκάστῳ
1585 4097 1968 4166 ἀπαγγέλλων.
2011 4096 2252 4169 Παρῄνει
2297 4114 2359 4151 τε
2401 4100 2554 4167 κοινῇ
2607 4096 3098 4166 βουλευσαμένους,
3134 4097 3258 4153 ὅθεν
3294 4099 3359 4154 ἂν
3391 4099 3578 4174 δοκοῖη

328 4203 543 4274 βέλτιον
580 4201 674 4252 τὸν
701 4199 936 4267 πόλεμον
970 4195 1164 4246 κινεῖν.
3084 4218 3086 4221 .

1758 4306 1983 4364 CAPUT
2027 4305 2146 4360 XX.

331 4415 752 4483 Cozijuratorum
780 4421 922 4462 astus
948 4409 1001 4462 in
1039 4401 1780 4483 imperatricencouvenienda.
1808 4401 2083 4483 Accusatio
2129 4402 2312 4483 magna:
2351 4399 2641 4454 domestici.
2689 4398 3050 4483 {inperari-cis
3095 4403 3475 4483 ueransuspicio
3523 4414 3575 4458 et

404 4468 766 4537 initerdirtum.
795 4481 958 4531 Asani
993 4468 1203 4529 Artatus
1232 4489 1348 4525 cum
1375 4471 1607 4540 Zampea
1644 4479 1812 4523 matre
1837 4471 2085 4524 succedit.
2120 4468 2521 4540 His’ClAtumnus
2548 4485 2666 4522 cum
2687 4468 2822 4540 ﬁlio,
2859 4479 2907 4523 et
2940 4469 3184 4523 Manuele
3207 4468 3573 4528 σαηιὶιεαδεην

401 4568 612 4621 genero.
655 4554 844 4605 Omnes
876 4549 1213 4621 rejiciuntur,
1245 4559 1370 4621 quos
1406 4537 1745 4621 Apocaucltus
1776 4540 2092 4621 audaciores
2109 4540 2254 4621 facit.
2289 4537 2550 4621 Ifostremi
2584 4539 2912 4621 patriarcha,
2940 4547 2990 4621 et
3021 4541 3348 4596 Andronicus
3375 4546 3579 4621 detines

405 4606 559 4690 quasi
596 4621 765 4672 triarii
795 4606 1272 4684 cum'imperatricé
1326 4606 1597 4663 decertant
1624 4617 1672 4661 et
1713 4625 1831 4662 eum
1882 4610 2124 4673 vincunt,-
2175 4610 2251 4661 ita
2311 4616 2509 4673 tamen,
2540 4616 2596 4660 ut
2636 4622 2700 4660 ea:
2751 4606 3022 4662 Occidente
3067 4626 3330 4665 reversum
3381 4614 3578 4675 iudicio

402 4691 768 4744 arcessendum
792 4690 1058 4740 decernat.

405 4811 516 4863 Kal.
543 4808 667 4860 ἐπεὶ
709 4806 846 4875 πρὸς
885 4801 1236 4871 πατριάρχην
1271 4793 1431 4868 ἧκον,
1460 4795 1634 4848 ἐδόκει
1664 4790 1792 4856 δεῖν,
1828 4792 1895 4861 μὴ

2079 4789 2148 4846 Ut
2181 4792 2246 4846 ad
2276 4792 2642 4861 patriarcham
2669 4801 2962 4858 venerunt,
2992 4793 3218 4862 placuit,
3244 4810 3354 4849 non
3383 4809 3576 4848 omnes

333 4902 564 4970 ἁθρύους
618 4894 986 4963 ἀπαγγέλλειν
1044 4889 1279 4960 βασιλίδι
1326 4887 1362 4939 ἃ
1414 4881 1900 4953 ἐσκέψαντο,άλλὰ

335 4991 454 5043 κατ’
499 4990 712 5056 ὀλίγους
761 4982 1108 5054 προσιόντας,
1147 4980 1233 5032 ἵνα
1291 4977 1421 5048 μήθ’
1452 4975 1690 5044 ὑποψίαν
1736 4972 1904 5041 παρέ-

336 5082 476 5152 χοιέν
524 5097 666 5141 τινα,
703 5077 841 5130 ἀλλά
880 5075 974 5128 καὶ
1028 5074 1228 5142 μᾶλλον
1268 5067 1702 5136 καταπλήττοιεν
1744 5079 1900 5115 σννεο

337 5173 441 5241 χῶς
483 5187 543 5222 τε
589 5168 854 5238 περὶτῶν
897 5165 1078 5218 αὐτῶν
1123 5160 1523 5226 διαλεγόμενοι,
1557 5157 1655 5208 καὶ
1703 5154 1901 5224 μᾶλλον

339 5263 570 5314 πείθοιεν
623 5258 800 5329 ἀληθῆ
850 5255 1094 5326 νομίζειν
1122 5254 1189 5306 τὰ
1236 5252 1341 5304 ὑπὸ
1385 5250 1601 5302 πολλῶν
1639 5247 1904 5308 ὡσαύτως

339 5354 624 5422 εἰρημένα.
665 5349 941 5402 Ἐδέδοκτο
983 5346 1050 5414 δὴ
1092 5345 1323 5413 ’Δσάνην
1359 5342 1576 5410 πρῶτον
1606 5341 1697 5392 τὸν
1729 5339 1902 5408 μέγαν

342 5441 502 5495 δοῦκα
528 5443 620 5496 καὶ
646 5440 1056 5493 Κωνσταντῖνον
1079 5435 1170 5487 τὸν
1201 5433 1428 5500 ἀδελφὸν
1487 5430 1783 5502 προσάγειν
1806 5428 1903 5498 τὴν

346 5537 534 5604 πεῖραν
567 5532 818 5602 βασιλίδι.
846 5528 1242 5601 Προσελθόντες
1271 5521 1586 5591 τοιγαροῦν,
1615 5522 1707 5572 καὶ
1734 5520 1904 5572 πολλά

345 5625 465 5692 περὶ
509 5623 608 5692 τῆς
659 5624 738 5685 εἰς
773 5623 944 5691 αὐτὴν
989 5618 1200 5682 εὐνοίας
1243 5618 1338 5671 καὶ
1391 5611 1615 5684 βασιλέα
1674 5612 1906 5678 προδιαδ

2001 4883 2162 4937 simul
2197 4884 2557 4938 clandestinis
2605 4884 2808 4953 agitata
2855 4884 3106 4938 consiliis
3141 4897 3437 4952 exponere,
3476 4885 3570 4936 sed

2001 4988 2207 5043 paucos
2255 4990 2352 5043 per
2378 4974 2784 5028 successionem
2828 4974 2894 5028 ad
2944 4989 3064 5028 eam
3101 4973 3275 5038 adire,
3308 4985 3366 5026 ut
3395 4989 3575 5042 neque

2005 5067 2367 5135 suspicionem
2393 5065 2630 5134 aliquam
2661 5065 2877 5128 darent,
2915 5064 3008 5117 sed
3045 5061 3217 5132 magis
3245 5077 3366 5115 eam
3399 5072 3573 5116 terre-

2007 5165 2150 5217 rent.
2198 5155 2326 5208 dum
2378 5157 2576 5211 crebro
2626 5156 2694 5210 de
2734 5155 2929 5208 iisdem
2987 5153 3344 5216 dissererent,
3390 5163 3446 5207 et
3504 5157 3573 5207 ad

2006 5246 2341 5302 credendum
2373 5257 2630 5316 tanquam
2660 5247 2809 5300 veris
2832 5245 3199 5312 impellerent,
3226 5242 3354 5313 quia
3381 5259 3410 5297 a
3435 5245 3577 5299 mul-

2009 5346 2078 5398 tis
2099 5345 2290 5398 eadem
2324 5351 2699 5396 narrarentur.
2727 5341 2996 5396 Convenit
3018 5350 3222 5403 autem,
3251 5350 3310 5394 ut
3336 5340 3574 5394 lsaacius

2010 5448 2238 5502 magnus
2301 5432 2450 5495 dux,
2493 5441 2547 5484 et
2596 5430 2990 5484 Constantinus
3039 5430 3159 5499 ejus
3214 5429 3386 5484 frater
3436 5433 3575 5484 Αςιι-
3681 5485 3694 5493 ,

2007 5536 2106 5573 nes
2145 5518 2302 5587 primi
2358 5519 2602 5572 animum
2656 5520 2912 5587 Augustae
2962 5519 3434 5588 periclitareutur.
3471 5522 3574 5587 Qlll

2009 5609 2260 5678 ingressi,
2314 5617 2370 5662 et
2422 5608 2672 5678 pluribus
2706 5611 2772 5665 de
2827 5626 2926 5665 sua
2974 5611 3025 5665 in
3062 5612 3232 5679 ipsam
3290 5612 3574 5680 filiumque
