3998 6198
496 280 607 344 815
1230 324 1237 331 -
1664 283 1987 346 JOANNIS
2024 273 2547 343 CANTACUZENI
3584 274 3669 341 816

502 397 890 466 imperatorem
920 397 1201 453 voluntate
1234 397 1467 469 prmfati,
1503 413 1564 456 se
1597 414 1759 455 nosse
1790 400 2061 463 dicebant,

2176 398 2458 469 λεχθέντες
2505 396 2596 450 τὸν
2650 395 2787 462 υίδν,
2820 393 3014 449 ἔπειτα
3049 386 3258 463 ἔφασαν
3298 390 3384 445 τδν
3423 391 3572 462 μέγαν
3607 391 3678 443 δοι

501 500 759 557 magnum
806 486 1172 544 domesticum
1224 488 1329 545 sibi
1371 490 1534 563 413
1586 490 1883 561 imperium
1926 506 2061 545 asset

2176 491 2436 561 μέστικον
2463 488 2657 541 είδέναι
2685 488 2786 556 τὴν
2813 486 3095 557 βασιλείαν
3136 483 3314 554 ἑαυτῷ
3340 482 3681 552 περιποιούμεο

498 590 644 644 rere,
705 587 762 633 et
810 577 963 634 brevi
1014 581 1251 651 cogitata
1299 582 1694 654 perfecturum.
1745 581 1898 648 Quod
1949 596 2061 637 cum

2172 600 2284 644 νον,
2318 583 2410 633 καὶ
2438 581 2563 633 ὅσον
2605 578 2820 631 οὐδέπω
2859 578 2959 647 τὴν
2999 577 3242 630 ἐπίνοιαν
3265 577 3344 638 εἰς
3373 575 3521 644 ἔργον
3558 572 3686 637 ἄγειν

503 668 943 740 indignissimum
964 681 1227 737 statuant,
1248 672 1522 743 iudicasse
1546 670 1771 726 minime
1792 671 2061 742 tegendas,

2175 670 2595 741 βεϐουλημένον.
2637 670 2854 740 Ὅσπερ
2907 669 3093 730 αὐτοῖς
3116 673 3207 719 ’τε
3251 666 3385 733 ἄγαν
3429 665 3559 729 εδοξε
3598 664 3689 716 τῶν

459 793 462 797 ~
500 762 599 816 sed
636 762 690 817 in
723 771 970 832 apertum
1000 763 1355 833 proferendas
1395 762 1641 827 insidias,
1669 771 1731 816 ut
1760 779 1819 817 re
1850 776 2061 831 perspe~

2171 761 2513 827 δεινοτάτων,
2541 761 2640 815 καὶ
2668 760 2780 814 δεῖν
2834 760 2907 830 μὴ
2944 758 3371 826 συγκαλύπτειν,
3401 755 3524 809 ἀλλὰ
3549 755 3690 825 δήλην

504 860 613 914 cta,
663 852 814 908 etde
862 868 919 908 se
956 854 1070 923 ipsa
1134 867 1189 908 et
1232 852 1301 909 de
1352 852 1543 909 liberis
1589 851 1734 921 quod
1774 867 1911 922 opus
1942 853 2069 914 erit.

502 940 786 999 decernat.
821 943 941 997 Non
992 944 1138 998 enim
1188 956 1277 998 res
1316 957 1510 1012 parvas
1543 942 1598 996 in
1648 942 1941 997 discrimen
1973 957 2070 996 vo-

502 1030 640 1092 cari,
690 1030 784 1084 sed
842 1029 894 1085 id
958 1033 1070 1101 agi,
1121 1042 1304 1086 utrunt
1355 1047 1477 1086 cum
1533 1030 1798 1101 dignitate
1860 1031 2066 1093 vivant,

500 1130 716 1174 retento
747 1122 1000 1192 imperio.
1032 1122 1178 1194 quod
1216 1124 1341 1195 jure
1378 1132 1607 1194 paterno
1633 1122 1849 1177 illorum
1869 1121 1960 1187 sit,
2000 1136 2067 1175 an

504 1221 627 1261 cum
653 1209 923 1265 dedecore
964 1210 1236 1266 intereant
1297 1214 1416 1282 ejus
1466 1210 1698 1276 insidiis,
1736 1211 1828 1279 Qui
1857 1225 2069 1265 summa

499 1308 682 1351 rerum
721 1300 1179 1366 administranda,
1216 1311 1419 1355 tantam
1446 1301 1550 1355 sibi
1592 1300 1889 1371 potentiam
1922 1314 2071 1355 com-

498 1390 725 1457 pararit.
782 1392 1130 1462 lmperatrix,
1168 1392 1483 1461 suspicione
1539 1392 1827 1446 veritatem
1895 1390 2068 1459 ipsam

498 1480 799 1549 attingens,
853 1496 963 1534 non
999 1482 1164 1536 modo
1213 1481 1614 1551 querimoniam
1643 1497 1751 1536 non
1793 1480 2067 1552 probarit,

497 1570 593 1625 sed
637 1586 757 1624 eam
794 1581 1059 1641 praeterea
1100 1575 1216 1629 visa
1249 1581 1333 1628 est
1378 1573 1606 1628 moleste
1653 1572 1822 1639 ferre,
1857 1587 2065 1643 eosque

496 1660 806 1723 admonuit.
844 1670 906 1716 ut
937 1662 1023 1717 his
1069 1662 1555 1718 criminationibus
1597 1662 2063 1731 supersederent:

495 1751 763 1822 quidquid
793 1753 939 1808 enim
978 1754 1046 1810 de
1069 1769 1266 1824 magno
1296 1754 1600 1810 domestico
1628 1754 1863 1820 dicatur,
1893 1754 2066 1823 ipsam

497 1838 568 1893 ab
596 1856 661 1894 eo
694 1842 925 1897 distrahi
976 1858 1039 1898 ac
1066 1843 1335 1899 dissidere
1361 1859 1467 1898 non
1495 1858 1672 1912 posse,
1704 1859 1824 1913 quin
1854 1858 1982 1899 vera
2011 1852 2068 1897 ct

499 1943 894 1999 consentanea,
924 1951 1034 1989 non
1062 1936 1440 1991 eommentitia
1462 1935 1528 1990 de
1559 1935 1654 1990 illo
1678 1936 1835 2002 plane
1854 1934 2065 2001 credat.

444 2042 457 2047 -
509 2021 800 2093 Postquam
855 2026 910 2080 hi
957 2025 1205 2082 frustrati
1254 2037 1621 2092 recesserunt,
1670 2026 1912 2081 Artotus'
1941 2041 2066 2081 cum

496 2126 670 2171 matre
710 2117 951 2172 mittitur
976 2160 992 2182 ,
1041 2120 1135 2188 qui
1174 2120 1368 2174 eadem
1418 2128 1727 2183 narrantes,
1770 2129 2065 2190 antequam

492 2206 861 2274 absolvet-ent,
908 2224 1031 2263 cum
1082 2210 1191 2265 bile
1243 2218 1298 2266 et
1346 2215 1627 2266 stomacho
1673 2211 1858 2283 rejecti
1914 2220 2063 2266 sunt.

493 2294 766 2350 Postridie
819 2295 1106 2353 Chumnus
1139 2313 1262 2353 cum
1314 2298 1425 2353 lilio
1463 2309 1520 2354 et
1567 2316 1770 2370 genero
1814 2300 2064 2355 Manuele

490 2385 876 2442 Cautacuzeuo
926 2388 1087 2454 duce,
1135 2401 1192 2444 et
1241 2389 1442 2445 Gabala
1498 2392 1729 2451 accedit.
1764 2392 1919 2460 quasi
1969 2392 2060 2460 qui

493 2479 773 2532 recentius
825 2481 1107 2548 quidpiam
1166 2481 1500 2535 rescierint:
1544 2481 1809 2550 explicate
1858 2496 2064 2535 memo-

488 2576 638 2633 rant,
683 2582 789 2621 non
822 2567 1210 2632 desidendum,
1250 2568 1344 2622 sed
1390 2568 1459 2621 ad
1490 2568 1598 2621 vim
1636 2567 2061 2636 propulsandam

490 2660 926 2730 exsurgendum,
956 2675 1014 2715 se
1045 2662 1276 2730 pecunia
1308 2670 1364 2715 et
1391 2661 1558 2715 armis
1586 2661 1791 2715 bellum
1808 2660 2060 2715 ,l'oturos.

486 2750 625 2805 Nam
652 2767 777 2806 cum
805 2753 1240 2808 benevolentiam
1289 2754 1561 2822 iidemque
1598 2752 1911 2823 imperatori
1935 2751 2061 2808 inde

488 2859 520 2899 a
554 2846 787 2913 pueritia
831 2845 1174 2909 navaverint,
1210 2856 1317 2900 tam
1348 2845 1727 2900 incredibilem
1772 2845 2059 2900 audaciam

490 2937 636 2990 ferre
677 2937 934 3005 nequire,
965 2937 1236 3005 tnallcqnc
1286 2942 1450 2991 etiam
1496 2937 1708 2990 animas
1737 2951 1864 2990 suas
1893 2935 2061 3006 proji-

2171 853 2270 922 τὴν
2321 853 2617 923 ἐπιϐουλὴν
2670 855 2864 917 ποιεῖν,
2924 851 2992 905 ἵν’
3045 851 3364 919 αἰσθομένη,
3417 849 3482 902 τὰ
3529 849 3690 901 δέοντα

2175 944 2303 1015 περί
2351 962 2409 997 τε
2444 944 2645 1014 ἑαυτῆς
2694 942 3053 1014 βουλεύσηται
3110 943 3202 997 καλ⁵
3249 943 3467 996 τέκνων.
3495 941 3563 993 Οὐ
3606 942 3696 1010 γὰρ

2176 1041 2304 1111 περὶ
2337 1040 2551 1109 μικρῶν
2584 1055 2749 1093 τινων
2777 1034 2918 1092 εἶναι
2957 1039 3049 1093 τὸν
3097 1036 3340 1091 κίνδυνον
3381 1036 3569 1096 αὐτοῖς,
3596 1034 3691 1118 ἀλλ’

2173 1126 2285 1181 εἴτε
2327 1127 2428 1198 ζῇν
2465 1127 2645 1192 καλῶς
2671 1128 2772 1197 τῆς
2804 1129 2869 1181 ἐκ
2917 1124 3174 1197 πατρῴου
3208 1126 3408 1196 κλήρου
3436 1126 3698 1193 προστριού-

2174 1237 2274 1291 σης
2326 1219 2622 1289 ἐχομένους
2671 1219 2972 1290 βασιλείας,
3022 1220 3054 1290 ἢ
3110 1218 3474 1287 ἀποθνήσκειν
3519 1214 3699 1275 ἀκλεῶς

2140 1309 2658 1374 ίέπιϐουλευθέντας
2697 1311 2791 1363 ὑπ’
2828 1310 3043 1364 ἐκείνου
3088 1309 3323 1379 δύναμιν
3361 1306 3606 1373 τοσαύτην
3647 1307 3699 1358 ιιι

2168 1402 2262 1455 τοῦ
2290 1401 2399 1453 τῶν
2434 1403 2780 1471 πραγμάτων
2810 1402 2999 1472 ἄρχειν
3024 1402 3389 1470 κεκτημένου.
3422 1397 3624 1459 Βασιλὶς
3651 1396 3699 1448 δὲ

2169 1493 2740 1563 ὑποπτεύουσα-ὅπερ
2776 1488 2866 1563 ἦν,
2896 1495 2956 1546 ού
3024 1494 3185 1563 μόνον
3236 1492 3335 1545 οὐκ
3389 1490 3600 1559 ἐπῄνεσε
3643 1488 3701 1541 τά

2168 1583 2458 1654 είρημένα,
2511 1582 2630 1637 ἀλλ’
2681 1585 2844 1654 ίῴκει
2904 1584 2998 1636 καὶ
3048 1584 3327 1653 άχθομένη
3384 1581 3469 1635 διὰ
3527 1579 3695 1634 ταῦτα.

2171 1674 2401 1746 ’παρῄνει
2439 1691 2501 1727 ἰε
2532 1676 2720 1737 αὐτοῖς
2752 1674 3054 1744 ἀπέχεσθαι
3095 1676 3204 1727 τῶν
3233 1673 3614 1741 συκοφαντιῶν,
3638 1672 3700 1733 ὡς

2168 1764 2379 1829 οὐδενὸς
2404 1764 2484 1819 δσ⁹
2523 1765 2590 1819 ἄν
2618 1780 2702 1828 τις
2736 1765 2880 1818 εἴποι
2934 1762 3219 1819 διάστασιν
3266 1767 3405 1834 αὐτῇ
3433 1763 3703 1832 δυναμένου

2171 1858 2310 1926 προς
2365 1857 2457 1908 τὸν
2514 1857 2686 1926 μέγαν
2752 1855 3082 1926 δομέστικον
3156 1856 3486 1926 ὲμποιῆσαιο
3542 1853 3703 1921 σαφῶς

2169 1948 2514 2015 πεπεισμένη
2561 1947 2773 2015 τάληθῆ
2829 1947 2924 2000 καὶ
2974 1946 3327 2015 προσήκοντα
3375 1945 3499 2013 περὶ
3535 1941 3701 1996 αὑτοῦ.

2170 2034 2328 2087 Ἐπεὶ
2345 2034 2399 2087 δὲ
2430 2034 2704 2102 ἄπρακτοι
2732 2035 2929 2088 ἐκείνοι
2952 2035 3249 2103 ἐπανῆκον,
3266 2033 3526 2103 Ἀρτῶτος
3559 2041 3703 2100 προσι

2166 2125 2447 2193 επέμπετο
2519 2123 2637 2194 ἅμα
2693 2125 2760 2193 τῇ
2824 2124 2992 2194 μητρί
3040 2139 3058 2156 ο
3115 2124 3186 2177 τά
3240 2125 3334 2177 ίσα
3384 2122 3440 2175 δὲ
3493 2122 3703 2174 κάκείνω

2165 2214 2624 2282 ἀπαγγείλαντες,
2676 2215 3122 2285 ἀπεπέμφθησαν
3178 2216 3319 2285 πρὸς
3372 2214 3570 2285 ὀργὴν,
3602 2209 3703 2265 οὐδδ

2164 2305 2320 2369 δλους
2361 2305 2594 2373 ἀκούσαι
2639 2307 2745 2375 τῆς
2792 2305 3064 2375 βασιλίδος
3110 2307 3239 2370 τοὺς
3269 2307 3464 2373 λόγους
3502 2307 3706 2370 ἀνασχο-

2169 2378 2356 2467 μένηςξ
2390 2395 2482 2458 Et;
2507 2397 2606 2466 τὴν
2633 2397 2931 2467 ὑστεραίαν
2960 2397 3017 2450 δὲ
3041 2399 3070 2450 δ
3100 2396 3359 2466 Χοῦμνος
3390 2397 3504 2464 ἅμα
3531 2396 3627 2446 υίεί
3650 2408 3701 2445 τε

2165 2487 2259 2539 καί⁵
2306 2485 2540 2557 κηδεστῇ
2593 2486 2853 2557 Μανουὴλ
2897 2484 3350 2557 Καντακουζηνῷ
3393 2485 3470 2556 τῷ
3498 2497 3704 2554 στρατηο

2168 2577 2435 2647 γοπούλῳ,
2496 2577 2592 2630 καὶ
2653 2576 2901 2641 Γαϐαλᾶς
2950 2577 3152 2647 ὁμοίως
3209 2576 3442 2647 βασιλίδι
3500 2573 3701 2645 προσελο

2162 2667 2370 2729 θόντες,
2397 2666 2474 2728 ὡς
2502 2664 2566 2736 δή
2596 2682 2650 2718 τι
2679 2666 2947 2731 νεώτερον
2977 2666 3352 2735 πεπυσμένοι,
3392 2661 3701 2735 ἀπήγγελλον

2167 2758 2313 2827 μετὰ
2345 2756 2584 2826 σπουδῆς
2604 2770 2619 2786 ’
2654 2756 3048 2812 συνεϐούλευόν
3086 2774 3147 2811 τε
3179 2757 3254 2829 μὴ
3286 2758 3569 2830 ῥᾳθυμεῖν,
3591 2754 3704 2809 ἀλλὰ

2160 2848 2541 2902 διανίστασθαι
2573 2851 2708 2919 πρὸς
2739 2848 2955 2920 ἄμυναν
2983 2850 3061 2912 ὡς
3091 2850 3187 2903 καὶ
3233 2851 3423 2904 αὐτῶν
3464 2850 3553 2903 καὶ
3587 2847 3701 2918 χρή-

2166 2956 2301 3009 μασι
2343 2940 2437 3023 καὶ
2480 2939 2667 3001 ὅπλοις
2718 2941 3188 3010 συνεφαψομένων
3230 2941 3333 2995 τοῦ
3364 2941 3609 3011 πολέμου.
3638 2936 3703 2992 Οθ

488 3039 637 3093 cere,
666 3029 973 3101 quamnunc
999 3026 1187 3082 videre
1234 3038 1286 3082 et
1317 3029 1547 3097 perpeti.
1582 3028 1903 3102 lmperatrix
1931 3044 2057 3083 cum

2163 3030 2273 3100 γὰρ
2313 3031 2502 3103 φέρειν
2546 3033 2614 3101 τῇ
2645 3032 2726 3093 εἰς
2759 3031 2983 3101 βασιλέα
3022 3032 3210 3104 εὐνοίᾳ
3252 3033 3356 3088 καὶ
3403 3033 3575 3086 πίστει
3596 3045 3703 3083 συν-

488 3130 694 3200 gratias
739 3131 806 3184 de
857 3137 963 3183 tam
998 3144 1264 3201 propensa
1305 3130 1587 3185 voluntate
1618 3132 1839 3202 egissvt,
1888 3131 2059 3187 dixis-

489 3231 703 3290 setque,
737 3221 842 3276 sibi
878 3237 1100 3291 quoque
1153 3222 1379 3276 tninime
1428 3221 1657 3276 dubium
1704 3221 1906 3287 videri,
1940 3236 2057 3289 eos,

489 3313 533 3366 si
573 3312 701 3382 quid
730 3313 834 3369 tale
870 3313 1169 3378 accideret,
1195 3328 1320 3367 cum
1352 3313 1550 3383 quovis
1577 3311 1837 3367 alacriter
1868 3327 1969 3383 pro
1997 3328 2058 3369 se

487 3401 867 3465 dimicaturos,
898 3404 1223 3459 hortabatur
1264 3413 1467 3471 tamen,
1514 3412 1574 3458 ιιι
1605 3403 1675 3459 de
1725 3419 1924 3475 magno
1961 3404 2060 3459 do-

488 3493 715 3550 mestico
762 3496 864 3549 ista
915 3496 1063 3565 loqui
1118 3496 1703 3566 omitterent,qnippe
1763 3512 1911 3551 mera
1958 3496 2059 3568 lig-

486 3596 672 3640 menta
727 3593 784 3641 et
846 3586 1183 3652 calumnias;
1226 3588 1345 3657 ejus
1378 3587 1525 3643 enim
1553 3602 1676 3656 erga
1706 3600 1765 3642 se
1801 3596 1856 3643 et
1890 3587 2060 3659 impe-

488 3688 726 3732 ratorem
800 3678 972 3732 lilium
1026 3686 1280 3748 prompta
1350 3693 1413 3734 ac
1470 3686 1659 3748 parata
1713 3674 1896 3733 studia
1949 3678 2058 3733 sibi

486 3769 922 3839 eXploratissima
976 3785 1097 3826 esse
1132 3789 1146 3825 :
1180 3785 1271 3836 ne,
1323 3770 1369 3825 si
1423 3770 1646 3825 rediens
1710 3785 1769 3826 se
1831 3770 1901 3825 ab
1947 3769 2059 3825 illis

485 3860 684 3916 horum
739 3862 1027 3916 criminum
1086 3869 1406 3918 accusatum
1469 3858 1762 3930 intelligat,
1810 3861 1867 3916 id
1920 3860 2060 3931 ipsis

483 3955 687 4010 merito
717 3940 1008 4009 irascatur.
1048 3954 1140 4010 Sic
1176 3954 1584 4023 imperatricem
1610 3952 1751 4008 nihil
1781 3953 2055 4021 dictorum

487 4059 518 4099 a
541 4044 894 4115 praeiudicata
926 4045 1209 4114 opinione,
1240 4045 1425 4098 omnia
1456 4060 1556 4111 pro
1587 4043 1785 4099 fabulis
1814 4059 1844 4099 e
1872 4044 2059 4114 cujus,-

486 4152 595 4206 que
627 4136 845 4205 ingenio
872 4135 1131 4207 proiectis
1156 4132 1447 4190 ducentem
1480 4136 1712 4205 depulit.
1742 4134 1880 4190 Cum
1915 4145 1968 4189 et
1998 4134 2056 4189 bi

485 4228 554 4281 ad
586 4226 725 4281 alios
757 4225 1012 4298 regressi,
1050 4241 1373 4296 responsqu
1407 4226 1749 4287 retulissent.
1781 4241 1891 4280 non
1921 4226 2058 4281 levis

487 4321 657 4376 timor
707 4322 931 4376 incessit
993 4334 1210 4385 omnes,
1266 4329 1512 4373 extremo
1553 4319 1666 4389 iam
1715 4319 1964 4388 periculo
1995 4334 2057 4376 se

2160 3122 2593 3194 τεθραμμένους,
2625 3123 2726 3195 τὴν
2769 3123 3076 3195 ὑπερϐολὴν
3122 3126 3258 3197 δρᾷν
3291 3125 3409 3180 τῶν
3455 3121 3707 3194 τολμωμέ-

2161 3229 2268 3266 νων
2291 3230 2307 3247 α
2341 3213 2458 3267 ἀλλ’
2491 3214 2840 3285 ἑτοιμότερον
2871 3215 3017 3285 ἔχειν
3050 3217 3145 3269 καὶ
3176 3216 3280 3278 τὰς
3330 3217 3504 3288 ψυχὰς
3549 3216 3705 3285 apeir-

2164 3304 2289 3358 σθαι
2323 3307 2516 3373 αὐτὰς,
2556 3307 2589 3379 ἢ
2621 3308 2848 3361 τοιαῦτα
2879 3310 3143 3380 γινόμενα
3181 3311 3474 3381 περιϊδεῖν.
3509 3307 3703 3369 Βασιλὶς

2160 3396 2216 3450 δὲ
2253 3398 2349 3450 καὶ
2393 3399 2577 3461 αὐτοῖς
2607 3400 2995 3472 δμολογήσασα
3032 3401 3133 3470 τῆς
3179 3401 3500 3472 προθυμίας
3542 3400 3702 3472 χάριν.

2160 3490 2258 3543 καὶ
2305 3492 2598 3545 πεπεῖσθαι
2643 3492 2738 3546 καὶ
2776 3494 2919 3562 αὕτη
2954 3495 3145 3563 σαφῶς
3196 3494 3459 3559 είποῦσα,
3488 3493 3559 3556 ὡς
3587 3492 3635 3544 εί
3658 3506 3705 3543 τι

2161 3580 2406 3650 συμϐαίη
2430 3582 2693 3649 τοιοῦτον,
2718 3581 3014 3653 προθύμως
3042 3581 3207 3636 παντί
3227 3601 3311 3652 τῳ
3331 3584 3704 3653 πολεμήσουσιν

2158 3668 2300 3738 ὑπὲρ
2342 3670 2535 3739 αὐτῆς,
2583 3668 2781 3725 ἔπειτα
2835 3672 3072 3742 παρῄνει
3121 3673 3229 3727 τῶν
3283 3673 3435 3727 κατὰ
3495 3670 3703 3741 μεγάλου

2159 3761 2480 3830 δομεστίκου
2530 3762 2706 3831 λόγων
2758 3763 3123 3834 ἀποσχέσθαι,
3154 3765 3232 3830 ὡς
3276 3767 3438 3820 οὐδὲν
3490 3760 3702 3832 ὄντωνῆ

2159 3851 2387 3923 πλάσμα
2417 3855 2513 3906 καὶ
2550 3858 2940 3924 συκοφαντίαν,
2974 3856 3172 3910 εἰδέναι
3204 3857 3321 3928 γὰρ
3367 3855 3598 3928 ἀκριϐῶς
3620 3853 3704 3923 τὴν

2159 3947 2370 4000 ἐκείνου
2418 3946 2554 4015 πρὸς
2603 3947 2772 4019 αὐτὴν
2801 3947 3015 4002 εὔνοιαν
3042 3951 3139 4003 καὶ
3187 3949 3420 4018 βασιλέα
3442 3951 3531 4004 τὸν
3561 3948 3660 4001 υίόν
3687 3961 3702 3977 ο

2164 4040 2239 4112 μη
2279 4042 2372 4094 καί⁵
2423 4040 2560 4110 μετὰ
2609 4042 2713 4111 τὴν
2758 4042 3017 4097 ἐπάνοδον
3054 4042 3123 4095 τά
3175 4043 3311 4114 παρ’
3358 4044 3510 4114 ὑμῶν
3558 4037 3702 4095 αὐτοῦ

2161 4133 2587 4203 κατηγορημένα
2665 4133 2928 4203 ἐκμαθὼν
2999 4134 3229 4198 δικαίως
3302 4135 3521 4205 ἄχθοιτο
3590 4132 3702 4202 ὑμῖν

2158 4225 2383 4279 τοιαῦτα
2419 4225 2689 4295 είρηκόσι.
2722 4225 2940 4287 Βασιλὶς
2970 4225 3071 4296 μὲν
3093 4220 3188 4278 οὖν
3216 4224 3364 4279 οὕτω
3392 4225 3525 4294 πρὸς
3551 4221 3698 4290 μηδὲν

2159 4314 2269 4370 τῶν
2293 4316 2599 4387 είρημένωι
2626 4317 2736 4371 τῶν
2763 4317 3000 4387 ὲξαρχῆς
3041 4318 3232 4388 ἐξέστη
3255 4317 3552 4387 λογισμῶν,
3582 4311 3701 4367 άλλᾶ

484 4414 894 4469 circumventos
922 4412 1326 4473 existimantes,
1356 4410 1460 4465 nisi
1500 4409 1636 4479 quid
1678 4409 1844 4466 dictis
1871 4410 2056 4467 ellica-

2164 4410 2457 4482 πλάσματα
2484 4413 2669 4481 ἠγεῖτο
2718 4411 2895 4467 πάντα
2925 4413 3051 4465 ὑπὸ’
3075 4412 3174 4480 τῆς
3219 4414 3460 4467 ἑκάστου
3487 4407 3701 4467 διανοίας

488 4508 608 4559 cius
666 4504 999 4559 invenirent.
1049 4502 1202 4570 Quos
1250 4502 1616 4571 Apocauchus
1670 4512 1951 4566 mouere,’
1986 4517 2058 4556 ne

488 4606 908 4656 cunctarentur.
956 4611 1082 4651 nam
1116 4596 1186 4651 de
1234 4610 1430 4665 magno
1473 4593 1777 4652 domestico
1821 4593 2054 4665 prolata.

488 4697 597 4742 tam
628 4686 815 4742 multis
837 4686 1076 4741 consciis
1101 4686 1321 4742 silentio
1353 4687 1461 4757 tegi
1483 4702 1591 4742 non
1619 4700 1779 4757 posse
1812 4701 1829 4740 :
1858 4699 1982 4754 quae
2011 4684 2058 4739 si

489 4776 765 4840 rescierit,
803 4776 975 4832 licere
1002 4776 1181 4831 cuivis
1210 4776 1517 4848 intelligere
1549 4776 1783 4847 periculi
1809 4775 2056 4832 secuturi

487 4867 946 4940 magnitudinem.
978 4852 1145 4947 51h
1170 4868 1378 4924 idcirco
1411 4868 1755 4929 .hortabatur
1775 4906 1790 4932 ,
1845 4884 1915 4924 ne
1961 4867 2060 4923 de-

487 4962 803 5032 speratione
857 4960 1028 5025 victi,
1078 4959 1294 5015 actione
1359 4959 1728 5024 desisterent,
1787 4959 1884 5014 sed
1932 4959 2062 5014 aliis

488 5054 747 5110 omnibus
787 5050 1138 5123 posthabitis,
1195 5050 1301 5105 hoc
1353 5063 1524 5104 unum
1571 5059 2057 5120 persequerentur,

470 5142 551 5198 ἰιι
580 5143 649 5201 de
674 5140 1036 5198 acerbissimo
1082 5139 1242 5195 hoste
1274 5137 1704 5207 triumpharent,
1739 5144 1835 5191 aut
1866 5135 2060 5191 saltem

488 5253 561 5293 ne
617 5235 964 5293 atrocissime
1016 5233 1087 5288 ab
1137 5248 1205 5288 eo
1260 5232 1651 5287 multarentur.
1704 5227 1946 5286 Proinde
1989 5227 2060 5282 ad

472 5326 856 5398 patriarcham
882 5334 947 5380 ct
975 5323 1346 5380 Andronicum
1375 5323 1634 5388 Asanem,
1666 5320 1849 5390 magni
1872 5319 2062 5375 dome-

492 5420 615 5475 Stici
636 5432 909 5483 socerum,
928 5416 1080 5471 velut
1104 5418 1171 5471 ad
1192 5430 1403 5471 sacram
1421 5415 1719 5471 anchoram
1739 5410 2061 5482 confugien-

491 5508 624 5563 dum
679 5509 1309 5578 iudicaruntzquorum
1368 5505 1499 5576 quia
1548 5504 1731 5576 potior
1790 5508 1941 5558 esset
1992 5499 2061 5555 ad

494 5597 936 5667 persuadendum
991 5596 1324 5662 auctoritas,
1380 5611 1478 5666 per
1529 5595 1677 5666 ipsos
1724 5591 2062 5664 impcratrici

493 5694 762 5744 tenorem
810 5702 874 5741 ac
924 5697 1131 5742 metum
1188 5689 1519 5745 incuterent.
1563 5689 1700 5743 Nam
1751 5686 2070 5768 patriarcha

2159 4502 2649 4572 άναπεπλασμένα.
2696 4504 2784 4565 ὀς
2818 4501 2877 4556 δὲ
2907 4504 3000 4556 καὶ
3027 4498 3176 4556 οὗτοι
3209 4504 3347 4574 πρὸς
3380 4505 3503 4565 τοὺς
3535 4498 3702 4557 ἄλλους

2161 4592 2530 4657 συνελθόντες,
2562 4594 2661 4647 ὅσα
2683 4594 2718 4665 η
2749 4592 2965 4663 βασιλὶς
2993 4594 3345 4663 ἀπήγγελλον
3370 4589 3699 4660 ἀποκριθείη,

2157 4683 2276 4746 δέος
2299 4682 2423 4754 ἔσχε
2456 4685 2664 4748 πάντας
2693 4685 2793 4738 οὐκ
2824 4684 3027 4753 ὀλίγον,
3058 4687 3151 4740 καὶ
3183 4688 3241 4738 ἐν
3283 4685 3531 4756 ἐσχάτοις
3555 4681 3704 4752 ᾤοντο

2159 4774 2262 4846 ἠδη
2316 4773 2669 4844 περιέχεσθαι
2727 4777 2939 4839 κακοῖς,
2990 4777 3039 4828 εί
3105 4776 3177 4845 μή
3228 4792 3285 4828 τι
3345 4772 3706 4843 βουλεύσαιντο

2159 4867 2569 4938 ἀνυσιμώτερον
2625 4866 2734 4920 τῶν
2779 4868 3106 4939 είρημὲνων.
3162 4865 3519 4920 Συνεϐούλευέ
3574 4877 3627 4917 τε
3676 4860 3702 4909 6

2162 4959 2655 5029 παρακοιμὼμενος
2711 4959 2897 5023 αὐτοῖς
2958 4958 3156 5030 μηκέτι
3211 4958 3464 5028 μέλλειν·
3506 4953 3571 5006 τὰ
3614 4950 3702 5019 μὲν

2161 5052 2270 5121 γὰρ
2318 5051 2447 5121 περὶ
2508 5048 2752 5121 μεγάλου
2809 5049 3136 5120 δομεστίκου
3204 5048 3474 5119 εἰρημένα
3539 5038 3702 5105 σιωπῇ

2162 5139 2533 5194 καλύπτεσθαι
2584 5140 2645 5193 οὐ
2697 5139 2943 5202 δυνατὸν,
2989 5138 3202 5193 πολλῶν
3254 5141 3363 5191 τῶν
3408 5133 3700 5190 συνειδότων

2161 5231 2365 5287 ὄντων’
2410 5231 2727 5302 καταδήλων
2778 5233 2837 5289 δι
2888 5233 3084 5303 ἐκείνῳ
3128 5231 3456 5301 γενομένων,
3493 5220 3699 5291 συνορᾷ)

2161 5324 2373 5388 ἔξεστιν
2426 5324 2641 5394 ἑκάστῳ
2684 5324 2778 5378 τοῦ
2828 5325 3074 5378 κινδύνου
3117 5327 3214 5395 τὴν
3264 5319 3581 5390 ὑπερϐολήν.
3619 5310 3700 5363 Διὸ

2161 5411 2282 5464 οὐδὲ
2304 5410 2538 5482 παρῄνει
2565 5410 2830 5486 ῥᾳθυμεῖν
2852 5414 3187 5483 ἀπογνόντας
3211 5412 3345 5482 πρὸς
3364 5412 3460 5479 τὴν
3486 5402 3668 5475 πρᾶξιν
3682 5434 3698 5462 9

2163 5502 2300 5556 ἀλλὰ
2325 5501 2433 5555 τῶν
2462 5502 2638 5557 ἄλλων
2672 5504 3081 5576 ἀποσχομένους
3111 5504 3350 5567 πάντων,
3388 5499 3501 5560 ἐνὸς
3524 5492 3699 5547 τούτου

2164 5592 2412 5661 γίνεσθαι
2457 5593 2643 5665 μόνου,
2702 5595 2851 5660 ὅπως
2883 5585 3276 5668 ’περιγένοιντο
3318 5588 3414 5645 τοῦ
3447 5586 3697 5651 πολεμίαν

2147 5683 2423 5769 ,ξςᾴῖου,ἢ,
2454 5685 2529 5770 ’τά
2550 5702 2613 5756 γε
2647 5687 2897 5760 δεύτερα,
2934 5689 3011 5760 μὴ
3038 5688 3105 5744 τά
3128 5688 3401 5760 ἀνήκεστα
3426 5675 3553 5749 παρ’
3574 5668 3697 5726 ἐκεί·
