3998 6198
286 293 388 359 8331
1458 297 1510 356 H
1523 297 1773 357 [5130111
1785 296 1827 352 Ας
1836 296 1879 353 R

1980 299 1999 356 Ι
2043 299 2268 360 LIBER
2309 300 2424 366 ΠΙ.
3402 300 3517 364 8ἓῖ

285 411 386 461 οὐκ
406 409 589 476 ὀλίγον
618 408 871 462 ἐνταυθοῖ·
890 410 1276 480 διατριϐόντων
1305 411 1412 463 τῶν
1429 412 1598 480 ἡδέως
1620 410 1683 464 ἂν
1711 410 1851 477 ὑπὲρ

1980 411 2094 465 Irbe
2125 414 2345 481 degant,
2370 415 2460 484 qui
2495 429 2620 470 cum
2653 414 2929 484 volbptate
2949 407 3069 484 éjus
3097 425 3258 467 causa
3285 415 3510 486 sangui-

286 500 502 553 ἐκείνου
551 500 646 552 καὶ
693 499 793 562 τὰς
843 500 1021 570 ψυχὰς
1067 501 1492 571 προησομένων,
1543 502 1638 555 καὶ
1677 518 1854 570 παρα-

1980 519 2077 555 ιρηι
2115 505 2470 572 profundent,
2497 515 2553 561 et
2583 506 2793 576 accingi
2826 506 3001 576 parati
3030 505 3162 570 sint,
3193 503 3398 572 quibus
3423 503 3524 558 illa

293 591 663 645 σκευάσασθαι
692 592 831 661 πρὸς
857 592 1064 646 ἕκαστα
1097 593 1173 656 ὡς
1201 595 1266 648 ἂν
1295 594 1492 663 ἄριστα
1522 594 1669 664 αύτῷ
1697 594 1852 664 δοκῇ,

1980 591 2295 647 ιοιίεείιηιιω
2341 609 2438 648 eos
2490 594 2696 664 accingi
2749 594 3006 658 voluerit,
3043 607 3152 646 non
3200 591 3421 646 diﬂicile
3464 599 3517 646 te

292 684 355 749 ῥα
367 683 493 744 δίως
527 683 759 753 ῆλπισας
784 685 1264 755 περιγενήσεσθαι.
1293 687 1368 738 Οῦ
1395 686 1504 754 γὰρ
1526 685 1600 748 ὡς
1632 686 1771 754 αὐτη
1795 703 1856 738 τε

1980 683 2293 751 .upcriorem
2346 684 2461 738 fore
2511 685 2761 740 confidis.
2813 684 2930 739 Non
2985 682 3190 738 etenim
3244 690 3306 736 ut
3349 688 3405 735 et
3457 690 3515 735 tu

290 773 417 838 οέι,
445 775 696 839 κάκεῖνος
721 777 1028 844 φενακίζων
1067 779 1211 847 ἡμᾶς
1252 776 1678 847 ἁπεσεμνύνετο,
1718 775 1859 828 οὕτω

1980 785 2136 837 tutas,
2177 786 2229 830 et
2278 775 2366 828 ille
2412 789 2510 828 nos
2545 775 2831 830 ludiﬂcans
2873 775 3138 846 iactabat,
3176 773 3256 828 sic
3303 773 3518 844 Byzan-

253 925 264 932 υ
295 864 435 929 πρὸς
460 863 753 927 Βυζάντιον
774 866 1033 936 ἐπανήξει
1055 871 1182 930 τοὺς
1203 869 1390 936 φίλους
1411 865 1748 930 καταλιπὼν,
1766 865 1862 918 καὶ

1985 863 2108 916 ἱιιιη
2157 863 2356 916 redibit
2419 858 2630 918 amicis'
2659 863 2901 929 relictis,
2953 875 3012 919 et
3061 863 3265 933 quibus
3318 862 3521 917 colitur

294 951 396 1020 τὴν
422 953 619 1022 πολλὴν
646 954 944 1023 θεραπείαν
972 955 1070 1026 τὴν
1097 958 1220 1026 περὶ
1245 957 1438 1008 αὐτόν’
1459 953 1606 1008 ’ὥστε
1632 971 1690 1007 σε
1717 953 1863 1022 ἔχειν

295 1043 324 1094 δ
344 1059 402 1094 τε
425 1043 606 1109 βούλει
631 1046 938 1113 χρήσασθαι
961 1045 1130 1114 αὐτῷ,
1148 1046 1262 1099 ἀλλ’
1283 1045 1440 1107 εἰδὼς
1460 1045 1534 1107 ὡς
1563 1044 1867 1096 ὑποπτεύε-

293 1149 406 1192 ται,
429 1133 490 1184 οὗ
509 1133 617 1183 τῶν
647 1133 1044 1204 εύγενεστέρων
1076 1135 1238 1203 μόνον
1266 1137 1442 1187 πείσει
1477 1132 1706 1196 πολλοὺς
1737 1133 1868 1185 ὐπο-

299 1223 522 1289 σχέσεσι
542 1224 634 1276 καὶ
651 1225 878 1293 δωρεαῖς
900 1226 1150 1294 μεγάλων
1173 1225 1417 1294 ἀγαθῶν,
1440 1224 1574 1277 ἀλλὰ
1594 1225 1687 1276 καὶ
1707 1240 1869 1293 στρα-

295 1311 421 1362 τιὰν
446 1311 669 1364 ἃπασαν
693 1314 842 1382 αὐτῷ
873 1314 1164 1383 προσέχειν
1186 1313 1594 1385 παρασκευάσει
1622 1312 1868 1382 χρήμασι

294 1402 647 1471 διαφθείραςο
676 1405 814 1474 ἔχων
843 1405 902 1458 δὲ
923 1407 1166 1474 μεγάλην
1185 1406 1422 1476 δύναμιν
1439 1407 1566 1476 περὶ
1591 1407 1775 1469 αὐτὸν,
1807 1403 1868 1456 οὐ

299 1493 467 1560 μόνον
485 1495 636 1562 ἡμᾶς
665 1497 790 1558 τοὺς
816 1497 1127 1565 ᾑρημένους
1157 1499 1350 1564 ἐκείνῳ
1375 1497 1638 1564 πολεμεῖν
1671 1493 1767 1563 τῆς
1792 1496 1872 1555 εἰς

297 1583 446 1648 ὑμᾶς
481 1584 698 1646 εὐνοίας
730 1584 892 1638 ἕνεκα
927 1586 1213 1655 διαφθερεῖ
1239 1587 1457 1658 ῥᾳδίως,
1489 1586 1627 1638 ἀλλὰ
1660 1585 1754 1637 καὶ
1789 1592 1871 1640 σοὶ

301 1670 400 1722 καὶ
425 1670 656 1736 τέκνοις,
695 1673 922 1741 μηδενὸς
946 1673 1037 1726 τοῦ
1071 1673 1392 1742 βοηθοῦντος
1421 1672 1595 1737 ὄντος,
1628 1671 1687 1723 δν
1720 1665 1870 1734 αὐτῷ

1960 951 2237 1021 obsequiis
2277 954 2384 1006 illis
2444 963 2558 1006 tam
2605 954 2812 1017 munis,
2863 963 2927 1007 ut
2965 969 3106 1008 eum
3145 946 3266 1022 ιιι-οξ
3288 953 3528 1007 arbitrio

1966 1049 2200 1095 tractare
2241 1043 2434 1110 possis.
2490 1043 2594 1097 Sed
2648 1061 2770 1098 eum
2803 1059 2861 1099 se
2913 1043 3225 1113 suspicione
3274 1044 3525 1098 laborare

1963 1130 2122 1194 sciat,
2161 1146 2276 1184 non
2308 1132 2468 1186 modo
2510 1132 2578 1187 de
2626 1133 2991 1189 nobilioribus
3018 1134 3330 1204 complures
3365 1133 3532 1189 donis

1965 1228 2020 1275 et
2047 1220 2333 1289 promissis
2362 1221 2685 1292 magnificis,
2721 1239 2912 1277 verum
2947 1226 3112 1279 etiam
3163 1233 3335 1279 totum
3360 1239 3526 1278 exer-

1967 1311 2135 1366 citum
2159 1311 2449 1381 largitione
2471 1321 2817 1382 eorruptum,
2837 1315 2902 1368 ad
2935 1324 3117 1384 partes
3138 1331 3267 1369 suas
3292 1313 3526 1369 tuendas

1969 1401 2190 1465 allieiet,
2225 1411 2279 1456 et
2324 1403 2566 1472 potentia
2620 1406 2824 1474 ingenti
2859 1406 3142 1473 praeditus,
3193 1422 3299 1460 non
3343 1407 3534 1463 solum.

1970 1507 2094 1554 nos,
2139 1492 2388 1562 quicum
2440 1509 2525 1558 eo,
2567 1495 2749 1549 studio
2792 1504 2919 1566 erga
2967 1511 3062 1550 vos
3110 1496 3352 1562 adducti,
3383 1497 3527 1551 bello

1969 1584 2304 1639 contendere
2339 1584 2605 1651 dicemur,
2655 1587 2807 1642 nullo
2852 1589 3070 1658 negotio
3113 1587 3385 1652 concidet,
3431 1587 3527 1641 sed

1972 1673 2041 1729 de
2093 1682 2145 1729 te
2198 1690 2415 1745 quoque
2495 1685 2552 1731 et
2605 1676 2777 1741 filiis,
2835 1679 3052 1733 nemine
3126 1687 3316 1733 contra
3370 1692 3530 1746 opem

301 1761 507 1827 τρόπον
527 1739 903 1834 λυσιτελήσειν
931 1739 1192 1835 χρήσεται
1223 1767 1488 1834 οἰήσεται,
1522 1765 1688 1817 πᾶσιν
1721 1761 1868 1814 ὲκεί-

1980 1739 2491 1831 Ῑει-εηιε,ὀιηὶιίι›υς
2537 1768 2647 1822 illis
2686 1739 2920 1839 gloriose
2955 1769 3140 1835 dictis,
3180 1779 3236 1824 ct
3279 1739 3530 1829 fallaciis.

303 1868 422 1914 νοις
466 1856 579 1916 τοῖς
623 1855 1104 1925 σεμνολογήμασι,
1153 1856 1247 1910 καὶ
1295 1857 1414 1918 ταῖς
1467 1854 1726 1918 ἀπάταις,
1779 1853 1870 1906 καὶ

298 1944 428 2004 ταῖς
469 1945 775 2014 είρωνείαις
820 1948 1030 2018 χαίρειν
1079 1946 1248 2001 εἰπὼν
1292 1946 1521 2016 μακρά·
1566 1946 1602 2000 ἃ
1645 1945 1744 1998 οῦκ
1775 1940 1871 1996 οἷδ’

301 2035 457 2096 ὅπως
478 2038 537 2089 οὐ
571 2041 801 2110 συνορᾷς
831 2041 993 2108 αὑτὴ,
1030 2041 1152 2093 οὐδὲ
1184 2041 1458 2111 σωτηρίαν
1491 2042 1660 2110 ἑαυτῇ
1687 2057 1744 2094 τε
1775 2039 1870 2094 καὶ

303 2124 522 2189 τέκνοις
570 2129 634 2180 ὲκ
691 2130 799 2182 τῶν
858 2132 1088 2184 ἐνόντων
1139 2127 1456 2202 ἐκπορίζειν
1502 2131 1704 2201 βούλει,
1735 2131 1872 2184 ἀλλὰ

301 2215 461 2279 δίκας
517 2218 909 2289 ὀνειροπολεῖς,
941 2223 1034 2275 καὶ
1067 2223 1434 2291 συκοφαντίας
1463 2223 1559 2274 καὶ
1592 2221 1868 2290 ἐλέγχους,

299 2311 412 2364 οὐδ’
439 2312 577 2364 αὐτὸ
601 2312 757 2366 τοῦτο
813 2314 1112 2385 βουλομένη
1167 2317 1366 2368 ἐννοεῖν
1405 2313 1749 2383 ὅτιηφθάσαις
1805 2312 1872 2366 ἂν

301 2402 669 2473 διαφθαρεῖσα
699 2407 828 2474 πρὶν
859 2406 938 2468 εἰς
964 2405 1140 2458 ταῦτα
1165 2407 1344 2476 ἥκειν.
1390 2405 1534 2473 Ἐγὼ
1575 2405 1672 2474 μὲν
1699 2403 1792 2456 οῦν
1837 2403 1874 2457 ἃ.

307 2494 402 2545 καὶ
431 2495 700 2565 πρότερον
729 2496 901 2566 ἔφθην
939 2496 1131 2558 εἰπὼν.
1159 2499 1220 2551 οὐ
1268 2498 1368 2566 τῆς
1398 2496 1665 2567 βασιλέως
1713 2499 1874 2568 μόνον

307 2588 596 2656 εὐμενείας
626 2590 972 2658 μεμνημένος
1003 2590 1094 2658 ὑφ’
1118 2583 1178 2642 οὗ
1223 2589 1432 2643 πολλῶν
1461 2588 1751 2660 ἀπήλαυσα
1781 2590 1875 2644 καὶ

313 2685 567 2752 μεγάλων
600 2683 1084 2754 εὐεργετημάτων,
1113 2683 1250 2737 ἀλλὰ
1278 2684 1372 2737 καὶ
1397 2685 1496 2753 τῆς
1527 2685 1624 2754 σῆς
1651 2700 1666 2714 ⁸
1699 2683 1875 2745 ἄλλως

311 2772 367 2825 θ*
389 2775 472 2826 ὅτι
503 2775 599 2828 καὶ
621 2774 801 2844 νόμων
827 2775 1008 2828 αὐτῶν
1039 2777 1134 2828 καὶ
1153 2775 1379 2829 δικαίων
1410 2773 1873 2845 προϐεϐλημένος,

313 2865 478 2918 πᾶσιν
526 2865 777 2935 ἀνάγκην
828 2866 970 2936 ἔχων
1032 2869 1144 2928 τοῖς
1195 2864 1447 2920 ὁπωσοῦν
1496 2865 1876 2935 ἀδικουμένοις

317 2955 667 3028 συναίρεσθαι
701 2959 772 3011 τὰ
807 2959 1028 3020 δυνατὰ,
1065 2958 1273 3011 ἐκείνου
1317 2974 1378 3010 τε
1413 2957 1734 3028 ἀπεσχόμην
1776 2957 1874 3026 τῆς

1968 1865 2026 1910 et
2066 1854 2227 1927 5.17
2264 1857 2711 1913 simulationibus
2753 1859 3089 1923 valedicens,
3143 1874 3243 1924 pro
3289 1873 3534 1913 commo-

1968 1946 2139 2002 ditate
2164 1963 2261 2002 sua
2289 1957 2515 2002 statuet.
2545 1948 2678 2015 Quae
2705 1949 2890 2004 nescio
2915 1947 3191 2020 quomodo
3220 1963 3328 2002 non
3357 1947 3531 2011 vides,

1971 2053 2072 2094 nec
2127 2039 2226 2092 tibi
2269 2040 2567 2109 liberisque
2601 2040 2831 2094 salutem
2861 2055 2926 2094 ex
2961 2041 3086 2095 data
3122 2041 3537 2109 opportunitate

1971 2115 2264 2183 conciliare
2307 2129 2409 2193 vis,
2450 2130 2544 2184 sed
2573 2131 2801 2200 judicia,
2836 2142 2891 2185 et
2941 2131 3268 2195 calumnias,
3320 2140 3384 2184 et'
3409 2146 3536 2199 pro-

1971 2218 2222 2272 bationes
2263 2219 2522 2281 somnias,
2551 2234 2654 2273 nec
2684 2229 2737 2274 te
2771 2219 2930 2274 citius
2953 2219 3195 2274 occisum
3229 2219 3294 2274 iri
3325 2220 3536 2289 perspi-

1972 2309 2074 2371 cis,
2105 2324 2266 2378 quam
2299 2309 2368 2363 ad
2415 2325 2510 2364 eas
2545 2310 2814 2367 veniatur.
2846 2309 3040 2376 Quare
3093 2309 3146 2363 id
3191 2311 3334 2380 quod
3368 2311 3534 2365 etiam

1974 2408 2132 2455 antea
2182 2400 2335 2464 dixi,
2393 2416 2528 2456 mea:
2588 2417 2712 2458 cum
2771 2403 2826 2458 in
2894 2403 3317 2471 imperatorem,
3379 2401 3537 2470 cujus

1972 2491 2142 2544 multa
2185 2492 2356 2558 eaque
2411 2490 2674 2558 praeclara
2711 2483 2965 2544 consta'nt
2997 2489 3050 2542 in
3081 2503 3165 2542 me
3189 2487 3390 2552 olIicia,
3421 2496 3536 2540 tum

1976 2582 2028 2635 in
2063 2589 2114 2634 te
2139 2580 2535 2635 benevolentia:
2562 2594 2770 2634 memor
2802 2579 2962 2648 (adde
2991 2578 3135 2648 quod
3169 2587 3225 2633 et
3248 2578 3426 2647 legum
3473 2591 3540 2632 ac

1972 2673 2196 2742 iustitiae
2218 2681 2502 2742 patronus.
2539 2671 3035 2741 quomodocunque
3059 2667 3315 2740 injuriam
3339 2667 3537 2738 passis,

1975 2773 2242 2834 quantum
2293 2763 2348 2815 in
2399 2777 2484 2814 me
2524 2770 2628 2825 est,
2679 2760 2936 2831 Opitulari
2986 2774 3207 2814 necesse
3250 2758 3449 2828 habeo)
3483 2764 3541 2812 et

1975 2856 2043 2910 ab
2073 2854 2218 2908 illius
2267 2853 2545 2918 amicitia,
2589 2851 2774 2921 iniqua
2830 2850 3151 2921 legibusque
3197 2847 3540 2903 adversantia

1977 2945 2357 3016 parturientis,
2400 2943 2622 2998 tametsi
2654 2942 2841 2998 multis
2872 2956 2998 2996 eum
3043 2940 3358 2996 nominibus
3389 2953 3544 2994 com-

317 3047 526 3116 φιλίας,
553 3048 713 3102 ἄδικα
753 3050 848 3103 καὶ
880 3049 1175 3120 παράνομα
1201 3049 1618 3120 διανοηθέντος,
1670 3049 1767 3102 καί
1797 3065 1878 3100 τοι

1981 3037 2144 3108 plecti
2167 3037 2445 3103 deberem,
2473 3048 2560 3089 me
2591 3033 2830 3105 sejunxi,
2859 3031 3068 3103 tibique
3095 3031 3226 3089 utib:
3251 3030 3542 3087 consilium

317 3138 519 3203 πολλὰς
572 3139 828 3210 ἀφορμὰς
860 3139 962 3209 τῆς
1007 3143 1088 3204 είς
1118 3143 1330 3195 ἐκεῖνον
1367 3140 1579 3205 εὐνοίας
1607 3140 1876 3210 ἐσχηκὼς,

318 3231 410 3285 καὶ
440 3231 526 3283 σοὶ
575 3233 645 3285 τὰ
677 3230 1064 3285 λυσιτελοῦντα
1101 3230 1578 3302 συμϐεϐούλευκα,
1630 3231 1796 3285 κῦϐον
1853 3232 1880 3284 ὅ

318 3338 449 3389 φασι
480 3321 669 3390 ῥίψας,
699 3323 794 3375 καὶ
823 3323 921 3375 σὺν
950 3323 1078 3391 ύμῖν
1108 3321 1361 3390 ἐλόμενος
1396 3321 1430 3392 ἢ
1457 3321 1556 3392 ζῇν
1580 3320 1876 3385 νικώντων,

315 3413 350 3484 ἤ
385 3413 762 3481 ἀποθνήσκειν
787 3413 854 3468 ἂν
880 3415 976 3484 τῆς
1002 3415 1253 3477 ἐναντίας
1291 3415 1588 3485 πειρᾶσθαι
1610 3415 1890 3486 συμϐαίνῃ

314 3504 506 3576 τύχης.
545 3505 808 3576 Θειοτέρᾳ
853 3505 910 3559 δέ
953 3522 1060 3559 τινι
1107 3505 1204 3557 καὶ
1247 3504 1400 3558 τοῦδε
1439 3504 1704 3574 παρόντος
1741 3505 1880 3577 τύχῃ

313 3595 371 3658 ὃς
399 3595 611 3647 ἐκείνου
641 3612 702 3647 τε
727 3595 827 3648 οὐκ
867 3595 931 3649 ἄν
963 3612 1092 3646 ποτε
1116 3595 1290 3646 ἕλοιτο
1315 3592 1760 3662 καταψεύδεσθαι
1791 3609 1884 3645 συ-

315 3681 622 3744 νοικοῦντος
649 3682 903 3753 θυγατρὶ,
939 3683 1036 3734 καὶ
1066 3685 1146 3734 σο“·.
1185 3679 1539 3750 βουλεύσαιτο
1575 3681 1641 3733 τὰ
1671 3679 1881 3746 δέοντα,

313 3775 376 3827 οῦ
412 3775 576 3843 μόνον
619 3773 709 3827 διὰ
745 3773 855 3825 τῶν
903 3774 1245 3842 πραγμάτων
1291 3771 1390 3842 τὴν
1438 3769 1734 3841 ἐμπειρίαν
1788 3775 1884 3825 καὶ

314 3867 419 3936 τὴν
445 3864 665 3917 σύνεσιν
714 3863 780 3932 ἢν
814 3864 842 3915 ό
896 3861 1064 3922 πολὺς
1109 3860 1260 3929 αὒτῷ
1305 3861 1402 3929 τῆς
1441 3861 1662 3931 ἡλικίας
1695 3861 1886 3932 χρόνος

314 3953 436 4007 ἐστὶ
462 3951 807 4018 συνειλοχὼς,
839 3949 976 4004 ἀλλὰ
1001 3950 1095 4002 καὶ
1125 3950 1223 4017 τὴν
1252 3951 1332 4013 είς
1364 3950 1590 4019 βασιλέα
1619 3953 1715 4004 καὶ
1761 3951 1886 4015 τοὺς

313 4045 514 4106 παῖδας
550 4043 672 4105 τοὺς
706 4042 916 4095 ἐκείνου
965 4040 1180 4094 εὔνοιαν
1214 4042 1308 4094 καὶ
1339 4041 1520 4095 πίστιν
1567 4041 1752 4096 ἄδολον
1791 4045 1886 4098 καὶ

314 4135 586 4205 καθαρὰν.
619 4133 768 4200 ἄξιον
799 4132 1170 4186 πυνθάνεσθαι
1206 4132 1300 4185 καὶ
1347 4133 1634 4188 πείθεσθαι
1683 4152 1886 4206 παραι-

313 4229 522 4290 νοῦντι,
569 4224 721 4277 οὐδὲν
767 4225 952 4278 ἄδικον
1003 4223 1109 4276 οὐδ’
1157 4223 1458 4292 ἐπισφαλὲς
1502 4225 1885 4296 βουλησομένῳ

314 4318 737 4389 συμϐουλεύειν.
781 4317 1010 4386 ’Δσάνης
1030 4316 1075 4368 δ’
1103 4315 1295 4386 ὥσπερ
1331 4315 1386 4367 οί-
1431 4316 1493 4368 ὲν
1529 4319 1638 4380 τοῖς
1685 4335 1884 4386 γυμνι.

310 4415 433 4475 κοῖς
476 4410 696 4476 ἀγῶσιν.
718 4409 1095 4478 ἐφεδρεύοντες
1121 4405 1260 4459 ὥστε
1305 4409 1416 4471 τοῖς
1473 4408 1700 4463 νικῶσιν
1731 4412 1884 4467 αὐτοὶ

311 4497 750 4570 ουμπλέησθαι,
783 4497 921 4564 πρὸς
971 4495 1096 4558 τοὺς
1128 4495 1320 4563 λόγους
1364 4499 1884 4569 παρεσκευασμένος

309 4592 416 4655 ὢν,
445 4589 566 4658 Τὴν.
591 4587 688 4657 μὲν
712 4586 875 4656 ἐμὴν,
907 4585 1036 4654 ἔφη,
1070 4591 1208 4654 πρὸς
1239 4586 1330 4638 τὸν
1377 4587 1548 4655 μέγαν
1570 4588 1889 4657 δομέστικον

311 4681 659 4752 γνησιότητα
711 4680 804 4732 καὶ
845 4677 1119 4747 πατρικὴν
1168 4678 1404 4747 στοργήν
1461 4679 1528 4749 ἢν
1587 4679 1697 4750 ἔχω
1753 4681 1890 4750 πρὸς

308 4777 534 4829 ἐκεῖνον.
547 4775 612 4842 τῇ
632 4771 862 4840 φιλτάτῃ
883 4769 1240 4823 συνοικοῦντα
1253 4770 1501 4842 θυγατρὶ,
1517 4773 1688 4834 οὐδεὶς
1705 4773 1894 4840 ἀγνοεῖ

305 4869 492 4935 δήπου
512 4879 530 4896 ο
561 4863 685 4916 ὅθεν
709 4861 828 4914 οὐδ’·
849 4860 1188 4930 ἐξαρνεῖσθαι
1215 4863 1285 4914 τὰ
1320 4863 1455 4914 πᾶσι
1521 4863 1729 4932 φαίνερὰ
1757 4881 1893 4934 προ-ι

311 4960 486 5026 σῆκον
529 4955 741 5025 ἥγημαι
767 4952 909 5022 ἐμοί.
937 4951 1171 5022 Εῦδηλον
1199 4953 1289 5006 οῦν
1315 4953 1391 5016 ὡς
1418 4955 1627 5008 ἐκείνου
1672 4972 1890 5028 κατωρ-

309 5047 556 5109 θωκότος
603 5044 641 5098 ἃ
686 5044 1000 5107 διανοεῖται,
1034 5042 1288 5112 βασιλεὺς
1321 5044 1426 5112 μὲν
1467 5045 1674 5108 ἐκεῖνος
1714 5045 1888 5111 ἔσται,

311 5143 415 5193 καὶ
466 5135 698 5206 βασιλίδι
769 5138 835 5204 τῇ
884 5136 990 5204 ἐμῇ
1048 5134 1278 5205 θυγατρὶ
1328 5134 1614 5199 συνοικῶν,
1651 5136 1789 5202 ἐγὼ.
1830 5136 1888 5190 δὲ

312 5230 504 5298 πατὴρ
549 5226 840 5298 βασιλέων,
881 5225 977 5277 καὶ
1029 5225 1134 5294 τὴν.
1161 5223 1337 5294 ἀρχὴν
1381 5227 1889 5296 συμμεεριζόμινος

316 5322 507 5382 αὐτοῖς
529 5357 545 5381 ,
577 5320 672 5370 καὶ
703 5318 795 5369 ἐπὶ
842 5316 984 5384 μέγα
1007 5317 1160 5385 ἥκων
1199 5317 1294 5369 καὶ
1337 5316 1492 5385 δόξης
1529 5320 1624 5371 καὶ
1657 5319 1890 5372 πλούτου

320 5410 419 5463 καὶ
445 5404 828 5474 περιφανείας.
851 5404 1012 5458 ’Δλλὰ
1048 5405 1116 5456 τὰ
1142 5405 1372 5475 λαμπρὰ
1398 5399 1692 5459 ταῦτα’καὶ
1720 5405 1897 5476 σεμνὰ

321 5500 471 5568 ᾇπερ
502 5497 676 5567 ἑτέρῳ
708 5495 872 5550 παντί
893 5511 971 5565 τῳ
994 5495 1236 5564 ἤρκεσαν
1270 5497 1338 5548 ἂν
1366 5496 1445 5558 είς
1469 5494 1733 5561 εὐδοξίαν,
1770 5497 1893 5566 ἐμοὶ

327 5593 436 5646 τῶν
467 5593 755 5665 παρόντων
802 5593 1098 5647 ἀποδέοντα
1147 5593 1396 5662 φαίνεται
1446 5594 1645 5663 πολλῷ.
1677 5595 1754 5664 Τῇ
1786 5594 1892 5663 γὰρ

334 5687 412 5748 είς
451 5683 708 5755 βασιλέας
740 5685 922 5756 εὐνοίᾳ
965 5689 1060 5740 καὶ
1097 5686 1278 5739 πίστει
1309 5683 1528 5756 καθαρᾷ
1571 5685 1634 5738 ἐκ
1666 5684 1890 5756 πρώτης

1919 4367 1963 4423 0

1982 3127 2132 3192 dedi,
2159 3136 2216 3182 ct
2249 3137 2310 3182 ut
2332 3127 2545 3192 dicunt,
2575 3125 2747 3180 aleam
2768 3125 2898 3197 jeci,
2920 3123 3207 3179 vobiscum
3235 3131 3547 3192 praeoptans

1981 3227 2075 3273 aut
2112 3220 2322 3284 vivere,
2356 3217 2400 3272 si
2445 3215 2708 3282 viceritis,
2770 3224 2866 3269 aut
2915 3213 3166 3276 interire,
3206 3211 3252 3267 si
3301 3210 3357 3266 in
3405 3225 3542 3265 con-

1982 3309 2214 3364 trarium
2258 3309 2479 3364 fortuna
2527 3307 2807 3364 ceciderit.
2853 3307 3024 3361 Porro
3079 3315 3134 3360 et
3181 3305 3327 3358 hunc
3357 3302 3544 3358 divina

1982 3400 2215 3469 quadarn
2262 3409 2409 3454 sorte
2442 3407 2765 3469 prementem
2810 3397 2926 3467 (qui
2977 3411 3258 3464 nunquam
3304 3394 3359 3448 in
3415 3408 3544 3448 cum

1983 3498 2172 3558 utpote
2211 3503 2469 3560 generum
2507 3486 2726 3541 mentiri
2760 3487 2915 3552 velit,
2947 3485 3160 3555 tibique
3187 3500 3294 3539 non
3329 3493 3544 3540 tantum

1984 3587 2209 3650 propter
2257 3593 2440 3632 rerum
2488 3592 2646 3632 usum
2683 3584 2847 3645 atque
2888 3575 3256 3646 prudentiam,
3299 3589 3458 3644 quam
3494 3575 3548 3630 ei

1983 3679 2112 3724 tetas
2158 3668 2458 3738 longinqua
2520 3666 2730 3736 peperit
2760 3667 2895 3731 ,sed
2941 3674 3164 3736 propter
3204 3679 3323 3720 eam
3374 3664 3551 3718 nihilo

1985 3759 2183 3823 minus,
2242 3771 2350 3826 qua
2407 3757 2460 3809 in
2513 3757 2902 3825 imperatorem
2952 3755 3078 3818 fuit,
3124 3763 3183 3808 et
3224 3755 3277 3809 in
3339 3753 3549 3808 liberos

1984 3847 2164 3902 adhuc
2197 3857 2302 3914 est,
2349 3861 2606 3918 germana
2638 3846 2968 3916 sinceraque
3017 3845 3285 3900 charitate
3315 3853 3372 3899 et
3415 3843 3545 3904 fide,

1985 3947 2133 3994 recte
2165 3939 2435 4010 consulet)
2478 3947 2800 4008 percontere
2856 3939 3006 4003 licet,
3055 3938 3219 4008 eique
3265 3939 3550 4007 obtempe-

1985 4047 2108 4088 res:
2141 4031 2280 4087 nihil
2308 4031 2455 4086 enim
2503 4030 2749 4100 iniquum
2801 4030 3245 4101 periculosumve
3276 4045 3545 4086 suasurus

1985 4135 2090 4180 est.
2129 4124 2335 4177 Asanes
2395 4129 2581 4176 autem
2623 4122 2874 4191 perinde,
2909 4131 2970 4176 ut
3021 4122 3116 4192 qui
3171 4123 3225 4176 in
3280 4122 3552 4194 gymnicis

1984 4216 2130 4271 ludis
2159 4212 2472 4274 subsidunt.
2512 4229 2622 4282 quo
2679 4229 2802 4269 cum
2845 4214 3148 4270 victoribus
3179 4214 3281 4284 ipsi
3331 4229 3551 4285 quoque

1989 4307 2433 4379 congrediantur,
2493 4305 2566 4361 ad
2620 4306 2914 4360 dicendum
2973 4306 3313 4372 meditatus,
3372 4306 3549 4360 Meam

1991 4403 2235 4475 quidem,
2269 4401 2468 4470 inquit,
2515 4401 2750 4471 patriam
2785 4406 2842 4454 et
2869 4413 3182 4469 germanam
3223 4398 3550 4453 cbaritatem

1993 4513 2120 4568 erga
2154 4509 2408 4564 magnum
2444 4491 2831 4554 domesticum,
2861 4489 3200 4543 charissima:
3230 4487 3354 4543 filiae
3394 4489 3558 4542 mari-

1992 4596 2106 4642 tum
2139 4600 2302 4639 nemo
2332 4582 2520 4653 utique
2545 4583 2780 4651 ignorat.
2813 4577 2970 4634 Unde
2992 4594 3116 4648 quae
3136 4579 3408 4634 omnibus.
3424 4588 3555 4634 nota

1991 4685 2142 4740 sunt,
2173 4688 2374 4744 negare
2398 4651 2498 4726 me.
2514 4685 2612 4724 nor
2652 4670 2831 4724 decet.
2865 4667 3209 4724 Manifestum
3240 4678 3325 4724 est
3349 4671 3555 4739 itaque,

1993 4768 2062 4832 si,
2093 4764 2240 4835 quod
2286 4762 2438 4833 cupit
2474 4761 2615 4816 bene
2647 4760 3005 4830 processerit,
3054 4761 3225 4814 illum.
3259 4761 3559 4830 imperato-

1994 4875 2131 4922 rem,
2180 4863 2400 4925 gnatam
2445 4867 2621 4907 meam
2652 4853 3080 4922 imperatrieem,
3127 4866 3226 4906 ωε·
3258 4852 3557 4920 imperato-

1994 4967 2114 5005 rum
2146 4958 2378 5019 patrem,
2413 4946 2630 5016 imperii
2665 4955 3001 5005 consortem,
3036 4954 3094 4998 et
3127 4943 3326 4997 illustri
3355 4942 3554 5011 gloria,

1993 5041 2207 5111 magnis
2237 5038 2436 5108 opibus
2485 5051 2552 5091 ac
2593 5036 2884 5104 splendore
2916 5036 3187 5089 futurum.
3237 5031 3417 5100 Atqui-
3451 5044 3555 5099 ego

1995 5131 2271 5186 claritates
2309 5128 2450 5183 istas
2516 5135 2569 5182 et
2609 5134 2871 5194 augustos
2924 5124 3183 5183 honores,
3231 5120 3325 5190 qui
3373 5119 3558 5174 cuivis

1996 5221 2154 5278 alteri
2184 5220 2253 5274 ad
2281 5219 2651 5274 celebritatem
2684 5215 3018 5276 subicerent,
3053 5212 3159 5266 hoc
3189 5225 3372 5264 rerum
3404 5218 3554 5266 statu

1995 5325 2338 5382 nequaquam
2369 5306 2668 5364 convenire
2697 5304 2957 5358 arbitror.
2989 5301 3124 5354 Nam
3157 5315 3282 5354 cum
3312 5314 3344 5352 a
3373 5300 3558 5368 prima

1993 5416 2153 5462 atate
2199 5405 2305 5459 fide
2359 5417 2468 5457 non
2526 5399 2710 5453 fucata
2755 5392 3176 5464 imperatoribus
3221 5389 3557 5456 studuerim,

1997 5497 2178 5552 malim
2231 5495 2342 5548 illis
2392 5487 2719 5545 adhaerendo
2761 5486 2816 5539 iu
2860 5481 3109 5536 miserias
3176 5489 3232 5535 et
3279 5495 3559 5538 aerumnas

1998 5586 2265 5647 incidere,
2311 5597 2472 5652 quam
2507 5594 2632 5633 cum
2680 5573 3096 5630 insidiatoribus
3141 5571 3394 5626 faciendo
3433 5588 3558 5627 am-
3669 5608 3687 5623 .

2001 5677 2273 5752 piissimus
2320 5673 2555 5727 honores
2635 5676 2692 5723 ct
2743 5666 2890 5722 dona.
2922 5663 3173 5734 adipisci.
3225 5661 3300 5716 De
3360 5676 3563 5732 magno
