3998 6198
263 302 366 368 8⁶Ξ1

1435 296 1976 359 HIS'ln'OliHJlU-M
2020 298 2244 358 ΗΒΕίῖ
2285 297 2403 363 Ιῖῐὶ.

3379 291 3494 356 822

263 421 365 470 οῦκ
385 418 566 484 ὀλίγον
594 414 847 469 ἐνταυθοῖ·
867 415 1254 484 διατριϐόντων
1284 413 1390 466 τῶν
1407 414 1576 482 ἡδέως
1597 412 1660 465 ἂν
1688 411 1828 478 ὑπὲρ
1860 445 1871 466 Α

1975 411 2071 464 rbe
2102 413 2322 480 degant,
2347 411 2437 481 qui
2471 425 2596 466 cum
2630 409 2906 478 voluptate
2927 401 3047 477 eius
3075 418 3235 460 causa
3263 406 3488 477 sangui-

263 509 478 562 ἐκείνου
528 508 622 560 καὶ
669 505 770 568 τὰς
820 505 999 575 ψυχὰς
1045 504 1470 575 προησομένων,
1521 503 1615 558 καὶ
1656 519 1832 571 παρα-

269 599 640 652 σκευάσασθαι
668 599 808 668 πρὸς
833 598 1042 652 ἕκαστα
1075 597 1152 660 ὡς
1179 600 1245 652 ἂν
1275 597 1471 666 ἄριστα
1500 583 1648 666 αὐτῷ
1675 596 1830 664 δοκῇ,

269 693 336 759 ῥα
348 692 472 753 δίως
505 691 737 760 ῆλπισας
761 691 1244 760 περιγενήσεσθαι.
1273 689 1348 742 Ού
1375 689 1484 756 γὰρ
1505 688 1580 750 ὡς
1610 687 1750 755 αὐτή
1773 703 1835 738 τε

266 783 399 846 οέι,
425 783 674 846 κάκεῖνος
699 784 1006 850 φενακίζων
1046 783 1191 852 ἡμᾶς
1233 778 1657 849 ἀπεσεμνύνετο,
1697 776 1838 829 οὕτω

229 934 242 941 ν
272 873 416 938 πρὸς
441 872 731 934 Βυζάντιον
753 872 1012 942 ἐπανήξει
1035 875 1163 934 τοὺς
1183 871 1371 940 φίλους
1391 867 1728 930 καταλιπὼν,
1745 865 1841 918 καὶ

271 960 380 1029 τὴν
406 961 598 1029 πολλὴν
625 962 924 1030 θεραπείαν
952 960 1050 1031 τὴν
1078 963 1201 1030 περὶ
1225 960 1390 1012 αὐτόν
1407 975 1419 989 ⁸
1440 955 1586 1010 ’ὥστε
1613 972 1671 1008 σε
1697 955 1842 1023 ἔχειν

274 1053 305 1103 ὅ
327 1069 389 1104 τε
410 1051 588 1118 βούλει
611 1053 918 1120 χρήσασθαι
942 1050 1111 1118 αὐτῷ,
1129 1050 1243 1102 ἀλλ’
1265 1048 1421 1110 είδὼς
1442 1047 1515 1110 ὡς
1544 1045 1848 1097 ὑποπτεύε-

275 1158 394 1201 ται,
414 1141 472 1192 οὐ
491 1141 598 1190 τῶν
628 1140 1026 1210 εύγενεστέρων
1059 1139 1220 1208 μόνον
1248 1141 1425 1190 πείσει
1458 1134 1687 1197 πολλοὺς
1718 1134 1848 1186 ὑπο-

282 1232 504 1298 σχέσεσι
525 1232 616 1283 καὶ
632 1232 858 1299 δωρεαῖς
882 1231 1132 1300 μεγάλων
1155 1228 1400 1297 ἀγαθῶν,
1422 1227 1556 1280 ἀλλὰ
1577 1226 1669 1278 καὶ
1689 1241 1851 1293 στρα-

277 1319 408 1371 τιὰν
433 1320 651 1372 ἅπασαν
675 1320 825 1388 αύτῷ
856 1319 1146 1389 προσέχειν
1169 1315 1578 1388 παρασκευάσει
1605 1313 1850 1383 χρήμασι

277 1412 630 1478 διαφθείρας·
658 1411 797 1480 ἔχων
825 1411 884 1463 δὲ
906 1412 1149 1480 μεγάλην
1169 1410 1409 1478 δύναμιν
1423 1407 1550 1477 περὶ
1575 1407 1758 1469 αὑτὸν,
1790 1403 1850 1456 ού

285 1502 453 1570 μόνον
471 1502 620 1570 ἡμᾶς
647 1503 774 1564 τοὺς
799 1501 1110 1571 ᾑρημένους
1141 1501 1333 1566 ἐκείνῳ
1359 1499 1622 1565 πολεμεῖν
1656 1493 1750 1563 τῆς
1775 1496 1855 1555 είς

282 1592 434 1656 ὑμᾶς
468 1591 683 1653 εὐνοίας
713 1580 876 1644 ἕνεκα
912 1591 1197 1660 διαφθερεῖ
1223 1589 1441 1661 ῥᾳδίως,
1473 1587 1610 1639 ἀλλὰ
1644 1585 1738 1638 καὶ
1773 1592 1855 1639 σοί

1933 518 2055 555 nem
2093 503 2447 571 profundent,
2474 511 2530 558 et
2560 501 2770 571 accingi
2803 499 2978 570 parati
3008 498 3139 562 sint,
3171 495 3376 564 quibus
3401 494 3503 548 illa.

1933 590 2273 660 potissimum
2320 606 2416 645 eos
2468 590 2673 660 accingi
2727 588 2984 652 voluerit,
3020 600 3130 639 non
3179 583 3400 638 diﬂicile
3443 589 3496 637 te

1935 681 2271 750 superiorem
2326 682 2440 734 fore
2489 680 2740 736 conﬁdis.
2791 679 2909 734 Non
2964 675 3168 732 etenim
3223 681 3286 727 ut
3328 679 3384 726 et
3436 681 3494 726 tu

1935 784 2116 842 putas,
2157 785 2209 828 et
2257 773 2345 826 ille
2390 786 2490 825 nos
2524 771 2810 825 ludiﬁcans
2853 768 3118 840 iactabat,
3155 765 3235 820 sic
3282 764 3498 835 Byzan-

1941 862 2089 914 tium
2136 861 2335 914 redibit
2398 854 2610 914 amicis'
2638 859 2881 922 relictis,
2933 868 2992 912 et
3041 855 3245 926 quibus
3298 853 3501 908 colitur

1940 950 2218 1020 obsequiis
2257 950 2364 1004 illis
2424 959 2537 1002 tam
2585 950 2792 1013 multis,
2844 957 2906 1002 ut
2945 963 3072 1001 eum
3127 939 3245 1015 pro-'
3269 944 3508 998 arbitrio

1947 1049 2181 1093 tractare
2221 1041 2415 1108 possis.
2471 1040 2575 1094 Sed
2629 1055 2751 1094 cum
2783 1053 2842 1093 se
2893 1037 3206 1106 suspicione
3255 1035 3506 1090 laborare

1944 1129 2103 1191 sciat,
2142 1144 2256 1182 non
2289 1129 2450 1182 modo
2492 1127 2560 1183 de
2608 1127 2973 1183 nobilioribus
3000 1127 3312 1196 complures
3347 1125 3514 1180 donis

1947 1227 2002 1274 et
2029 1217 2315 1288 promissis
2343 1217 2667 1288 magniﬁcis,
2703 1233 2894 1272 verum
2929 1219 3094 1273 etiam
3146 1225 3318 1271 totum
3343 1231 3508 1270 exer-

1949 1310 2117 1365 citum
2141 1308 2432 1379 largitione
2455 1316 2798 1377 corruptum,
2819 1309 2885 1362 ad
2918 1317 3100 1378 partes
3121 1323 3251 1362 suas
3275 1305 3508 1360 tuendas

1951 1399 2172 1463 alliciet,
2207 1408 2262 1454 et
2307 1399 2549 1470 potentia
2604 1400 2806 1469 ingenti
2842 1399 3126 1466 praeditus,
3176 1413 3282 1452 non
3327 1399 3517 1453 solum

1953 1506 2076 1553 nos,
2123 1490 2215 1560 qui
2247 1504 2371 1544 cum
2423 1505 2508 1555 eo,
2550 1489 2733 1544 studio
2776 1497 2902 1560 erga
2950 1504 3045 1543 vos
3093 1488 3336 1553 adducti,
3367 1487 3511 1541 bello

1953 1582 2288 1638 contendere
2322 1582 2589 1646 dicemur,
2639 1582 2791 1636 nullo
2835 1581 3055 1651 negotio
3097 1579 3370 1642 concidet,
3415 1577 3511 1631 sed

288 1679 389 1732 καὶ
414 1678 640 1743 τεκνοις,
680 1679 907 1748 μηδενὸς
931 1677 1022 1730 τοῦ
1055 1677 1376 1746 βοηθοῦντος
1406 1674 1580 1738 ὄντος,
1613 1671 1671 1724 δν
1705 1664 1855 1734 αύτῷ

1971 1672 2026 1728 le
2077 1681 2130 1727 te
2182 1687 2400 1742 quoque
2479 1682 2536 1727 et
2590 1672 2762 1735 filiis,
2820 1671 3036 1726 nemine
3111 1677 3302 1725 contra
3355 1683 3514 1737 opem

287 1770 493 1836 τρόπον
513 1737 1177 1840 λυσίτελησειννχρήσεται
1208 1769 1474 1837 οίήσεται,
1507 1737 1674 1817 πᾶσιν
1706 1761 1853 1814 ἐκεί-

1971 1762 2190 1828 'erente,
2218 1765 2475 1818 omnibus
2522 1764 2632 1818 illis
2671 1763 2904 1834 gloriose
2940 1761 3126 1827 dictis,
3165 1769 3231 1816 et-
3264 1759 3515 1818 fallaciis.

289 1876 410 1922 νοις
453 1863 565 1923 τοῖς
611 1861 1090 1931 σεμνολογήμασι,
1137 1859 1233 1914 καὶ
1281 1859 1400 1920 ταῖς
1453 1856 1712 1918 ἀπάταις,
1764 1853 1856 1905 καὶ

284 1952 417 2012 ταῖς
457 1952 761 2022 είρωνείαις
807 1953 1016 2023 χαίρειν
1065 1949 1234 2004 εἰπὼν
1279 1947 1507 2020 μακρά⁸
1553 1947 1589 2001 ἃ
1631 1946 1730 1998 οὐκ
1761 1939 1856 1996 οἷδ’

286 2044 445 2104 ὅπως
466 2046 526 2097 ού
559 2046 788 2116 συνορᾷς
818 2046 980 2113 αὑτὴ,
1017 2045 1139 2098 οὐδὲ
1171 2043 1445 2113 σωτηρίαν
1477 2043 1646 2111 ἐαυτῇ
1673 2057 1731 2095 τε
1761 2039 1857 2093 καὶ

289 2133 510 2197 τέκνοις
558 2137 623 2188 ἐκ
679 2137 787 2189 τῶν
846 2136 1075 2189 ἐνόντων
1126 2131 1443 2204 ἐκπορίζειν
1490 2133 1692 2203 βούλει,
1723 2130 1860 2185 ἀλλὰ

285 2224 451 2287 δίκας
506 2226 897 2296 ὀνειροπολεῖς,
929 2228 1023 2279 καὶ
1055 2225 1422 2294 συκοφαντίας
1450 2224 1547 2276 καὶ⁴
1579 2222 1857 2290 ἐλέγχους,

283 2319 402 2372 οὐδ’
432 2319 565 2372 αὐτὸ
589 2319 745 2372 τοῦτο
802 2320 1102 2389 βουλομένη
1155 2319 1354 2371 ἐννοεῖν
1394 2317 1475 2369 ὅτι
1503 2315 1736 2385 φθάσαις
1793 2312 1860 2366 ἂν

285 2409 657 2480 διαφθαρεῖσα
689 2412 817 2480 πρὶν
848 2411 927 2473 είς
953 2409 1129 2463 ταῦτα
1153 2410 1333 2478 ἥκειν.
1379 2407 1522 2474 Ἐγὼ
1564 2406 1661 2476 μὲν
1688 2403 1780 2457 οὖν
1825 2403 1864 2457 ἃ

290 2502 393 2553 καὶ
423 2501 689 2572 πρότερον
718 2501 891 2572 ἔφθην
928 2500 1120 2562 εἰπὼν,
1149 2502 1210 2553 ού
1257 2501 1357 2568 τῆς
1388 2498 1654 2568 βασιλέως
1703 2500 1864 2569 μόνον

289 2595 586 2664 εὐμενείας
616 2595 962 2664 μεμνημένος
993 2594 1084 2661 ὑφ’
1108 2587 1168 2645 οὗ
1213 2591 1422 2645 πολλῶν
1451 2590 1745 2661 ἀπήλαυσα-
1771 2591 1866 2644 καί⁵

293 2691 558 2760 μεγάλων
590 2689 1075 2759 εὐεργετημάτων,
1104 2686 1241 2741 ἀλλὰ
1269 2686 1362 2740 καὶ
1389 2687 1487 2754 τῆς
1517 2687 1616 2755 σῆς
1642 2701 1656 2716 ·
1691 2684 1866 2746 ἄλλως

291 2780 355 2834 θ’
379 2783 465 2834 δτι
495 2782 590 2834 καὶ
613 2781 793 2850 νόμων
819 2779 1000 2833 αὐτῶν
1030 2781 1127 2832 καὶ·
1145 2777 1370 2833 δικαίων
1401 2775 1864 2847 προδεδλημένος,

292 2873 472 2926 πᾶσιν
519 2872 768 2942 ἀνάγκην
820 2871 969 2942 ἔχων
1024 2873 1136 2932 τοῖς
1187 2867 1439 2922 ὁπωσοῦν
1488 2866 1867 2936 ἀδικουμένοις

295 2963 660 3036 συναίρεσθαι
695 2965 764 3018 τὰ
799 2964 1021 3024 δυνατὰ,
1058 2962 1265 3016 ἐκείνου
1310 2977 1370 3014 τε
1405 2959 1728 3030 ἀπεσχόμην
1769 2957 1867 3026 τῆς

1953 1862 2012 1908 et
2052 1853 2212 1924 41⁵1
2249 1854 2696 1908 simulationibus
2739 1853 3075 1916 valedicens,
3129 1866 3229 1916 pro
3275 1864 3520 1905 commo-

1955 1945 2124 2000 (litate
2150 1961 2247 2000 sua
2275 1953 2500 2000 statuet.
2531 1943 2664 2010 Quae
2691 1943 2876 1998 nescio
2901 1940 3178 2013 quomodo
3206 1955 3315 1994 non
3344 1937 3518 2001 vides,

1958 2052 2059 2091 nec
2115 2037 2212 2090 tibi
2256 2037 2554 2105 liberisque
2587 2035 2818 2090 salutem
2848 2048 2916 2088 ex-
2948 2034 3072 2088 data
3109 2031 3526 2101 Opportunitate

1958 2113 2252 2182 conciliare
2294 2127 2396 2190 vis,
2436 2126 2531 2180 sed
2561 2126 2788 2196 judicia,
2823 2135 2878 2179 et
2929 2123 3256 2186 calumnias,
3308 2131 3372 2176 et‘
3396 2136 3525 2190 pro-

1959 2217 2209 2270 bationes
2251 2215 2510 2278 somnias,
2539 2229 2641 2269 nec
2672 2223 2724 2268 te
2759 2213 2918 2267 citius
2941 2212 3184 2266 occisum
3217 2210 3282 2265 iri
3313 2210 3525 2280 perspi-

1961 2309 2063 2370 cis,
2094 2322 2256 2376 quam
2288 2306 2356 2360 ad
2403 2322 2497 2360 eas
2533 2305 2802 2361 veniatur.
2835 2303 3028 2370 Quare
3081 2301 3134 2356 id
3181 2302 3324 2372 quod
3357 2303 3522 2356 etiam

1963 2408 2121 2454 antea
2171 2398 2324 2462 dixi,
2382 2412 2516 2452 mere
2577 2411 2700 2465 cum
2760 2398 2816 2453 in
2883 2396 3306 2464 imperatorem,
3368 2393 3527 2462 cujus

1963 2490 2132 2543 multa
2174 2501 2346 2556 eaque
2400 2486 2663 2556 praeclara
2700 2477 2954 2539 consta'nt
2986 2483 3040 2536 in
3071 2496 3155 2536 me
3179 2479 3380 2544 oﬂicia,
3411 2488 3526 2532 tum

1966 2581 2019 2635 in
2053 2588 2104 2633 te
2129 2577 2524 2632 benevolentia:
2552 2589 2761 2630 memor
2793 2573 2952 2644 (adde
2980 2571 3125 2643 quod
3159 2580 3216 2626 et
3239 2571 3417 2639 legum
3464 2583 3530 2622 ac

1963 2672 2186 2742 iustitiae
2209 2678 2319 2740 patr
2333 2684 2492 2729 onus.
2529 2665 3025 2737 quomodocunque
3049 2661 3306 2734 injuriam
3330 2659 3528 2730 passis,

1967 2771 2233 2833 quantum
2284 2760 2339 2813 in
2390 2773 2475 2812 me
2515 2766 2618 2821 est,
2670 2755 2927 2826 opitulari
2977 2767 3199 2808 necesse
3241 2750 3440 2819 habeo)
3475 2755 3532 2803 et

1966 2852 2210 2909 abillius
2258 2849 2536 2915 amicitia,
2579 2847 2766 2916 iniqua
2822 2843 3144 2914 legibusque
3188 2837 3532 2896 adversantia

1969 2941 2350 3015 parturientis,
2392 2939 2613 2994 tametsi
2645 2937 2832 2993 multis
2863 2951 2990 2990 eum
3035 2932 3350 2989 nominibus
3381 2944 3536 2984 com-

296 3021 518 3128 φιλίας,
546 3057 707 3109 ἄδικα
746 3056 841 3110 καὶ
873 3021 1168 3124 παράνομα
1193 3021 1634 3122 διανοηθέντος,⁷
1663 3021 1760 3104 καί
1790 3021 1871 3100 τοι

1974 3035 2137 3108 plecti
2159 3034 2438 3099 deberem,
2466 3044 2553 3085 me
2584 3027 2824 3100 sejunxi,
2851 3025 3060 3099 tibique
3087 3025 3218 3080 utile
3244 3021 3535 3078 consilium

297 3147 512 3212 πολλὰς
567 3146 822 3217 ἀφορμὰς
853 3146 956 3214 τῆς
1000 3147 1081 3208 είς
1112 3147 1322 3198 ἐκεῖνον
1361 3143 1573 3206 εὐνοίας
1600 3141 1870 3212 ἐσχηκὼς,

300 3240 404 3294 καὶ
434 3240 520 3292 σοὶ
570 3241 639 3292 τὰ
671 3235 1058 3291 λυσιτελοῦντα
1095 3235 1572 3306 συμδεσούλευκα,
1623 3232 1790 3286 κῦσον
1846 3232 1874 3284 ό

299 3347 445 3399 φασι
476 3328 663 3398 ῥίψας,
694 3330 789 3382 καὶ
818 3328 916 3381 σὺν
944 3328 1073 3397 ὑμῖν
1103 3325 1356 3394 ἐλόμενος
1391 3324 1424 3394 ἢ
1451 3323 1551 3394 ζῇν
1575 3321 1871 3384 νικώντων,

299 3423 342 3493 ἢ
380 3421 756 3489 ἀποθνήσκειν
781 3419 849 3474 ἂν
874 3421 972 3490 τῆς
997 3419 1248 3481 ἐναντίας
1285 3417 1583 3487 πειρᾶσθαι
1605 3433 1667 3469 συ
1677 3414 1885 3485 μδαίνῃ-

300 3513 503 3584 τύχης.
542 3512 803 3583 Θειοτέρᾳ
849 3512 906 3564 δέ
949 3528 1055 3564 τινι
1102 3509 1199 3562 καὶ
1243 3507 1395 3561 τοῦδε
1434 3505 1700 3576 παρόντος
1736 3503 1876 3576 τύχῃ

299 3605 367 3667 ὃς
395 3603 607 3656 ἐκείνου
638 3619 699 3654 τε
724 3602 823 3654 οὐκ
863 3601 927 3655 ἄν
959 3616 1088 3652 ποτε
1112 3598 1286 3650 ἕλοιτο
1311 3593 1757 3664 καταψεύδεσθαι
1787 3609 1880 3644 συ-

303 3690 619 3752 νοικοῦντος
647 3689 900 3758 θυγατρί,
936 3687 1032 3738 καὶ
1062 3688 1143 3738 σοί
1181 3682 1535 3754 βουλεύσαιτο
1571 3682 1638 3734 τὰ
1667 3680 1876 3745 δέοντα,

303 3785 375 3838 οὐ
410 3783 574 3852 μόνον
617 3780 707 3834 διὰ
743 3779 852 3832 τῶν
900 3777 1242 3848 πραγμάτων
1289 3773 1387 3844 τὴν
1435 3771 1730 3842 ἐμπειρίαν
1785 3774 1880 3825 καὶ

306 3877 417 3946 τὴν
443 3873 663 3926 σύνεσιν
711 3870 778 3940 ἦν
812 3871 840 3922 ό
893 3867 1062 3928 πολὺς
1107 3863 1258 3932 αὐτῷ
1303 3863 1400 3932 τῆς
1439 3863 1660 3933 ἡλικίας
1692 3861 1882 3932 χρόνος

307 3963 435 4017 ἐστὶ
461 3958 806 4026 συνειλοχὼς,
838 3955 974 4012 ἀλλὰ
999 3955 1092 4008 καὶ
1123 3954 1221 4022 τὴν
1250 3954 1330 4016 είς
1363 3951 1588 4022 βασιλέα
1618 3953 1713 4004 καὶ
1759 3951 1883 4014 τοὺς

308 4055 512 4116 παῖδας
548 4053 672 4113 τοὺς
705 4049 915 4102 ἐκείνου
964 4046 1178 4100 εὔνοιαν
1212 4046 1307 4098 καὶ
1337 4044 1519 4097 πίστιν
1566 4043 1752 4096 ἄδολον
1789 4044 1884 4097 καὶ

310 4144 586 4214 καθαρὰν,
619 4141 768 4208 ἄξιον
798 4137 1168 4192 πυνθάνεσθαι
1205 4137 1299 4189 καὶ
1346 4135 1632 4189 πείθεσθαι
1681 4151 1886 4206 παραι-

312 4239 522 4300 νοῦντι,
570 4232 721 4286 οὐδὲν
766 4231 951 4285 ἄδικον
1002 4229 1108 4282 οὐδ’
1157 4226 1457 4296 ἐπισφαλὲς
1502 4226 1884 4297 βουλησομένῳ

315 4327 738 4399 συμϐουλεύειν.
781 4325 1010 4392 ’Δσάνης
1030 4322 1076 4375 δ’
1103 4321 1294 4390 ὥσπερ
1331 4319 1388 4370 οί-
1431 4319 1492 4370 ἐν
1528 4320 1638 4381 τοῖς
1684 4335 1885 4386 γυμνι.

314 4424 435 4484 κοῖς
478 4419 698 4484 ἀγῶσιν-
720 4415 1096 4486 ἐφεδρεύοντες
1121 4411 1260 4464 ὥστε
1305 4413 1415 4474 τοῖς
1473 4410 1700 4465 νικῶσιν
1732 4413 1885 4466 αὐτοὶ

317 4504 753 4579 συμπλέκεσθαι,
785 4503 923 4571 πρὸς
973 4501 1097 4564 τοὺς
1129 4501 1320 4568 λόγους
1364 4501 1885 4571 παρεσκευασμένος

318 4601 420 4664 ὢν,
448 4598 568 4667 Τὴν,
593 4594 690 4664 μὲν
715 4593 878 4662 ἐμὴν,
909 4591 1038 4660 ἐφη,
1071 4596 1209 4659 πρὸς
1239 4590 1331 4642 τὸν
1378 4590 1549 4658 μέγαν
1571 4590 1891 4659 ὼμέστικον

322 4690 661 4760 γνησιότητα
714 4687 807 4740 καὶ
847 4683 1120 4753 πατρικὴν
1170 4681 1406 4751 στοργήν
1462 4681 1530 4752 ἢν
1589 4681 1700 4752 ἔχω
1756 4682 1892 4751 πρὸς

322 4787 531 4837 ἐκεῖνον
549 4784 616 4851 τῇ
635 4779 866 4849 φιλτάτῃ
886 4774 1243 4829 αυνοικοῦντα
1254 4774 1503 4845 θυγατρί,
1519 4775 1691 4836 οὐδεὶς
1709 4774 1896 4841 ἀγνοεῖ

321 4877 496 4944 δήπου
517 4889 533 4906 ·
565 4872 690 4924 ὅθεν
713 4869 832 4922 οὐδ’
852 4865 1192 4936 ἐξαρνεῖσθαι
1219 4867 1288 4918 τὰ
1323 4867 1458 4918 πᾶσι
1524 4865 1733 4935 φανερά
1762 4881 1896 4935 προ-

327 4968 492 5036 σῆκον
533 4965 745 5034 ἥγημαι
771 4961 794 5011 ἐ
805 4959 913 5029 μοί.
940 4957 1175 5028 Εὔδηλον
1203 4957 1292 5010 οὖν
1319 4957 1394 5020 ὡς
1422 4958 1631 5011 ἐκείνου
1677 4974 1894 5028 κατωρ-

327 5057 562 5118 θωκότος
609 5053 646 5107 ἃ.
691 5051 1004 5113 διανοεῖται,
1038 5046 1292 5118 βασιλεὺς
1325 5047 1430 5117 μὲν.
1472 5049 1679 5110 ἐκεῖνος
1718 5047 1893 5112 ἔσται,

329 5151 423 5201 καὶ
473 5142 704 5214 βασιλίδι
775 5145 840 5210 τῇ
888 5143 994 5210 ἐμῇ
1051 5140 1283 5209 θυγατρὶ
1333 5137 1620 5202 συνοικῶν,
1656 5138 1794 5204 ἐγὼ.
1835 5137 1892 5190 δὲ

330 5239 512 5307 πατὴρ
555 5233 846 5305 βασιλέων,
887 5232 982 5284 καὶ
1034 5231 1134 5300 τὴν
1166 5227 1342 5299 ἀρχὴν
1387 5229 1894 5298 συμμετριζόμενος

333 5330 514 5390 αὐτοῖς
535 5367 552 5390 ,
584 5328 680 5378 καὶ
709 5326 802 5377 ἐπὶ
849 5323 989 5392 μέγα
1013 5323 1166 5391 ἥκων
1205 5321 1300 5374 καὶ
1343 5320 1500 5388 δόξης
1536 5323 1631 5373 καὶ
1662 5321 1896 5373 πλούτου

336 5419 428 5471 καὶ
454 5413 835 5483 περιφανείας.
857 5411 1018 5465 ’Δλλα
1054 5411 1122 5462 τὰ
1148 5410 1378 5480 λαμπρὰ
1405 5401 1699 5461 ταῦταἰιαί⁸
1726 5407 1903 5477 σεμνὰ

337 5507 480 5578 απερ
512 5506 686 5576 ἐτέρῳ
717 5502 879 5558 παντί
900 5518 977 5572 τῳ
1000 5501 1242 5571 ἦρκεσαν
1277 5501 1345 5553 ἂν
1373 5500 1453 5562 είς
1477 5496 1740 5563 εὐδοξίαν,
1777 5498 1900 5567 ἐμοὶ

339 5602 446 5656 τῶν
477 5602 764 5674 παρόντων
811 5600 1105 5654 ἀποδέοντα
1154 5598 1404 5669 φαίνεται
1454 5596 1654 5664 πολλῷ.
1685 5596 1762 5665 Τῇ
1793 5595 1899 5664 γὰρ

345 5696 423 5759 είς
462 5693 718 5765 βασιλέας
749 5691 931 5763 εὐνοίᾳ
973 5695 1068 5746 καὶ
1104 5692 1286 5745 πίστει
1318 5687 1537 5759 καθαρᾷ
1580 5687 1642 5740 ἐκ
1675 5685 1898 5757 πρώτης

1975 3127 2124 3190 dedi,
2151 3135 2208 3179 et
2241 3134 2302 3179 ut
2325 3124 2538 3188 dicunt,
2567 3121 2740 3175 aleam
2761 3119 2892 3190 jeci,
2913 3116 3200 3172 vobiscum
3228 3121 3540 3184 praeoptans

1975 3225 2068 3272 aut
2105 3218 2316 3280 vivere,
2349 3213 2394 3268 si
2437 3210 2701 3276 viceritis,
2764 3217 2860 3263 aut
2909 3206 3160 3267 interire,
3199 3203 3246 3258 si
3295 3202 3351 3256 in
3399 3215 3536 3256 con-

1976 3308 2207 3363 trarium
2252 3306 2472 3361 fortuna
2521 3300 2802 3359 ceciderit.
2847 3301 3018 3355 Porro
3073 3307 3128 3352 et
3175 3297 3321 3350 hunc
3352 3293 3540 3348 divina

1976 3398 2209 3467 quadam
2255 3405 2404 3451 sorte
2437 3400 2760 3464 prmsentem
2805 3390 2921 3460 (qui
2971 3402 3253 3456 nunquam
3299 3385 3355 3439 in
3411 3398 3539 3439 eum

1977 3496 2166 3555 utpote
2205 3498 2464 3557 generum
2502 3479 2721 3537 mentiri
2756 3479 2911 3545 velit,
2942 3478 3155 3548 tibique
3183 3491 3290 3530 non
3324 3484 3541 3531 tantum

1980 3585 2204 3648 propter
2252 3590 2435 3629 rerum
2483 3588 2642 3628 usum
2678 3579 2844 3640 atque
2885 3567 3252 3639 prudentiam,
3295 3580 3456 3635 quam
3491 3565 3546 3620 ei

1979 3677 2110 3721 astas
2156 3665 2454 3736 longinqua
2515 3661 2726 3732 peperit
2756 3660 2892 3725 ,sed
2939 3667 3160 3729 propter
3201 3671 3320 3712 eant
3371 3654 3548 3708 nihilo

1981 3756 2182 3820 minus,
2239 3769 2346 3823 qua
2403 3755 2456 3806 in
2510 3753 2900 3821 imperatorem
2949 3749 3076 3810 fuit,
3122 3747 3275 3801 etin
3337 3745 3547 3799 liberos

1981 3845 2164 3900 adhuc
2197 3853 2300 3910 est,
2347 3857 2602 3915 germana
2635 3841 2968 3910 sinceraque
3015 3838 3284 3893 charitale
3313 3845 3370 3890 et
3413 3833 3544 3894 lide,

1984 3946 2132 3992 recte
2165 3935 2433 4010 consulet)
2475 3942 2798 4004 percontere
2854 3933 3004 3996 licet,
3053 3930 3217 4000 eique
3264 3929 3549 3998 obtempe-

1984 4045 2108 4086 res:
2139 4027 2454 4085 nihil-enim
2501 4025 2746 4095 iniquum
2799 4024 3244 4096 periculosutnve
3275 4035 3544 4077 suasurus

1984 4133 2089 4178 est.
2129 4121 2334 4176 Asanes
2395 4125 2580 4172 autem
2623 4116 2874 4186 perinde,
2907 4125 2969 4170 ut
3021 4115 3115 4185 qui
3169 4115 3224 4168 in
3280 4112 3552 4185 gymnicis

1984 4214 2130 4270 ludis
2159 4210 2473 4270 subsidunt.
2512 4224 2621 4277 quo
2677 4223 2802 4264 cum
2845 4208 3148 4264 victoribus
3179 4205 3281 4276 ipsi
3331 4219 3552 4276 quoque

1989 4305 2433 4377 congrediantur,
2494 4301 2566 4356 ad
2620 4301 2914 4356 dicendum
2972 4299 3314 4363 meditatus,
3373 4297 3550 4351 Meam

1992 4401 2236 4474 quidem,
2269 4397 2469 4467 inquit,
2517 4397 2751 4465 patriam
2786 4401 2843 4449 et
2871 4406 3183 4463 germanam
3224 4390 3551 4445 charitatem

1994 4511 2122 4567 erga
2155 4503 2409 4561 magnum
2445 4486 2833 4548 domesticum,
2863 4483 3202 4538 charissima
3232 4480 3355 4536 filiae
3395 4479 3559 4534 mari-

1994 4596 2108 4641 tum
2141 4597 2304 4638 nemo
2333 4578 2523 4650 utique
2548 4577 2783 4646 ignorat.
2814 4571 2971 4629 Unde
2993 4588 3116 4642 qua:
3138 4572 3409 4626 omnibus.
3425 4578 3557 4625 nota

1994 4685 2144 4740 sunt,
2175 4685 2377 4742 negare
2401 4647 2501 4723 me.
2517 4680 2617 4721 nor
2656 4665 2835 4720 decet.
2868 4661 3210 4717 Manifestum
3241 4670 3326 4716 est
3350 4663 3558 4730 itaque,

1995 4768 2065 4832 si,
2096 4761 2242 4834 quod
2288 4759 2442 4830 cupit
2479 4758 2618 4813 bene
2651 4753 3008 4826 processerit,
3058 4753 3227 4807 illum.
3261 4752 3562 4820 imperato-

1996 4873 2134 4922 rem,
2184 4861 2404 4923 gnatam
2450 4863 2626 4903 meam
2657 4846 3083 4916 imperatricem,
3130 4858 3230 4898 me-
3260 4843 3561 4912 imperato-

1997 4966 2118 5005 rum
2149 4957 2383 5018 patrem,
2417 4941 2635 5013 imperii
2669 4946 3006 4997 consortem.
3040 4946 3097 4991 et
3131 4935 3330 4990 illustri
3361 4933 3559 5004 gloria,

1999 5040 2211 5110 magnis
2242 5035 2441 5106 opibus
2490 5048 2558 5088 ac
2599 5030 2890 5100 splendore
2921 5028 3191 5082 futurum.
3242 5024 3423 5093 Atqui
3458 5036 3560 5091 ego

2000 5131 2276 5186 claritates
2315 5126 2456 5181 istas
2521 5131 2574 5177 et
2614 5129 2877 5188 augustos
2931 5116 3188 5178 honores,
3237 5114 3332 5184 qui
3381 5112 3563 5167 cuivis

2003 5220 2160 5278 alteri
2189 5219 2258 5273 ad
2286 5216 2656 5273 celebritatem
2689 5209 3027 5271 subicerent,
3062 5206 3166 5261 hoc
3195 5220 3380 5260 rerum
3412 5211 3559 5260 statu

2001 5323 2344 5382 nequaquam
2374 5301 2674 5361 convenire
2704 5299 2966 5354 arbitror.
2998 5297 3132 5350 Nam
3165 5311 3290 5351 cum
3321 5310 3353 5349 a
3383 5294 3564 5364 prima

2000 5416 2160 5462 aetate
2205 5404 2311 5457 (ide
2365 5414 2475 5454 non
2533 5396 2719 5451 fucata
2764 5389 3185 5462 imperatoribus
3231 5385 3562 5447 studuerim,

2004 5497 2185 5552 malim
2237 5493 2346 5547 illis
2399 5485 2728 5543 adlmrendo
2770 5484 2826 5538 in
2871 5479 3120 5535 miserias
3187 5487 3243 5533 et
3290 5489 3564 5532 aerumnas

2006 5585 2272 5647 incidere,
2317 5596 2480 5652 quam
2515 5593 2642 5634 cum
2690 5572 3107 5630 insidiatoribus
3153 5568 3404 5625 faciendo
3443 5581 3564 5620 am-
3675 5593 3692 5613 .-

2009 5677 2280 5753 plissimos
2327 5673 2564 5728 honores
2646 5677 2702 5725 ct
2754 5666 2902 5722 dona
2934 5662 3187 5734 adipisci.
3238 5661 3312 5716 De
3372 5669 3568 5726 magno
