3998 6198
217 349 319 415 θέθ

1413 347 1465 407 Π
1479 343 1955 407 ISTORIARUM
1994 345 2223 405 LIBER
2268 342 2376 406 III.

3351 349 3463 413 839

215 473 488 541 ἑκατέρων
517 465 884 535 ἀπαγγέλλειν
907 464 1435 536 διαπρεσϐευόμενα,
1465 463 1603 533 πρὸς
1631 462 1776 531 βασι-

1888 460 2132 515 vieissim
2157 461 2458 531 jurassent,
2484 473 2621 514 neve
2651 473 2711 514 se
2741 457 3074 527 inauditum,
3102 461 3465 531 sycophanta-

211 565 329 619 λίδα
357 566 436 624 εἰς
464 558 763 622 Βυζάντιον
785 557 1084 626 ἐκπέμπει.
1113 557 1223 611 Καὶ
1249 555 1443 626 πρῶτα
1473 556 1573 624 μὲν
1598 555 1782 623 ὅρκοις

211 652 499 707 ἒπιστοῦτο
525 649 599 711 ὡς
624 648 779 702 οὐδὲν
804 648 950 719 αὐτῷ
975 647 1087 701 τῶν
1111 646 1578 718 κατηγορημένων
1606 660 1781 697 συνει-

208 746 322 814 δείη
349 760 365 775 ο
400 745 593 796 ἔπειτα
624 742 793 795 ὲδεῖτο
826 741 902 809 μὴ
932 740 1042 793 τῶν
1069 739 1236 809 ὀλίγῳ
1267 741 1534 811 πρότερον
1561 739 1655 791 ἐπὶ
1684 736 1779 789 τοῦ

208 836 553 907 πατριάρχου
588 834 726 903 πρΣς
759 833 1023 899 ἀλλήλους
1055 832 1239 894 αὐτοῖς
1275 832 1658 901 γεγενημένων
1689 832 1784 899 ὅρ-

206 944 319 980 κων
356 922 713 988 ἐκλαθέσθαι,
763 919 900 993 μηδὲ
943 923 1156 991 ἐρήμην
1194 921 1361 974 αὑτοῦ
1400 920 1783 990 καταψηφίσα-

206 1018 332 1072 σθαι
368 1018 481 1076 τοῖς
518 1016 883 1082 συκοφάνταις
916 1013 1251 1083 πειθομένην
1286 1012 1469 1082 μόνοις
1495 1053 1509 1078 ,
1543 1011 1659 1067 ἀλλ’
1687 1012 1781 1064 ἐπὶ

203 1109 362 1179 δίκην
404 1107 612 1168 καλεῖν,
649 1106 744 1159 καὶ
786 1104 894 1157 τῶν
935 1103 1563 1176 ὲγκλημᾰτωνιέλεγχον
1608 1106 1775 1157 ποιεῖ⁶

204 1203 353 1258 σθαι.
384 1201 563 1269 Αὕτδιι
584 1199 692 1268 γὰρ
723 1194 863 1251 εἶναι
895 1197 1414 1268 παρεσκευασμένον
1439 1195 1517 1266 τῷ
1547 1211 1783 1265 κατηγο-

206 1292 393 1361 ροῦντι
433 1285 600 1343 παντὶ
635 1285 1121 1342 ἀντικαθίστασθαι
1168 1288 1301 1356 πρὸς
1340 1289 1499 1352 δίκην
1523 1306 1534 1319 ·
1569 1291 1684 1352 τοῖς
1721 1289 1779 1342 δὲ

201 1377 574 1447 ἐκπεμφθεῖσι
620 1375 882 1446 πρέσϐεσι
933 1374 1274 1443 προθεσμίαν
1321 1377 1542 1445 ἡμερῶν
1586 1376 1782 1445 παρεί-

199 1487 325 1539 χετο
368 1469 504 1537 ὅσην
540 1466 681 1537 ᾤετο
719 1467 978 1534 ἀρκέσειν
1017 1466 1279 1536 βασιλίδι,
1319 1467 1458 1520 ὥστε
1505 1470 1633 1537 περὶ
1668 1468 1778 1521 τῶν

200 1563 491 1632 παρόντων
535 1559 886 1630 σκεψαμένην
926 1559 1170 1632 ἀκριϐῶς
1210 1562 1508 1627 ἀπολογίαν
1549 1561 1781 1615 ἀποδοῦ-

196 1668 320 1705 ναι⁸
361 1651 430 1704 ἶν’
455 1652 505 1704 εἱ
548 1651 648 1720 μὶν
684 1650 818 1720 ὁμοῦ
849 1651 919 1704 τὰ
955 1650 1206 1720 λυσιτελῆ
1249 1652 1342 1703 καὶ
1381 1650 1566 1705 δίκαια
1603 1651 1777 1720 πράτ-

196 1761 313 1796 τειν
338 1743 593 1814 ᾑρημένη
621 1743 972 1813 δικαστήριον
997 1742 1233 1806 καθίζοι,
1261 1743 1353 1794 καὶ
1379 1743 1475 1812 τὴν
1501 1743 1777 1808 ἀπόδειξιν

195 1833 315 1885 τῶν
362 1832 668 1901 λεγομένων
718 1831 1000 1901 ἁπαιτοίη,
1049 1832 1254 1904 στέργῃ
1304 1833 1376 1885 τὰ
1428 1833 1777 1903 ἐψηφισμένα

196 1924 299 1976 καὶ
338 1924 497 1985 αὐτὸς
534 1923 695 1977 ὁποῖά
738 1921 858 1976 ποτ’
884 1924 951 1978 ἀν
1062 1925 1541 1993 πολυπραγμονῶν
1585 1925 1775 1993 μηδὲν,

196 2014 330 2085 ῖν⁹ἠ
377 2012 803 2084 προσδοκωμένη
847 2013 942 2066 τοῦ
988 2013 1316 2082 συγγενικοῦ
1358 2015 1599 2084 πολέμου
1645 2017 1777 2084 φλὸξ

192 2105 567 2176 ἀπομαρανθῇ
597 2122 613 2137 ·
647 2105 713 2158 ἄν
742 2105 787 2158 δ’
810 2105 1152 2177 ἀγνωμονοίη
1191 2107 1282 2159 καὶ
1323 2108 1397 2176 μὴ
1435 2107 1680 2176 βούλοιτο
1708 2110 1779 2163 τὰ

193 2199 378 2252 δέκαια
402 2200 601 2261 ποεεῖν,
625 2197 739 2250 ἀλλ’
761 2197 793 2268 ἢ
824 2198 1091 2268 μηδαμῶς
1113 2199 1212 2269 τὴν
1234 2198 1481 2264 ἐξέτασιν
1506 2202 1807 2271 ἀνέχοιτοπ

202 2292 231 2362 ἡ
252 2292 345 2345 τὸν
370 2292 571 2363 καιρὸν
593 2290 1017 2361 ὑπερτιθεμένη,
1042 2291 1383 2361 διακρούοιτο
1409 2294 1605 2357 αὐτοὺς
1636 2293 1774 2363 μετά

197 2383 290 2453 τήν
315 2383 621 2452 εἰρημένην
643 2380 1001 2452 προθεσμίαν,
1028 2382 1120 2436 τὸν
1143 2383 1277 2435 Θεὸν
1303 2383 1400 2452 τῆς
1430 2383 1646 2448 ἀδικίας
1674 2385 1775 2439 καὶ

134 2474 142 2481 ’
193 2473 360 2528 αὑτὸν
395 2474 667 2545 μάρτυρα,
697 2474 1177 2543 προστησάμενος,
1216 2472 1252 2527 ἃ
1291 2472 1358 2526 ἂν
1393 2474 1540 2545 αὑτῷ
1573 2491 1633 2528 τε
1680 2476 1773 2529 καὶ

191 2566 303 2629 τοῖς
333 2563 592 2618 συνοῦσιν
623 2563 789 2617 οἴοιτο
814 2564 1190 2634 λυσιτελήσειν
1218 2565 1482 2633 πράττειν
1508 2577 1524 2592 ⁸
1558 2568 1690 2635 πρὶν
1716 2566 1772 2619 δὲ

194 2655 367 2727 μηδὲν
403 2657 579 2708 κινεῖν
611 2655 722 2707 τῶν
755 2653 1115 2708 καθεστώτων
1135 2694 1150 2718 ,
1196 2654 1300 2707 κᾶν
1333 2655 1494 2707 πάντ’
1519 2654 1632 2709 ἀνω
1675 2658 1773 2711 καὶ

190 2748 345 2801 κάτω
367 2746 636 2815 γινόμενα
658 2743 826 2815 ὁρῴη.
848 2745 912 2799 Ol
932 2742 1032 2813 μὲν
1047 2741 1141 2798 οὖν
1165 2746 1422 2815 πρέσϐεις
1439 2746 1581 2800 οὕτω
1606 2764 1776 2815 προσ-

185 2830 518 2901 τεταγμένοι
568 2830 864 2900 πράττειν,
893 2830 1120 2900 ἐξῄεσαν
1173 2832 1579 2904 Διδυμοτείχου.
1617 2835 1772 2888 Ἐπεὶ

184 2925 240 2977 δὲ
276 2925 365 2986 εἰς
400 2920 713 2991 Σηλυϐρίαν
743 2914 914 2990 ἦκον,
950 2923 997 2975 οῖ
1035 2923 1097 2975 ἐκ
1131 2922 1228 2990 τῆς
1264 2928 1767 2996 παρακοιμωμένου

182 3013 368 3075 οἰκίας
396 3013 712 3083 ἀντυχόντες
730 3053 745 3078 ,
772 3014 867 3066 καὶ
894 3013 1096 3073 ῐππους
1120 3014 1520 3084 διαρπάσαντες
1547 3018 1644 3071 καὶ
1669 3020 1769 3090 τὴν

1885 566 2007 605 rum
2035 548 2444 605 -tantummodo
2479 547 2707 603 vocibus
2735 558 3004 618 permota,
3041 563 3196 603 reum
3228 565 3470 619 pronun-

1883 639 2003 701 tiet,
2021 638 2116 694 sed
2139 639 2195 692 in
2216 637 2476 707 judicium
2503 646 2682 702 vocet,
2702 637 2793 691 ubi
2814 638 3048 692 crimina
3079 638 3180 693 sibi
3214 639 3469 709 imposita

1882 729 2332 784 demonstrentur
2354 747 2370 782 :
2393 744 2453 783 se
2478 728 2627 782 enim
2660 735 2932 797 paratum,
2959 731 3136 784 cuivis
3157 734 3466 787 accusatori

1882 820 2028 889 apud
2057 819 2330 890 legitimos
2350 818 2562 887 iudices
2594 818 2954 887 respondere.
2990 819 3208 889 Legatis
3237 830 3454 874 certum

1882 908 2097 963 dierum
2140 923 2429 962 numerum
2471 907 2723 976 praztixit.
2758 916 2891 974 quot
2925 908 3263 975 imperatrici
3308 907 3460 962 solli-

1881 1010 2094 1061 cerent.
2126 1010 2188 1053 ut
2238 1014 2295 1053 re
2347 998 2602 1068 praesenti
2651 998 2944 1067 diligenter
2989 998 3337 1053 considerata
3387 1014 3452 1053 ac

1881 1107 2169 1162 perpensa,
2198 1105 2522 1159 responsum
2548 1089 2734 1142 daret:
2762 1098 2821 1142 ut
2845 1089 2890 1142 si
2914 1091 3199 1144 commode
3229 1105 3296 1143 ac
3314 1091 3463 1159 juste

1879 1199 2063 1241 secum
2091 1198 2253 1252 agere
2282 1182 2490 1242 volens,
2518 1180 2786 1250 judicium
2815 1182 3196 1244 constitueret,
3230 1181 3461 1235 etdela-

1882 1277 2091 1331 tionum
2128 1273 2487 1344 probationes
2520 1257 2794 1340 exigeret,
2824 1272 3153 1325 sententiam
3211 1271 3459 1340 judicum

1879 1373 2347 1439 qualemcunque,
2382 1365 2587 1431 absque
2624 1363 2772 1416 omni
2805 1363 3128 1415 curiositate
3163 1363 3295 1415 boni
3332 1377 3465 1415 con-

1879 1462 2108 1523 suleret,
2134 1472 2207 1511 ne
2242 1456 2421 1511 civilis
2453 1454 2581 1509 belli
2614 1452 2760 1522 quod
2789 1452 3232 1520 exspectabatur,
3275 1452 3464 1511 incen-

1879 1553 2030 1608 dium
2084 1558 2422 1619 erumperet.
2479 1546 2575 1603 Sin
2626 1561 2686 1601 se
2747 1544 3062 1614 improbum
3102 1544 3353 1604 duceret,
3405 1550 3464 1596 et

1878 1642 2025 1711 quod
2067 1641 2282 1712 justitia
2312 1638 2641 1708 postularet,
2677 1635 2861 1690 facere
2891 1634 3084 1704 nollet,
3120 1641 3178 1686 et
3207 1641 3302 1687 aut
3335 1632 3462 1685 nul-

1877 1736 1987 1790 lam
2030 1733 2444 1803 inquisitionem
2490 1736 2793 1799 pateretur,
2827 1734 2924 1780 aut
2958 1734 3176 1794 tempus
3223 1725 3457 1789 ducens,

1882 1828 2024 1883 ultra
2084 1825 2373 1881 definitum
2424 1837 2522 1878 eos
2559 1829 2909 1885 moraretur,
2964 1818 3077 1872 Deo
3132 1817 3461 1887 injuriarum

1881 1924 2020 1970 teste
2060 1914 2357 1984 appellato,
2391 1927 2514 1981 qua:
2544 1911 2749 1965 iurem
2790 1924 2944 1964 suam
2975 1922 3313 1976 suorumque
3346 1907 3462 1960 fore

1878 2003 2268 2064 arbitraretur,
2302 2016 2369 2054 ea
2418 2001 2787 2068 transigeret;
2820 1997 2976 2066 prius
3009 2012 3131 2065 qua:
3159 1996 3461 2050 constituta

1877 2095 2009 2158 sint,
2041 2093 2257 2148 etia'nsi
2293 2091 2478 2145 omnia
2501 2104 2718 2144 sursum
2760 2102 2824 2141 ac
2855 2086 3115 2140 deorsum
3158 2086 3458 2158 misceren-

1879 2198 1988 2254 tur,
2030 2201 2140 2240 non
2174 2193 2475 2237 moturum.
2508 2180 2644 2234 Cum
2680 2180 2765 2232 bis
2795 2176 3068 2231 mandatis
3098 2175 3261 2244 legati
3294 2173 3459 2242 Didy-

1876 2277 2118 2332 moticbo
2150 2273 2518 2344 egredientes,
2550 2271 2644 2324 ubi
2677 2269 2941 2340 Selybria:
2986 2266 3453 2335 propinquarum,

1875 2384 1904 2423 a
1937 2367 2258 2423 domesticis
2288 2362 2628 2434 Apncaucbi,
2658 2361 2715 2415 in
2758 2374 2898 2429 quos
2927 2357 3259 2419 inciderant,
3296 2357 3459 2425 equis

1873 2459 2216 2529 sarcinisque
2246 2456 2489 2526 spoliati,
2513 2461 2571 2508 et
2594 2454 2648 2506 in
2680 2449 2985 2507 custodiam
3013 2447 3261 2503 contrusi
3296 2455 3450 2501 sunt.
3526 2496 3529 2503 .

1872 2551 2328 2625 Didymotichum.
2354 2542 2460 2602 tam
2484 2546 2694 2601 nefario
2717 2542 2962 2597 facinore
2986 2539 3258 2603 numiato,
3274 2537 3458 2592 caeteri

1872 2624 2099 2715 quidem
2122 2654 2316 2696 omnes
2343 2654 2449 2691 non
2485 2650 2678 2706 parum
2707 2628 3005 2699 indignari,
3032 2626 3194 2698 422
3215 2633 3270 2679 et
3299 2624 3459 2679 minl-

1870 2750 1959 2789 me
1997 2731 2284 2788 ferendum
2335 2728 2561 2790 ducere,
2593 2741 2623 2778 a
2652 2721 2937 2778 vilissimis
2968 2716 3307 2779 hominibus,
3345 2724 3455 2768 tam

1870 2824 2016 2881 foede
2053 2825 2170 2878 sine
2197 2822 2305 2877 ulla
2325 2834 2488 2876 causa
2516 2817 2758 2872 multari.
2782 2817 2848 2869 At
2873 2829 3101 2882 magnus
3123 2810 3459 2866 domesticus

1870 2932 1969 2971 eos
1990 2914 2309 2975 admonere,
2336 2927 2405 2965 ne
2432 2910 2484 2964 id
2516 2908 2846 2964 imbecillius
2864 2907 3115 2974 ferrent;
3144 2920 3203 2959 se
3234 2915 3457 2973 quoque

1869 3007 2204 3070 existimare,
2226 3018 2335 3059 non
2362 3002 2503 3058 bene
2532 3001 2641 3055 illis
2671 3001 2722 3053 id
2744 3007 3101 3064 eventurum,
3146 3006 3198 3051 et
3233 3010 3457 3065 magna-

182 3105 361 3173 ιλλην
389 3104 740 3174 ἀποσκευὴν,
771 3104 970 3168 αὐτοὺς
998 3100 1147 3175 εἶχον
1174 3108 1233 3159 ἐν
1264 3110 1498 3178 φρουρᾷ.
1538 3086 1766 3177 Ἀγγελι

1877 3114 1994 3153 rum
2025 3111 2209 3153 rerum
2238 3109 2360 3150 esse
2389 3092 2639 3162 quaedam
2675 3091 3033 3149 fundamenta
3066 3104 3130 3143 ac
3162 3086 3454 3158 prommia.

182 3194 397 3249 θέντων
429 3193 487 3248 δὲ
520 3196 631 3258 τοῖς
666 3196 724 3248 ὲν
759 3195 1128 3265 Διδυμοτείχῳ
1158 3197 1268 3250 τῶν
1307 3200 1436 3268 περὶ
1467 3201 1594 3262 τοὺς
1632 3203 1769 3272 πρέ-

1877 3188 2245 3246 Perstandum
2275 3196 2456 3241 tamen
2492 3185 2544 3239 in
2583 3184 2670 3239 his
2696 3198 2818 3252 quae
2833 3183 2958 3252 {ipsi
2981 3182 3380 3244 ἀει-τονιεεειιι,
3401 3186 3461 3232 et

182 3289 345 3351 σϐεις
372 3286 796 3357 τετολμημένων
823 3288 915 3340 καὶ
948 3288 1057 3341 οὐδ’
1078 3290 1306 3342 ἀνεκτὸν
1335 3290 1598 3360 ἡγοῦντο,
1626 3269 1770 3346 obrui

1877 3282 2049 3338 donec
2063 3279 2185 3335 dies
2207 3276 2471 3347 praefinita
2501 3275 2792 3337 illuxisset,
2818 3273 2956 3326 nihil
2982 3271 3318 3326 novandum.
3337 3269 3460 3332 Non

180 3376 352 3446 παρὰ
382 3374 608 3443 φαύλων
639 3377 729 3429 ἐπὶ
768 3376 1013 3447 μηδεμιᾷ
1050 3379 1327 3447 προφάσει
1360 3382 1768 3451 προπηλακίζε-

181 3467 313 3520 σθαι
357 3463 685 3531 ἀνθρώπων.
720 3463 781 3518 '0
824 3465 998 3534 μέγας
1035 3467 1093 3520 δὲ
1151 3467 1470 3537 δομέστικος
1536 3470 1768 3541 παρῄνει

144 3638 147 3639 ν
184 3557 260 3626 μὴ
296 3555 672 3626 μικροψυχεῖν
690 3572 706 3587 ο
734 3557 945 3610 οῖεσθαι
978 3558 1079 3627 μὲν
1103 3559 1213 3630 γὰρ
1241 3560 1335 3612 καὶ
1362 3562 1522 3624 αὐτὸς
1550 3562 1649 3614 οὐκ
1680 3563 1769 3615 tn’

175 3644 387 3716 ἁγαθῷ
420 3645 492 3698 τὰ
520 3644 746 3698 τοιαῦτα
778 3646 1160 3718 τελευτήσειν,
1196 3648 1332 3701 ἀλλά
1368 3650 1621 3719 μεγάλων
1653 3651 1772 3703 ἐσε-

177 3735 315 3789 σθαι
354 3734 702 3804 πραγμάτων
726 3733 1016 3798 ὑποθέσεις
1040 3750 1055 3767 ⁸
1083 3736 1194 3789 δεῖν
1218 3736 1274 3789 δὲ
1302 3737 1452 3805 ὅμως
1478 3740 1587 3800 τοῖς
1618 3738 1773 3809 παρά

178 3822 385 3890 σφίσιν
405 3820 592 3882 αὐτοῖς
614 3821 877 3890 Ξμμένειν
896 3820 1311 3893 ἑψηιρισμένοις,
1335 3827 1429 3878 καὶ
1453 3826 1622 3896 μηδὲν
1642 3843 1772 3880 νεω-

174 3913 471 3985 τερίζειν,
504 3914 636 3982 πρὶν
669 3913 769 3984 τὴν
801 3912 1141 3985 προθεσμίαν
1170 3915 1345 3986 ήκειν.
1379 3918 1456 3971 Οὐ
1489 3919 1599 3988 γὰρ
1635 3918 1772 3987 ἀγα-

174 4005 275 4059 θὸν
310 4005 435 4068 τοῖς
470 4003 622 4074 παρά
656 4004 811 4072 σφίσι
846 4006 1200 4077 κεκριμένοις
1233 4007 1453 4062 ἐναντία
1485 4009 1769 4081 πράττειν.

173 4098 284 4149 ’Δν
321 4095 388 4147 δέ
419 4112 476 4149 τι
512 4096 668 4166 παρά
705 4096 864 4163 δόξαν
898 4098 993 4150 καὶ
1025 4101 1138 4161 τοῖς
1178 4100 1470 4171 ἡμετέροις
1509 4103 1772 4171 πρέσϐεσι

170 4186 542 4258 συμϐέϐηκε,
585 4186 899 4257 θαυμαστὸν
937 4190 1112 4244 οὐδέν.
1153 4191 1242 4261 Τῷ
1282 4192 1392 4263 γὰρ
1434 4195 1611 4247 πάντα
1650 4193 1771 4247 τολ-

173 4279 371 4346 μῶντι
399 4280 883 4350 παρακοιμωμένῳ
909 4283 1000 4334 καὶ
1028 4282 1288 4349 οἰκέταις,
1312 4282 1431 4336 οὐδὲ
1457 4284 1525 4336 τά
1548 4285 1771 4339 τοιαῦτα

166 4365 334 4424 εἶναι
368 4370 764 4439 ἀνεπιχείρητα
795 4372 1072 4441 προσῆκεν
1092 4389 1105 4403 ο
1139 4373 1202 4426 οὐ
1230 4374 1294 4443 δὴ
1325 4374 1533 4428 δίκαιον
1561 4376 1629 4428 τὰ
1656 4379 1768 4441 τοῖς

167 4460 374 4522 ἄλλοις
412 4459 659 4530 ἀνοήτως
696 4461 786 4515 καὶ
819 4462 1065 4533 θρασέως
1097 4464 1472 4535 τολμηθέντα,
1506 4468 1571 4538 τῇ
1610 4467 1768 4538 βασι-

165 4552 287 4605 λίδι
318 4551 463 4621 πρὸς
488 4551 557 4621 ἢν
582 4553 745 4622 ἡμεῖς
769 4554 870 4624 τὴν
895 4555 1197 4624 πρεσϐείαν
1223 4558 1595 4626 πεποιήμεθα,
1620 4560 1767 4628 λογί-

166 4643 410 4705 ζεσθαι.
438 4642 652 4707 Ἄλλως
678 4661 773 4711 τε,
800 4647 849 4698 εί
882 4646 983 4715 μὲν
1012 4648 1203 4716 ὲκείντῖ
1224 4649 1291 4702 τά
1321 4649 1507 4703 δέοντα
1543 4651 1774 4705 ποιοῦσα

170 4733 592 4805 συμφερόντως
638 4735 990 4804 βουλεύσεται
1036 4738 1162 4809 περὶ
1199 4739 1306 4792 τῶν
1346 4740 1638 4819 diuvant
1682 4742 1775 4794 τὸν

169 4824 651 4895 προσδοκώμενον
681 4828 920 4896 πόλεμον
949 4826 1212 4893 διαλύσει,
1242 4830 1319 4893 ὡς
1350 4830 1521 4901 μηδὲν
1548 4830 1678 4884 ὄντα
1706 4833 1776 4885 τὰ

169 4917 541 4985 γεγενημένα
560 4918 826 4988 περιϊδεῖν
849 4922 1155 4989 προσῆκον.-
1172 4920 1273 4973 “Av
1293 4920 1365 4984 δ’,
1386 4922 1415 4975 δ
1438 4922 1514 4992 μή
1539 4922 1773 4990 γένοιτο,

169 5008 334 5081 πρὸς
374 5007 597 5078 μείζονα
625 5008 727 5080 τὴν
758 5012 994 5063 ἀτοπίαν
1024 5010 1296 5081 ἐξαχθῶσι
1319 5054 1334 5079 ,
1369 5014 1479 5066 τότ’
1506 5014 1607 5084 ήδη
1645 5015 1778 5086 περὶ

168 5099 306 5153 τῶν
341 5100 623 5168 μεγίστων
657 5102 824 5171 ήμῖν,
859 5102 922 5155 οὐ
965 5103 1096 5174 περὶ
1125 5103 1385 5158 τοιούτων
1419 5106 1775 5175 προκείσεται

173 5193 429 5248 σκοπεῖν
454 5208 470 5223 ·
510 5193 641 5246 ὥστ’
666 5194 725 5261 ἐξ
760 5195 1094 5266 ἀμφοτέρων
1126 5195 1211 5249 δεῖ
1244 5195 1353 5250 τῶν
1389 5199 1779 5268 γεγενημένων

174 5287 571 5357 καταφρονεῖν
591 5326 607 5352 ,
647 5287 742 5340 καὶ
776 5288 852 5357 μὴ
881 5288 957 5352 ὡς
989 5288 1119 5357 περί
1147 5305 1312 5342 τινων
1346 5277 1659 5357 ἀναγκαίων
1690 5290 1779 5343 θο-

177 5373 506 5445 ρυϐεῖσθαι.
533 5375 775 5438 Ἐκεῖνος
800 5378 899 5447 μὲν
918 5377 982 5444 δὴ
1002 5375 1229 5431 τοιαῦτα
1252 5378 1440 5445 εῖπὼν,
1463 5383 1777 5434 κατέπαυσε
1812 5426 1829 5440 .

170 5442 305 5535 ’τὴν
331 5463 600 5536 ταραχὴν,
628 5442 851 5523 πάντων
880 5442 1195 5538 εὐξαμένων
1222 5469 1304 5532 είς
1333 5442 1560 5537 ἀγαθὸν,
1586 5470 1777 5542 ὥσπερ

168 5554 426 5624 εἴρηκεν
473 5558 672 5625 αὐτὸς,
723 5559 1044 5615 ἀποϐαίνειν
1090 5560 1161 5613 τὰ
1211 5561 1457 5631 παρόντα
1487 5599 1502 5626 ,
1537 5563 1650 5615 ικαὶ
1701 5564 1778 5636 μὴ

172 5646 394 5718 ὥσπερ
420 5647 493 5707 lat
518 5649 629 5704 τῶν
655 5655 1050 5723 πραττομένων
1080 5652 1495 5722 ἀναγκάζονται
1527 5655 1783 5724 στοχάζε-

1868 3373 2016 3429 enim
2058 3369 2346 3439 expedire,
2377 3377 2566 3422 contra
2597 3380 2753 3420 suam
2790 3364 2967 3433 ipsius
2998 3364 3331 3418 sententiam
3361 3375 3459 3414 vc-
3546 3380 3549 3381 ν

1870 3463 2016 3517 nire.
2044 3459 2199 3525 Quod
2239 3458 2284 3513 si
2317 3457 2449 3527 quid
2482 3465 2678 3525 praeter
2703 3455 3021 3523 opinionem
3053 3456 3220 3506 etiam
3255 3450 3462 3506 nostris

1870 3552 2064 3623 legatis
2103 3547 2326 3612 accidit,
2380 3546 2519 3600 nihil
2564 3547 2786 3598 mirum.
2822 3544 2958 3598 Nam
3005 3543 3265 3612 praefecto
3296 3541 3456 3595 cubi-

1871 3643 1979 3697 culi
2035 3648 2093 3697 et
2122 3640 2302 3696 servis
2336 3638 2458 3708 ejus
2489 3636 2826 3690 audentibus
2857 3635 3068 3697 omnia,
3103 3633 3197 3702 qui
3233 3632 3456 3687 tandem

1871 3731 2239 3789 conveniebat
2272 3744 2385 3784 non
2435 3728 2600 3784 etiam
2629 3728 2736 3781 hoc
2780 3726 3029 3782 audere?
3058 3724 3293 3780 Proinde
3333 3739 3461 3794 qua

1875 3824 1969 3879 alii
2016 3824 2179 3879 stulte
2225 3831 2282 3877 et
2321 3820 2666 3877 confidenter
2696 3820 3067 3883 admiserunt,
3113 3834 3176 3873 ea
3217 3819 3459 3887 impera-

1875 3914 2028 3982 trici,
2056 3916 2123 3969 ad
2146 3928 2310 3985 quam
2336 3914 2548 3983 legatos
2571 3912 2846 3975 misimus,
2875 3909 3158 3965 ascribere
3187 3909 3455 3979 injustum

1871 4015 1977 4061 est.
2000 4004 2082 4059 Ad
2114 4004 2251 4069 haec,
2281 4003 2329 4057 si
2359 4003 2475 4072 ipsa
2507 4017 2607 4071 pro
2635 4016 2863 4055 munere
2890 4015 2991 4056 suo
3020 4013 3247 4053 summae
3276 3997 3460 4067 reipu-

1873 4095 2031 4151 blicae
2059 4091 2422 4157 consuluerit,
2453 4102 2510 4147 et
2536 4091 2738 4147 bellum
2778 4090 3075 4145 imminens
3105 4089 3456 4152 discusserit,

1875 4195 1990 4240 tum
2040 4200 2164 4257 quae
2212 4184 2358 4239 facta
2399 4192 2549 4249 sunt,
2598 4198 2697 4263 pro
2735 4182 2945 4237 nullius
2994 4166 3257 4236 momenti
3298 4180 3461 4234 factis

1874 4277 2082 4335 habere
2119 4277 2361 4332 decebit.
2399 4275 2519 4340 Sin,
2558 4274 2704 4343 quod
2736 4274 2903 4339 absit,
2940 4274 2995 4328 in
3027 4273 3332 4344 majoribus
3356 4275 3458 4327 ini-

1874 4371 2036 4442 probi
2070 4368 2305 4434 fuerint,
2341 4377 2455 4424 tum
2484 4382 2594 4420 non
2629 4366 2697 4420 de
2726 4366 2935 4435 parvis,
2973 4365 3070 4420 sed
3105 4366 3173 4420 de
3204 4365 3459 4421 maximis

1876 4459 2338 4518 consultabimus.
2364 4456 2711 4527 Quapropter
2744 4464 2859 4510 tum
2891 4457 3033 4510 hanc
3061 4466 3175 4510 tum
3208 4456 3356 4509 illam
3386 4456 3463 4512 ob

1875 4566 2134 4616 causam,
2171 4565 2295 4621 qua;
2342 4548 2480 4603 facta
2514 4556 2662 4614 sunt,
2706 4546 3135 4612 contemnenda,
3198 4562 3301 4602 nec
3339 4557 3457 4601 tan-

1875 4660 2039 4715 quam
2082 4644 2151 4698 de
2204 4640 2572 4710 singularibus-
2619 4639 2928 4693 molestiam
2986 4639 3307 4710 capiendam
3348 4630 3492 4694 aio.‘

1876 4736 2003 4791 Haec
2037 4734 2132 4789 ubi
2180 4732 2339 4795 dixit,
2375 4731 2670 4787 tumultum
2705 4731 2940 4796 sedavit,
2968 4733 3227 4787 omnibus
3272 4742 3465 4802 optan-

1878 4828 2046 4892 tibus,
2072 4834 2134 4881 ut
2157 4824 2620 4895 quemadmodum
2644 4823 2883 4889 dixerat,
2909 4840 2996 4879 res
3012 4823 3163 4891 bene
3181 4832 3460 4880 verteret:

1878 4936 2010 4982 non,
2046 4927 2110 4973 ut
2151 4933 2220 4973 ex
2267 4916 2539 4971 anteactis
2582 4917 2895 4984 conjectare
2942 4915 3051 4984 ipsi
3102 4916 3461 4985 cogebantur.

1880 5011 2305 5068 Tumultuantes
2337 5007 2410 5061 ita
2455 5006 2813 5077 compescuit.
2860 5006 3205 5073 lmperatrix,
3239 5014 3298 5058 ut
3345 5006 3465 5073 pri-

1883 5120 2032 5160 mum
2078 5103 2281 5173 legatos
2324 5115 2448 5155 esse
2490 5100 2720 5154 violatos
2759 5097 2979 5162 didicit,
3010 5098 3255 5167 graviter
3309 5096 3456 5162 tulit,

1877 5198 2152 5269 jussitque
2183 5203 2433 5266 raptores
2469 5195 2646 5265 spolia
2682 5191 2933 5254 reddere,
2967 5203 3023 5247 et
3057 5191 3128 5247 ad
3171 5206 3230 5246 se
3262 5191 3465 5269 depor-A

1884 5260 2022 5347 tare.
2054 5260 2194 5347 'I'um
2226 5260 2560 5359 patriarcha,
2607 5287 2945 5356 reliquisque
2991 5285 3372 5356 optimatibus,
3408 5260 3481 5339 et.

1884 5384 2130 5453 Augusta
2179 5396 2366 5437 coram
2417 5378 2822 5449 praesentibus,
2866 5376 3029 5446 legati
3077 5391 3180 5431 suo
3234 5391 3465 5433 munere

1886 5473 2162 5545 perfuncti
2210 5480 2362 5532 sunt.
2390 5470 2609 5528 cunctis
2646 5483 2768 5539 qua:
2814 5468 3145 5536 petebantur
3203 5478 3264 5524 ut
3305 5484 3462 5538 aequa

1887 5564 2345 5635 approbantibus.
2385 5564 2671 5632 Rogabant
2708 5570 2892 5616 autem
2935 5562 3084 5617 illam
3125 5572 3184 5617 ct
3232 5561 3468 5631 patriar-

1888 5658 2050 5713 cham
2100 5656 2290 5726 legati,
2337 5670 2405 5710 ne
2463 5654 2517 5709 in
2575 5656 2744 5710 rebus
2794 5663 2903 5709 tam
2960 5656 3141 5724 magni
3199 5653 3464 5710 momenti

198 5737 350 5795 σθαι
377 5741 552 5798 αὐτοί.
582 5742 739 5801 Οὕτω
768 5745 868 5816 μιν
893 5743 989 5801 οὖν
1017 5747 1214 5800 ἐκεῖνοι
1247 5748 1664 5804 κατεστέλλοντο
1692 5750 1776 5806 τοῦ

1896 5764 2116 5823 tempus
2166 5749 2514 5815 eximerent,
2565 5748 2659 5804 sed
2690 5747 2972 5825 celeriter
3022 5748 3466 5807 emendationem
