3998 6198
618 312 727 374 835
816 357 835 374 .

1791 303 2114 368 JOANNIS
2146 292 2672 367 CANTACUZENI
3654 313 3737 379 836

618 426 815 495 ipsum,
847 424 1051 479 amoris
1098 434 1506 495 argumentum,
1556 423 1981 480 sollicitudinem
2018 431 2185 491 atque

2301 424 2562 489 ρέστατον
2594 424 2696 492 τὴν
2725 423 2806 483 είς
2832 422 2969 499 τοὺς.
2996 423 3192 487 παῖδας
3221 424 3454 497 πρόνοιαν
3478 428 3555 483 καὶ
3587 432 3740 500 βασιλί-

617 532 803 570 curam
859 516 915 570 in
970 516 1173 571 liberos
1221 528 1278 572 et
1325 519 1610 588 conjugem
1671 518 1791 586 ejus
1823 517 2065 572 ederem.
2120 515 2189 569 Et

617 607 841 675 quidem
885 607 952 660 ab
980 609 1099 674 ejus
1126 608 1279 663 obitu
1314 623 1488 676 usque
1526 608 1632 661 huc
1677 607 1811 660 nihil
1841 606 2187 676 praetermisi,

618 700 713 751 sed
754 715 857 752 nec
889 698 1107 767 corpori
1150 715 1273 753 meo
1330 699 1644 767 pecuniisve
1674 699 1917 768 peperci,
1942 697 2191 767 nihilque

620 802 730 840 non
762 787 869 841 feci
920 797 977 841 et
1002 790 1224 849 tentavi,
1249 797 1309 840 ut
1332 789 1441 840 illis
1466 786 1751 857 imperium
1779 802 2189 844 eonservarem.

620 879 807 947 Neque
857 893 1012 944 vero,
1055 895 1180 933 cum
1219 880 1482 935 hactenus
1524 896 1623 949 pro
1672 896 1738 934 eo
1769 896 1833 934 ac
1863 881 2026 934 debui
2060 879 2193 932 iide-

620 968 747 1022 liter
799 969 1058 1038 justeque
1120 970 1460 1039 praefuerim,
1529 971 1752 1025 demum
1816 970 2192 1041 magnitudine

621 1058 908 1126 potestatis
953 1058 1195 1124 inﬂatus,
1246 1059 1381 1114 mihi
1426 1062 1730 1116 Romanum
1773 1061 2062 1131 imperium
2103 1076 2195 1115 asc

620 1158 890 1212 serturus,
921 1160 979 1204 et
1011 1165 1305 1218 personam
1336 1151 1497 1205 istam
1533 1152 1586 1205 iu
1632 1152 2039 1221 imperatoriam
2068 1168 2193 1205 mu-

621 1248 835 1293 taturus
877 1256 1051 1295 eram.
1083 1242 1218 1296 Nam
1249 1257 1356 1312 qua
1382 1242 1450 1298 de
1482 1245 1782 1313 prmtcrito,
1820 1258 1904 1297 res
1931 1243 2061 1312 ipsa:
2090 1243 2195 1298 hoc

622 1331 995 1395 testalmntur,
1037 1349 1205 1399 super
1230 1334 1431 1388 futuris
1484 1351 1593 1388 non
1625 1336 1799 1389 solum
1844 1335 2014 1390 Deum
2044 1336 2194 1405 cogi-

624 1421 893 1475 tationum
950 1438 1194 1477 mearum
1240 1432 1433 1480 testem
1474 1425 1566 1488 do,
1621 1430 1715 1481 sed
1750 1427 1915 1480 etiam
1949 1440 2016 1480 ex
2056 1427 2192 1495 ipsis

542 1568 551 1587 ἶ
624 1513 918 1579 praeteritis
946 1520 1009 1567 ea
1042 1515 1251 1584 liquido
1285 1517 1503 1586 probari
1539 1532 1699 1587 posse
1748 1518 1893 1571 dico.
1951 1517 2007 1572 Si
2045 1519 2192 1573 enim

625 1603 749 1666 ista,
810 1614 869 1656 ut
931 1605 1279 1673 sycophantas
1343 1608 1661 1676 praedicant,
1718 1608 2193 1677 concupiscebam,

548 1708 553 1713 '
620 1694 755 1763 quid
824 1683 1170 1764 prohibebat,
1224 1701 1443 1767 quando
1519 1699 1850 1768 imperatore
1905 1700 2193 1764 moriente,

624 1789 772 1844 illius
803 1791 944 1844 lilios
977 1792 1202 1856 habens,
1225 1794 1484 1863 palatium
1505 1796 1823 1850 custodibus
1854 1796 2187 1861 muniebam,

621 1891 678 1934 et
712 1894 830 1951 post
862 1883 1006 1937 diem
1044 1879 1261 1939 tertium
1297 1887 1642 1954 imperatrice
1684 1888 1979 1942 accedente
2007 1887 2192 1941 omnia

622 1984 777 2027 crant
825 1976 877 2027 in
912 1992 1075 2029 manu
1114 1993 1251 2038 mea.
1286 1988 1346 2031 ut
1396 1979 1463 2031 iis
1506 1979 1572 2032 ad
1622 1980 1946 2033 arbitratum
1984 1988 2190 2041 uterer,

623 2067 754 2134 quin
818 2067 938 2120 illos
989 2084 1020 2121 e
1077 2069 1270 2123 medio
1298 2070 1568 2134 tollerem,
1614 2072 1858 2140 mihique
1897 2072 2191 2140 imperium

622 2159 759 2211 citra
813 2158 1074 2212 sudorem
1134 2174 1196 2213 ac
1248 2162 1489 2215 laborem
1538 2163 1831 2216 retinerem
1862 2205 1875 2224 ,
1906 2164 2190 2245 trullojam

622 2245 837 2307 relicto.
871 2248 965 2315 qui
1021 2264 1080 2302 se
1116 2249 1246 2301 mihi
1279 2249 1509 2303 auderet
1544 2252 1860 2320 opponere?
1894 2253 2057 2321 Atqui
2107 2268 2193 2307 me

623 2354 734 2391 non
767 2348 976 2392 tantum
1005 2339 1141 2394 nihil
1161 2340 1539 2410 hujuscemodi
1570 2343 1870 2397 machinari
1903 2345 2190 2412 apparuit,

621 2429 716 2484 sed
750 2444 873 2483 cum
904 2430 958 2483 in
993 2447 1197 2484 nonum
1249 2431 1393 2485 diem
1427 2450 1456 2486 a
1488 2443 1665 2487 morte
1694 2434 2043 2504 imperatoris
2072 2451 2193 2489 om-

621 2521 712 2573 nia
749 2522 803 2573 in
843 2522 1123 2575 tutissimo
1156 2524 1591 2588 constituissem,
1645 2526 1951 2581 custodiam
1996 2528 2191 2583 deinde

621 2613 854 2677 removi,
882 2626 936 2668 et
966 2614 1113 2668 domi
1156 2630 1311 2679 meae,
1352 2616 1496 2668 sicut
1526 2626 1706 2680 antea,
1732 2632 1844 2670 rem
1871 2633 2063 2673 curare
2092 2635 2193 2689 pu-

621 2703 820 2759 blicam
887 2693 1126 2775 perrexi,
1177 2707 1315 2760 nihil
1366 2708 1492 2762 novi
1541 2708 1833 2777 incipiens,
1896 2725 2077 2779 neque
2122 2710 2188 2764 ad

620 2811 804 2850 meum
862 2796 1214 2852 commodum
1244 2797 1363 2866 ejus
1415 2799 1866 2869 gubernationem
1914 2799 2191 2870 dirigens,

622 2886 770 2938 unde
797 2887 986 2940 conari
1020 2902 1106 2940 me
1141 2887 1432 2956 imperium
1469 2902 1740 2956 occupare
1772 2887 2044 2957 quispiam
2069 2889 2193 2959 jure

620 2974 947 3042 putavisset.
984 2973 1087 3040 Qui
1112 2977 1241 3029 vivo
1287 2976 1617 3045 imperatore
1640 2988 1819 3040 erant,
1848 2992 1942 3031 eos
1971 2976 2193 3046 provin-

619 3063 830 3116 ciarum
898 3064 1229 3135 urbiumque
1264 3067 1549 3134 pmlectos
1576 3066 1773 3135 reliqui
1809 3076 1907 3120 :et
1953 3074 2011 3119 ut
2034 3080 2193 3120 exer—

618 3155 766 3211 citus
805 3173 914 3211 non
957 3158 1092 3211 mihi
1145 3157 1286 3212 bene
1318 3158 1506 3219 vellet.
1537 3159 1656 3213 sed
1709 3158 1988 3212 communi
2024 3157 2196 3228 pluri-

620 3263 772 3301 mum
807 3249 1115 3319 prodesset,
1148 3250 1483 3305 omnimodis
1518 3252 1817 3317 elaboravi,
1846 3250 1988 3317 Quin
2027 3249 2194 3305 etiam

617 3339 752 3393 dum
785 3340 991 3395 hedera
1042 3357 1166 3395 cum
1209 3342 1467 3397 Barbaris
1516 3343 1767 3398 ﬁnitimis
1814 3344 1973 3407 inivi,
2033 3358 2197 3399 nemo

620 3442 725 3497 est,
757 3433 850 3501 qui
893 3448 977 3487 tne
1012 3433 1285 3503 privatum
1339 3434 1562 3504 aliquod
1618 3436 2007 3505 compendium
2049 3450 2200 3490 com-

622 3526 882 3580 munibus
914 3526 1304 3582 emolumentis
1327 3526 1707 3596 anteposuisse
1736 3527 2055 3583 ostenderit.
2089 3527 2196 3583 Sed

619 3629 746 3668 cum
808 3614 919 3668 illis
979 3615 1202 3684 quidem
1266 3632 1454 3685 pacem
1530 3618 1845 3686 reipublicaa
1899 3618 2196 3673 salutarem

618 3704 853 3771 confeci,
918 3721 1018 3775 pro
1053 3706 1178 3761 liliis
1225 3719 1407 3761 autem
1463 3708 1806 3778 imperatoris
1859 3709 1929 3764 de
1969 3725 2196 3764 suorum

623 3797 729 3853 [ide
767 3800 982 3853 securis
1031 3808 1090 3853 ut
1121 3811 1490 3870 pugnaretur,
1531 3816 1752 3870 Operam
1783 3801 1932 3856 dedi.
1963 3803 2041 3858 Ex
2075 3803 2200 3872 qui-

620 3886 727 3941 bus
766 3889 1025 3944 universe
1071 3892 1174 3955 hac
1206 3891 1330 3944 luce
1362 3891 1567 3945 clarius
1613 3901 1717 3953 est,
1750 3892 1839 3945 ine
1868 3892 2018 3947 nullo
2046 3895 2195 3959 dolo,

620 3988 679 4032 et
705 3979 996 4035 sinceriter
1022 3997 1212 4035 eorum
1238 3982 1362 4035 loco
1400 3983 1615 4036 clavum
1656 3983 1915 4038 tenuisse.
1947 3984 2112 4056 426
2140 3986 2198 4042 Si

621 4072 770 4125 enim
802 4088 864 4126 ea
894 4072 1182 4127 versabam
1215 4073 1421 4136 animo,
1454 4089 1577 4143 qua:
1624 4073 2056 4130 calumniatores
2106 4077 2196 4133 iSIi

588 4226 593 4235 ο
621 4164 913 4233 objiciunt,
934 4175 992 4216 ut
1022 4164 1157 4216 nihil
1185 4164 1356 4227 aliud,
1378 4175 1527 4221 certe
1557 4175 1671 4220 toto
1704 4167 1948 4221 Romano
1967 4168 2198 4238 imperio

622 4270 865 4325 sparsas,
901 4270 1107 4324 easque
1157 4265 1220 4308 ut
1245 4256 1347 4325 ipsi
1401 4273 1620 4326 quoque
1665 4258 1838 4321 scitis,
1903 4259 2197 4318 immensas

624 4362 759 4416 up:.s
806 4356 970 4415 atque
998 4348 1205 4415 copias,
1243 4347 1490 4417 mihique
1519 4350 1585 4401 ad
1618 4350 1819 4403 bellum
1848 4353 2199 4420 opportunis-

2290 513 2356 565 δα
2383 513 2484 582 τὴν
2512 514 2723 565 ἐκείνου
2753 514 3004 583 γαμετὴν
3052 515 3347 583 ἐξενεγκεῖν
3367 533 3382 549 ο
3429 522 3510 572 καὶ
3537 520 3743 576 διετέλεεὰ

2291 619 2356 670 γε
2398 602 2536 672 μετά
2566 603 2664 673 τὴν
2693 604 2909 657 ἐκείνου
2941 605 3203 672 τελευτὴν
3229 609 3346 677 ἄχρι
3372 607 3476 673 νῦν,
3520 611 3640 663 esse
3666 612 3744 663 τῶν

2292 693 2524 745 δεόντων
2553 694 2916 763 παραλείπων
2942 735 2958 759 ,
3000 696 3138 749 ἀλλά
3174 698 3265 751 καὶ
3293 698 3513 768 σώματος
3544 702 3619 754 καὶ
3647 717 3744 769 χρη·

2295 784 2482 852 μάτων
2506 784 2763 850 ἀφειδῶν,
2825 790 2918 838 καὶ
2965 785 3147 840 πάντα
3176 788 3411 858 πράττων
3449 789 3533 842 καὶ
3561 795 3747 859 pupuli-

2297 891 2460 943 μενος
2483 876 2578 928 ἐπὶ
2605 876 2685 944 τῷ
2710 874 3099 939 συνδιασώζειν
3127 878 3349 940 ἐκείνοις
3396 876 3482 948 τὴν
3509 879 3671 948 ἀρχήν.
3692 879 3746 931 οὐ

2297 965 2428 1036 μὴν,
2460 970 2570 1019 οὐδ’
2601 969 2733 1038 ἄχρι
2765 966 2862 1020 νῦν
2899 968 2997 1038 μὲν
3050 969 3226 1038 ὀρθῶς
3263 967 3352 1024 καὶ
3394 967 3587 1031 δικαίως
3623 968 3749 1021 ἐπολι-

2292 1059 2551 1127 τευόμην,
2579 1055 2808 1128 ὕστερον
2836 1058 2894 1112 δὲ
2925 1059 3032 1113 ὑπὸ
3067 1060 3178 1112 τῶν
3206 1059 3517 1130 πραγμάτων
3541 1057 3750 1128 φυσηθεὶς.

2294 1148 2521 1219 ἔμελλον
2543 1142 2664 1216 ’τὴν
2705 1148 2999 1221 Ῥωμαίων
3044 1152 3220 1222 ἀρχὴν
3253 1151 3456 1221 ἐμαυτῷ
3506 1137 3753 1219 περιποιεῖν,

2296 1241 2375 1301 είς
2407 1239 2675 1309 βασιλέως
2700 1241 2891 1311 σχῆμα
2918 1240 2982 1294 τὸ
3008 1241 3187 1309 παρὸν
3211 1239 3528 1310 μεταϐαλών.
3556 1239 3666 1307 Περὶ
3688 1238 3755 1307 μὲν

2296 1330 2407 1401 γὰρ
2437 1330 2533 1382 τοῦ
2593 1329 3057 1401 παρεληλυθότος,
3091 1330 3232 1384 αὐτὰ
3260 1329 3324 1383 τά
3371 1329 3632 1398 πράγματα
3655 1340 3754 1394 συμ-

2307 1421 2714 1490 μαρτυρήσειεν
2758 1420 2826 1474 ἂν
2858 1420 2982 1490 ἐμοί
3008 1435 3025 1452 ·
3056 1422 3154 1474 ἐπὶ
3205 1421 3261 1475 δέ
3295 1422 3398 1473 τῶν
3447 1421 3691 1488 ἐσομένων,
3716 1415 3758 1468 οὗ

2297 1511 2430 1565 Θεὸν
2469 1512 2632 1578 μόνον
2659 1511 2766 1565 τῶν
2822 1511 3263 1582 βεϐουλευμένων
3310 1512 3566 1579 συνίστορα
3594 1508 3762 1577 παρέχο-

2305 1621 2427 1672 μαι,
2481 1603 2620 1657 ἀλλά
2676 1605 2772 1657 καὶ
2829 1602 2890 1667 ἐξ
2946 1603 3129 1655 αὐτῶν
3160 1602 3272 1655 τῶν
3316 1594 3765 1668 παρελθόντων,τῶν

2305 1692 2608 1762 μελλόντων
2643 1693 2857 1758 ἐξεστιν
2908 1692 3185 1758 ἀπόδειξιν
3214 1691 3470 1745 ποιεῖσθαι
3496 1686 3683 1755 ἐναργῆ.
3723 1685 3763 1736 Ei

2301 1783 2409 1853 γάρ
2448 1785 2706 1836 τοιούτων
2732 1785 2863 1838 οἴων
2894 1784 3061 1852 φασὶν
3082 1786 3131 1837 οί
3159 1782 3478 1851 συκοφάνται
3507 1777 3766 1846 ἐπεθύμουν,

2299 1876 2352 1929 τί
2386 1876 2648 1942 ἐκώλυεν,
2697 1876 2860 1946 ἡνίκα
2893 1876 3159 1947 βασιλέως
3182 1872 3520 1935 τελευτῶντος
3545 1871 3651 1931 τοὺς
3670 1866 3768 1922 lui-

2299 1985 2391 2020 νου
2411 1969 2606 2031 παῖδας
2623 1968 2782 2038 ἔχων.
2807 1967 3110 2038 ἐποιούμην
3135 1968 3207 2021 τὰ
3226 1965 3460 2038 βασίλεια
3487 1960 3580 2017 est
3596 1958 3767 2029 φρουρᾷ.

2299 2059 2397 2111 καὶ
2427 2061 2567 2126 μετά
2589 2061 2783 2129 τρίτην
2822 2059 3037 2129 ἡμέραν
3070 2058 3174 2113 καὶ
3207 2056 3469 2127 βασιλίδος
3513 2047 3768 2123 ἁφιγμὲνηςο

2299 2151 2478 2203 πάντα
2508 2151 2769 2222 χρήματα
2801 2146 2943 2221 ἦσαν
2970 2148 3061 2203 ἐπ’
3103 2151 3253 2219 ἐμοὶ,
3307 2145 3434 2202 ὥσθ’
3468 2147 3544 2199 ὅτι
3596 2139 3771 2214 χρῆσθαι

2299 2246 2635 2316 ἠϐουλόμην,
2691 2247 2938 2311 ἐκείνους
2994 2247 3095 2316 μέν
3132 2242 3533 2303 ἀποκτιννύναι,
3573 2236 3703 2292 αὐτὸν
3734 2231 3771 2284 δι

2299 2338 2399 2408 τὴν
2428 2337 2710 2404 βασιλείαν
2747 2338 2877 2391 ἄνευ
2909 2338 3087 2390 πόνων
3116 2335 3267 2406 ἔχειν
3296 2335 3389 2388 καὶ
3417 2324 3769 2403 ίδρὼτων,οὒδεο

2299 2440 2389 2492 vo;
2417 2429 2499 2481 ἐτι
2548 2428 2874 2499 λειπομένου
2932 2428 3026 2481 τοῦ
3075 2428 3447 2498 τολμήσαντος
3494 2414 3772 2475 ἀνθίστασθαι

2300 2521 2424 2589 ἐμοί
2463 2538 2479 2585 ;
2520 2519 2661 2588 Ἐγὼ
2689 2520 2747 2573 δέ
2779 2520 2843 2573 οὐ
2876 2519 3038 2589 μόνον
3071 2519 3314 2571 τοιοῦτον
3340 2515 3484 2569 οὐδὲν
3510 2509 3667 2580 ὤφθην
3696 2505 3778 2557 διι-

2298 2609 2536 2678 νοηθεὶς,
2568 2609 2703 2663 ἀλλὰ
2734 2610 2830 2663 καὶ
2866 2612 2946 2672 είς
2975 2610 3175 2678 ἐνάτην
3224 2608 3434 2678 ἡμέραν
3482 2606 3540 2657 ἐκ
3566 2601 3647 2668 τῆς
3672 2596 3775 2667 βασι·

2298 2701 2437 2764 λέως
2466 2701 2729 2771 τελευτῆς
2770 2704 2830 2754 ἐν
2859 2701 3136 2772 ἀσφαλείᾳ
3188 2701 3339 2770 πάσῃ
3375 2687 3776 2762 καταστήσεις.τῆν

2298 2810 2358 2846 τί
2409 2795 2659 2864 φρουρὰν
2715 2794 3018 2864 ἀπήγαγον
3077 2793 3316 2854 ἐκεῖθεν,
3368 2791 3462 2844 καὶ
3490 2788 3633 2846 αὐτὸς
3680 2780 3777 2833 οίκοι

2299 2887 2600 2949 καταστὰς,
2644 2885 2751 2939 τῶν
2807 2886 3175 2956 πραγμάτων,
3228 2884 3419 2952 ὥσπερ
3450 2878 3538 2932 καὶ
3578 2872 3780 2946 πρότερον

2300 2976 2549 3047 εἶχόμην,
2579 2976 2734 3030 οὐδὲν
2783 2976 3154 3047 καινοτομῶν,
3211 2975 3337 3030 οὐδέ
3362 2972 3494 3044 πρὸς
3528 2969 3583 3022 τὸ
3632 2968 3787 3017 λυσιτε-

2300 3065 2428 3119 λοῦν
2462 3066 2590 3135 ἐμοὶ
2616 3069 2684 3119 τὰ
2729 3069 3035 3138 πράγματα
3057 3066 3391 3137 οἰκονομῶν,
3421 3064 3477 3128 ἐξ
3516 3054 3583 3113 ὧν
3631 3056 3685 3110 ἄν
3724 3062 3787 3107 τις

2294 3157 2450 3229 ᾠήθη
2483 3157 2732 3224 δικαίως.
2770 3160 2849 3220 είς
2877 3158 3113 3228 ἐμαυτὸν
3143 3159 3412 3228 μετάγειν
3444 3148 3700 3222 πειρᾶσθαι
3720 3140 3789 3208 τὴν

2294 3250 2490 3324 ἀρχήν.
2555 3250 2904 3319 Ἐπιτρὸποις
2939 3265 2999 3302 τε
3056 3249 3165 3319 γὰρ
3190 3247 3514 3320 ἐχρησάμην
3546 3240 3639 3293 τῶν
3660 3236 3785 3303 ἔπαθ’

2294 3343 2431 3410 χιῶν
2462 3342 2560 3394 καὶ
2588 3342 2695 3394 τῶν
2750 3340 2960 3393 πόλεων
2991 3340 3041 3392 οἳ
3078 3340 3175 3393 καὶ
3239 3340 3512 3410 πρότερον
3539 3328 3662 3404 ἦσαν
3683 3326 3791 3396 βασι·

2294 3435 2432 3496 λέως
2457 3433 2819 3496 τελευτῶντος
2846 3433 2944 3486 καὶ
2971 3433 3073 3503 τὴν
3126 3431 3396 3502 στρατιὰν
3447 3425 3690 3497 asiam:
3726 3414 3789 3468 εὖ·
3898 3468 3899 3473 η

2295 3527 2579 3596 νοησουσιν
2606 3525 2763 3594 ἐμοὶ,
2798 3523 2913 3577 ἀλλ’
2948 3526 3092 3585 ὅπως
3149 3525 3394 3594 μάλιστα
3421 3520 3496 3589 τῷ
3532 3512 3673 3583 κοινῷ
3696 3506 3792 3580 χρήι

2298 3634 2446 3686 σιμοι
2512 3616 2728 3669 ἔσονται
2786 3617 2964 3670 πάντα
3037 3613 3564 3686 ἐπραγματευόμην.
3618 3604 3681 3659 Οὐ
3717 3602 3791 3670 μὴν
3898 3604 3899 3629 ‘

2298 3707 2559 3763 ἀλλὰκαὶ
2595 3708 2704 3769 τοῖς
2761 3708 3065 3776 περιοίκοις
3107 3706 3222 3760 τῶν
3281 3705 3567 3778 βαρϐάρων
3620 3692 3791 3753 mvﬁic

2294 3800 2600 3870 τιθέμενος,
2628 3798 2727 3851 οὑκ
2757 3798 2870 3852 ἐσθ’
2902 3798 3149 3863 ὅστις-ἃν
3181 3796 3518 3866 ἐξελέγξειεν
3538 3794 3606 3856 ὡς
3627 3788 3713 3859 πρὸ
3725 3783 3791 3836 τιῦ

2296 3896 2453 3963 κοινῇ
2486 3891 2898 3954 λυσιτελοῦντος
2920 3891 3028 3944 τῶν
3082 3891 3189 3962 ίδίᾳ
3246 3908 3309 3944 τι
3347 3882 3564 3960 εἱλόμην
3586 3882 3691 3954 ἐμοὶ
3714 3878 3795 3931 δια·

2297 3987 2575 4056 φερόντων
2602 4022 2620 4049 ,
2665 3984 2801 4039 ἀλλά
2851 3986 2961 4048 τοῖς
2998 3983 3099 4054 μὲν
3146 3984 3490 4055 ἐσπενδόμην
3531 3969 3796 4033 λυσιτελῶν

2295 4093 2405 4140 τως
2435 4077 2511 4147 τῷ
2543 4076 2709 4146 κοινῷ
2734 4092 2750 4108 ·
2784 4079 2896 4139 τοῖς
2946 4076 3005 4129 δὲ
3057 4077 3554 4147 παρεσκευαζόμην
3600 4064 3795 4135 πολεμεῖν

2299 4163 2444 4233 ύπέρ
2480 4163 2682 4220 αὐτῶν.
2722 4163 2926 4232 μηδένα
2962 4164 3207 4218 κίνδυνον
3240 4167 3308 4219 ἐκ
3360 4165 3471 4220 τῶν
3496 4156 3796 4220 classiva

2302 4252 2546 4327 ρώμενος
2577 4269 2593 4283 ’
2646 4254 2705 4320 ἐξ
2738 4248 2815 4308 ὦν
2869 4255 3129 4308 ἀπάντων
3158 4255 3226 4307 ἄν
3278 4274 3366 4319 τις
3405 4254 3625 4326 μάλιστα
3648 4244 3797 4302 συνίδοι

2299 4347 2374 4408 ὡς
2404 4346 2609 4409 ἀδόλως
2659 4348 2752 4399 καὶ
2788 4345 3048 4416 καθαρῶς
3075 4347 3215 4417 ὑπὲρ
3247 4349 3361 4401 τῶν
3396 4346 3640 4418 βασιλέως
3666 4337 3800 4391 ὲπολι.

623 4439 795 4492 simas
823 4438 1079 4507 colligere
1111 4441 1420 4509 oportebat.
1448 4440 1605 4495 Nunc
1643 4440 1830 4495 videre
1860 4451 1965 4498 est.
1999 4453 2195 4511 praeter

2301 4438 2540 4507 τευόμην
2574 4435 2781 4489 παίδων
2818 4436 2949 4502 ἐγώ.
2983 4437 3044 4490 Ei
3098 4436 3209 4508 γὰρ
3256 4434 3348 4492 οἷα
3394 4434 3732 4491 διαϐάλλουσιν
3765 4421 3801 4473 bl

625 4541 885 4593 pecorum
943 4543 1137 4598 greges
1212 4539 1269 4583 et
1325 4528 1540 4598 frugum
1608 4530 1910 4585 ubertatem
1964 4531 2198 4602 (quibus

624 4617 1026 4682 congregandis
1072 4619 1305 4671 fortasse
1334 4620 1677 4674 cxiStimaret
1707 4620 1981 4690 quispiam
2015 4621 2198 4690 suspi-

624 4700 839 4756 cionem
890 4705 1049 4757 vit‘tri
1104 4722 1248 4774 aegre
1299 4708 1775 4779 posselmagnam
1843 4727 2018 4765 meatu
2074 4710 2198 4765 auri

624 4791 950 4858 argentique
981 4793 1088 4846 vim
1134 4795 1360 4863 ubique.
1405 4795 1726 4866 Quanquam
1771 4798 1901 4851 dum
1938 4800 2196 4867 quiddam

625 4881 948 4937 admirabile
995 4885 1143 4949 dico,
1194 4886 1340 4956 quod
1377 4889 1756 4943 admirabilius
1806 4899 1889 4943 est
1934 4890 2196 4959 praeterii.
2256 4899 2263 4905 ‘

624 4972 744 5027 Non
789 4978 935 5028 enim
986 4980 1368 5034 tantummodo
1413 4997 1655 5050 Sparsam
1690 4984 1982 5050 pecuniam
2021 4999 2195 5037 meam

626 5080 734 5119 non
765 5070 1033 5136 contraxi,
1065 5071 1158 5124 sed
1193 5081 1249 5125 et
1279 5083 1601 5141 praeeuntem
1660 5089 1726 5127 ac
1755 5074 2197 5143 suppeditantem

626 5160 825 5226 partim
878 5161 932 5214 in
985 5178 1115 5216 usus
1164 5179 1488 5217 communes
1551 5164 1855 5218 liberaliter
1912 5166 2196 5235 insumpsi,

626 5252 826 5319 partim
858 5269 1025 5321 quam
1062 5255 1402 5309 inmanibus
1435 5255 1724 5319 habebatu,
1752 5256 1993 5327 Byzantii
2024 5259 2200 5313 libens

623 5344 844 5412 reliqui.
878 5344 1075 5399 Paucis
1106 5346 1273 5415 igitur
1295 5357 1422 5399 ante
1449 5348 1845 5415 profectionem
1876 5363 2051 5403 meam
2083 5349 2202 5405 die-

623 5432 751 5496 bus,
802 5450 929 5489 cum
965 5435 1268 5506 indigentia
1306 5437 1358 5490 in
1390 5438 1593 5506 palatio
1623 5441 1948 5505 exstitisset,
1977 5457 2007 5495 e
2035 5440 2199 5495 domo

623 5539 746 5579 utea
776 5541 904 5580 vasa
946 5538 1209 5597 argentea
1244 5528 1541 5583 admodum
1586 5530 1824 5599 pretiosa
1888 5545 2051 5600 supra
2095 5531 2201 5584 du-

622 5622 786 5667 centa
822 5615 1049 5683 praebita
1096 5628 1245 5670 sunt.
1292 5619 1540 5683 Quorum
1585 5622 1843 5675 custodes
1880 5636 2003 5675 cum
2046 5636 2202 5691 roga-

627 5713 752 5757 rent
805 5721 911 5773 me,
963 5717 1025 5762 ut
1062 5721 1188 5777 post
1255 5725 1413 5765 nsunt
1458 5727 1523 5765 ea
1578 5711 1902 5780 reciperem,
1937 5727 2200 5782 superva~

2302 4527 2741 4598 κατηγοροῦντες
2770 4527 3119 4599 διενοούμην,
3152 4532 3203 4582 εί
3228 4532 3307 4600 μή
3335 4547 3390 4583 τι
3419 4528 3565 4590 ἀλλο,
3594 4525 3673 4577 τὸν
3708 4515 3802 4585 γοῦν

2298 4619 2751 4688 δ.εσκεδασμένον
2799 4619 2943 4673 κατά
3008 4622 3192 4675 πᾶσαν
3237 4621 3342 4690 τὴν
3384 4617 3654 4691 Ῥωμαίων
3676 4606 3801 4679 ἀρχὴν
3898 4654 3899 4691 γ

2302 4709 2532 4762 πλοῦτον
2589 4709 2846 4777 συνάγειν
2896 4709 3026 4773 ἔδει,
3088 4710 3210 4763 οὐδὲ
3272 4688 3801 4782 ῥᾳδίως-ἀριθμητὸν»
3898 4688 3899 4739 Ῑ

2301 4801 2496 4871 ὥσπερ
2556 4801 2673 4854 ίστε
2714 4801 2844 4853 ὄντα
2876 4805 2973 4854 καὶ
3011 4803 3188 4862 αὐτοὶ,
3226 4805 3326 4856 καὶ
3386 4801 3614 4872 μάλιστα
3658 4803 3800 4864 λέ⁴¹ἴ³²’

2304 4893 2553 4963 μὼτατον
2610 4894 2872 4962 ἐσόμενον
2906 4895 2986 4953 είς
3022 4895 3117 4947 τὸν
3182 4896 3430 4964 πόλεμον
3468 4892 3605 4962 ἐμοῐ.
3630 4885 3742 4941 Νυνὶ
3767 4878 3805 4928 δὲ

2301 4985 2510 5049 ἔξεστιν
2566 4986 2723 5055 ῢρᾷν.
2763 4984 2823 5037 οὗ
2882 4986 3247 5056 βοσκημάτων
3302 4987 3467 5056 μόνον
3516 4980 3696 5045 ¹πλῆθος
3743 4968 3808 5020 ναὶ

2301 5080 2552 5144 καρπῶν,
2580 5074 2725 5142 ἅπερ
2754 5074 2820 5127 ἀν
2848 5091 2932 5137 τις
2986 5079 3116 5138 iam;
3152 5075 3411 5145 οίήσαιτο
3425 5067 3704 5126 δυσκολίαν
3724 5072 3811 5112 τινι

2302 5166 2572 5235 παρέχειν
2606 5167 2704 5218 καὶ
2732 5166 2969 5237 ὑποψίαν
2996 5165 3394 5236 ἀθροιζόμενα,
3445 5161 3578 5216 ἀλλά
3607 5159 3688 5210 καὶ
3710 5166 3807 5246 κρῖ·

2306 5257 2399 5309 σὺν
2432 5257 2600 5310 πολὺν
2640 5259 2735 5310 καὶ
2786 5262 3029 5328 ἄργυρον
3077 5257 3538 5327 διεσκεδασμένον
3565 5257 3810 5311 murales.
3898 5257 3899 5328 ξ

2304 5349 2414 5400 Καί
2442 5364 2526 5400 τοι
2556 5349 2616 5401 τὸ
2648 5348 3096 5421 θαυμαστότερον
3130 5350 3415 5419 παρῆλθον
3443 5347 3517 5410 ὡς
3565 5343 3625 5409 δή
3653 5353 3699 5390 τι
3719 5335 3811 5431 est:

2307 5440 2508 5506 μαστὸν
2538 5440 2735 5508 λέγων.
2767 5442 2842 5494 υύ
2879 5445 3041 5511 μόνον
3072 5441 3182 5513 γὰρ
3207 5442 3305 5494 τὸν
3332 5433 3755 5503 διεσκεδασμένου
3771 5439 3814 5473 ιν

2306 5532 2540 5600 συνῆγον
2573 5532 2826 5598 πλοῦτον,
2864 5533 3000 5587 ἀλλά
3058 5536 3153 5589 καὶ
3183 5535 3275 5587 τὸν
3305 5534 3458 5597 ὅντα,
3503 5530 3590 5581 τὸν
3619 5524 3707 5593 μὲν
3729 5516 3817 5581 ἰδ-,’
3898 5516 3899 5565 ἶ

2307 5623 2494 5674 πάνων
2537 5624 2775 5691 ἀφειδῶς
2833 5629 2891 5677 ἐν
2921 5628 3045 5688 ταῖς
3104 5624 3322 5696 χρείαις
3350 5627 3471 5685 ταῖς
3501 5617 3709 5673 κοιναῖς.
3752 5602 3821 5696 ’θ’
3898 5670 3899 5683 χ

2304 5713 2348 5764 δ’
2386 5713 2528 5768 ἑκὼν
2575 5710 2714 5768 εἶναι
2767 5717 3174 5788 κατελίμπανον
3235 5717 3405 5778 αὐτὸς
3458 5715 3515 5766 ἐν
3568 5695 3818 5765 Βυξεντίίίλι
3898 5704 3899 5713 “
