3998 6198
233 351 340 417 837

1411 360 1948 424 HISTORIARUM
1995 362 2226 422 LIBER
2267 362 2380 424 ῐΙῐ.

3381 373 3490 438 838

238 463 382 534 ἔχων
404 464 466 519 ἐν
507 465 715 537 χερσίν.
760 466 1000 538 Ὀλίγαις
1035 469 1166 538 γοῦν
1192 471 1431 544 ἡμέραις
1455 476 1726 547 πρότερον
1753 475 1808 527 ἐν

1913 487 2142 528 caneum
2197 475 2356 537 duxi,
2428 475 2810 546 afﬁrmavique
2868 477 3008 534 nihil
3069 479 3488 548 interfuturum,

239 555 533 625 βασιλείοις
583 559 777 627 χρείας
829 563 1136 635 γενομένης
1184 566 1251 619 ἐκ
1307 565 1408 636 τῆς
1460 569 1599 636 ἐμῆς
1643 567 1810 636 σκεύη

237 647 460 716 ἀργυρᾶ
489 648 632 720 ὑπὲρ
663 649 914 705 διακόσια
929 653 1134 723 ήνέχθη
1163 656 1263 709 οὐκ
1287 657 1472 724 ὀλίγου
1499 657 1626 721 ἄξιά
1645 673 1810 718 τινος.

242 739 310 790 Ἃ
350 738 496 806 μετὰ
542 742 643 809 τὴν
670 741 864 811 χρείαν
908 745 1019 797 τῶν
1049 746 1141 799 ἐπὶ
1171 747 1273 816 τὴν
1309 747 1558 818 φυλακὴν
1586 747 1812 801 ἐκείνων

233 829 593 896 τεταγμένων
619 831 1034 902 ἀπολαμϐάνειν
1060 835 1357 906 δεομένων,
1392 839 1491 890 οὐκ
1511 838 1811 904 ἀναγκαῖον

227 919 537 990 ἡγησάμην
558 937 574 952 ⁸
609 922 762 977 οὐδὲν
795 924 1023 980 διοίσειν
1058 927 1302 998 φάμενος
1357 932 1416 983 ἐν
1446 932 1559 994 τοῖς
1600 929 1812 999 βασιλι-

226 1011 349 1072 -κοῖς
387 1013 678 1082 τηρεῖσθαι
738 1015 1036 1085 ταμιείοις,
1074 1018 1107 1092 ἢ
1167 1022 1228 1073 ἐν
1270 1020 1444 1084 οἴκοις
1476 1023 1590 1084 τοῖς
1632 1023 1809 1090 ἐμοῖς.

237 1103 364 1155 Ἔτι
399 1120 464 1170 γε
498 1105 606 1174 μὴν
636 1107 762 1160 ούδέ
797 1109 981 1178 νήσων
1031 1111 1248 1166 πολλῶν
1303 1115 1398 1168 καὶ
1431 1114 1663 1178 πόλεων,
1716 1113 1811 1167 καὶ

236 1195 504 1263 μειζόνων
541 1199 635 1252 καὶ
695 1200 1335 1275 ἐλαττόνων.ἐχομένων
1387 1207 1477 1260 ὑπ’
1522 1207 1681 1278 ἐμοῦ,
1735 1201 1810 1262 ὧν

229 1291 332 1352 τὰς
364 1291 466 1360 μέν
497 1293 562 1344 ἐκ
587 1292 695 1348 τῶν
748 1295 968 1350 οίκείων
993 1297 1250 1352 δαπανῶν
1275 1299 1604 1370 ὠκοδόμησα
1624 1300 1809 1362 αὐτὸς.

230 1381 332 1444 τὰς
355 1382 404 1434 δ’
434 1384 500 1436 ἐκ
557 1383 828 1454 βασιλέως
856 1387 1017 1460 εσχον
1073 1390 1310 1460 δωρεὰν,
1365 1392 1627 1461 οὐδεμίαν
1683 1391 1808 1444 οὕτε

231 1471 454 1540 φρουρᾷ
488 1471 776 1542 κατέσχον,
811 1474 935 1528 οῦτε
959 1477 1115 1540 ’τινὸς¹
1135 1479 1348 1548 ἠξίωσα
1379 1481 1638 1550 προνοίας
1665 1478 1808 1533 ὥστε

231 1562 506 1631 ἀσφαλῶς
530 1565 785 1634 κατέχειν
805 1583 822 1599 ο
875 1567 999 1621 οὐδέ
1046 1585 1100 1622 τι
1128 1571 1237 1624 τῶν
1268 1571 1369 1624 ὅσα
1426 1571 1809 1637 λυσιτελήσειν

227 1653 439 1722 ἔμελλε,
461 1655 602 1725 πρὸς
640 1656 738 1727 τὴν
768 1657 1011 1714 διάνοιαν
1056 1661 1204 1729 ἐμοὶ,
1242 1661 1368 1716 οὕτε
1415 1664 1803 1734 εἰργασμένος,

223 1744 360 1797 οὔτε
395 1746 670 1816 μελλήσας
699 1748 790 1802 ὑπ’
816 1749 1030 1815 οὐδενὸς
1056 1753 1434 1826 ἐξελεγχθείην
1466 1756 1554 1811 ἄν.
1582 1756 1658 1808 ού
1696 1756 1806 1825 γὰρ

227 1832 411 1902 δήπου
438 1851 501 1900 γε
535 1836 630 1890 καὶ
673 1836 833 1890 τοῦτο
879 1842 1357 1911 κατηγορήσουσιν
1388 1844 1464 1906 ὡς
1519 1845 1810 1915 ἀπραγμο-

235 1928 376 1998 σύνῃ
410 1929 501 1981 καὶ
527 1929 781 2000 πολέμων
811 1932 1044 2004 ἀπειρία
1071 1935 1152 1998 είς
1184 1935 1341 1989 οὐδὲν
1366 1937 1656 2006 προῆγμαι
1697 1938 1808 1991 τῶν

223 2019 486 2072 δεόντων.
530 2021 674 2088 Ἐγὼ
704 2021 760 2074 δὲ
787 2022 892 2076 οὐκ
913 2023 974 2088 ἐξ
996 2018 1071 2079 ὧν
1093 2025 1259 2089 αὐτὸς
1299 2026 1808 2097 ἐπραγματευόμην

227 2111 420 2180 μόνον,
453 2109 592 2166 ἀλλά
647 2113 744 2166 καὶ
796 2114 953 2185 παρὰ
1003 2116 1227 2170 πάντων
1271 2117 1564 2186 Ῥωμαίων
1606 2119 1667 2172 ού
1699 2119 1809 2172 τῶν

226 2202 322 2255 νῦν
349 2204 481 2273 ἐμοὶ
517 2204 789 2275 συνόντων
837 2206 993 2276 ὑμῶν
1053 2207 1236 2277 μόνον,
1269 2209 1406 2262 ἀλλὰ
1455 2210 1552 2263 καὶ
1603 2211 1725 2263 τῶν·
1751 2212 1808 2265 ἐν

228 2293 544 2364 Βυζαντίῳ,
593 2299 690 2351 καὶ
737 2295 847 2350 τῶν
901 2297 1089 2351 ἄλλοθί
1124 2316 1229 2352 που
1262 2299 1366 2370 γῆς
1417 2301 1809 2372 διατριϐόντων

224 2384 508 2452 ἀπόδειξιν
528 2387 627 2456 τῆς
650 2386 912 2458 ἀληθείας
925 2389 1135 2460 ἐναργῆ
1150 2391 1489 2460 πειράσομαι
1509 2392 1804 2446 ποιεῖσθαι.

227 2472 452 2524 Πολλῶν
482 2473 593 2543 γὰρ
614 2473 784 2526 ὀντων
807 2475 902 2528 καὶ
927 2476 1198 2544 μειζόνων
1220 2478 1315 2530 καὶ
1335 2477 1637 2531 ἐλαττόνων
1664 2481 1808 2532 πάνυ

226 2575 288 2610 τε
322 2561 519 2628 φιλίως
559 2562 686 2631 ἐμοὶ
705 2561 1090 2634 διακειμένων,
1129 2567 1233 2620 καὶ
1265 2567 1374 2619 τῶν
1406 2568 1528 2637 μὲν,
1557 2568 1616 2632 ἐξ
1643 2569 1810 2639 αἱμα-

111 2673 135 2689 κ
224 2667 319 2713 τος
356 2652 771 2722 προσηκόντων,
827 2654 939 2709 τῶν
990 2655 1048 2710 δέ
1082 2657 1267 2726 φιλίας
1323 2657 1548 2728 δεσμοῖς
1591 2661 1811 2726 ἀλύτοις

228 2746 599 2814 συνημμένων
623 2747 688 2810 ἐκ
720 2747 934 2802 πολλῶν
968 2749 1130 2816 ἐτῶν,
1172 2753 1321 2820 ἐμοὶ,
1354 2756 1451 2808 καὶ
1477 2753 1678 2825 πολλὴν
1708 2773 1811 2809 πα-

227 2851 407 2904 ρεσχη
417 2835 598 2904 μένων
627 2839 824 2908 πεῖραν
854 2839 914 2892 ἐν
937 2839 1153 2904 πολλοῖς
1177 2841 1278 2911 τῆς
1307 2843 1387 2903 είς
1417 2842 1518 2912 ἐμὲ
1548 2845 1808 2914 στοργῆς,

225 2927 405 2988 οὐδεὶς
433 2926 559 2980 οὗτε
591 2928 700 2981 τῶν
749 2930 1035 3000 παρόντων
1060 2933 1239 3002 ὑμῶν,
1289 2931 1404 2986 οὒτ’
1437 2934 1492 2986 εί
1517 2952 1600 2999 τις
1629 2937 1811 2990 ἄλλοθί

228 3033 338 3070 που
365 3017 665 3089 διατρίδοι,
685 3019 891 3075 δύναιτ’
917 3023 984 3075 ἂν
1014 3024 1138 3092 ἐμοὶ
1167 3023 1281 3077 τῶν
1336 3029 1811 3097 κατηγορημένων

225 3107 305 3172 ῶς
328 3128 386 3162 τι
433 3111 676 3165 σύνοιδεν
711 3110 979 3183 ἐλέγχειν.
1020 3115 1132 3168 Καί
1170 3114 1257 3168 τοί
1315 3133 1381 3184 γε
1438 3118 1549 3179 πᾶς
1600 3134 1685 3180 τις
1744 3118 1811 3170 ἂν

229 3203 372 3272 φαίη
405 3204 499 3255 καὶ
523 3202 678 3270 ὀλίγα
704 3205 993 3274 μετασχὼν
1010 3206 1247 3277 φρενῶν,
1271 3207 1347 3271 ὡς
1395 3209 1494 3262 οὐκ
1527 3209 1594 3263 ἂν
1623 3211 1805 3265 δυναί-

229 3312 344 3364 μην
376 3294 642 3359 τοιούτοις
675 3296 835 3365 μόνος
864 3297 1165 3368 ἐπιχειρῶν
1191 3314 1205 3329 ·
1229 3300 1368 3353 ἀλλὰ
1395 3302 1494 3354 καὶ
1543 3306 1807 3372 στρατιᾶς

227 3385 454 3456 ἐδέησεν
488 3386 556 3441 ἂν
588 3387 726 3456 πρὸς
748 3387 846 3460 τὴν
873 3388 1222 3458 ἐπιχείρησιν
1251 3391 1678 3461 συναιρομένης,
1711 3391 1808 3445 καὶ

229 3479 406 3548 φίλων
435 3479 545 3531 τῶν
590 3479 985 3548 γνησιωτάτων
1019 3480 1275 3548 μάλιστα,
1313 3483 1410 3536 καὶ
1467 3482 1666 3552 πολλῆς
1704 3500 1810 3536 πα-

227 3569 536 3640 ρασκευῆς,
562 3567 624 3635 ἐξ
650 3565 721 3641 ἦς
753 3571 854 3623 οὐκ
881 3571 1011 3642 ἐνῆν
1037 3573 1086 3624 εί
1122 3573 1199 3642 μὴ
1225 3573 1351 3636 τοὺς
1381 3573 1632 3640 πολλοὺς,
1669 3574 1809 3628 ἀλλὰ

228 3660 363 3724 τούς
396 3677 461 3727 γε
492 3661 970 3732 ἐπιτηδειοτάτους
1026 3664 1102 3734 μὴ
1133 3664 1233 3734 τὴν
1264 3664 1508 3720 διάνοιαν
1543 3685 1808 3722 καταστο-

225 3750 499 3822 χάζεσθαι
525 3754 634 3807 τῶν
683 3756 1045 3824 γιγνομένων.
1083 3754 1149 3809 El
1217 3756 1278 3810 δέ
1331 3759 1418 3820 τίς
1461 3777 1515 3814 τι
1567 3762 1807 3816 τοιοῦτον

227 3847 542 3914 ἐξελέγχειν
572 3845 709 3915 ἔχει,
743 3845 1007 3917 παρείτω,
1059 3848 1160 3901 καὶ
1199 3849 1488 3906 δεικνύτω.
1541 3853 1679 3906 Ἀλλ’
1708 3855 1808 3908 οὐκ

226 3938 297 3992 ἂν
331 3939 470 4006 ἔχοι.
518 3937 660 4006 Ἐγὼ
717 3939 828 4009 γὰρ
882 3939 1108 4008 ἀνδρίας
1139 3944 1240 4010 μὲν
1273 3944 1367 3996 καὶ
1408 3944 1678 4008 συνέσεως
1711 3948 1809 4000 καὶ

225 4031 529 4099 ἐμπειρίας
588 4029 687 4100 τῆς
761 4030 896 4101 πρὸς
962 4031 1090 4094 τοὺς
1148 4034 1422 4104 πολέμους
1475 4037 1688 4102 πολλοῖς
1741 4038 1809 4093 ἄν

226 4123 711 4190 παραχωρήσαιμι
734 4121 830 4174 καὶ
853 4121 960 4173 τῶν
989 4122 1160 4176 πάλαι
1176 4126 1397 4179 καὶτῶν
1425 4126 1520 4180 νῦν
1542 4169 1558 4194 ,
1587 4131 1808 4201 τρόπων

220 4211 286 4264 δὲ
315 4211 614 4281 εὐθύτητος
643 4229 648 4234 ‘
673 4212 770 4265 καὶ
825 4213 1109 4285 ἀληθείας,
1149 4216 1325 4269 οὐδενί
1356 4235 1370 4249 ·
1430 4213 1515 4284 οἷς
1573 4222 1807 4289 μάλιστα

225 4301 351 4352 νυνὶ
385 4301 669 4370 θαρρήσας
696 4303 1151 4374 παρῤησιὰζομαι
1178 4307 1424 4362 τοιαῦτα.
1460 4309 1519 4360 El
1548 4309 1611 4379 δή
1657 4311 1721 4363 ἐκ
1746 4329 1806 4366 τε

224 4387 306 4446 ὧν
359 4393 874 4464 ἐπραγματευόμην
927 4398 1113 4460 αὐτὸς,
1147 4398 1210 4451 ἐκ
1240 4417 1297 4451 τε
1343 4400 1448 4453 τῶν
1474 4401 1566 4454 τὸν
1593 4404 1807 4458 ἅπαντα

1916 573 2096 617 utrum
2130 565 2184 619 in
2214 567 2412 621 aerario
2433 567 2804 636 imperatoris,
2823 584 2889 622 an
2918 570 2972 622 in
2995 570 3204 625 aedibus
3222 571 3360 626 meis
3377 587 3491 626 ser-

1912 667 2194 714 varentur.
2226 660 2500 715 Praeterea
2531 676 2656 716 cum
2718 661 2928 717 insulas
2968 671 3024 716 et
3067 663 3231 717 urbes
3257 665 3492 733 majores

1911 749 2265 820 minoresque
2316 750 2625 806 obtinerem
2669 752 2892 834 multas,
2931 769 3162 820 quarum
3193 754 3328 807 alias
3355 757 3493 808 meis

1911 844 2221 914 sumptibus
2241 843 2529 908 aediﬁcavi,
2557 844 2692 898 alias
2722 844 2869 898 dono
2896 846 2964 900 ab
2987 845 3316 914 imperatore
3335 863 3494 902 acee.

1911 933 1989 1002 pi,
2026 934 2160 986 nulli
2195 947 2385 986 earum
2409 933 2723 1002 praesidium
2754 934 3013 1003 imposui,
3045 950 3148 989 nec
3174 951 3287 1004 quo
3319 938 3493 991 tutius

1911 1034 2004 1074 eas
2028 1019 2390 1088 possiderem,
2429 1021 2538 1074 ulla
2587 1035 2718 1074 cura
2771 1021 3028 1089 dignatus
3061 1038 3206 1077 sum.
3251 1024 3363 1078 Nec
3405 1040 3492 1079 me

1910 1112 2197 1181 quisquam
2218 1113 2552 1180 coarguerit,
2571 1122 2664 1167 aut
2689 1114 3004 1178 iecisse,aut
3027 1114 3298 1169 facturum
3321 1116 3492 1170 fuisse

1911 1201 2188 1271 quippiam
2199 1201 2364 1272 ,quod
2382 1202 2515 1256 mibi
2541 1203 2673 1257 utile
2688 1219 2809 1257 cum
2829 1203 3014 1258 animo
3037 1220 3158 1258 meo
3171 1206 3494 1259 constituis.-

1909 1305 2049 1344 sem.
2080 1291 2192 1346 Nec
2216 1293 2270 1346 in
2296 1291 2426 1356 boc,‘
2477 1292 2666 1356 credo,
2706 1296 3067 1356 accusabunt,
3111 1295 3255 1363 quod
3289 1295 3402 1349 otio
3427 1308 3492 1349 ac

1909 1379 2136 1435 desidiae
2161 1381 2404 1448 deditus,
2447 1391 2503 1437 et
2557 1382 2796 1437 bellandi
2829 1383 3046 1438 inscitia
3073 1385 3284 1438 nullum
3310 1400 3492 1453 operte

1909 1465 2152 1538 pretid‘m
2190 1470 2556 1539 fecerim.Ego
2577 1487 2707 1527 vero
2722 1487 2832 1526 non
2849 1489 2914 1528 ex
2929 1474 3210 1529 laboribus
3226 1473 3490 1530 duntaxat

1910 1551 2070 1627 meis,
2094 1562 2189 1616 sed
2219 1563 2464 1617 omnium
2490 1564 2859 1618 Romanorum
2902 1564 3237 1627 testimonio,
3263 1580 3372 1619 non
3403 1581 3494 1620 so-

1910 1647 2022 1702 lum
2047 1658 2247 1712 vestro,
2266 1649 2359 1718 qui
2386 1666 2534 1704 nunc
2558 1665 2774 1706 mecum
2797 1650 3068 1713 militatis,
3088 1651 3182 1706 sed
3202 1661 3258 1706 et
3275 1651 3368 1721 qui
3388 1652 3493 1723 By-

1912 1737 2079 1791 zantii
2126 1747 2182 1791 et
2211 1738 2340 1791 alibi
2372 1749 2638 1791 terrarum
2659 1740 2873 1804 vivunt,
2903 1739 3493 1795 veritatem‘evidentcr

1838 1821 1880 1876 Β
1909 1830 2087 1886 enitar
2106 1830 2650 1886 demonstrare.Cum
2668 1846 2902 1900 namque
2921 1832 3307 1896 multi,summi
3325 1843 3490 1902 atque

1911 1919 2107 1986 inﬁmi,
2158 1933 2212 1976 et
2263 1938 2458 1984 omnes
2509 1938 2664 1991 aeque
2716 1923 2822 1976 mei
2880 1923 3066 1993 cupidi
3121 1925 3250 1989 sint,
3286 1924 3490 1994 aliique

1910 2015 2177 2082 sanguine
2211 2015 2512 2084 conjuncti,
2560 2016 2652 2069 alii
2703 2015 2961 2070 amicitiae
3008 2017 3244 2072 vinculis
3277 2017 3490 2072 insolu-

1910 2101 2115 2156 bilibus
2203 2120 2416 2158 mecum
2490 2107 2752 2173 copulati,
2828 2105 3032 2174 quique
3095 2105 3283 2159 multis
3375 2106 3490 2176 jam

1909 2195 2068 2250 annis
2117 2203 2172 2247 et
2229 2195 2604 2262 compluribus
2659 2195 2712 2248 in
2774 2195 2944 2248 rebus
3001 2194 3206 2250 amoris
3237 2211 3366 2266 erga
3401 2212 3490 2251 me

1910 2285 2170 2355 praecipui
2204 2284 2535 2338 documenta
2570 2284 2865 2349 dederunt,
2928 2286 3114 2341 nullus
3165 2301 3345 2356 neque
3391 2301 3489 2341 ve-

1909 2387 2086 2431 strum
2121 2375 2216 2444 qui
2251 2375 2474 2436 adestis,
2512 2391 2690 2444 neque
2739 2376 2868 2429 alibi
2920 2375 3237 2447 degentium
3291 2378 3491 2435 docere

1911 2467 2106 2537 possit,
2136 2481 2194 2520 se
2229 2468 2398 2520 ullum
2433 2466 2501 2520 de
2533 2482 2618 2521 me
2656 2468 2865 2522 crimen
2903 2484 3090 2536 nosse,
3126 2478 3360 2539 quorum
3395 2485 3490 2525 ac-

1913 2573 2098 2612 cusor.
2140 2559 2208 2612 Et
2244 2569 2426 2612 tamen
2459 2559 2842 2629 unusquisque
2887 2575 2996 2614 non
3067 2561 3226 2632 plane
3257 2561 3492 2616 stolidus

1911 2648 2289 2713 confitebitur,
2328 2665 2413 2704 me
2449 2650 2628 2704 solum
2662 2651 2788 2705 talia
2835 2652 3015 2706 moliri
3054 2669 3160 2707 non
3217 2654 3491 2723 potuisse,

1911 2741 2008 2796 sed
2041 2751 2098 2795 et
2140 2743 2336 2809 copiis,
2370 2751 2426 2796 et
2460 2743 2654 2798 amicis
2690 2744 2850 2814 longe
2899 2744 3202 2813 ﬁdissimis,
3232 2756 3286 2802 ct
3326 2762 3494 2818 appa-

1911 2843 2032 2888 ratu
2063 2834 2302 2902 plurimo
2344 2834 2673 2905 indiguisse,
2705 2852 2773 2892 ex
2821 2853 2933 2908 quo
2982 2839 3030 2893 si
3072 2855 3182 2894 non
3220 2841 3400 2911 vulgo,
3435 2850 3494 2898 at

1911 2928 2020 2981 mei
2052 2927 2410 2981 amicissimis
2439 2928 2634 2984 liceret
2666 2931 2943 3001 colligere,
2971 2931 3100 3001 quid
3131 2932 3238 2986 sibi
3297 2933 3496 2987 vellent

1910 3033 2035 3088 qua:
2091 3017 2312 3072 ﬁerent.
2364 3017 2527 3094 427
2594 3019 2652 3074 Si
2705 3022 2830 3091 quis
2876 3023 2982 3077 tale
3016 3022 3226 3093 aliquid
3256 3024 3494 3093 probare

1912 3120 2116 3180 potest,
2167 3111 2394 3166 accedat
2452 3112 2605 3178 licet,
2641 3121 2697 3167 et
2748 3114 2966 3183 probet.
3003 3116 3211 3170 Atnon
3263 3117 3490 3186 poterit.

1921 3202 2188 3272 Equidem
2220 3219 2327 3273 qua
2379 3202 2728 3269 fortitudine,
2765 3221 2871 3274 qua
2923 3207 3242 3277 prudentia,
3281 3204 3492 3277 usuque

1916 3296 2142 3350 militari
2195 3306 2249 3350 ct
2299 3297 2651 3366 superiorum
2703 3307 2759 3352 et
2809 3301 2984 3375 nostri
3062 3302 3245 3358 smeuli
3303 3301 3494 3356 multis

1916 3385 2313 3449 concesserim,
2355 3386 2606 3454 probatis
2659 3395 2844 3441 autem
2876 3389 3124 3444 moribus
3152 3407 3216 3445 ac
3246 3392 3494 3446 veritatis

1915 3478 2098 3532 studio
2128 3477 2356 3542 nemini,
2387 3478 2590 3547 quibus
2639 3481 2984 3547 potissimum
3037 3498 3184 3537 nunc
3227 3485 3492 3548 conﬁsus,

1916 3568 2033 3622 bazc
2067 3568 2237 3622 libere
2269 3583 2388 3620 sum
2422 3567 2764 3637 prolocutus.
2801 3568 2856 3623 Si
2891 3569 3062 3639 igitur
3096 3587 3276 3639 neque
3309 3589 3374 3626 ex
3406 3573 3493 3628 bis

1916 3670 2036 3724 qua:
2089 3655 2204 3724 ipse
2251 3652 2466 3708 elliccre
2517 3655 2801 3720 contendi,
2851 3670 3030 3725 neque
3080 3672 3148 3711 ex
3180 3658 3357 3725 vobis,
3396 3659 3492 3729 qui

1916 3763 2132 3804 mecum
2165 3762 2383 3816 semper
2410 3745 2617 3811 fuistis,
2647 3748 2733 3802 vel
2769 3757 3086 3817 suspeetus,
3117 3749 3202 3804 vel
3239 3766 3364 3804 rcus
3397 3767 3494 3805 eo-

1918 3856 2037 3895 rum
2065 3837 2274 3904 videor,
2309 3854 2544 3908 quorum
2573 3838 2628 3891 in
2657 3853 2743 3893 me
2772 3837 3038 3893 adornata
3070 3849 3156 3894 est
3188 3844 3489 3908 accusatio,

1916 3947 2077 3988 nemo
2110 3947 2195 3986 me
2243 3932 2370 4002 jure
2424 3929 2812 4000 reprehendet,
2871 3930 3030 4000 quasi
3087 3932 3286 4003 injuria
3325 3949 3492 4003 super

1919 4024 2003 4078 bis
2056 4023 2226 4077 rebus
2279 4034 2658 4076 succenseam.
2712 4020 2954 4076 Decebat
2985 4021 3134 4076 enim
3166 4025 3489 4094 Augustam,

1917 4126 2111 4171 testem
2143 4115 2212 4168 ab
2245 4113 2408 4168 initio
2440 4111 2775 4181 integritatis
2809 4121 3036 4178 meae,et
3066 4114 3186 4185 ejus
3211 4131 3333 4185 qua:
3355 4113 3489 4168 milii

1915 4224 2040 4263 eum
2075 4208 2408 4276 imperatore
2440 4207 2756 4262 intercessit
2786 4206 3135 4263 inimitabilis
3172 4218 3229 4263 et
3255 4208 3491 4264 admira-

1919 4301 2067 4355 tione
2113 4298 2449 4368 dignissima:
2497 4298 2776 4360 amicitiae,
2817 4314 2880 4354 ac
2935 4308 3062 4368 post
3097 4300 3306 4354 obitum
3339 4300 3489 4354 illius

1916 4405 2014 4460 pro
2056 4388 2183 4442 [iliis
2243 4389 2474 4457 ipsaque
2521 4403 2776 4442 curarum
2836 4403 3082 4442 mearum
3141 4399 3196 4444 et
3247 4390 3492 4460 impigrae

227 4485 426 4554 χρόνον
499 4486 768 4538 συνόντων
823 4488 981 4558 ὑμῶν
1022 4491 1170 4560 ἐμοὶ,
1217 4492 1353 4560 μήτε
1410 4479 1803 4562 ῦποπτευθεὶς,

1915 4480 2326 4544 sollicitudinis,
2372 4496 2481 4535 non
2513 4480 2737 4535 credere
2778 4480 3155 4551 sycophantis,
3186 4482 3490 4550 perversis—

231 4581 373 4648 μήτε
395 4578 761 4647 εἰργασμένος
793 4581 1063 4648 φαίνομαι
1091 4575 1166 4635 ῶν
1197 4585 1586 4655 κατηγόρημαι
1616 4587 1804 4657 μηδὲν,

225 4672 331 4722 οὐκ
359 4670 427 4722 ἄν
446 4685 533 4731 τις
563 4669 630 4722 ἂν
664 4671 787 4739 ἐμοὶ
814 4671 1041 4736 δικαίως
1071 4675 1359 4744 ἐπενέγκοι
1388 4679 1616 4747 μέμψιν,
1643 4681 1717 4742 ὡς
1745 4681 1805 4732 ού

227 4761 629 4830 προσηκόντως
661 4761 800 4830 πρὸς
830 4763 898 4814 τὰ
923 4765 1278 4834 πραττόμενα
1321 4767 1638 4840 ἐξαγομένῳ
1669 4772 1808 4842 πρὸς

229 4852 427 4920 ὀργήν.
458 4847 608 4901 Ἔδει
665 4849 776 4918 γὰρ
807 4850 1051 4920 βασιλίδα
1099 4854 1191 4906 τόν
1213 4872 1272 4907 τε
1325 4859 1525 4928 τρόπον
1557 4862 1680 4930 ἐμοὶ
1717 4862 1810 4914 τὸν

228 4939 471 5009 ἐξαρχῆς
504 4937 579 5002 ὡς
635 4939 699 4992 οὐ
749 4940 1149 5010 διεφθαρμένος
1184 4947 1513 5012 συνειδυῖαν,
1575 4955 1666 5002 καὶ
1705 4952 1806 5021 τὴν

232 5031 370 5100 ἐμοῦ
403 5030 500 5084 καὶ
536 5030 804 5099 βασιλέως
833 5033 1190 5104 ἀπαράμιλον
1237 5037 1454 5106 ἐκείνην
1483 5040 1577 5092 καὶ
1611 5041 1799 5112 θαυμα

236 5121 511 5190 σιωτὰτην
539 5135 748 5190 φιλιαν,
781 5125 877 5175 καὶ
901 5129 1002 5194 τήν
1027 5125 1170 5195 μετὰ
1192 5125 1292 5194 τὴν
1316 5127 1527 5182 ἐκείνου
1549 5129 1810 5203 τελευτὴν

237 5213 380 5281 ὐπέρ
409 5213 518 5265 τῶν
541 5215 756 5267 ἐκείνου
778 5215 991 5269 παίδων
1013 5217 1109 5269 καὶ
1141 5217 1312 5288 αὐτῆς
1341 5219 1545 5290 πολλὴν
1572 5225 1811 5295 σπουδὴν

235 5306 332 5357 καὶ
391 5305 733 5376 προθυμίαν,
790 5308 864 5378 μὴ
920 5312 1287 5377 συκοφάνταις
1340 5311 1657 5384 ἀνθρώποις
1715 5322 1813 5371 καὶ

232 5396 548 5467 διεφθορόσι
608 5399 894 5454 πείθεσθαι
917 5437 936 5468 ,
971 5401 1106 5455 ἀλλὰ
1149 5398 1304 5473 ἐμοΓ
1326 5407 1615 5477 προσέχειν
1635 5410 1811 5477 ὀρθῶς

235 5489 336 5541 καὶ
379 5489 608 5554 δικαίως
657 5492 802 5562 ὺπέρ
835 5495 1022 5560 αὐτοῖς
1075 5495 1504 5570 πολιτευομένῳ.
1555 5502 1710 5555 Ἐπεὶ
1754 5505 1812 5558 δέ

237 5578 512 5649 βάσκανός
549 5599 636 5646 τις
662 5584 873 5654 δαίμων
901 5586 1009 5640 τῶν
1038 5589 1426 5658 ἐξητασμένων
1483 5593 1578 5644 ἐπὶ
1605 5591 1808 5663 φθορᾷ,

235 5673 305 5724 τὰ
336 5673 438 5740 μέν
459 5675 640 5745 ἀληθῆ
667 5677 763 5752 καῖἷ
788 5677 972 5732 δίκαια
1006 5681 1133 5750 περὶ
1187 5681 1322 5752 ἐμοῦ
1373 5685 1669 5738 πεπεῖσθαι
1709 5687 1809 5740 οὐκ

235 5759 471 5832 ἀφῆκεν,
512 5763 708 5832 ἐχθρὸν
745 5748 802 5819 δὲ
831 5767 952 5821 ἀντὶ
982 5748 1162 5837 φίλου,
1215 5748 1310 5825 καὶ
1367 5773 1628 5843 πολέμιον
1686 5776 1810 5830 ἀντὶ

1910 4585 2017 4638 que
2055 4569 2376 4624 hominibus
2407 4609 2422 4634 ,
2457 4569 2551 4624 sed
2593 4587 2623 4624 a
2668 4586 2780 4638 me,
2814 4573 3055 4641 legitime
3096 4583 3353 4644 recteque
3391 4591 3492 4644 pro

1912 4660 2029 4729 ipsa
2086 4661 2380 4729 imperium
2441 4672 2684 4730 regente,
2719 4663 2959 4720 rationes
3009 4681 3142 4720 suas
3197 4682 3494 4736 suspensas

1917 4751 2144 4806 habere.
2173 4751 2244 4804 At
2285 4760 2576 4821 postquam
2612 4753 2826 4808 daemon
2885 4757 3156 4826 quispiam
3193 4758 3409 4813 invidus
3437 4768 3493 4813 et

1913 4840 1968 4894 in
2016 4840 2261 4910 pernicie
2314 4838 2628 4895 invehenda
2698 4843 3030 4898 εχιτοίιιιιυε
3075 4860 3202 4900 vera
3252 4857 3306 4898 et
3345 4845 3492 4913 justa

1913 4931 1980 4986 de
2009 4947 2094 4985 me
2124 4931 2352 4986 credere
2397 4947 2509 4986 non
2545 4931 2694 4999 sivit,
2741 4933 3021 5002 magisque
3065 4935 3350 4989 inimicum
3393 4949 3493 5002 pro
3587 4953 3593 4959 ·

1913 5020 2112 5084 amico,
2143 5021 2354 5076 hostem
2381 5037 2480 5090 pro
2501 5023 2672 5085 socio,
2705 5031 2759 5078 et
2787 5024 3112 5078 malevolum
3143 5040 3239 5094 pro
3293 5023 3497 5078 fidelis-

1914 5114 2055 5168 simo
2085 5114 2407 5169 existimare
2435 5115 2735 5184 persuasit,
2758 5131 2861 5186 ego
2889 5115 3112 5186 quidem
3152 5117 3207 5170 in
3236 5115 3339 5170 hac
3361 5131 3492 5171 cau-

1914 5219 1974 5258 sa
2002 5204 2140 5258 nibil
2168 5219 2355 5274 agere,
2375 5205 2472 5260 sed
2502 5215 2698 5261 vestra:
2735 5223 2823 5262 me
2843 5209 3128 5263 sententia:
3149 5209 3489 5277 permittere,

1911 5309 1970 5355 et
1999 5301 2146 5370 quod
2178 5302 2585 5372 judicaveritis,
2617 5304 2674 5357 in
2699 5317 2767 5357 eo
2800 5303 3059 5358 alacriter
3085 5303 3240 5358 vobis
3260 5305 3492 5374 obsequi

1915 5389 1968 5442 in
2005 5391 2249 5445 animum
2291 5393 2508 5448 induxi.
2559 5392 2673 5445 imo
2717 5407 2850 5446 vero
2877 5408 2977 5462 ego
3009 5393 3242 5462 primus,
3271 5411 3395 5463 qua:
3435 5396 3491 5449 in

1915 5481 2206 5547 przesentia
2243 5483 2376 5535 mihi
2419 5481 2680 5536 videntur
2708 5483 2990 5552 expedire,
3028 5484 3354 5542 edisseram.
3394 5486 3496 5540 Ve-

1913 5581 2087 5625 strum
2124 5571 2230 5625 erit
2273 5574 2676 5643 autsutl‘ragari
2726 5575 2891 5629 dictis
2931 5577 3089 5642 meis,
3125 5578 3169 5630 si
3203 5591 3266 5630 ea
3299 5578 3500 5646 proba-

1915 5662 2129 5725 veritis,
2195 5675 2291 5716 aut
2341 5679 2794 5736 unumquemque
2857 5667 3194 5722 sententiam
3247 5670 3496 5738 proferre

1914 5753 2255 5825 hujusmodi,
2284 5771 2406 5825 quae
2453 5767 2507 5811 et
2549 5767 2881 5827 praesentem
2917 5760 3192 5817 miseriam
3228 5764 3398 5833 tollat,
3439 5773 3493 5820 et
