3998 6198
386 253 495 319 845

1531 241 2077 306 IIISTORIARUM
2114 242 2343 305 LIBER
2381 244 2499 306 IIl.

3541 257 3648 320 8&6

256 422 269 435 θ
381 365 532 432 εἶχε,
586 358 801 415 πάντων
850 360 986 430 πρὸς
1048 358 1144 429 τὴν
1199 357 1470 428 ἀκρόασιν
1527 355 1636 409 τῶν
1685 354 1950 425 λεχθησο·

2077 362 2342 417 Prreterea
2393 375 2504 415 non
2553 359 2700 431 apud
2748 360 3019 417 Barbaros
3070 368 3123 416 et
3173 331 3645 429 Griecos‘solum,

385 453 563 522 μένων
599 448 892 521 μετεώρων
922 449 1304 519 ὑπαρχόντων,
1352 448 1504 519 μόλις
1530 447 1587 501 δὲ
1640 446 1832 514 ὥσπερ
1858 446 1958 517 τὴν

382 547 446 597 ἐκ
478 543 588 596 τῶν
644 541 962 623 ἀμφιϐόλων
1020 541 1284 610 σύγχυσιν
1334 539 1619 609 λογισμῶν
1678 540 1959 607 ἀποκρου·

382 635 661 706 σάμενος,
723 635 845 687 Τῶν
911 640 1013 702 μὲν
1072 634 1354 705 προτέρων
1388 672 1403 695 ,
1467 631 1571 701 ἔφη
1603 672 1618 692 ,
1678 631 1962 699 λογισμῶν

382 729 517 799 περὶ
595 725 691 782 τοῦ
758 728 870 780 δεῖν
936 727 1109 796 ’μηδὲν
1181 724 1293 777 τῶν
1360 722 1532 776 ὅντων
1592 722 1909 793 μετακινεῖν
1943 760 1959 785 ,

382 820 524 891 μηδέ
554 818 923 888 νεωτερίζειν,
977 816 1059 869 ἐτι
1116 813 1336 885 ἔχομαιο
1392 815 1485 867 καὶ
1542 815 1744 884 μᾶλλον
1793 812 1957 873 αὐτὸς

378 908 648 982 αἱροῦμαι
677 910 741 962 οὗ
763 907 873 961 τῶν
904 906 1262 978 ὑπαρχόντων
1297 907 1456 976 μόνον
1490 902 1957 973 ἀποστερηθῆναι.

384 1002 505 1055 ἀλλ’
540 1000 595 1054 εἰ
619 1017 670 1053 τι
703 1000 813 1053 δέοι
846 997 942 1053 καὶ
978 999 1087 1052 τῶν
1117 998 1433 1066 ἀνηκέστων
1461 995 1768 1063 ὑποστῆναι
1800 997 1856 1048 ἐν
1880 993 1959 1063 τῷ

380 1095 626 1164 σώματι,
672 1092 707 1165 ἢ
757 1092 996 1162 πολέμου
1028 1092 1307 1161 πρόφασιν
1355 1090 1626 1160 ἐμφυλίου
1670 1094 1959 1161 παρασχέ-

381 1186 531 1239 «ﬂat.
575 1183 688 1255 Τὴν
727 1183 837 1255 γὰρ
890 1185 955 1238 ἐκ
986 1184 1211 1254 πρώτης
1257 1183 1472 1253 ἡλικίας
1520 1182 1675 1236 αὐτοί
1716 1198 1807 1252 μοι
1840 1182 1963 1235 σύν-

377 1294 499 1330 ιστε
522 1276 845 1347 ἀπέχθεια’·,
870 1276 938 1346 ἣν
967 1274 1130 1344 ἔσχον
1166 1276 1296 1345 περὶ
1334 1274 1395 1327 τὸ
1431 1275 1500 1328 es
1518 1274 1775 1343 ἀλλότρια
1806 1273 1960 1340 διαρ-

380 1368 605 1431 πάζειν,
634 1366 667 1437 η
710 1366 895 1433 φόνοις
928 1365 1166 1437 χαίρειν,
1204 1366 1300 1420 καὶ
1331 1366 1670 1435 λεηλασίαις,
1700 1372 1796 1419 καὶ
1827 1366 1953 1432 φοοσ

381 1459 509 1527 ραῖς
548 1455 875 1527 ἀκθρῶπων,
897 1456 1019 1510 Ἔτι
1043 1457 1101 1510 δέ
1132 1456 1254 1511 οὐδέ
1280 1458 1595 1528 βαρϐάρους
1625 1457 1722 1512 καὶ
1756 1457 1960 1528 Ἕλλη-

2073 467 2303 521 quorum
2338 466 2436 522 per
2476 466 2639 507 aures
2672 450 3090 507 necessitudinis
3124 465 3257 505 mete
3298 466 3422 506 cum
3470 453 3648 523 impe-

2073 551 2251 599 ratore
2298 544 2439 599 fama
2483 545 2745 615 pervasit,
2776 543 2871 599 sed
2900 552 2957 598 et
2988 557 3175 598 coram
3205 542 3318 598 sole
3353 543 3475 608 hoc,
3508 552 3563 598 et
3601 543 3648 597 si

2072 636 2201 706 quid
2243 626 2390 691 aliud
2433 637 2734 690 inanimum
2785 636 3177 691 nominandum
3208 644 3314 700 est,
3364 635 3652 690 erubesce-

2073 742 2211 790 rem,
2235 729 2278 782 si
2326 743 2472 781 nunc
2502 739 2624 797 post
2650 729 2771 797 ejus
2793 729 3004 782 obitum
3054 727 3228 782 hostis
3258 726 3471 781 viderer
3504 725 3650 781 illius

2072 818 2215 873 (iliis.
2250 817 2366 873 Non
2416 829 2623 874 tantum
2654 820 2800 874 enim
2835 833 2933 889 pro
2980 819 3099 887 ejus
3137 820 3248 873 vita
3280 833 3457 872 meam
3486 818 3650 873 amit-

2074 921 2210 978 tere,
2240 911 2285 965 si
2319 914 2582 976 licuisset,
2616 911 2946 966 mirabiliter
2971 912 3290 975 voluissem,
3326 911 3420 967 sed
3450 920 3501 965 et
3528 919 3651 980 post

2072 1001 2193 1070 ejus
2254 1011 2483 1056 mortem
2541 1003 2777 1070 (oculum
2842 1002 3023 1055 omnia
3091 1003 3400 1056 intuentem
3461 1010 3649 1076 testor)

2074 1091 2229 1147 uxori
2254 1102 2309 1146 et
2337 1092 2523 1146 liberis
2547 1107 2709 1162 quam
2738 1096 2947 1162 optime
2971 1092 3153 1162 cupivi
3182 1109 3198 1146 :
3233 1090 3416 1146 omnia
3448 1091 3651 1155 fat-ere,

2071 1199 2136 1238 ac
2175 1184 2359 1238 subire
2402 1199 2564 1237 omne
2615 1164 2927 1251 perieulum.
2964 1194 3207 1253 paratus,
3244 1195 3300 1238 et
3341 1193 3397 1237 ul
3433 1184 3502 1237 ab
3545 1182 3651 1237 illis

2072 1276 2289 1328 abesset
2326 1278 2506 1328 omnis
2538 1274 2805 1339 molestia,
2836 1285 2889 1329 et
2922 1283 2978 1328 ut
3019 1289 3106 1329 res
3141 1273 3383 1328 Romana
3426 1272 3494 1328 ad
3538 1271 3641 1343 glo-

2071 1365 2209 1418 riam
2261 1374 2315 1421 et
2368 1366 2710 1428 felicitatem,
2763 1383 2849 1420 me
2901 1367 3050 1421 hunc
3098 1366 3308 1420 cultum
3358 1367 3650 1429 retinente,

2068 1458 2273 1513 eximie
2307 1460 2619 1529 proliceret.
2650 1458 2807 1514 Nunc
2838 1475 2967 1513 vero
3006 1474 3115 1513 non
3157 1459 3338 1512 minus
3378 1467 3502 1528 post
3540 1458 3646 1511 hel-

380 1564 481 1609 νας
529 1545 691 1616 μόνον
748 1547 865 1600 ὅσοι
918 1546 1017 1618 τὴν
1072 1547 1213 1617 πρὸς
1262 1548 1528 1619 ἀλλήλους
1570 1547 1704 1618 ἐμοῦ
1754 1564 1813 1600 τε
1863 1545 1960 1600 καὶ

2073 1549 2182 1603 lum
2228 1550 2299 1605 ab
2350 1552 2480 1620 ipsis
2536 1551 2679 1607 nulla
2723 1552 2793 1605 de
2840 1566 3007 1606 causa
3060 1560 3117 1604 et
3161 1549 3543 1620 iniustissime.
3593 1559 3651 1603 ut

383 1638 651 1707 βασιλέως
681 1636 943 1691 ἐπύθοντο
988 1637 1195 1707 φιλίαν,
1246 1638 1381 1692 ἀλλά
1425 1641 1522 1692 καὶ
1562 1638 1713 1708 ἥλιον
1744 1636 1812 1692 ἂν
1864 1639 1959 1692 καὶ

2073 1653 2165 1708 ego
2202 1639 2388 1694 dicere
2432 1639 2631 1705 ausim,
2683 1640 3116 1709 promulgatum,
3151 1638 3433 1695 dirissima
3490 1640 3653 1695 susti-

382 1701 439 1783 εἴ
465 1747 517 1782 τι
547 1728 656 1782 τῶν
693 1728 917 1799 ἀψύχων
953 1701 1140 1799 ἕτερον
1168 1729 1555 1799 αἰσχυνοίμην,
1586 1701 1636 1781 εί
1672 1730 1786 1791 τοῖς
1811 1728 1958 1781 ἐκεί-

2073 1701 2196 1786 nere
2225 1740 2491 1802 praeopto,
2528 1701 2836 1801 nevvulgus
2876 1701 2980 1785 tres
3006 1731 3344 1799 iumentrici
3380 1732 3445 1785 ad
3477 1731 3648 1800 impe-

384 1839 481 1874 νου
534 1821 693 1876 παισὶ
753 1820 1015 1888 πολέμους
1074 1820 1212 1890 μετά
1267 1821 1369 1887 τὴν
1431 1820 1641 1872 ἐκείνου
1696 1818 1958 1889 τελευτὴν

387 1913 690 1984 φαινοίμην
723 1911 842 1965 νῦν.
876 1913 953 1965 Οὐ
997 1913 1110 1982 γάρ
1140 1914 1303 1981 μόνον
1326 1911 1467 1981 ὑπὲρ
1499 1909 1594 1964 τοῦ
1628 1913 1728 1981 ζῇν
1750 1912 1959 1964 ἐκεῖνον

385 2009 445 2061 τὺ
479 2006 778 2061 ἀποθανεῖν
810 2003 995 2069 αὐτὸς,
1029 2004 1084 2057 εί
1109 2021 1175 2073 γε
1209 2003 1361 2073 ἐξῆν,
1385 2003 1460 2067 ὡς
1499 2003 1692 2073 ἥδιστα
1727 2004 1792 2056 ἂν
1819 2004 1959 2057 εἱλό-

386 2116 522 2169 μην,
574 2097 712 2151 ἀλλά
764 2098 860 2150 καὶ
919 2096 1058 2165 μετὰ
1112 2096 1214 2166 τὴν
1260 2095 1470 2149 ἐκείνου
1523 2095 1827 2165 τελευτὴν,
1868 2094 1960 2147 τόν

382 2193 568 2247 πάντα
621 2191 906 2263 ἐφορῶντα
957 2189 1317 2260 μαρτύρομαι
1366 2187 1691 2257 ὀφθαλμὸν,
1753 2188 1829 2251 ὠς
1890 2185 1961 2240 ea

381 2284 644 2354 βέλτιστα
677 2284 772 2335 καὶ
802 2281 1227 2335 λυσιτελέστατα
1278 2280 1406 2350 περί
1454 2297 1513 2334 τε
1553 2282 1825 2351 γαμετῆς,
1867 2278 1963 2331 καὶ

379 2377 591 2430 τέκνων
620 2375 967 2444 διενοούμην,
1022 2374 1120 2427 καὶ
1153 2373 1334 2429 πάντα
1378 2372 1666 2443 πράττειν,
1704 2372 1801 2424 καὶ
1838 2372 1962 2440 ὑφί-

384 2466 623 2521 στασθαι
660 2465 839 2519 πάντα
875 2464 1146 2524 κίνδυνον,
1190 2462 1261 2516 ἶν’
1292 2461 1519 2516 ἐκείνων
1554 2478 1615 2514 τε
1645 2463 1753 2516 πᾶν
1792 2461 1963 2529 ἀπείη

379 2557 670 2628 δυσχερὲς,
702 2558 797 2609 καὶ
826 2556 894 2608 τὰ
943 2554 1238 2624 Ῥωμαίων
1282 2553 1375 2606 ἐπὶ
1411 2554 1559 2624 μέγα
1593 2554 1683 2605 καὶ
1708 2551 1965 2613 εὐκλείας

386 2650 600 2718 αῖροιτο
627 2647 822 2719 τύχης,
863 2650 1043 2716 μένων
1075 2647 1169 2699 ἐπὶ
1215 2645 1308 2699 τοῦ
1340 2644 1608 2716 παρόντος
1657 2647 1963 2715 σχήματος.

386 2742 525 2795 Νυνί
563 2756 625 2793 τε
648 2742 746 2811 οὐχ
778 2735 942 2812 ἦττον
974 2739 1115 2809 μετά
1142 2738 1238 2791 τόν
1271 2737 1626 2808 κηρυχθέντα
1657 2738 1790 2807 παρ’
1821 2738 1967 2789 ἐκεί-

389 2851 498 2887 νων
526 2832 764 2903 πόλεμον
794 2835 853 2897 ἐξ
876 2831 1137 2904 οὐδεμιᾶς
1154 2832 1357 2895 αίτίας,
1385 2830 1481 2882 καὶ
1516 2830 1672 2899 παρά
1704 2829 1865 2883 πάνθ’
1888 2829 1967 2892 ὡς

319 2971 339 2979 -
388 2923 457 2979 ἂν
491 2923 604 2991 ἐγὼ
636 2924 828 2992 φαίην,
862 2921 956 2975 τοῦ
988 2922 1203 2977 δικαίου
1237 2922 1424 2991 λόγον,
1450 2926 1548 2978 καὶ
1586 2923 1656 2978 τὰ
1680 2922 1966 2975 δεινότατα

388 3014 663 3085 αἱροῦμαι
720 3014 1018 3083 ὑπομένειν
1058 3014 1203 3086 ὑπὲρ
1251 3014 1347 3067 τοῦ
1403 3014 1477 3086 μὴ
1522 3016 1761 3086 πόλεμον
1795 3017 1969 3068 κινεῖν

390 3109 529 3178 πρὸς
562 3106 810 3178 βασιλίδα
839 3107 986 3175 ὑπὲρ
1024 3108 1126 3173 τῆς
1178 3109 1354 3178 ἀρχῆς
1389 3107 1665 3178 ὑπόληψιν
1697 3109 1968 3178 παρέχειν

388 3204 503 3263 τοῖς
537 3200 771 3262 πολλοῖς.
818 3200 976 3253 Ἐπεὶ
1003 3200 1060 3254 δέ
1096 3199 1287 3272 ῶσπερ
1324 3202 1487 3264 αὑτός
1514 3218 1575 3253 τε
1609 3200 1848 3267 σύνοιδα,
1872 3204 1969 3256 καὶ

389 3296 522 3364 ὑμῖν
553 3294 970 3364 βουλευομένοις
1014 3294 1301 3347 πείθεσθαι
1336 3296 1631 3364 προσήκει,
1670 3296 1841 3366 μείζω
1871 3296 1969 3351 καὶ⁵

387 3389 673 3443 δεινότατα
705 3389 1076 3460 προσδοκᾶται
1107 3389 1177 3442 τά
1204 3388 1357 3443 δεινά
1397 3392 1464 3443 ἐκ
1509 3390 1606 3443 τοῦ
1636 3391 1748 3445 τῶν
1786 3407 1968 3462 πραγ-

392 3481 583 3549 μάτων
623 3481 790 3534 esse»
822 3480 1147 3551 ὑποχωρεῖν,
1197 3481 1348 3536 ἄκων
1386 3482 1486 3550 μὲν
1532 3482 1627 3536 καὶ
1669 3480 1859 3551 ὥσπερ
1888 3483 1987 3545 είς

389 3572 674 3637 κινδύνους
697 3572 988 3643 προφανῶς
1022 3573 1361 3645 αὐτομολῶν⁸
1386 3574 1512 3629 οὔτε
1546 3574 1658 3645 γὰρ
1697 3574 1969 3646 ἐπιθυμία

384 3663 570 3737 δόξης,
597 3665 697 3736 τῆς
728 3666 834 3737 γὰρ
862 3667 1172 3734 ἀκροτάτης
1198 3668 1302 3721 κάν
1334 3668 1414 3736 τῷ
1457 3667 1690 3737 παρόντι
1725 3669 1969 3738 σχήματι

389 3757 656 3809 ἀπολαύω
708 3756 843 3822 νῦν,
905 3755 1030 3810 οὔτε
1097 3759 1398 3829 χρημάτων
1464 3761 1664 3813 ἕνεκα·
1726 3760 1797 3814 τά
1858 3762 1968 3831 γὰρ

393 3849 663 3919 παρόντα,
709 3851 805 3902 καὶ
850 3848 1087 3919 ἀριθμοῦ
1150 3852 1337 3923 σχεδὸν
1380 3852 1509 3906 ὄντα
1558 3853 1818 3924 κρείττω,
1853 3856 1970 3918 τοῖς

393 3937 717 4008 διαρπάζειν
772 3942 1035 4011 προεῖμαι
1079 3940 1459 4013 βουλομένοιςο
1517 3944 1672 4014 ὅμως
1713 3944 1868 4015 ὑμῶν
1902 3960 1960 3997 τε

396 4031 600 4095 εἵνεκα,
632 4032 725 4086 καὶ
766 4036 866 4098 τῆς
919 4035 1110 4106 κοινῆς
1164 4036 1275 4089 τῶν
1317 4035 1611 4107 Ῥωμαίων
1664 4038 1967 4110 σωτηρίας,

394 4125 519 4189 τοὺς
569 4124 1056 4197 προσδοκωμένους
1090 4127 1365 4198 μεγάλους
1396 4130 1492 4183 καὶ
1527 4130 1757 4195 πολλοὺς
1785 4131 1970 4185 κινδύ-

394 4233 518 4279 νους
565 4217 664 4286 τῆς
715 4219 774 4271 ἐν
824 4218 900 4287 τῷ
952 4219 1180 4289 παρόντι
1220 4221 1523 4291 ἀσφαλείας
1571 4222 1967 4294 ἀνθαιροῦμαι.

396 4309 503 4361 Καὶ
524 4307 562 4363 ἃ.
589 4310 712 4379 ἐμοὶ
735 4309 1158 4365 λυσιτελέστατα
1195 4312 1392 4376 ἐδόκει,
1426 4314 1527 4367 οὐκ
1564 4314 1964 4386 ἀπραγμόνως,

392 4398 505 4452 οὖδ*
531 4401 778 4474 ἀνοῄτως
803 4439 820 4464 ,
880 4401 1021 4455 ἀλλά
1054 4403 1329 4474 μηδεμίαν
1376 4406 1653 4476 πρόφασιν
1703 4408 1968 4478 παρέχειν

393 4491 474 4560 τῷ
524 4492 748 4563 πολέμῳ
804 4491 1116 4566 βουλομένῳ
1150 4495 1346 4566 παρεὶς
1391 4495 1553 4561 ἑκὼν,
1600 4498 1690 4551 ἐπὶ
1731 4500 1801 4552 τά
1838 4499 1967 4568 ὑμῖν

393 4583 692 4653 δεδογμένα
731 4585 830 4655 τῆς
862 4584 1021 4654 ὑμῶν
1058 4587 1328 4655 ὠφελείας
1362 4588 1545 4654 ἕνεκα,
1581 4589 1773 4660 ὥσπερ
1806 4589 1965 4660 ἐψην,

392 4676 580 4745 τρέψω
613 4677 871 4746 ἐμαυτόν.
917 4680 992 4733 Οὐ
1024 4679 1162 4752 μὴν,
1204 4680 1321 4735 ἀλλ’
1350 4681 1652 4753 ἐπειδήπερ
1699 4683 1799 4736 οὐκ
1832 4682 1969 4747 ίδίας

395 4765 709 4832 πλεονεξίας
738 4809 755 4834 ,
791 4769 908 4822 ἀλλ’
943 4768 1099 4838 ὑμῶν
1150 4786 1210 4823 τε
1272 4770 1436 4825 ἕνεκα
1499 4772 1597 4823 καὶ
1665 4771 1762 4824 τοῦ
1813 4775 1965 4841 κοινῇ

395 4860 810 4927 λυσιτελοῦντος
888 4859 1117 4916 τοιαῦτα
1183 4860 1555 4939 προσειλόμην
1582 4903 1597 4924 ,
1661 4863 1723 4917 οὐ
1792 4863 1968 4933 δήπου

392 4956 631 5018 δίκαιον,
662 4953 785 5009 οὐδὲ
832 4952 1009 5017 ἄλλως
1058 4953 1305 5020 εὐσεϐὲς,
1355 4953 1453 5008 νῦν
1509 4954 1607 5024 μιν
1634 4953 1838 5024 ὁμοίως
1875 4956 1969 5008 ἐπὶ

393 5045 572 5103 ταῦτα
604 5045 819 5109 πάντας
845 5046 989 5114 ὑμᾶς
1014 5047 1382 5118 παρακαλεῖν,
1418 5047 1517 5113 καὶ
1559 5047 1834 5118 μηδεμίαν
1867 5046 1967 5101 ἀλ-

395 5135 496 5193 λην
526 5134 562 5203 ἦ
595 5134 800 5203 ταύτην
838 5133 960 5186 ὁδὸν
1001 5134 1330 5206 ὑφηγεῖσθαι
1370 5135 1644 5205 σωτηρίας
1671 5153 1686 5167 υ
1711 5136 1878 5207 ὀλίγῳ
1911 5136 1970 5190 δέ

397 5225 631 5295 ὓστερον
682 5226 733 5277 εί
771 5223 849 5295 μὴ
903 5226 1047 5279 κατά
1089 5226 1317 5296 γνώμην
1369 5227 1500 5297 ὑμῖν
1530 5226 1613 5281 ιτά
1665 5230 1970 5301 πράγματα

404 5317 676 5381 ἐκϐαίνοι,
714 5321 876 5377 αλλον
923 5318 1118 5375 ἄλλοτε
1155 5316 1585 5391 ἀφισταμένους,
1622 5323 1839 5387 ἑαυτοῖς
1869 5324 1969 5395 μὲν

398 5411 477 5476 ἐκ,
495 5410 607 5465 τῶν
634 5411 869 5467 ἐνόντων
899 5411 1217 5481 ἐκπορίζειν
1245 5412 1344 5484 τὴν
1371 5414 1639 5469 δοκοῦσαν
1671 5416 1969 5485 σωτηρίαν,

399 5498 504 5568 ἐμὲ
553 5500 615 5555 δέ
671 5502 730 5556 ἐν
782 5505 896 5565 τοῖς
951 5500 1224 5564 κινδύνοις
1284 5502 1644 5556 καταλείπειν
1681 5504 1881 5573 μόνον,
1912 5505 1973 5568 ὃς

402 5592 544 5663 ὑπὲρ
577 5595 838 5650 ἁπάντων
867 5595 1023 5667 ὑμῶν
1050 5596 1247 5661 αὐτοὺς
1282 5597 1651 5666 ἀνεδεξάμην,
1672 5597 1792 5649 ἐνὸν
1818 5598 1973 5650 ἀκιν-

402 5680 580 5749 δύνως
627 5684 917 5751 σώζεσθαι.
974 5685 1146 5741 Τοῦτο
1174 5686 1284 5755 γὰρ
1335 5688 1434 5742 οὐκ
1464 5689 1584 5753 ἐμοὶ
1618 5686 1801 5753 μόνον,
1836 5687 1971 5743 ἀλλὰ

1996 3038 2039 3098 C

1999 4375 2049 4435 ι)

2063 1826 2204 1881 rium
2224 1824 2566 1895 eripiendum
2598 1839 2749 1879 arma
2779 1823 2981 1895 inferre
3010 1824 3355 1894 suspicetur.
3380 1822 3652 1891 Quoniam

2063 1931 2196 1973 vero
2234 1918 2369 1979 seio.
2406 1918 2453 1971 si
2488 1931 2571 1970 me
2601 1930 2630 1968 a
2655 1914 3050 1986 gubernaculis
3079 1915 3422 1979 subduxero,
3452 1917 3656 1987 majora

2063 2020 2117 2063 et
2177 2011 2409 2065 s:eviora
2452 2010 2595 2064 mala
2672 2009 3032 2079 impendere,
3106 2024 3209 2063 nec
3266 2010 3653 2065 auctoritatem

2065 2110 2300 2154 vestram
2326 2100 2609 2169 aspernari
2636 2112 2804 2168 queo,
2839 2097 3074 2161 invitus,
3114 2109 3172 2153 et
3202 2100 3354 2153 velut
3382 2101 3438 2152 in
3472 2099 3654 2153 maui—

2064 2190 2265 2243 l‘estnm
2325 2174 2627 2242 discrimen
2682 2203 2769 2242 me
2830 2188 3149 2257 projiciens,
3190 2189 3343 2242 nullo
3374 2189 3659 2244 desiderio

2064 2279 2274 2348 gloriae,
2328 2294 2437 2347 qua
2495 2293 2709 2332 summa
2763 2279 2931 2333 etiam
2989 2281 3043 2333 in
3092 2280 3197 2334 hoc
3238 2279 3427 2333 habitu
3476 2280 3655 2345 fruor,

2066 2386 2246 2440 neque
2276 2371 2639 2439 pecuniarum
2698 2370 2875 2441 gratia
2922 2371 3084 2441 (quas
3124 2372 3271 2428 enim
3323 2373 3488 2428 habui
3516 2389 3657 2444 pene

2066 2464 2537 2528 innumerabiles,
2592 2464 2836 2535 diripere
2904 2466 3223 2520 Veientibus
3275 2466 3521 2536 reliqui),
3553 2468 3652 2522 sed

2065 2558 2235 2611 vestri
2291 2567 2347 2611 et
2396 2555 2707 2611 communis
2768 2557 3146 2611 Romanorum
3205 2557 3400 2613 salutis
3457 2560 3656 2629 gratia,

2066 2664 2190 2718 qua:
2246 2663 2334 2703 me
2388 2657 2612 2702 manent
2638 2648 2805 2703 mulia
2858 2660 2913 2702 et
2947 2648 3174 2719 grandia
3209 2650 3479 2719 pericula,
3513 2666 3658 2721 pra:-

2068 2741 2209 2795 senti
2264 2741 2549 2796 securitati
2597 2739 2847 2796 antefero
2886 2758 2901 2793 :
2952 2756 3187 2810 qua‘que
3225 2742 3474 2798 mihimet
3504 2743 3661 2800 vide-

2068 2831 2270 2885 bantur
2287 2832 2599 2895 utilussima,
2614 2845 2723 2885 non
2740 2831 2896 2899 quasi
2915 2846 2946 2884 a
2965 2830 3202 2901 negotiis
3218 2832 3538 2889 abhorrenti
3559 2841 3659 2889 aut

2070 2925 2432 2995 imprudenti,
2460 2926 2558 2979 sed
2599 2925 2807 2979 nullam
2840 2925 2983 2979 bello
2999 2938 3192 2979 ansam
3227 2926 3361 2981 dare
3387 2930 3673 2997 cupienti,

2071 3034 2135 3073 ea
2166 3019 2343 3074 libens
2390 3018 2660 3072 dimittam
2696 3034 2711 3072 :
2748 3026 2803 3072 et
2851 3016 2979 3086 quia
3011 3017 3092 3071 sic
3132 3016 3318 3084 vultis,
3355 3027 3411 3072 et
3440 3032 3656 3086 νοείτω,

2076 3117 2136 3164 ut
2159 3108 2294 3174 dixi,
2337 3108 2589 3164 utilitatis
2635 3107 2834 3179 gratia,
2884 3109 3028 3164 alius
3062 3108 3212 3165 liam.
3277 3110 3660 3168 Verumenim-

2074 3215 2228 3263 Vero,
2260 3201 2391 3271 quia
2424 3217 2535 3254 nou
2581 3210 2642 3256 ut
2685 3201 2886 3269 opibus
2932 3200 3231 3266 abundem,
3259 3203 3357 3257 sed
3408 3206 3563 3259 vob-s
3601 3214 3661 3260 et

2072 3293 2350 3349 communi
2378 3293 2630 3355 studens,
2656 3291 2808 3347 hunc
2837 3303 3042 3349 statum
3067 3308 3311 3363 assumo,
3341 3311 3450 3349 non
3468 3297 3660 3362 utique

2071 3388 2278 3458 iustum
2311 3402 2493 3456 neque
2521 3388 2677 3456 pium
2717 3397 2886 3451 esset,
2920 3403 3066 3444 nunc
3088 3405 3188 3445 vos
3214 3405 3405 3444 omnes
3431 3391 3659 3461 aquali-

2075 3489 2158 3535 ter
2187 3480 2257 3535 ad
2306 3478 2412 3534 hoc
2444 3496 2533 3535 me
2580 3479 2881 3546 cohortari,
2910 3488 2967 3534 et
3017 3484 3235 3543 docere,
3259 3482 3461 3536 nullam
3493 3483 3656 3538 aliam

2072 3582 2273 3641 praeter
2303 3574 2447 3626 hanc
2475 3573 2669 3628 salutis
2698 3572 2842 3626 viam
2877 3586 3000 3627 esse
3044 3588 3060 3626 :
3099 3573 3261 3642 paulo
3289 3587 3476 3628 autem
3508 3584 3655 3643 post,

2076 3681 2133 3719 re
2168 3680 2328 3720 secus
2355 3681 2516 3735 quam
2550 3664 2765 3720 velletis
2790 3665 3143 3734 procedente.
3173 3666 3342 3720 alium
3366 3666 3475 3721 alio
3498 3667 3662 3722 defu-

2073 3773 2225 3831 gere,
2257 3774 2321 3813 ac
2351 3757 2456 3812 sibi
2484 3757 2708 3827 quidem
2741 3773 2843 3828 pro
2873 3757 3167 3813 occasione
3197 3766 3250 3813 et
3270 3759 3482 3831 judicio
3503 3761 3625 3816 salu
3648 3790 3660 3802 -

2075 3861 2183 3904 tem
2247 3866 2531 3920 qumrere;
2590 3865 2675 3905 me
2727 3857 2912 3904 autem
2947 3851 3122 3904 solum
3180 3855 3234 3906 in
3291 3851 3359 3906 iis
3400 3853 3659 3922 periculis

2072 3942 2350 4007 deserere,
2381 3957 2504 4011 qua:
2527 3957 2652 4013 ego.
2680 3951 2741 3997 ut
2770 3942 2928 3997 vobis
2958 3943 3217 3997 omnibus
3248 3943 3438 3999 lin-cret
3466 3961 3661 4002 secure

2072 4032 2280 4098 vivere,
2329 4034 2580 4097 adierim,
2620 4049 2745 4088 cum
2800 4032 3044 4102 periculo
3084 4034 3312 4089 omnino
3345 4050 3539 4092 carere
3595 4053 3662 4094 ac

2074 4128 2261 4182 salvus
2286 4141 2409 4181 esse
2447 4126 2744 4195 potuerim.
2779 4124 2890 4181 lloc
2936 4127 3084 4181 enim
3118 4142 3225 4181 non
3263 4136 3469 4182 tantum
3499 4130 3658 4196 mihi,

2074 4218 2171 4274 sed
2219 4229 2273 4275 et
2305 4218 2462 4275 vobis
2512 4219 2777 4288 majerem
2825 4218 2882 4273 in
2929 4220 3153 4275 modum
3204 4222 3657 4278 incommodaret.

2072 4311 2236 4384 432
2288 4311 2443 4366 llaud
2494 4326 2643 4364 emm
2692 4311 3028 4379 gubernator
3073 4314 3255 4365 navim
3291 4315 3555 4375 servabit.
3610 4316 3659 4371 si

2076 4418 2258 4458 nauta:
2286 4404 2355 4457 ob
2383 4403 2711 4457 discordiam
2756 4419 2882 4456 eum
2922 4402 3185 4471 adjuvare
3215 4401 3502 4468 desierint,
3536 4410 3662 4477 qui-

2080 4497 2181 4550 bus
2215 4494 2351 4564 ip~is
2404 4504 2671 4563 pereunte
2724 4493 2847 4546 navi
2891 4509 3016 4563 spes
3063 4494 3253 4548 salutis
3285 4495 3436 4549 nulla
3464 4506 3657 4553 restat.

2078 4588 2306 4658 Oportet
2335 4591 2479 4639 enim
2517 4603 2613 4639 nos
2643 4601 2835 4639 omnes
2867 4594 3301 4653 consentientes,
3330 4597 3386 4642 et
3421 4588 3660 4645 toleran-

2081 4681 2212 4733 tiam
2244 4679 2298 4732 in
2324 4678 2568 4732 adversis
2593 4692 2779 4747 parem
2803 4676 3151 4740 adhibentes.
3192 4678 3273 4734 sic
3303 4678 3527 4735 demum
3561 4697 3658 4736 ar-

2077 4770 2185 4824 dua
2221 4768 2455 4824 feliciter
2487 4783 2701 4838 gerere.
2750 4766 2888 4823 Nam
2937 4776 2993 4822 et
3028 4779 3275 4839 veterum
3307 4769 3489 4828 nullus
3541 4787 3660 4828 ces-

2079 4860 2273 4925 sando,
2301 4858 2630 4924 desidendo,
2656 4858 2946 4924 tardaudu,
2981 4859 3074 4913 sed
3112 4861 3366 4930 quemvis
3411 4862 3657 4919 L-borem

2079 4950 2351 5018 durando,
2388 4959 2680 5020 menteque
2717 4950 3087 5021 imperterrita
3120 4951 3351 5006 adversa
3387 4952 3660 5009 sufferen-

2079 5042 2150 5096 do
2201 5044 2269 5098 de
2324 5042 2570 5097 ho‘stilius
2607 5052 2867 5112 tropaeum
2902 5046 3096 5097 erexit.
3149 5040 3268 5097 Jam
3302 5043 3370 5110 si,
3417 5044 3505 5098 cui
3555 5045 3659 5101 ista

2080 5149 2188 5188 non
2249 5134 2487 5203 placent,
2549 5150 2645 5188 nec
2700 5133 2882 5188 studio
2940 5135 3046 5188 mei
3104 5132 3191 5187 hic
3257 5137 3660 5204 perseverando

2079 5225 2384 5281 ἀίει-τίιιιίιιί
2409 5242 2468 5281 se
2496 5241 2771 5297 exponere
2796 5227 2934 5289 vult,
2957 5223 3051 5279 sed
3085 5225 3256 5295 magis
3283 5234 3507 5296 penates
3528 5242 3660 5283 suos

2081 5318 2186 5373 sibi
2218 5319 2540 5383 servandos,
2576 5331 2740 5386 quam
2802 5315 3008 5371 relictis
3064 5330 3185 5386 qua:
3237 5325 3365 5370 sunt
3400 5319 3451 5371 in
3483 5320 3657 5373 mani-

2083 5415 2206 5477 bus,
2264 5427 2403 5467 vana
2452 5426 2547 5480 spe
2604 5406 2953 5479 pendendum
3005 5406 3319 5472 existimat,
3374 5417 3431 5463 et
3486 5409 3658 5473 libere

2083 5499 2355 5571 patefacto
2397 5499 2583 5552 animo
2632 5512 2733 5551 suo
2762 5498 2989 5550 domum
3023 5497 3392 5563 redeundum,
3418 5499 3555 5554 nihil
3590 5506 3660 5555 ob

2084 5595 2136 5647 id
2169 5591 2292 5646 mali
2330 5600 2572 5654 metuat;
2597 5605 2752 5659 teque
2796 5591 2941 5645 enim
2972 5590 3101 5644 alibi
3137 5590 3327 5647 vivens
3359 5593 3493 5652 mihi
3533 5594 3660 5649 cha-

2084 5700 2177 5738 rus
2212 5681 2336 5738 erit.
2370 5680 2523 5748 Quod
2559 5682 2600 5736 si
2634 5691 2758 5752 post
2793 5689 2998 5737 tantam
3024 5682 3338 5754 aequitatem
3390 5697 3443 5742 el
3477 5686 3659 5741 datam
