3998 6198
492 309 602 372 δἿ9

1666 305 1913 368 JOANN
1926 307 1944 365 ι
1957 306 1996 366 S
2033 303 2562 370 CANTACUZENI

3591 319 3676 381 880

464 424 796 483 tradendam
815 439 916 482 eos
944 423 1188 482 allectat.
1217 425 1344 482 Dies
1378 441 1486 495 quo
1515 424 1691 480 veniat
1724 422 2042 494 praelinitur.

2165 419 2433 493 Βασιλεὺς
2488 427 2544 475 δὲ
2571 424 2597 476 ὁ
2628 421 3084 494 Καντακουξηνδς
3106 421 3360 478 διενοεῖτο
3393 423 3479 494 μὲν
3503 425 3567 492 ὡς
3586 430 3677 499 ita:

473 519 572 574 Ille
633 529 922 590 assumpto
977 519 1224 575 exercitu
1280 519 1346 573 ad
1413 519 1548 573 alias
1599 517 1845 573 Thracia:
1899 517 2042 571 urbe:

2162 507 2259 583 ἦρι
2289 512 2568 582 Βυζαντίῳ
2619 514 3090 585 ἐπιστρατεύσων,
3120 516 3213 568 καὶ
3256 519 3610 588 πειρασόμενος
3634 524 3673 575 εί

475 613 681 668 iturum
750 612 982 682 illasque
1035 613 1391 668 obsessurum
1437 612 1667 682 (ingens,
1705 627 1772 666 ne
1844 612 1938 680 qui
1994 610 2042 664 al

2164 605 2382 658 δύναιτο
2413 605 2594 674 ἐαυτῴ
2626 606 2912 660 ὑποποιεῖν
2937 623 2952 637 ο
2986 608 3136 678 ὅμως
3175 608 3267 662 τοῦ
3305 612 3550 681 χειμῶνος
3583 617 3674 679 τοῖς

474 708 722 773 Augusta
760 703 1002 769 stabant,
1033 704 1293 760 infestum
1327 706 1444 775 ejus
1476 719 1762 759 accessum
1792 702 2042 758 Adriano

2167 695 2224 749 ἐν
2285 695 2729 765 Ἀδριανουπόλει
2805 699 3035 768 ἄρχουσι
3102 700 3466 770 προσπέμπων
3530 705 3682 773 κρύφα

477 797 648 864 polim
679 795 1032 859 nuntiarent,
1065 811 1227 864 supra
1255 795 1521 858 llebrum,
1553 804 1613 849 ut
1647 795 1911 863 postridie
1953 796 2057 847 mi-

474 886 488 938 l
521 895 627 938 tem
659 884 1110 949 transducturus,
1147 893 1322 940 castra
1361 884 1511 945 facit.
1548 884 1711 938 Mittit
1738 899 1961 954 quoque
1989 883 2057 938 ad

473 978 796 1032 Pineernam
823 977 1239 1042 consobrinum,
1278 977 1372 1047 qui
1398 994 1523 1033 cum
1553 977 1862 1032 millenario
1895 979 2057 1031 Pam-

472 1069 684 1138 philnm
723 1070 1000 1133 servabat,
1043 1078 1098 1124 et
1124 1085 1306 1124 arcem
1347 1085 1474 1125 cum
1505 1069 1629 1125 aliis
1651 1070 1833 1140 gravis
1873 1085 2053 1123 arma-

474 1172 610 1214 turae
635 1176 696 1215 ac
715 1161 1014 1230 sagittariis
1059 1170 1314 1218 centum:
1340 1162 1583 1226 mandat,
1617 1170 1678 1216 ut
1700 1162 1888 1218 relicta
1912 1161 2057 1218 arcis

469 1253 738 1313 custodia.
771 1262 827 1307 et
867 1268 935 1308 ex
970 1255 1217 1323 equitatu
1273 1255 1553 1318 trecentis,
1583 1255 1678 1325 qui
1741 1253 2055 1308 inferiorem

469 1343 662 1398 urbem
691 1352 1004 1408 tuerentur,
1040 1360 1164 1399 eum
1189 1356 1388 1401 ezetero
1411 1347 1629 1418 agmine
1658 1346 1724 1401 ad
1749 1363 1807 1402 se
1831 1347 2053 1413 veniat;

467 1433 634 1506 449
659 1451 881 1489 causam
920 1436 1145 1505 insuper
1169 1437 1357 1503 addit,
1401 1454 1502 1493 cur
1534 1453 1663 1493 eum
1703 1447 1886 1493 vocet.
1923 1438 2054 1493 Pin-

467 1541 637 1579 ceina
679 1525 938 1594 opinatus
972 1525 1149 1580 solum
1171 1515 1314 1582 areis
1343 1529 1657 1596 praesidium
1688 1529 1809 1583 urbi
1835 1544 2056 1584 servan-

468 1622 551 1668 dae
577 1615 853 1682 sufﬁcere,
898 1631 1022 1671 eum
1063 1626 1178 1672 toto
1203 1618 1454 1687 equitatu
1488 1617 1666 1674 adest.
1695 1618 1834 1673 Cum
1869 1629 2054 1674 autem

477 1723 575 1777 per
623 1716 838 1762 noctem
874 1708 1022 1762 illam
1073 1708 1274 1765 Boreas
1329 1710 1598 1780 spirasset
1640 1713 2050 1778 vehementius,

2165 786 2263 840 καὶ
2295 786 2702 856 διαλεγόμενος,
2731 786 2921 841 ἔπεισε
2945 788 3226 856 τὴνοπόλιν
3250 789 3570 862 ἐγχειρίζειν.
3596 796 3683 848 Καὶ

2163 877 2287 929 ἐπεὶ
2333 878 2645 931 συντέθειτο
2691 878 2874 949 ἡμέρα
2918 879 3041 933 καθ’
3073 880 3140 952 ἢν
3189 880 3296 935 εδει
3337 883 3581 951 ἐπελθεῖν,
3605 887 3685 956 τὴν

2161 966 2328 1022 οὖσαν
2379 971 2642 1040 στρατιὰν
2694 971 3050 1040 παραλαϐὼν,
3093 973 3187 1026 καὶ
3223 977 3686 1047 προσποιησάμενος

2161 1062 2245 1130 ἐφ’
2273 1062 2469 1132 ἐτέρας
2491 1063 2590 1132 τῆς
2615 1063 2839 1136 Θρᾴκης
2869 1063 3172 1133 βαδιεῖσθαι
3204 1066 3390 1130 πόλεις
3416 1067 3486 1130 ὡς
3509 1070 3690 1143 πολιορ-

2121 1200 2123 1204 .
2159 1155 2348 1224 κήσων
2387 1155 2473 1208 ἵνα
2511 1155 2586 1226 μὴ
2622 1157 2728 1210 ὑπό
2755 1175 2852 1210 του
2878 1158 2987 1211 τῶν
3031 1158 3102 1212 τὰ
3153 1159 3418 1228 βασιλίδος
3442 1164 3690 1232 ᾑρημένων

2160 1245 2300 1316 πρὸς
2348 1244 2448 1316 τὴν
2505 1245 2788 1319 Ἀδριανοῦ
2839 1249 2873 1318 ὴ
2923 1247 3113 1318 ἔφοδος
3169 1253 3405 1322 μηνυθῇ,
3447 1254 3584 1322 παρὰ
3619 1253 3692 1307 τὸν

2161 1337 2367 1407 Ἕϐρον
2398 1328 2898 1409 ἐστρατοπέδευσεν
2927 1340 3004 1404 ὡς
3047 1343 3482 1413 περαιωσόμενος
3515 1346 3585 1408 εἰς
3613 1345 3692 1416 τὴν

2159 1430 2482 1500 ὑστεραίαν.
2531 1430 2763 1502 Πέμψας
2823 1432 2880 1486 δὲ
2929 1434 3028 1486 καὶ
3089 1435 3228 1506 πρὸς
3284 1437 3577 1507 Πιγκέρνην
3620 1438 3693 1491 τὸν

2157 1521 2402 1592 ἀνεψιὸν,
2458 1519 2520 1576 τὸ
2586 1523 2885 1594 Πάμφυλον
2947 1525 3068 1593 ἅμα
3129 1526 3324 1596 χιλίοις
3389 1527 3692 1598 φρουροῦντα

2158 1614 2545 1682 στρατιώταις,
2576 1615 2675 1685 τήν
2701 1632 2762 1669 τε
2795 1611 3101 1689 ἀκρόπολιῦ
3122 1618 3334 1690 ἑτέροις
3366 1619 3596 1681 ὁπλίταις
3619 1621 3696 1674 καὶ

2156 1703 2334 1774 ψιλοῖς
2361 1704 2604 1770 τοξόταις
2629 1708 2852 1773 ἐκατδν,
2885 1710 3107 1764 ἐκέλευε
3133 1713 3234 1782 τὴν
3267 1714 3326 1764 ἐν
3348 1715 3411 1782 τῇ
3442 1694 3695 1781 ἀκροπόλει

465 1798 712 1851 diluculo
752 1797 954 1852 [lumen
981 1800 1322 1870 conglaciare
1372 1801 1662 1872 incipiens,
1698 1804 1840 1858 intra
1887 1804 2042 1861 breve

2157 1800 2404 1870 φρουρὰν
2451 1800 2848 1869 καταλιπόντα,
2867 1805 2972 1856 καὶ
2999 1805 3100 1874 τῆς
3141 1807 3406 1876 στρατιᾶς
3429 1805 3524 1872 τῆς
3565 1807 3696 1860 ἱππι-

471 1905 690 1962 tempus
724 1901 896 1947 totum
920 1892 1124 1964 frigore
1157 1895 1424 1951 constitit.
1450 1895 1642 1966 Neque
1667 1906 1852 1953 tamen
1901 1899 2044 1955 adeo

467 1985 622 2038 ﬁrma
669 2001 734 2041 ac
783 1986 950 2040 densa
1005 1985 1384 2056 eratglacies,
1443 2000 1504 2041 ut
1539 1996 1765 2058 portare
1807 1991 2050 2061 equitem

431 2109 436 2114 -
466 2090 672 2152 posset,
710 2097 808 2136 nec
839 2083 1120 2136 consuetis
1159 2082 1479 2138 actuariolis
1515 2085 1811 2140 transitum
1841 2088 2048 2155 praebe-

464 2175 580 2238 bat,
613 2173 706 2227 sed
729 2173 798 2226 ad
826 2174 970 2229 istuc
999 2174 1210 2240 durior,
1239 2176 1304 2228 ad
1332 2188 1506 2244 equos
1537 2190 1673 2231 vero
1703 2177 2052 2232 sustinendos

465 2265 710 2332 fragilior
759 2266 1104 2335 apparebat:
1149 2281 1274 2336 quas
1325 2283 1414 2322 res
1467 2268 1696 2323 multam
1733 2270 2047 2326 transeundi

466 2354 871 2410 dubitationem
928 2356 1188 2412 habebat.
1237 2357 1342 2412 Per
1381 2359 1500 2412 dies
1549 2359 1735 2428 itaque
1765 2360 2049 2417 duodenos

465 2445 765 2514 imperator
812 2444 884 2498 ibi
921 2445 970 2498 in
1014 2445 1226 2498 stativis
1268 2450 1488 2512 mansit,
1527 2457 1852 2518 exspectans
1877 2450 2050 2520 siquo

467 2538 629 2591 modo
661 2539 886 2590 daretur
917 2536 1160 2592 Hebrum
1189 2540 1586 2594 transmittere.
1631 2539 1687 2594 In
1727 2541 1813 2596 bis
1851 2541 2048 2596 Adria-

466 2629 704 2699 noliolim
738 2629 998 2701 Byzantio
1045 2631 1504 2700 snpervenientes
1535 2633 1778 2687 sexcenti
1823 2635 2045 2701 milites,

465 2739 582 2776 rem
617 2723 1021 2778 disturbarunt.
1055 2722 1125 2778 At
1148 2721 1444 2792 Pamphili,
1475 2726 1736 2794 quoniam
1779 2727 2044 2782 Piucerna

463 2827 590 2868 cum
607 2814 784 2883 copiis
801 2828 907 2868 neu
927 2815 1135 2880 aderat,
1150 2829 1260 2883 prae
1275 2815 1477 2883 quibus
1489 2815 1750 2885 oppidani
1765 2817 2044 2887 quippiam

468 2908 592 2961 novi
628 2915 840 2960 tentare
868 2906 1212 2968 metuebant,
1250 2908 1404 2974 prius
1439 2907 1764 2974 quibusdam
1803 2923 1834 2962 e
1859 2908 2044 2977 praesi-

469 3002 559 3053 dio
589 2997 837 3068 pecunitL
855 3005 1141 3050 numerata
1177 2997 1482 3065 corruptis,
1531 3004 1587 3050 et
1637 3012 1705 3051 eo
1743 2997 2040 3067 perpulsis,

468 3101 528 3145 ut
546 3105 672 3143 vasa
695 3089 834 3142 clam
852 3094 1206 3151 evacuarent,
1228 3087 1282 3139 in
1309 3086 1512 3154 quibus
1539 3101 1734 3155 aquam
1751 3095 1813 3140 et
1833 3087 2038 3151 vinum,

465 3182 588 3236 etsi
625 3180 754 3250 quid
806 3178 952 3232 aliud
1009 3177 1264 3247 potabilv,
1299 3180 1594 3234 servabant
1622 3179 1754 3247 (non
1797 3177 1944 3233 enim
1973 3193 2040 3234 ex

471 3283 638 3344 puteo
666 3269 885 3325 haurire
913 3269 1132 3334 licebat,
1161 3279 1451 3339 postquam
1487 3268 1589 3324 sibi
1613 3267 1786 3324 factas
1813 3269 2038 3325 insidias

466 3364 807 3430 audit-rant),
847 3365 1104 3418 custodes
1168 3364 1312 3417 arcis
1369 3363 1534 3419 simul
1562 3371 1672 3420 tota
1701 3365 1831 3422 urbs
1864 3380 2039 3435 oppu-

464 3471 612 3530 gnat,
649 3465 1101 3526 espugnatosque
1141 3464 1194 3509 et
1225 3455 1565 3510 intoleranda
1599 3456 1692 3511 siti
1745 3472 2039 3526 oppressos

466 3549 532 3599 ad
554 3547 884 3601 ιιεόιιιοιιεηι
919 3543 1107 3614 adigit,
1141 3559 1206 3597 ac
1239 3553 1351 3599 tres
1374 3558 1565 3598 eorum
1606 3546 1776 3602 duces
1802 3547 2033 3613 vinctos,

464 3621 591 3691 eum
618 3645 732 3690 toto
763 3635 1017 3705 praesidio
1047 3637 1117 3688 ad
1145 3641 1444 3704 Augustam
1474 3635 1802 3707 Byzantium
1833 3638 2034 3706 mittit;

461 3745 604 3800 quos
636 3728 879 3799 Byzantii
921 3726 1321 3781 contumeliose
1366 3735 1627 3781 tractatos
1669 3735 1724 3782 et
1777 3728 2036 3783 omnibus

466 3823 714 3876 deteriis
747 3819 1020 3874 laceratos
1050 3819 1405 3873 incarcerem
1442 3818 1730 3873 dederunt.
1773 3818 1832 3874 ln
1870 3819 2039 3888 impe-

463 3921 703 3966 ratorem
735 3925 958 3980 quoque
987 3907 1431 3964 Cantacuzenum
1475 3924 1533 3964 se
1558 3909 1809 3979 improbe
1833 3910 2035 3981 fgesse-

465 4015 615 4067 runt,
647 4020 676 4060 a
713 4003 861 4056 nulla
916 4001 1210 4056 verborum
1261 4001 1566 4070 petulantia
1624 4010 2032 4071 temperantes,

462 4101 637 4164 eaque
684 4089 997 4148 stoliditatis
1046 4091 1323 4160 progressi
1375 4101 1522 4154 sunt,
1585 4099 1646 4145 ut
1710 4092 1755 4146 si
1811 4093 2035 4162 quando

461 4183 700 4241 Joannes
736 4182 1037 4250 imperator
1095 4180 1417 4235 adolescens
1451 4197 1480 4236 e
1521 4182 1722 4252 palatio
1764 4183 1831 4239 ad
1865 4184 2033 4239 animi

467 4277 930 4330 oblectamentum
982 4274 1241 4342 quopiam
1282 4273 1529 4341 prodiret
1569 4273 1660 4343 (ob
1691 4283 1909 4330 aetatem
1964 4278 2038 4332 si-

460 4368 690 4436 quidem,
726 4370 1096 4428 immaturam,
1146 4364 1377 4432 publica:
1405 4365 1483 4417 rei
1533 4365 1670 4419 nihil
1711 4369 2031 4439 attingebat,

2156 1890 2260 1961 κῆς
2290 1891 2664 1962 τριακοσίους,
2699 1892 2844 1948 ὥστε
2892 1899 3157 1968 φρουρεῖν
3201 1898 3303 1965 τὴν
3354 1898 3503 1952 κάτω
3543 1898 3694 1961 πόλιν,

2152 1984 2282 2045 τοὺς
2313 1969 2540 2048 λοιποὺς
2578 1984 2944 2052 ἀναλαϐόντα,
2973 1987 3134 2058 ἥκειν
3163 1987 3303 2059 πρὸς
3331 1989 3509 2055 αὑτὸν,
3538 1987 3697 2058 ἐδήλου

2152 2071 2209 2126 δὲ
2241 2075 2337 2127 καὶ
2368 2073 2468 2144 τὴν
2505 2074 2685 2130 αἰτίαν
2731 2070 2799 2146 ἦς
2835 2077 3002 2131 ἓνεκα
3041 2078 3288 2133 καλοῖτο.
3333 2079 3391 2132 '0
3429 2079 3474 2132 δ’
3515 2081 3696 2149 ἡγησά-

2155 2180 2316 2232 μενος
2347 2164 2446 2234 τὴν
2477 2168 2537 2218 ἐν
2565 2169 2631 2236 τῇ
2673 2168 2973 2238 ἀκροπόλει
3001 2169 3174 2240 μόνην
3195 2172 3446 2242 φρουρὰν
3471 2171 3698 2240 ἀρκέσειν

2153 2255 2293 2325 πρὸς
2319 2257 2659 2327 κατάσχεσιν
2691 2259 2790 2329 τῆς
2827 2259 3059 2327 πόλεως,
3082 2263 3212 2326 τοὺς
3250 2265 3453 2327 ἱππέας
3485 2264 3698 2324 ἅπαντας

2152 2346 2514 2418 παραλαϐὼν,
2541 2344 2677 2420 ἧκεν
2702 2350 2780 2414 ὡς
2803 2349 3053 2420 βασιλέα.
3097 2354 3213 2424 Τῆς
3241 2356 3415 2426 αὐτῆς
3449 2355 3506 2409 δὲ
3530 2355 3696 2419 νυκτδς

2149 2441 2244 2494 τοῦ
2288 2443 2463 2512 Βορέα
2495 2443 2833 2509 πνεύσαντος
2858 2445 3220 2518 δριμύτερον,
3247 2450 3346 2516 ἅμ’
3379 2451 3558 2522 ἡμέρα
3585 2466 3695 2521 κρυ·

2141 2531 2480 2588 ,σταλοῦσθαι
2524 2534 2797 2604 ἤρχετοό
2855 2537 3126 2606 ποταμὸς,
3176 2539 3277 2592 καὶ⁵
3307 2539 3474 2610 ὀλίγῳ
3502 2539 3697 2609 ὕστερον

2148 2626 2295 2691 ἅπας
2341 2627 2647 2697 διεφαίνετο
2708 2629 3142 2700 κρυσταλωθείς.
3195 2633 3343 2686 Οὔτε
3386 2634 3442 2686 δὲ
3471 2633 3694 2686 τοσοῦτον

2148 2714 2262 2790 εἶχε
2314 2722 2677 2791 στερρότητος
2716 2723 2744 2774 ό
2789 2723 2989 2790 πάγος,
3019 2722 3160 2776 ὥστε
3197 2725 3424 2794 στέγειν
3461 2725 3578 2788 τοὺς
3621 2725 3695 2776 itt-

2150 2811 2290 2872 πέας
2317 2811 2406 2864 ἐπ’
2437 2811 2602 2866 αὐτὸν
2644 2813 3105 2882 περαιουμένους,
3128 2813 3263 2868 οὔτε
3297 2818 3412 2878 τοῖς
3444 2815 3698 2886 συνήθεσιν

2145 2903 2394 2966 ἀκατίοις
2443 2905 2580 2974 πρὸς
2633 2906 2726 2960 τὸν
2781 2907 2954 2975 πόρον
3002 2906 3176 2960 δίοδον
3239 2905 3527 2978 παρεῖχεν,
3582 2905 3698 2960 ἀλλὰ

2145 2996 2240 3050 τοῦ
2271 2995 2394 3067 μὲν,
2428 2997 2788 3067 στερρότερος
2817 2996 3095 3066 ἐφαίνετο,
3141 2998 3242 3051 τοῦ
3279 3001 3494 3067 στέγειν
3517 2998 3568 3050 δὲ
3593 2997 3699 3057 τοὺς

2148 3087 2368 3154 ἵππους,
2427 3087 2846 3158 ἀδρανέστερος.
2881 3090 3003 3140 ’Διὸ
3063 3091 3157 3142 καὶ
3212 3090 3462 3159 ἀπορίαν
3518 3086 3694 3158 πολλὴν

2143 3179 2374 3250 παρεῖχε
2434 3177 2570 3248 πρὸς
2628 3178 2721 3231 τὸν
2778 3178 2968 3248 πόρον.
3039 3180 3392 3234 Δυοκαίδεκα
3469 3181 3562 3248 μὲν
3621 3173 3746 3252 οὖν.

2142 3270 2632 3341 ἐστρατοπεδεύετο
2659 3271 2777 3322 ἐκεῖ
2795 3271 2823 3321 ό
2849 3270 3105 3339 βασιλεὺς
3135 3273 3382 3341 ἡμέρας,
3414 3269 3697 3342 περιμέων

2141 3357 2190 3408 εί
2237 3358 2426 3427 τρόπῳ
2452 3357 2519 3425 δή
2568 3374 2675 3410 τινι
2727 3359 3008 3425 ἐγγένοιτο
3052 3360 3145 3412 τὸν
3193 3361 3408 3430 Ἐϐρον
3449 3358 3693 3430 διαϐῆναι.

2152 3448 2241 3502 Ἐν
2289 3450 2515 3512 ταύταις
2565 3451 2622 3504 δὲ
2656 3452 2720 3504 ἐκ
2753 3451 3056 3515 Βυζαντίου
3097 3456 3164 3523 τῇ
3202 3452 3502 3524 Ἀδριανοῦ
3533 3455 3694 3520 ἐπιγε-

2138 3542 2355 3610 νόμενοι
2424 3541 2757 3610 στρατιῶται
2841 3543 3116 3610 ἑξακόσιοι
3199 3545 3308 3615 τὴν
3380 3547 3698 3616 ἐπιχείρησιν

2138 3633 2443 3701 ἀφείλοντο.
2489 3635 2577 3686 Ἑν
2633 3635 2909 3705 Παμφίλῳ
2961 3636 3019 3688 δὲ
3069 3637 3191 3688 ἐπεὶ
3222 3641 3254 3690 ό
3301 3640 3604 3709 Πιγκέρνης
3643 3637 3693 3688 οὐ

2139 3725 2343 3794 παρῆν,
2380 3725 2522 3795 ἔχων
2567 3727 2668 3795 τὴν
2717 3728 2986 3796 στρατιὰν
3029 3729 3096 3800 ἢν
3129 3731 3338 3786 ἐκεῖνοι
3386 3732 3697 3785 ἐδεδοίκεσαν

2138 3819 2506 3888 νεωτερίζειν,
2539 3821 2806 3890 πρότερον
2835 3822 2944 3875 τῶν
2972 3823 3234 3893 φρουρῶν
3275 3841 3436 3887 τινας
3471 3824 3695 3894 χρήμασι

2137 3911 2595 3981 διαφθείραντες,
2654 3915 2748 3966 καὶ
2804 3914 3096 3978 πείσαντες
3152 3909 3224 3970 τὰ
3286 3919 3489 3986 ἀγγεῖα
3543 3913 3698 3980 λάθρα

2137 4002 2419 4066 ἐκκενοῦν,
2449 4005 2509 4056 ἐν
2548 3999 2632 4066 οἷς
2683 4004 2827 4074 ὕδωρ
2872 4007 3062 4069 αὐτοῖς
3102 4007 3201 4060 καὶ
3249 4004 3418 4073 οἶνος,
3454 4010 3546 4062 καὶ
3577 4006 3627 4058 εί
3653 4021 3696 4056 τι

2137 4091 2327 4162 ἕτερον
2374 4093 2541 4164 ὑγρὸν
2591 4093 2728 4161 πρὸς
2777 4094 2938 4148 πόσιν
2984 4096 3353 4165 ἐφυλάττετο,
3407 4099 3468 4152 οὐ
3514 4098 3617 4166 γὰρ
3645 4096 3700 4147 ἐκ

2138 4186 2323 4254 πηγῆς
2361 4184 2629 4256 ἀρύεσθαι
2679 4187 2827 4257 ἐνῆν,
2857 4186 2933 4251 ὡς
2968 4187 3243 4242 ἐπύθοντο
3274 4191 3586 4260 ὴνυσμένην
3612 4187 3697 4255 τὴν

2136 4275 2451 4346 ἐπιϐουλὴν,
2473 4276 2712 4345 πόλεμον
2747 4277 2885 4347 πρὸς
2930 4279 3057 4340 τοὺς
3103 4278 3159 4330 ἐν
3206 4281 3514 4351 ἀκροπόλει
3548 4293 3699 4350 φρου-

2140 4365 2267 4434 ροὺς
2303 4370 2458 4437 κοινῇ
2504 4368 2661 4420 πᾶσα
2695 4368 2730 4436 ἡ
2778 4368 2931 4432 πόλις
2978 4367 3369 4439 ἀναιροῦνται.
3414 4373 3521 4425 Καὶ
3551 4375 3698 4422 ἐκπο-

465 4457 686 4529 quaudo
747 4465 898 4522 patre
952 4455 1222 4510 moriente
1277 4470 1385 4509 non
1428 4456 1556 4525 plus
1609 4471 1809 4513 novem
1863 4475 2034 4516 annos

2145 4458 2529 4527 λιορκήσαντες
2575 4459 2635 4509 ἐν
2683 4456 2916 4521 ταύταις
2963 4461 3085 4522 ταῖς
3131 4462 3401 4530 ⁴ἡμέραις,
3442 4461 3701 4531 παρεστή-

462 4560 628 4604 natus
659 4549 817 4618 erat),
842 4549 1117 4618 praemissi
1152 4548 1374 4618 quidam
1405 4551 1474 4605 ab
1497 4550 1562 4604 iis
1589 4551 1682 4620 qui
1715 4551 1780 4605 ad
1821 4551 2032 4607 clavum

465 4639 750 4701 sedebant,
785 4637 1016 4690 feminas
1042 4638 1196 4707 juxta
1234 4652 1298 4692 ac
1332 4641 1479 4698 viros
1527 4640 1844 4708 incitabant,
1889 4650 1947 4696 ut
1971 4657 2037 4697 eo

463 4739 784 4784 transeunte
813 4727 1097 4796 complura
1155 4728 1427 4799 longeque
1467 4733 1786 4801 turpissima
1819 4735 1873 4788 in
1899 4733 2039 4790 Can-

461 4829 795 4873 tueuzenum
841 4816 1129 4872 maledicta
1160 4829 1497 4874 evomerent.
1543 4822 1736 4879 Ethoc
1778 4835 2036 4896 tanquam

454 4911 764 4978 jucundum
814 4923 1015 4962 munus
1066 4909 1382 4978 imperatori
1415 4927 1584 4980 puero
1629 4914 1947 4971 otl‘erebant.
1975 4917 2035 4972 lu

461 5004 617 5058 hisce
685 5015 851 5072 porro
930 5000 1288 5056 contumeliis
1337 5002 1501 5057 etiam
1569 5003 1672 5060 hoc
1727 5007 1828 5062 sibi
1857 5007 2036 5074 {vole-

461 5097 598 5150 bant
662 5098 772 5162 (ut
839 5093 1040 5163 populo
1091 5093 1350 5165 majorem
1429 5095 1680 5152 timorem
1733 5099 2033 5168 [ingenera-

470 5188 637 5258 rent),
666 5189 1126 5251 Cantacuzenum,
1163 5189 1205 5241 si
1236 5187 1502 5251 vinceret,
1525 5189 1783 5250 atrociter
1807 5189 2036 5260 injurias

464 5289 912 5350 persecuturum,
973 5277 1038 5331 id.
1078 5277 1225 5347 quod
1278 5279 1388 5332 illis
1420 5295 1485 5333 ex
1525 5279 1795 5334 sententia
1833 5281 2033 5341 evenit.

464 5369 664 5442 Omnis
689 5383 921 5437 namque
948 5367 1198 5437 populus,
1236 5383 1346 5436 quo
1377 5369 1551 5437 magis
1585 5367 1906 5432 insaniebat,
1934 5367 2038 5423 hoc

469 5464 706 5531 amplius
738 5460 1030 5525 metuebat,
1069 5469 1274 5514 etcum
1310 5460 1410 5513 sibi
1454 5459 1774 5529 condignam
1825 5475 2037 5516 merce-

463 5539 586 5606 dem
622 5568 910 5622 repen-um
958 5554 1020 5605 iri
1059 5552 1396 5616 formidaret,
1429 5552 1692 5607 audacius
1712 5553 1945 5618 furebat,
1982 5560 2039 5608 et

462 5659 492 5696 a
530 5643 974 5696 reconciliatione
1023 5645 1193 5712 magis
1221 5644 1571 5706 abhorrebat.
1599 5642 1762 5714 450
1787 5643 1904 5698 Nisi
1927 5644 2037 5708 .-ille

464 5736 670 5787 viribus
699 5731 924 5786 ortinino
945 5733 1242 5788 destitutus
1273 5751 1331 5789 ae
1379 5737 1628 5805 perditus
1657 5746 1816 5800 esset,
1848 5752 1954 5790 non
1977 5752 2035 5792 se

2141 4564 2306 4601 σαντο
2350 4549 2591 4617 μάλιστα
2629 4548 2757 4619 δίψῃ
2810 4549 3164 4614 πιεσθέντας.
3199 4554 3487 4622 Δήσαντες
3513 4553 3567 4605 δὲ
3590 4549 3700 4610 τούς

2138 4656 2198 4692 τε
2224 4641 2568 4711 ἡγουμένους
2600 4641 2800 4706 αὐτῶν,
2835 4641 2884 4694 οἳ
2915 4637 3058 4713 ἦσαν
3081 4646 3250 4712 τρεῖς,
3290 4645 3388 4698 καὶ
3425 4645 3525 4715 τὴν
3551 4659 3700 4714 φρουο

2143 4732 2262 4802 ρὰν,
2291 4732 2545 4802 ἔπεμψαν
2583 4733 2663 4794 είς
2704 4733 2975 4803 βασιλίδα.
3023 4734 3131 4790 Οὓς
3184 4737 3284 4790 καὶ
3336 4739 3714 4808 ἀτιμάσαντες.

2137 4826 2185 4877 oi
2209 4826 2266 4877 ἐν
2288 4823 2568 4892 Βυζαντίῳ
2606 4825 2701 4876 καὶ
2731 4810 2852 4878 πᾶν
2879 4821 3018 4889 εἶδος
3047 4827 3461 4899 ἐπιδειξάμενοι
3491 4832 3700 4898 ἐρεσχε·

2139 4913 2280 4975 λίας,
2313 4912 2458 4982 εἶχον
2506 4916 2563 4965 ἐν
2601 4914 2992 4983 δεσμωτηρίῳ.
3031 4915 3268 4984 Ὁμοίως
3323 4918 3383 4970 δὲ
3435 4918 3528 4971 καὶ
3579 4917 3700 4986 πρὸς

2142 5005 2366 5075 βασιλέα
2413 5005 2502 5058 τὸν
2557 5006 3011 5074 Καντακουζηνὸν
3065 5007 3269 5076 πολλὴν
3346 5008 3701 5062 ἐνεδείκνυντο

2139 5094 2559 5166 ἀγνωμοσύνην,
2594 5089 2853 5167 οὐδεμιᾶς
2880 5098 3093 5168 ὕϐρεως
3121 5101 3467 5170 φειδόμενοι.
3506 5103 3598 5162 Είς
3621 5114 3698 5150 το·

2142 5183 2333 5239 σοῦτον
2357 5185 2414 5238 δὲ
2445 5186 2714 5255 προῆλθον
2750 5188 3002 5252 ἀτοπίας,
3031 5190 3107 5252 ὼς
3141 5192 3194 5242 εί
3235 5207 3370 5243 ποτε
3420 5191 3516 5244 καὶ
3561 5191 3698 5260 βασι-

2139 5279 2265 5341 λεὺς
2294 5281 2323 5332 ὁ
2359 5277 2477 5342 νέος
2519 5277 2769 5347 Ἰωάννης
2802 5280 2985 5348 προϊοι
3014 5280 3123 5333 τῶν
3157 5281 3460 5350 βασιλείων
3499 5281 3697 5353 ῥᾳστώ-

2140 5386 2238 5439 νης
2274 5370 2458 5422 εἵνεκα
2485 5385 2498 5399 ·
2535 5369 2596 5421 οὐ
2637 5369 2745 5439 γὰρ
2772 5371 2835 5439 δὴ
2875 5369 3026 5441 αὺτῷ
3058 5389 3112 5423 τι
3141 5372 3244 5424 τῶν
3275 5374 3478 5427 κοινῶν
3511 5376 3700 5444 ἐπράτο

2138 5477 2262 5514 τετο
2293 5461 2380 5514 διὰ
2409 5460 2469 5512 τὸ
2513 5459 2613 5530 τῆς
2641 5461 2858 5530 ἡλικίας
2896 5461 3036 5515 πάνυ
3067 5463 3274 5529 ἀτελὲς,
3301 5465 3460 5517 ἐννέα
3502 5467 3608 5535 γὰρ
3638 5460 3698 5532 ἦν

2140 5552 2235 5622 ἔτη
2271 5550 2512 5620 γεγονὼς
2564 5551 2929 5617 τελευτῶντος
2975 5555 3072 5607 τοῦ
3108 5558 3312 5626 πατρός
3343 5558 3485 5610 ’ὑπὸ
3513 5558 3616 5610 τῶν
3637 5555 3698 5606 τὰ

2142 5643 2442 5711 πράγματα
2476 5644 2711 5712 ἐχόντων
2738 5647 3194 5716 προπεμπόμενοί
3223 5665 3395 5714 τινες,
3421 5650 3510 5702 τὸν
3539 5648 3696 5717 δῆμον

2140 5732 2446 5802 διηρέθιςον
2477 5733 2572 5785 καὶ
2599 5733 2801 5804 ἄνδρας
2829 5737 2924 5788 καὶ
2954 5741 3241 5808 γυναῖκας,
3273 5738 3420 5793 ὥστε
3457 5739 3671 5796 διῖόντος
3748 5776 3751 5777 ν
