3998 6198
295 376 394 441 881

1438 393 1982 460 HISTORIARUM
2025 399 2257 459 LIBER
2292 400 2403 461 lIl.

3433 401 3560 463 882:

296 493 501 556 πολλάς
571 498 1030 572 Καντακουζηνοῦ
1090 505 1183 559 τοῦ
1243 506 1512 578 βασιλέως
1574 508 1868 579 καταχέειν

1982 511 2045 565 ita
2069 525 2196 564 eum
2227 519 2661 581 contempturos.
2699 511 2764 565 Et
2798 525 2923 564 cum
2964 510 3135 564 nihilo
3160 509 3341 572 minus
3362 510 3450 564 his
3480 509 3549 564 de

293 584 566 654 λοιδορίας
613 591 706 641 καὶ
758 591 835 654 ὡς
889 595 1130 661 μάλιστα
1185 599 1482 666 άσέμνους.
1539 601 1652 654 Καὶ
1707 600 1868 654 τοῦτο

289 671 429 740 ἦσαν
457 678 532 739 (τις
561 697 609 732 τι
657 681 830 751 δῶρον
874 685 983 738 τῶν
1024 687 1199 758 ἡδέων
1240 691 1610 759 προσάγοντες
1653 690 1732 764 τῷ
1764 692 1866 758 νέῳ

293 768 525 837 βασιλεῖ.
594 774 806 838 Σκοπὸς
859 777 918 831 δὲ
963 774 1034 848 ἦν
1077 781 1262 844 αὐτοῖς
1312 783 1420 834 τῶν
1469 782 1678 852 ὕϐρεων
1715 783 1869 836 οὐδὲν

294 863 396 928 μὲν
425 856 588 933 ἦττον
619 865 760 920 ὥστε
807 869 934 921 καὶ.
960 870 1051 922 τὸν
1095 872 1268 940 δῆμον
1299 874 1378 936 εἰς
1407 873 1632 926 πλείονα
1660 874 1868 943 ἐμϐάλ-

289 953 404 1006 λειν
438 955 623 1022 φόϐον,
654 958 732 1022 ὡς
779 961 827 1012 εἰ
881 963 1226 1031 περιγένοιτο
1265 967 1292 1017 ὀ
1345 965 1602 1035 βασιλεὺς
1656 965 1869 1035 πικρῶς

289 1047 671 1119 ἀμυνούμενος
722 1053 810 1106 διὰ
854 1055 953 1118 τὰς
1003 1055 1210 1125 ὕϐρεις.
1258 1059 1324 1112 '0
1355 1059 1621 1113 καὶκατὰ
1667 1061 1869 1114 σκοπὸν

290 1138 794 1206 ἑξέδαινεναύτοῖς.
831 1147 1042 1209 Πάντες
1077 1149 1185 1216 γάρ
1220 1151 1270 1202 οἰ
1302 1150 1468 1220 δῆμοι
1515 1151 1624 1221 ὅσῳ
1668 1151 1870 1220 μᾶλλον

291 1228 664 1298 ἐξεμαίνοντο,
686 1234 940 1287 τοσοῦτον
963 1235 1261 1292 ἐδεδίεσαν.
1280 1239 1373 1290 Ἐκ
1396 1238 1590 1293 τούτου
1608 1239 1666 1293 δὲ
1690 1239 1792 1293 ἀσύ
1803 1257 1871 1307 μ-

290 1320 452 1373 δατοι
489 1317 632 1391 ἦσαν
677 1323 817 1392 πρὸς
867 1326 1098 1391 ἐκεῖνον,
1136 1328 1234 1380 καὶ
1274 1327 1481 1396 μᾶλλον
1518 1327 1871 1397 ἐξεμαίνοντο

289 1411 382 1464 διὰ
405 1412 507 1480 τὴν
535 1414 599 1465 ἐκ
629 1413 729 1483 τῆς
754 1416 1080 1479 ἀντιδόσεως
1111 1419 1360 1488 πονηρὰν
1398 1418 1610 1474 ἐλπίδα.
1660 1409 1871 1480 ’Ἄλλως
1901 1466 1906 1468 -

287 1501 335 1554 δ’
373 1504 524 1564 ὅπως
572 1505 669 1557 καὶ
715 1508 882 1558 πᾶσιν
935 1507 1197 1562 ὑπόνοιαν
1244 1510 1587 1580 παρέχωσιν,
1613 1509 1688 1573 ὡς
1717 1511 1872 1581 εἰμὴ

287 1593 592 1663 διέφθαρτο
619 1597 829 1660 ἐκεῖνος
859 1599 954 1650 καί⁵
999 1599 1336 1672 ἐξησθένηκε
1376 1605 1749 1666 παντάπασιν,
1773 1605 1874 1657 οὐκ

292 1685 361 1738 ἂν
405 1687 552 1739 οὕτω
601 1689 997 1758 κατεφρόνουν.
1036 1693 1202 1744 Οὐδὲν
1245 1688 1339 1748 οὖν
1365 1689 1529 1767 ἦττον
1560 1696 1652 1748 καὶ
1691 1696 1778 1750 διὰ
1808 1697 1875 1749 τά

292 1777 520 1828 τοιαῦτα
564 1775 624 1830 τὸ
665 1777 909 1843 ὐσρίςειν
945 1780 1129 1844 αὐτοῖς
1187 1783 1568 1852 ἐπετηδεύετο,
1636 1785 1878 1853 μάλιστα

250 1866 356 1921 ,δὲ
392 1868 458 1922 ἶν’
490 1869 713 1933 ’ἐκεῖνος
758 1871 1189 1940 πυνθανόμενος,
1225 1875 1548 1946 ἀπαγορεύῃ
1593 1876 1692 1944 τὴν
1721 1877 1876 1945 εἰρή-

1983 603 2166 656 causis
2196 601 2483 658 studerent
2509 616 2636 657 eum
2688 603 2974 658 cumulare
3014 601 3250 672 injuriis,
3309 601 3549 655 maxime

1972 701 2153 747 tamen
2189 692 2239 747 id
2271 693 2548 749 faciebant
2573 703 2634 750 ut
2674 695 2758 749 his
2807 697 3099 750 intellectis
3137 709 3324 763 pacem
3357 693 3546 762 despe-

1970 794 2139 848 τοι-ιιι,
2172 800 2233 839 ea
2264 785 2612 855 imperatrice
2631 788 2854 842 conscia
2897 797 2953 842 et
2983 785 3333 845 libentem-eri
3355 784 3565 853 opina-.

1970 883 2080 927 tus.
2103 875 2318 930 Etenim
2341 875 2481 930 nihil
2505 876 2574 930 ad
2604 877 2804 932 bellum
2831 879 3159 948 rcqu'situm
3186 884 3294 930 tam
3321 875 3548 945 durum.

1971 981 2136 1034 quam
2195 980 2387 1035 pacem
2447 966 2606 1020 istam
2689 969 3059 1038 periculosam
3117 968 3553 1023 constituebant.

1972 1058 2154 1125 Quare
2189 1058 2257 1113 ad
2288 1073 2408 1113 eam
2457 1058 2866 1129 impediendam
2926 1061 3309 1130 excogitabant
3347 1059 3558 1114 machi-
3594 1123 3600 1142 ’

1969 1149 2358 1221 nabanturque
2389 1152 2594 1207 Omnia.
2644 1152 3036 1208 Verumtamen
3081 1166 3266 1206 coram
3321 1145 3599 1220 imperas!

1970 1242 2112 1296 trice
2139 1243 2510 1304 verecundius
2567 1244 3044 1309 conviciabantur,
3091 1245 3238 1314 quod
3297 1243 3383 1297 illa
3437 1258 3557 1297 ser-

1973 1333 2152 1388 monis
2200 1334 2532 1403 proterviam
2584 1334 2752 1388 ferret
2810 1337 3114 1404 aegerrime,
3186 1335 3281 1389 sed
3339 1344 3556 1387 tantum

1973 1427 2324 1503 severissime
2343 1427 2690 1492 accusabant,
2709 1427 3107 1497 singularisque
3125 1427 3275 1482 illum
3309 1427 3553 1496 stuporis

1974 1529 2027 1573 et
2077 1520 2453 1588 perversitatis
2501 1521 2960 1585 condemnabam,
3014 1521 3156 1586 quod
3213 1522 3443 1575 summis
3491 1523 3557 1573 ab

1977 1608 2311 1678 imperatore
2338 1608 2628 1663 demortuo
2681 1610 2963 1665 beneficiis
2994 1619 3251 1676 ornatus,
3286 1621 3341 1665 et
3381 1621 3562 1665 tanto-

1979 1714 2106 1767 pere
2135 1699 2167 1752 d
2196 1701 2388 1763 lectus,
2418 1717 2480 1754 ex
2502 1700 2771 1755 diametro
2798 1702 3064 1770 ingratus,
3095 1711 3148 1755 et
3182 1717 3308 1771 erga
3341 1691 3459 1772 ejus
3501 1703 3562 1755 Ii-

1981 1790 2138 1843 beros
2156 1790 2450 1843 malevolus
2475 1791 2792 1845 exstitisset.
2810 1793 2986 1862 Atque
3009 1793 3081 1846 illi
3107 1792 3330 1862 quidem
3351 1794 3562 1865 linguas

1981 1884 2056 1935 ita
2086 1881 2289 1935 liberas
2317 1882 2608 1946 habebant,
2657 1895 2712 1937 et
2737 1885 3048 1952 patriarcha
3077 1885 3258 1952 legum
3302 1885 3562 1940 ecclesia-

297 1971 421 2020 νην,
451 1955 688 2024 νομίζων
720 1958 1114 2032 κατάγνὼμην
1145 1962 1214 2014 τά
1257 1961 1484 2015 τοιαῦτα
1524 1965 1870 2033 πράττεσθαι

1982 1974 2242 2027 stiearnm
2269 1989 2516 2039 securus,
2559 1976 2732 2045 ipsqu
2763 1975 3198 2031 Cautaeuzenum
3232 1979 3324 2047 qui
3360 1978 3560 2031 bellum

293 2046 363 2113 τῇ
397 2045 649 2112 βασιλίδι.
681 2045 849 2101 Ούᾶν
879 2049 989 2119 γὰρ
1016 2051 1203 2113 αὐτοῖς
1246 2045 1390 2105 οὕτω
1415 2054 1590 2106 δεινὸν
1617 2057 1871 2124 ἐφαίνετο

1982 2066 2201 2121 minime
2255 2068 2540 2131 excitarat,
2606 2067 2698 2121 sed
2761 2070 2992 2123 multum
3061 2085 3125 2124 ac
3185 2085 3327 2139 saepe
3370 2054 3558 2139 pacem
3606 2101 3609 2106 -

291 2134 404 2188 τῶν
431 2137 568 2205 πρὸς
589 2138 678 2191 τὸν
708 2138 969 2209 πόλεμον,
993 2141 1120 2194 ὅσον
1153 2144 1310 2210 ἄγειν
1342 2145 1587 2198 κίνδυνον
1616 2148 1649 2216 ἡ
1680 2149 1872 2216 εἰρήνη

1982 2157 2335 2226 rxpetiverat,
2363 2159 2702 2212 anathemati
2757 2175 2881 2214 cum
2927 2134 3275 2230 sequacibus
3303 2134 3556 2234 subjecit,

291 2230 599 2298 tvopiCsto.
627 2231 718 2282 Διὺ
744 2231 838 2285 καὶ
865 2234 1049 2287 πάντα
1079 2235 1338 2287 ἐπενόουν
1372 2237 1466 2289 καὶ
1493 2239 1871 2307 ἐμηχανῶντο,

291 2321 434 2374 ὥστε
489 2321 564 2392 μὴ
605 2323 878 2390 γενέσθαι.
924 2325 1045 2377 Ἐπὶ
1084 2327 1183 2394 τῆς
1221 2327 1491 2397 βασιλίδος
1538 2330 1720 2397 μέντοι
1774 2331 1906 2396 οὐκ,

293 2411 551 2480 ἁσέμνως
587 2411 763 2476 οὕτως
793 2411 1160 2484 ἐλοιδοροῦντο
1190 2433 1202 2444 ·
1251 2417 1389 2488 ὀργῇ
1433 2417 1542 2488 γάρ
1579 2418 1716 2488 πρὸς
1748 2421 1875 2484 τοὺς
1905 2465 1907 2468 .

293 2500 469 2565 οὕτως
525 2503 947 2571 ἀσελγαίνοντας
991 2507 1217 2576 ἐφέρετο
1242 2523 1254 2537 ·
1296 2509 1412 2561 ἀλλ’
1446 2509 1659 2580 ἠρῶντο
1707 2511 1875 2579 μόνον

296 2596 364 2647 τά
386 2597 694 2661 δεινότατα,
728 2597 820 2650 καὶ
870 2598 1070 2670 πολλὴν
1111 2601 1548 2670 κατεψηφίζοντο
1579 2604 1876 2675 σκαιότητα

296 2690 393 2742 καὶ
429 2689 697 2758 πονηρίαν
722 2690 961 2759 τρόπων,
995 2692 1077 2744 ὅτι
1107 2691 1382 2746 τοσούτων
1415 2695 1569 2762 παρὰ
1611 2696 1876 2765 βασιλέως

298 2781 696 2843 ἀπολελαυκὼς
723 2783 818 2834 καὶ
849 2781 994 2836 οὕτω
1021 2783 1296 2854 φιληθεὶς,
1329 2787 1625 2854 ἀχάριστος
1669 2790 1734 2840 ὲκ
1762 2788 1878 2842 δια-
1905 2851 1912 2856 _

302 2872 509 2940 μέτρου
542 2876 638 2927 καί⁸
665 2877 835 2936 κακὸς
867 2875 1000 2946 περὶ
1033 2878 1158 2939 τοὺς
1195 2878 1409 2930 ἐκείνου
1441 2879 1637 2942 παῖδας
1668 2873 1875 2934 ὦπται.

310 2964 542 3016 Ἐκεῖνοι
599 2965 698 3034 μὲν
757 2961 854 3018 οὖν
911 2966 1086 3031 οὕτως
1141 2967 1538 3037 ὴκολάσταινον
1590 2971 1721 3040 περὶ
1782 2972 1880 3040 τὴν

299 3056 570 3122 γλῶτταν.
601 3057 710 3110 Καὶ
760 3061 788 3112 ὁ
830 3061 1179 3131 πατριάρχης
1211 3061 1367 3129 όλίγα
1399 3062 1431 3131 ἢ
1473 3063 1626 3115 οὐδὲν
1663 3067 1883 3134 φροντί-

300 3146 412 3210 ζων
441 3147 551 3200 τῶν
585 3149 1060 3219 ὲκκλησιαστικῶν
1093 3152 1332 3222 θεσμῶν,
1359 3154 1542 3207 αὐτόν·
1567 3173 1626 3207 τε
1657 3156 1881 3226 βασιλέα

300 3242 576 3311 μηδεμίαν
610 3244 891 3312 πρόφασιν
939 3245 1077 3314 πρὸς
1121 3246 1211 3298 τδν
1257 3247 1493 3316 πόλεμον
1527 3253 1883 3317 παρεσχημέ-

302 3350 418 3398 νον,
462 3335 600 3386 sm
648 3336 742 3388 καὶ
791 3335 964 3388 πολλὰ
994 3335 1254 3400 πολλάκις
1322 3339 1584 3408 δεηθέντα
1643 3338 1888 3390 διαλύσε-

300 3423 452 3488 σθαι,
492 3426 782 3499 άφορισμῷ
811 3427 1078 3482 ὑπέϐαλεν
1124 3427 1198 3491 ὡς
1264 3430 1433 3482 κακὸν
1474 3429 1706 3497 ὀφθέντα
1757 3431 1882 3497 περὶ

1909 3291 1954 3348 C

1974 2251 2128 2318 quasi
2156 2249 2209 2304 in
2236 2251 2641 2319 imperatricem
2675 2267 2734 2305 se
2769 2267 3004 2322 nequam
3028 2255 3403 2322 praestitisset:
3432 2271 3556 2310 cum

1977 2351 2157 2396 tamen
2183 2355 2292 2394 non
2327 2341 2440 2410 ipse
2466 2341 2642 2398 solum
2681 2357 2908 2410 prorsus
2954 2345 3291 2398 contrarium
3323 2344 3556 2409 faceret,

1977 2429 2072 2485 sed
2109 2440 2164 2484 et
2191 2445 2322 2485 suos
2352 2430 2419 2485 ad
2471 2430 2615 2485 idem
2647 2431 3055 2485 cohortaretur.
3097 2431 3210 2487 Nec
3237 2447 3386 2486 vero
3407 2432 3555 2486 illam

1977 2520 2266 2586 duntaxat,
2325 2521 2370 2574 si
2425 2519 2649 2590 quando
2698 2521 2814 2590 ejus
2861 2531 2981 2575 erat
3031 2520 3280 2577 habenda
3328 2523 3555 2580 mentio.

1978 2611 2405 2684 perhonoriﬁce,
2436 2627 2626 2668 verum
2653 2612 2789 2666 alios
2824 2627 3047 2682 quoque
3072 2612 3244 2683 magis
3270 2630 3298 2666 a
3322 2613 3560 2683 dignita-

1980 2703 2128 2758 tibus
2158 2718 2296 2773 quas
2312 2702 2619 2771 gerebant,’
2639 2717 2806 2771 quam
2842 2703 3078 2771 propriis
3109 2717 3300 2757 eorum
3323 2702 3574 2755 nomini;

1980 2793 2084 2848 bus
2113 2793 2486 2863 appellitabat.
2516 2793 2682 2852 Multa
2712 2801 2892 2848 tamen
2917 2809 2983 2848 ex
3019 2794 3086 2848 iis
3119 2808 3240 2863 qua:
3278 2793 3559 2847 Androni-

1981 2899 2081 2940 cus
2136 2886 2436 2954 imperator
2477 2885 2684 2954 cuique
2709 2900 2898 2939 eorum
2942 2884 3265 2950 donaverat,
3323 2893 3383 2938 ut
3437 2898 3559 2937 cum
3633 2886 3640 2893 '

1983 2974 2188 3043 injuria
2221 2983 2568 3042 posterorum
2595 2973 2798 3029 donata
2841 2989 2947 3028 non
3006 2973 3294 3042 probabat.
3336 2972 3402 3027 Et
3435 2988 3562 3027 cum

1983 3067 2204 3137 quidam
2234 3066 2302 3120 de
2334 3067 2448 3121 suis
2471 3081 2657 3120 coram
2710 3067 2850 3134 ipso,
2891 3065 3282 3134 Apocauchum
3325 3065 3562 3122 cubiculi

1985 3161 2128 3214 sacri
2181 3157 2499 3228 praefectum
2531 3200 2546 3222 ,
2612 3166 2668 3212 et
2692 3158 2856 3212 alium
2903 3157 3196 3227 quemdam
3246 3157 3563 3229 Byzantium

1987 3249 2131 3318 turpi
2159 3247 2402 3303 comitio
2451 3249 2786 3314 incessisset,
2827 3263 2953 3303 eum
2993 3251 3256 3319 praecepit
3279 3251 3561 3320 vapulare,

1989 3337 2239 3406 dixitque
2285 3337 2612 3390 mulieribus
2643 3336 3029 3390 meretricibus
3058 3337 3336 3390 levitatem
3377 3336 3537 3405 hujus

1989 3427 2202 3482 cemodi
2239 3427 2557 3491 convenire,
2594 3426 2748 3480 viros
2775 3441 3013 3495 pugnam
3045 3427 3262 3481 decere.

301 3515 598 3586 βασιλίδα,¹
639 3521 730 3574 καὶ
759 3522 811 3574 εί
837 3538 924 3582 τις
965 3519 1113 3587 αύτῷ
1140 3522 1351 3592 συνείη.
1397 3520 1659 3584 Βασιλεὺς
1688 3520 1744 3574 δὲ
1771 3523 1796 3573 ὁ
1825 3515 2275 3585 Καντακουζηνὸς
2310 3517 2374 3568 οὐ
2437 3517 2598 3585 μόνον
2647 3517 2811 3580 αὐτὸς
2851 3517 3260 3571 τάναντιὼτατα
3307 3519 3564 3586 ἐφαίνετο

298 3612 494 3674 ποιῶν,
522 3612 658 3665 ἀλλὰ
690 3615 934 3677 καὶτοὺς
979 3614 1243 3677 συνόντας
1275 3614 1605 3668 ἀναπείθων.
1673 3613 1748 3666 Ού
1787 3613 1896 3686 γὰρ
1940 3611 2102 3681 μόνον
2148 3609 2398 3679 βασιλίδα
2430 3611 2484 3661 ετ
2513 3626 2644 3662 ποτε
2693 3610 2802 3662 ἔδει
2840 3609 3230 3680 μνημονεύειν,
3265 3610 3354 3662 διὰ
3381 3610 3566 3680 πάσης

299 3709 582 3777 εὐφημίας
637 3705 792 3780 ἦγεν,
841 3711 978 3765 ἀλλὰ
1031 3713 1130 3767 καὶ
1185 3713 1314 3776 τοὺς
1372 3711 1563 3775 ἄλλους
1614 3710 1723 3763 ἀπὸ
1769 3709 1881 3764 τῶν
1920 3707 2252 3778 ἀξιωμάτων
2325 3705 2547 3774 μᾶλλον,
2612 3706 2645 3776 ἦ
2689 3705 2796 3759 τῶν
2841 3707 3125 3776 ὀνομάτων
3165 3708 3565 3776 προσηγόρευε,

299 3804 412 3855 τῶν
457 3806 512 3871 ἐξ
557 3806 892 3874 Ἀνδρονίκου
948 3807 1128 3875 μέντοι
1182 3807 1275 3860 τοῦ
1329 3807 1596 3877 βασιλέως
1646 3807 1865 3874 ἑκάστῳ
1929 3803 2347 3874 δεδωρημένων,
2416 3802 2540 3856 ἐπεὶ
2587 3802 2698 3856 τῶν
2752 3801 2982 3872 ὕστερον
3056 3803 3130 3864 ὼς
3209 3802 3362 3871 παρὰ
3408 3802 3566 3871 δίκην

302 3905 693 3970 γεγενημέτων
737 3905 806 3956 τὰ
855 3902 1030 3956 πολλά
1073 3905 1406 3975 άπέστεργε.
1476 3904 1599 3959 Τῶν
1651 3904 1920 3956 συνόντων
1959 3901 2016 3955 δὲ
2087 3900 2178 3953 im'
2224 3899 2388 3952 αὐτοῦ
2428 3915 2570 3962 τινος
2621 3899 2714 3953 τὸν
2761 3897 3264 3969 παρακοιμώμενον
3310 3900 3405 3951 καὶ
3449 3899 3568 3950 ἓτε-

305 3999 399 4064 ρόν
454 4015 575 4050 τινα
621 4003 730 4054 τῶν
781 3999 840 4054 ὲν
898 4000 1178 4069 Βυζαντίῳ
1251 4000 1581 4068 ὑϐρίσαντος
1639 3999 1912 4070 αἰσχρῶς,
1975 3997 2236 4052 ἐκέλευσε
2302 3995 2674 4067 τυπτηθῆναι,
2729 3995 2949 4065 γυναιξὶ
3007 3995 3251 4066 φάμενος
3307 4009 3571 4066 πορνευο-

306 4093 501 4163 μέναις
553 4097 850 4167 προσήκειν
896 4095 968 4150 τὰ
1020 4095 1270 4164 τοιαῦτα,
1298 4096 1531 4167 ἀνδράσι
1565 4096 1624 4151 δὲ
1673 4098 1735 4151 τὸ
1772 4095 2071 4167 μάχεσθαι.

1709 4209 1938 4266 CAPUT
1980 4209 2171 4269 XXXI.

307 4329 497 4403 Tribus
536 4331 792 4401 prmfectis
818 4347 872 4384 se
907 4339 1100 4403 purga}
1132 4328 1536 4403 Catilinamcum
1573 4330 1636 4384 de
1671 4335 1880 4403 accepto
1907 4331 2127 4403 imperio
2163 4339 2213 4403 et
2253 4330 2493 4403 consilio
2517 4345 2621 4382 non
2677 4331 3086 4403 communicato.
3145 4328 3564 4403 omnese/femi.

372 4398 682 4474 societatem
738 4398 1025 4474 recusomf
1059 4401 1253 4474 Syrges
1280 4401 1564 4474 _iniquior,
1619 4400 1760 4471 apud
1795 4398 2009 4454 Pheras
2065 4401 2297 4474 ejusilem
2349 4399 2628 4474 [acnuam
2665 4400 2886 4474 invadit.
2932 4399 3065 4470 Ejus
3105 4400 3300 4474 amicos
3343 4398 3568 4474 fortioris

373 4471 571 4537 spoliat
604 4480 650 4526 et
680 4473 985 4527 immaniter
1015 4468 1231 4528 tractat.
1272 4468 1638 4525 Protostrator
1657 4468 1838 4524 mutat
1871 4468 2098 4523 mentem
2117 4486 2135 4528 ;
2167 4468 2591 4524 Thessalonicam
2614 4484 2668 4522 se
2691 4468 3016 4522 traditurum
3046 4470 3327 4537 promittit.
3352 4468 3565 4522 Chreles

423 4540 644 4595 riballus
680 4549 728 4594 et
761 4542 982 4605 amicus,
1019 4541 1448 4596 Cautacuzenum
1475 4542 1543 4594 ad
1567 4541 1895 4596 Occidentem
1927 4541 2136 4594 irwitat.
2174 4540 2504 4595 Consultatio
2531 4555 2632 4608 quo
2666 4539 2915 4603 eundum,
2968 4548 3016 4592 et
3047 4538 3241 4607 duplex
3269 4540 3565 4603 sententia;

372 4613 650 4678 posteriori
679 4612 965 4666 assentitur
992 4613 1303 4682 imperator.

378 4753 524 4821 Πρὸς
558 4752 741 4821 μέντοι
772 4752 865 4805 τδν
891 4751 1131 4822 ἔπαρχον
1167 4751 1260 4804 τὸν
1303 4753 1633 4822 Μονομάχον
1662 4754 1876 4824 ἐπιτρο-

2058 4753 2427 4810 Caelerum'ad
2461 4752 2758 4808 Thessalia:
2789 4761 3079 4823 przetorem
3122 4752 3565 4812 Monomacbum,
3620 4803 3622 4806 ,

305 4845 544 4898 πεύοντα
575 4844 906 4908 Θεσσαλίας,
931 4845 1030 4897 καὶ
1058 4844 1361 4914 Συναδηνὺν
1388 4846 1478 4898 τὸν
1519 4847 1884 4917 πρωτοστρά-

303 4957 440 5010 τορα
519 4939 929 5008 Θεσσαλονίκης
997 4937 1123 4990 τότε
1199 4938 1460 5008 ἄρχοντα,
1517 4940 1612 4996 καὶ
1664 4938 1887 5009 Συργὴν

304 5032 698 5096 Ντελενουζίας
729 5031 819 5084 τὸν
851 5029 1116 5101 βασιλέως
1154 5030 1500 5101 Ἀνδρονίκου
1526 5031 1772 5100 ἀνεψιὸν,
1795 5031 1889 5086 τὸν

307 5122 538 5192 Κύπρου
570 5121 735 5191 ρηγὸς
770 5121 908 5190 υἱὸν,
952 5121 1141 5192 Φερῶν
1181 5122 1276 5176 καὶ
1327 5121 1491 5175 αὐτὸν
1532 5123 1791 5192 ἄρχοντα,
1825 5117 1887 5175 οὗ

306 5215 405 5267 καὶ
449 5212 551 5282 τὴν
603 5213 883 5283 θυγατέρα
921 5212 1018 5266 τοῦ
1063 5213 1328 5282 βασιλέως
1381 5213 1728 5284 ’Δνδρονίκου
1787 5231 1888 5266 πε-

310 5305 524 5376 ριόντος
549 5303 652 5370 ἔτι,
683 5303 762 5375 τῷ
795 5303 897 5376 υἰῷ
925 5304 1188 5376 Μανουὴλ
1215 5307 1242 5358 ὁ
1270 5306 1392 5358 τότε
1431 5305 1610 5375 μέγας
1635 5306 1884 5374 δομέστι-

272 5451 276 5456 ,
308 5415 405 5461 κος
436 5397 815 5468 κατηγγύησε,
860 5397 1162 5468 πρεσϐείαν
1209 5396 1503 5467 πέπομφεν
1531 5397 1560 5448 ό
1603 5396 1881 5466 βασιλεὺς,

309 5487 492 5552 αἰτίας
537 5488 732 5542 ἑαυτὸν
783 5489 878 5541 ἐπὶ
925 5491 1037 5553 τοῖς
1085 5488 1478 5558 γεγενημένοις
1506 5487 1781 5552 ἀπολύων,
1811 5489 1888 5550 ὡς

311 5581 417 5634 οὐκ
479 5579 590 5631 ἀπὸ
644 5578 873 5648 γνώμης
926 5580 1217 5633 ἐπιϐούλου
1281 5581 1376 5632 καὶ
1441 5579 1725 5647 πονηρᾶς,
1763 5577 1888 5630 οὐδ’

311 5669 584 5740 ἐπιθυμίᾳ
610 5670 778 5740 τιμῆς
806 5671 1093 5741 βασιλικῆς
1124 5671 1197 5724 τά
1221 5671 1444 5725 τοιαῦτα
1471 5666 1884 5738 νεωτερισθείη,

311 5757 432 5812 ἀλλ’
485 5759 593 5811 ὑπὸ
649 5759 760 5811 τῶν
819 5760 879 5811 ὲν
935 5759 1215 5829 Βυζαντίῳ
1271 5760 1510 5827 πόλεμον
1572 5757 1889 5826 ἀκήρυκτον

316 5851 714 5923 ἐξενεγκάντων
788 5852 908 5905 κατ’
981 5849 1166 5919 αὑτοῦ,
1227 5851 1319 5906 καὶ
1372 5851 1520 5908 ἄκων
1571 5850 1652 5913 εἰς
1711 5847 1887 5902 ταῦτα

1991 4855 2048 4901 et
2078 4855 2536 4916 prowstratorem
2587 4846 2965 4918 Synadenum,
2999 4847 3406 4902 TheSSannicm
3453 4857 3565 4898 tum

1993 4937 2337 5010 praefectum,
2387 4947 2444 4992 et
2497 4937 2722 5008 Syrgem
2767 4938 3170 5000 Ntclenuziam,
3221 4937 3570 5004 imperatoris

1995 5029 2307 5084 Andronici
2344 5031 2764 5094 consobrinum,
2813 5031 3138 5102 Cypriorum
3193 5029 3337 5099 regis
3372 5029 3565 5088 lilium,

1994 5121 2296 5177 Pherarum
2332 5129 2386 5174 et
2413 5121 2592 5190 ipsum
2632 5120 2971 5191 praefectum,
3015 5119 3174 5190 cujus
3201 5120 3368 5174 etiam
3406 5119 3567 5172 tiliam

1993 5212 2153 5285 451
2196 5213 2490 5282 superstite
2544 5212 2727 5266 adhuc
2779 5212 3110 5279 imperatore
3159 5209 3393 5264 Manueli
3459 5209 3569 5264 lilio

1996 5320 2226 5374 magnus
2259 5312 2371 5358 tum
2411 5302 2750 5358 domesticus
2793 5301 3188 5370 desponderat,
3221 5301 3430 5372 legatos
3463 5301 3568 5355 im-

1996 5405 2218 5465 peratOr
2264 5396 2438 5454 misit.
2483 5394 2704 5463 culpam
2759 5392 3028 5447 factorum
3078 5409 3108 5447 a
3158 5408 3218 5448 se
3255 5408 3568 5457 removens,

1997 5485 2101 5539 ista
2135 5484 2347 5538 scilicet
2390 5498 2499 5536 non
2546 5483 2809 5538 insidiose
2857 5492 2913 5538 et
2959 5483 3192 5554 maligna
3232 5494 3435 5548 mente,
3469 5500 3573 5539 nec

1995 5573 2303 5644 cupiditate
2362 5573 2668 5642 majestatis
2709 5572 3082 5643 imperatoria:
3132 5567 3418 5641 molitum,
3472 5575 3570 5632 sed

1995 5673 2220 5735 propter
2251 5663 2602 5734 Byzantinos,
2637 5663 2842 5718 bellum
2879 5680 2988 5718 non
3021 5673 3149 5721 ante
3179 5666 3568 5722 denuntiatum

1996 5758 2099 5812 sibi
2133 5756 2452 5819 inferentes,
2500 5755 2610 5811 huc
2652 5770 2711 5811 se
2757 5756 3143 5827 compulsum:
3177 5769 3233 5814 et
3286 5759 3450 5814 rebus
3496 5761 3569 5814 ita
3608 5759 3612 5770 "

1997 5848 2432 5918 postulantibus,
2459 5857 2753 5919 antequam
2780 5864 2904 5905 cum
2939 5849 3071 5922 ipsis
3100 5861 3290 5922 posset
3315 5866 3568 5908 conmm-
