3998 6198
469 307 576 368 883

1638 311 1965 372 JOANNIS
2005 309 2529 373 CAN'I‘ACUZENI
3544 301 3632 367 ιιι

471 413 663 479 nicare
701 424 1015 491 consilium,
1074 439 1196 496 quae
1240 426 1356 482 visa
1399 435 1584 482 essent
1618 424 1723 481 sibi
1761 435 1818 482 et
1870 425 2030 482 sociis

2139 422 2591 495 ἐξενηνεγμένος’
2623 419 2750 475 ὅθεν
2795 421 2887 473 καὶ
2921 417 3030 472 τῶν
3078 414 3402 496 πραγμάτων
3431 413 3635 480 ἐπειγζνο

471 515 732 569 onmibus
765 517 1096 584 conducere,
1130 519 1380 573 confecta
1410 533 1530 573 esse
1568 535 1581 571 :
1615 515 1932 588 orabatque,
1966 531 2036 572 ne

471 605 680 661 idcirco
705 606 864 677 quasi
909 607 1152 678 despecti
1199 608 1639 680 indignarentur,
1675 607 1771 664 sed
1819 609 1865 664 si
1900 607 2034 680 quid

470 696 702 761 factum,
732 698 880 764 quod
913 699 1114 755 factum
1158 715 1267 754 non
1315 701 1673 770 oportuisset,
1703 717 1887 756 rerum
1933 715 2034 754 ne-

472 787 712 840 cessitati
741 789 1104 845 ascriberent.
1133 791 1345 846 Praetor
1377 791 1545 860 igitur
1570 805 1671 846 nec
1701 791 2031 862 legationem

470 877 714 942 admisit,
748 893 850 933 nec
877 879 944 932 ad
976 879 1179 935 bellum
1225 883 1497 951 prorupit,
1549 882 1666 944 sed,
1691 883 2036 937 communio.

469 983 594 1020 nem
629 970 1008 1025 tantummodo
1047 972 1342 1027 recusavit.
1387 973 1624 1029 Perinde
1666 983 2036 1043 protostrator

474 1060 858 1128 imperatorem
889 1069 949 1113 ut
979 1062 1281 1117 amicorum
1305 1063 1463 1118 valde
1490 1063 1866 1118 immemorem
1899 1063 2037 1120 insi-

470 1152 733 1216 mulabat,
767 1152 912 1221 quod
957 1152 1220 1208 nimirum
1263 1167 1342 1220 se,
1372 1154 1470 1224 qui
1515 1163 1622 1209 tam
1658 1155 1846 1209 multis
1875 1155 2035 1210 annis

470 1253 672 1296 tantam
715 1245 766 1298 ei
804 1243 1242 1300 benevolentiam
1287 1254 1563 1312 navasset,
1613 1255 1674 1300 ut
1717 1245 2031 1316 quempiam

425 1377 428 1381 .
471 1349 610 1401 pene
646 1335 928 1404 vulgarem
976 1350 1041 1390 ac
1086 1337 1362 1404 plebeium
1392 1339 1832 1407 contempsisset,
1868 1338 2032 1407 idque

466 1440 590 1477 cum
629 1440 740 1479 rem
791 1436 899 1480 tam
951 1427 1176 1481 arduam
1226 1426 1627 1484 meditaretur:
1663 1429 1802 1484 nihil
1851 1439 2032 1489 tamen

466 1515 650 1585 legato
709 1517 840 1573 fecit
892 1517 1041 1578 mali.
1099 1519 1202 1573 nisi
1254 1520 1399 1589 quod
1451 1535 1577 1575 mox
1625 1521 1691 1576 ad
1748 1522 2031 1576 dominum

467 1621 627 1660 suum
665 1605 868 1692 reverti
895 1606 1078 1676 jussit.
1115 1608 1186 1662 At
1231 1609 1430 1680 Syrges
1473 1611 1586 1666 sive
1629 1628 1694 1666 ex
1726 1612 2033 1683 antiquiore

467 1697 702 1766 quadam
735 1713 898 1752 causa
929 1713 1280 1763 succensens,
1314 1701 1429 1756 sive
1461 1711 1576 1756 tum
1607 1703 1849 1772 primum
1885 1701 2030 1772 quod

469 1803 528 1843 se
553 1801 926 1862 contemptum
959 1796 1353 1867 suspicaretur,
1381 1799 1804 1865 excandescens,
1827 1808 1883 1854 et
1907 1814 2034 1853 ver-

470 1879 538 1934 ba
569 1882 873 1953 legatorum
923 1895 984 1940 ut
1021 1888 1154 1942 nihil
1209 1889 1488 1944 sincerum
1525 1890 1886 1956 continentia,
1935 1889 2031 1944 sed

469 1971 660 2029 dolose
687 1979 919 2031 conﬁcta
945 1979 1161 2048 reiecit,
1188 1979 1415 2046 addens,
1447 1981 1549 2035 etsi
1580 1995 1611 2034 a
1642 1979 2026 2035 Cantacuzeno

470 2063 618 2118 inter
677 2065 931 2121 homines
980 2066 1199 2121 trioboli
1249 2077 1395 2123 esset
1443 2076 1786 2132 numeratus,
1851 2075 2032 2140 tamen

473 2157 650 2225 reipsa
681 2159 1106 2222 declaraturum,
1139 2175 1198 2215 se
1225 2176 1348 2214 cum
1384 2159 1575 2214 amicis
1607 2158 1888 2228 prodesse,
1920 2167 2032 2212 tum

473 2245 712 2301 inimicis
755 2246 952 2302 obesse
999 2262 1164 2317 posse
1198 2247 1686 2317 quamplurimum,
1725 2257 1781 2302 et
1824 2247 2035 2318 legatos

470 2336 525 2390 in
548 2352 827 2392 carcerem
855 2338 1079 2394 inclusit
1104 2355 1119 2393 :
1149 2339 1486 2395 Demetrium
1515 2353 1712 2408 nempe
1733 2337 2036 2393 Casandre—

471 2445 626 2492 num,
661 2442 717 2485 et
748 2428 1028 2485 Lascarim
1061 2443 1318 2501 magnum
1344 2428 1760 2485 chartularium.
1783 2430 2034 2500 Cumque

468 2524 886 2598 Cantacuzenus
921 2523 1114 2578 Pheris
1149 2523 1375 2578 haberet
1407 2537 1517 2578 non
1565 2522 1741 2578 solum
1791 2525 2032 2592 pecoris,

467 2617 563 2669 sed
589 2625 649 2670 et
677 2615 848 2670 tritici
904 2614 1247 2686 aliarumque
1289 2615 1508 2685 frugum
1537 2615 1814 2683 ingentem
1841 2628 2036 2670 nume-

469 2720 614 2770 rum,
653 2713 937 2774 propterea
980 2705 1126 2774 quod
1163 2704 1456 2773 ampliores
1512 2715 1576 2758 ac
1617 2703 1806 2773 plures
1857 2701 1909 2758 ei
1945 2701 2034 2758 hic

469 2813 634 2868 quam
670 2795 812 2866 apud
848 2799 1017 2852 urbes
1048 2796 1184 2851 alias
1215 2795 1592 2862 possessiones
1619 2803 1800 2861 erant,
1848 2794 2035 2850 omnia

466 2891 652 2945 statim
700 2889 767 2944 ad
814 2904 874 2944 se
920 2889 1136 2943 avertit.
1188 2887 1308 2954 Quo
1361 2885 1572 2942 ﬁrmior
1625 2887 1870 2958 suspicio
1907 2886 2032 2955 fuit,

467 2982 638 3041 armis
669 2982 1058 3049 imperatorem
1106 2979 1499 3049 appetiturum,
1543 2979 1695 3049 quod
1738 2979 1906 3034 sciret
1951 2979 2034 3048 (ut

465 3083 552 3128 est
580 3072 866 3141 credibile)
899 3071 1135 3141 majores
1162 3086 1229 3125 ex
1265 3069 1496 3125 dissidio
1539 3085 1663 3125 cum
1701 3071 1818 3134 illo,
1867 3077 2031 3140 quam

466 3183 533 3222 ex
565 3167 859 3221 concordia
908 3165 1118 3218 fruetus
1141 3177 1262 3218 sese
1287 3171 1698 3232 percepturum,
1717 3172 2019 3232 quantum-

463 3261 548 3314 vis
591 3260 784 3329 primis
824 3257 894 3312 ab
951 3271 1018 3312 eo
1063 3253 1522 3324 amplissimisque
1581 3245 1888 3310 honoribus
1930 3271 2030 3310 au-

465 3362 706 3423 geretur.
736 3349 846 3404 Nec
870 3347 1049 3403 solum
1076 3355 1184 3401 tam
1211 3347 1505 3415 opulentus
1529 3344 1714 3400 subito
1738 3344 2026 3412 evadebat,

463 3443 558 3501 sed
597 3442 825 3509 insuper
857 3438 1062 3492 amicos
1095 3437 1237 3507 ejus,
1269 3434 1364 3505 qui
1413 3435 1669 3504 permulti
1710 3433 1915 3490 Pheras
1946 3435 2031 3489 in-

465 3521 751 3598 colebant;
779 3529 1156 3610 scrutabatur,
1203 3528 1474 3597 bonisque
1503 3527 1759 3582 omnibus
1789 3525 2027 3582 nudatos

467 3625 783 3681 immaniter
816 3622 1098 3694 puniebat.
1140 3621 1206 3674 Et
1249 3634 1373 3674 cum
1423 3627 1585 3674 antea
1624 3616 1692 3672 ad
1737 3617 1844 3673 hoc
1884 3626 2030 3672 esset

464 3718 950 3792 prepensissimns,
982 3724 1096 3767 tum
1133 3710 1438 3782 prasertim
1474 3710 1608 3765 nihil
1639 3709 1706 3764 ad
1735 3708 2030 3764 crudelita-

465 3824 572 3868 tem
629 3805 829 3876 reliqui
896 3806 1077 3860 facere
1131 3801 1536 3869 contendebat,
1595 3812 1650 3856 et
1699 3799 2030 3871 Byzantinos

465 3905 624 3971 longo
667 3898 960 3955 intervallo
1003 3895 1299 3966 superabat
1344 3895 1397 3950 in
1433 3894 1712 3957 omnibus,
1749 3893 1796 3948 si
1829 3893 2029 3948 verbo-

463 4011 585 4048 rum
628 3990 996 4047 contumelias
1038 3988 1314 4056 excipias;
1366 3988 1420 4040 in
1471 3986 1634 4062 452
1673 3985 1778 4040 hoc
1823 3985 2029 4055 quippe

463 4101 574 4144 uno
603 4081 907 4137 modestius
928 4095 986 4133 se
1011 4079 1255 4148 gerebat.
1286 4076 1634 4130 Connubium
1668 4085 1850 4132 autem
1879 4074 2028 4140 ﬁlim,

462 4163 616 4244 quoi
658 4175 809 4244 prius
853 4171 964 4225 tilio
1014 4168 1360 4238 imperatoris
1387 4167 1732 4238 promiserat,
1781 4167 2025 4222 rescidit.

463 4267 616 4322 Tune
649 4266 815 4333 igitur
846 4263 916 4320 ob
964 4257 1368 4316 inclementiam
1420 4257 1637 4323 hiemis,
1664 4273 1785 4326 quae
1823 4257 2029 4328 Byzan-

463 4363 538 4413 tio
565 4359 815 4412 exierant
879 4362 932 4407 et
957 4367 1076 4422 quae
1101 4347 1466 4420 Didymotichi
1495 4358 1654 4404 erant
1680 4348 1870 4417 copiae,
1898 4363 2029 4402 eun-

2061 1766 2110 1825 B

2138 533 2268 578 των,
2297 516 2394 570 καὶ
2447 513 2577 585 πρὶν
2622 512 2804 575 αὐτοῖς
2848 505 3216 564 κοινώσασθαι
3245 504 3339 574 τὴν
3368 505 3582 575 γνώμην,
3608 505 3640 559 ἃ

2139 606 2288 677 αὐτῷ
2341 624 2399 658 τε
2453 607 2547 659 καὶ
2595 605 2730 658 πᾶσι
2777 604 2892 664 τοῖς
2939 598 3157 654 συνοῦσι
3185 595 3466 651 λυσιτελεῖν
3495 596 3640 648 ἐδόκει

2137 695 2620 767 καταπεπρᾶχοαι.
2662 691 2842 759 Ἦξίου
2878 709 2937 746 τε
2990 692 3064 762 μὴ
3099 690 3184 744 δια
3201 690 3267 742 τὰ
3313 687 3518 742 τοιαῦτα
3541 687 3647 740 δυσ-

2138 789 2410 859 χεραίνειν
2440 786 2517 849 ὡς
2579 782 2976 855 περιοφθέντας
3005 797 3021 813 ·
3051 780 3168 835 ἀλλ’
3195 777 3250 832 εί
3271 795 3321 832 τι
3352 779 3438 832 καὶ
3463 775 3558 828 τῶν
3586 775 3648 846 μὴ

2135 879 2364 933 δεόντων
2413 878 2649 947 γένοιτο,
2678 876 2896 948 ἀνάγκῃ
2927 873 3037 926 τῶν
3085 868 3416 940 πραγμάτων
3455 868 3651 938 προσλο-

2136 969 2414 1038 γίζεσθαι.
2464 969 2750 1037 Ἔπαρχος
2805 967 2903 1036 μὲν
2949 959 3042 1017 οὖν
3085 960 3208 1015 οὔτε
3253 958 3350 1032 τὴν
3398 957 3651 1028 πρεσϐείαν

2134 1062 2520 1132 προσεδέξατο,
2568 1059 2684 1113 οὔτ’
2735 1058 2903 1121 εὐθὺς
2957 1056 3094 1126 προς
3151 1055 3381 1122 πόλεμον
3437 1049 3652 1118 ἐκινήθη,

2133 1154 2270 1218 ἀλλὰ
2307 1154 2406 1223 τὴν
2435 1152 2721 1207 κοινωνίαν
2772 1151 2933 1220 μόνον
2971 1147 3334 1218 ἀπηγόρευεν.
3376 1142 3583 1211 Ὁμοίως
3607 1140 3654 1193 δὲ

2134 1245 2230 1298 καὶ
2275 1245 2717 1314 πρωτοστρέιτωρ
2760 1240 2961 1309 πολλὴν
3005 1238 3098 1290 τοῦ
3132 1233 3396 1305 βασιλέως
3441 1233 3656 1314 ἀμνημο-

2135 1335 2302 1406 σύνην
2352 1334 2461 1388 τῶν
2516 1335 2684 1403 φίλων
2717 1331 3034 1401 κατηγόρει,
3069 1329 3150 1381 ὃτι
3197 1325 3261 1395 δὴ
3307 1323 3460 1377 αὑτὸν
3487 1321 3657 1389 πολλὴν

2133 1429 2233 1498 τῆς
2269 1429 2349 1488 είς
2371 1427 2599 1490 ἐκεῖνον,
2633 1425 2849 1487 εὐνοίας
2892 1423 2956 1474 ἐκ
2999 1419 3208 1473 πολλῶν
3239 1414 3374 1469 ἐτῶν
3415 1413 3656 1478 ἀπόδειξιν

2133 1518 2588 1585 ἐπιδεδειγμένον,
2628 1515 2703 1577 ὣς
2743 1530 2864 1568 τινα
2905 1511 3014 1565 τῶν
3050 1507 3264 1562 πολλῶν
3291 1506 3463 1574 ὀλίγον
3502 1504 3661 1571 διαφί-

2138 1631 2302 1685 ροντα
2351 1611 2589 1687 περιεῖδε
2626 1610 2721 1664 καὶ
2760 1607 2933 1661 ταῦτα
2966 1620 3232 1665 τοιουτοις
3281 1601 3481 1672 μέλλων
3510 1601 3662 1668 ἐγχει-

2140 1709 2274 1776 ρεῖν.
2309 1707 2472 1759 Οὐδὲν
2517 1705 2695 1774 μέντοι
2721 1700 2894 1756 δεινὸν
2925 1701 3182 1770 εἴργαστο
3213 1695 3303 1750 τον
3328 1690 3659 1764 πρεσϐευτὴν,

2134 1800 2253 1856 ἀλλ’
2314 1799 2567 1852 ἐκέλευεν
2613 1791 2770 1858 αὖθις
2821 1791 3183 1860 ἀναστρέφειν
3238 1787 3372 1858 πρὸς
3419 1785 3505 1839 τδν
3548 1783 3666 1852 πέμ-

2136 1893 2332 1963 ψαντα.
2384 1889 2600 1960 Συργῆς
2650 1887 2729 1952 δὲ,
2762 1887 2872 1940 εἴτε
2925 1885 3019 1947 qui.
3063 1884 3126 1935 ἐκ
3187 1877 3501 1952 προφάσεώς
3543 1888 3668 1963 τινος

2136 1962 2500 2056 ἀρχαιοτέρας
2534 1980 2766 2051 μηνίων,
2821 1978 2931 2031 εἴτε
2970 1977 3062 2030 καὶ
3109 1974 3233 2026 τότε
3268 1969 3477 2041 πρῶτον
3506 1970 3564 2020 ἐκ
3586 1962 3667 2018 τοῦ

2137 2074 2529 2146 παρεωρᾶσθαι
2573 2069 2988 2126 ὑπωπτευκέναι
3038 2068 3176 2137 πρὸς
3224 2063 3390 2133 ὀργὴν
3443 2059 3666 2130 ἐξήγετο,

2134 2168 2262 2230 τούς
2313 2185 2374 2221 τε
2418 2166 2614 2233 λόγους
2667 2163 2767 2234 τῆς
2817 2159 3113 2232 πρεσϐείας
3163 2157 3242 2220 ὡς
3291 2155 3505 2224 ἔχοντας
3537 2147 3669 2202 οὓδέν

2137 2261 2308 2329 ὑγιὲς,
2342 2258 2457 2313 ἀλλ’
2487 2258 2673 2330 ἀπάτῃ
2721 2249 3281 2319 συνεσκευασμένους,
3311 2244 3665 2312 ἀπεπέμπετο,

2137 2356 2364 2423 φάσκων
2391 2353 2467 2416 ὡς
2508 2352 2557 2404 εί
2601 2349 2696 2403 καὶ
2745 2347 2877 2418 παρ’
2923 2344 3115 2413 ἐκείνῳ
3141 2341 3255 2394 τῶν
3283 2337 3500 2409 μηδενὸς
3527 2332 3668 2397 ἀξίων

2134 2443 2418 2515 ἐνομίσθη,
2449 2441 2563 2496 ἀλλ’
2603 2440 2767 2501 αὐτὸς
2796 2438 2982 2500 αὐτοῖς
3015 2435 3201 2506 ἔργοις
3252 2431 3496 2500 ποιήσειν
3524 2441 3668 2480 κατα-

2136 2535 2324 2610 φανὲς,
2357 2534 2432 2598 ὡς
2475 2531 2600 2595 τούς
2632 2549 2692 2586 τε
2743 2530 2933 2600 φίλους
2962 2522 3351 2610 ὠφελείνηκαὶ
3383 2521 3505 2582 τοὺς
3532 2516 3667 2610 πολε·

2139 2605 2294 2701 μίους
2363 2626 2621 2698 βλάπτειν
2692 2621 2910 2676 δύναιτο
2964 2620 3033 2672 τὰ
3101 2605 3368 2688 μέγιὸτα.
3428 2612 3518 2665 καὶ
3564 2606 3668 2701 τους

2136 2697 2394 2792 πρέσὸεις
2417 2721 2497 2782 είς
2522 2718 2583 2770 τὸ
2609 2715 2985 2785 δεσμωτήριον
3020 2708 3249 2777 εἰσῆγεν
3279 2723 3293 2739 ο
3317 2705 3368 2758 οἳ
3390 2697 3668 2792 Δημήτριός

2135 2790 2193 2870 τε
2239 2807 2379 2886 ἦσαν
2425 2813 2452 2865 ὁ
2498 2805 2886 2877 Κασανδρηνδς
2913 2803 3006 2857 καὶ.
3054 2799 3310 2869 Λάσκαρ,
3345 2796 3402 2859 ὃς
3431 2790 3494 2864 ἦν
3523 2792 3670 2886 μέγας

2135 2880 2523 2978 χαρτουλάριος
2573 2901 2673 2970 τὴν
2711 2896 2892 2964 ἀξίαν.
2930 2895 3126 2956 ὀντος
3171 2891 3234 2944 δὲ
3281 2891 3337 2943 ἐν
3385 2887 3568 2978 Φεραίς
3615 2880 3666 2978 ού

2138 2971 2500 3069 δοσκημάτων
2579 2992 2742 3063 μόνον
2809 2987 3051 3059 πλήθους
3116 2971 3669 3069 Καντακουζηνᾶςιήτῷ

2137 3064 2365 3159 pactast,
2402 3085 2536 3140 ἀλλὰ
2579 3084 2673 3137 καὶ
2715 3079 2943 3151 πυρρῶν
2988 3077 3083 3130 καὶ
3127 3073 3364 3145 καρπῶν
3391 3069 3495 3122 τῶν
3519 3064 3668 3159 ἀλλων

2131 3152 2221 3237 διὰ
2265 3152 2618 3249 τὸνμεγάλας
2665 3173 2761 3228 καὶ⁸
2812 3170 3075 3231 πλείστας
3125 3169 3358 3235 κτήσεις
3412 3152 3667 3231 μᾶλλον,ῆ

2129 3273 2276 3328 κατὰ
2312 3271 2409 3334 τὰς
2441 3269 2607 3330 ἄλλας
2652 3265 2838 3326 πόλεις
2869 3259 3123 3315 ἐνταυθοῖ
3150 3255 3478 3326 κεκτῆσθαι,
3514 3250 3669 3302 πάντα

2130 3365 2365 3418 ἐποιεῖτο
2415 3362 2523 3416 ῐδια
2580 3355 2762 3418 εὐθύς.
2802 3355 2883 3407 Δι’
2930 3352 2967 3406 ἃ
3000 3351 3096 3404 καὶ
3129 3348 3338 3416 μᾶλλον
3369 3337 3670 3406 ὑπωπτεύθη

2131 3456 2227 3511 τὸν
2283 3453 2418 3526 πρὸς
2469 3453 2674 3505 ἐκεῖνον
2734 3445 2972 3515 πόλεμον
3020 3430 3670 3526 ᾑρῆσθαιμσυνιδὼνέῦς

2129 3521 2343 3613 ἔοικεν,
2363 3545 2435 3607 ὡς
2464 3544 2527 3595 ἐκ
2559 3541 2660 3610 τῆς
2684 3536 2950 3606 διαφορᾶς
2981 3535 3081 3604 τῆς
3115 3533 3257 3602 πρὸς
3282 3530 3489 3583 ἐκεῖνον
3521 3521 3670 3593 μείζω

2127 3639 2348 3694 δύναιτο
2378 3632 2745 3703 καρποῦσθαι,
2781 3629 2814 3699 ἦ
2844 3627 2945 3698 τῆς
2973 3625 3256 3696 ὁμονοίας,
3283 3623 3338 3676 sl’
3363 3637 3426 3688 γε
3460 3618 3548 3672 καὶ
3572 3613 3668 3666 τῶν

2128 3731 2362 3801 πρώτων
2417 3727 2511 3780 καὶ
2549 3723 2819 3795 μεγίστων
2851 3716 3115 3772 ἀπολαύοι
3148 3714 3286 3786 παρ’
3319 3711 3466 3779 αὐτῷ
3489 3705 3668 3801 τιμῶΪ.

2237 3821 2395 3890 μόνον
2443 3793 2558 3886 γὰρ
2603 3815 2828 3866 ἐκείνων
2871 3807 3144 3863 τοσούτων
3187 3805 3364 3858 ὄντων
3406 3801 3585 3890 κύριος
3613 3793 3671 3890 ἦν

2128 3887 2311 3974 εὐθύς,
2347 3907 2481 3963 ἀλλὰ
2527 3906 2622 3960 καὶ
2660 3903 2790 3966 τοὺς
2835 3901 3023 3970 φίλους
3068 3897 3354 3969 διηρεύνα,
3382 3893 3432 3947 οἳ
3472 3887 3601 3986 ᾖσαν
3623 3888 3672 3986 ἐν

2127 4004 2326 4074 Φεραῖς
2366 3997 2574 4052 πολλοί.
2609 3997 2716 4050 Καὶ
2770 3994 2991 4046 πάντων
3039 3987 3385 4074 τὰςῗοὺσίας
3429 3979 3671 4074 ἀφαιρού-

2132 4067 2313 4165 μενος,
2367 4087 2629 4151 ἐκόλαζεν
2684 4080 3110 4150 asseverabant;-
3147 4073 3220 4148 ἦν
3275 4077 3387 4146 γὰρ
3555 4067 3675 4165 πρὸς

2127 4161 2286 4238 τυῦτο
2335 4178 2600 4251 πρότερόν
2652 4191 2710 4227 τε
2769 4173 2912 4242 ἔχων
2945 4168 3180 4240 μάλιστα
3231 4163 3564 4237 ἐπιρρεπῶς,
3593 4161 3675 4210 καὶ

2128 4273 2250 4328 τότε
2327 4269 2562 4341 μάλιστα
2620 4263 2998 4335 ἐφιλονείκησε
3077 4257 3354 4329 μηδεμίαν
3417 4253 3674 4323 ὠμότητος

2132 4358 2442 4432 ὑπερϐολὴν
2468 4355 2773 4410 ἀπολιπεῖν.
2805 4351 2994 4421 Πολλῷ
3022 4349 3132 4419 γὰρ
3168 4347 3250 4418 τῷ
3278 4347 3462 4417 μέτρῳ
3489 4344 3604 4404 τοὺς
3626 4342 3674 4432 ἐν

463 4467 689 4504 currere
756 4447 1146 4518 nequiverunt.
1198 4442 1424 4497 interim
1482 4449 1848 4512 protostrator
1891 4439 2022 4494 facti

2132 4431 2408 4521 Βυζαντίῳ
2441 4449 2764 4519 παρήλασεν
2795 4446 2853 4497 ἐν
2882 4445 3041 4503 πᾶσι,
3063 4439 3205 4508 πλὴν
3229 4441 3331 4508 τῆς
3357 4437 3560 4506 ὒσηρεως
3578 4448 3594 4464 ο
3622 4431 3673 4482 ἐν

462 4543 761 4610 pmnitens,
787 4539 930 4608 quod
956 4537 1280 4607 legationem
1306 4532 1618 4603 repulisset,
1645 4547 1742 4600 per
1769 4530 2026 4584 intimum

463 4631 755 4700 quemdam
803 4630 1017 4683 occulte
1067 4627 1258 4680 urbem
1305 4616 1749 4678 Thessalonicam
1800 4622 2031 4690 impera-

467 4723 570 4777 turi
601 4737 658 4776 se
694 4720 1022 4787 traditurum
1063 4718 1388 4788 pollicetur;
1418 4731 1538 4772 esse
1579 4717 1725 4771 enim
1763 4714 1895 4776 illic.
1932 4715 2025 4784 qui

464 4815 517 4869 ei
546 4813 814 4874 faverent,
845 4824 1006 4878 quam
1041 4793 1332 4877 plurimos;
1381 4816 1438 4861 et
1479 4808 1754 4872 mouebat,
1787 4823 1854 4862 ue
1886 4824 2026 4862 cuu-

463 4915 731 4968 ctaretur,
770 4905 864 4957 sed
916 4898 1064 4954 veris
1116 4897 1275 4953 initio
1313 4882 1632 4963 accederet,
1683 4899 1916 4954 multum
1966 4914 2027 4955 se

464 5000 589 5070 ejus
615 4994 923 5053 rationibus
949 4989 1446 5048 commodaturum.
1479 4973 1754 5046 Similiter,
1772 5001 1827 5046 et
1855 4992 2028 5048 Chre-

465 5096 564 5159 les,
619 5093 718 5163 qui
767 5086 1064 5160 aliquando
1111 5102 1179 5142 ex
1228 5085 1486 5142 Triballis
1536 5086 1602 5141 ad
1651 5088 2027 5146 Andronicum

462 5183 852 5253 transfugerat,
893 5193 1020 5234 sese
1068 5191 1194 5232 cum
1241 5175 1390 5232 mille
1428 5175 1714 5242 militibus,
1747 5187 1803 5232 et
1850 5177 2027 5233 tribus

461 5275 680 5347 oppidis
705 5273 994 5331 dediderat
1021 5287 1036 5323 :
1068 5282 1191 5338 quae
1226 5267 1486 5322 Romanis
1515 5267 1782 5337 subjecta,
1814 5269 2028 5324 Andro-

461 5368 603 5423 nicis
634 5366 776 5420 inter
821 5378 878 5418 se
922 5359 1391 5430 belliger-antibus,
1429 5358 1650 5414 Triballi
1688 5358 1882 5415 incolis
1925 5362 2026 5416 de-

463 5459 730 5513 ditionem
763 5455 1095 5512 facientibus
1129 5462 1485 5521 occuparant.
1517 5450 1618 5508 Hic
1648 5452 1830 5522 itaque
1851 5453 2026 5510 Chre-

461 5554 540 5604 les
584 5547 814 5616 pecunia
872 5547 1198 5608 instructus,
1253 5553 1309 5599 et
1335 5542 1638 5608 exercitum
1676 5544 1780 5599 sub
1823 5561 1883 5603 se
1913 5562 2023 5602 non

460 5636 870 5704 aspernandum
908 5635 1138 5700 habens,
1174 5642 1230 5688 et
1269 5644 1428 5689 antea
1461 5633 1774 5703 imperatori
1813 5635 2020 5700 Canta-

459 5739 665 5791 c;zeno
695 5725 1067 5782 amicissimus
1098 5723 1219 5797 (per
1247 5739 1409 5796 quem
1444 5731 1500 5781 ct
1531 5723 1832 5783 Andronici
1875 5727 2020 5788 auria

2127 4543 2302 4610 τούτῳ
2348 4540 2456 4610 γὰρ
2508 4537 2654 4607 μόνῳ
2699 4531 3081 4603 σωφρονοῦντα
3113 4528 3314 4582 ἑαυτὸν
3366 4523 3672 4594 παρέσχετο.

2128 4636 2242 4702 Τήν
2270 4649 2333 4686 τε
2363 4628 2662 4701 μνηστείαν
2705 4625 2804 4695 τῆς
2851 4622 3120 4692 θυγατρὸς
3159 4615 3244 4692 ην
3271 4621 3531 4690 πρότερον
3557 4612 3674 4702 προς

2126 4700 2220 4780 τδι
2252 4723 2518 4796 βασιλέως
2543 4720 2659 4775 υίὸν
2691 4717 2984 4787 πεποίητο,
3021 4715 3262 4769 διέλυσε.
3297 4712 3435 4766 Τότε
3471 4709 3563 4779 μὲν
3591 4700 3672 4758 οὖν

2128 4816 2397 4888 χειμῶνος
2425 4811 2662 4876 ἐξαισίου
2692 4808 3104 4878 ἐπιγενομένου,
3127 4807 3162 4877 ἦ
3195 4822 3264 4881 τε.
3307 4807 3374 4857 ἐκ
3400 4796 3674 4864 Βυζαντίαν

2128 4911 2229 4964 καὶ
2268 4911 2302 4980 ἡ
2346 4909 2412 4960 ἐκ
2455 4903 2840 4974 Διδυμοτείχου
2882 4901 3114 4971 στρατιά
3158 4898 3456 4970 ἡσύχαζον,
3491 4894 3566 4965 μὴ
3598 4891 3677 4943 δυ-

2130 5002 2352 5072 νάμενοι
2407 4997 2660 5068 ἀλλήλοις
2715 4991 3088 5058 ἀντεπεξιέναι
3137 4990 3229 5044 διὰ
3276 4991 3372 5044 τὸν
3421 4984 3670 5058 χειμῶνα.

2141 5091 2230 5144 Ἐν
2252 5088 2426 5160 τούτῳ
2447 5087 2505 5144 δὲ
2531 5088 2626 5142 καὶ
2651 5090 2678 5141 ὁ
2707 5083 3147 5156 πρωτοστράτωρ
3173 5083 3237 5135 ἐκ
3261 5077 3670 5143 Θεσσαλονίκης.

2128 5182 2210 5237 ὅτι
2235 5183 2334 5252 τὴν
2363 5181 2628 5253 βασιλέως
2646 5179 2922 5234 ἀπείπατο
2945 5176 3240 5248 πρεσϐείαν
3265 5167 3668 5246 μεταμεληθεὶςι

2128 5275 2237 5328 τῶν
2265 5273 2616 5345 οίκειοτάτων
2641 5271 2868 5342 πέμψας
2902 5273 3048 5328 τινὰ.
3083 5269 3272 5342 κρύρφα
3314 5266 3582 5332 διελόγετο
3604 5261 3669 5319 ὡς

2128 5365 2530 5436 Θεσσαλονίκην
2586 5362 2960 5432 παραδώσωνο
3011 5358 3153 5415 εἶναι
3201 5358 3308 5429 γὰρ
3367 5354 3513 5425 αὐτῷ
3557 5350 3669 5410 τοὺς

2130 5459 2584 5527 συμπράττοντας
2637 5457 2755 5508 ἐκεί
2805 5454 3055 5515 πολλούς.
3106 5448 3467 5505 Συνεόούλευέ
3506 5458 3564 5497 τε
3599 5443 3667 5512 μὴ

2132 5549 2350 5618 μέλλειν
2369 5586 2387 5611 ,
2418 5547 2532 5601 ἀλλ’
2564 5547 2680 5616 ἅμα
2707 5542 2803 5615 ἦρι
2835 5546 2990 5614 ἥκειν
3018 5546 3156 5613 πρὸς
3183 5543 3369 5607 αὑτὸν,
3389 5542 3462 5604 ὡς
3485 5535 3667 5602 πολλῆς

2128 5639 2276 5708 αύτῷ
2327 5639 2592 5707 ὠφελείας
2648 5639 2912 5706 ἐσομένης
2961 5637 3021 5702 ἐξ
3075 5635 3306 5689 ἐκείνου.
3350 5629 3574 5700 Ὁμοίως
3613 5624 3663 5678 δέ

2130 5733 2222 5784 καὶ
2255 5730 2488 5802 Χρέλης,
2518 5731 2574 5791 ὃς
2616 5727 2684 5801 ἦν
2723 5731 2989 5801 πρότερον
3034 5729 3168 5797 πρὶς
3215 5725 3544 5796 Ἀνδρόνικον
3581 5716 3662 5770 τὸν
