3998 6198
1533 207 1564 236 Ο

447 269 553 337 881
609 346 621 358 ,
1611 276 1932 338 JOANNIS
1971 278 2498 342 CANTACUZENI
3367 263 3428 367 ‘_
3542 287 3631 351 sas

445 404 646 458 praeter
678 384 775 450 eos
805 399 898 465 qni
947 398 1110 467 paulo
1155 407 1278 468 post
1308 406 1768 468 supervenerant,
1802 397 2010 466 equite:

2128 401 2348 468 ἐφόδους
2395 401 2683 470 ἐσομένας.
2737 401 2876 472 Πρὸς
2921 400 3030 470 γὰρ
3080 402 3187 462 τοῖς
3251 399 3457 469 ὕστερον
3501 403 3636 474 ὀλίγῳ

448 488 621 552 mille,
685 504 922 557 quorum
961 490 1134 545 duces
1180 490 1393 546 Manuel
1432 489 1818 550 Tarchaniota.
1847 489 2017 545 Geor-

445 578 568 646 gius
600 579 927 646 Phracases,
958 582 1198 637 Joannes
1229 581 1567 650 Palmologus
1592 581 1728 635 aulze
1762 581 2015 650 primice-

447 669 584 733 rius,
620 680 677 725 et
721 670 991 742 Georgius
1037 673 1256 729 Glabas.
1297 673 1640 730 Suburbanis
1696 673 1852 727 valde
1901 689 2013 726 am-

447 764 548 828 plis
579 764 868 832 praefectos
901 773 1046 830 octo,
1096 781 1327 835 quorum
1375 766 1607 834 quisque
1653 765 1800 818 mille
1850 765 1990 834 sagit

450 855 622 909 tarios
684 857 925 926 regebat,
973 866 1053 911 .et
1120 857 1442 926 primarium
1501 857 1748 910 omnium
1816 855 2011 910 ducem

449 943 756 1000 Mannelem
809 951 1066 1008 Asanem,
1108 949 1293 1002 uxoris
1343 947 1564 1003 fratrem
1616 948 1919 1002 constituit.
1954 948 2012 1001 in

447 1037 677 1090 Thracia
712 1037 875 1092 urbes
909 1037 1180 1092 universa:
1213 1038 1396 1102 simul,
1421 1053 1488 1092 eo
1519 1039 1782 1107 neglecto,
1808 1038 1873 1092 ad
1907 1039 2016 1094 Au-

447 1137 659 1196 gustam
719 1143 776 1182 se
829 1139 1236 1199 aggregarunt:
1293 1130 1577 1183 castellum
1635 1130 2014 1198 Empylhium,

446 1215 591 1284 (ιιιοά
629 1217 743 1284 ipse
774 1216 956 1271 adhuc
1003 1219 1127 1272 vivo
1177 1219 1511 1287 imperatore
1562 1235 1591 1272 a
1643 1219 2014 1276 fundamentis

445 1307 830 1370 omdiflcarat,
871 1308 924 1362 in
968 1308 1072 1363 lide
1112 1309 1390 1365 manebat.
1431 1311 1554 1380 Ipse
1585 1311 1893 1367 Matthzeutn
1959 1324 2015 1368 et

444 1395 746 1450 Marueiem
799 1397 964 1461 filios,
1021 1409 1078 1454 et
1134 1402 1322 1455 uxoris
1370 1416 1688 1470 germanum
1746 1403 2014 1459 Joannem

443 1487 702 1550 Asanem,
754 1504 858 1543 nec
909 1505 1019 1544 non
1057 1491 1321 1561 Angeium
1379 1493 1696 1562 pincernam
1733 1495 2016 1549 consobri-

447 1593 602 1642 nnm,
655 1579 1034 1648 nobiliumque
1092 1591 1148 1634 et
1230 1585 1756 1654 consanguineorum
1814 1587 2016 1642 multos

449 1660 636 1722 secum
685 1669 911 1735 habens,
980 1687 1102 1726 cum
1153 1689 1447 1729 numeroso
1495 1685 1550 1729 et
1594 1677 1720 1730 forti
1772 1679 2014 1734 exercitu

2123 491 2554 560 ἐπιγενομένοις,
2599 490 2761 560 χίλιοι
2805 485 2971 560 ἦσαν,
3017 483 3116 557 ὧν⁵
3157 484 3317 561 ἦρχον
3366 491 3640 563 Μανουῆλό

2122 584 2564 655 Ταρχανειώτης,
2590 584 2680 636 καὶ
2711 582 3007 652 Φακρασὴς
3047 581 3330 650 Γεὼργιος,
3363 584 3451 636 καὶ
3488 585 3642 653 τρίτος

2120 677 2148 728 ὁ
2173 675 2272 744 τῆς
2297 675 2468 745 αὐλῆς
2498 674 2903 745 πριμμικήριος
2949 672 3309 740 Παλαιολόγος
3349 675 3374 726 ὁ
3403 674 3642 745 Ἰωάννης,

2122 768 2215 821 καὶ
2252 771 2279 821 ὁ
2306 766 2518 831 Γλαὸἆς
2563 767 2838 837 Γεὼργιος
2885 765 2985 820 σὺν
3029 759 3261 828 τούτοις.
3319 765 3438 819 Ἐπὶ
3488 767 3538 818 δὲ
3564 768 3646 834 τῆς

2122 858 2228 923 ἔξω
2255 859 2640 929 Διδυμοτείχου
2677 857 2959 919 συνοικίας
3000 855 3170 926 οῠσης
3206 856 3420 926 πολλῆς,
3453 856 3647 924 ἑτέρους

2122 949 2425 1022 ἐπέστησεν
2459 949 2726 1020 ἄρχοντας
2752 948 2921 1012 ὀκτὼ,
2948 942 3022 1000 ὧν
3050 943 3220 1019 ἦρχεν
3247 948 3469 1008 ἕκαστος
3491 949 3650 1016 χιλίων

2121 1041 2376 1106 τοξοτῶν.
2434 1041 2749 1111 Στρατηγδν
2813 1040 2870 1094 δὲ
2945 1039 3040 1091 ἐπὶ
3103 1040 3237 1091 πᾶσι
3291 1039 3380 1090 τὸν
3427 1037 3651 1104 γυναικὸς

2119 1130 2350 1198 ἀδελφὸν
2380 1130 2601 1199 Ασάνην
2629 1129 2888 1182 κατέλιπε
2929 1128 3021 1180 τὸν
3063 1127 3341 1196 Μανουήλ.
3389 1127 3652 1179 Πόλεωνδὲ

2119 1221 2228 1273 τῶν
2254 1221 2397 1275 κατὰ
2417 1223 2514 1291 τὴν
2548 1221 2772 1291 θρᾲκην
2803 1220 3031 1273 ἁπασῶν
3069 1219 3294 1289 οὐδεμία
3332 1219 3473 1288 αὐτῷ
3505 1236 3654 1284 προσ-

2120 1315 2289 1381 εῖχεν,
2341 1312 2479 1367 ἀλλά
2530 1313 2702 1367 πᾶσαι
2755 1311 2890 1381 πρὸς
2952 1310 3196 1380 βασίλιδα
3255 1311 3654 1379 συναπέστησαν,

2123 1404 2262 1474 πλὴν
2289 1405 2382 1458 τοῦ
2425 1401 2732 1474 Ἐμπυθίου
2785 1401 3069 1471 φρουρίου,
3121 1403 3149 1454 ὃ
3190 1401 3341 1470 αὖτῷ
3409 1401 3659 1469 περιόντος

2122 1496 2202 1550 ἔτι
2233 1495 2497 1567 βασιλέως
2529 1495 2846 1566 ᾠκοδίμητο
2893 1495 3086 1556 αὐταῖς
3112 1494 3403 1564 κρηπίσιν.
3430 1493 3586 1554 Αὐτὸς
3614 1491 3661 1543 δὲ

2120 1585 2246 1648 τούς
2301 1603 2360 1638 τε
2405 1586 2554 1647 υἱοὺς
2600 1583 2740 1654 ἔχων
2781 1585 3060 1638 Mat-Galea
3129 1585 3225 1635 καὶ
3291 1582 3555 1648 Μανουὴλ,
3585 1582 3661 1633 καί

2121 1677 2211 1732 τὸν
2239 1677 2496 1745 γυναικὸς
2528 1677 2760 1746 ἀδελφὸν
2819 1675 3051 1742 Ἀσάνην
3075 1676 3164 1728 τὸν
3213 1676 3484 1745 Ἰωάννην,
3520 1675 3592 1726 lat
3615 1691 3663 1726 τε

453 1758 836 1830 Didymotieho
868 1777 1120 1844 egressus
1142 1775 1228 1821 est
1260 1766 1425 1820 tertio
1451 1767 1635 1822 Nonas
1666 1769 1851 1836 Maias,
1879 1763 2010 1824 indi:

2123 1768 2388 1836 Ἄγγελον
2417 1769 2718 1838 πιγκέρνην
2770 1769 2862 1820 τὸν
2889 1754 3130 1835 ἀνεψιὸν,
3173 1767 3269 1818 καὶ
3297 1766 3402 1818 τῶν
3455 1765 3666 1832 εὐγενῶν

448 1849 632 1904 ctione
673 1851 906 1914 decima,
952 1856 1236 1924 praemisso
1276 1856 1639 1913 Constantino
1692 1860 2015 1930 Palmologo,

455 1938 738 1994 Michaelis
773 1943 930 1999 ducis
964 1944 1205 2015 despotze
1240 1947 1374 2009 ﬁlio,
1407 1949 1566 2018 cujus
1595 1965 1782 2019 opera,
1814 1967 1934 2021 quae
1963 1953 2017 2007 in

445 2047 561 2086 rem
592 2043 793 2097 essent,
829 2049 1180 2106 praapararet.
1237 2039 1339 2106 Qui
1387 2057 1510 2096 mox
1546 2044 1741 2099 Pheris
1781 2046 1845 2100 ad
1889 2047 2018 2118 Syr-

447 2138 566 2192 gem
614 2125 837 2193 defecit,
883 2129 997 2184 sive
1033 2132 1178 2200 qnod
1204 2132 1392 2187 domui
1432 2149 1545 2190 suae
1585 2136 1804 2192 timeret
1878 2139 2014 2209 (illic

443 2215 590 2269 enim
637 2218 964 2292 habitabat),
1011 2223 1128 2278 sive
1171 2225 1316 2294 quod
1351 2242 1416 2281 ex
1453 2228 1673 2283 urbium
1709 2231 2017 2286 defectione

449 2306 816 2363 Cantacnzeni
867 2310 1143 2367 fortunam
1198 2315 1456 2371 afflictum
1500 2317 1567 2372 iri
1622 2321 2013 2388 augurabatur.

446 2397 748 2466 Imperator
777 2404 992 2458 tametsi
1029 2419 1094 2458 ex
1128 2417 1381 2461 anteacto
1425 2418 1668 2480 tempore
1704 2427 1810 2464 non
1862 2411 2016 2467 home

445 2505 572 2559 spes
598 2492 944 2562 aﬂ‘ulgerent,
973 2497 1040 2551 ad
1075 2496 1262 2552 Beram
1301 2502 1565 2556 constitit.
1604 2502 1769 2574 454
1798 2505 1897 2570 Qui
1935 2506 2016 2560 io-

445 2595 544 2636 eus
575 2598 699 2637 cum
731 2587 892 2654 equis
931 2589 1113 2642 izetum
1151 2590 1409 2658 pabulum
1451 2592 1654 2647 affatim
1700 2596 2016 2664 suppedita-

444 2683 550 2739 ret,
588 2692 693 2730 non
730 2680 877 2733 enim
916 2680 968 2734 id
1023 2681 1226 2751 ubique
1284 2691 1368 2751 (ut
1396 2699 1524 2740 vere
1566 2685 1745 2740 adhue
1783 2688 2013 2756 recenti)

445 2767 789 2832 suppetebat,
823 2768 942 2822 dies
971 2768 1174 2824 ibidem
1203 2787 1310 2825 non
1339 2774 1542 2829 multus
1567 2779 1927 2847 consumpsit,
1957 2780 2012 2833 in

447 2857 648 2923 quibus
680 2859 964 2912 castellum
995 2863 1244 2927 tentavit,
1282 2864 1326 2918 si
1363 2880 1460 2934 per
1485 2866 1824 2922 deditionem
1853 2885 2015 2924 ocnu-

443 2961 575 3014 pare
615 2958 826 3015 posset;
863 2949 914 3002 vi
947 2952 1090 3004 enim
1132 2953 1388 3023 subigere
1448 2968 1672 3026 prepter
1715 2961 2014 3014 monachos

2121 1861 2213 1913 καλ
2245 1858 2366 1912 καθ’
2410 1857 2549 1928 αἷμα
2581 1860 2970 1930 προσηκόντων
3001 1859 3099 1911 οὐκ
3128 1857 3365 1924 ὀλίγους.
3399 1855 3494 1928 τὴν
3520 1874 3666 1927 σ-ρα-

2118 1952 2241 2005 τιάν
2269 1951 2468 2018 πολλὴν
2500 1953 2594 2005 καὶ
2627 1951 2841 2021 ἀγαθὴν
2893 1947 3060 2003 οὖσαν
3107 1949 3466 2019 παραλαῦὼν,
3493 1947 3663 2016 ἐξῆλθε

2119 2045 2501 2116 Διδυμοτείχου
2542 2046 2770 2114 πέμπτῃ
2813 2044 3061 2114 Μαρτίου
3117 2043 3412 2111 ἱσταμένου
3463 2042 3555 2110 τῆς
3597 2040 3670 2092 δε-

2118 2137 2289 2207 κάτης
2320 2136 2670 2198 ἰνδικτιῶνος.
2703 2133 3045 2205 Προῦπεμπέ
3078 2149 3136 2185 τε
3172 2131 3370 2185 ἑαυτοῦ
3399 2133 3670 2184 Κωνσταν-

2117 2232 2260 2282 τῖνον
2293 2229 2385 2281 τὸν
2430 2228 2819 2295 Παλαιολόγον,
2870 2228 2962 2278 τὸν
2995 2226 3261 2279 δεσπότου
3325 2223 3542 2294 Μιχαὴλ
3585 2221 3667 2274 τοῦ

2121 2323 2309 2386 δουκὶς
2354 2323 2492 2384 υἱὸν,
2528 2320 2604 2385 ὡς
2635 2320 2701 2372 δι’
2733 2320 2900 2374 αὑτοῦ
2931 2320 3038 2372 τῶν
3063 2318 3368 2371 δοκούντων
3395 2317 3669 2369 λυσιτελεῖν

2116 2433 2235 2469 τινα
2290 2413 2974 2484 προπαρασκευασόμενος.
3049 2412 3110 2462 't)
3170 2410 3217 2462 δ’
3282 2410 3482 2464 αὐτίκα
3553 2409 3669 2476 προς

2119 2508 2332 2576 Συργὴν
2393 2506 2658 2575 ἀφίστατο
2722 2506 2778 2556 ὲν
2824 2505 3046 2570 Φεραῖς,
3098 2502 3210 2555 εἴτε
3243 2502 3378 2572 περὶ
3401 2501 3494 2569 τῆς
3515 2499 3669 2558 οἰκίας

2117 2598 2319 2662 δείσας,
2350 2597 2599 2669 Φεραίοις
2631 2596 2740 2666 γὰρ
2789 2594 3061 2665 συνῴκει,
3101 2595 3214 2646 είτε
3256 2594 3351 2646 καὶ
3376 2589 3670 2658 οἰωνισάμε-

2115 2709 2201 2753 νος
2232 2695 2294 2743 ὲκ
2327 2690 2426 2759 τῆς
2488 2689 2598 2748 τῶν
2644 2689 2855 2742 πόλεων
2908 2687 3281 2750 ἀποοτασίας,
3338 2685 3413 2748 ὡς
3454 2686 3513 2737 οὐ
3543 2682 3666 2734 κατά

2121 2781 2246 2852 ῥοῦν
2279 2779 2545 2850 βασιλέως
2577 2777 3042 2848 Καντακουζηνοῦ
3067 2775 3136 2830 τὰ
3163 2777 3477 2847 πράγματα
3507 2773 3670 2843 χωρή·

2117 2891 2219 2926 σει.
2253 2875 2517 2935 Βασιλεὺς
2561 2872 2641 2936 δὲ,
2671 2872 2848 2924 καίτοι
2877 2870 2989 2924 τῶν
3012 2869 3414 2940 πραττομένων
3446 2867 3506 2919 οὐ
3545 2865 3667 2916 πάνυ

2115 2964 2360 3036 χρηστὰς
2412 2964 2632 3025 ἐλπίδας
2665 2961 3044 3032 παρεχόντων,
3075 2959 3177 3028 τὴν
3213 2959 3486 3030 στρατιὰν
3526 2956 3668 3027 ἔχων,

443 3038 650 3092 incolas
678 3039 918 3094 nolebat.
955 3041 1186 3096 Videbat
1215 3045 1362 3098 enim
1395 3046 1440 3100 si
1470 3047 1520 3100 vi
1553 3059 1864 3118 caperetur,
1895 3051 2010 3130 lege

2118 3057 2609 3129 ἐστρατοπέδευσεν
2665 3058 2724 3108 έν
2760 3053 2935 3126 Βήρα.
2983 3053 3282 3122 ’Δφθονίαν
3315 3053 3374 3106 δὲ
3415 3055 3530 3105 ἐκεῖ
3573 3051 3672 3110 τοῖς

447 3128 670 3183 militari
734 3135 1131 3187 monasterium
1210 3151 1429 3205 quoque
1489 3137 1820 3195 diruendum
1873 3144 2008 3212 (85).

444 3220 618 3284 Quam
653 3221 724 3276 ob
759 3237 975 3277 causam
1005 3241 1107 3280 nec
1140 3227 1362 3283 assidue
1395 3229 1698 3286 obsidendo
1732 3250 2010 3304 oppugna-

442 3311 555 3375 bat,
587 3312 680 3366 sed
714 3314 1030 3382 opinionem
1070 3327 1280 3372 tantum
1313 3321 1609 3390 praebebat,
1643 3327 1800 3394 quasi
1845 3342 1906 3382 se
1942 3329 2008 3382 ad

446 3419 636 3460 muros
662 3407 995 3464 adoriundos
1023 3422 1386 3480 compararet.
1440 3415 1687 3471 Monachi
1740 3434 1872 3474 vero
1915 3421 2009 3490 qui

443 3496 593 3552 intus
623 3509 802 3561 erant,
829 3509 886 3556 et
907 3501 1013 3556 alia
1041 3503 1198 3557 turba
1228 3519 1293 3558 ex
1321 3508 1633 3576 agrestibus
1660 3509 1911 3580 collecta,
1940 3529 2008 3568 an

444 3597 670 3658 propter
704 3591 1067 3646 defectionem
1103 3595 1302 3674 trepidi
1351 3599 1526 3667 (prius
1564 3616 1799 3670 namque
1842 3603 2012 3674 impe-

445 3681 645 3734 ratoris
672 3682 1013 3749 pra‘sidium,
1043 3693 1098 3739 et
1130 3673 1445 3755 praefectum
1478 3690 1612 3758 ipsis
1646 3691 1834 3747 datum
1863 3673 2011 3749 frau-

445 3775 511 3825 de
545 3773 976 3842 circumtentos,
1007 3777 1350 3849 vinculisque
1399 3781 1697 3851 implicitos
1727 3786 1794 3840 ad
1843 3788 2010 3857 impe-

441 3867 697 3924 ratricem
731 3867 1035 3940 miserant),
1061 3885 1129 3924 an
1151 3872 1317 3927 etiam
1343 3873 1448 3928 alia
1463 3876 1698 3944 quadam
1729 3878 1798 3933 de
1822 3895 2008 3948 causa,

441 3974 472 4010 e
505 3959 678 4012 inuris
703 3966 981 4019 structura
1011 3961 1364 4019 validissimis
1391 3966 1798 4023 animosissime
1827 3984 1886 4024 se
1909 3972 2009 4024 de-

443 4047 760 4113 fendebant,
819 4065 921 4104 nec
972 4051 1040 4106 de
1092 4054 1491 4127 compositione
1535 4059 1762 4112 verbum
1816 4060 2008 4116 audire

437 4137 804 4204 sustinebant.
873 4139 1082 4194 interea
1150 4141 1392 4198 Joannes
1448 4144 1700 4201 Batatzes
1749 4148 2008 4220 Byzantio

439 4241 604 4288 μοι-ιιι
637 4231 778 4284 tiam
809 4231 1055 4301 (propter
1090 4248 1310 4288 causam
1373 4237 1518 4291 enim
1543 4239 1656 4308 jam
1692 4255 2004 4311 expressam

436 4323 720 4379 castellum
753 4335 903 4378 certo
932 4335 1361 4398 constanterque
1392 4344 1501 4385 non
1535 4335 2003 4404 oppugnabatur),

435 4433 562 4484 enm
596 4434 763 4488 parva
793 4435 956 4480 manu
990 4420 1293 4490 ingressus,
1325 4421 1379 4478 id
1413 4421 1516 4478 sub
1544 4424 1803 4496 Augusta:
1835 4425 2009 4499 impe-

439 4508 578 4560 rium
617 4508 851 4577 redegit,
880 4517 937 4562 et
965 4508 1350 4564 Cantacuzeno
1378 4512 1500 4579 ejus
1529 4513 1813 4568 obtinendi
1851 4530 2005 4584 spem

435 4598 688 4664 abstulit,
713 4598 858 4660 Μυιο
886 4599 1054 4670 igitur
1081 4599 1208 4655 inde
1239 4603 1507 4669 exercitu,
1545 4602 2002 4675 Anastasiopolim

437 4687 808 4756 (Andronicus
866 4689 1270 4758 Peritheor-ium
1326 4693 1642 4764 appellavit)
1708 4697 2003 4764 processit,

434 4795 598 4850 quam
653 4793 751 4851 per
785 4779 904 4834 dies
957 4789 1194 4849 quatuor
1244 4791 1301 4842 et
1355 4784 1549 4854 viginti
1604 4785 2004 4848 circumsidens

435 4869 790 4942 oppugnavit.
825 4869 1003 4934 Etiam
1037 4871 1106 4928 ad
1148 4872 1404 4936 Cbrelem
1461 4884 1516 4930 et
1548 4887 2003 4946 protostratorem

435 4962 882 5029 Thessalonicam
915 4963 984 5028 de
1031 4964 1270 5023 adventu
1316 4983 1417 5023 suo
1461 4969 1706 5032 miserat.
1739 4979 1796 5026 et
1840 4987 2004 5030 nosse

435 5055 654 5123 avebat,
703 5071 834 5110 num
886 5057 1032 5111 idem
1081 5066 1229 5113 esset
1257 5073 1448 5116 eorum
1482 5074 1608 5130 erga
1657 5076 1716 5117 se
1765 5062 2004 5131 animus,

437 5147 533 5218 qui
569 5147 860 5215 hactenus.
893 5149 1144 5206 Batatzes
1177 5149 1368 5225 (porro
1411 5151 1499 5208 cui
1549 5151 1618 5205 ab
1661 5153 2008 5223 imperatrice

437 5253 736 5308 rerumque
787 5240 1102 5294 rectoribus
1148 5239 1276 5299 belli
1324 5251 1514 5295 contra
1564 5243 2003 5305 Cantacuzenum

437 5328 843 5387 administratio
871 5331 1164 5384 commissa
1205 5332 1346 5399 erat)
1397 5347 1522 5384 cum
1571 5332 1837 5388 militibus
1869 5352 2007 5404 quos

434 5417 692 5489 Byzantio
735 5419 1066 5487 adducebat,
1113 5428 1170 5489 et
1212 5436 1278 5484 ex
1323 5419 1568 5488 Thraciae
1600 5437 1664 5477 ac
1713 5422 2006 5496 Rhodopes

2117 3149 2300 3211 ἵπποις
2342 3148 2437 3201 τοῦ
2474 3149 2640 3200 τόπου
2677 3147 3000 3216 παρέχοντος
3024 3143 3261 3215 τροφῆς,
3311 3142 3590 3210 οὔπωγὰρ
3613 3135 3672 3208 ἦν

2115 3241 2413 3295 ἀπολαύειν
2428 3239 2664 3308 ἀφθόνου
2685 3235 3068 3308 πανταχοῦιδιά
3089 3235 3186 3305 τὴν
3203 3235 3362 3305 ὥραν
3387 3236 3507 3304 ἄρτι
3527 3232 3672 3299 ἀρχο-

2119 3335 2281 3404 μένου
2323 3333 2507 3401 ἔαρος,
2533 3330 2866 3400 παρέμεινεν
2883 3327 3098 3398 ἡμέρας
3132 3327 3193 3380 οὗ
3213 3326 3442 3389 πολλάς.
3460 3324 3546 3376 Ἐν
3562 3316 3672 3373 sati-

2111 3443 2228 3488 ταις
2256 3425 2310 3479 δὲ
2333 3423 2424 3477 τοῦ
2453 3421 2717 3494 φρουρίου
2739 3419 3038 3488 ἀπεπείρα,
3067 3420 3115 3470 εί
3133 3417 3359 3471 δύναιτο
3401 3412 3672 3479 κατασχεῖν

2111 3515 2391 3588 ὁμολογίᾳ.
2440 3515 2543 3586 Βίᾳ
2588 3513 2696 3582 γὰρ
2728 3509 3188 3582 παραστήσεσθαι
3247 3509 3356 3561 οὐκ
3395 3506 3551 3577 ἣθελε
3594 3501 3673 3554 διὰ

2113 3611 2174 3664 τὸ
2239 3607 2506 3679 μοναχοὺς
2547 3605 2607 3657 τὸ
2637 3603 2901 3674 φρούριον
2952 3603 3298 3655 κατοικεῖνν
3323 3597 3562 3668 συνορῶν
3608 3595 3674 3654 ὡς

2113 3704 2160 3757 εί
2195 3702 2286 3772 βίᾳ
2311 3699 2662 3770 ίκρατηθείη,
2694 3695 2847 3749 οὐδὲν
2886 3695 3043 3748 ἔσται
3071 3693 3285 3754 λοιπὸν,
3321 3692 3356 3763 ἢ
3388 3691 3674 3745 ἀνάστατον

2111 3792 2357 3862 γίνεσθαι
2377 3790 2500 3861 η-τὴν
2541 3789 2710 3859 μονὴν
2770 3787 3015 3858 πολέμου
3064 3785 3216 3854 νόμῳ
3275 3780 3673 3854 πορθουμένην.

2111 3879 2186 3940 Ob
2230 3884 2294 3956 δὴ
2331 3885 2492 3936 ἕνεκα
2540 3882 2662 3935 οὐδὲ
2727 3882 2994 3943 συντόνως
3039 3877 3380 3945 ἐπολιόρκει,
3432 3873 3562 3928 ἀλλὰ
3598 3870 3675 3922 δό-

2111 3993 2277 4046 κησιν
2312 3975 2543 4044 παρεῖχε
2585 3974 2768 4041 μόνον,
2814 3971 2890 4033 ὡς
2935 3969 3070 4039 πρὸς
3109 3967 3478 4036 τειχομαχίαν
3509 3979 3674 4029 παραυ

2112 4068 2534 4136 σκευαζόμενος.
2600 4064 2842 4134 Μοναχοὶ
2909 4062 2966 4116 δὲ
3015 4061 3065 4113 οἰ
3108 4058 3261 4112 ένδον
3306 4059 3482 4119 ὄντες,
3541 4054 3676 4106 καὶὸ

2110 4162 2265 4223 ἄλλος
2311 4159 2498 4229 ὅμιλος
2551 4158 2609 4224 ἐξ
2643 4154 2894 4226 ἀγροτῶν
2949 4152 3386 4222 συνειλεγμένοι,
3435 4151 3541 4202 εἴτε
3597 4144 3676 4200 διὰ

2110 4252 2207 4321 τὴν
2259 4247 2602 4302 ἀποστασίαν
2662 4243 2964 4308 δεδοικότες
3001 4258 3019 4276 ·
3087 4244 3187 4308 τὴν
3252 4240 3369 4307 γὰρ
3424 4234 3675 4308 βασιλέως

2114 4345 2381 4410 πρότερον
2443 4337 2716 4408 φρουρὰν,
2764 4333 2864 4389 ’καὶ
2893 4335 2983 4388 τὸν
3015 4334 3255 4404 ἄρχοντα
3308 4332 3367 4385 ὂν
3391 4330 3678 4396 ἐπέστησεν

2113 4430 2320 4492 αὐτοῖς,
2361 4426 2548 4498 ἀπάτῃ
2599 4425 2969 4498 κατασχόντες
2999 4422 3270 4491 δεσμότας
3330 4421 3582 4489 ἔπεμψαν
3608 4415 3678 4474 είς

2118 4516 2371 4587 βασιλίδα
2401 4532 2417 4550 ⁸
2448 4514 2562 4568 εἴτε
2615 4514 2711 4567 καὶ
2739 4517 2928 4583 τρόπῳ
2957 4512 3021 4582 δή
3052 4529 3158 4564 τινι
3191 4511 3392 4581 ἑτέρῳ,
3421 4501 3677 4579 ἠμύνοντό

2113 4607 2506 4680 καρτερώτατα
2557 4605 2667 4662 ἀπὸ
2710 4606 2820 4657 τῶν
2859 4603 3056 4673 τειχῶν
3113 4603 3485 4674 ὀχυρωτάτων
3522 4600 3676 4652 ὄντων

2112 4705 2178 4757 ὲκ
2212 4700 2579 4770 κατασκευῆς,
2613 4701 2705 4752 καὶ
2736 4700 2846 4756 οὐδ’
2883 4699 3078 4767 ἄκροις
3104 4696 3210 4750 ὠσὶ
3239 4695 3534 4767 προσίεντο
3560 4690 3674 4762 τοὺς

2116 4796 2246 4865 περὶ
2277 4792 2603 4862 συμϐάσεως
2635 4782 2979 4862 λόγους.”Εν
3011 4787 3184 4856 τούτῳ
3211 4787 3270 4846 δὲ
3303 4789 3402 4840 καὶ
3422 4788 3451 4843 ὀ
3481 4783 3675 4839 Bard:-

2115 4884 2484 4954 ζηςΊωάννης
2516 4885 2581 4936 ἐκ
2615 4883 2912 4947 Βυζαντίου
2937 4881 3129 4943 νυκτὸς
3155 4878 3452 4944 διαλαθὼν,
3489 4877 3548 4929 οὺ
3576 4873 3672 4942 γὰρ

2115 4977 2380 5047 ἀσφαλῶς
2404 4979 2464 5028 τὸ
2496 4973 2758 5046 φρούριον
2790 4975 3166 5049 ἐπολιορκεῖτο
3191 4973 3280 5028 διὰ
3320 4973 3424 5046 τὴν
3453 4969 3672 5040 είρημέο

2115 5086 2213 5140 νην
2242 5069 2444 5130 αἰτίαν,
2479 5066 2594 5135 ἅμα
2623 5065 2824 5134 ὀλίγοις
2878 5064 3239 5136 στρατιώταις
3271 5061 3559 5124 εἰσελθὼν,
3588 5074 3674 5112 πε-

2119 5158 2404 5230 ριεποίησέ
2433 5175 2492 5210 τε
2521 5157 2582 5212 τὸ
2616 5158 2878 5230 φρούριον
2932 5157 3186 5230 βασιλίδι,
3227 5159 3324 5212 καὶ
3353 5155 3568 5226 βασιλεί
3603 5150 3672 5218 τῷ

2113 5247 2556 5316 Καντακουζηνῷ
2599 5247 2696 5317 τὴν
2727 5250 3068 5318 ἐπιχείρησιν
3102 5247 3430 5300 ἀνέλπιστον
3479 5243 3670 5297 ἐποίει.

2126 5342 2463 5410 ’Λναστήσας
2501 5341 2680 5394 τοίνυν
2717 5339 2926 5392 ἐκεῖθεν
2979 5341 3078 5408 τὴν
3127 5340 3415 5410 στρατιὰν,
3448 5341 3527 5401 είς
3579 5335 3671 5404 τὴν

2129 5427 2486 5480 Ἀναστασίου
2517 5428 2696 5492 πόλιν,
2753 5429 2786 5498 ἡ
2839 5426 3205 5499 Περιθεώριον
3259 5427 3368 5480 ὑπὸ
3415 5424 3671 5495 βασιλέως

1695 5543 1910 5618 Jacobi
1949 5545 2210 5619 Pontani
2237 5551 2434 5606 noue.

503 5637 612 5706 (85)
641 5637 844 5694 Gratcis
898 5641 1032 5708 μονὴ
1081 5649 1165 5695 est
1215 5642 1621 5702 monasterium,
1658 5644 1812 5709 quasi
1850 5644 2000 5698 diras

435 5710 774 5770 mausioneu‘
827 5716 1003 5765 ttuare
1033 5711 1193 5766 etiam
1222 5712 1582 5784 Scriptoribus
1616 5713 1999 5769 ecclesiasticis

2109 5645 2318 5698 Latinis
2363 5645 2782 5712 mansinnarius,
2820 5644 3122 5702 mansionis
3156 5642 3350 5707 incola,
3385 5638 3662 5702 habitator.

2108 5715 2158 5772 id
2196 5725 2297 5782 cst,
2331 5717 2666 5777 rnonasterii.
