3998 6198
242 308 351 373 897

1380 310 1925 372 HISTORIARUM
1971 307 2208 372 LIBER
2247 309 2367 371 lll.
2439 363 2441 365 .

3388 322 3494 384 898

240 425 339 494 τῆς
389 425 525 489 ἰδίας
586 424 852 494 ὡφελείας
908 443 1093 491 ενεκα,
1150 428 1266 494 εἴγε
1315 429 1411 480 καὶ
1443 426 1685 496 ὠφέλειά
1735 441 1819 489 τις

1934 425 2081 479 hoste
2107 422 2328 492 capitali
2369 422 2549 480 foedus
2575 424 2858 494 percutias
2895 441 2909 480 :
2943 427 2989 482 si
3028 435 3209 483 tamen
3239 443 3497 501 compen-

240 518 552 594 ἕψεται-ἑκ
586 519 685 588 τῆς
737 520 986 589 εἰρήνης,
1019 517 1156 572 ἀλλὰ
1195 517 1270 588 μὴ
1317 517 1492 589 βλάϐη
1535 517 1817 588 δεινοτέρα

244 613 310 665 ὲκ
339 611 450 664 τῶν
480 611 578 665 τοῦ
619 611 860 680 πολέμου
891 611 1276 680 γενησομένων
1323 611 1578 664 ἁπασῶν.
1612 611 1680 663 ’Δ
1713 610 1822 680 γὰρ

242 705 388 776 αὑτὴ
421 705 680 774 περὶτῆς
713 704 850 775 πρὸς
887 705 1095 756 ἐκεῖνον
1127 705 1355 774 εἰρήνης
1384 702 1484 771 τῆς
1520 701 1824 771 παρελθού-

246 814 346 868 σης
376 797 684 867 διειλέχθης
714 796 928 861 νυκτὸς,
957 797 1068 849 οὐδ’
1107 798 1256 865 ἡμᾶς
1289 794 1537 848 διέλαθεν
1566 793 1659 845 hri.
1692 793 1820 845 πολε

241 888 354 940 λῶν
383 888 654 959 εἰρημένα
713 889 928 951 ἀκοαῖς.
973 889 1216 941 Ἐκεῖνον
1277 887 1376 958 μὲν
1409 885 1502 940 οὖν
1531 887 1714 956 ἡμεῖς,
1746 883 1822 948 ὡς

239 981 391 1033 κατὰ
426 979 521 1032 σοῦ
563 979 658 1034 καὶ
689 979 798 1033 τῶν
835 980 1040 1032 παίδων
1069 981 1137 1033 τὰ
1182 980 1463 1033 δεινότατα
1510 979 1607 1032 καὶ
1647 977 1820 1031 διανο-

234 1069 482 1136 ούμενον
511 1068 606 1121 καὶ
633 1067 736 1138 ἤδη
767 1068 1100 1139 πράττοντα,
1137 1065 1326 1133 ὥσπερ
1356 1067 1464 1118 ἀπὸ
1498 1066 1627 1135 μιᾶς
1676 1062 1823 1131 γνώ-

235 1177 358 1229 μης
386 1160 653 1230 πολέμιόν
699 1176 757 1212 τε
787 1159 1139 1230 ἡγησάμεθα,
1160 1160 1256 1212 καὶ
1286 1159 1524 1222 οὐδενὸς,
1559 1159 1619 1211 τό
1647 1175 1711 1224 γε
1742 1159 1822 1222 είς

230 1253 396 1320 ἡμᾶς
424 1247 586 1324 ἧκον,
619 1251 979 1322 ἠμελήσαμεν
1026 1251 1137 1303 τῶν
1190 1250 1451 1320 βλάπτειν
1482 1251 1820 1319 δυναμένων.

231 1344 298 1397 Et
331 1345 384 1396 δ’
421 1347 488 1398 ἐκ
506 1362 672 1397 τινων
709 1343 902 1398 αἰτιῶν
933 1346 966 1414 ἡ
995 1345 1188 1414 είρήνη
1227 1343 1435 1413 μᾶλλον
1465 1343 1824 1412 συμφέρουσα

223 1436 534 1504 νομίζεται
561 1437 701 1502 νυνὶ,
736 1435 844 1488 οὐδ’
890 1436 1050 1506 ἡμεῖς
1097 1433 1536 1504 ὶναντιωσόμεθα
1589 1435 1726 1504 πρὸς
1754 1432 1824 1486 τὰ

224 1526 559 1594 φαινόμενα
591 1525 912 1588 λυσιτελεῖν,
945 1527 1106 1596 μόνον
1132 1528 1180 1578 εί
1205 1526 1398 1596 γνώμῃ
1428 1529 1580 1594 κοινῇ
1606 1526 1822 1579 πάντων

216 1613 406 1680 ἡμῶν
441 1613 702 1682 ἡ-εἱρήνη
751 1612 1176 1684 ὲπιψηφισθείη.
1209 1613 1288 1665 Τά
1335 1613 1445 1682 γὰρ
1480 1611 1584 1664 ὑπὸ
1614 1609 1822 1664 πολλῶν

214 1704 686 1773 δοκιμαζόμενα,
722 1706 926 1773 ἥκιστα
957 1705 1024 1758 ἂν
1069 1705 1441 1775 ἁμαρτηθείη.
1482 1703 1544 1758 El
1586 1702 1692 1788 μὲν
1729 1696 1822 1755 οὖν

1923 513 2100 578 dium,
2135 523 2191 568 et
2217 528 2328 568 non
2361 515 2642 582 omnibus,
2671 532 2794 586 qua:
2823 532 2856 573 e
2885 517 3029 572 bello
3053 519 3340 580 exsistent,
3373 537 3496 592 gra-

1927 605 2050 660 vius
2100 604 2448 674 dispendium
2503 621 2694 674 pacem
2740 608 2898 662 istam
2945 609 3320 664 comitabitur.
3367 612 3499 678 Quae

1921 697 2070 750 enim
2099 695 2168 750 de
2198 710 2329 765 pace
2359 709 2484 749 cum
2515 697 2633 766 ipso
2657 699 2898 755 ineunda
2926 701 3112 756 multis
3143 703 3498 759 audientibus

1923 787 2253 852 disseruisti,
2288 803 2388 842 nec
2419 804 2518 842 nos
2543 789 2736 845 latent.
2767 793 2946 858 Quare
2977 810 3076 848 nos
3109 811 3236 850 eum
3274 797 3417 850 ut.in
3447 805 3499 850 te

1923 895 1986 934 ac
2024 880 2164 935 ﬁlios
2191 889 2315 936 tuos
2349 885 2633 939 teterrima
2677 885 3098 952 parturientem,
3135 896 3188 941 ct
3214 888 3326 956 jam
3359 889 3502 942 (1(ιεί-

1923 980 2204 1040 gnantem,
2235 974 2484 1028 unanimi
2497 989 2768 1030 consensu
2803 989 2860 1030 et
2885 966 3097 1032 hostem
3127 978 3500 1044 decernimus,

1922 1071 1978 1116 et
2007 1071 2272 1132 quantum
2305 1064 2360 1118 in
2397 1065 2558 1120 nobis
2578 1074 2684 1131 est,
2727 1067 2864 1120 nihil
2897 1069 3044 1138 quod
3072 1069 3272 1124 laedere
3303 1073 3499 1140 possit,

1924 1153 1994 1208 ab
2019 1170 2086 1209 eo
2114 1155 2532 1211 abstinebimus.
2569 1157 2726 1223 Quod
2757 1159 2802 1213 si
2827 1161 3176 1228 quibusdam
3207 1177 3502 1232 argumen-

1927 1245 1995 1299 tis
2021 1261 2121 1314 pax
2150 1246 2203 1299 in
2253 1261 2496 1315 praesens
2545 1248 2764 1302 videtur
2807 1253 3118 1305 conducere
3165 1253 3356 1320 magis,
3401 1270 3501 1308 nec

1926 1352 2026 1392 nos
2085 1337 2520 1405 adversabimur,
2573 1339 2617 1392 si
2682 1350 2890 1394 tantum
2918 1343 3195 1396 communi
3253 1345 3498 1398 omnium

1928 1438 2174 1484 nostrum
2203 1429 2408 1498 iudicio
2440 1441 2497 1486 et
2523 1433 2798 1486 sententia
2823 1431 3220 1486 conﬁrmetur:
3247 1447 3276 1486 a
3313 1435 3502 1489 multis

1926 1521 2074 1575 enim
2125 1523 2425 1590 approbata
2479 1523 2704 1577 minime
2743 1524 3049 1593 decipiunt.
3095 1524 3234 1593 Ergo
3269 1527 3310 1578 si
3353 1527 3500 1594 quod

1927 1627 2028 1666 nos
2081 1613 2395 1679 sentimus,‘
2439 1623 2493 1667 tu
2551 1605 3085 1684 quoque‘senseris,
3141 1615 3504 1686 petitionique

1931 1713 2152 1765 nostrae,
2192 1715 2249 1758 ιιι
2293 1707 2472 1776 justae,
2516 1707 2697 1761 locum
2740 1707 3050 1776 reliqueris,
3090 1707 3506 1763 ﬂorebuntoin-
3567 1727 3574 1735 ·

217 1798 444 1868 ὥσπερ
476 1796 799 1866 ἐγνώκαμεν
835 1799 972 1867 αύτὴ
1009 1814 1069 1849 τε
1121 1796 1306 1866 πείθῃ,
1345 1797 1438 1848 καὶ
1467 1796 1566 1865 τὴν
1601 1794 1828 1858 ἀξίωσιν

1934 1800 2053 1853 nia:
2086 1800 2170 1854 sin
2201 1799 2342 1853 forte
2367 1799 2513 1853 aliud
2549 1801 2770 1863 statuis,
2811 1800 2970 1854 nobis
3002 1811 3189 1870 aperte
3215 1802 3414 1868 indica,
3448 1812 3506 1856 ut

219 1894 308 1961 ﬂ,
325 1892 414 1945 ὦν
446 1891 521 1953 ὠς
544 1891 760 1943 δικαίαν
797 1891 1105 1961 παραδὲχῃ,
1143 1891 1302 1942 πάντ’
1337 1888 1402 1941 ἂν
1431 1889 1544 1958 ἔχοι
1600 1889 1821 1957 ἄριστα.

219 1983 298 2036 Εἰ
333 1982 392 2035 δ’
428 1983 539 2050 ἄρα
572 1981 774 2051 ἑτέρως
807 1980 1054 2047 ἔγνωκας
1095 1980 1253 2052 αὑτὴ,
1285 1979 1400 2033 ἀλλ’
1430 1983 1562 2049 ἡμῖν
1589 1998 1651 2046 γε
1682 1980 1826 2050 φρά-

222 2093 332 2130 σον
363 2075 642 2145 φανερῶς,
675 2073 745 2128 ἴν’
781 2074 1012 2135 ἕκαστος
1046 2073 1121 2136 ὡς
1162 2073 1227 2126 ἂν
1259 2057 1498 2141 μάλιστα
1538 2067 1647 2134 οἷός
1675 2089 1732 2124 τε
1767 2067 1824 2145 ᾗ.

223 2169 339 2238 τὴν
371 2167 660 2238 σωτηρίαν
693 2164 962 2238 ἐκπορίζῃ
996 2165 1199 2235 ἐαυτῷ.
1231 2166 1435 2225 Πάντες
1459 2164 1516 2216 δὲ
1545 2157 1632 2216 οἷα
1659 2165 1828 2233 πατρὶ

229 2257 617 2328 πνευματικῷ
649 2258 729 2328 τῷ
766 2259 1079 2329 πατριάρχῃ
1117 2258 1182 2328 ἢν
1209 2258 1322 2325 ἔχει
1349 2256 1576 2326 γνώμην
1599 2255 1828 2317 ἕκαστος

241 2355 372 2420 περὶ
402 2350 478 2403 τά
546 2350 792 2419 παρόντα
832 2349 1164 2419 ἁνεθέμεθα,
1201 2347 1260 2412 ἐξ
1290 2344 1352 2402 οὗ
1398 2347 1602 2416 δυνήσῃ
1635 2345 1827 2414 μαθεῖν

240 2440 595 2510 σαφέστερον
621 2439 692 2492 τὰ
715 2437 840 2492 καθ’
862 2441 894 2507 ἠ
905 2440 1036 2507 μᾶς.
1059 2437 1244 2500 Οὕτως
1276 2435 1551 2499 εἰπόντας,
1579 2436 1828 2489 ἐκέλευεν

241 2527 414 2591 εὐθὺς
441 2529 471 2580 ὁ
506 2527 856 2596 πατριάρχης
889 2527 1196 2596 ὑποχωρεῖν
1217 2541 1232 2556 ο
1269 2524 1429 2594 μόνος
1457 2523 1513 2576 δὲ
1555 2522 1690 2592 πρὸς
1727 2521 1828 2592 p.6-

243 2633 342 2685 νην
378 2615 484 2683 τὴν
519 2614 769 2684 βασιλίδα
805 2613 1175 2683 ὑπολειφθεὶς,
1208 2614 1324 2677 Τίς,
1356 2613 1582 2681 ἔφασκε,
1620 2609 1830 2676 βάσκα-

247 2725 336 2770 νος
373 2707 594 2777 δαίμων
633 2705 867 2759 τοιαῦτα
915 2708 1149 2759 πέπεικε
1184 2703 1522 2771 λογίζεσθαι,
1557 2701 1656 2756 ούκ
1699 2702 1830 2754 ἁλυ-

249 2801 439 2869 σιτελῆ
481 2800 667 2868 μόνον,
715 2800 852 2853 ἀλλὰ
909 2799 1002 2852 καὶ
1035 2796 1272 2851 ἀδύνατα
1329 2795 1548 2864 σχεδόνς
1607 2794 1730 2846 Τίσι
1775 2793 1832 2846 δὲ

252 2895 521 2964 χρωμένη
551 2893 856 2962 λογισμοῖς,
889 2887 1344 2956 Καντακουζηνὸν
1375 2887 1559 2958 ᾠήθης
1596 2887 1727 2953 φίλα
1752 2885 1832 2938 σοί

254 3002 310 3037 τε
338 2988 437 3037 καὶ
457 2986 618 3038 παισὶ
646 2983 908 3038 δύνασθαί
932 2999 1059 3035 ποτε
1093 2981 1388 3052 φρονήσειν
1408 2981 1530 3044 ;Ὃς
1566 2978 1675 3047 γὰρ
1705 2977 1832 3048 μήθ’

1927 1887 2158 1956 quisque
2185 1905 2346 1958 quam
2387 1891 2596 1960 Optime
2643 1890 2854 1955 licebit,
2891 1891 3053 1945 saluti
3121 1907 3235 1946 sme
3285 1908 3508 1962 prospe-

1927 1989 2075 2034 ctum
2129 1993 2236 2036 eat.
2266 1981 2430 2054 460
2479 1981 2682 2038 Omnes
2716 1963 2908 2037 anteiri
2945 1998 3141 2038 sensus
3181 1995 3398 2039 nostros
3438 1985 3506 2038 de

1926 2080 2179 2142 praesenti
2234 2089 2416 2128 rerum
2463 2083 2611 2129 statu
2656 2075 3006 2145 patriarchae,
3047 2084 3305 2143 tanquam
3362 2078 3505 2146 patri

1926 2163 2200 2231 spirituali
2255 2166 2657 2230 commisimus,
2696 2183 2762 2220 ex
2793 2172 2913 2236 quo;
2947 2168 3172 2225 clarius.
3198 2170 3329 2236 quid
3376 2171 3508 2223 veli-

1930 2270 2072 2319 mus,
2106 2256 2388 2330 percipere
2417 2257 2642 2324 poteris.
2679 2258 2804 2311 Ηωο
2823 2258 2909 2311 ubi
2944 2259 3226 2324 dixerunt,
3273 2262 3508 2330 patriar-

1927 2350 2030 2404 cha
2057 2349 2311 2418 protinus
2357 2348 2495 2402 alios
2543 2349 2697 2403 abire
2729 2349 2912 2419 jussit,
2943 2350 3205 2420 solusque
3243 2353 3384 2420 apud
3421 2368 3507 2406 so-

1927 2441 2036 2495 lam
2101 2439 2501 2510 imperatricem
2575 2455 2897 2503 remanens,
2952 2440 3086 2506 Quis
3130 2452 3237 2495 tam
3292 2445 3508 2499 invidus

1929 2534 2168 2594 dannon,
2207 2531 2408 2600 inquit,
2443 2530 2508 2584 ad
2541 2531 2657 2584 haec
2683 2545 2790 2584 non
2831 2531 2992 2584 modo
3023 2531 3384 2598 infructuosa,
3409 2536 3506 2589 sed

1930 2623 2080 2677 factu
2115 2623 2282 2677 etiam
2313 2622 2709 2691 propemodum
2750 2623 3112 2692 impossibilia
3159 2625 3424 2679 volvenda
3457 2636 3509 2680 te

1933 2715 2187 2769 induxit?
2208 2713 2464 2780 Quaenam
2500 2717 2740 2769 rationes
2768 2730 2818 2769 te
2848 2725 3092 2781 movent,
3139 2726 3198 2772 ut
3240 2717 3510 2773 Cantacu-

1933 2821 2130 2860 zenum
2179 2806 2280 2860 tibi
2329 2819 2392 2859 ac
2433 2806 2621 2861 liberis
2674 2808 2783 2861 tuis
2820 2823 3061 2878 unquam
3104 2809 3343 2864 amicum
3387 2826 3510 2865 esse

1933 2897 2456 2967 posseexistinies?
2492 2897 2593 2962 Qui
2642 2900 2789 2953 enim
2834 2916 3014 2969 neque
3038 2901 3108 2954 ab
3153 2901 3508 2970 imperatore,

1936 2990 2116 3060 neque
2147 2991 2244 3044 abs
2273 2999 2325 3044 te
2366 2992 2520 3060 prius
2551 2992 2657 3046 ulla
2687 2992 2738 3044 in
2777 3008 2834 3045 re
2864 2993 3130 3056 otl'ensus,
3168 2995 3263 3048 sed
3300 2994 3507 3048 diutis-

256 3080 360 3130 ὑπὸ
389 3077 684 3148 βασιλέως,
725 3079 860 3147 μήτε
897 3075 996 3129 σοῦ
1026 3075 1290 3146 πρότερον
1325 3071 1494 3142 μηδὲν
1527 3072 1830 3140 ἀδικηθεὶς,

1936 3083 2076 3138 sime
2095 3083 2281 3137 multis
2305 3083 2466 3139 bonis
2484 3084 2818 3148 cumulatus,
2844 3085 2993 3138 brevi
3015 3085 3260 3139 omnium
3285 3087 3509 3150 oblitus,

257 3174 398 3226 ἀλλὰ
438 3173 650 3225 πολλῶν
691 3171 785 3224 ἐπὶ
818 3169 1070 3222 πλεῖστον
1107 3169 1299 3238 χρόνον
1330 3165 1647 3228 ἀπολαύσας
1697 3167 1832 3232 ἁγα-

1939 3191 2046 3229 non
2094 3175 2330 3245 imperio
2371 3176 2570 3242 solum,
2599 3175 2694 3230 sed
2740 3176 2901 3231 saluti
2931 3174 3096 3232 etiam
3138 3190 3337 3232 vestrae
3379 3179 3515 3233 insi-

257 3267 367 3320 θῶν
399 3266 623 3318 πάντων
663 3264 1091 3334 ἐπιλελησμένος
1137 3262 1198 3314 ὲν
1233 3261 1446 3330 βραχεῖ,
1481 3261 1541 3310 ού
1575 3257 1832 3326 περὶτῆς

255 3354 440 3425 ἀρχῆς
465 3354 652 3422 μόνον,
691 3352 830 3406 ἀλλὰ
857 3351 954 3404 καὶ
977 3351 1107 3420 περὶ
1141 3351 1413 3420 σωτηρίας
1443 3347 1830 3408 ἐπεϐούλευσε,

256 3449 377 3511 πῶς
419 3448 486 3500 ἂν
536 3449 624 3515 εῖη
656 3446 865 3506 δίκαιος
899 3443 1255 3497 πιστεύεσθαι
1306 3445 1433 3510 περὶ
1473 3442 1580 3492 τῶν
1609 3438 1834 3506 μελλόν-

256 3558 387 3602 των,
419 3543 517 3592 καὶ
546 3538 722 3592 ταῦτα
757 3537 856 3591 οὐκ
889 3536 1090 3605 ὀλίγων
1121 3535 1275 3605 παρὰ
1313 3535 1406 3586 τὸν
1445 3532 1538 3586 τοῦ
1593 3530 1833 3598 πολέμου

258 3632 460 3703 χρόνον
487 3631 596 3684 τῶν
637 3630 941 3684 δοκούντων
972 3627 1323 3698 ὲφυὸρισιῶν
1363 3625 1496 3695 πρὸς
1532 3623 1694 3676 αὑτὸν
1743 3636 1834 3688 γε·

257 3728 583 3798 γενημένων
616 3746 632 3792 ;
660 3722 832 3780 Οἶσθα
885 3724 930 3776 δ’
975 3721 1049 3785 ὡς
1106 3723 1223 3784 τοῖς
1270 3719 1598 3787 εἰθισμένοις
1648 3716 1836 3786 ἄρχειν

259 3825 357 3872 καὶ
382 3817 652 3890 τιμᾶσθαι
684 3815 838 3886 παρὰ
859 3817 1078 3869 πάντων
1129 3814 1198 3864 τὰ
1223 3810 1450 3864 τοιαῦτα
1479 3810 1714 3878 μάλιστα
1735 3807 1836 3860 οὐκ

257 3914 494 3967 ἀνεκτά.
532 3912 593 3964 El
631 3909 679 3964 δ’
708 3911 816 3982 ἄρα
854 3907 951 3962 τοῦ
987 3907 1184 3978 χρόνον
1235 3906 1584 3976 τριϐομένου,
1622 3905 1654 3970 ἡ
1698 3918 1772 3970 πρ
1805 3917 1834 3963 ς

257 4008 475 4058 ἐκεῖνον
507 4003 752 4072 φαίνοιτο
784 4003 980 4073 εἰρήνη
1027 3998 1326 4067 ἀναγκαία,
1370 3997 1581 4066 βέλτιον
1611 3997 1732 4056 ταῖς
1768 3995 1834 4046 ά-

255 4098 488 4150 πάντων
516 4095 809 4165 χρωμένην
841 4093 1092 4162 γνώμαις
1128 4090 1421 4160 πράττειν,
1445 4087 1482 4142 δι
1513 4092 1664 4156 κοινῇ
1691 4085 1838 4138 δοκεῖ

253 4186 585 4248 λυσιτελεῖν,
638 4183 671 4254 ἢ
731 4184 842 4235 τῶν
873 4178 1490 4248 άλλωνάμελήσασαν,
1538 4173 1838 4244 ἀπερισκέ-

255 4296 412 4340 πτως
443 4278 514 4328 τὰ
546 4273 937 4346 παριστάμενα
964 4273 1164 4324 ποιεῖν.
1201 4269 1262 4322 El
1300 4269 1399 4338 μὲν
1432 4263 1528 4321 οὖν
1569 4267 1704 4336 πρὸς
1740 4258 1839 4333 τήν

251 4374 494 4436 ἀξίωσιν
523 4368 707 4421 αὐτῶν
741 4365 1088 4428 ἐπινεύσειας
1145 4363 1244 4418 καὶ
1285 4361 1443 4429 αὐτὴ,
1487 4360 1582 4412 καὶ
1615 4358 1750 4427 πρὸς
1779 4357 1840 4410 τὸ

1935 3267 2118 3321 diatus
2171 3277 2276 3329 est,
2336 3283 2446 3337 quo
2479 3277 2638 3337 pacto
2678 3269 2752 3323 illi
2793 3270 2924 3325 lides
2973 3270 3027 3324 in
3089 3269 3336 3324 futurum
3386 3271 3514 3340 jure

1937 3358 2272 3413 habebitur?
2319 3360 2484 3428 idque
2512 3375 2636 3412 cum
2670 3375 2775 3414 non
2811 3363 2962 3429 pauci
2992 3377 3090 3431 per
3143 3372 3359 3432 tempus
3385 3361 3514 3418 belli

1937 3451 1991 3502 in
2013 3463 2140 3501 eum
2173 3449 2558 3521 cpntumeliosi
2604 3449 2773 3505 fuisse
2820 3451 3130 3507 videantur.
3167 3453 3285 3507 Non
3319 3464 3370 3508 te
3421 3471 3516 3508 au-

1937 3548 2045 3594 tem
2077 3538 2237 3609 fugit,
2272 3554 2434 3607 quam
2463 3539 2529 3592 iis
2557 3540 2651 3607 qui
2684 3539 2806 3592 aliis
2835 3540 3152 3610 imperitare
3209 3553 3263 3595 et
3298 3543 3515 3611 publice

1936 3631 2042 3686 coli
2074 3646 2136 3684 ac
2168 3628 2428 3684 honorari
2473 3640 2901 3696 consueverunt,
2927 3632 3242 3702 hujusmodi
3300 3634 3516 3701 injuria:

1939 3719 2312 3776 intolerabiles
2333 3718 2466 3773 sint.
2498 3719 2554 3774 Si
2593 3729 2839 3791 tempore
2871 3723 3206 3791 procedente
3255 3740 3357 3794 pax
3385 3740 3510 3780 cum

1940 3814 2033 3868 illo
2064 3812 2372 3867 necessaria
2420 3812 2777 3882 iudicabitur,
2834 3815 3114 3883 praestabit
3167 3815 3236 3870 de
3266 3817 3515 3871 omnium

1937 3915 2189 3958 nostrum
2219 3905 2492 3958 sententia
2539 3905 2744 3970 facere,
2776 3921 2898 3975 qua:
2931 3907 3075 3962 bono
3101 3908 3211 3962 sint
3235 3910 3514 3972 omnibus,

1939 4013 2102 4068 quam
2135 3997 2258 4051 aliis
2283 4012 2391 4050 non
2411 3996 2722 4066 appellatis,
2753 3997 3071 4053 inconsulto
3101 4000 3248 4068 quod
3274 3999 3329 4053 in
3363 4015 3518 4054 meu-

1941 4102 2051 4146 tem
2076 4090 2226 4144 venit
2269 4090 2516 4158 exsequi.
2548 4089 2891 4160 Quapropter
2936 4091 2980 4145 si
3007 4105 3200 4145 eorum
3222 4093 3517 4162 postulatis

1939 4195 2212 4243 annuens,
2240 4189 2430 4234 contra
2463 4180 2725 4248 promissa
2771 4181 2910 4234 nihil
2955 4196 3197 4250 unquam
3237 4194 3290 4236 te
3338 4182 3507 4235 iactu-

1941 4287 2057 4326 ram
2117 4272 2278 4326 lldem
2332 4272 2570 4335 dederis,
2633 4271 2734 4341 ipsi
2786 4272 3028 4327 vicissim
3091 4289 3192 4343 pro
3228 4274 3513 4344 dignitate,

1945 4365 2360 4432 commodisque
2394 4362 2501 4416 tuis
2520 4373 2575 4416 et
2606 4363 2891 4431 pecunias,
2927 4376 2982 4415 et
3008 4363 3291 4432 oppositus
3324 4379 3517 4431 corpo-

255 4466 463 4535 μέλλον
511 4463 698 4514 πίστιν
727 4462 853 4513 τινὰ
903 4457 1233 4528 παράσχοιο,
1278 4454 1349 4513 ὡς
1383 4452 1538 4505 οὐδὲν
1580 4450 1832 4503 οὐδέποτε

1945 4472 2064 4509 rum
2102 4471 2349 4514 suorum,
2382 4467 2459 4515 et.
2487 4455 2534 4506 si
2582 4470 2804 4508 necesse
2833 4455 2962 4517 erit,
3004 4470 3110 4523 qua
3156 4455 3232 4508 nil
3271 4457 3513 4520 cltarius,

247 4558 417 4627 παρὰ
450 4556 520 4608 τὰ
559 4555 918 4623 ὑπεσχημένα
964 4550 1208 4620 δράσεις,
1245 4545 1341 4599 καὶ
1390 4544 1545 4597 αὐτοί
1586 4559 1670 4594 σοι
1703 4539 1838 4608 πρὸς

247 4654 444 4705 πάντα
480 4647 578 4699 καὶ
616 4648 862 4716 χρήμασι
931 4644 1025 4695 καὶ
1075 4642 1296 4709 σώμασι
1352 4635 1630 4705 πρόθυμοι
1671 4648 1840 4684 aova-

248 4739 620 4812 γωνιοῦνται,
649 4740 743 4791 καὶ
768 4736 878 4790 οὐδ’
909 4734 1101 4804 αὐτῆς,
1150 4733 1198 4784 εἰ
1229 4731 1361 4793 δέοι,
1393 4730 1494 4798 τῆς
1531 4727 1691 4795 φίλης
1720 4725 1841 4792 φεί-

249 4851 456 4892 σονται
490 4831 658 4900 ζωῆς,
698 4829 837 4882 ὥστε
867 4827 1157 4897 προΐεσθαι
1190 4823 1334 4892 ὑπὲρ
1370 4819 1480 4872 τῶν
1510 4835 1594 4871 σοι
1631 4818 1844 4878 λυσιτε·

245 4930 529 4984 λούντων.
561 4925 658 4976 Ἂν
713 4921 760 4974 δ’
816 4921 1020 4987 ἑτέρως
1071 4915 1369 4969 αῖσθωνται
1418 4909 1841 4983 βουλευομένην,

245 5021 412 5080 ὀκνῶ
439 5020 544 5088 μὲν
569 5017 764 5081 εἰπεῖν,
790 5011 1168 5081 ἀποκρύπτειν
1202 5007 1259 5060 δὲ
1289 5007 1352 5059 οὐ
1372 5005 1604 5067 δίκαιον,
1636 5002 1712 5064 ὠς
1746 5000 1844 5069 μία

245 5119 404 5171 πᾶσι
431 5110 682 5179 παρέστη
709 5105 925 5176 γνώμη,
957 5103 1050 5157 καὶ
1069 5103 1250 5172 ὅρκοις
1278 5100 1378 5168 την
1397 5097 1651 5167 ὁμόνοιαν
1671 5097 1846 5162 ἠσφα-

245 5212 520 5266 λίσαντο.
554 5203 614 5255 σὲ
651 5202 749 5271 μὲν
779 5201 870 5252 καὶ
904 5197 1097 5258 παῖδας
1119 5184 1474 5246 ’ἀποκτείνειν
1501 5211 1512 5222 ο
1551 5189 1748 5250 αὐτοὺς
1787 5187 1845 5238 δὲ

243 5299 571 5366 Βυζάντιον
599 5293 954 5360 κατέχοντας,
981 5287 1120 5340 ὅπλα
1171 5279 1616 5349 Καντακουζηνῴ
1657 5278 1844 5331 ἀνταί-

250 5411 385 5466 ρειν
447 5388 613 5457 μέχρι
675 5388 878 5444 παντὸς
928 5382 1022 5431 τοῦ
1053 5376 1302 5431 δυνατοῦ.
1336 5377 1432 5425 “Av
1467 5373 1511 5424 δ’
1566 5369 1845 5427 ἀδυνάτως

246 5461 436 5558 ἔχωσι
473 5479 610 5546 πρὸς
635 5477 694 5527 τὸ
742 5471 1070 5543 ἀμύνεσθαι,
1117 5467 1316 5538 μᾶλλον
1365 5463 1650 5535 αἱροῦνται
1692 5461 1845 5512 Ἀλε-

247 5555 482 5644 ξάνδρῳ
533 5570 610 5637 τῷ
642 5567 842 5621 Μυσῶν
874 5564 1084 5635 βασιλεῖ
1113 5558 1382 5638 δοηλεύειν
1409 5556 1506 5622 τὴν
1555 5555 1707 5606 πόλιν
1742 5571 1846 5605 πα-

253 5668 560 5740 ραδόντας,
587 5663 619 5729 ἢ
655 5663 766 5722 τοῖς
798 5661 860 5711 εκ
893 5653 1166 5717 Βενετίας,
1207 5653 1240 5721 ἢ
1274 5648 1538 5710 ιἐννούας
1573 5646 1845 5740 ᾼατίνοις,

253 5738 280 5838 ἢ
331 5752 793 5824 Καντακουςηνῷ
838 5751 1076 5820 δεσπότῃ
1110 5744 1370 5818 χρῆσθαι.
1398 5744 1528 5797 Ὀτε
1573 5738 1668 5793 οὖν
1703 5739 1738 5808 ἦ
1785 5755 1843 5790 τε

1945 4546 2182 4599 animam
2241 4545 2674 4613 sanguinemque
2703 4559 2863 4598 suum
2896 4544 3247 4612 pollicentur.
3282 4546 3336 4599 Si
3367 4547 3515 4600 aliud

1945 4643 1998 4690 te
2029 4635 2168 4689 velle
2197 4634 2509 4704 cngnorint,
2541 4633 2740 4687 horreo
2784 4633 2987 4698 dicere,
3019 4636 3164 4704 quod
3199 4651 3379 4690 tamen
3427 4653 3522 4690 oo-

1949 4727 2162 4782 cultum
2194 4727 2383 4780 haberi
2415 4741 2523 4779 non
2561 4727 2747 4790 debet,
2806 4741 2962 4781 mens
2988 4727 3250 4782 omnibus
3283 4744 3388 4782 una
3411 4737 3518 4793 est,

1945 4829 2000 4872 et
2033 4829 2438 4872 sacramentum
2481 4818 2626 4870 inter
2649 4832 2709 4870 se
2731 4817 3012 4882 dixerunt,
3049 4825 3109 4869 ut
3141 4827 3192 4872 te
3224 4833 3347 4872 cum
3384 4819 3524 4872 Iibe-

1948 4911 2023 4964 ris
2047 4910 2448 4974 contrucidata,
2479 4909 2796 4980 Byzantium
2835 4918 3126 4978 occupent,
3153 4921 3210 4963 et
3247 4910 3519 4963 Cantacu-

1948 5017 2105 5067 zeno,
2140 5019 2248 5072 qua
2282 5002 2557 5056 valuerint
2585 5001 2790 5056 virtute
2843 5002 3124 5055 resistant.
3162 5001 3218 5054 Si
3260 5000 3311 5054 id
3339 5003 3521 5054 minus

1946 5105 2225 5166 poterunt,
2255 5094 2566 5148 Alexandro
2608 5093 2903 5148 Moesorum
2941 5093 3053 5161 regi
3089 5095 3222 5146 urbe
3253 5091 3520 5146 transdita

1947 5188 2155 5242 servire
2187 5186 2418 5249 malunt,
2457 5201 2618 5256 quam
2649 5194 2746 5239 aut
2787 5183 3043 5245 Venetos,
3076 5189 3169 5236 aut
3198 5182 3520 5237 Genuenses

1949 5262 2193 5342 Latinos,
2229 5289 2325 5334 aut
2357 5277 2798 5332 Cantacuzenum
2825 5275 3082 5329 dominos
3120 5276 3350 5343 perpeti.
3375 5275 3516 5339 Quia

1949 5373 2117 5442 igitur
2140 5372 2348 5441 justum
2392 5379 2606 5439 petunt,
2641 5382 2943 5435 eorumque
2976 5365 3300 5435 petitionem
3337 5365 3521 5435 despi-

1949 5481 2096 5527 cere,
2137 5479 2247 5516 non
2300 5463 2396 5514 tibi
2433 5461 2606 5514 solum
2643 5476 2706 5513 ac
2772 5460 2962 5512 liberis
3005 5459 3114 5512 tuis
3150 5458 3519 5526 periculosum

1917 5548 2052 5620 Iest,
2107 5555 2205 5608 sed
2251 5543 2306 5606 et
2347 5555 2443 5605 toti
2502 5553 2874 5605 Romanorum
2934 5551 3162 5620 imperio
3216 5552 3522 5604 vastitatem

1950 5664 2011 5701 ac
2041 5645 2338 5716 perniciem
2369 5651 2666 5696 extremam
2691 5641 2996 5707 minitatur,
3044 5642 3267 5712 quinam
3290 5643 3520 5713 justum,

1951 5749 2048 5793 aut
2076 5737 2230 5803 utile,
2261 5749 2470 5806 quaeso,
2507 5742 2732 5804 propter
2750 5745 3066 5806 exspectata
3095 5752 3159 5792 ex
3190 5751 3327 5804 pace
3361 5739 3520 5800 bona.
