3998 6198
577 277 683 342 933

1764 270 2094 332 JOANNIS
2127 269 2657 331 CANTACUZENI
3643 287 3729 346 92'.

578 391 874 449 atmodum
904 387 1253 460 corporibus,
1284 387 1364 443 sic
1397 386 1600 442 animis
1613 400 1834 456 quoque
1852 383 2158 454 promissis,

2274 384 2366 437 οὑκ
2397 386 2589 438 εἴασαν
2620 385 2712 437 ἐπὶ
2754 386 2976 454 ταυτὸν,
3007 386 3123 442 ἀλλ’
3158 387 3306 440 ἄλλον
3337 388 3504 444 ἄλλοσε
3546 392 3736 451 διέσπειο

579 496 634 540 et
704 483 984 538 blanditiis
1067 495 1314 536 seorsum
1395 477 1781 547 unusquisque
1869 483 2164 545 corruptus

580 584 990 647 separarentur.
1032 573 1262 629 Flucbat
1318 572 1490 642 igitur
1543 578 1784 638 tempus,
1821 577 1878 624 et
1909 568 2055 622 dicta
2103 567 2161 622 in

581 680 776 721 ventos
830 674 1192 729 recesserant,
1253 678 1439 731 neque
1496 662 1751 716 monachi
1789 677 1937 716 cura:
1981 670 2160 718 erant.

581 760 680 826 Qui
703 767 1016 822 cernentes,
1035 773 1130 812 eos
1163 756 1304 811 bello
1355 770 1519 824 quam
1552 769 1683 823 pace
1708 753 1945 822 gaudere
1966 753 2159 821 magis,

583 866 708 905 cum
736 851 897 905 toties
931 865 1099 918 super
1131 862 1194 902 ea
1232 846 1430 918 rogati,
1464 845 1530 898 ad
1565 846 1826 900 obtentns
1892 848 2161 913 quosdam

585 952 640 993 et
694 955 894 994 causas
945 937 1360 992 commentitias
1412 934 1812 1004 confugerent,
1851 931 2160 987 revertendi

585 1042 908 1099 potesmtem
935 1030 1270 1097 petiverunt.
1306 1027 1376 1082 At
1407 1027 1528 1082 istis
1567 1041 1668 1080 nec
1712 1027 1814 1080 hoc
1849 1025 2162 1080 conducere

584 1125 759 1177 visum
802 1131 907 1186 est,
938 1132 998 1175 ut
1027 1120 1260 1191 digressi
1302 1119 1559 1174 monachi
1588 1120 1736 1188 ipsos
1785 1117 1933 1180 belli,
1965 1115 2164 1171 Canta-

580 1229 850 1267 cuzenurn
904 1214 1055 1282 pacis
1148 1221 1430 1264 auctorem
1488 1209 1873 1280 praedicarent,
1920 1207 2164 1262 testimo~

582 1308 843 1377 niumque
873 1307 1106 1370 ferrent,
1166 1305 1319 1358 illum
1379 1303 1609 1372 justitize
1677 1311 2052 1356 consentanea
2109 1309 2166 1354 et

582 1398 926 1457 universitati
957 1398 1236 1452 fructuosa
1269 1395 1571 1465 postulare.
1608 1395 1728 1450 Non
1761 1397 1906 1448 enim
1937 1393 2166 1462 quibus-

579 1499 706 1551 dam
792 1495 1009 1550 levibus
1081 1491 1409 1546 ratiunculis
1479 1506 1677 1545 usuros
1749 1489 2165 1544 arbitrabantur

581 1590 783 1657 quibus
849 1587 1087 1656 pepulos
1145 1585 1537 1654 perturbarent
1574 1624 1589 1650 ,
1652 1594 1819 1651 atque
1879 1582 1945 1635 ad
2014 1595 2164 1634 arma

583 1679 987 1740 incenderent,
1049 1691 1175 1731 cum
1245 1676 1349 1746 ipsi
1397 1691 1464 1730 cx
1535 1676 1788 1729 instituto
1848 1673 2165 1728 blaterones

581 1770 847 1840 quosdam
904 1771 1242 1824 subornatos
1273 1785 1372 1838 per
1416 1769 1619 1838 oppida
1672 1767 2029 1826 dimisissent,
2068 1765 2162 1834 qui

582 1863 1014 1931 proclamarem,
1047 1859 1497 1914 Cantacuzenum
1557 1860 1626 1914 ab
1679 1857 1967 1912 auditione
2017 1856 2169 1925 pacis

585 1952 906 2015 abhorrere,
937 1961 993 2004 et
1021 1949 1228 2003 minari
1262 1963 1320 2003 se
1353 1949 1522 2002 relata
1564 1947 1797 2002 victoria
1825 1945 2170 2014 imperatoris

583 2045 795 2098 liberos
836 2043 1112 2097 facturum
1159 2041 1421 2096 mortales
1449 2038 1812 2103 miserrimos,
1833 2053 1897 2092 ac
1913 2051 2169 2108 peraeque

588 2139 750 2203 alios,
775 2145 1047 2206 quotquot
1083 2149 1271 2188 arnore
1302 2134 1528 2203 justitiaa
1563 2148 1661 2202 pro
1717 2131 1850 2200 ipsis
1880 2143 2069 2185 contra
2115 2143 2173 2184 se

584 2229 972 2301 pugnaverint.
1006 2225 1316 2281 incitabant
1343 2225 1510 2294 igitur
1539 2222 1794 2292 populos,
1836 2229 1897 2274 ut
1932 2220 2167 2276 tiliorum

583 2319 935 2390 imperatoris
972 2319 1084 2390 jam
1136 2317 1511 2387 orphanorum
1567 2316 1738 2369 vicem
1793 2313 2064 2376 dolentes,
2101 2313 2170 2367 ab

583 2429 776 2468 eorum
807 2411 1082 2481 capitibus
1107 2409 1347 2464 hominis
1370 2401 1604 2478 injurias
1643 2407 2054 2476 propulsarent.
2088 2404 2172 2460 0b

589 2508 693 2561 hoc
756 2505 945 2574 itaque
1033 2496 1602 2564 commentabantur,
1677 2497 1956 2568 quomodo
2025 2497 2171 2550 inter

584 2597 882 2652 monachos
963 2595 1112 2648 litem
1191 2601 1248 2646 ct
1301 2591 1700 2645 dissensionem
1765 2596 2036 2654 sererent.
2089 2587 2171 2640 Ac

584 2688 882 2742 Macarium
927 2687 1150 2756 quidem
1204 2684 1397 2738 Laur-.e
1449 2681 1802 2753 praefectum,
1859 2679 2171 2750 metropoli-

586 2790 695 2835 tam
729 2779 1274 2834 Thessalonicensem
1295 2777 1671 2846 designantes,
1700 2790 1768 2830 eo
1794 2773 2171 2844 perduxerunt

585 2882 778 2926 utnon
823 2879 1036 2924 tantum
1079 2871 1146 2924 ab
1175 2869 1301 2923 aliis
1348 2867 1634 2921 monachis
1663 2865 1980 2929 dissideret,
2007 2861 2172 2934 m

585 2941 792 3030 eosque
828 2959 1301 3015 Cantacuzenismi
1374 2968 1629 3028 argueret
1689 2957 1841 3029 (quia
1899 2957 2164 3010 nimirum

2268 494 2371 546 ραν
2399 496 2411 508 ·
2449 477 2523 540 ὡς
2575 477 2642 531 ἂν
2670 480 2736 548 τῇ
2768 479 3054 533 διαστάσει
3099 481 3206 534 τῶν
3244 481 3489 550 σωμάτων
3539 487 3616 538 καὶ
3650 493 3739 549 ταῖς

2265 567 2516 639 γνώμαις
2543 569 2868 634 διαστῶσιν,
2906 571 3232 639 ὑποσχέσεσι
3256 574 3346 626 καὶ
3369 575 3524 640 λόγοις
3555 576 3741 646 ἰδίᾳὲκα.

2266 677 2394 723 στος
2421 661 2842 732 διαφθαρέντες.
2875 663 3156 734 Ἑτρέσετο
3189 668 3284 733 μὲν
3312 661 3398 718 οὖν
3419 668 3445 718 ὸ
3479 668 3650 735 χρόνος,
3674 673 3741 722 καὶ

2264 753 2491 822 οὐδεμία
2524 753 2632 806 τῶν
2665 755 2978 822 εἰρημένων
3014 751 3079 824 ἦν
3111 759 3325 826 ιρροντὶς
3350 799 3365 821 ,
3393 760 3502 811 διὶδὲ
3529 777 3594 820 τις
3627 761 3740 828 λόγος

2266 843 2478 910 ἐγίνετο
2521 843 2631 895 τῶν
2662 845 2934 913 μοναχῶν.
2981 845 3214 898 Ἐκεῖνοι
3241 848 3296 899 δὲ
3325 846 3537 913 ὁρῶντες
3561 847 3622 910 ὡς
3649 851 3743 917 pi).-

2268 935 2361 988 λον
2393 936 2578 997 αὐτοῖς
2613 936 2860 1004 αἱρετέος
2915 939 3065 988 ἐστὶν
3105 941 3132 992 ὁ
3185 940 3432 1006 πόλεμος,
3480 943 3742 1012 ﬁlium-ni.

2269 1027 2411 1095 μετὰ
2453 1029 2514 1077 τὸ
2561 1027 2734 1079 πολλὰ
2778 1028 3041 1096 δεηθῆναι
3095 1031 3224 1110 περὶ
3267 1033 3444 1101 αὶτῆς,
3498 1034 3604 1084 ἐπεὶ
3647 1035 3745 1104 πρὸς

2269 1117 2506 1186 σκήψεις
2573 1119 2671 1171 καὶ
2713 1119 3039 1187 προφάσεις,
3085 1124 3177 1172 καὶ
3237 1122 3385 1173 οὐδὲν
3434 1123 3570 1189 ὑγιὲς
3610 1125 3746 1193 ἑώρων

2202 1281 2213 1288 _
2267 1210 2744 1275 καταφεύγοντας,
2803 1211 2904 1281 τὴν
2962 1213 3223 1266 ἐπάνοδον
3291 1214 3520 1284 ᾐτοῦντο.
3573 1217 3671 1280 Τοῖς
3710 1218 3749 1270 δὲ

2265 1300 2384 1352 οὐδὲ
2417 1301 2574 1354 τοῦτο
2613 1300 2917 1355 λυσιτελεῖν
2944 1306 3140 1365 ἐδόκει,
3175 1307 3312 1358 ὥστε
3344 1307 3644 1370 ἀπελθόντας
3663 1310 3751 1371 τοὺς

2268 1394 2558 1460 μοναχοὴς.
2585 1394 2775 1456 αὐτοῖς
2809 1395 2908 1463 μὲν
2929 1396 3241 1449 ἀνατιθέναι
3273 1400 3366 1466 τὴν
3393 1401 3560 1451 αἰτίαν
3587 1398 3661 1450 τοῦ
3684 1415 3753 1450 πο-

2269 1483 2461 1552 λέμου,
2508 1485 2960 1556 Καντακουζηνῷ
3015 1489 3070 1540 δὲ
3124 1487 3202 1557 τῷ
3263 1490 3466 1558 βασιλεῖ
3524 1491 3576 1542 τδ
3604 1489 3753 1559 μᾶλλον

2265 1575 2545 1646 αίρεῐσοαι
2606 1578 2706 1647 τὴν
2771 1580 3019 1649 εἰρήνην,
3084 1584 3177 1632 κ;.“ι
3235 1581 3418 1636 δίκαια
3468 1581 3551 1634 καὶ
3605 1583 3759 1650 συμφέ-

2272 1685 2432 1736 ροντ.ι
2471 1671 2584 1731 τοῖς
2617 1675 2784 1722 πᾶσιν
2809 1671 2996 1734 ἀξιοῦν
3052 1674 3483 1742 συμμαρτυρεῖν.
3531 1671 3643 1724 Οὑδὶ
3682 1673 3757 1742 γὰρ

2277 1762 2474 1832 μέτριά
2527 1779 2649 1815 τινα
2701 1765 3116 1834 προστήσεσθαι
3175 1767 3357 1826 αὐτοῖς
3417 1762 3638 1833 ἐνόμιζον
3662 1766 3763 1832 πρὸς

2272 1853 2330 1904 τὸ
2361 1855 2484 1914 τοὺς
2513 1854 2721 1923 δήμους
2753 1857 3141 1925 ἐκταράττειν,
3201 1861 3292 1908 καὶ
3320 1857 3406 1909 τὸν
3452 1856 3657 1924 πόλεμον
3700 1873 3758 1907 κιο

2272 1947 2403 1998 νεῖν.
2469 1946 2817 2013 Ἐξεπίτηδες
2866 1949 2975 2016 γὰρ
3031 1947 3188 2000 αὐτοὶ
3230 1948 3419 2010 λάλους
3447 1948 3587 2009 τινὰς
3626 1947 3760 1999 ualli:-

2273 2055 2374 2089 σαν
2410 2038 2493 2100 εἰς
2523 2039 2622 2100 τὰς
2678 2037 2861 2100 πόλεις
2901 2039 3300 2110 κηρύττοντας,
3337 2039 3410 2102 ὡς
3449 2040 3759 2104 Καντακουζη-

2271 2129 2361 2189 νὸς
2391 2129 2502 2182 οὐδ’
2538 2129 2730 2199 ἄκροις
2771 2129 2880 2182 ὠσὶ
2910 2132 3010 2196 τὴν
3041 2133 3268 2200 εἰρήνην
3296 2131 3644 2201 παραδέχοιτο,
3671 2129 3756 2180 ἀι.ὶὰ

2271 2217 2338 2270 τὰ
2377 2217 2662 2270 δεινότατα
2693 2219 2820 2278 τοὺς
2851 2216 3117 2286 βασιλέως
3152 2219 3349 2281 παῖδας
3378 2219 3630 2288 διαθήσειν
3655 2219 3758 2269 ἀτει-

2271 2304 2374 2367 λεί,
2404 2306 2452 2355 εί
2483 2304 2828 2372 περιγένοιτο
2863 2309 2920 2356 ἐν
2950 2303 3026 2372 τῷ
3057 2305 3308 2376 πολέμῳ,
3345 2307 3439 2358 καὶ
3466 2306 3581 2366 τοὺς
3604 2304 3758 2364 ἄλλους,

2272 2398 2388 2459 ὅσοι
2417 2397 2604 2449 δίκαια
2652 2397 2932 2458 ποιοῦντες
2988 2399 3186 2468 ἐκείνῳ
3227 2398 3646 2467 πεπολεμήκασιν
3670 2396 3764 2462 ὑπὲρ

2273 2491 2476 2543 αὐτῶν.
2529 2489 2893 2561 Παρεκόιλουν
2929 2509 2986 2544 τε
3026 2492 3152 2554 τοὺς
3185 2492 3392 2560 δήμους
3426 2492 3554 2560 ὑπὲρ
3580 2489 3666 2540 τῶν
3698 2487 3766 2555 βα-

2279 2583 2474 2644 σιλέως
2513 2581 2719 2634 παίδων
2753 2582 3008 2651 ὀρφανῶν
3034 2581 3210 2634 ὄντων
3246 2581 3450 2650 πατρὸς
3487 2582 3767 2645 ἀγανακτεῖν,

2273 2676 2368 2727 καὶ
2398 2673 2714 2743 ἀμύνεσθαι
2777 2675 2864 2726 τὸν
2904 2674 3220 2729 ἀδικοῦντα.
3257 2668 3332 2726 Οὖ
3384 2675 3446 2742 δὴ
3491 2673 3636 2726 ἓνεκα
3660 2669 3770 2723 iant-

2269 2765 2441 2834 ψανιο
2502 2766 2842 2835 συγκρούειν
2896 2767 3034 2835 πρὸς
3098 2768 3337 2829 ἑαυτοὺς
3385 2767 3505 2828 τοὺς
3551 2761 3771 2833 μοναχούς.

2275 2860 2373 2912 κα·
2415 2860 2708 2927 Μακάριόν
2741 2860 2840 2928 μὲν
2872 2861 2964 2912 τὸν
3002 2860 3228 2928 Λαύρας
3265 2860 3575 2928 ἡγούμενον,
3622 2857 3775 2908 escas-

2272 2952 2496 3020 λυνίκης
2547 2953 2964 3023 μητροπολίτήν
3032 2949 3440 3017 ἀποδείξαντες,
3501 2951 3692 3003 ἔπεισαν
3731 2945 3775 2997 οὐ

587 3053 823 3105 amicum
846 3052 915 3105 oh
949 3050 1430 3116 armalcomrnunia
1464 3049 1711 3118 periculo
1737 3047 2162 3113 ,conﬂictantem

2274 3044 2405 3116 πρὸς
2433 3047 2558 3106 τοὺς
2599 3045 2794 3108 ἄλλους
2843 3049 3005 3116 μόνον
3046 3044 3669 3116 διενεχθῆναιμοναχοὺς.
3709 3038 3778 3091 καὶ

588 3140 906 3202 intuentes,
961 3151 1018 3194 et
1069 3140 1246 3192 zelum
1310 3139 1616 3208 meliusque
1647 3138 1936 3192 consilium
1979 3136 2170 3205 praefe—

588 3243 778 3286 rentes
801 3232 850 3284 ei
884 3232 964 3285 sic
995 3231 1321 3302 opitulatura
1356 3231 1656 3299 venirent),
1689 3245 1880 3294 verum
1909 3228 2074 3283 etiam
2111 3237 2171 3283 ut

586 3322 808 3390 probris
838 3320 1024 3375 multis
1066 3321 1456 3389 imperatorem
1496 3320 1942 3375 Cantaeuzenum
1979 3318 2168 3372 inces-

588 3419 759 3476 seret,
821 3425 921 3464 nec
961 3426 1019 3464 se
1053 3411 1122 3464 ab
1177 3410 1311 3480 ipsis
1355 3410 1686 3479 conspiratis
1722 3407 2080 3462 amarulentia
2115 3409 2170 3460 in

595 3503 750 3556 illum
782 3503 926 3556 vinci
971 3513 1273 3573 pateretur.
1333 3501 1487 3556 L'nde
1517 3511 1574 3556 et
1611 3501 2016 3556 Thessalonica:
2044 3515 2170 3555 cum

587 3598 698 3669 jam
732 3604 902 3659 esset,
934 3597 1143 3650 nullum
1174 3605 1294 3650 erat
1336 3595 1410 3649 ibi
1463 3605 1571 3649 tam
1606 3595 1788 3650 nobile
1841 3594 2172 3649 crudelitate

589 3699 646 3744 et
677 3689 921 3758 nequitia
963 3689 1145 3742 scelus
1185 3697 1310 3742 ante
1345 3697 1742 3757 perpetratum,
1772 3687 1860 3741 cui
1891 3689 2004 3758 ipse
2060 3701 2167 3740 non

591 3797 688 3852 par
712 3781 934 3834 taceret.
970 3779 1233 3834 lsaacium
1261 3794 1414 3842 vero,
1455 3779 1551 3848 qui
1592 3778 1844 3833 ordinem
1902 3777 2164 3845 ducebat,

590 3870 657 3923 ad
701 3870 1089 3923 monasterium
1126 3870 1285 3924 Petra
1340 3853 1554 3924 dictum
1607 3869 1982 3922 condemnant
2023 3885 2035 3920 :
2072 3868 2169 3934 ita,

591 3971 654 4013 ut
710 3977 740 4014 a
794 3961 1014 4015 neruine
1064 3943 1482 4026 conveniretur,
1532 3961 1679 4014 nulla
1741 3969 1920 4015 tamen
1986 3973 2044 4013 re
2100 3956 2170 4011 ad

594 4053 897 4106 curandum
925 4068 1126 4122 corpus
1151 4055 1460 4106 necessaria
1502 4059 1712 4120 egeret.
1742 4050 1967 4116 Sabam,
2022 4047 2170 4119 quod

592 4145 799 4198 virtute
849 4145 1066 4197 caeteris
1117 4150 1441 4208 antestaret,
1513 4151 1770 4212 essetque
1823 4141 2172 4212 imperatoris

595 4233 840 4286 amicitia
897 4233 1242 4297 notissimus,
1283 4241 1338 4287 et
1386 4233 1454 4287 ab
1495 4233 1630 4302 ipsis
1675 4233 1856 4289 facere
1889 4235 2081 4298 nollet,
2115 4233 2172 4288 in

594 4328 704 4379 alio
762 4326 1118 4390 monasterio,
1175 4325 1355 4380 Chora
1415 4326 1694 4396 appellato
1761 4341 2004 4389 manere,
2066 4340 2172 4380 nec

2272 3135 2840 3206 Καντακουζήνισμδν
2886 3137 3068 3190 αὐτῶν
3104 3140 3462 3209 κατηγορεῖν,
3511 3135 3670 3201 ὁτιδὴ
3711 3131 3778 3182 τὸν

2272 3231 2426 3300 φίλον
2450 3229 2686 3298 ὁρῶντες
2713 3229 3041 3283 ἀπολεῖσθαι
3083 3231 3193 3282 ὑπὸ
3226 3229 3322 3282 τοῦ
3381 3226 3552 3282 κοινοῦ
3591 3223 3776 3292 πολέμου

2273 3323 2682 3386 κινδυνεύοντα,
2715 3325 2772 3376 ὲν
2795 3323 2961 3393 ζήλου
3003 3323 3178 3394 μοίρᾳ.
3214 3325 3310 3376 καὶ
3341 3325 3440 3392 τῆς
3469 3322 3592 3391 πρὸς
3614 3321 3672 3372 τὰ
3692 3317 3778 3386 βελ-

2273 3417 2374 3470 τίω
2398 3417 2722 3487 συμδουλῆς
2776 3417 3006 3487 ἥκουσιν
3051 3418 3253 3487 ἐκείνῳ
3291 3417 3648 3487 βοηθήσοντες.
3679 3410 3778 3462 ἀλλὰ

2273 3509 2370 3562 καὶ
2398 3509 2666 3579 βασιλέως
2699 3509 2899 3573 πολλὰς
2921 3511 3220 3580 καταχέειν
3253 3510 3536 3579 λοιδορίας,
3565 3506 3647 3558 καὶ
3667 3501 3780 3555 οὐδὲν

2273 3599 2504 3652 ὶκείνων
2533 3599 2929 3654 ἀπολείπεσθαι
2963 3600 3060 3670 τήν
3093 3603 3176 3664 είς
3217 3601 3382 3654 αὐτὸν
3412 3599 3635 3669 πικρίαν.
3664 3594 3780 3645 Ὅθεν

2275 3692 2372 3744 κει.)⁸
2405 3691 2700 3760 γενόμενος
2732 3693 2790 3744 ὲν
2845 3673 3223 3763 Θεσσαλονίκῃ
3281 3691 3491 3754 οὐδενὸς
3514 3689 3612 3741 τῶν
3645 3685 3780 3739 ἐκεῖσε

2272 3784 2657 3854 τολμηθέντων
2682 3786 2776 3837 ἐπὶ
2801 3785 3047 3854 ὠμότητι
3078 3787 3174 3836 καὶ
3213 3783 3450 3853 πονηρία
3496 3778 3781 3852 βεδοημένων

2293 3879 2648 3931 ἀπελείπετο.
2685 3878 2908 3948 Πρῶτον
2937 3877 3016 3942 δὲ,
3048 3878 3108 3929 ὲν
3145 3880 3215 3947 τῇ
3278 3879 3416 3948 μονῇ
3472 3878 3534 3945 τῇ
3570 3884 3785 3942 προσαγο-

2276 3970 2552 4043 ρευομένῃ
2580 3971 2760 4041 Πέτρᾳ
2790 3970 3052 4046 ἀπρόῖτον
3083 3969 3276 4040 μένειν
3306 3969 3666 4030 κατεδίκασαν,
3687 3979 3784 4032 κρο-

2274 4064 2422 4126 νοίας
2451 4064 2550 4133 τῆς
2584 4063 2665 4125 είς
2692 4063 2752 4114 τὸ
2787 4061 2945 4130 σῶμα
2981 4061 3380 4132 προσηκούσης
3414 4058 3651 4129 οὐδεμιᾶς
3684 4057 3784 4109 ἀπο-

2277 4155 2671 4225 στερήσαντες.
2736 4153 2951 4225 Σαϐὰνχ
2969 4152 3026 4205 δὲ
3087 4152 3178 4205 διὰ
3218 4155 3282 4205 τὸ
3305 4155 3474 4222 ἀρετῇ
3508 4151 3606 4204 τῶν
3655 4146 3786 4202 ἄλλων

2277 4246 2590 4316 ὑπερέχειν.
2638 4245 2734 4296 καὶ
2768 4243 3201 4314 γνωριμώτατον
3253 4244 3364 4297 τῶν
3393 4243 3638 4314 βασιλέως
3659 4238 3786 4308 φίλων

2277 4331 2440 4398 εἶναι,
2467 4335 2590 4388 ἐπεὶ
2629 4336 2704 4403 μὴ
2733 4336 3065 4403 συμφρονεῖν
3100 4333 3290 4395 αὐτοῖς
3328 4332 3594 4393 ἐϐούλετο,
3624 4333 3671 4381 ὲν
3709 4322 3787 4377 δέ·

595 4432 722 4470 eum
778 4433 806 4469 a
856 4431 1131 4486 quoquam
1187 4416 1328 4470 adiri
1396 4415 1782 4471 decreverunt.
1822 4417 1994 4482 Quem
2040 4431 2164 4470 cum

2281 4441 2350 4495 ρα
2393 4417 2550 4494 ’μονῇ
2593 4401 2657 4491 τῇ
2695 4401 2905 4489 ίΧώρᾳν
2940 4419 3468 4490 προσαγορευομένῃ
3523 4417 3682 4485 μένειν
3719 4410 3786 4463 καὶ

597 4510 790 4562 scdulo
827 4524 1018 4563 curare
1077 4508 1312 4571 vellent,
1379 4523 1490 4562 non
1525 4507 1650 4562 tulit
1684 4525 1698 4561 :
1735 4507 1881 4577 quod
1935 4507 2167 4574 diceret,

599 4601 847 4667 iniquum
885 4615 1004 4654 esse
1060 4601 1128 4653 ab
1185 4601 1252 4653 iis
1313 4600 1403 4670 qui
1462 4601 1516 4654 in
1568 4609 1718 4654 caede
1769 4609 1826 4654 et
1903 4600 2172 4670 sanguine

597 4691 935 4758 voluptatem
1007 4691 1318 4755 haberent,
1377 4691 1676 4760 quidquam
1713 4691 1990 4761 accipere.
2053 4691 2170 4746 Hoc

599 4791 778 4836 autem
811 4781 926 4835 solo
951 4782 1120 4848 dicto,
1163 4798 1324 4851 quem
1375 4783 1520 4838 Deus
1570 4792 1841 4850 tueretur,
1869 4784 2170 4839 nullaeum

601 4873 858 4927 machina
885 4871 954 4924 ab
995 4871 1105 4925 ullo
1139 4874 1453 4926 mortalium
1486 4888 1646 4942 posse
1696 4873 1964 4937 interimi,
2014 4873 2172 4928 dein-

599 4985 728 5038 θεῖε
765 4967 954 5022 tacuit.
1001 4967 1229 5022 Canteris
1280 4981 1446 5036 porro
1484 4967 1763 5034 omnibus,
1796 4977 1995 5022 utnon
2027 4963 2168 5021 tanti

597 5059 956 5124 :estimandis,
997 5058 1065 5112 ad
1114 5058 1448 5113 monasteria
1498 5073 1597 5113 sua
1629 5058 2002 5114 reversionem
2035 5072 2167 5110 con-

599 5160 906 5205 cesserunt.
933 5150 1287 5222 Legatiouem
1315 5151 1614 5206 mouaehor
1634 5166 1725 5204 um
1758 5148 2066 5220 patriarcha
2115 5157 2174 5202 et

600 5239 875 5309 conjurati
929 5240 996 5294 ad
1049 5243 1194 5294 hunc
1224 5241 1447 5295 modum
1483 5249 1848 5309 exceperunt.
1902 5239 2174 5292 Cantacu-

600 5345 788 5392 lenus,
820 5339 1106 5401 postquam
1140 5331 1391 5386 Batatzes
1421 5332 1693 5402 legatione
1722 5329 1791 5384 de
1830 5343 1985 5400 pace,
2021 5338 2172 5383 metu

599 5437 793 5475 eorum
821 5421 911 5489 qui
940 5422 1260 5491 regnabant,
1280 5422 1426 5491 fungi
1456 5419 1757 5491 pertimuit,
1779 5420 1845 5474 ad
1865 5419 2170 5474 exercitum

602 5512 793 5576 rediit;
827 5513 918 5564 ubi
947 5515 1174 5568 reduces
1203 5515 1433 5578 invenit,
1481 5528 1620 5583 quos
1670 5527 1845 5581 nuper
1891 5513 1955 5566 ad
1985 5520 2173 5581 proto-

603 5613 892 5655 stratorem
955 5605 1203 5670 miserat,
1283 5606 1644 5669 nuntiantes,
1706 5604 1918 5658 veniret
2005 5619 2170 5672 quam

602 5691 968 5759 maturrime,
1029 5698 1230 5766 omnia.
1279 5711 1308 5750 a
1371 5706 1764 5764 protostratore
1833 5695 1944 5749 illic
2029 5695 2171 5753 bene

2279 4516 2442 4568 at)th
2467 4515 2806 4582 ἐψηφίσαντο
2830 4512 3113 4580 ἀπρόῑτον.
3136 4509 3492 4580 Βουλομένων
3519 4511 3571 4564 δὲ
3597 4507 3676 4560 καῖ
3693 4518 3790 4571 προ·

2278 4605 2425 4666 νοία;
2483 4603 2677 4667 ἀξιοῦν
2732 4601 2956 4670 πολλῆς,
3018 4601 3081 4652 οὐ
3135 4601 3508 4666 κατεδέξατο·
3545 4601 3612 4669 μή
3630 4595 3785 4648 δίκαιον

2281 4694 2439 4756 εἶναι,
2459 4697 2689 4762 φάσκων
2719 4696 2784 4746 ὲκ
2813 4694 2921 4744 τῶν
2951 4693 3148 4762 αἵμασι
3186 4697 3284 4744 καὶ
3314 4695 3495 4762 φόνοις
3542 4688 3787 4761 χαιρόντων

2278 4809 2332 4844 τι
2364 4788 2573 4845 λαϐεῖν.
2598 4789 2779 4842 -Τοῦτο
2798 4788 2854 4840 δὲ
2891 4780 3054 4856 μόνον
3091 4787 3290 4851 εἰπὼν,
3318 4788 3395 4847 ὡς
3423 4789 3510 4840 τὸν
3554 4784 3648 4838 ὑπὸ
3688 4775 3786 4833 Θεοῦ

2280 4880 2688 4947 φρουρούμενον
2743 4877 2971 4946 οὐδεμιᾷ
3004 4893 3110 4928 τινι
3164 4881 3388 4948 μηχανῇ
3448 4876 3658 4929 δυνατὸν
3709 4870 3784 4920 ὑπὸ

2281 4971 2496 5031 οὐδενὸς
2543 4967 2931 5037 διαφθαρῆναι,
2966 4967 3202 5037 ἡσυχίαν
3261 4967 3386 5037 ἦγε.
3439 4969 3556 5028 Τοῖς
3589 4961 3786 5018 δ’ἄλλοις

2280 5060 2485 5113 ἅπασιν
2520 5061 2582 5112 οὐ
2635 5059 2873 5127 μάλιστα
2927 5060 3233 5126 ἀξιολόγοις
3291 5059 3434 5123 οὖσι,
3498 5059 3588 5127 τήν
3614 5057 3681 5115 είς
3717 5049 3787 5105 τὰς

2283 5150 2417 5211 ἰδίας
2448 5155 2618 5218 μονὰς
2653 5151 2960 5218 ἐπέτρεπον
2992 5151 3280 5204 ἐπάνοδον.
3317 5152 3451 5221 Περὶ
3486 5149 3580 5219 μιν
3619 5143 3697 5199 οὖν
3718 5142 3788 5207 τὴν

2278 5240 2388 5292 τῶν
2443 5240 2694 5308 μοναχῶν
2745 5240 3071 5307 πρεσῦείαν,
3114 5240 3334 5293 τοιαῦτα
3391 5239 3686 5310 πατριάρχῃ
3722 5232 3789 5282 καὶ

2279 5333 2391 5391 τοῖς
2419 5330 2756 5400 συνομόταις
2789 5329 3047 5384 ἐτελεῖτο.
3079 5332 3348 5394 Βασιλεὺς
3401 5331 3456 5383 δὲ
3483 5334 3510 5383 ό
3533 5332 3788 5382 Καντακω·

2281 5424 2465 5492 ζηνὸς,
2495 5423 2568 5484 ὡς
2597 5425 2695 5492 τὴν
2734 5423 2869 5492 ὑπὲρ
2901 5424 2997 5492 τῆς
3022 5423 3557 5494 είρήνηςιπρεσόείαν
3586 5414 3789 5473 685:5:-

2281 5516 2374 5586 ζή.
2415 5516 2523 5566 δέει
2554 5515 2660 5564 τῶν
2717 5515 2784 5565 τὰ
2826 5515 3125 5584 πράγματα
3167 5517 3448 5584 ἀρχόντων
3478 5510 3790 5580 ἀπηγόρευεν»

2281 5611 2356 5670 εἰς
2397 5607 2454 5658 τὸ
2490 5605 2848 5674 στρατόπεδον
2888 5607 3164 5674 ἐπανῆκεν
3186 5623 3202 5638 ·
3239 5601 3365 5675 εὗρε
3397 5605 3450 5657 δὲ
3482 5604 3541 5655 ὲκ
3571 5599 3791 5652 Θεσσαλο-

2288 5699 2441 5766 νίκης
2473 5681 2603 5764 ἁιριγ
2616 5695 2812 5762 μένους
2852 5694 2944 5758 οὓς
3001 5699 3164 5760 αὐτὸς
3193 5699 3365 5770 ὀλίγῳ
3410 5700 3657 5770 πρότερον
3683 5690 3790 5759 πρὸς
