3998 6198
273 271 377 336 905

1410 271 1950 334 HISTORIARUM
1987 271 2221 330 LIBER
2259 269 2378 329 IlI.
2437 275 2442 280 '

3358 271 3362 275 ’
3408 271 3514 334 906

276 383 741 454 πρωτοστράτορα
796 381 1020 453 πέμψας
1071 375 1168 453 ἦν,
1230 380 1389 452 ήκειν
1419 381 1519 451 τὴν
1576 383 1841 453 ταχίστην

1948 379 2347 435 administrari.
2387 378 2464 433 Ne
2515 378 2814 446 imperator
2855 380 3073 449 quidem
3115 383 3518 448 cunctandum,

272 474 740 544 ἀπαγγέλλοντας,
777 474 852 538 ὥς
876 475 986 529 τῶν
1022 475 1202 529 ἐκεῖσε
1235 473 1455 528 πάντων
1485 475 1592 528 ύπδ
1617 491 1837 542 πρωτο-

1949 469 2047 524 sed
2072 467 2545 533 Thessalonicam,
2581 478 2642 523 ut
2675 469 2742 522 ad
2774 470 2963 525 urbem
3000 471 3223 526 maximi
3255 476 3522 531 momenti

274 566 576 636 στράτορος
608 565 791 629 καλῶς
823 566 1201 636 διῳκημένων.
1246 567 1454 621 Ἐδόκει
1490 567 1588 633 μὲν
1619 562 1713 622 οὖν
1743 570 1838 621 καὶ

1950 559 2324 616 festinandum
2379 560 2654 625 duxit;et
2719 561 2979 616 omnibus
3029 562 3142 631 jam
3195 563 3263 617 ad
3319 566 3524 620 main-ia

271 656 481 725 βασιλεῖ
532 657 607 727 μὴ
644 656 864 726 μέλλειν
901 659 1035 721 δείν,
1085 657 1222 711 ἀλλὰ
1255 660 1392 727 πρὸς
1432 649 1838 728 Θεσσαλονίκην

1951 653 2280 706 Peritheor-ii
2332 645 2700 722 oppugnanda
2758 652 3069 718 confectis,
3133 655 3398 724 praecepit
3458 657 3529 711 iis

269 748 586 816 ἐπείγεσθαι
616 748 782 802 οὖσαν
817 749 1126 816 ἀναγκαίαν
1147 767 1164 784 θ
1198 751 1308 802 τῶν
1343 750 1480 820 πρὸς
1521 752 1621 820 τὴν
1668 768 1841 820 τειχο-

1950 740 2219 809 postridie
2247 739 2336 794 die
2381 740 2735 794 illucescente
2771 742 3022 807 tentatis,
3069 742 3114 796 si
3151 754 3384 798 conatus
3415 759 3527 798 nou

274 838 473 907 μαχίαν
494 839 550 892 δὲ
579 840 798 892 πάντων
841 841 946 911 ἢδη
983 841 1549 912 παρεσκευασμένων,
1579 841 1836 894 ἐκέλευεν
1868 911 1876 918 .

269 931 348 993 είς
382 931 477 1002 τὴν
514 931 810 1003 ὑστεραίαν
844 933 960 1002 ἆμα
990 933 1134 1004 πρωῒ
1165 933 1273 986 τῶν
1296 932 1495 1002 τειχῶν
1527 934 1839 1002 ἀποπειρα-

271 1023 564 1090 σαμένους,
601 1023 650 1076 εί
689 1024 764 1094 μὴ
795 1023 1044 1078 δύναιντο
1077 1024 1562 1094 παραστήσασθαι,
1615 1027 1680 1095 τῇ
1719 1025 1838 1093 μετ’

269 1113 460 1184 αὐτὴν,
510 1115 610 1184 τῆς
666 1117 745 1188 είς
798 1115 1199 1185 Θεσσαλονίκης
1247 1116 1468 1186 ἔχεσθαι
1538 1116 1834 1186 φερούσης.

221 1267 227 1271 _
268 1205 427 1260 Οὕτω
462 1206 565 1276 μὲν
593 1202 691 1261 οὖν
712 1207 980 1267 ἐδέδοκτο.
1008 1209 1118 1262 Καὶ
1154 1210 1268 1278 ἅμα
1303 1209 1451 1278 πρωῒ
1473 1211 1528 1273 ἐς
1562 1211 1662 1280 τὴν
1683 1211 1843 1263 ὑστε-

271 1296 436 1367 ραίαν
464 1297 843 1368 ὁπλισάμενοι,
879 1299 1220 1369 προσέϐα).ον
1258 1301 1371 1357 τοῖς
1395 1300 1599 1369 τείχεσι
1630 1301 1842 1371 προσάο

267 1375 458 1456 γοντες
483 1391 583 1453 τὰς
613 1390 888 1460 μηχανάς.
923 1393 1022 1446 Διὰ
1051 1393 1234 1463 πάσης
1264 1393 1320 1445 δὲ
1358 1392 1573 1463 ἡμέρας
1599 1393 1700 1462 τῆς
1725 1409 1836 1446 τει-

265 1482 546 1551 χομαχίας
569 1484 1002 1553 καρτερωτάτης
1035 1486 1441 1555 γεγενημένης,
1491 1484 1692 1553 μικροῦ
1743 1486 1841 1553 μὲν

266 1573 490 1642 ἐδέησεν
518 1574 746 1639 ἁλῶναι,
777 1574 886 1628 τῶν
915 1592 973 1628 τε
1016 1576 1308 1646 κλιμάκων
1336 1575 1842 1646 προσερεισθεισῶν
1861 1589 1890 1604 ⁴

264 1667 377 1728 τοῖς
409 1661 636 1736 τείχεσι,
668 1668 761 1722 καὶ
785 1669 1182 1739 μηχανήματός
1211 1669 1357 1732 τινὸς
1386 1670 1478 1724 ἐπὶ
1507 1669 1718 1738 τροχῶν
1753 1686 1844 1739 χε-

1954 832 2337 902 responderet,
2365 832 2455 886 die
2489 831 2653 886 tertio
2686 832 2830 886 viam
2861 848 3054 888 versus
3080 834 3526 890 Thessalonicam

1958 927 2248 995 arriperet.
2279 923 2373 979 Sic
2399 924 2637 979 censuit.
2673 925 2771 979 Die
2800 932 3012 992 exorto,
3040 941 3251 990 muros,
3287 926 3526 981 admotis

1952 1015 2118 1070 etiam
2160 1013 2686 1078 machinationibus,
2737 1014 3005 1069 invadunt
3038 1033 3050 1069 :
3079 1031 3221 1084 quos
3253 1033 3377 1072 cum
3411 1027 3528 1072 toto

1953 1105 2044 1160 die
2097 1115 2511 1174 oppugnassent
2569 1108 2877 1173 acerrime,
2931 1123 3123 1177 parum
3167 1109 3344 1163 abfuit
3393 1110 3526 1178 quin

1951 1211 2048 1251 eos
2085 1206 2207 1252 acta
2260 1196 2372 1267 jam
2427 1196 2722 1260 testudine,
2767 1207 2822 1252 et
2869 1199 3032 1254 scalis
3082 1200 3356 1270 applicitis
3387 1217 3525 1256 cono

1956 1287 2306 1347 scenderent,
2337 1286 2428 1340 sed
2456 1289 2634 1341 noctis
2671 1287 3016 1343 interventus
3055 1305 3171 1344 rem
3213 1290 3522 1359 impedivit.

1959 1376 2179 1430 Obsessi
2210 1385 2538 1440 metuentes,
2581 1391 2649 1430 ne
2674 1377 2764 1431 die
2812 1379 3061 1446 sequenti
3089 1393 3270 1450 pugna
3307 1380 3525 1435 instau-

1958 1480 2076 1523 rata
2103 1478 2454 1538 caperentur,
2491 1479 2656 1523 noctu
2683 1468 3014 1533 decernunt,
3048 1470 3153 1524 ﬁde
3185 1472 3251 1524 ab
3283 1471 3524 1541 impera-

1958 1565 2078 1614 tore
2119 1567 2366 1629 accepta,
2403 1560 2594 1614 urbem
2630 1561 2852 1617 dedere.
2915 1561 3070 1618 Mane
3128 1562 3196 1617 de
3248 1564 3524 1640 menibus

1957 1653 2252 1707 clamorem
2283 1654 2336 1706 in
2369 1663 2546 1709 castra
2583 1655 2797 1720 dantes,
2843 1654 3165 1724 imperatori
3213 1658 3523 1712 renuntiari

267 1758 449 1829 λώνης
488 1733 1062 1832 προσαγορευομένου.
1128 1761 1192 1814 Ἦ
1245 1761 1342 1827 νὺξ
1374 1763 1432 1816 δὲ
1482 1733 1680 1816 αὐτίκα
1726 1733 1844 1814 ἐπι-

1948 1743 2168 1814 jubeut,
2207 1743 2370 1814 465
2394 1745 2439 1800 si
2469 1745 2621 1811 velit,
2652 1760 2718 1799 ex
2749 1755 2914 1816 pacto
2945 1733 3522 1805 conventocivitatern
3555 1783 3559 1785 λ

270 1854 544 1920 γενομένη
577 1851 875 1906 διεκώλυσε
910 1853 1009 1925 τὴν
1043 1852 1269 1908 ἅλωσιν.
1297 1853 1361 1908 Oi
1392 1852 1844 1925 πολιορκούμενοι

275 1936 332 1990 δὲ
361 1938 664 2006 δείσαντες,
726 1943 804 2012 μὴ
838 1943 921 2006 είς
958 1943 1057 2012 τὴν
1093 1943 1393 2014 ὑστεραίαν
1453 1940 1612 2009 αὖθις
1666 1946 1845 2016 μάχης

267 2027 446 2082 ἁλῶσι
504 2033 810 2114 γενρμένης
845 2022 1237 2089 ἐϐουλεύσαντο
1273 2038 1467 2100 νυκτὸς
1511 2039 1723 2100 πίστεις
1755 2037 1846 2094 λα-

272 2122 464 2186 ϐόντες
501 2125 655 2192 παρὰ
681 2125 971 2194 βασιλέως,
1008 2129 1270 2200 ὁμολογίᾳ
1324 2130 1425 2198 τὴν
1457 2129 1612 2183 πόλιν
1658 2147 1876 2201 παρα-“

267 2213 477 2268 δοῦναι.
520 2217 631 2269 Καὶ
661 2217 779 2287 ἅμα
820 2218 964 2290 πρωϊ
1025 2222 1088 2272 ὲκ
1137 2221 1248 2273 τῶν
1287 2222 1484 2292 τειχῶν
1513 2224 1626 2285 τοῖς
1657 2223 1735 2284 είς
1764 2215 1843 2275 ’τὸ

273 2303 642 2372 στρατόπεδον
659 2298 936 2359 Ἕκέλευον
972 2307 1203 2378 μηνύειν
1237 2309 1468 2378 βασιλεῖ,
1519 2309 1568 2362 εἱ
1603 2309 1845 2380 βούλοιτο

272 2397 366 2450 ἐπὶ
393 2397 671 2466 συμϐάσει
701 2398 799 2468 τὴν
831 2399 988 2452 πόλιν
1024 2399 1499 2470 παραλαμϐάνειν.
1560 2401 1763 2464 Ἡδέως
1788 2401 1844 2454 δὲ

275 2483 547 2552 βασιλέως
577 2485 670 2537 τὸν
697 2485 857 2552 λόγον
885 2485 1200 2556 δεξαμένου,
1229 2487 1323 2539 καὶ
1354 2487 1666 2551 κελεύοντος
1687 2488 1844 2558 ἥκειν

273 2578 411 2646 πρὶς
448 2576 615 2630 αὐτὸν
663 2577 740 2638 ὼς
771 2578 951 2632 πάντα
986 2578 1286 2649 πράξαντος
1341 2579 1526 2641 αὐτοῖς
1577 2579 1645 2632 τὰ
1703 2578 1845 2633 κατὰ

277 2669 528 2739 γνώμην,
562 2665 698 2733 ἦκον
740 2670 834 2724 τοῦ
864 2687 922 2723 τε
957 2671 1154 2740 δήμου,
1217 2673 1314 2726 καὶ
1347 2671 1456 2724 τῶν
1501 2670 1635 2739 παρ’
1661 2671 1864 2732 αὐτοῖς,

269 2762 517 2816 δυνατῶν
546 2761 739 2829 ὀλίγοι,
777 2764 870 2816 καὶ
902 2762 1012 2817 τῶν
1035 2763 1115 2834 τῷ
1145 2762 1334 2832 κλήρῳ
1361 2763 1461 2832 τῆς
1485 2761 1616 2832 παρ’
1659 2763 1844 2826 αὐτοῖς

273 2852 575 2920 ἐκκλησίας
627 2853 1070 2922 κατειλεγμένων
1099 2869 1113 2883 ο
1167 2851 1346 2913 αίτίας
1379 2852 1436 2904 δὲ
1473 2851 1664 2921 ὥσπερ
1711 2855 1844 2906 ἀπο-

271 2943 492 3005 λύοντες
547 2946 780 3008 ἑαυτοὺς
838 2946 931 2999 ἐπὶ
989 2944 1066 3016 τῷ
1114 2945 1258 2998 ὅπλα
1294 2944 1649 3014 κεκινηκέναι
1707 2944 1842 3013 πρὸς

276 3033 463 3097 αύτὲν,
505 3035 565 3085 τὸ
617 3033 735 3086 δέον
785 3032 996 3101 ἔφασαν
1049 3031 1438 3100 πεποιηκέναι,
1493 3032 1842 3101 ὀμωμοκέναι

271 3122 382 3188 γάρ
433 3119 601 3190 ὀλίγῳ
634 3122 903 3192 πρότερον
956 3120 1375 3191 άντιστήσεσθαι
1438 3121 1564 3182 τοῖς.
1609 3119 1841 3189 βασιλίδι

270 3212 575 3283 πολεμοῦσι
609 3213 774 3284 μέχρι
831 3213 921 3266 καὶ
951 3211 1045 3265 τοῦ
1095 3210 1348 3267 δυνατοῦ.
1381 3211 1520 3274 Τούς
1553 3228 1612 3263 τε
1643 3213 1843 3281 ὅρκους

271 3303 570 3372 τοιγαροῦν
600 3304 967 3374 τετηρηκέναι
1013 3301 1297 3372 ἀσφαλῶς,
1348 3302 1445 3355 καὶ
1478 3304 1540 3354 τὸ
1575 3301 1668 3354 νῦν
1696 3287 1854 3356 λυσιξ

266 3399 449 3452 τελεῖν
475 3397 806 3466 φαινόμενον
827 3398 892 3450 ἐκ
923 3396 1031 3448 τῶν
1061 3385 1407 3463 πραγμάτων
1435 3393 1698 3462 πράττειν
1729 3391 1844 3462 μετ’

269 3483 728 3554 εὐγνωμοσύνης.
791 3483 951 3535 Ὅθεν
1011 3480 1155 3547 ἄξιοι
1213 3479 1548 3550 συγγνώμης
1604 3481 1846 3548 νομίζειν

271 3570 422 3630 εἶναι
447 3573 578 3646 παρ’
611 3573 783 3645 αύτῷ.
821 3572 1040 3626 Δείσθαι
1074 3573 1259 3643 μέντοι
1294 3574 1389 3625 καὶ
1415 3573 1514 3640 τῆς
1554 3571 1622 3624 δι’
1665 3571 1846 3639 ὅρκων

272 3668 602 3738 ἀσφαλείας,
629 3666 706 3728 ὡς
736 3666 889 3720 οὐδὲν
932 3666 1212 3720 πείσονται
1243 3664 1353 3718 τῶν
1387 3665 1530 3718 κατά
1558 3663 1649 3716 τὸν
1679 3664 1844 3716 πόλε-

268 3780 372 3832 μον
408 3763 600 3825 αὐτοῖς
623 3761 1000 3832 εἰργασμένων
1029 3759 1217 3824 ἕνεκα,
1258 3760 1354 3811 καὶ
1380 3758 1488 3811 τῶν
1528 3756 1758 3828 ὕϐρεων,
1787 3757 1844 3811 αἲ

266 3855 425 3925 παρὰ
479 3855 703 3923 φαύλων
738 3857 832 3906 καὶ
886 3851 980 3906 τοῦ
1016 3852 1251 3922 μηδενὸς
1299 3849 1469 3916 ἀξίων
1536 3849 1844 3921 ἀνθρώπων

263 3948 522 4020 εῖρηνται
552 3948 690 4018 πρὸς
721 3946 882 4000 αύτδν
915 3947 1022 3999 τῶν
1059 3950 1120 3999 ὲν
1167 3945 1312 4014 λόγῳ
1336 3944 1555 3998 πάντων
1609 3943 1846 4010 μάλιστα

265 4040 620 4110 ἀνιωμένων,
659 4041 756 4093 καὶ
782 4039 881 4106 τὴν
918 4037 1222 4091 ἀκολασίαν
1267 4037 1366 4107 τῆς
1414 4035 1662 4104 γλώττης
1696 4032 1844 4086 τιοε-

271 4134 455 4204 μένων
507 4134 567 4184 ὲν
615 4129 799 4200 δεινῷ.
853 4127 1132 4199 Ούδεμιᾶς
1178 4128 1287 4199 γὰρ
1319 4127 1534 4197 ὕϐρεως
1567 4125 1846 4195 ἐφείδοντο

264 4225 510 4288 ἑστῶτες
547 4224 641 4277 ἐπὶ
674 4222 782 4276 τῶν
805 4220 1028 4291 τειχῶν.
1072 4220 1237 4273 Ὄοεν
1290 4219 1378 4272 καί
1415 4235 1544 4272 ποτε
1577 4217 1843 4287 βασιλέως

265 4322 325 4371 ἐν
381 4317 572 4379 ὅπλοις
599 4305 891 4386 παριόντος
927 4313 1023 4366 καὶ
1074 4312 1142 4365 τά
1195 4311 1353 4380 τείχη
1389 4309 1844 4380 κατασκεπτομέ-

1948 1834 2204 1905 accipiat.
2233 1835 2327 1889 llle
2358 1835 2461 1891 hoc
2485 1837 2680 1892 nuntio
2704 1838 2946 1908 gavisus,
2975 1851 3074 1894 eos
3090 1849 3308 1904 evocat,
3345 1839 3526 1908 factu—

1949 1945 2069 2008 rum
2099 1946 2158 1985 se
2203 1945 2326 2000 quae
2375 1939 2589 1999 optent,
2616 1930 2821 1985 omnia.
2858 1929 3095 1986 Veniunt
3136 1932 3204 1986 de
3259 1932 3440 2002 plebe,
3471 1942 3530 1988 et

1951 2023 2312 2092 optimatibus
2341 2023 2522 2092 pauci,
2577 2023 2641 2077 de
2683 2023 2830 2077 clero
2860 2025 2990 2078 item
3023 2025 3298 2096 nonnulli.
3346 2027 3528 2096 Atque

1952 2121 2014 2167 ut
2067 2127 2127 2167 se
2182 2120 2484 2183 purgarent
2544 2112 2982 2182 quodammodo,
3021 2115 3181 2170 aliter
3221 2131 3278 2170 se
3345 2115 3528 2171 facere

1950 2204 2234 2274 nequiisse
2284 2205 2562 2268 dixerunt,
2647 2213 2939 2274 propterea
3004 2207 3152 2276 quod
3207 2209 3528 2276 nuperrime

1949 2305 2290 2350 sacramento
2319 2303 2589 2364 concepto
2618 2296 3038 2364 spoponderim,
3066 2313 3122 2352 se
3152 2297 3528 2367 imperatricis-

1949 2386 2201 2440 hostibus
2231 2394 2492 2454 quantum
2532 2386 2782 2440 valerent
2817 2387 3126 2443 restituros.
3151 2388 3304 2452 Quod
3331 2390 3513 2460 juras—

1951 2483 2093 2540 sent,
2123 2475 2444 2544 praestitisse
2472 2475 2740 2530 hactenus
2791 2477 3025 2531 ﬁdeliter
3059 2495 3073 2531 :
3102 2487 3156 2533 ct
3179 2481 3323 2549 quod
3361 2497 3512 2538 nunc

1949 2581 2040 2620 res
2086 2565 2203 2636 ipsa
2260 2567 2394 2622 utile
2449 2567 2698 2622 futurum
2735 2569 2950 2635 doceat,
3002 2569 3055 2623 id
3116 2587 3275 2641 aequo
3330 2574 3518 2629 animo

1949 2657 2214 2711 ianturos.
2247 2658 2447 2713 Putare
2487 2659 2674 2728 igitur,
2722 2674 2782 2714 se
2809 2659 3004 2729 dignos
3034 2676 3157 2717 esse
3201 2664 3384 2718 venia.
3415 2663 3524 2719 Cu-

1948 2764 2080 2819 pcre
2131 2759 2316 2808 tamen
2374 2751 2734 2821 jurejurando
2789 2752 2894 2806 sibi
2953 2754 3158 2819 caveri,
3217 2755 3293 2809 nil
3355 2772 3523 2825 grave

1948 2856 2208 2910 passuros
2224 2841 2295 2896 ob
2317 2857 2379 2896 ea
2401 2858 2520 2912 quae
2533 2843 2865 2898 durantibus
2896 2847 3066 2899 armis
3089 2847 3521 2908 commisissent.

1946 2933 2016 2988 ob
2045 2933 2295 2987 convicia
2331 2933 2561 3002 scilicet,
2611 2950 2734 3005 qua!
2763 2950 2871 2989 non
2921 2937 3042 2991 sine
3073 2952 3288 2993 summo
3333 2939 3522 2996 dolore

1948 3025 2189 3079 virorum
2263 3025 2511 3096 gravium
2546 3067 2562 3093 ,
2625 3027 2822 3097 abjccti
2857 3069 2870 3092 ,
2931 3038 2987 3083 ct
3047 3031 3207 3084 nauci
3268 3030 3522 3090 homines

1949 3115 2168 3184 procaci
2186 3115 2371 3186 lingua
2401 3116 2455 3171 in
2473 3131 2599 3171 cum
2629 3119 3019 3178 contorserint.
3047 3119 3222 3175 Nullis
3246 3121 3520 3191 siquidem

1949 3206 2171 3274 probris
2226 3215 2438 3259 stantes
2479 3205 2535 3259 in
2610 3205 2786 3259 muris
2845 3206 3141 3276 parcebant
3189 3225 3201 3260 :
3248 3218 3304 3262 ut
3353 3210 3520 3264 etiam

1948 3297 2245 3366 aliquando
2265 3305 2478 3350 armato
2511 3297 2844 3366 imperatore
2883 3297 3205 3363 accedente,
3229 3287 3283 3353 et
3317 3301 3523 3354 nrmnia

1948 3398 2176 3456 propter
2202 3387 2662 3457 Oppugnatiouem
2691 3390 3120 3458 contemplante,
3165 3401 3278 3445 tres
3293 3391 3520 3460 quidam

1948 3494 2014 3534 eo
2038 3480 2262 3550 cognito
2281 3480 2509 3534 effusius
2540 3481 2947 3534 maledicerent.
2979 3480 3081 3545 Qui
3108 3483 3334 3550 propius
3361 3499 3522 3538 acce-

1957 3571 2096 3626 dens
2153 3572 2408 3640 qua'sivit
2444 3612 2457 3636 ,
2518 3587 2649 3626 num
2698 3571 2935 3626 scientes
2978 3571 3104 3642 quis
3157 3583 3321 3636 esset,
3383 3576 3522 3631 adeo

1948 3664 2252 3719 liberaliter
2287 3663 2650 3720 contumelias
2704 3663 2974 3716 dicerent.
3030 3661 3235 3716 Eorum
3275 3679 3384 3717 uno
3433 3681 3524 3720 re-

1948 3757 2276 3828 spondente,
2343 3757 2578 3812 maxime
2617 3765 2673 3810 et
2732 3755 2939 3809 idcirco
2994 3755 3192 3825 probra
3257 3755 3515 3820 fundere,

1915 3845 2153 3919 ‘quibus
2178 3851 2292 3919 ipse
2340 3849 2526 3903 multis
2558 3849 2752 3919 dignus
2798 3856 2965 3913 esset,
3009 3848 3157 3918 quod
3186 3847 3358 3903 fracta
3389 3848 3516 3916 ﬁde,

1950 3941 2300 4012 imperatoris
2356 3940 2547 3996 liberis
2598 3940 2997 4002 insidiaretur,
3049 3955 3351 4008 omnesque
3399 3943 3518 3996 vias

1950 4035 2255 4105 indagaret,
2280 4048 2389 4104 quo
2425 4032 2546 4087 illos
2576 4032 2854 4086 meditata
2886 4032 3039 4086 abse
3073 4033 3239 4087 morti
3266 4033 3516 4098 olferret,

1949 4140 1978 4177 a
2055 4123 2256 4193 quibus
2321 4124 2525 4178 nullam
2585 4139 2826 4194 unquam
2894 4125 3161 4179 sensisset
3224 4124 3514 4196 injuriam,

1947 4215 2179 4282 Quando
2201 4223 2409 4280 autem,
2443 4216 2655 4284 excepit
2679 4215 3118 4278 Cantacuzenus,
3163 4217 3216 4270 in
3244 4217 3516 4285 judicium

1948 4323 2035 4362 me
2076 4308 2501 4378 vocatum,quia
2550 4307 2849 4363 dissolvere
2895 4309 3126 4363 crimina
3178 4326 3286 4364 non
3335 4313 3516 4380 potui,

267 4431 364 4466 νου
408 4411 500 4464 διὰ
545 4411 645 4481 τὴν
692 4392 1076 4480 τειχομαχίαν,
1121 4408 1271 4477 τρεῖς
1295 4403 1444 4467 τινὲς
1485 4401 1717 4464 ἑστῶτες
1751 4403 1844 4455 ἐπὶ

1948 4409 2004 4453 et
2056 4400 2290 4469 injuriaz,
2341 4410 2398 4456 et
2462 4400 2731 4471 perjurii,
2798 4410 2854 4454 et
2903 4400 3313 4470 hujussceleris
3370 4404 3518 4472 quod

259 4503 376 4556 τῶν
402 4500 624 4572 τειχῶν,
663 4498 866 4570 μᾶλλον
911 4497 1019 4550 τῶν
1077 4494 1292 4564 ὕϐρεων
1345 4492 1602 4562 ἠφείδουν
1643 4489 1842 4559 γνωρί-

263 4614 373 4664 μου
431 4595 744 4665 γινομένου.
788 4590 850 4647 ⁹Ο
881 4593 936 4645 δὲ
991 4592 1158 4659 ἐγγὺς
1204 4587 1526 4656 γενόμενος,
1568 4583 1762 4655 ἠρώτα
1791 4581 1841 4634 εί

261 4688 467 4749 ειδότες
497 4687 555 4749 ὃς
588 4703 673 4748 τις
703 4683 789 4753 εἴη
825 4684 1146 4754 ὑϐρίζουσιν
1187 4683 1360 4742 οὕτως
1384 4676 1641 4748 ἀφειδῶς.
1689 4673 1841 4736 Ἑνδς

259 4780 321 4833 δὲ
376 4777 868 4849 άποκριναμένουξ
924 4776 1002 4839 ὡς
1059 4773 1300 4845 μάλιστα
1366 4771 1584 4832 εἰδεῖεν,
1630 4767 1724 4821 καὶ
1753 4767 1841 4820 διὰ

257 4869 429 4924 τοῦτο
457 4873 551 4925 καὶ
571 4869 814 4939 ὑϐρίζειν
835 4867 1049 4922 πολλῶν
1078 4867 1204 4920 ὄντα
1237 4863 1390 4930 ἄξιον
1437 4861 1735 4931 λοιδοριῶν,
1760 4859 1842 4912 ὅτι

258 4963 593 5031 ἀποστάτης
671 4959 916 5030 γεγονὼς
971 4961 1083 5022 τοῖς
1138 4957 1408 5028 βασιλέως
1472 4951 1839 5008 ἐπεϐούλευσε

254 5055 444 5115 παισὶ,
496 5055 593 5105 καὶ
650 5052 911 5119 οὐδεμιᾶς
971 5051 1247 5120 ἀπέσχετο
1296 5049 1496 5117 πείρας
1522 5045 1840 5100 ἀποκτεῖναι

253 5147 386 5207 τοὺς
409 5144 564 5198 οὐδὲν
585 5145 913 5215 ἠδικηκότας
933 5144 1349 5214 μηχανώμενος,
1367 5140 1504 5192 Πότε
1525 5137 1601 5200 δὲ,
1620 5136 1842 5206 εἴρηκεν

253 5239 285 5289 ὁ
325 5236 612 5306 βασιλεὺς,
639 5238 733 5289 ἐπὶ
778 5236 937 5305 δίκην
994 5232 1371 5296 καταστάντα,
1399 5231 1483 5284 ὅτι
1538 5230 1613 5300 μὴ
1651 5231 1722 5282 τὰ
1751 5231 1842 5294 ἑγ-

251 5331 526 5399 κλήματα
585 5327 860 5398 ἠδυνήθην
931 5325 1349 5386 ἀπολύσασθαι,
1393 5318 1842 5392 κατεψηφίσασθε

249 5422 475 5474 ἀδικεῖν
508 5421 662 5473 αὐτοὶ
691 5421 785 5471 καὶ
813 5421 1116 5488 ἐπιορκεῖν,
1150 5417 1248 5470 καὶ
1279 5415 1508 5470 τοιαῦτα
1535 5410 1623 5466 οἶα
1649 5412 1837 5479 λέγετε

251 5514 494 5584 τολμᾷν.
548 5513 671 5566 Τῶν
716 5512 772 5564 δὲ
820 5511 1048 5580 ἔναγχος
1097 5511 1161 5562 ὲκ
1210 5508 1511 5573 Βυζαντίου
1573 5505 1840 5591 εἰπόντων

250 5608 424 5675 ἥκειν
451 5607 508 5657 ὲν
537 5597 581 5671 ᾧ
605 5605 680 5673 τά
700 5604 844 5657 κατὰ
871 5602 1140 5675 βασιλέως
1189 5601 1280 5654 ὑπ’
1311 5599 1478 5654 αὑτοῦ
1535 5599 1841 5664 ὲσκαιωρη-

251 5697 409 5766 μένα
462 5698 734 5766 ἐκμαθεῖν
768 5712 781 5726 ⁸
813 5693 879 5750 δι’
930 5701 966 5750 ἃ
991 5696 1088 5749 καὶ
1121 5695 1248 5756 τοὺς
1300 5693 1417 5745 ἐκεῖ
1472 5687 1541 5740 τὰ
1578 5684 1841 5757 βασιλέως

505 5788 778 5851 Ρλτιοι..
811 5791 928 5851 Gn.
967 5790 1172 5852 CLIII.
1257 5811 1262 5816 ·

1948 4491 2214 4561 objicitis,
2247 4507 2336 4546 me
2382 4490 2829 4546 condemnastis‘l
2870 4490 3361 4562 Resjiondentibus.
3386 4493 3517 4559 illis,

1946 4585 2109 4652 paulo
2141 4592 2267 4638 ante
2324 4582 2582 4653 Byzantio
2627 4582 2870 4648 venisse,
2919 4597 2948 4636 a
2989 4598 3100 4653 quo
3131 4599 3254 4654 quat
3307 4585 3424 4656 ipse
3461 4585 3518 4640 in

1948 4677 2335 4744 imperatorem
2381 4674 2781 4728 adolescentem
2842 4689 3100 4744 perverse
3167 4676 3516 4734 machinatus

1945 4776 2110 4834 esset,
2148 4767 2475 4822 didicissent
2511 4775 2607 4821 :et
2638 4765 2846 4821 idcirco
2877 4766 2970 4835 qui
2995 4766 3108 4822 illic
3133 4767 3530 4837 imperatorem

1951 4871 2262 4928 tuerentur,
2308 4861 2484 4932 ipsum
2515 4859 2816 4930 expulisse,
2857 4861 3066 4931 quibus
3090 4875 3214 4917 cum
3261 4862 3522 4917 resistere

1945 4962 2186 5024 nequeat
2243 4954 2351 5008 huc
2411 4953 2622 5017 venire,
2682 4953 2874 5018 Recte,
2932 4953 3002 5007 mi
3055 4953 3241 5016 homo,
3277 4953 3522 5008 occurrit

1944 5045 2382 5107 Cantacuzenus,
2419 5045 2534 5100 haec
2557 5059 2655 5099 vos
2679 5043 2943 5116 Byzantio
2975 5044 3237 5098 didicisse
3263 5044 3366 5097 ais.
3403 5044 3516 5113 Ego

1927 5153 2080 5212 'vero
2109 5139 2214 5192 huc
2233 5138 2416 5204 venio,
2446 5145 2506 5191 ut
2537 5151 2661 5192 cum
2688 5143 2739 5191 te
2765 5137 2833 5190 ob
2861 5135 3181 5189 maledicam
3216 5135 3518 5203 loquacita-

1951 5221 2388 5300 tem'punivero,
2445 5240 2537 5284 tuo
2566 5228 2822 5296 exemplo
2876 5225 2979 5295 ipsi
3032 5226 3337 5294 protervire
3371 5229 3519 5280 desi-

1946 5333 2098 5376 nant.
2137 5321 2233 5376 llis
2265 5338 2362 5393 per
2388 5321 2578 5376 ludum
2603 5305 2786 5386 dictis,
2815 5318 3099 5388 praiteriit.
3128 5316 3328 5372 Eadem
3359 5328 3520 5374 nocte

1949 5413 2331 5484 militcsjussu
2363 5409 2714 5480 imperatoris
2738 5409 2968 5464 insidias
2983 5408 3048 5462 ad
3079 5417 3263 5478 portas
3293 5408 3522 5463 tenden-

1948 5514 2054 5569 tes,
2090 5513 2148 5557 ut
2173 5501 2508 5572 Oppidanum
2537 5502 2778 5569 aliquem
2811 5509 3093 5570 caperent,
3125 5514 3188 5552 ex
3235 5513 3346 5568 quo
3389 5485 3520 5568 quid

1947 5594 2096 5647 intus
2152 5601 2436 5662 gereretur
2460 5630 2474 5657 ,
2509 5592 2920 5662 exprimerent,
2986 5607 3149 5646 casu-
3173 5591 3514 5661 ipsissimum

1947 5685 2375 5741 conviciatorem
2410 5684 2796 5774 multo’mane,
2829 5686 3016 5742 nescio
3052 5685 3208 5755 cujus
3237 5685 3314 5740 rci
3350 5700 3510 5741 causa

3120 5777 3194 5838 29
