3998 6198
500 289 611 353 iiii

1701 284 1940 346 JOANN
1952 283 2020 344 IS
2059 281 2590 344 CANTACUZENI
3357 291 3368 300 '
3584 283 3665 346 912

510 402 788 460 conditam
821 402 888 457 de
921 401 1191 456 industria
1223 415 1424 456 vexare
1459 399 1722 462 instabat,
1751 414 1851 454 nec
1901 399 2075 452 ullum

2185 415 2364 468 μενος.
2421 397 2495 452 Τδ
2544 397 2727 452 δοκεῖν
2764 395 2864 468 μὲν
2888 435 2902 460 ,
2948 395 3031 452 ὅτι
3070 393 3230 466 ψήφῳ
3287 395 3376 465 τῆς
3422 399 3667 469 συγκλήτου

509 512 685 566 genus
719 494 986 549 molestia:
1002 493 1054 548 ei
1086 509 1196 548 non
1233 493 1550 547 adhibebat.
1583 493 1717 547 Nam
1740 501 1795 546 et
1824 490 2081 546 custodes

518 587 600 640 illi
665 585 869 649 dedit,
936 584 1191 640 homines
1254 584 1645 654 impudentes,
1722 583 2081 651 moribusque

510 677 815 740 barbaros.
876 677 1079 746 quibus
1167 676 1479 746 praecepit,
1532 690 1750 730 omnem
1812 676 1865 729 in
1932 675 2079 728 illam

510 769 793 825 diritatem
868 763 1190 837 expro’merc
1224 805 1240 829 ,
1303 774 1358 819 et
1391 803 1394 812 .
1426 780 1589 835 quam
1658 765 2031 836 indignissime
2063 807 2080 831 ,

511 860 1098 930 contemptissimeque
1156 868 1411 912 tractare.
1460 859 1599 912 Hinc
1627 859 1878 928 quamvis
1919 867 2082 913 antea

510 968 732 1021 quoque
768 953 947 1005 victus
995 951 1046 1004 ei
1104 950 1342 1020 maligne
1388 951 1750 1019 praeberetur,
1804 960 1984 1004 tamen
2005 949 2080 1019 {hi

513 1046 820 1098 tenuiorem
847 1043 1030 1098 adhuc
1059 1043 1506 1113 suppeditabant.
1540 1042 1694 1109 Quod
1756 1043 1799 1097 si
1836 1044 2077 1113 quando,

436 1183 442 1192 .
498 1136 689 1190 cilicio
749 1136 1108 1190 humanitatis
1175 1134 1448 1197 videlicet,
1501 1136 1592 1202 jus
1687 1135 2080 1205 porrigendum

507 1236 672 1290 esset,
708 1241 832 1280 cum
882 1223 1029 1281 laute
1083 1241 1148 1279 ac
1183 1226 1415 1280 delicate
1463 1225 1785 1289 educatam,
1837 1228 2082 1296 nihilque

511 1332 674 1384 posse
703 1315 1075 1377 immundum,
1113 1332 1178 1372 ac
1227 1315 1514 1370 sordidum
1550 1327 1772 1386 tangere
1826 1333 1934 1371 non
1984 1334 2082 1373 ne-

510 1409 742 1469 scirent,
776 1423 974 1462 manus
1009 1408 1188 1463 illotas
1213 1408 1578 1464 immittentes
1615 1409 2078 1479 pervestigabant,

510 1501 706 1568 ecquid
735 1500 884 1555 intus
915 1501 1150 1558 laterent
1192 1517 1221 1554 a
1265 1501 1374 1555 lilio
1405 1502 1628 1570 (litterae,
1664 1501 1902 1563 tametsi.
1935 1501 2082 1570 quod

508 1591 843 1656 offerebant,
875 1593 1101 1660 ipsimet
1134 1603 1420 1648 coxerant.
1451 1593 1603 1658 Quod
1634 1609 1758 1648 cum
1796 1594 1883 1648 illa
1934 1595 2084 1658 vide-

510 1694 616 1750 ret,
652 1686 846 1740 misera
879 1684 1022 1740 fame
1053 1685 1247 1750 emori,
1282 1702 1444 1755 quam
1489 1687 1802 1755 Spurcitiem
1830 1686 2084 1756 hujusce-

2188 489 2385 560 βουλῆς
2413 493 2511 544 καὶ
2541 488 2843 560 βασιλίδος,
2879 487 2976 543 καὶ
3018 488 3247 556 μάλιστα
3272 488 3567 560 πατριάρχου
3593 492 3672 554 τάς

2185 581 2462 653 τιμωρίας
2503 577 2585 645 οἷς
2613 579 2680 634 ἂν
2707 580 3018 651 ἐθελήσειεν
3052 580 3287 647 ἐπάγων.
3315 579 3386 650 Τῇ
3409 580 3449 633 δ’
3475 581 3673 654 ἀληθείᾳ,

2184 673 2254 726 τά
2286 672 2548 728 δοκοῦντα
2575 673 2756 745 ἐαυτῷ
2782 673 2977 728 ποιῶν.
3005 672 3118 745 Τὴν
3143 674 3197 726 δέ
3241 673 3482 744 βασιλέως
3511 677 3676 746 μητέρα

2185 766 2647 838 Καντακουξηνοῦ
2682 807 2699 832 ,
2757 769 2854 822 καὶ
2924 767 3193 838 πρότερον
3261 769 3314 820 ἐν
3373 767 3676 838 δεσμωτηρίῳ

2185 838 2774 928 κατακεκλεισμένηιῖ,
2834 858 3036 928 μᾶλλον
3107 859 3338 912 ἐκάκουν
3387 857 3678 928 ἐξεπίτηδες,

2184 951 2281 1002 καὶ
2350 949 2504 1002 οὐδὲν
2555 943 2700 1012 είδος
2764 949 2948 1018 λύπης
3000 947 3266 1002 ἀπέλιπον
3321 948 3681 1017 ἐπιδεδειγμένοι

2185 1041 2322 1110 πρὸς
2373 1040 2614 1110 ἐκείνην.
2645 1039 2901 1104 Φύλακάς
2939 1057 2999 1094 τε
3049 1039 3161 1110 γὰρ
3199 1041 3489 1107 ἐπέστησαν
3513 1039 3684 1109 ἀνθρὼ-

2186 1148 2322 1193 πους
2351 1131 2593 1195 ἀναιδεῖς
2616 1135 2714 1187 καὶ
2736 1132 2828 1186 τὸν
2855 1132 3057 1202 τρόπιν
3084 1130 3409 1201 βαρϐάρους,
3437 1133 3520 1185 καὶ
3543 1133 3684 1184 πᾶσαν

2181 1222 2594 1276 ἐπιδείκνυσθαι
2646 1225 3023 1292 προσέταττον
3081 1222 3306 1291 πικρίαν
3358 1221 3484 1290 πρὸς
3533 1221 3686 1290 αὑτήν.

2185 1315 2296 1366 Καὶ
2337 1315 2514 1369 πάντα
2558 1317 2739 1368 ποιεῖν
2785 1313 3051 1382 ἐφ’ὗὸρει
3075 1317 3172 1368 καὶ
3195 1312 3590 1382 καταφρονήσει.
3628 1312 3688 1365 Τά

2153 1417 2242 1453 -τε
2288 1401 2564 1468 ἀναγκαῖα
2617 1402 2756 1473 πρὸς
2810 1403 3038 1473 τροφὴν.
3091 1402 3188 1457 καί
3234 1420 3315 1454 τοι
3363 1401 3689 1472 καὶπρότερον

2187 1491 2382 1553 ἐνδεῶς
2411 1493 2774 1562 παρέχοντες,
2797 1493 2878 1546 ἔτι
2902 1494 3104 1563 μᾶλλον
3132 1493 3398 1562 γλίσχρως
3423 1493 3688 1563 ἐχορήγουν.

2184 1584 2248 1637 Et
2278 1583 2333 1636 δέ
2369 1600 2500 1637 ποτε
2557 1584 2662 1636 ἔδει
2701 1586 2798 1639 καὶ
2843 1583 3025 1654 ζωμόν
3071 1601 3195 1638 τινα
3245 1583 3512 1653 παρέχειν,
3535 1581 3689 1650 φιλαν-

2183 1675 2687 1745 θρωπευσαμένους
2763 1676 2928 1745 δῆθεν
2954 1715 2971 1740 ,
3027 1677 3233 1740 εἰδότες
3299 1677 3371 1738 ὡς
3428 1675 3693 1744 πολυτελείᾳ

653 1735 838 1740 ---__---
879 1735 1020 1740 mm-
1490 1735 1802 1755 -,._-----_---
1831 1735 2056 1756 --η-π,

492 1773 659 1828 'modi
695 1784 916 1844 gustare
957 1774 1176 1828 maluit.
1245 1773 1434 1827 Hieme
1480 1784 1662 1828 autem
1702 1775 1966 1828 acerrima
2015 1790 2081 1831 ac

2185 1735 2605 1837 Eu‘t'patpet'q'xai
2638 1735 2847 1838 τρυφῇ..
2882 1735 2977 1832 καί
3006 1735 3228 1831 οὐδενὸς
3249 1769 3313 1821 ἂν
3351 1735 3535 1835 ἀψαιτο
3563 1735 3694 1835 pepe-

497 1865 807 1936 perfrigida
841 1880 941 1922 nec
970 1881 1036 1920 ex
1071 1873 1222 1921 veste
1268 1866 1508 1935 stragula
1541 1867 1608 1920 ad
1655 1881 1856 1937 corpus
1885 1883 2083 1938 coepe-

497 1958 786 2039 riendum,
821 1973 920 2013 nec
949 1974 1014 2013 ex
1063 1973 1294 2013 accenso
1345 1959 1468 2012 foco
1513 1958 1686 2012 ullum
1723 1958 1773 2013 ei
1819 1960 2078 2014 solatium

505 2050 914 2120 impertiebant,
958 2051 1211 2119 quamvis
1255 2050 1496 2119 Augusta
1531 2050 1880 2117 mandasset,
1913 2063 1976 2106 ut
2024 2053 2080 2107 in

491 2157 570 2194 ea
597 2141 838 2195 curanda
873 2141 1008 2195 nihil
1038 2140 1574 2210 prmtermitteretur.
1603 2141 1746 2208 Quin
1775 2143 1940 2198 etiam
1966 2151 2081 2198 toto

505 2233 594 2286 die
619 2232 900 2292 custodes.
937 2233 1051 2302 ipsa
1109 2231 1396 2294 audiente,
1453 2233 1510 2286 iu
1566 2231 1737 2287 ﬁlium
1789 2233 2080 2290 maledicta

505 2326 623 2380 sine
656 2323 837 2378 fronte
875 2325 1084 2394 jactare
1131 2337 1240 2376 non
1287 2322 1603 2388 cessabant,
1651 2332 1706 2378 et
1737 2333 1994 2394 tanquam
2033 2325 2080 2380 si

507 2418 733 2472 nuntios
782 2417 1150 2487 accepissent,
1187 2417 1263 2471 illi
1298 2415 1637 2471 narrabant:
1673 2417 1811 2472 alias
1833 2419 2077 2487 quidem,

505 2518 728 2580 captum
784 2522 934 2579 esse,
995 2515 1050 2561 et
1095 2505 1308 2561 catenis
1365 2506 1586 2576 injectis
1646 2504 1789 2560 finde
1841 2507 2080 2576 raptari;

508 2600 664 2663 alias,
716 2597 1016 2653 commisso
1071 2595 1261 2666 praelia
1319 2595 1586 2661 occisum,
1639 2595 1861 2666 jamque
1918 2603 2081 2667 caput

503 2687 692 2743 afferri
733 2685 878 2756 quod
905 2685 1300 2741 consolationis
1327 2698 1490 2740 causa
1520 2683 1588 2738 ad
1617 2699 1738 2738 eam
1776 2701 1995 2753 quoque
2021 2701 2080 2740 se

509 2779 772 2836 allaturos
803 2776 1240 2847 pollicebantur;
1275 2775 1490 2844 aliaque
1510 2774 1732 2829 demum
1746 2775 2080 2839 crudeliora,

508 2880 564 2925 et
591 2869 918 2924 immaniora
964 2867 1159 2920 multo.
1212 2865 1370 2921 Unde
1424 2881 1590 2935 supra
1643 2867 1865 2922 modum
1915 2867 2080 2923 corde

510 2960 846 3017 inflammata
881 2997 898 3022 ,
958 2965 1015 3013 et
1073 2957 1451 3013 conlabefacta
1485 2999 1500 3022 ,
1551 2957 1623 3025 iin
1675 2958 2079 3027 rapidissimam

2181 1859 2471 1929 λυομένου
2516 1859 2616 1922 τὰς
2644 1860 2836 1930 χεῖρας
2877 1861 3138 1924 άνίπτους
3188 1861 3477 1924 καθιέντες,
3523 1860 3697 1930 διηρεύ-

2183 1969 2291 2005 νων
2318 1952 2480 2021 δῆθεν
2517 1952 2608 2005 τὸν
2643 1952 2830 2022 ζωμὸν
2856 1992 2873 2018 ,
2909 1953 2958 2005 εί
3009 1953 3086 2022 μή
3141 1971 3226 2006 τοι
3273 1952 3417 2006 ἔνδον
3451 1952 3697 2021 κρύπτοιτο

2181 2044 2488 2114 γράμματα
2520 2044 2671 2114 παρὰ
2700 2045 2796 2098 τοῦ
2846 2043 2968 2099 υίοῦ
3017 2045 3425 2114 ἀπεσταλμένα,
3456 2045 3539 2098 καί
3563 2043 3697 2110 τοίγε

2183 2137 2340 2190 αὐτοὶ
2367 2137 2476 2191 τῶν
2499 2136 3125 2208 προσαγομένων-ὅντες
3151 2137 3424 2208 μάγειροι.
3456 2138 3518 2191 ’Δ
3536 2136 3696 2205 ὁρῶσα,

2187 2228 2387 2298 μᾶλλον
2417 2230 2602 2300 ᾑρεῖτο
2623 2228 2768 2299 λιμῷ
2795 2228 2985 2298 βιαίως
3015 2229 3404 2299 ἀποθνήσκειν,
3434 2226 3698 2297 ήτοιούτων

2182 2319 2463 2386 γενέσθαι;
2504 2320 2592 2372 Ἓν
2617 2319 2846 2389 χειμῶνί
2877 2337 2936 2372 τε
2973 2320 3325 2390 σφοδροτάτῳ
3354 2319 3447 2373 καὶ
3471 2316 3698 2386 κρυμὼδει

2181 2411 2460 2480 οὐδεμίαν.
2492 2410 2607 2464 οὔτ’
2656 2414 2720 2465 ἐκ
2768 2410 2904 2464 τῶν.
2942 2411 3118 2464 ἄλλων
3148 2411 3489 2480 ἐπιτηδείων,
3517 2409 3623 2462 οὔτε
3647 2410 3694 2458 ἐκ

2184 2502 2356 2569 πυρὸς
2413 2502 2740 2572 παρείχοντο
2785 2503 3161 2574 παραμυθίαν.
3223 2501 3332 2555 Καί
3362 2518 3442 2554 τοι
3473 2497 3696 2570 βασιλίδος

2186 2592 2456 2663 μηδεμιᾶς
2512 2595 2657 2649 κατά
2707 2595 2766 2648 τὸ
2824 2596 2985 2664 σῶμα
3048 2594 3361 2663 θεραπείας
3422 2592 3700 2658 κελευούσης

2183 2683 2527 2752 ἀποστερεῖν.
2571 2683 2728 2758 Παρὰ
2792 2683 3072 2737 πᾶσάν.τε
3123 2683 3350 2752 ἡμέραν
3380 2683 3476 2735 οὐκ
3504 2681 3701 2733 ἐνέλιπον

2182 2776 2230 2828 οξ
2268 2774 2508 2844 φύλακες
2547 2775 2639 2828 τὸν
2691 2775 2805 2828 υίδν
2839 2773 3095 2845 ἀσέμνως
3149 2773 3400 2845 ὑϐρίζειν
3432 2774 3515 2826 ἐπ’
3543 2771 3703 2838 αὐτῆς·

2183 2866 2278 2917 καὶ
2339 2865 2414 2926 ὡς
2467 2865 2732 2932 ἀγγελίας
2782 2865 2943 2934 δῆθεν
2975 2869 3325 2935 πεπυσμένοι
3374 2863 3699 2935 ἀπήγγελλον,

2182 2953 2318 3007 ποτὲ
2353 2955 2452 3025 μὲν
2479 2956 2555 3017 ὡς
2587 2955 2923 3025 συλληφθείη
2957 2959 2985 3010 ό
3017 2958 3154 3020 υίὸς,
3191 2961 3288 3012 καὶ
3325 2957 3528 3026 ἀτίμως
3555 2956 3704 3022 ἄγοιτο

511 3053 711 3108 febrim
737 3050 950 3106 incidit.
973 3048 1211 3104 Feminae
1231 3047 1392 3102 socia:
1412 3047 1707 3103 archontas
1729 3049 2077 3116 saevissimos,

2187 3049 2576 3118 περικείμενος
2608 3048 2792 3102 κλοιά·
2823 3049 3014 3104 ἄλλοτε
3047 3050 3102 3104 δέ
3130 3051 3210 3114 ὡς
3237 3053 3411 3121 μάχης
3433 3048 3706 3117 γενομένης,

511 3148 589 3201 nti
650 3145 922 3200 medicum
978 3143 1123 3197 illam
1162 3141 1386 3196 visitare
1423 3149 1768 3210 paterentur,
1822 3135 2079 3211 quamvis

504 3240 870 3300 obtestantes,
904 3235 1183 3290 inflectere
1237 3249 1346 3288 non
1398 3241 1672 3304 poterant.
1709 3249 1884 3304 usque
1943 3237 2080 3291 adeo

513 3325 900 3396 improborum
971 3323 1236 3387 illorum,
1291 3330 1347 3376 et
1389 3329 1777 3377 consuetorum
1833 3323 2080 3392 quotidie

508 3419 750 3471 humana
821 3413 1092 3468 devorare
1155 3413 1364 3468 viscera
1439 3411 1650 3483 (89),
1724 3411 1791 3467 ad
1855 3414 2083 3469 misera-

488 3509 714 3564 tionem
770 3509 983 3563 viscera
1044 3506 1452 3562 obduruerant.
1483 3504 1718 3562 Omnem
1752 3506 1801 3561 ci
1837 3510 2082 3564 curatio-

501 3616 632 3655 nem
666 3607 954 3670 negarunt.
978 3599 1134 3668 quasi
1167 3597 1422 3652 manibus
1447 3597 1564 3653 suis
1590 3581 1712 3653 eam
1737 3599 2079 3670 jugulantes.

503 3693 673 3765 .569
713 3691 1034 3761 lmperatrix
1070 3689 1160 3744 ubi
1192 3704 1290 3759 per
1313 3689 1501 3744 nescio
1531 3705 1694 3759 quem
1723 3691 1870 3746 illam
1903 3707 2083 3762 aegro-

507 3797 647 3844 tare.
681 3798 784 3840 nec
822 3781 1319 3846 abarchontibus,
1355 3789 1412 3834 et
1438 3795 1468 3834 a
1505 3781 1766 3850 magistro
1792 3782 1965 3846 orbis,
1996 3793 2081 3838 at-

508 3892 616 3946 que
660 3874 932 3945 discipulo
977 3873 1125 3928 mitis
1157 3871 1302 3926 illius
1341 3886 1407 3927 ac
1472 3871 1694 3942 benigni
1726 3875 2083 3944 praeceptoris

511 3966 788 4021 medicum
835 3964 902 4018 ad
921 3964 1171 4019 eamdem
1211 3963 1540 4032 permissum
1569 3963 1777 4032 ingredi
1832 3965 2080 4032 rescivit,

513 4067 721 4112 tantam
767 4055 1037 4110 feritatem
1065 4096 1080 4119 ,
1115 4062 1334 4120 tamque
1365 4050 1578 4106 alienos
1604 4051 1673 4106 ab
1706 4052 1857 4106 omni
1888 4052 2083 4108 huma-

507 4149 687 4204 nitate
735 4147 971 4210 animos,
1012 4143 1198 4198 verbis
1219 4141 1595 4211 asperioribus
1625 4143 1756 4212 ipsis
1781 4145 2082 4213 exprobra-

477 4219 611 4302 fvit,
637 4247 688 4294 et
721 4236 996 4290 medicum
1025 4246 1191 4288 suum
1222 4231 1390 4292 misit,
1413 4231 1506 4299 qui
1529 4246 1634 4300 pro
1659 4231 1859 4286 morbo
1885 4232 1936 4287 ei
1969 4248 2083 4288 me-

495 4333 748 4388 dicinam
814 4330 1036 4383 faceret.
1092 4325 1162 4379 At
1203 4322 1542 4392 patriarcha,
1589 4332 1644 4377 et
1701 4323 1946 4394 reliquus
1987 4325 2082 4380 ille

2184 3139 2274 3191 ἐπ’
2313 3139 2483 3210 αὐτῆς
2535 3140 2929 3210 άποκτανθείη,
2961 3141 3060 3194 καὶ
3113 3140 3307 3209 ἄγοιτο
3353 3142 3385 3212 ή
3424 3139 3628 3209 κεφαλή,
3655 3138 3707 3208 ήν

2182 3231 2542 3299 παραμυθίας
2579 3230 2742 3285 ἐνεκα
2804 3234 2898 3285 καὶ
2950 3231 3085 3300 πρὸς
3143 3233 3319 3303 αὐτὴν
3372 3235 3517 3301 ἄγειν
3547 3233 3702 3298 ompt-

2184 3321 2460 3392 σχνοῦντο.
2503 3322 2612 3376 Καὶ
2659 3323 2821 3394 ἕτερα
2849 3323 3109 3394 ὠμότερα
3146 3327 3247 3378 καὶ
3281 3323 3706 3392 άπανθρωπὸτῖρα

2182 3415 2383 3486 πολλῷ,
2423 3415 2482 3480 ἐξ
2525 3409 2600 3470 ὧν
2650 3415 2834 3486 ἐκείνη
2869 3418 2970 3485 τὴν
3014 3418 3246 3488 καρδίαν
3275 3417 3606 3487 ὑπερζέσασα
3633 3413 3708 3464 καὶ
3737 3449 3748 3462 .

2184 3510 2576 3570 κατατακεῖσα,
2608 3509 2866 3579 πυρετοῖς
2903 3508 3112 3579 ἐλήφθη
3160 3509 3558 3578 σφοδροτάτοις.
3585 3505 3640 3558 Δί
3667 3502 3711 3556 δὲ

2184 3602 2312 3670 περὶ
2345 3587 2516 3670 αὐτὴν
2549 3603 2834 3669 γυναῖκες,
2867 3600 3033 3654 πολλὰ
3058 3599 3168 3652 τῶν
3199 3599 3498 3670 ὼμοτάτων
3523 3601 3710 3651 ἐκείνων

2184 3691 2460 3761 ἀρχόντων
2485 3689 2788 3759 δεηθεῖσαι,
2817 3688 2945 3742 ὥστ’
2975 3689 3274 3760 ἐπιτρέψαι
3303 3689 3481 3760 ίατρδν
3507 3687 3624 3757 πρὸς
3641 3685 3709 3738 αὖ»

2183 3784 2284 3853 τὴν
2303 3784 2546 3850 εἰσάγειν
2575 3783 2670 3836 καὶ
2701 3783 2954 3852 προνοίας
2985 3783 3223 3848 ἀξιῶσαι
3251 3783 3453 3855 μικρᾶς
3473 3779 3620 3840 τινὸς,
3637 3777 3714 3828 οἰκ

2183 3875 2532 3945 ἠδυνήθησαν
2582 3872 2721 3944 πρὸς
2755 3874 2903 3936 ἔλεον
2937 3873 3346 3928 ἐκκαλέσασθαι
3377 3873 3444 3927 τά
3478 3869 3715 3937 σπλάγχνα

2183 3966 2294 4018 τῶν
2355 3964 2694 4034 ἀγνωμόνων
2755 3964 3011 4032 ἐκείνων,
3049 3966 3144 4018 καὶ
3203 3966 3486 4035 σπλάγχνα
3552 3961 3716 4016 ἐσθίειν

2185 4053 2492 4123 ἀνθρώπων
2543 4052 2871 4123 είθισμένων
2946 4055 3248 4126 ὁσημέραι.
3325 4055 3464 4108 Ἀλλ’
3520 4052 3715 4107 ἀπεῖπον

2184 4144 2324 4216 αὐτῇ
2383 4144 2564 4196 πᾶσαν
2602 4141 2921 4210 θεραπείαν,
2967 4141 3165 4220 ὥσπερ
3221 4141 3533 4213 αὐτοχειρίᾳ
3582 4151 3719 4190 κατα-

2188 4237 2544 4305 σφάττοντες.
2586 4233 2651 4286 'ﬂ
2691 4233 2905 4301 βασιλὶς
2938 4236 3032 4288 καὶ
3081 4235 3192 4286 ὑπό
3225 4251 3324 4288 του
3366 4231 3626 4302 πυθομένη
3652 4229 3717 4282 ὅτι

2186 4327 2368 4396 νοσοίη
2404 4328 2438 4397 ἡ
2471 4327 2566 4380 τοῦ
2609 4325 2879 4395 βασιλέως
2915 4328 3121 4396 μήτηρ,
3153 4327 3254 4379 καὶ
3287 4325 3364 4388 ὡς
3401 4327 3497 4379 οὐκ
3523 4326 3718 4390 ἐπιτραο

509 4429 784 4485 bonorum
813 4423 1056 4476 virorum
1086 4426 1263 4473 coetus
1289 4424 1636 4471 sacramento
1661 4415 1941 4472 hominem
1967 4417 2081 4472 adi-

2191 4422 2317 4492 πείη
2348 4420 2503 4491 παρὰ
2555 4419 2669 4472 τῶν
2720 4419 2999 4500 ἀρχόντων
3047 4415 3145 4471 καὶ
3184 4417 3284 4472 τοῦ
3317 4415 3618 4472 διδασκάλου
3642 4409 3720 4472 τῆς

511 4534 664 4590 gere,
699 4519 1005 4586 ingressum
1034 4509 1172 4566 nihil
1201 4508 1268 4564 ad
1301 4506 1681 4578 depellendam
1701 4506 2082 4576 agritudinem

514 4608 988 4681 praiscripturum.
1048 4601 1229 4669 Quem
1278 4613 1562 4654 accessum
1608 4610 1988 4667 recusantem,
2035 4601 2082 4656 si

504 4700 710 4773 jacenti
750 4711 816 4751 ac
851 4693 1121 4750 laboranti
1166 4708 1229 4746 ex
1289 4700 1409 4744 arte
1443 4705 1564 4752 sua,
1595 4691 1732 4745 nihil
1761 4691 2083 4760 profuturus

508 4801 687 4856 esset,
722 4793 1022 4857 coegerunt
1074 4781 1406 4852 imperatrici
1447 4780 1695 4846 obedire,
1733 4790 1795 4837 ut
1848 4790 1906 4837 et
1959 4797 2086 4837 cru-

507 4884 793 4941 delitatem
832 4893 986 4935 suam
1041 4888 1215 4944 usque
1247 4874 1317 4928 ab
1350 4871 1511 4928 initio
1551 4881 1860 4937 servarent,
1899 4883 1956 4928 et
1989 4889 2088 4928 au-

503 4979 828 5036 ctoritatem
875 4973 1135 5040 Augusta:
1187 4965 1586 5034 contempsisse
1631 4964 2086 5031 ne_viderentur,

513 5072 560 5127 si
590 5081 813 5125 accessu
857 5063 1010 5117 illum
1037 5060 1104 5115 ad
1137 5068 1392 5130 ingratam
1418 5055 1850 5126 prohibuissent.
1875 5056 1930 5111 Si
1960 5073 2086 5126 per-

515 5164 809 5225 tenderet,
849 5170 908 5214 et
953 5154 1233 5228 quidpiam
1266 5152 1333 5207 ad
1367 5152 1595 5206 salutem
1633 5150 1776 5204 male
1831 5150 2087 5206 haben“,

513 5260 746 5316 diceret,
806 5267 876 5307 ne
911 5252 1066 5318 ipsos
1101 5256 1288 5317 postea
1322 5252 1632 5306 accusaret,
1662 5257 1790 5296 cum
1825 5254 1995 5298 semet
2030 5244 2086 5297 in

505 5348 877 5407 calamitatem
923 5339 1359 5410 praecipitasset;
1413 5335 1892 5390 Cantacuzenisini
1936 5338 2085 5392 enim

2183 4512 2638 4581 oixoupévq;;xal
2669 4508 2912 4586 μαθητοῦ
2939 4509 3032 4562 τοῦ
3049 4509 3232 4579 πρᾴου
3262 4513 3358 4564 καὶ
3379 4503 3720 4578 φιλανθρώπου

2195 4604 2376 4675 ἰατρὸς
2404 4602 2540 4672 πρὸς
2588 4602 2759 4671 αὐτὴν
2800 4600 3090 4666 εἰσελθεῖν,
3137 4601 3395 4654 ὠνείδισε
3429 4599 3524 4668 μέν
3575 4593 3722 4652 αὐτοῖς

2191 4694 2406 4762 πικρῶς
2427 4693 2526 4763 τὴν
2557 4691 2817 4760 ὡμότητα
2870 4691 2970 4742 καὶ
3017 4690 3117 4759 τὴν
3172 4691 3513 4761 ἀναλγησίαν
3539 4706 3551 4720 ·
3579 4687 3657 4739 τὸν
3679 4681 3723 4734 δὲ

2197 4787 2377 4857 ἰατρὸν
2399 4785 2650 4838 ἐκέλευεν
2665 4782 2726 4847 ὃς
2750 4783 2890 4851 αὐτῇ
2916 4779 3052 4852 πρὸς
3077 4781 3176 4844 τὰς
3194 4782 3390 4843 νόσους
3416 4778 3634 4848 συνήθης
3650 4770 3720 4844 ἦν.

2195 4881 2331 4950 πρὸς
2363 4877 2579 4946 ἐκείνην
2636 4891 2695 4929 τε
2748 4874 2946 4940 ἐλθεῖν,
2991 4875 3084 4927 καὶ
3121 4874 3382 4944 προνοίας
3410 4871 3623 4936 ἀξιῶσαι
3647 4865 3723 4933 τῆς

2196 4971 2446 5039 δεούσης.
2487 4965 2842 5038 Πατριάρχης
2871 4965 2927 5018 δὲ
2978 4967 3071 5019 καὶ
3100 4967 3133 5034 ἡ
3177 4965 3345 5035 λοιπὴ
3389 4964 3495 5018 τῶν
3537 4955 3723 5027 ἀγαθῶν

2194 5064 2416 5120 ἐκείνων
2446 5060 2656 5130 ἀνδρῶν
2703 5059 2908 5128 φατρία
2955 5059 3049 5111 τὸν
3097 5057 3286 5127 ίατρδν
3337 5053 3723 5127 παραλαϐόντες.

2193 5153 2390 5221 ὅρκους
2418 5149 2685 5220 ἀπῄτουν,
2719 5146 2860 5201 ὥστε
2901 5145 3122 5200 ἐλθόντα
3149 5147 3288 5217 πρὸς
3319 5147 3550 5214 ἐκείνην,
3585 5137 3722 5210 μηδὲν

2196 5244 2328 5314 περὶ
2364 5245 2462 5314 τῆς
2498 5243 2655 5294 νόσου
2701 5238 3082 5302 διατάξασθαι.
3131 5239 3240 5292 Τοῦ
3291 5238 3350 5290 δὲ
3380 5238 3472 5291 καὶ
3504 5233 3596 5304 τὴν
3624 5231 3724 5281 ἐπι·

2197 5334 2398 5406 δημίαν
2459 5330 2921 5402 ἀπαγορεύοντος,
2979 5331 3028 5382 εί
3087 5329 3270 5400 μέλλοι
3327 5327 3493 5398 μηδὲν
3548 5325 3607 5376 ἐκ
3647 5315 3726 5380 τῆς

1789 5450 2007 5512 Jacobi
2045 5451 2306 5514 Pontani
2343 5456 2529 5510 notae.

581 5567 695 5635 (89)
720 5561 965 5635 Pulchra
991 5554 1345 5626 ampiiﬁcntio
1368 5550 1462 5635 filii
1497 5552 1554 5605 in
1587 5567 1747 5633 causa
1781 5554 1991 5635 matris:
2019 5554 2083 5606 Et

513 5622 742 5690 alii-atul-
796 5632 930 5685 satis
980 5622 1190 5696 argute,
1221 5622 1513 5692 quomodo,
1546 5623 1637 5696 qui
1691 5623 1933 5691 quotidie
1977 5624 2081 5675 hu-

505 5716 676 5760 mana
731 5702 946 5757 viscera
1004 5692 1378 5758 comederent,
1426 5700 1544 5746 tam
1597 5692 1750 5747 duris
1797 5696 2081 5761 potuerint

2183 5569 2305 5608 esse
2333 5551 2638 5605 visceribus
2669 5566 2698 5618 :V
2723 5549 2992 5619 siquidem
3028 5548 3173 5619 omni
3218 5561 3382 5602 sensu
3409 5536 3727 5619 humanitatis

2181 5631 2454 5703 carerent.
2488 5632 2543 5674 et
2583 5623 2638 5674 in
2671 5611 2838 5690 figura
2883 5619 3119 5673 humana
3160 5618 3460 5672 belluarum
3494 5611 3724 5669 saevitiam

2182 5701 2546 5746 imitarentur.
