  <div class='ocr_page' id='page_1' title='image "/cluster/home/n/w/nwhite01/storage/ocr_20150623/153/hvd.32044073502643/476.png"; bbox 0 0 3998 6198; ppageno 0'>
   <div class='ocr_carea' id='block_1_1' title="bbox 279 323 1874 394">
    <p class='ocr_par' dir='ltr' id='par_1_1' title="bbox 279 323 1874 393">
     <span class='ocr_line' id='line_1_1' title="bbox 279 323 1874 393; baseline 0.001 -5"><span class='ocrx_word' id='word_1_1' title='bbox 279 323 390 388; x_wconf 74' lang='grc'><strong>913</strong></span> <span class='ocrx_word' id='word_1_2' title='bbox 1401 334 1454 393; x_wconf 90' lang='grc' dir='ltr'>Π</span> <span class='ocrx_word' id='word_1_3' title='bbox 1468 331 1874 393; x_wconf 67' lang='grc' dir='ltr'>ιεΤοιιιΑιιῑ</span> 
     </span>
    </p>
   </div>
   <div class='ocr_carea' id='block_1_2' title="bbox 1979 323 3536 394">
    <p class='ocr_par' dir='ltr' id='par_1_2' title="bbox 1995 329 3536 394">
     <span class='ocr_line' id='line_1_2' title="bbox 1995 329 3536 394; baseline -0.005 -2"><span class='ocrx_word' id='word_1_4' title='bbox 1995 334 2228 394; x_wconf 84' lang='lat' dir='ltr'><strong>LIBER</strong></span> <span class='ocrx_word' id='word_1_5' title='bbox 2276 335 2390 393; x_wconf 79' lang='grc' dir='ltr'><strong>ΙΙΙ.</strong></span> <span class='ocrx_word' id='word_1_6' title='bbox 3409 329 3536 394; x_wconf 59' lang='lat' dir='ltr'><strong>91f“</strong></span> 
     </span>
    </p>
   </div>
   <div class='ocr_carea' id='block_1_3' title="bbox 279 431 1874 510">
    <p class='ocr_par' dir='ltr' id='par_1_3' title="bbox 279 431 1874 510">
     <span class='ocr_line' id='line_1_3' title="bbox 279 431 1874 510; baseline -0.006 -10"><span class='ocrx_word' id='word_1_7' title='bbox 279 436 473 505; x_wconf 76' lang='grc' dir='ltr'>τέχνης</span> <span class='ocrx_word' id='word_1_8' title='bbox 531 431 760 504; x_wconf 71' lang='grc' dir='ltr'>ὠφελεῖν</span> <span class='ocrx_word' id='word_1_9' title='bbox 787 477 801 501; x_wconf 87' lang='grc'><strong>.</strong></span> <span class='ocrx_word' id='word_1_10' title='bbox 854 438 1162 506; x_wconf 71' lang='grc' dir='ltr'>ἠνάγκαζον</span> <span class='ocrx_word' id='word_1_11' title='bbox 1209 440 1365 495; x_wconf 72' lang='grc' dir='ltr'>αὐτοὶ</span> <span class='ocrx_word' id='word_1_12' title='bbox 1391 441 1460 494; x_wconf 80' lang='grc' dir='ltr'>τὰ</span> <span class='ocrx_word' id='word_1_13' title='bbox 1500 441 1832 510; x_wconf 73' lang='grc' dir='ltr'><strong>κελευόμενα</strong></span> <span class='ocrx_word' id='word_1_14' title='bbox 1865 468 1874 497; x_wconf 59' lang='grc' dir='ltr'><em>λ</em></span> 
     </span>
    </p>
   </div>
   <div class='ocr_carea' id='block_1_4' title="bbox 1979 431 3515 510">
    <p class='ocr_par' dir='ltr' id='par_1_4' title="bbox 1979 436 3515 496">
     <span class='ocr_line' id='line_1_4' title="bbox 1979 436 3515 496; baseline -0.001 -5"><span class='ocrx_word' id='word_1_15' title='bbox 1979 455 2045 492; x_wconf 79' lang='lat' dir='ltr'><strong>Im</strong></span> <span class='ocrx_word' id='word_1_16' title='bbox 2092 440 2442 496; x_wconf 84' lang='lat' dir='ltr'><strong>manifestum</strong></span> <span class='ocrx_word' id='word_1_17' title='bbox 2489 439 2628 495; x_wconf 88' lang='lat' dir='ltr'><strong>fore.</strong></span> <span class='ocrx_word' id='word_1_18' title='bbox 2665 439 2907 494; x_wconf 85' lang='lat' dir='ltr'><strong>Medicus</strong></span> <span class='ocrx_word' id='word_1_19' title='bbox 2951 436 3378 493; x_wconf 89' lang='lat' dir='ltr'><strong>comminatione</strong></span> <span class='ocrx_word' id='word_1_20' title='bbox 3404 448 3515 492; x_wconf 85' lang='lat' dir='ltr'><strong>ter-</strong></span> 
     </span>
    </p>
   </div>
   <div class='ocr_carea' id='block_1_5' title="bbox 284 524 1874 601">
    <p class='ocr_par' dir='ltr' id='par_1_5' title="bbox 284 524 1836 601">
     <span class='ocr_line' id='line_1_5' title="bbox 284 524 1836 601; baseline 0.003 -24"><span class='ocrx_word' id='word_1_21' title='bbox 284 526 478 590; x_wconf 79' lang='grc' dir='ltr'><strong>ποιεῖν,</strong></span> <span class='ocrx_word' id='word_1_22' title='bbox 515 524 581 576; x_wconf 78' lang='grc' dir='ltr'><strong>ἵν’</strong></span> <span class='ocrx_word' id='word_1_23' title='bbox 610 526 797 589; x_wconf 80' lang='grc' dir='ltr'>αὐτοῖς</span> <span class='ocrx_word' id='word_1_24' title='bbox 834 543 893 578; x_wconf 89' lang='grc' dir='ltr'><strong>τε</strong></span> <span class='ocrx_word' id='word_1_25' title='bbox 925 527 985 594; x_wconf 80' lang='grc' dir='ltr'>ἐξ</span> <span class='ocrx_word' id='word_1_26' title='bbox 1021 529 1193 599; x_wconf 82' lang='grc' dir='ltr'>ἀρχῆς</span> <span class='ocrx_word' id='word_1_27' title='bbox 1225 529 1448 601; x_wconf 79' lang='grc' dir='ltr'><strong>ὠμότης</strong></span> <span class='ocrx_word' id='word_1_28' title='bbox 1499 532 1836 596; x_wconf 65' lang='grc' dir='ltr'>διασώζοντο,</span> 
     </span>
    </p>
   </div>
   <div class='ocr_carea' id='block_1_6' title="bbox 1979 524 3515 601">
    <p class='ocr_par' dir='ltr' id='par_1_6' title="bbox 1979 529 3515 600">
     <span class='ocr_line' id='line_1_6' title="bbox 1979 529 3515 600; baseline -0.004 -18"><span class='ocrx_word' id='word_1_29' title='bbox 1979 529 2082 584; x_wconf 87' lang='lat' dir='ltr'><strong>itus</strong></span> <span class='ocrx_word' id='word_1_30' title='bbox 2126 531 2284 600; x_wconf 86' lang='lat' dir='ltr'><strong>(nihil</strong></span> <span class='ocrx_word' id='word_1_31' title='bbox 2333 531 2534 600; x_wconf 83' lang='lat' dir='ltr'><strong>quippe</strong></span> <span class='ocrx_word' id='word_1_32' title='bbox 2563 538 2705 585; x_wconf 83' lang='lat' dir='ltr'><strong>Inter</strong></span> <span class='ocrx_word' id='word_1_33' title='bbox 2741 537 3057 599; x_wconf 90' lang='lat' dir='ltr'><strong>suspectum</strong></span> <span class='ocrx_word' id='word_1_34' title='bbox 3096 540 3221 582; x_wconf 89' lang='lat' dir='ltr'><strong>esse</strong></span> <span class='ocrx_word' id='word_1_35' title='bbox 3281 533 3337 579; x_wconf 91' lang='lat' dir='ltr'><strong>et</strong></span> <span class='ocrx_word' id='word_1_36' title='bbox 3362 539 3515 578; x_wconf 85' lang='lat' dir='ltr'><strong>acer-</strong></span> 
     </span>
    </p>
   </div>
   <div class='ocr_carea' id='block_1_7' title="bbox 281 613 1874 719">
    <p class='ocr_par' dir='ltr' id='par_1_7' title="bbox 281 616 1840 719">
     <span class='ocr_line' id='line_1_7' title="bbox 281 616 1840 719; baseline 0.004 -53"><span class='ocrx_word' id='word_1_37' title='bbox 281 616 376 719; x_wconf 60' lang='grc' dir='ltr'>καὶ</span> <span class='ocrx_word' id='word_1_38' title='bbox 408 616 549 719; x_wconf 67' lang='grc' dir='ltr'>μηδὲ</span> <span class='ocrx_word' id='word_1_39' title='bbox 585 616 864 719; x_wconf 69' lang='grc' dir='ltr'>βασιλίδος,</span> <span class='ocrx_word' id='word_1_40' title='bbox 905 623 1266 688; x_wconf 74' lang='grc' dir='ltr'><strong>καταφρονεῖν</strong></span> <span class='ocrx_word' id='word_1_41' title='bbox 1307 620 1518 674; x_wconf 75' lang='grc' dir='ltr'><strong>δοκοῖεν</strong></span> <span class='ocrx_word' id='word_1_42' title='bbox 1566 621 1636 674; x_wconf 86' lang='grc' dir='ltr'><strong>τά</strong></span> <span class='ocrx_word' id='word_1_43' title='bbox 1671 637 1840 675; x_wconf 65' lang='grc' dir='ltr'>κεκει</span> 
     </span>
    </p>
   </div>
   <div class='ocr_carea' id='block_1_8' title="bbox 1979 613 3514 719">
    <p class='ocr_par' dir='ltr' id='par_1_8' title="bbox 1983 613 3514 693">
     <span class='ocr_line' id='line_1_8' title="bbox 1983 613 3514 693; baseline -0.007 -17"><span class='ocrx_word' id='word_1_44' title='bbox 1983 622 2167 678; x_wconf 89' lang='lat' dir='ltr'><strong>issima</strong></span> <span class='ocrx_word' id='word_1_45' title='bbox 2222 625 2430 693; x_wconf 58' lang='lat' dir='ltr'><strong>perpeti</strong></span> <span class='ocrx_word' id='word_1_46' title='bbox 2459 623 2745 692; x_wconf 88' lang='lat' dir='ltr'><strong>intererat)</strong></span> <span class='ocrx_word' id='word_1_47' title='bbox 2786 637 2909 686; x_wconf 80' lang='lat' dir='ltr'><strong>cum</strong></span> <span class='ocrx_word' id='word_1_48' title='bbox 2950 618 3352 690; x_wconf 87' lang='lat' dir='ltr'><strong>spopondisset,</strong></span> <span class='ocrx_word' id='word_1_49' title='bbox 3378 613 3514 668; x_wconf 89' lang='lat' dir='ltr'><strong>nihil</strong></span> 
     </span>
    </p>
   </div>
   <div class='ocr_carea' id='block_1_9' title="bbox 279 704 1874 811">
    <p class='ocr_par' dir='ltr' id='par_1_9' title="bbox 279 705 1845 811">
     <span class='ocr_line' id='line_1_9' title="bbox 279 705 1845 811; baseline 0.005 -55"><span class='ocrx_word' id='word_1_50' title='bbox 279 705 552 811; x_wconf 56' lang='lat' dir='ltr'><strong>leucuéva</strong></span> <span class='ocrx_word' id='word_1_51' title='bbox 773 707 1048 811; x_wconf 64' lang='grc' dir='ltr'>ποιοῦντες</span> <span class='ocrx_word' id='word_1_52' title='bbox 1076 727 1096 742; x_wconf 65' lang='grc' dir='ltr'>ι</span> <span class='ocrx_word' id='word_1_53' title='bbox 1145 711 1196 763; x_wconf 86' lang='grc' dir='ltr'><strong>ει</strong></span> <span class='ocrx_word' id='word_1_54' title='bbox 1256 712 1301 765; x_wconf 90' lang='grc' dir='ltr'>δ’</span> <span class='ocrx_word' id='word_1_55' title='bbox 1348 713 1845 783; x_wconf 83' lang='grc' dir='ltr'>ίσχυρογνωμονοίη</span> 
     </span>
    </p>
   </div>
   <div class='ocr_carea' id='block_1_10' title="bbox 1979 704 3517 811">
    <p class='ocr_par' dir='ltr' id='par_1_10' title="bbox 1979 704 3517 784">
     <span class='ocr_line' id='line_1_10' title="bbox 1979 704 3517 784; baseline -0.006 -19"><span class='ocrx_word' id='word_1_56' title='bbox 1979 730 2142 768; x_wconf 84' lang='lat' dir='ltr'><strong>orum</strong></span> <span class='ocrx_word' id='word_1_57' title='bbox 2197 715 2534 784; x_wconf 86' lang='lat' dir='ltr'><strong>imperatrici</strong></span> <span class='ocrx_word' id='word_1_58' title='bbox 2587 713 2980 774; x_wconf 84' lang='lat' dir='ltr'><strong>indicaturum,</strong></span> <span class='ocrx_word' id='word_1_59' title='bbox 3034 710 3100 764; x_wconf 89' lang='lat' dir='ltr'><strong>ad</strong></span> <span class='ocrx_word' id='word_1_60' title='bbox 3146 704 3517 761; x_wconf 84' lang='lat' dir='ltr'><strong>Cantacuzeni</strong></span> 
     </span>
    </p>
   </div>
   <div class='ocr_carea' id='block_1_11' title="bbox 278 796 1874 903">
    <p class='ocr_par' dir='ltr' id='par_1_11' title="bbox 278 796 1874 903">
     <span class='ocr_line' id='line_1_11' title="bbox 278 796 1874 903; baseline 0.007 -57"><span class='ocrx_word' id='word_1_61' title='bbox 278 799 376 849; x_wconf 71' lang='lat' dir='ltr'><strong>xui.</strong></span> <span class='ocrx_word' id='word_1_62' title='bbox 390 796 549 903; x_wconf 71' lang='grc' dir='ltr'><strong>Λπρδς</strong></span> <span class='ocrx_word' id='word_1_63' title='bbox 579 797 850 903; x_wconf 47' lang='lat' dir='ltr'><strong>argiletth</strong></span> <span class='ocrx_word' id='word_1_64' title='bbox 877 815 936 851; x_wconf 87' lang='grc' dir='ltr'><strong>τε</strong></span> <span class='ocrx_word' id='word_1_65' title='bbox 958 799 1058 868; x_wconf 80' lang='grc' dir='ltr'>τῆς</span> <span class='ocrx_word' id='word_1_66' title='bbox 1082 799 1350 870; x_wconf 84' lang='grc' dir='ltr'>νοσούσης</span> <span class='ocrx_word' id='word_1_67' title='bbox 1376 803 1547 871; x_wconf 84' lang='grc' dir='ltr'><strong>λέγοι,</strong></span> <span class='ocrx_word' id='word_1_68' title='bbox 1585 802 1660 871; x_wconf 77' lang='grc' dir='ltr'>μὴ</span> <span class='ocrx_word' id='word_1_69' title='bbox 1703 803 1846 882; x_wconf 60' lang='grc' dir='ltr'>μέμ·</span> <span class='ocrx_word' id='word_1_70' title='bbox 1871 871 1874 875; x_wconf 25' lang='grc'><strong>,</strong></span> 
     </span>
    </p>
   </div>
   <div class='ocr_carea' id='block_1_12' title="bbox 1979 796 3520 903">
    <p class='ocr_par' dir='ltr' id='par_1_12' title="bbox 1979 799 3520 875">
     <span class='ocr_line' id='line_1_12' title="bbox 1979 799 3520 875; baseline -0.007 -17"><span class='ocrx_word' id='word_1_71' title='bbox 1979 815 2178 861; x_wconf 72' lang='lat' dir='ltr'><strong>matrem</strong></span> <span class='ocrx_word' id='word_1_72' title='bbox 2209 807 2478 860; x_wconf 72' lang='lat' dir='ltr'><strong>introivit.</strong></span> <span class='ocrx_word' id='word_1_73' title='bbox 2521 806 2770 875; x_wconf 86' lang='lat' dir='ltr'><strong>Cumque</strong></span> <span class='ocrx_word' id='word_1_74' title='bbox 2794 814 3018 874; x_wconf 87' lang='lat' dir='ltr'><strong>propter</strong></span> <span class='ocrx_word' id='word_1_75' title='bbox 3051 799 3402 855; x_wconf 83' lang='lat' dir='ltr'><strong>formidinem</strong></span> <span class='ocrx_word' id='word_1_76' title='bbox 3429 811 3520 849; x_wconf 85' lang='lat' dir='ltr'><strong>ar-</strong></span> 
     </span>
    </p>
   </div>
   <div class='ocr_carea' id='block_1_13' title="bbox 280 883 1874 990">
    <p class='ocr_par' dir='ltr' id='par_1_13' title="bbox 280 883 1847 963">
     <span class='ocr_line' id='line_1_13' title="bbox 280 883 1847 963; baseline 0.006 -27"><span class='ocrx_word' id='word_1_77' title='bbox 280 883 479 952; x_wconf 82' lang='grc' dir='ltr'>φεσθαι</span> <span class='ocrx_word' id='word_1_78' title='bbox 533 887 718 950; x_wconf 78' lang='grc' dir='ltr'>αὐτοῖς</span> <span class='ocrx_word' id='word_1_79' title='bbox 789 886 865 952; x_wconf 83' lang='grc' dir='ltr'><strong>ὡς</strong></span> <span class='ocrx_word' id='word_1_80' title='bbox 924 891 1092 943; x_wconf 77' lang='grc' dir='ltr'>αὑτοῦ</span> <span class='ocrx_word' id='word_1_81' title='bbox 1150 893 1258 945; x_wconf 84' lang='grc' dir='ltr'>τῶν</span> <span class='ocrx_word' id='word_1_82' title='bbox 1311 895 1594 963; x_wconf 77' lang='grc' dir='ltr'>ἐσομένων</span> <span class='ocrx_word' id='word_1_83' title='bbox 1657 895 1847 948; x_wconf 82' lang='grc' dir='ltr'>κακῶν</span> 
     </span>
    </p>
   </div>
   <div class='ocr_carea' id='block_1_14' title="bbox 1979 883 3518 990">
    <p class='ocr_par' dir='ltr' id='par_1_14' title="bbox 1983 886 3518 966">
     <span class='ocr_line' id='line_1_14' title="bbox 1983 886 3518 966; baseline -0.007 -16"><span class='ocrx_word' id='word_1_84' title='bbox 1983 898 2210 950; x_wconf 87' lang='lat' dir='ltr'><strong>hontnm</strong></span> <span class='ocrx_word' id='word_1_85' title='bbox 2257 897 2406 966; x_wconf 87' lang='lat' dir='ltr'><strong>loqui</strong></span> <span class='ocrx_word' id='word_1_86' title='bbox 2460 912 2566 952; x_wconf 89' lang='lat' dir='ltr'><strong>non</strong></span> <span class='ocrx_word' id='word_1_87' title='bbox 2614 896 2862 958; x_wconf 83' lang='lat' dir='ltr'><strong>auderet,</strong></span> <span class='ocrx_word' id='word_1_88' title='bbox 2913 900 3210 961; x_wconf 87' lang='lat' dir='ltr'><strong>sequentes</strong></span> <span class='ocrx_word' id='word_1_89' title='bbox 3235 886 3518 950; x_wconf 89' lang='lat' dir='ltr'><strong>custodes,</strong></span> 
     </span>
    </p>
   </div>
   <div class='ocr_carea' id='block_1_15' title="bbox 280 977 1874 1096">
    <p class='ocr_par' dir='ltr' id='par_1_15' title="bbox 280 977 1848 1096">
     <span class='ocr_line' id='line_1_15' title="bbox 280 977 1848 1096; baseline 0.006 -68"><span class='ocrx_word' id='word_1_90' title='bbox 280 977 464 1096; x_wconf 63' lang='lat' dir='ltr'><strong>:itfm:</strong></span> <span class='ocrx_word' id='word_1_91' title='bbox 514 978 694 1048; x_wconf 82' lang='grc' dir='ltr'>ἐαυτῷ</span> <span class='ocrx_word' id='word_1_92' title='bbox 734 983 1136 1050; x_wconf 75' lang='grc' dir='ltr'><strong>παρεσομένου.</strong></span> <span class='ocrx_word' id='word_1_93' title='bbox 1193 984 1365 1053; x_wconf 82' lang='grc' dir='ltr'><strong>Δῆλος</strong></span> <span class='ocrx_word' id='word_1_94' title='bbox 1413 987 1524 1054; x_wconf 76' lang='grc' dir='ltr'>γὰρ</span> <span class='ocrx_word' id='word_1_95' title='bbox 1569 986 1672 1055; x_wconf 63' lang='grc' dir='ltr'>ἤδη</span> <span class='ocrx_word' id='word_1_96' title='bbox 1707 983 1848 1039; x_wconf 73' lang='grc' dir='ltr'>εἶναι</span> 
     </span>
    </p>
   </div>
   <div class='ocr_carea' id='block_1_16' title="bbox 1979 977 3520 1096">
    <p class='ocr_par' dir='ltr' id='par_1_16' title="bbox 1979 980 3520 1096">
     <span class='ocr_line' id='line_1_16' title="bbox 1979 980 3520 1051; baseline -0.008 -7"><span class='ocrx_word' id='word_1_97' title='bbox 1979 999 2012 1044; x_wconf 83' lang='grc' dir='ltr'><strong>ιι</strong></span> <span class='ocrx_word' id='word_1_98' title='bbox 2047 990 2270 1051; x_wconf 89' lang='lat' dir='ltr'><strong>licebat.</strong></span> <span class='ocrx_word' id='word_1_99' title='bbox 2301 990 2498 1044; x_wconf 86' lang='lat' dir='ltr'><strong>fallens</strong></span> <span class='ocrx_word' id='word_1_100' title='bbox 2523 1005 2553 1043; x_wconf 91' lang='lat' dir='ltr'><strong>e</strong></span> <span class='ocrx_word' id='word_1_101' title='bbox 2578 988 2804 1044; x_wconf 89' lang='lat' dir='ltr'><strong>brachio</strong></span> <span class='ocrx_word' id='word_1_102' title='bbox 2834 984 3160 1039; x_wconf 88' lang='lat' dir='ltr'><strong>mittendum</strong></span> <span class='ocrx_word' id='word_1_103' title='bbox 3195 980 3520 1050; x_wconf 87' lang='lat' dir='ltr'><strong>sanguinem</strong></span> 
     </span>
     <span class='ocr_line' id='line_1_17' title="bbox 2056 1071 3490 1096; baseline 0 0"><span class='ocrx_word' id='word_1_104' title='bbox 2056 1091 2066 1096; x_wconf 83' lang='grc'><strong>-</strong></span> <span class='ocrx_word' id='word_1_105' title='bbox 2178 1086 2189 1095; x_wconf 92' lang='grc'><strong><em>.</em></strong></span> <span class='ocrx_word' id='word_1_106' title='bbox 2272 1080 2321 1096; x_wconf 75' lang='grc' dir='ltr'>ιη</span> <span class='ocrx_word' id='word_1_107' title='bbox 2393 1082 2409 1096; x_wconf 78' lang='grc' dir='ltr'>ι</span> <span class='ocrx_word' id='word_1_108' title='bbox 2471 1091 2483 1096; x_wconf 88' lang='grc'><strong>-</strong></span> <span class='ocrx_word' id='word_1_109' title='bbox 2539 1079 2629 1096; x_wconf 20' lang='grc' dir='ltr'>ηε·</span> <span class='ocrx_word' id='word_1_110' title='bbox 2691 1078 2729 1096; x_wconf 27' lang='grc' dir='ltr'>ι.</span> <span class='ocrx_word' id='word_1_111' title='bbox 2776 1087 2955 1096; x_wconf 43' lang='lat' dir='ltr'><strong>,_A,_.__A</strong></span> <span class='ocrx_word' id='word_1_112' title='bbox 2985 1075 3142 1096; x_wconf 59' lang='lat' dir='ltr'><strong>_I-_-</strong></span> <span class='ocrx_word' id='word_1_113' title='bbox 3176 1071 3354 1096; x_wconf 60' lang='lat' dir='ltr'><strong>-le...</strong></span> <span class='ocrx_word' id='word_1_114' title='bbox 3404 1071 3490 1096; x_wconf 75' lang='grc' dir='ltr'>ιι..</span> 
     </span>
    </p>
   </div>
   <div class='ocr_carea' id='block_1_17' title="bbox 281 1069 1874 1177">
    <p class='ocr_par' dir='ltr' id='par_1_17' title="bbox 281 1069 1851 1177">
     <span class='ocr_line' id='line_1_18' title="bbox 281 1069 1851 1177; baseline 0.008 -59"><span class='ocrx_word' id='word_1_115' title='bbox 281 1069 561 1177; x_wconf 40' lang='lat' dir='ltr'><strong>pigritiam;</strong></span> <span class='ocrx_word' id='word_1_116' title='bbox 614 1073 684 1122; x_wconf 81' lang='grc' dir='ltr'>τὰ</span> <span class='ocrx_word' id='word_1_117' title='bbox 736 1073 1216 1143; x_wconf 78' lang='grc' dir='ltr'>Καντακουζηνοῦ.</span> <span class='ocrx_word' id='word_1_118' title='bbox 1284 1075 1343 1130; x_wconf 89' lang='grc'><strong>’0</strong></span> <span class='ocrx_word' id='word_1_119' title='bbox 1399 1077 1455 1129; x_wconf 76' lang='grc' dir='ltr'><strong>δέ</strong></span> <span class='ocrx_word' id='word_1_120' title='bbox 1506 1075 1688 1140; x_wconf 76' lang='grc' dir='ltr'>δείσας</span> <span class='ocrx_word' id='word_1_121' title='bbox 1750 1078 1851 1146; x_wconf 77' lang='grc' dir='ltr'>τὴν</span> 
     </span>
    </p>
   </div>
   <div class='ocr_carea' id='block_1_18' title="bbox 1979 1069 3522 1177">
    <p class='ocr_par' dir='ltr' id='par_1_18' title="bbox 1979 1071 3522 1150">
     <span class='ocr_line' id='line_1_19' title="bbox 1979 1071 3522 1150; baseline -0.008 -14"><span class='ocrx_word' id='word_1_122' title='bbox 1979 1091 2110 1146; x_wconf 80' lang='lat' dir='ltr'><strong>:estu</strong></span> <span class='ocrx_word' id='word_1_123' title='bbox 2145 1080 2510 1150; x_wconf 79' lang='lat' dir='ltr'><strong>signiﬁcabat.</strong></span> <span class='ocrx_word' id='word_1_124' title='bbox 2538 1078 2742 1134; x_wconf 86' lang='lat' dir='ltr'><strong>Deinde</strong></span> <span class='ocrx_word' id='word_1_125' title='bbox 2774 1087 2960 1131; x_wconf 89' lang='lat' dir='ltr'><strong>mutus</strong></span> <span class='ocrx_word' id='word_1_126' title='bbox 2985 1075 3146 1145; x_wconf 81' lang='lat' dir='ltr'><strong>plane</strong></span> <span class='ocrx_word' id='word_1_127' title='bbox 3174 1071 3379 1128; x_wconf 88' lang='lat' dir='ltr'><strong>abibat.</strong></span> <span class='ocrx_word' id='word_1_128' title='bbox 3404 1071 3522 1124; x_wconf 84' lang='lat' dir='ltr'><strong>Mu-</strong></span> 
     </span>
    </p>
   </div>
   <div class='ocr_carea' id='block_1_19' title="bbox 282 1158 1874 1264">
    <p class='ocr_par' dir='ltr' id='par_1_19' title="bbox 282 1158 1850 1264">
     <span class='ocr_line' id='line_1_20' title="bbox 282 1158 1850 1264; baseline 0.006 -54"><span class='ocrx_word' id='word_1_129' title='bbox 282 1158 738 1264; x_wconf 49' lang='lat' dir='ltr'><strong>dfstlﬁv&#39;cbalv</strong></span> <span class='ocrx_word' id='word_1_130' title='bbox 794 1163 904 1231; x_wconf 87' lang='grc' dir='ltr'><strong>γάρ</strong></span> <span class='ocrx_word' id='word_1_131' title='bbox 942 1159 1012 1233; x_wconf 75' lang='grc' dir='ltr'>ἦν</span> <span class='ocrx_word' id='word_1_132' title='bbox 1061 1165 1123 1217; x_wconf 81' lang='grc' dir='ltr'>τὸ</span> <span class='ocrx_word' id='word_1_133' title='bbox 1158 1164 1324 1234; x_wconf 72' lang='grc' dir='ltr'>μέσον</span> <span class='ocrx_word' id='word_1_134' title='bbox 1355 1166 1446 1219; x_wconf 89' lang='grc' dir='ltr'><strong>τοῦ</strong></span> <span class='ocrx_word' id='word_1_135' title='bbox 1485 1183 1546 1219; x_wconf 90' lang='grc' dir='ltr'><strong>τε</strong></span> <span class='ocrx_word' id='word_1_136' title='bbox 1575 1167 1850 1220; x_wconf 78' lang='grc' dir='ltr'>ὑποπτευ-</span> 
     </span>
    </p>
   </div>
   <div class='ocr_carea' id='block_1_20' title="bbox 1979 1158 3521 1264">
    <p class='ocr_par' dir='ltr' id='par_1_20' title="bbox 1979 1165 3521 1235">
     <span class='ocr_line' id='line_1_21' title="bbox 1979 1165 3521 1235; baseline -0.009 -9"><span class='ocrx_word' id='word_1_137' title='bbox 1979 1173 2119 1226; x_wconf 85' lang='lat' dir='ltr'><strong>ieres</strong></span> <span class='ocrx_word' id='word_1_138' title='bbox 2153 1174 2352 1226; x_wconf 86' lang='lat' dir='ltr'><strong>iterum</strong></span> <span class='ocrx_word' id='word_1_139' title='bbox 2397 1170 2756 1227; x_wconf 88' lang='lat' dir='ltr'><strong>archontibus</strong></span> <span class='ocrx_word' id='word_1_140' title='bbox 2783 1167 3078 1235; x_wconf 82' lang='lat' dir='ltr'><strong>supplices,</strong></span> <span class='ocrx_word' id='word_1_141' title='bbox 3108 1165 3521 1233; x_wconf 84' lang='lat' dir='ltr'><strong>phlebotomum</strong></span> 
     </span>
    </p>
   </div>
   <div class='ocr_carea' id='block_1_21' title="bbox 283 1249 1874 1368">
    <p class='ocr_par' dir='ltr' id='par_1_21' title="bbox 283 1249 1854 1368">
     <span class='ocr_line' id='line_1_22' title="bbox 283 1249 1854 1368; baseline 0.006 -68"><span class='ocrx_word' id='word_1_142' title='bbox 283 1249 448 1368; x_wconf 66' lang='grc' dir='ltr'>θῆναι</span> <span class='ocrx_word' id='word_1_143' title='bbox 503 1250 598 1368; x_wconf 43' lang='grc' dir='ltr'><strong>ἷαέ</strong></span> <span class='ocrx_word' id='word_1_144' title='bbox 664 1252 758 1305; x_wconf 87' lang='grc' dir='ltr'><strong>τοῦ</strong></span> <span class='ocrx_word' id='word_1_145' title='bbox 816 1253 1047 1323; x_wconf 81' lang='grc' dir='ltr'>πάσχειν</span> <span class='ocrx_word' id='word_1_146' title='bbox 1094 1255 1166 1308; x_wconf 83' lang='grc' dir='ltr'>τὰ</span> <span class='ocrx_word' id='word_1_147' title='bbox 1229 1255 1508 1310; x_wconf 81' lang='grc' dir='ltr'><strong>δεινότατα</strong></span> <span class='ocrx_word' id='word_1_148' title='bbox 1543 1273 1558 1288; x_wconf 92' lang='grc'><strong>·</strong></span> <span class='ocrx_word' id='word_1_149' title='bbox 1591 1259 1854 1327; x_wconf 85' lang='grc' dir='ltr'>πρότερον</span> 
     </span>
    </p>
   </div>
   <div class='ocr_carea' id='block_1_22' title="bbox 1979 1249 3524 1368">
    <p class='ocr_par' dir='ltr' id='par_1_22' title="bbox 1979 1254 3524 1368">
     <span class='ocr_line' id='line_1_23' title="bbox 1979 1254 3524 1331; baseline -0.009 -13"><span class='ocrx_word' id='word_1_150' title='bbox 1979 1263 2306 1318; x_wconf 85' lang='lat' dir='ltr'><strong>ntroducere</strong></span> <span class='ocrx_word' id='word_1_151' title='bbox 2347 1277 2454 1314; x_wconf 90' lang='lat' dir='ltr'><strong>non</strong></span> <span class='ocrx_word' id='word_1_152' title='bbox 2492 1259 2969 1328; x_wconf 82' lang='lat' dir='ltr'><strong>permittebantur.</strong></span> <span class='ocrx_word' id='word_1_153' title='bbox 2994 1254 3260 1331; x_wconf 40' lang='lat' dir='ltr'><strong>Siclomni</strong></span> <span class='ocrx_word' id='word_1_154' title='bbox 3299 1267 3524 1321; x_wconf 85' lang='lat' dir='ltr'><strong>prorsus</strong></span> 
     </span>
     <span class='ocr_line' id='line_1_24' title="bbox 2095 1343 3522 1368; baseline 0 0"><span class='ocrx_word' id='word_1_155' title='bbox 2095 1355 2128 1368; x_wconf 85' lang='lat'><strong>_-</strong></span> <span class='ocrx_word' id='word_1_156' title='bbox 2222 1367 2226 1368; x_wconf 64' lang='lat'><strong><em>,</em></strong></span> <span class='ocrx_word' id='word_1_157' title='bbox 2423 1360 2437 1368; x_wconf 59' lang='grc' dir='ltr'>η</span> <span class='ocrx_word' id='word_1_158' title='bbox 2539 1362 2578 1368; x_wconf 35' lang='grc' dir='ltr'><strong>γ-</strong></span> <span class='ocrx_word' id='word_1_159' title='bbox 2616 1349 2753 1368; x_wconf 40' lang='lat' dir='ltr'><strong>tua“:</strong></span> <span class='ocrx_word' id='word_1_160' title='bbox 2800 1357 3107 1368; x_wconf 30' lang='grc' dir='ltr'><strong>..κ.......-.Δ</strong></span> <span class='ocrx_word' id='word_1_161' title='bbox 3172 1353 3360 1368; x_wconf 62' lang='grc' dir='ltr'><strong>-.ι----Α</strong></span> <span class='ocrx_word' id='word_1_162' title='bbox 3397 1343 3522 1368; x_wconf 56' lang='lat' dir='ltr'><strong>I1-..-</strong></span> 
     </span>
    </p>
   </div>
   <div class='ocr_carea' id='block_1_23' title="bbox 285 1341 1874 1422">
    <p class='ocr_par' dir='ltr' id='par_1_23' title="bbox 285 1341 1857 1419">
     <span class='ocr_line' id='line_1_25' title="bbox 285 1341 1857 1419; baseline 0.006 -27"><span class='ocrx_word' id='word_1_163' title='bbox 285 1341 764 1412; x_wconf 71' lang='grc' dir='ltr'>ἐπαγγειλάμενος</span> <span class='ocrx_word' id='word_1_164' title='bbox 837 1346 1006 1414; x_wconf 82' lang='grc' dir='ltr'>μηδὲν</span> <span class='ocrx_word' id='word_1_165' title='bbox 1070 1347 1180 1400; x_wconf 76' lang='grc' dir='ltr'><strong>τῶν</strong></span> <span class='ocrx_word' id='word_1_166' title='bbox 1234 1350 1540 1418; x_wconf 73' lang='grc' dir='ltr'>γινομένων</span> <span class='ocrx_word' id='word_1_167' title='bbox 1595 1349 1857 1419; x_wconf 77' lang='grc' dir='ltr'>μηνύσειν</span> 
     </span>
    </p>
   </div>
   <div class='ocr_carea' id='block_1_24' title="bbox 1979 1341 3533 1422">
    <p class='ocr_par' dir='ltr' id='par_1_24' title="bbox 1979 1343 3533 1422">
     <span class='ocr_line' id='line_1_26' title="bbox 1979 1343 3533 1422; baseline -0.008 -13"><span class='ocrx_word' id='word_1_168' title='bbox 1979 1355 2240 1409; x_wconf 77' lang='lat' dir='ltr'><strong>:uratione</strong></span> <span class='ocrx_word' id='word_1_169' title='bbox 2283 1360 2495 1422; x_wconf 75' lang='lat' dir='ltr'><strong>negata,</strong></span> <span class='ocrx_word' id='word_1_170' title='bbox 2529 1362 2584 1405; x_wconf 90' lang='lat' dir='ltr'><strong>et</strong></span> <span class='ocrx_word' id='word_1_171' title='bbox 2615 1349 2754 1404; x_wconf 87' lang='lat' dir='ltr'><strong>febri</strong></span> <span class='ocrx_word' id='word_1_172' title='bbox 2792 1357 3134 1416; x_wconf 86' lang='lat' dir='ltr'><strong>consumpta,</strong></span> <span class='ocrx_word' id='word_1_173' title='bbox 3169 1353 3363 1399; x_wconf 76' lang='lat' dir='ltr'><strong>octavo</strong></span> <span class='ocrx_word' id='word_1_174' title='bbox 3397 1343 3533 1396; x_wconf 80' lang='lat' dir='ltr'><strong>ldus</strong></span> 
     </span>
    </p>
   </div>
   <div class='ocr_carea' id='block_1_25' title="bbox 289 1432 1874 1511">
    <p class='ocr_par' dir='ltr' id='par_1_25' title="bbox 289 1432 1858 1511">
     <span class='ocr_line' id='line_1_27' title="bbox 289 1432 1858 1511; baseline 0.007 -28"><span class='ocrx_word' id='word_1_175' title='bbox 289 1432 550 1501; x_wconf 81' lang='grc' dir='ltr'>βασιλίδι,</span> <span class='ocrx_word' id='word_1_176' title='bbox 586 1433 784 1488; x_wconf 71' lang='grc' dir='ltr'>ἔπειτα</span> <span class='ocrx_word' id='word_1_177' title='bbox 814 1438 953 1505; x_wconf 77' lang='grc' dir='ltr'>πρὸς</span> <span class='ocrx_word' id='word_1_178' title='bbox 989 1436 1256 1506; x_wconf 83' lang='grc' dir='ltr'>βασιλέως</span> <span class='ocrx_word' id='word_1_179' title='bbox 1287 1439 1460 1510; x_wconf 74' lang='grc' dir='ltr'>εεσῄει</span> <span class='ocrx_word' id='word_1_180' title='bbox 1495 1442 1594 1511; x_wconf 76' lang='grc' dir='ltr'>τὴν</span> <span class='ocrx_word' id='word_1_181' title='bbox 1624 1442 1858 1511; x_wconf 79' lang='grc' dir='ltr'>μητέρα·</span> 
     </span>
    </p>
   </div>
   <div class='ocr_carea' id='block_1_26' title="bbox 1979 1432 3526 1511">
    <p class='ocr_par' dir='ltr' id='par_1_26' title="bbox 1979 1435 3526 1505">
     <span class='ocr_line' id='line_1_28' title="bbox 1979 1435 3526 1505; baseline -0.008 -8"><span class='ocrx_word' id='word_1_182' title='bbox 1979 1445 2272 1505; x_wconf 76' lang='lat' dir='ltr'><strong>ianuarias,</strong></span> <span class='ocrx_word' id='word_1_183' title='bbox 2326 1441 2627 1498; x_wconf 86' lang='lat' dir='ltr'><strong>indictione</strong></span> <span class='ocrx_word' id='word_1_184' title='bbox 2675 1439 2916 1500; x_wconf 87' lang='lat' dir='ltr'><strong>decima,</strong></span> <span class='ocrx_word' id='word_1_185' title='bbox 2957 1452 3100 1490; x_wconf 88' lang='lat' dir='ltr'><strong>anno</strong></span> <span class='ocrx_word' id='word_1_186' title='bbox 3130 1435 3198 1488; x_wconf 88' lang='lat' dir='ltr'><strong>ab</strong></span> <span class='ocrx_word' id='word_1_187' title='bbox 3232 1435 3366 1488; x_wconf 87' lang='lat' dir='ltr'><strong>orbe</strong></span> <span class='ocrx_word' id='word_1_188' title='bbox 3393 1449 3526 1487; x_wconf 84' lang='lat' dir='ltr'><strong>con—</strong></span> 
     </span>
    </p>
   </div>
   <div class='ocr_carea' id='block_1_27' title="bbox 292 1524 1874 1627">
    <p class='ocr_par' dir='ltr' id='par_1_27' title="bbox 292 1524 1860 1627">
     <span class='ocr_line' id='line_1_29' title="bbox 292 1524 1860 1627; baseline 0.006 -52"><span class='ocrx_word' id='word_1_189' title='bbox 292 1524 463 1627; x_wconf 65' lang='grc' dir='ltr'>μηδὲν</span> <span class='ocrx_word' id='word_1_190' title='bbox 513 1525 568 1627; x_wconf 52' lang='grc' dir='ltr'>δὲ</span> <span class='ocrx_word' id='word_1_191' title='bbox 620 1525 918 1627; x_wconf 64' lang='grc' dir='ltr'>δυνάμενος</span> <span class='ocrx_word' id='word_1_192' title='bbox 951 1527 1038 1580; x_wconf 80' lang='grc' dir='ltr'>διὰ</span> <span class='ocrx_word' id='word_1_193' title='bbox 1081 1529 1144 1581; x_wconf 85' lang='grc' dir='ltr'><strong>τδ</strong></span> <span class='ocrx_word' id='word_1_194' title='bbox 1185 1531 1251 1582; x_wconf 71' lang='grc' dir='ltr'><strong>ἐκ</strong></span> <span class='ocrx_word' id='word_1_195' title='bbox 1293 1529 1399 1581; x_wconf 81' lang='grc' dir='ltr'><strong>τῶν</strong></span> <span class='ocrx_word' id='word_1_196' title='bbox 1437 1531 1716 1600; x_wconf 82' lang='grc' dir='ltr'><strong>ἀρχόντων</strong></span> <span class='ocrx_word' id='word_1_197' title='bbox 1743 1533 1860 1596; x_wconf 84' lang='grc' dir='ltr'>δέος</span> 
     </span>
    </p>
   </div>
   <div class='ocr_carea' id='block_1_28' title="bbox 1979 1524 3526 1627">
    <p class='ocr_par' dir='ltr' id='par_1_28' title="bbox 1979 1525 3526 1600">
     <span class='ocr_line' id='line_1_30' title="bbox 1979 1525 3526 1600; baseline -0.01 -10"><span class='ocrx_word' id='word_1_198' title='bbox 1979 1537 2076 1591; x_wconf 93' lang='lat' dir='ltr'><strong>lito</strong></span> <span class='ocrx_word' id='word_1_199' title='bbox 2121 1535 2301 1589; x_wconf 83' lang='lat' dir='ltr'><strong>sexies</strong></span> <span class='ocrx_word' id='word_1_200' title='bbox 2347 1533 2636 1588; x_wconf 75' lang='lat' dir='ltr'><strong>millesimo</strong></span> <span class='ocrx_word' id='word_1_201' title='bbox 2687 1527 3142 1600; x_wconf 67' lang='lat' dir='ltr'><strong>octingentesimo</strong></span> <span class='ocrx_word' id='word_1_202' title='bbox 3182 1525 3526 1595; x_wconf 83' lang='lat' dir='ltr'><strong>quinquage-</strong></span> 
     </span>
    </p>
   </div>
   <div class='ocr_carea' id='block_1_29' title="bbox 292 1603 1874 1716">
    <p class='ocr_par' dir='ltr' id='par_1_29' title="bbox 292 1610 1863 1716">
     <span class='ocr_line' id='line_1_31' title="bbox 292 1610 1863 1716; baseline 0.007 -54"><span class='ocrx_word' id='word_1_203' title='bbox 292 1610 652 1716; x_wconf 53' lang='grc' dir='ltr'>φθέγγεσθαι,</span> <span class='ocrx_word' id='word_1_204' title='bbox 682 1612 806 1676; x_wconf 76' lang='grc' dir='ltr'>τοὺς</span> <span class='ocrx_word' id='word_1_205' title='bbox 846 1615 1143 1683; x_wconf 70' lang='grc' dir='ltr'>ἑπομένους</span> <span class='ocrx_word' id='word_1_206' title='bbox 1191 1616 1437 1683; x_wconf 86' lang='grc' dir='ltr'>φύλακας</span> <span class='ocrx_word' id='word_1_207' title='bbox 1481 1618 1556 1682; x_wconf 89' lang='grc' dir='ltr'>ὼς</span> <span class='ocrx_word' id='word_1_208' title='bbox 1589 1621 1714 1688; x_wconf 80' lang='grc' dir='ltr'>ἐνῆν</span> <span class='ocrx_word' id='word_1_209' title='bbox 1747 1620 1863 1673; x_wconf 87' lang='grc' dir='ltr'>δια-</span> 
     </span>
    </p>
   </div>
   <div class='ocr_carea' id='block_1_30' title="bbox 1979 1603 3582 1716">
    <p class='ocr_par' dir='ltr' id='par_1_30' title="bbox 1979 1603 3582 1684">
     <span class='ocr_line' id='line_1_32' title="bbox 1979 1603 3582 1684; baseline -0.011 -6"><span class='ocrx_word' id='word_1_210' title='bbox 1979 1626 2100 1679; x_wconf 74' lang='lat' dir='ltr'><strong>iimo</strong></span> <span class='ocrx_word' id='word_1_211' title='bbox 2145 1623 2286 1676; x_wconf 92' lang='lat' dir='ltr'><strong>hanc</strong></span> <span class='ocrx_word' id='word_1_212' title='bbox 2336 1621 2514 1675; x_wconf 88' lang='lat' dir='ltr'><strong>lucem</strong></span> <span class='ocrx_word' id='word_1_213' title='bbox 2561 1619 2786 1673; x_wconf 86' lang='lat' dir='ltr'><strong>deserit.</strong></span> <span class='ocrx_word' id='word_1_214' title='bbox 2838 1609 3528 1684; x_wconf 67' lang='lat' dir='ltr'><strong>lmperatoris&#39;Andronici</strong></span> <span class='ocrx_word' id='word_1_215' title='bbox 3571 1603 3582 1612; x_wconf 76' lang='grc'><strong><em>“</em></strong></span> 
     </span>
    </p>
   </div>
   <div class='ocr_carea' id='block_1_31' title="bbox 294 1697 1874 1782">
    <p class='ocr_par' dir='ltr' id='par_1_31' title="bbox 294 1697 1858 1776">
     <span class='ocr_line' id='line_1_33' title="bbox 294 1697 1858 1776; baseline 0.008 -26"><span class='ocrx_word' id='word_1_216' title='bbox 294 1697 512 1764; x_wconf 83' lang='grc' dir='ltr'>λαθὼν,</span> <span class='ocrx_word' id='word_1_217' title='bbox 562 1701 790 1769; x_wconf 77' lang='grc' dir='ltr'>νεύματι</span> <span class='ocrx_word' id='word_1_218' title='bbox 841 1703 1103 1768; x_wconf 76' lang='grc' dir='ltr'>ἐσήμαινε</span> <span class='ocrx_word' id='word_1_219' title='bbox 1163 1703 1264 1773; x_wconf 81' lang='grc' dir='ltr'>τὴν</span> <span class='ocrx_word' id='word_1_220' title='bbox 1325 1706 1383 1757; x_wconf 93' lang='grc' dir='ltr'><strong>ἐν</strong></span> <span class='ocrx_word' id='word_1_221' title='bbox 1416 1705 1628 1770; x_wconf 81' lang='grc' dir='ltr'>ἀγκῶνι</span> <span class='ocrx_word' id='word_1_222' title='bbox 1687 1709 1858 1776; x_wconf 77' lang='grc' dir='ltr'>φλέϐα</span> 
     </span>
    </p>
   </div>
   <div class='ocr_carea' id='block_1_32' title="bbox 1979 1697 3528 1782">
    <p class='ocr_par' dir='ltr' id='par_1_32' title="bbox 1979 1705 3528 1782">
     <span class='ocr_line' id='line_1_34' title="bbox 1979 1705 3528 1782; baseline -0.011 -12"><span class='ocrx_word' id='word_1_223' title='bbox 1979 1731 2140 1774; x_wconf 74' lang='lat' dir='ltr'><strong>soror,</strong></span> <span class='ocrx_word' id='word_1_224' title='bbox 2189 1712 2465 1782; x_wconf 88' lang='lat' dir='ltr'><strong>quondam</strong></span> <span class='ocrx_word' id='word_1_225' title='bbox 2499 1708 2745 1764; x_wconf 84' lang='lat' dir='ltr'><strong>Michaeli</strong></span> <span class='ocrx_word' id='word_1_226' title='bbox 2781 1707 3073 1762; x_wconf 64' lang='lat' dir='ltr'><strong>Massorum</strong></span> <span class='ocrx_word' id='word_1_227' title='bbox 3104 1705 3217 1773; x_wconf 84' lang='lat' dir='ltr'><strong>regi</strong></span> <span class='ocrx_word' id='word_1_228' title='bbox 3259 1710 3450 1771; x_wconf 83' lang='lat' dir='ltr'><strong>nupta,</strong></span> <span class='ocrx_word' id='word_1_229' title='bbox 3474 1707 3528 1754; x_wconf 91' lang='lat' dir='ltr'><strong>et</strong></span> 
     </span>
    </p>
   </div>
   <div class='ocr_carea' id='block_1_33' title="bbox 299 1791 1858 1868">
    <p class='ocr_par' dir='ltr' id='par_1_33' title="bbox 299 1791 1858 1868">
     <span class='ocr_line' id='line_1_35' title="bbox 299 1791 1858 1868; baseline 0.007 -25"><span class='ocrx_word' id='word_1_230' title='bbox 299 1791 539 1861; x_wconf 80' lang='grc' dir='ltr'>τέμνειν.</span> <span class='ocrx_word' id='word_1_231' title='bbox 581 1791 814 1846; x_wconf 84' lang='grc' dir='ltr'>Ἔπειτα</span> <span class='ocrx_word' id='word_1_232' title='bbox 858 1793 1005 1864; x_wconf 75' lang='grc' dir='ltr'>ἐξῄει</span> <span class='ocrx_word' id='word_1_233' title='bbox 1058 1796 1224 1864; x_wconf 78' lang='grc' dir='ltr'>μηδὲν</span> <span class='ocrx_word' id='word_1_234' title='bbox 1257 1797 1319 1849; x_wconf 83' lang='grc' dir='ltr'><strong>τδ</strong></span> <span class='ocrx_word' id='word_1_235' title='bbox 1348 1797 1569 1852; x_wconf 87' lang='grc' dir='ltr'>σύνολον</span> <span class='ocrx_word' id='word_1_236' title='bbox 1620 1797 1858 1868; x_wconf 71' lang='grc' dir='ltr'>φθεγξάι</span> 
     </span>
    </p>
   </div>
   <div class='ocr_carea' id='block_1_34' title="bbox 302 1884 1859 1961">
    <p class='ocr_par' dir='ltr' id='par_1_34' title="bbox 302 1884 1859 1961">
     <span class='ocr_line' id='line_1_36' title="bbox 302 1884 1859 1961; baseline 0.007 -27"><span class='ocrx_word' id='word_1_237' title='bbox 302 1899 465 1948; x_wconf 79' lang='grc' dir='ltr'>μενος</span> <span class='ocrx_word' id='word_1_238' title='bbox 491 1899 505 1913; x_wconf 90' lang='grc'><strong>·</strong></span> <span class='ocrx_word' id='word_1_239' title='bbox 558 1884 615 1936; x_wconf 77' lang='grc' dir='ltr'>αἱ</span> <span class='ocrx_word' id='word_1_240' title='bbox 666 1887 926 1951; x_wconf 88' lang='grc' dir='ltr'>γυναῖκες</span> <span class='ocrx_word' id='word_1_241' title='bbox 974 1887 1028 1939; x_wconf 80' lang='grc' dir='ltr'><strong>δέ</strong></span> <span class='ocrx_word' id='word_1_242' title='bbox 1067 1886 1225 1951; x_wconf 81' lang='grc' dir='ltr'>αὖθις</span> <span class='ocrx_word' id='word_1_243' title='bbox 1262 1889 1372 1942; x_wconf 87' lang='grc' dir='ltr'><strong>τῶν</strong></span> <span class='ocrx_word' id='word_1_244' title='bbox 1410 1891 1687 1960; x_wconf 77' lang='grc' dir='ltr'><strong>ἀρχόντων</strong></span> <span class='ocrx_word' id='word_1_245' title='bbox 1735 1892 1859 1961; x_wconf 81' lang='grc' dir='ltr'><strong>δεη⁶</strong></span> 
     </span>
    </p>
   </div>
   <div class='ocr_carea' id='block_1_35' title="bbox 300 1969 1855 2050">
    <p class='ocr_par' dir='ltr' id='par_1_35' title="bbox 300 1969 1855 2050">
     <span class='ocr_line' id='line_1_37' title="bbox 300 1969 1855 2050; baseline 0.01 -29"><span class='ocrx_word' id='word_1_246' title='bbox 300 1969 475 2024; x_wconf 82' lang='grc' dir='ltr'>θεῖσαι</span> <span class='ocrx_word' id='word_1_247' title='bbox 503 1972 593 2024; x_wconf 81' lang='grc' dir='ltr'><strong>τὸν</strong></span> <span class='ocrx_word' id='word_1_248' title='bbox 623 1973 844 2042; x_wconf 81' lang='grc' dir='ltr'>τέμνειν</span> <span class='ocrx_word' id='word_1_249' title='bbox 885 1976 1086 2044; x_wconf 90' lang='grc' dir='ltr'>φλέϐας</span> <span class='ocrx_word' id='word_1_250' title='bbox 1113 1979 1479 2048; x_wconf 82' lang='grc' dir='ltr'>ἐπιστάμενον</span> <span class='ocrx_word' id='word_1_251' title='bbox 1513 1981 1755 2050; x_wconf 76' lang='grc' dir='ltr'>εἰσάγειν</span> <span class='ocrx_word' id='word_1_252' title='bbox 1795 1985 1855 2036; x_wconf 82' lang='grc' dir='ltr'>οὐ</span> 
     </span>
    </p>
   </div>
   <div class='ocr_carea' id='block_1_36' title="bbox 299 2063 1862 2144">
    <p class='ocr_par' dir='ltr' id='par_1_36' title="bbox 299 2063 1862 2144">
     <span class='ocr_line' id='line_1_38' title="bbox 299 2063 1862 2144; baseline 0.01 -32"><span class='ocrx_word' id='word_1_253' title='bbox 299 2063 725 2132; x_wconf 85' lang='grc' dir='ltr'>συνεχωροῦντο.</span> <span class='ocrx_word' id='word_1_254' title='bbox 759 2065 927 2118; x_wconf 86' lang='grc' dir='ltr'>Ὅθεν</span> <span class='ocrx_word' id='word_1_255' title='bbox 985 2067 1090 2121; x_wconf 84' lang='grc' dir='ltr'><strong>ύπδ</strong></span> <span class='ocrx_word' id='word_1_256' title='bbox 1157 2069 1252 2122; x_wconf 89' lang='grc' dir='ltr'><strong>τοῦ</strong></span> <span class='ocrx_word' id='word_1_257' title='bbox 1315 2071 1553 2140; x_wconf 87' lang='grc' dir='ltr'>πυρετοῦ</span> <span class='ocrx_word' id='word_1_258' title='bbox 1594 2090 1862 2144; x_wconf 89' lang='grc' dir='ltr'>κατεργα-</span> 
     </span>
    </p>
   </div>
   <div class='ocr_carea' id='block_1_37' title="bbox 297 2151 1861 2232">
    <p class='ocr_par' dir='ltr' id='par_1_37' title="bbox 297 2151 1861 2232">
     <span class='ocr_line' id='line_1_39' title="bbox 297 2151 1861 2232; baseline 0.012 -30"><span class='ocrx_word' id='word_1_259' title='bbox 297 2151 488 2204; x_wconf 84' lang='grc' dir='ltr'>σθεῖσα</span> <span class='ocrx_word' id='word_1_260' title='bbox 569 2155 664 2208; x_wconf 78' lang='grc' dir='ltr'><strong>καὶ</strong></span> <span class='ocrx_word' id='word_1_261' title='bbox 715 2155 989 2225; x_wconf 77' lang='grc' dir='ltr'>μηδεμιᾶς</span> <span class='ocrx_word' id='word_1_262' title='bbox 1042 2159 1180 2221; x_wconf 77' lang='grc' dir='ltr'>ὅλως</span> <span class='ocrx_word' id='word_1_263' title='bbox 1222 2161 1477 2230; x_wconf 79' lang='grc' dir='ltr'>προνοίας</span> <span class='ocrx_word' id='word_1_264' title='bbox 1527 2161 1818 2227; x_wconf 75' lang='grc' dir='ltr'>ἀξιωθεῖσα</span> <span class='ocrx_word' id='word_1_265' title='bbox 1844 2206 1861 2232; x_wconf 87' lang='grc'><strong>,</strong></span> 
     </span>
    </p>
   </div>
   <div class='ocr_carea' id='block_1_38' title="bbox 295 2239 1859 2321">
    <p class='ocr_par' dir='ltr' id='par_1_38' title="bbox 295 2239 1859 2321">
     <span class='ocr_line' id='line_1_40' title="bbox 295 2239 1859 2321; baseline 0.01 -32"><span class='ocrx_word' id='word_1_266' title='bbox 295 2239 653 2309; x_wconf 68' lang='grc' dir='ltr'>ἐτελεύτησεν</span> <span class='ocrx_word' id='word_1_267' title='bbox 686 2241 820 2314; x_wconf 74' lang='grc' dir='ltr'>ἕκτῃ</span> <span class='ocrx_word' id='word_1_268' title='bbox 857 2244 1026 2312; x_wconf 84' lang='grc' dir='ltr'>μηνός</span> <span class='ocrx_word' id='word_1_269' title='bbox 1069 2246 1402 2315; x_wconf 85' lang='grc' dir='ltr'>Ἰανουαριου</span> <span class='ocrx_word' id='word_1_270' title='bbox 1430 2248 1664 2320; x_wconf 79' lang='grc' dir='ltr'>δεκάτης</span> <span class='ocrx_word' id='word_1_271' title='bbox 1693 2251 1859 2321; x_wconf 77' lang='grc' dir='ltr'>οῦσης</span> 
     </span>
    </p>
   </div>
   <div class='ocr_carea' id='block_1_39' title="bbox 297 2326 1863 2410">
    <p class='ocr_par' dir='ltr' id='par_1_39' title="bbox 297 2326 1863 2410">
     <span class='ocr_line' id='line_1_41' title="bbox 297 2326 1863 2410; baseline 0.01 -33"><span class='ocrx_word' id='word_1_272' title='bbox 297 2326 636 2390; x_wconf 79' lang='grc' dir='ltr'>ἱνδικτιῶνος</span> <span class='ocrx_word' id='word_1_273' title='bbox 661 2327 754 2382; x_wconf 85' lang='grc' dir='ltr'><strong>τοῦ</strong></span> <span class='ocrx_word' id='word_1_274' title='bbox 789 2327 934 2402; x_wconf 68' lang='grc' dir='ltr'>,ςων’</span> <span class='ocrx_word' id='word_1_275' title='bbox 975 2331 1153 2396; x_wconf 74' lang='grc' dir='ltr'>ἔτους·</span> <span class='ocrx_word' id='word_1_276' title='bbox 1186 2334 1525 2404; x_wconf 84' lang='grc' dir='ltr'>τελευτώσης</span> <span class='ocrx_word' id='word_1_277' title='bbox 1573 2336 1630 2389; x_wconf 83' lang='grc' dir='ltr'>δὲ</span> <span class='ocrx_word' id='word_1_278' title='bbox 1680 2338 1801 2408; x_wconf 75' lang='grc' dir='ltr'>ἠδη,</span> <span class='ocrx_word' id='word_1_279' title='bbox 1829 2340 1863 2410; x_wconf 80' lang='grc' dir='ltr'><strong>ἡ</strong></span> 
     </span>
    </p>
   </div>
   <div class='ocr_carea' id='block_1_40' title="bbox 296 2415 1864 2501">
    <p class='ocr_par' dir='ltr' id='par_1_40' title="bbox 296 2415 1864 2501">
     <span class='ocr_line' id='line_1_42' title="bbox 296 2415 1864 2501; baseline 0.011 -34"><span class='ocrx_word' id='word_1_280' title='bbox 296 2415 394 2468; x_wconf 86' lang='grc' dir='ltr'><strong>τοῦ</strong></span> <span class='ocrx_word' id='word_1_281' title='bbox 442 2417 710 2486; x_wconf 82' lang='grc' dir='ltr'>βασιλέως</span> <span class='ocrx_word' id='word_1_282' title='bbox 756 2421 1093 2495; x_wconf 65' lang='grc' dir='ltr'>Ἀχδρονίκου</span> <span class='ocrx_word' id='word_1_283' title='bbox 1136 2424 1342 2493; x_wconf 83' lang='grc' dir='ltr'>ἀδελφὴ</span> <span class='ocrx_word' id='word_1_284' title='bbox 1397 2426 1432 2497; x_wconf 78' lang='grc' dir='ltr'>ἢ</span> <span class='ocrx_word' id='word_1_285' title='bbox 1469 2426 1731 2498; x_wconf 87' lang='grc' dir='ltr'>πρότερον</span> <span class='ocrx_word' id='word_1_286' title='bbox 1765 2432 1864 2501; x_wconf 81' lang='grc' dir='ltr'>μὲν</span> 
     </span>
    </p>
   </div>
   <div class='ocr_carea' id='block_1_41' title="bbox 298 2507 1863 2584">
    <p class='ocr_par' dir='ltr' id='par_1_41' title="bbox 298 2507 1863 2584">
     <span class='ocr_line' id='line_1_43' title="bbox 298 2507 1863 2584; baseline 0.011 -26"><span class='ocrx_word' id='word_1_287' title='bbox 298 2507 518 2578; x_wconf 75' lang='grc' dir='ltr'>Μιχαὴλ</span> <span class='ocrx_word' id='word_1_288' title='bbox 547 2509 623 2580; x_wconf 78' lang='grc' dir='ltr'>τῷ</span> <span class='ocrx_word' id='word_1_289' title='bbox 659 2510 863 2565; x_wconf 79' lang='grc' dir='ltr'>Μυσῶν</span> <span class='ocrx_word' id='word_1_290' title='bbox 896 2513 1132 2583; x_wconf 82' lang='grc' dir='ltr'>συνῴκει</span> <span class='ocrx_word' id='word_1_291' title='bbox 1171 2515 1405 2584; x_wconf 78' lang='grc' dir='ltr'>βασιλεῖ’</span> <span class='ocrx_word' id='word_1_292' title='bbox 1441 2519 1633 2572; x_wconf 79' lang='grc' dir='ltr'>ἔπειτα</span> <span class='ocrx_word' id='word_1_293' title='bbox 1656 2522 1863 2575; x_wconf 85' lang='grc' dir='ltr'>ἐκείνου</span> 
     </span>
    </p>
   </div>
   <div class='ocr_carea' id='block_1_42' title="bbox 298 2599 1869 2680">
    <p class='ocr_par' dir='ltr' id='par_1_42' title="bbox 298 2599 1869 2680">
     <span class='ocr_line' id='line_1_44' title="bbox 298 2599 1869 2680; baseline 0.011 -29"><span class='ocrx_word' id='word_1_294' title='bbox 298 2599 732 2671; x_wconf 82' lang='grc' dir='ltr'>τελευτήσαντος</span> <span class='ocrx_word' id='word_1_295' title='bbox 767 2605 903 2675; x_wconf 77' lang='grc' dir='ltr'>πρὸς</span> <span class='ocrx_word' id='word_1_296' title='bbox 931 2605 1024 2659; x_wconf 81' lang='grc' dir='ltr'>τὸν</span> <span class='ocrx_word' id='word_1_297' title='bbox 1069 2607 1298 2676; x_wconf 84' lang='grc' dir='ltr'>ἀδελφὸν</span> <span class='ocrx_word' id='word_1_298' title='bbox 1343 2611 1744 2680; x_wconf 87' lang='grc' dir='ltr'>ἐπανελθοῦσα,</span> <span class='ocrx_word' id='word_1_299' title='bbox 1777 2616 1869 2668; x_wconf 79' lang='grc' dir='ltr'>καὶ</span> 
     </span>
    </p>
   </div>
   <div class='ocr_carea' id='block_1_43' title="bbox 301 2692 1871 2773">
    <p class='ocr_par' dir='ltr' id='par_1_43' title="bbox 301 2692 1871 2773">
     <span class='ocr_line' id='line_1_45' title="bbox 301 2692 1871 2773; baseline 0.011 -32"><span class='ocrx_word' id='word_1_300' title='bbox 301 2692 406 2756; x_wconf 73' lang='grc' dir='ltr'>τὴν</span> <span class='ocrx_word' id='word_1_301' title='bbox 445 2695 504 2745; x_wconf 89' lang='grc' dir='ltr'><strong>ἐν</strong></span> <span class='ocrx_word' id='word_1_302' title='bbox 548 2693 845 2763; x_wconf 82' lang='grc' dir='ltr'>βασιλείοις</span> <span class='ocrx_word' id='word_1_303' title='bbox 874 2697 1160 2768; x_wconf 83' lang='grc' dir='ltr'>διατριϐὴν</span> <span class='ocrx_word' id='word_1_304' title='bbox 1190 2700 1568 2755; x_wconf 87' lang='grc' dir='ltr'>καταλιποῦσα</span> <span class='ocrx_word' id='word_1_305' title='bbox 1617 2704 1871 2773; x_wconf 74' lang='grc' dir='ltr'>μονάζειν</span> 
     </span>
    </p>
   </div>
   <div class='ocr_carea' id='block_1_44' title="bbox 302 2784 1871 2867">
    <p class='ocr_par' dir='ltr' id='par_1_44' title="bbox 302 2784 1871 2867">
     <span class='ocr_line' id='line_1_46' title="bbox 302 2784 1871 2867; baseline 0.008 -30"><span class='ocrx_word' id='word_1_306' title='bbox 302 2784 507 2851; x_wconf 76' lang='grc' dir='ltr'>εἵλετο,</span> <span class='ocrx_word' id='word_1_307' title='bbox 549 2789 645 2839; x_wconf 77' lang='grc' dir='ltr'>καὶ</span> <span class='ocrx_word' id='word_1_308' title='bbox 697 2788 953 2841; x_wconf 81' lang='grc' dir='ltr'>Θεοδοσία</span> <span class='ocrx_word' id='word_1_309' title='bbox 1004 2789 1069 2843; x_wconf 80' lang='grc' dir='ltr'><strong>ἐκ</strong></span> <span class='ocrx_word' id='word_1_310' title='bbox 1111 2789 1394 2861; x_wconf 79' lang='grc' dir='ltr'>Θεοδώρας</span> <span class='ocrx_word' id='word_1_311' title='bbox 1451 2795 1871 2867; x_wconf 81' lang='grc' dir='ltr'>μετωνομάσθη,</span> 
     </span>
    </p>
   </div>
   <div class='ocr_carea' id='block_1_45' title="bbox 301 2877 1876 2959">
    <p class='ocr_par' dir='ltr' id='par_1_45' title="bbox 301 2877 1876 2959">
     <span class='ocr_line' id='line_1_47' title="bbox 301 2877 1876 2959; baseline 0.006 -30"><span class='ocrx_word' id='word_1_312' title='bbox 301 2877 589 2948; x_wconf 78' lang='grc' dir='ltr'>πυθομένη</span> <span class='ocrx_word' id='word_1_313' title='bbox 650 2879 780 2948; x_wconf 80' lang='grc' dir='ltr'>περὶ</span> <span class='ocrx_word' id='word_1_314' title='bbox 831 2879 930 2948; x_wconf 83' lang='grc' dir='ltr'>τῆς</span> <span class='ocrx_word' id='word_1_315' title='bbox 966 2880 1234 2950; x_wconf 83' lang='grc' dir='ltr'>βασιλέως</span> <span class='ocrx_word' id='word_1_316' title='bbox 1278 2885 1488 2953; x_wconf 81' lang='grc' dir='ltr'>μητρὸς</span> <span class='ocrx_word' id='word_1_317' title='bbox 1519 2884 1601 2937; x_wconf 84' lang='grc' dir='ltr'>ὅτι</span> <span class='ocrx_word' id='word_1_318' title='bbox 1647 2886 1876 2959; x_wconf 78' lang='grc' dir='ltr'>τελευτᾷ</span> 
     </span>
    </p>
   </div>
   <div class='ocr_carea' id='block_1_46' title="bbox 304 2969 1860 3047">
    <p class='ocr_par' dir='ltr' id='par_1_46' title="bbox 304 2969 1860 3047">
     <span class='ocr_line' id='line_1_48' title="bbox 304 2969 1860 3047; baseline 0.004 -25"><span class='ocrx_word' id='word_1_319' title='bbox 304 2969 404 3022; x_wconf 77' lang='grc' dir='ltr'>καὶ</span> <span class='ocrx_word' id='word_1_320' title='bbox 425 2969 610 3040; x_wconf 80' lang='grc' dir='ltr'>ὥσπερ</span> <span class='ocrx_word' id='word_1_321' title='bbox 629 2971 964 3042; x_wconf 79' lang='grc' dir='ltr'>ἀμειϐομένη</span> <span class='ocrx_word' id='word_1_322' title='bbox 981 2973 1089 3025; x_wconf 85' lang='grc' dir='ltr'>τῶν</span> <span class='ocrx_word' id='word_1_323' title='bbox 1108 2974 1324 3043; x_wconf 84' lang='grc' dir='ltr'>ἐκείνης</span> <span class='ocrx_word' id='word_1_324' title='bbox 1340 2974 1607 3044; x_wconf 87' lang='grc' dir='ltr'>πρότερον</span> <span class='ocrx_word' id='word_1_325' title='bbox 1637 2977 1860 3047; x_wconf 83' lang='grc' dir='ltr'>ὑπηργ-</span> 
     </span>
    </p>
   </div>
   <div class='ocr_carea' id='block_1_47' title="bbox 1965 1793 3531 1864">
    <p class='ocr_par' dir='ltr' id='par_1_47' title="bbox 1965 1793 3531 1864">
     <span class='ocr_line' id='line_1_49' title="bbox 1965 1793 3531 1864; baseline -0.01 -4"><span class='ocrx_word' id='word_1_326' title='bbox 1965 1806 2163 1860; x_wconf 86' lang='lat' dir='ltr'><strong>marito</strong></span> <span class='ocrx_word' id='word_1_327' title='bbox 2212 1811 2427 1857; x_wconf 89' lang='lat' dir='ltr'><strong>mortuo</strong></span> <span class='ocrx_word' id='word_1_328' title='bbox 2461 1801 2528 1856; x_wconf 90' lang='lat' dir='ltr'><strong>ad</strong></span> <span class='ocrx_word' id='word_1_329' title='bbox 2559 1801 2780 1854; x_wconf 81' lang='lat' dir='ltr'><strong>fratrem</strong></span> <span class='ocrx_word' id='word_1_330' title='bbox 2816 1812 3062 1862; x_wconf 79' lang='lat' dir='ltr'><strong>reversa,</strong></span> <span class='ocrx_word' id='word_1_331' title='bbox 3093 1797 3314 1864; x_wconf 82' lang='lat' dir='ltr'><strong>vitaque</strong></span> <span class='ocrx_word' id='word_1_332' title='bbox 3355 1793 3531 1847; x_wconf 91' lang='lat' dir='ltr'><strong>aulica</strong></span> 
     </span>
    </p>
   </div>
   <div class='ocr_carea' id='block_1_48' title="bbox 1963 1884 3660 1959">
    <p class='ocr_par' dir='ltr' id='par_1_48' title="bbox 1963 1884 3660 1959">
     <span class='ocr_line' id='line_1_50' title="bbox 1963 1884 3660 1959; baseline -0.008 -11"><span class='ocrx_word' id='word_1_333' title='bbox 1963 1896 2153 1949; x_wconf 89' lang='lat' dir='ltr'><strong>relicta</strong></span> <span class='ocrx_word' id='word_1_334' title='bbox 2205 1901 2259 1946; x_wconf 93' lang='lat' dir='ltr'><strong>et</strong></span> <span class='ocrx_word' id='word_1_335' title='bbox 2301 1892 2658 1945; x_wconf 83' lang='lat' dir='ltr'><strong>monasticam</strong></span> <span class='ocrx_word' id='word_1_336' title='bbox 2713 1888 3012 1957; x_wconf 84' lang='lat' dir='ltr'><strong>complexa,</strong></span> <span class='ocrx_word' id='word_1_337' title='bbox 3041 1901 3102 1939; x_wconf 91' lang='lat' dir='ltr'><strong>ac</strong></span> <span class='ocrx_word' id='word_1_338' title='bbox 3130 1884 3439 1939; x_wconf 65' lang='lat' dir='ltr'><strong>Theodosia</strong></span> <span class='ocrx_word' id='word_1_339' title='bbox 3465 1898 3531 1936; x_wconf 76' lang='lat' dir='ltr'><strong>ex</strong></span> <span class='ocrx_word' id='word_1_340' title='bbox 3635 1935 3660 1959; x_wconf 42' lang='grc' dir='ltr'><strong>η</strong></span> 
     </span>
    </p>
   </div>
   <div class='ocr_carea' id='block_1_49' title="bbox 1965 1976 3534 2054">
    <p class='ocr_par' dir='ltr' id='par_1_49' title="bbox 1965 1976 3534 2054">
     <span class='ocr_line' id='line_1_51' title="bbox 1965 1976 3534 2054; baseline -0.008 -13"><span class='ocrx_word' id='word_1_341' title='bbox 1965 1985 2424 2042; x_wconf 72' lang='lat' dir='ltr'><strong>Tlieodora&#39;dicta</strong></span> <span class='ocrx_word' id='word_1_342' title='bbox 2458 1982 2594 2054; x_wconf 86' lang='lat'><strong>(90),</strong></span> <span class='ocrx_word' id='word_1_343' title='bbox 2633 1981 2726 2035; x_wconf 90' lang='lat' dir='ltr'><strong>ubi</strong></span> <span class='ocrx_word' id='word_1_344' title='bbox 2752 1996 2872 2035; x_wconf 90' lang='lat' dir='ltr'><strong>eam</strong></span> <span class='ocrx_word' id='word_1_345' title='bbox 2908 1979 3144 2034; x_wconf 88' lang='lat' dir='ltr'><strong>animam</strong></span> <span class='ocrx_word' id='word_1_346' title='bbox 3177 1993 3338 2047; x_wconf 88' lang='lat' dir='ltr'><strong>agere</strong></span> <span class='ocrx_word' id='word_1_347' title='bbox 3374 1976 3534 2030; x_wconf 88' lang='lat' dir='ltr'><strong>intel-</strong></span> 
     </span>
    </p>
   </div>
   <div class='ocr_carea' id='block_1_50' title="bbox 1963 2065 3531 2140">
    <p class='ocr_par' dir='ltr' id='par_1_50' title="bbox 1963 2065 3531 2140">
     <span class='ocr_line' id='line_1_52' title="bbox 1963 2065 3531 2140; baseline -0.009 -8"><span class='ocrx_word' id='word_1_348' title='bbox 1963 2076 2116 2140; x_wconf 81' lang='lat' dir='ltr'><strong>lexit,</strong></span> <span class='ocrx_word' id='word_1_349' title='bbox 2171 2075 2322 2130; x_wconf 87' lang='lat' dir='ltr'><strong>velut</strong></span> <span class='ocrx_word' id='word_1_350' title='bbox 2375 2087 2736 2128; x_wconf 79' lang='lat' dir='ltr'><strong>remunerans</strong></span> <span class='ocrx_word' id='word_1_351' title='bbox 2777 2071 2896 2140; x_wconf 86' lang='lat' dir='ltr'><strong>ejus</strong></span> <span class='ocrx_word' id='word_1_352' title='bbox 2945 2071 3000 2124; x_wconf 90' lang='lat' dir='ltr'><strong>in</strong></span> <span class='ocrx_word' id='word_1_353' title='bbox 3061 2085 3119 2123; x_wconf 92' lang='lat' dir='ltr'><strong>se</strong></span> <span class='ocrx_word' id='word_1_354' title='bbox 3177 2068 3373 2122; x_wconf 87' lang='lat' dir='ltr'><strong>merita</strong></span> <span class='ocrx_word' id='word_1_355' title='bbox 3425 2065 3531 2137; x_wconf 87' lang='lat' dir='ltr'><strong>(sui</strong></span> 
     </span>
    </p>
   </div>
   <div class='ocr_carea' id='block_1_51' title="bbox 1965 2156 3528 2234">
    <p class='ocr_par' dir='ltr' id='par_1_51' title="bbox 1965 2156 3528 2234">
     <span class='ocr_line' id='line_1_53' title="bbox 1965 2156 3528 2234; baseline -0.01 -11"><span class='ocrx_word' id='word_1_356' title='bbox 1965 2169 2112 2223; x_wconf 92' lang='lat' dir='ltr'><strong>enim</strong></span> <span class='ocrx_word' id='word_1_357' title='bbox 2141 2156 2552 2234; x_wconf 78' lang='lat' dir='ltr'><strong>cupidissimam</strong></span> <span class='ocrx_word' id='word_1_358' title='bbox 2602 2161 2870 2227; x_wconf 88' lang='lat' dir='ltr'><strong>senserat)</strong></span> <span class='ocrx_word' id='word_1_359' title='bbox 2921 2161 2975 2214; x_wconf 89' lang='lat' dir='ltr'><strong>in</strong></span> <span class='ocrx_word' id='word_1_360' title='bbox 3025 2174 3301 2214; x_wconf 90' lang='lat' dir='ltr'><strong>carcerem</strong></span> <span class='ocrx_word' id='word_1_361' title='bbox 3356 2156 3528 2219; x_wconf 86' lang='lat' dir='ltr'><strong>venit,</strong></span> 
     </span>
    </p>
   </div>
   <div class='ocr_carea' id='block_1_52' title="bbox 1968 2243 3529 2325">
    <p class='ocr_par' dir='ltr' id='par_1_52' title="bbox 1968 2243 3529 2325">
     <span class='ocr_line' id='line_1_54' title="bbox 1968 2243 3529 2325; baseline -0.01 -14"><span class='ocrx_word' id='word_1_362' title='bbox 1968 2266 2024 2312; x_wconf 91' lang='lat' dir='ltr'><strong>et</strong></span> <span class='ocrx_word' id='word_1_363' title='bbox 2079 2271 2251 2325; x_wconf 88' lang='lat' dir='ltr'><strong>usque</strong></span> <span class='ocrx_word' id='word_1_364' title='bbox 2280 2253 2348 2308; x_wconf 87' lang='lat' dir='ltr'><strong>ad</strong></span> <span class='ocrx_word' id='word_1_365' title='bbox 2377 2251 2628 2306; x_wconf 90' lang='lat' dir='ltr'><strong>ultimum</strong></span> <span class='ocrx_word' id='word_1_366' title='bbox 2657 2249 2912 2319; x_wconf 76' lang='lat' dir='ltr'><strong>spiritum</strong></span> <span class='ocrx_word' id='word_1_367' title='bbox 2945 2247 3012 2300; x_wconf 90' lang='lat' dir='ltr'><strong>ab</strong></span> <span class='ocrx_word' id='word_1_368' title='bbox 3042 2262 3105 2300; x_wconf 87' lang='lat' dir='ltr'><strong>ea</strong></span> <span class='ocrx_word' id='word_1_369' title='bbox 3135 2261 3242 2298; x_wconf 90' lang='lat' dir='ltr'><strong>non</strong></span> <span class='ocrx_word' id='word_1_370' title='bbox 3276 2243 3529 2304; x_wconf 88' lang='lat' dir='ltr'><strong>recessit,</strong></span> 
     </span>
    </p>
   </div>
   <div class='ocr_carea' id='block_1_53' title="bbox 1971 2333 3538 2418">
    <p class='ocr_par' dir='ltr' id='par_1_53' title="bbox 1971 2333 3538 2418">
     <span class='ocr_line' id='line_1_55' title="bbox 1971 2333 3538 2418; baseline -0.01 -16"><span class='ocrx_word' id='word_1_371' title='bbox 1971 2363 2134 2418; x_wconf 90' lang='lat' dir='ltr'><strong>quam</strong></span> <span class='ocrx_word' id='word_1_372' title='bbox 2171 2346 2368 2400; x_wconf 86' lang='lat' dir='ltr'><strong>elatam</strong></span> <span class='ocrx_word' id='word_1_373' title='bbox 2417 2343 2472 2397; x_wconf 89' lang='lat' dir='ltr'><strong>in</strong></span> <span class='ocrx_word' id='word_1_374' title='bbox 2507 2340 2842 2396; x_wconf 89' lang='lat' dir='ltr'><strong>monasterio</strong></span> <span class='ocrx_word' id='word_1_375' title='bbox 2889 2339 3025 2392; x_wconf 81' lang='lat' dir='ltr'><strong>avia:</strong></span> <span class='ocrx_word' id='word_1_376' title='bbox 3063 2335 3238 2406; x_wconf 89' lang='lat' dir='ltr'><strong>ipsius</strong></span> <span class='ocrx_word' id='word_1_377' title='bbox 3267 2333 3538 2389; x_wconf 81' lang='lat' dir='ltr'><strong>defunctae</strong></span> 
     </span>
    </p>
   </div>
   <div class='ocr_carea' id='block_1_54' title="bbox 1972 2423 3538 2502">
    <p class='ocr_par' dir='ltr' id='par_1_54' title="bbox 1972 2423 3538 2502">
     <span class='ocr_line' id='line_1_56' title="bbox 1972 2423 3538 2502; baseline -0.01 -8"><span class='ocrx_word' id='word_1_378' title='bbox 1972 2449 2256 2501; x_wconf 80' lang='lat' dir='ltr'><strong>matronae,</strong></span> <span class='ocrx_word' id='word_1_379' title='bbox 2318 2435 2528 2492; x_wconf 83' lang='lat' dir='ltr'><strong>sororis</strong></span> <span class='ocrx_word' id='word_1_380' title='bbox 2568 2433 2792 2502; x_wconf 89' lang='lat' dir='ltr'><strong>inquam</strong></span> <span class='ocrx_word' id='word_1_381' title='bbox 2827 2430 3106 2484; x_wconf 84' lang='lat' dir='ltr'><strong>Michaelis</strong></span> <span class='ocrx_word' id='word_1_382' title='bbox 3143 2427 3306 2499; x_wconf 88' lang='lat' dir='ltr'><strong>primi</strong></span> <span class='ocrx_word' id='word_1_383' title='bbox 3337 2423 3538 2480; x_wconf 66' lang='lat' dir='ltr'><strong>Palico-</strong></span> 
     </span>
    </p>
   </div>
   <div class='ocr_carea' id='block_1_55' title="bbox 1973 2522 3539 2600">
    <p class='ocr_par' dir='ltr' id='par_1_55' title="bbox 1973 2522 3539 2600">
     <span class='ocr_line' id='line_1_57' title="bbox 1973 2522 3539 2600; baseline -0.012 -15"><span class='ocrx_word' id='word_1_384' title='bbox 1973 2531 2120 2600; x_wconf 87' lang='lat' dir='ltr'><strong>logi,</strong></span> <span class='ocrx_word' id='word_1_385' title='bbox 2163 2527 2388 2582; x_wconf 61' lang='lat' dir='ltr'><strong>Marthae</strong></span> <span class='ocrx_word' id='word_1_386' title='bbox 2431 2523 2741 2594; x_wconf 91' lang='lat' dir='ltr'><strong>appellato,</strong></span> <span class='ocrx_word' id='word_1_387' title='bbox 2788 2522 2842 2576; x_wconf 92' lang='lat' dir='ltr'><strong>in</strong></span> <span class='ocrx_word' id='word_1_388' title='bbox 2902 2529 3132 2590; x_wconf 87' lang='lat' dir='ltr'><strong>paterno</strong></span> <span class='ocrx_word' id='word_1_389' title='bbox 3181 2523 3539 2571; x_wconf 88' lang='lat' dir='ltr'><strong>monumento</strong></span> 
     </span>
    </p>
   </div>
   <div class='ocr_carea' id='block_1_56' title="bbox 1975 2606 3536 2688">
    <p class='ocr_par' dir='ltr' id='par_1_56' title="bbox 1975 2606 3536 2688">
     <span class='ocr_line' id='line_1_58' title="bbox 1975 2606 3536 2688; baseline -0.012 -14"><span class='ocrx_word' id='word_1_390' title='bbox 1975 2618 2305 2688; x_wconf 89' lang='lat' dir='ltr'><strong>composuit.</strong></span> <span class='ocrx_word' id='word_1_391' title='bbox 2344 2613 2549 2671; x_wconf 88' lang='lat' dir='ltr'><strong>Deinde</strong></span> <span class='ocrx_word' id='word_1_392' title='bbox 2580 2607 2880 2680; x_wconf 73' lang='lat' dir='ltr'><strong>Augustam</strong></span> <span class='ocrx_word' id='word_1_393' title='bbox 2911 2609 3124 2673; x_wconf 89' lang='lat' dir='ltr'><strong>adiens,</strong></span> <span class='ocrx_word' id='word_1_394' title='bbox 3153 2606 3536 2662; x_wconf 81' lang='lat' dir='ltr'><strong>crudelitatem</strong></span> 
     </span>
    </p>
   </div>
   <div class='ocr_carea' id='block_1_57' title="bbox 1975 2697 3538 2767">
    <p class='ocr_par' dir='ltr' id='par_1_57' title="bbox 1975 2697 3538 2767">
     <span class='ocr_line' id='line_1_59' title="bbox 1975 2697 3538 2767; baseline -0.013 -2"><span class='ocrx_word' id='word_1_395' title='bbox 1975 2709 2330 2765; x_wconf 82' lang='lat' dir='ltr'><strong>inhumanam</strong></span> <span class='ocrx_word' id='word_1_396' title='bbox 2386 2705 2712 2760; x_wconf 90' lang='lat' dir='ltr'><strong>archontum</strong></span> <span class='ocrx_word' id='word_1_397' title='bbox 2763 2700 3078 2763; x_wconf 77' lang='lat' dir='ltr'><strong>nuntiavit,</strong></span> <span class='ocrx_word' id='word_1_398' title='bbox 3135 2713 3240 2767; x_wconf 91' lang='lat' dir='ltr'><strong>qua</strong></span> <span class='ocrx_word' id='word_1_399' title='bbox 3300 2697 3352 2750; x_wconf 93' lang='lat' dir='ltr'><strong>in</strong></span> <span class='ocrx_word' id='word_1_400' title='bbox 3421 2708 3538 2747; x_wconf 86' lang='lat' dir='ltr'><strong>eam</strong></span> 
     </span>
    </p>
   </div>
   <div class='ocr_carea' id='block_1_58' title="bbox 1979 2785 3540 2870">
    <p class='ocr_par' dir='ltr' id='par_1_58' title="bbox 1979 2785 3540 2870">
     <span class='ocr_line' id='line_1_60' title="bbox 1979 2785 3540 2870; baseline -0.012 -14"><span class='ocrx_word' id='word_1_401' title='bbox 1979 2815 2160 2870; x_wconf 88' lang='lat' dir='ltr'><strong>usque</strong></span> <span class='ocrx_word' id='word_1_402' title='bbox 2199 2799 2266 2852; x_wconf 93' lang='lat' dir='ltr'><strong>ad</strong></span> <span class='ocrx_word' id='word_1_403' title='bbox 2297 2805 2526 2851; x_wconf 90' lang='lat' dir='ltr'><strong>mortem</strong></span> <span class='ocrx_word' id='word_1_404' title='bbox 2555 2793 2876 2855; x_wconf 60' lang='lat' dir='ltr'><strong>saviissent.</strong></span> <span class='ocrx_word' id='word_1_405' title='bbox 2913 2791 3009 2844; x_wconf 91' lang='lat' dir='ltr'><strong>Illa</strong></span> <span class='ocrx_word' id='word_1_406' title='bbox 3049 2790 3220 2844; x_wconf 85' lang='lat' dir='ltr'><strong>Deum</strong></span> <span class='ocrx_word' id='word_1_407' title='bbox 3257 2785 3540 2840; x_wconf 85' lang='lat' dir='ltr'><strong>homines-</strong></span> 
     </span>
    </p>
   </div>
   <div class='ocr_carea' id='block_1_59' title="bbox 1979 2877 3544 2955">
    <p class='ocr_par' dir='ltr' id='par_1_59' title="bbox 1979 2877 3544 2955">
     <span class='ocr_line' id='line_1_61' title="bbox 1979 2877 3544 2955; baseline -0.013 -8"><span class='ocrx_word' id='word_1_408' title='bbox 1979 2907 2093 2955; x_wconf 86' lang='lat' dir='ltr'><strong>que</strong></span> <span class='ocrx_word' id='word_1_409' title='bbox 2145 2888 2357 2954; x_wconf 86' lang='lat' dir='ltr'><strong>testari,</strong></span> <span class='ocrx_word' id='word_1_410' title='bbox 2409 2885 2548 2940; x_wconf 88' lang='lat' dir='ltr'><strong>nihil</strong></span> <span class='ocrx_word' id='word_1_411' title='bbox 2575 2885 2774 2938; x_wconf 90' lang='lat' dir='ltr'><strong>horum</strong></span> <span class='ocrx_word' id='word_1_412' title='bbox 2806 2897 2864 2937; x_wconf 92' lang='lat' dir='ltr'><strong>se</strong></span> <span class='ocrx_word' id='word_1_413' title='bbox 2893 2881 3072 2942; x_wconf 86' lang='lat' dir='ltr'><strong>scire;</strong></span> <span class='ocrx_word' id='word_1_414' title='bbox 3106 2877 3270 2949; x_wconf 57' lang='lat' dir='ltr'><strong>E70</strong></span> <span class='ocrx_word' id='word_1_415' title='bbox 3304 2882 3544 2930; x_wconf 86' lang='lat' dir='ltr'><strong>tantum-</strong></span> 
     </span>
    </p>
   </div>
   <div class='ocr_carea' id='block_1_60' title="bbox 1983 2966 3544 3050">
    <p class='ocr_par' dir='ltr' id='par_1_60' title="bbox 1983 2966 3544 3050">
     <span class='ocr_line' id='line_1_62' title="bbox 1983 2966 3544 3050; baseline -0.013 -12"><span class='ocrx_word' id='word_1_416' title='bbox 1983 2982 2147 3038; x_wconf 91' lang='lat' dir='ltr'><strong>modo</strong></span> <span class='ocrx_word' id='word_1_417' title='bbox 2181 2982 2412 3050; x_wconf 84' lang='lat' dir='ltr'><strong>jussisse</strong></span> <span class='ocrx_word' id='word_1_418' title='bbox 2458 2977 2513 3031; x_wconf 93' lang='lat' dir='ltr'><strong>in</strong></span> <span class='ocrx_word' id='word_1_419' title='bbox 2559 2989 2834 3030; x_wconf 89' lang='lat' dir='ltr'><strong>carcerem</strong></span> <span class='ocrx_word' id='word_1_420' title='bbox 2865 2971 3005 3035; x_wconf 88' lang='lat' dir='ltr'><strong>dari,</strong></span> <span class='ocrx_word' id='word_1_421' title='bbox 3032 2979 3091 3026; x_wconf 86' lang='lat' dir='ltr'><strong>et</strong></span> <span class='ocrx_word' id='word_1_422' title='bbox 3123 2982 3314 3023; x_wconf 80' lang='lat' dir='ltr'><strong>eorum</strong></span> <span class='ocrx_word' id='word_1_423' title='bbox 3349 2966 3544 3021; x_wconf 83' lang='lat' dir='ltr'><strong>barba-</strong></span> 
     </span>
    </p>
   </div>
   <div class='ocr_carea' id='block_1_61' title="bbox 307 3056 1874 3150">
    <p class='ocr_par' dir='ltr' id='par_1_61' title="bbox 307 3061 1874 3135">
     <span class='ocr_line' id='line_1_63' title="bbox 307 3061 1874 3135; baseline 0.005 -21"><span class='ocrx_word' id='word_1_424' title='bbox 307 3062 492 3130; x_wconf 80' lang='grc' dir='ltr'>μένων</span> <span class='ocrx_word' id='word_1_425' title='bbox 533 3061 774 3128; x_wconf 84' lang='grc' dir='ltr'>ἀγαθῶν,</span> <span class='ocrx_word' id='word_1_426' title='bbox 824 3063 1027 3133; x_wconf 82' lang='grc' dir='ltr'>πολλὴν</span> <span class='ocrx_word' id='word_1_427' title='bbox 1054 3065 1166 3135; x_wconf 77' lang='grc' dir='ltr'>γὰρ</span> <span class='ocrx_word' id='word_1_428' title='bbox 1197 3067 1276 3127; x_wconf 82' lang='grc' dir='ltr'><strong>είς</strong></span> <span class='ocrx_word' id='word_1_429' title='bbox 1305 3066 1521 3134; x_wconf 82' lang='grc' dir='ltr'>ἐκείνην</span> <span class='ocrx_word' id='word_1_430' title='bbox 1563 3068 1874 3123; x_wconf 83' lang='grc' dir='ltr'>ἐπεδείκνυ-</span> 
     </span>
    </p>
   </div>
   <div class='ocr_carea' id='block_1_62' title="bbox 1979 3056 3545 3150">
    <p class='ocr_par' dir='ltr' id='par_1_62' title="bbox 1983 3056 3545 3136">
     <span class='ocr_line' id='line_1_64' title="bbox 1983 3056 3545 3136; baseline -0.013 -7"><span class='ocrx_word' id='word_1_431' title='bbox 1983 3089 2097 3128; x_wconf 92' lang='lat' dir='ltr'><strong>ram</strong></span> <span class='ocrx_word' id='word_1_432' title='bbox 2146 3071 2418 3126; x_wconf 88' lang='lat' dir='ltr'><strong>feritatem</strong></span> <span class='ocrx_word' id='word_1_433' title='bbox 2465 3067 2578 3136; x_wconf 89' lang='lat' dir='ltr'><strong>ipsa</strong></span> <span class='ocrx_word' id='word_1_434' title='bbox 2623 3078 2842 3134; x_wconf 88' lang='lat' dir='ltr'><strong>quoque</strong></span> <span class='ocrx_word' id='word_1_435' title='bbox 2891 3059 3191 3116; x_wconf 82' lang='lat' dir='ltr'><strong>exsecrari.</strong></span> <span class='ocrx_word' id='word_1_436' title='bbox 3229 3056 3545 3114; x_wconf 76' lang='lat' dir='ltr'><strong>Sectndum</strong></span> 
     </span>
    </p>
   </div>
   <div class='ocr_carea' id='block_1_63' title="bbox 304 3151 1876 3228">
    <p class='ocr_par' dir='ltr' id='par_1_63' title="bbox 304 3151 1876 3228">
     <span class='ocr_line' id='line_1_65' title="bbox 304 3151 1876 3228; baseline 0.005 -25"><span class='ocrx_word' id='word_1_437' title='bbox 304 3170 369 3204; x_wconf 89' lang='grc' dir='ltr'><strong>το</strong></span> <span class='ocrx_word' id='word_1_438' title='bbox 423 3152 523 3222; x_wconf 73' lang='grc' dir='ltr'>τὴν</span> <span class='ocrx_word' id='word_1_439' title='bbox 567 3152 826 3216; x_wconf 78' lang='grc' dir='ltr'>εὔνοιαν,</span> <span class='ocrx_word' id='word_1_440' title='bbox 879 3151 1107 3222; x_wconf 81' lang='grc' dir='ltr'>ἀφίκετό</span> <span class='ocrx_word' id='word_1_441' title='bbox 1154 3169 1213 3206; x_wconf 87' lang='grc' dir='ltr'><strong>τε</strong></span> <span class='ocrx_word' id='word_1_442' title='bbox 1265 3154 1344 3215; x_wconf 86' lang='grc' dir='ltr'><strong>είς</strong></span> <span class='ocrx_word' id='word_1_443' title='bbox 1399 3156 1460 3208; x_wconf 82' lang='grc' dir='ltr'>τὸ</span> <span class='ocrx_word' id='word_1_444' title='bbox 1506 3155 1876 3228; x_wconf 80' lang='grc' dir='ltr'>δεσμωτήριον</span> 
     </span>
    </p>
   </div>
   <div class='ocr_carea' id='block_1_64' title="bbox 309 3243 1880 3317">
    <p class='ocr_par' dir='ltr' id='par_1_64' title="bbox 309 3243 1880 3317">
     <span class='ocr_line' id='line_1_66' title="bbox 309 3243 1880 3317; baseline 0.006 -24"><span class='ocrx_word' id='word_1_445' title='bbox 309 3243 452 3314; x_wconf 85' lang='grc' dir='ltr'>πρὸς</span> <span class='ocrx_word' id='word_1_446' title='bbox 479 3243 669 3313; x_wconf 80' lang='grc' dir='ltr'>αὐτὴν,</span> <span class='ocrx_word' id='word_1_447' title='bbox 698 3243 794 3296; x_wconf 79' lang='grc' dir='ltr'>καὶ</span> <span class='ocrx_word' id='word_1_448' title='bbox 823 3248 1161 3312; x_wconf 82' lang='grc' dir='ltr'>παρέμεινεν</span> <span class='ocrx_word' id='word_1_449' title='bbox 1185 3245 1314 3316; x_wconf 86' lang='grc' dir='ltr'>ἀχρι</span> <span class='ocrx_word' id='word_1_450' title='bbox 1346 3246 1627 3317; x_wconf 76' lang='grc' dir='ltr'>τελευτῆς.</span> <span class='ocrx_word' id='word_1_451' title='bbox 1651 3250 1880 3303; x_wconf 83' lang='grc' dir='ltr'>Ἔπειτα</span> 
     </span>
    </p>
   </div>
   <div class='ocr_carea' id='block_1_65' title="bbox 309 3335 1883 3410">
    <p class='ocr_par' dir='ltr' id='par_1_65' title="bbox 309 3335 1883 3410">
     <span class='ocr_line' id='line_1_67' title="bbox 309 3335 1883 3410; baseline 0.003 -22"><span class='ocrx_word' id='word_1_452' title='bbox 309 3336 405 3388; x_wconf 75' lang='grc' dir='ltr'><strong>τὺν</strong></span> <span class='ocrx_word' id='word_1_453' title='bbox 460 3335 650 3405; x_wconf 75' lang='grc' dir='ltr'>νεκρὸν</span> <span class='ocrx_word' id='word_1_454' title='bbox 689 3335 1032 3403; x_wconf 63' lang='grc' dir='ltr'>ἐξαγαγοῦσαι</span> <span class='ocrx_word' id='word_1_455' title='bbox 1088 3337 1240 3408; x_wconf 79' lang='grc' dir='ltr'>παρὰ</span> <span class='ocrx_word' id='word_1_456' title='bbox 1286 3338 1387 3407; x_wconf 81' lang='grc' dir='ltr'>τὴν</span> <span class='ocrx_word' id='word_1_457' title='bbox 1420 3338 1588 3410; x_wconf 79' lang='grc' dir='ltr'>μονὴν</span> <span class='ocrx_word' id='word_1_458' title='bbox 1617 3341 1717 3410; x_wconf 84' lang='grc' dir='ltr'>τῆς</span> <span class='ocrx_word' id='word_1_459' title='bbox 1745 3341 1883 3408; x_wconf 68' lang='grc' dir='ltr'>πρὸς</span> 
     </span>
    </p>
   </div>
   <div class='ocr_carea' id='block_1_66' title="bbox 312 3427 1883 3501">
    <p class='ocr_par' dir='ltr' id='par_1_66' title="bbox 312 3427 1883 3501">
     <span class='ocr_line' id='line_1_68' title="bbox 312 3427 1883 3501; baseline 0.006 -25"><span class='ocrx_word' id='word_1_460' title='bbox 312 3427 526 3495; x_wconf 83' lang='grc' dir='ltr'>μητρὸς</span> <span class='ocrx_word' id='word_1_461' title='bbox 574 3427 790 3497; x_wconf 75' lang='grc' dir='ltr'>ἐκείνης</span> <span class='ocrx_word' id='word_1_462' title='bbox 837 3428 1071 3498; x_wconf 84' lang='grc' dir='ltr'>μάμμης</span> <span class='ocrx_word' id='word_1_463' title='bbox 1124 3428 1362 3501; x_wconf 83' lang='grc' dir='ltr'>ἀδελφῆς</span> <span class='ocrx_word' id='word_1_464' title='bbox 1389 3429 1486 3483; x_wconf 89' lang='grc' dir='ltr'><strong>τοῦ</strong></span> <span class='ocrx_word' id='word_1_465' title='bbox 1525 3430 1747 3501; x_wconf 84' lang='grc' dir='ltr'>πρώτου</span> <span class='ocrx_word' id='word_1_466' title='bbox 1772 3434 1883 3485; x_wconf 83' lang='grc' dir='ltr'><strong>τῶν</strong></span> 
     </span>
    </p>
   </div>
   <div class='ocr_carea' id='block_1_67' title="bbox 311 3517 1885 3593">
    <p class='ocr_par' dir='ltr' id='par_1_67' title="bbox 311 3517 1885 3593">
     <span class='ocr_line' id='line_1_69' title="bbox 311 3517 1885 3593; baseline 0.004 -23"><span class='ocrx_word' id='word_1_467' title='bbox 311 3517 698 3585; x_wconf 83' lang='grc' dir='ltr'>Παλαιολόγων</span> <span class='ocrx_word' id='word_1_468' title='bbox 734 3519 998 3587; x_wconf 75' lang='grc' dir='ltr'>βασιλέως</span> <span class='ocrx_word' id='word_1_469' title='bbox 1045 3521 1268 3590; x_wconf 80' lang='grc' dir='ltr'>Μιχαὴλ</span> <span class='ocrx_word' id='word_1_470' title='bbox 1302 3523 1402 3591; x_wconf 78' lang='grc' dir='ltr'>τῆς</span> <span class='ocrx_word' id='word_1_471' title='bbox 1442 3521 1676 3592; x_wconf 86' lang='grc' dir='ltr'>Μάρθας</span> <span class='ocrx_word' id='word_1_472' title='bbox 1718 3539 1885 3593; x_wconf 87' lang='grc' dir='ltr'>προσ-</span> 
     </span>
    </p>
   </div>
   <div class='ocr_carea' id='block_1_68' title="bbox 313 3609 1883 3681">
    <p class='ocr_par' dir='ltr' id='par_1_68' title="bbox 313 3609 1883 3681">
     <span class='ocr_line' id='line_1_70' title="bbox 313 3609 1883 3681; baseline 0.004 -22"><span class='ocrx_word' id='word_1_473' title='bbox 313 3609 727 3677; x_wconf 81' lang='grc' dir='ltr'>αγορευομένην</span> <span class='ocrx_word' id='word_1_474' title='bbox 783 3609 841 3661; x_wconf 90' lang='grc' dir='ltr'><strong>ἐν</strong></span> <span class='ocrx_word' id='word_1_475' title='bbox 876 3610 988 3670; x_wconf 78' lang='grc' dir='ltr'>τοῖς</span> <span class='ocrx_word' id='word_1_476' title='bbox 1042 3610 1322 3680; x_wconf 79' lang='grc' dir='ltr'>πατρῴοις</span> <span class='ocrx_word' id='word_1_477' title='bbox 1373 3611 1644 3681; x_wconf 82' lang='grc' dir='ltr'>κατέθηκε</span> <span class='ocrx_word' id='word_1_478' title='bbox 1667 3612 1883 3680; x_wconf 81' lang='grc' dir='ltr'>τάφοις.</span> 
     </span>
    </p>
   </div>
   <div class='ocr_carea' id='block_1_69' title="bbox 318 3699 1884 3773">
    <p class='ocr_par' dir='ltr' id='par_1_69' title="bbox 318 3699 1884 3773">
     <span class='ocr_line' id='line_1_71' title="bbox 318 3699 1884 3773; baseline 0.001 -20"><span class='ocrx_word' id='word_1_479' title='bbox 318 3701 557 3753; x_wconf 77' lang='grc' dir='ltr'>Ἔπειτα</span> <span class='ocrx_word' id='word_1_480' title='bbox 588 3701 797 3753; x_wconf 71' lang='grc' dir='ltr'>ἐκεῖθεν</span> <span class='ocrx_word' id='word_1_481' title='bbox 822 3702 956 3773; x_wconf 77' lang='grc' dir='ltr'>πρὸς</span> <span class='ocrx_word' id='word_1_482' title='bbox 989 3699 1242 3770; x_wconf 79' lang='grc' dir='ltr'>βασιλίδα</span> <span class='ocrx_word' id='word_1_483' title='bbox 1267 3702 1678 3771; x_wconf 81' lang='grc' dir='ltr'>ἀναστρέψασα,</span> <span class='ocrx_word' id='word_1_484' title='bbox 1701 3703 1884 3771; x_wconf 80' lang='grc' dir='ltr'>ἀπήγ-</span> 
     </span>
    </p>
   </div>
   <div class='ocr_carea' id='block_1_70' title="bbox 313 3792 1888 3865">
    <p class='ocr_par' dir='ltr' id='par_1_70' title="bbox 313 3792 1888 3865">
     <span class='ocr_line' id='line_1_72' title="bbox 313 3792 1888 3865; baseline 0.002 -19"><span class='ocrx_word' id='word_1_485' title='bbox 313 3794 471 3861; x_wconf 81' lang='grc' dir='ltr'>γειλε</span> <span class='ocrx_word' id='word_1_486' title='bbox 524 3794 623 3863; x_wconf 74' lang='grc' dir='ltr'>τὴν</span> <span class='ocrx_word' id='word_1_487' title='bbox 663 3792 922 3863; x_wconf 86' lang='grc' dir='ltr'>ὠμότητα</span> <span class='ocrx_word' id='word_1_488' title='bbox 950 3795 1047 3848; x_wconf 75' lang='grc' dir='ltr'>καὶ</span> <span class='ocrx_word' id='word_1_489' title='bbox 1089 3793 1188 3863; x_wconf 79' lang='grc' dir='ltr'>τὴν</span> <span class='ocrx_word' id='word_1_490' title='bbox 1213 3794 1616 3863; x_wconf 86' lang='grc' dir='ltr'>ἀπανθρωπίαν</span> <span class='ocrx_word' id='word_1_491' title='bbox 1648 3795 1758 3848; x_wconf 85' lang='grc' dir='ltr'><strong>τῶν</strong></span> <span class='ocrx_word' id='word_1_492' title='bbox 1785 3797 1888 3865; x_wconf 85' lang='grc' dir='ltr'>ἀρ-</span> 
     </span>
    </p>
   </div>
   <div class='ocr_carea' id='block_1_71' title="bbox 315 3884 1888 3956">
    <p class='ocr_par' dir='ltr' id='par_1_71' title="bbox 315 3884 1888 3956">
     <span class='ocr_line' id='line_1_73' title="bbox 315 3884 1888 3956; baseline 0.003 -20"><span class='ocrx_word' id='word_1_493' title='bbox 315 3885 547 3954; x_wconf 82' lang='grc' dir='ltr'>χόντων,</span> <span class='ocrx_word' id='word_1_494' title='bbox 579 3885 646 3955; x_wconf 72' lang='grc' dir='ltr'>ἢν</span> <span class='ocrx_word' id='word_1_495' title='bbox 675 3885 803 3954; x_wconf 75' lang='grc' dir='ltr'>περὶ</span> <span class='ocrx_word' id='word_1_496' title='bbox 833 3885 1052 3953; x_wconf 87' lang='grc' dir='ltr'>ἐκείνην</span> <span class='ocrx_word' id='word_1_497' title='bbox 1085 3884 1420 3949; x_wconf 78' lang='grc' dir='ltr'>ἐνεδείξαντο</span> <span class='ocrx_word' id='word_1_498' title='bbox 1457 3886 1585 3955; x_wconf 79' lang='grc' dir='ltr'>ἄχρι</span> <span class='ocrx_word' id='word_1_499' title='bbox 1607 3885 1888 3956; x_wconf 73' lang='grc' dir='ltr'>τελευτῆς.</span> 
     </span>
    </p>
   </div>
   <div class='ocr_carea' id='block_1_72' title="bbox 319 3975 1895 4047">
    <p class='ocr_par' dir='ltr' id='par_1_72' title="bbox 319 3975 1895 4047">
     <span class='ocr_line' id='line_1_74' title="bbox 319 3975 1895 4047; baseline 0.001 -18"><span class='ocrx_word' id='word_1_500' title='bbox 319 3976 446 4029; x_wconf 83' lang='grc' dir='ltr'><strong>Ἥδ⁹</strong></span> <span class='ocrx_word' id='word_1_501' title='bbox 485 3977 668 4046; x_wconf 78' lang='grc' dir='ltr'>ὅρκοις</span> <span class='ocrx_word' id='word_1_502' title='bbox 715 3975 1103 4037; x_wconf 83' lang='grc' dir='ltr'>διεϐεϐαιοῦτο,</span> <span class='ocrx_word' id='word_1_503' title='bbox 1141 3975 1306 4047; x_wconf 65' lang='grc' dir='ltr'>μηδὲν</span> <span class='ocrx_word' id='word_1_504' title='bbox 1359 3977 1558 4031; x_wconf 76' lang='grc' dir='ltr'>ειδέναι</span> <span class='ocrx_word' id='word_1_505' title='bbox 1589 3977 1701 4032; x_wconf 87' lang='grc' dir='ltr'><strong>τῶν</strong></span> <span class='ocrx_word' id='word_1_506' title='bbox 1733 3994 1895 4047; x_wconf 84' lang='grc' dir='ltr'>γεγε-</span> 
     </span>
    </p>
   </div>
   <div class='ocr_carea' id='block_1_73' title="bbox 317 4064 1894 4140">
    <p class='ocr_par' dir='ltr' id='par_1_73' title="bbox 317 4064 1894 4140">
     <span class='ocr_line' id='line_1_75' title="bbox 317 4064 1894 4140; baseline 0.003 -24"><span class='ocrx_word' id='word_1_507' title='bbox 317 4066 602 4135; x_wconf 82' lang='grc' dir='ltr'>νημένων,</span> <span class='ocrx_word' id='word_1_508' title='bbox 634 4064 777 4135; x_wconf 80' lang='grc' dir='ltr'>πλὴν</span> <span class='ocrx_word' id='word_1_509' title='bbox 829 4065 913 4119; x_wconf 81' lang='grc' dir='ltr'>ὅτι</span> <span class='ocrx_word' id='word_1_510' title='bbox 971 4065 1251 4134; x_wconf 77' lang='grc' dir='ltr'>εἴργεσθαι</span> <span class='ocrx_word' id='word_1_511' title='bbox 1296 4066 1705 4133; x_wconf 69' lang='grc' dir='ltr'>προσετέτακτο</span> <span class='ocrx_word' id='word_1_512' title='bbox 1760 4068 1894 4140; x_wconf 86' lang='grc' dir='ltr'>παρ’</span> 
     </span>
    </p>
   </div>
   <div class='ocr_carea' id='block_1_74' title="bbox 1983 3142 3548 3229">
    <p class='ocr_par' dir='ltr' id='par_1_74' title="bbox 1983 3142 3548 3229">
     <span class='ocr_line' id='line_1_76' title="bbox 1983 3142 3548 3229; baseline -0.012 -12"><span class='ocrx_word' id='word_1_513' title='bbox 1983 3163 2190 3218; x_wconf 88' lang='lat' dir='ltr'><strong>obitum</strong></span> <span class='ocrx_word' id='word_1_514' title='bbox 2228 3159 2369 3229; x_wconf 84' lang='lat' dir='ltr'><strong>ejus,</strong></span> <span class='ocrx_word' id='word_1_515' title='bbox 2423 3155 2517 3210; x_wconf 82' lang='lat' dir='ltr'><strong>ﬁlii</strong></span> <span class='ocrx_word' id='word_1_516' title='bbox 2566 3152 2799 3224; x_wconf 85' lang='lat' dir='ltr'><strong>pecunia</strong></span> <span class='ocrx_word' id='word_1_517' title='bbox 2843 3151 3092 3220; x_wconf 84' lang='lat' dir='ltr'><strong>indagata</strong></span> <span class='ocrx_word' id='word_1_518' title='bbox 3131 3156 3187 3204; x_wconf 90' lang='lat' dir='ltr'><strong>et</strong></span> <span class='ocrx_word' id='word_1_519' title='bbox 3245 3148 3436 3216; x_wconf 90' lang='lat' dir='ltr'><strong>ingens</strong></span> <span class='ocrx_word' id='word_1_520' title='bbox 3465 3142 3548 3199; x_wconf 85' lang='lat' dir='ltr'><strong>iu-</strong></span> 
     </span>
    </p>
   </div>
   <div class='ocr_carea' id='block_1_75' title="bbox 1984 3239 3545 3316">
    <p class='ocr_par' dir='ltr' id='par_1_75' title="bbox 1984 3239 3545 3316">
     <span class='ocr_line' id='line_1_77' title="bbox 1984 3239 3545 3316; baseline -0.014 -5"><span class='ocrx_word' id='word_1_521' title='bbox 1984 3263 2146 3310; x_wconf 86' lang='lat' dir='ltr'><strong>venta</strong></span> <span class='ocrx_word' id='word_1_522' title='bbox 2211 3261 2318 3308; x_wconf 89' lang='lat' dir='ltr'><strong>est.</strong></span> <span class='ocrx_word' id='word_1_523' title='bbox 2368 3249 2506 3316; x_wconf 86' lang='lat' dir='ltr'><strong>Quia</strong></span> <span class='ocrx_word' id='word_1_524' title='bbox 2557 3247 2703 3302; x_wconf 90' lang='lat' dir='ltr'><strong>enim</strong></span> <span class='ocrx_word' id='word_1_525' title='bbox 2748 3243 3058 3314; x_wconf 88' lang='lat' dir='ltr'><strong>patriarcha</strong></span> <span class='ocrx_word' id='word_1_526' title='bbox 3107 3239 3372 3296; x_wconf 81' lang='lat' dir='ltr'><strong>adversus</strong></span> <span class='ocrx_word' id='word_1_527' title='bbox 3426 3254 3545 3293; x_wconf 85' lang='lat' dir='ltr'><strong>eam</strong></span> 
     </span>
    </p>
   </div>
   <div class='ocr_carea' id='block_1_76' title="bbox 1985 3330 3551 3402">
    <p class='ocr_par' dir='ltr' id='par_1_76' title="bbox 1985 3330 3551 3402">
     <span class='ocr_line' id='line_1_78' title="bbox 1985 3330 3551 3402; baseline -0.011 -2"><span class='ocrx_word' id='word_1_528' title='bbox 1985 3353 2267 3400; x_wconf 84' lang='lat' dir='ltr'><strong>servantes</strong></span> <span class='ocrx_word' id='word_1_529' title='bbox 2309 3338 2825 3395; x_wconf 89' lang='lat' dir='ltr'><strong>anathematismum</strong></span> <span class='ocrx_word' id='word_1_530' title='bbox 2851 3335 3161 3389; x_wconf 84' lang='lat' dir='ltr'><strong>vibraverat</strong></span> <span class='ocrx_word' id='word_1_531' title='bbox 3188 3331 3372 3402; x_wconf 86' lang='lat' dir='ltr'><strong>(quem</strong></span> <span class='ocrx_word' id='word_1_532' title='bbox 3402 3330 3551 3384; x_wconf 86' lang='lat' dir='ltr'><strong>velut</strong></span> 
     </span>
    </p>
   </div>
   <div class='ocr_carea' id='block_1_77' title="bbox 1986 3420 3551 3499">
    <p class='ocr_par' dir='ltr' id='par_1_77' title="bbox 1986 3420 3551 3499">
     <span class='ocr_line' id='line_1_79' title="bbox 1986 3420 3551 3499; baseline -0.012 -9"><span class='ocrx_word' id='word_1_533' title='bbox 1986 3435 2296 3490; x_wconf 89' lang='lat' dir='ltr'><strong>ministrum</strong></span> <span class='ocrx_word' id='word_1_534' title='bbox 2344 3446 2407 3484; x_wconf 92' lang='lat' dir='ltr'><strong>ac</strong></span> <span class='ocrx_word' id='word_1_535' title='bbox 2457 3422 3087 3499; x_wconf 66' lang='lat' dir='ltr'><strong>satellitemquemdam</strong></span> <span class='ocrx_word' id='word_1_536' title='bbox 3130 3420 3410 3475; x_wconf 84' lang='lat' dir='ltr'><strong>sceleratis</strong></span> <span class='ocrx_word' id='word_1_537' title='bbox 3454 3434 3551 3472; x_wconf 84' lang='lat' dir='ltr'><strong>cu-</strong></span> 
     </span>
    </p>
   </div>
   <div class='ocr_carea' id='block_1_78' title="bbox 1985 3509 3548 3596">
    <p class='ocr_par' dir='ltr' id='par_1_78' title="bbox 1985 3509 3548 3596">
     <span class='ocr_line' id='line_1_80' title="bbox 1985 3509 3548 3596; baseline -0.013 -17"><span class='ocrx_word' id='word_1_538' title='bbox 1985 3523 2308 3596; x_wconf 85' lang='lat' dir='ltr'><strong>piditatibus</strong></span> <span class='ocrx_word' id='word_1_539' title='bbox 2356 3518 2472 3572; x_wconf 85' lang='lat' dir='ltr'><strong>suis</strong></span> <span class='ocrx_word' id='word_1_540' title='bbox 2504 3515 2762 3570; x_wconf 83' lang='lat' dir='ltr'><strong>omnibus</strong></span> <span class='ocrx_word' id='word_1_541' title='bbox 2808 3509 3548 3582; x_wconf 37' lang='lat' dir='ltr'><strong>promptissime.inservien-</strong></span> 
     </span>
    </p>
   </div>
   <div class='ocr_carea' id='block_1_79' title="bbox 1989 3598 3550 3676">
    <p class='ocr_par' dir='ltr' id='par_1_79' title="bbox 1989 3598 3550 3676">
     <span class='ocr_line' id='line_1_81' title="bbox 1989 3598 3550 3676; baseline -0.014 -5"><span class='ocrx_word' id='word_1_542' title='bbox 1989 3625 2096 3671; x_wconf 90' lang='lat' dir='ltr'><strong>tem</strong></span> <span class='ocrx_word' id='word_1_543' title='bbox 2128 3610 2406 3676; x_wconf 83' lang='lat' dir='ltr'><strong>habebat),</strong></span> <span class='ocrx_word' id='word_1_544' title='bbox 2446 3619 2570 3659; x_wconf 90' lang='lat' dir='ltr'><strong>eum</strong></span> <span class='ocrx_word' id='word_1_545' title='bbox 2605 3602 2762 3657; x_wconf 86' lang='lat' dir='ltr'><strong>multi</strong></span> <span class='ocrx_word' id='word_1_546' title='bbox 2798 3607 3128 3658; x_wconf 87' lang='lat' dir='ltr'><strong>metuentes,</strong></span> <span class='ocrx_word' id='word_1_547' title='bbox 3160 3598 3488 3652; x_wconf 89' lang='lat' dir='ltr'><strong>eustoditam</strong></span> <span class='ocrx_word' id='word_1_548' title='bbox 3519 3613 3550 3649; x_wconf 75' lang='grc' dir='ltr'><strong>ιι</strong></span> 
     </span>
    </p>
   </div>
   <div class='ocr_carea' id='block_1_80' title="bbox 1991 3685 3555 3774">
    <p class='ocr_par' dir='ltr' id='par_1_80' title="bbox 1991 3685 3555 3774">
     <span class='ocr_line' id='line_1_82' title="bbox 1991 3685 3555 3774; baseline -0.017 -12"><span class='ocrx_word' id='word_1_549' title='bbox 1991 3712 2052 3762; x_wconf 84' lang='lat' dir='ltr'><strong>se</strong></span> <span class='ocrx_word' id='word_1_550' title='bbox 2078 3703 2374 3774; x_wconf 88' lang='lat' dir='ltr'><strong>pecuniam</strong></span> <span class='ocrx_word' id='word_1_551' title='bbox 2407 3694 2735 3753; x_wconf 69' lang='lat' dir='ltr'><strong>adferebant.</strong></span> <span class='ocrx_word' id='word_1_552' title='bbox 2770 3690 2878 3745; x_wconf 84' lang='lat' dir='ltr'><strong>Alii</strong></span> <span class='ocrx_word' id='word_1_553' title='bbox 2913 3690 3020 3743; x_wconf 86' lang='lat' dir='ltr'><strong>hoc</strong></span> <span class='ocrx_word' id='word_1_554' title='bbox 3047 3688 3251 3741; x_wconf 66' lang='lat' dir='ltr'><strong>fulmen</strong></span> <span class='ocrx_word' id='word_1_555' title='bbox 3283 3687 3434 3740; x_wconf 81' lang='lat' dir='ltr'><strong>velut</strong></span> <span class='ocrx_word' id='word_1_556' title='bbox 3468 3685 3555 3738; x_wconf 90' lang='lat' dir='ltr'><strong>in-</strong></span> 
     </span>
    </p>
   </div>
   <div class='ocr_carea' id='block_1_81' title="bbox 1985 3778 3554 3869">
    <p class='ocr_par' dir='ltr' id='par_1_81' title="bbox 1985 3778 3554 3869">
     <span class='ocr_line' id='line_1_83' title="bbox 1985 3778 3554 3869; baseline -0.015 -18"><span class='ocrx_word' id='word_1_557' title='bbox 1985 3797 2198 3869; x_wconf 84' lang='lat' dir='ltr'><strong>justum</strong></span> <span class='ocrx_word' id='word_1_558' title='bbox 2250 3789 2636 3862; x_wconf 89' lang='lat' dir='ltr'><strong>despicientes,</strong></span> <span class='ocrx_word' id='word_1_559' title='bbox 2686 3781 2910 3837; x_wconf 89' lang='lat' dir='ltr'><strong>interim</strong></span> <span class='ocrx_word' id='word_1_560' title='bbox 2942 3779 3276 3840; x_wconf 87' lang='lat' dir='ltr'><strong>retinebant,</strong></span> <span class='ocrx_word' id='word_1_561' title='bbox 3309 3778 3485 3831; x_wconf 88' lang='lat' dir='ltr'><strong>donec</strong></span> <span class='ocrx_word' id='word_1_562' title='bbox 3523 3790 3554 3829; x_wconf 87' lang='lat' dir='ltr'><strong>a</strong></span> 
     </span>
    </p>
   </div>
   <div class='ocr_carea' id='block_1_82' title="bbox 1992 3869 3554 3956">
    <p class='ocr_par' dir='ltr' id='par_1_82' title="bbox 1992 3869 3554 3956">
     <span class='ocr_line' id='line_1_84' title="bbox 1992 3869 3554 3956; baseline -0.017 -10"><span class='ocrx_word' id='word_1_563' title='bbox 1992 3888 2230 3945; x_wconf 87' lang='lat' dir='ltr'><strong>consciis</strong></span> <span class='ocrx_word' id='word_1_564' title='bbox 2259 3884 2476 3956; x_wconf 82' lang='lat' dir='ltr'><strong>prodita</strong></span> <span class='ocrx_word' id='word_1_565' title='bbox 2502 3879 2831 3951; x_wconf 83' lang='lat' dir='ltr'><strong>penitusque</strong></span> <span class='ocrx_word' id='word_1_566' title='bbox 2861 3875 3122 3928; x_wconf 86' lang='lat' dir='ltr'><strong>distracta</strong></span> <span class='ocrx_word' id='word_1_567' title='bbox 3156 3880 3224 3925; x_wconf 82' lang='lat' dir='ltr'><strong>et.</strong></span> <span class='ocrx_word' id='word_1_568' title='bbox 3259 3869 3554 3924; x_wconf 85' lang='lat' dir='ltr'><strong>distributa</strong></span> 
     </span>
    </p>
   </div>
   <div class='ocr_carea' id='block_1_83' title="bbox 1992 3963 3554 4037">
    <p class='ocr_par' dir='ltr' id='par_1_83' title="bbox 1992 3963 3554 4037">
     <span class='ocr_line' id='line_1_85' title="bbox 1992 3963 3554 4037; baseline -0.017 -1"><span class='ocrx_word' id='word_1_569' title='bbox 1992 3989 2096 4037; x_wconf 89' lang='lat' dir='ltr'><strong>est.</strong></span> <span class='ocrx_word' id='word_1_570' title='bbox 2141 3977 2278 4033; x_wconf 86' lang='lat' dir='ltr'><strong>Tam</strong></span> <span class='ocrx_word' id='word_1_571' title='bbox 2323 3983 2506 4030; x_wconf 87' lang='lat' dir='ltr'><strong>autem</strong></span> <span class='ocrx_word' id='word_1_572' title='bbox 2552 3965 2971 4026; x_wconf 81' lang='lat' dir='ltr'><strong>innumerabilis</strong></span> <span class='ocrx_word' id='word_1_573' title='bbox 2997 3963 3119 4027; x_wconf 87' lang='lat' dir='ltr'><strong>fuit,</strong></span> <span class='ocrx_word' id='word_1_574' title='bbox 3155 3970 3218 4014; x_wconf 91' lang='lat' dir='ltr'><strong>ut</strong></span> <span class='ocrx_word' id='word_1_575' title='bbox 3243 3973 3554 4031; x_wconf 85' lang='lat' dir='ltr'><strong>quanquam</strong></span> 
     </span>
    </p>
   </div>
   <div class='ocr_carea' id='block_1_84' title="bbox 1993 4049 3556 4128">
    <p class='ocr_par' dir='ltr' id='par_1_84' title="bbox 1993 4049 3556 4128">
     <span class='ocr_line' id='line_1_86' title="bbox 1993 4049 3556 4128; baseline -0.016 -4"><span class='ocrx_word' id='word_1_576' title='bbox 1993 4067 2150 4123; x_wconf 90' lang='lat' dir='ltr'><strong>multi</strong></span> <span class='ocrx_word' id='word_1_577' title='bbox 2201 4079 2322 4119; x_wconf 85' lang='lat' dir='ltr'><strong>eam</strong></span> <span class='ocrx_word' id='word_1_578' title='bbox 2374 4064 2516 4116; x_wconf 85' lang='lat' dir='ltr'><strong>inter</strong></span> <span class='ocrx_word' id='word_1_579' title='bbox 2564 4072 2622 4114; x_wconf 82' lang='lat' dir='ltr'><strong>se</strong></span> <span class='ocrx_word' id='word_1_580' title='bbox 2651 4056 3012 4128; x_wconf 85' lang='lat' dir='ltr'><strong>partirentur.</strong></span> <span class='ocrx_word' id='word_1_581' title='bbox 3054 4061 3112 4107; x_wconf 91' lang='lat' dir='ltr'><strong>et</strong></span> <span class='ocrx_word' id='word_1_582' title='bbox 3139 4065 3268 4120; x_wconf 87' lang='lat' dir='ltr'><strong>pars</strong></span> <span class='ocrx_word' id='word_1_583' title='bbox 3299 4049 3556 4117; x_wconf 85' lang='lat' dir='ltr'><strong>Apoeau-</strong></span> 
     </span>
    </p>
   </div>
   <div class='ocr_carea' id='block_1_85' title="bbox 321 4141 1874 4229">
    <p class='ocr_par' dir='ltr' id='par_1_85' title="bbox 321 4155 1874 4229">
     <span class='ocr_line' id='line_1_87' title="bbox 321 4155 1874 4229; baseline 0.002 -22"><span class='ocrx_word' id='word_1_584' title='bbox 321 4155 518 4224; x_wconf 74' lang='grc' dir='ltr'>αὐτῆς*</span> <span class='ocrx_word' id='word_1_585' title='bbox 572 4155 951 4222; x_wconf 86' lang='grc' dir='ltr'>κατεγίνωσκέ</span> <span class='ocrx_word' id='word_1_586' title='bbox 1004 4172 1062 4208; x_wconf 87' lang='grc' dir='ltr'><strong>τε</strong></span> <span class='ocrx_word' id='word_1_587' title='bbox 1117 4157 1209 4209; x_wconf 83' lang='grc' dir='ltr'>καὶ</span> <span class='ocrx_word' id='word_1_588' title='bbox 1255 4156 1392 4226; x_wconf 79' lang='grc' dir='ltr'>αὐτὴ</span> <span class='ocrx_word' id='word_1_589' title='bbox 1438 4157 1641 4229; x_wconf 81' lang='grc' dir='ltr'>πολλὴν</span> <span class='ocrx_word' id='word_1_590' title='bbox 1669 4159 1874 4211; x_wconf 56' lang='grc' dir='ltr'>ἐκείνως</span> 
     </span>
    </p>
   </div>
   <div class='ocr_carea' id='block_1_86' title="bbox 1979 4141 3560 4229">
    <p class='ocr_par' dir='ltr' id='par_1_86' title="bbox 1996 4141 3560 4226">
     <span class='ocr_line' id='line_1_88' title="bbox 1996 4141 3560 4226; baseline -0.015 -13"><span class='ocrx_word' id='word_1_591' title='bbox 1996 4158 2102 4214; x_wconf 86' lang='lat' dir='ltr'><strong>eho</strong></span> <span class='ocrx_word' id='word_1_592' title='bbox 2146 4169 2340 4226; x_wconf 85' lang='lat' dir='ltr'><strong>magno</strong></span> <span class='ocrx_word' id='word_1_593' title='bbox 2389 4151 2517 4205; x_wconf 89' lang='lat' dir='ltr'><strong>duci</strong></span> <span class='ocrx_word' id='word_1_594' title='bbox 2549 4149 2878 4217; x_wconf 84' lang='lat' dir='ltr'><strong>obtingeret,</strong></span> <span class='ocrx_word' id='word_1_595' title='bbox 2909 4159 3036 4214; x_wconf 90' lang='lat' dir='ltr'><strong>pars</strong></span> <span class='ocrx_word' id='word_1_596' title='bbox 3075 4141 3292 4195; x_wconf 66' lang='lat' dir='ltr'><strong>Gabalus</strong></span> <span class='ocrx_word' id='word_1_597' title='bbox 3314 4146 3560 4208; x_wconf 89' lang='lat' dir='ltr'><strong>protose-</strong></span> 
     </span>
    </p>
   </div>
   <div class='ocr_carea' id='block_1_87' title="bbox 318 4229 1874 4317">
    <p class='ocr_par' dir='ltr' id='par_1_87' title="bbox 318 4244 1874 4317">
     <span class='ocr_line' id='line_1_89' title="bbox 318 4244 1874 4317; baseline 0.001 -20"><span class='ocrx_word' id='word_1_598' title='bbox 318 4246 424 4317; x_wconf 74' lang='grc' dir='ltr'>τὴν</span> <span class='ocrx_word' id='word_1_599' title='bbox 461 4247 747 4316; x_wconf 83' lang='grc' dir='ltr'>ἀπήνειαν.</span> <span class='ocrx_word' id='word_1_600' title='bbox 792 4244 950 4298; x_wconf 85' lang='grc' dir='ltr'>Μετά</span> <span class='ocrx_word' id='word_1_601' title='bbox 1000 4245 1058 4298; x_wconf 86' lang='grc' dir='ltr'>δὲ</span> <span class='ocrx_word' id='word_1_602' title='bbox 1102 4245 1201 4314; x_wconf 82' lang='grc' dir='ltr'>τὴν</span> <span class='ocrx_word' id='word_1_603' title='bbox 1230 4247 1446 4315; x_wconf 75' lang='grc' dir='ltr'>ἐκείνης</span> <span class='ocrx_word' id='word_1_604' title='bbox 1488 4246 1743 4315; x_wconf 72' lang='grc' dir='ltr'>τελευτὴν</span> <span class='ocrx_word' id='word_1_605' title='bbox 1772 4284 1788 4308; x_wconf 82' lang='grc'><strong>.</strong></span> <span class='ocrx_word' id='word_1_606' title='bbox 1826 4247 1874 4299; x_wconf 75' lang='grc' dir='ltr'>τὲ</span> 
     </span>
    </p>
   </div>
   <div class='ocr_carea' id='block_1_88' title="bbox 1979 4229 3560 4317">
    <p class='ocr_par' dir='ltr' id='par_1_88' title="bbox 1997 4229 3560 4316">
     <span class='ocr_line' id='line_1_90' title="bbox 1997 4229 3560 4316; baseline -0.017 -10"><span class='ocrx_word' id='word_1_607' title='bbox 1997 4252 2153 4306; x_wconf 90' lang='lat' dir='ltr'><strong>basto</strong></span> <span class='ocrx_word' id='word_1_608' title='bbox 2200 4251 2346 4316; x_wconf 87' lang='lat' dir='ltr'><strong>(nam</strong></span> <span class='ocrx_word' id='word_1_609' title='bbox 2381 4251 2437 4297; x_wconf 92' lang='lat' dir='ltr'><strong>et</strong></span> <span class='ocrx_word' id='word_1_610' title='bbox 2471 4241 2518 4295; x_wconf 89' lang='lat' dir='ltr'><strong>is</strong></span> <span class='ocrx_word' id='word_1_611' title='bbox 2545 4236 2876 4308; x_wconf 82' lang='lat' dir='ltr'><strong>Apoeaucho</strong></span> <span class='ocrx_word' id='word_1_612' title='bbox 2918 4242 3038 4288; x_wconf 79' lang='lat' dir='ltr'><strong>erat</strong></span> <span class='ocrx_word' id='word_1_613' title='bbox 3073 4231 3128 4285; x_wconf 91' lang='lat' dir='ltr'><strong>in</strong></span> <span class='ocrx_word' id='word_1_614' title='bbox 3159 4229 3440 4298; x_wconf 88' lang='lat' dir='ltr'><strong>republica</strong></span> <span class='ocrx_word' id='word_1_615' title='bbox 3474 4242 3560 4280; x_wconf 92' lang='lat' dir='ltr'><strong>re-</strong></span> 
     </span>
    </p>
   </div>
   <div class='ocr_carea' id='block_1_89' title="bbox 321 4319 1874 4411">
    <p class='ocr_par' dir='ltr' id='par_1_89' title="bbox 321 4336 1874 4408">
     <span class='ocr_line' id='line_1_91' title="bbox 321 4336 1874 4408; baseline 0.001 -19"><span class='ocrx_word' id='word_1_616' title='bbox 321 4341 589 4408; x_wconf 84' lang='grc' dir='ltr'>χρήματα</span> <span class='ocrx_word' id='word_1_617' title='bbox 621 4337 836 4406; x_wconf 86' lang='grc' dir='ltr'>ἐκείνης</span> <span class='ocrx_word' id='word_1_618' title='bbox 886 4354 946 4388; x_wconf 87' lang='grc' dir='ltr'><strong>τε</strong></span> <span class='ocrx_word' id='word_1_619' title='bbox 989 4338 1088 4404; x_wconf 68' lang='grc' dir='ltr'><strong>κού,Ι</strong></span> <span class='ocrx_word' id='word_1_620' title='bbox 1122 4336 1217 4388; x_wconf 83' lang='grc' dir='ltr'><strong>τοῦ</strong></span> <span class='ocrx_word' id='word_1_621' title='bbox 1250 4336 1366 4388; x_wconf 85' lang='grc' dir='ltr'>υίοῦ</span> <span class='ocrx_word' id='word_1_622' title='bbox 1419 4337 1764 4406; x_wconf 81' lang='grc' dir='ltr'>διηρευνᾶτο,</span> <span class='ocrx_word' id='word_1_623' title='bbox 1802 4340 1874 4390; x_wconf 87' lang='grc' dir='ltr'><strong>κα</strong></span> 
     </span>
    </p>
   </div>
   <div class='ocr_carea' id='block_1_90' title="bbox 1979 4319 3562 4411">
    <p class='ocr_par' dir='ltr' id='par_1_90' title="bbox 1999 4319 3562 4411">
     <span class='ocr_line' id='line_1_92' title="bbox 1999 4319 3562 4411; baseline -0.015 -15"><span class='ocrx_word' id='word_1_624' title='bbox 1999 4339 2174 4411; x_wconf 86' lang='lat' dir='ltr'><strong>genda</strong></span> <span class='ocrx_word' id='word_1_625' title='bbox 2217 4336 2420 4408; x_wconf 66' lang='lat' dir='ltr'><strong>socius,</strong></span> <span class='ocrx_word' id='word_1_626' title='bbox 2441 4337 2508 4385; x_wconf 93' lang='lat' dir='ltr'><strong>&#39;et</strong></span> <span class='ocrx_word' id='word_1_627' title='bbox 2537 4325 2900 4399; x_wconf 87' lang='lat' dir='ltr'><strong>imperatricis</strong></span> <span class='ocrx_word' id='word_1_628' title='bbox 2931 4324 3068 4378; x_wconf 68' lang='lat' dir='ltr'><strong>aula:</strong></span> <span class='ocrx_word' id='word_1_629' title='bbox 3091 4321 3407 4391; x_wconf 63' lang='lat' dir='ltr'><strong>praefectus,</strong></span> <span class='ocrx_word' id='word_1_630' title='bbox 3443 4319 3562 4372; x_wconf 74' lang='lat' dir='ltr'><strong>sive</strong></span> 
     </span>
    </p>
   </div>
   <div class='ocr_carea' id='block_1_91' title="bbox 321 4408 1874 4496">
    <p class='ocr_par' dir='ltr' id='par_1_91' title="bbox 321 4425 1874 4496">
     <span class='ocr_line' id='line_1_93' title="bbox 321 4425 1874 4496; baseline -0.001 -16"><span class='ocrx_word' id='word_1_631' title='bbox 321 4427 498 4480; x_wconf 74' lang='grc' dir='ltr'>πολλά</span> <span class='ocrx_word' id='word_1_632' title='bbox 527 4427 753 4480; x_wconf 81' lang='grc' dir='ltr'>ἐκείνων</span> <span class='ocrx_word' id='word_1_633' title='bbox 789 4425 1159 4496; x_wconf 80' lang='grc' dir='ltr'>ἐξευρίσκετο,</span> <span class='ocrx_word' id='word_1_634' title='bbox 1192 4425 1426 4493; x_wconf 86' lang='grc' dir='ltr'>μάλιστα</span> <span class='ocrx_word' id='word_1_635' title='bbox 1469 4425 1512 4477; x_wconf 73' lang='grc' dir='ltr'>δ’</span> <span class='ocrx_word' id='word_1_636' title='bbox 1545 4425 1627 4478; x_wconf 84' lang='grc' dir='ltr'>ὅτι</span> <span class='ocrx_word' id='word_1_637' title='bbox 1661 4428 1756 4478; x_wconf 76' lang='grc' dir='ltr'>καὶ</span> <span class='ocrx_word' id='word_1_638' title='bbox 1792 4442 1874 4478; x_wconf 80' lang='grc' dir='ltr'><strong>πα</strong></span> 
     </span>
    </p>
   </div>
   <div class='ocr_carea' id='block_1_92' title="bbox 1979 4408 3564 4496">
    <p class='ocr_par' dir='ltr' id='par_1_92' title="bbox 1995 4408 3564 4496">
     <span class='ocr_line' id='line_1_94' title="bbox 1995 4408 3564 4496; baseline -0.015 -12"><span class='ocrx_word' id='word_1_639' title='bbox 1995 4408 2255 4496; x_wconf 80' lang='lat' dir='ltr'><strong>curator),</strong></span> <span class='ocrx_word' id='word_1_640' title='bbox 2281 4438 2409 4494; x_wconf 88' lang='lat' dir='ltr'><strong>pars</strong></span> <span class='ocrx_word' id='word_1_641' title='bbox 2445 4420 2734 4480; x_wconf 87' lang='lat' dir='ltr'><strong>Cinname,</strong></span> <span class='ocrx_word' id='word_1_642' title='bbox 2770 4414 2957 4470; x_wconf 86' lang='lat' dir='ltr'><strong>comiti</strong></span> <span class='ocrx_word' id='word_1_643' title='bbox 3000 4426 3281 4468; x_wconf 85' lang='lat' dir='ltr'><strong>sacrarum</strong></span> <span class='ocrx_word' id='word_1_644' title='bbox 3313 4408 3564 4476; x_wconf 77' lang='lat' dir='ltr'><strong>largitio-</strong></span> 
     </span>
    </p>
   </div>
   <div class='ocr_carea' id='block_1_93' title="bbox 322 4497 1874 4590">
    <p class='ocr_par' dir='ltr' id='par_1_93' title="bbox 322 4515 1870 4590">
     <span class='ocr_line' id='line_1_95' title="bbox 322 4515 1870 4590; baseline -0.003 -20"><span class='ocrx_word' id='word_1_645' title='bbox 322 4521 602 4590; x_wconf 76' lang='grc' dir='ltr'>τριάρχης</span> <span class='ocrx_word' id='word_1_646' title='bbox 662 4517 804 4571; x_wconf 77' lang='grc' dir='ltr'>κατὰ</span> <span class='ocrx_word' id='word_1_647' title='bbox 833 4516 943 4570; x_wconf 83' lang='grc' dir='ltr'><strong>τῶν</strong></span> <span class='ocrx_word' id='word_1_648' title='bbox 1001 4517 1237 4590; x_wconf 86' lang='grc' dir='ltr'>ἐχόντων</span> <span class='ocrx_word' id='word_1_649' title='bbox 1293 4515 1506 4578; x_wconf 72' lang='grc' dir='ltr'>ἐξεῖπεν</span> <span class='ocrx_word' id='word_1_650' title='bbox 1564 4515 1870 4585; x_wconf 82' lang='grc' dir='ltr'>ἀφορισμὸν</span> 
     </span>
    </p>
   </div>
   <div class='ocr_carea' id='block_1_94' title="bbox 1979 4497 3568 4590">
    <p class='ocr_par' dir='ltr' id='par_1_94' title="bbox 2005 4497 3568 4581">
     <span class='ocr_line' id='line_1_96' title="bbox 2005 4497 3568 4581; baseline -0.015 -7"><span class='ocrx_word' id='word_1_651' title='bbox 2005 4533 2161 4581; x_wconf 89' lang='lat' dir='ltr'><strong>num,</strong></span> <span class='ocrx_word' id='word_1_652' title='bbox 2184 4513 2477 4580; x_wconf 87' lang='lat' dir='ltr'><strong>multisque</strong></span> <span class='ocrx_word' id='word_1_653' title='bbox 2506 4510 2731 4575; x_wconf 86' lang='lat' dir='ltr'><strong>insuper</strong></span> <span class='ocrx_word' id='word_1_654' title='bbox 2758 4503 3049 4564; x_wconf 87' lang='lat' dir='ltr'><strong>eunuchis,</strong></span> <span class='ocrx_word' id='word_1_655' title='bbox 3079 4501 3173 4568; x_wconf 88' lang='lat' dir='ltr'><strong>qui</strong></span> <span class='ocrx_word' id='word_1_656' title='bbox 3197 4497 3357 4553; x_wconf 89' lang='lat' dir='ltr'><strong>simul</strong></span> <span class='ocrx_word' id='word_1_657' title='bbox 3391 4497 3568 4551; x_wconf 81' lang='lat' dir='ltr'><strong>domi—</strong></span> 
     </span>
    </p>
   </div>
   <div class='ocr_carea' id='block_1_95' title="bbox 327 4591 1874 4678">
    <p class='ocr_par' dir='ltr' id='par_1_95' title="bbox 327 4605 1874 4678">
     <span class='ocr_line' id='line_1_97' title="bbox 327 4605 1874 4678; baseline -0.003 -17"><span class='ocrx_word' id='word_1_658' title='bbox 327 4611 390 4662; x_wconf 85' lang='grc' dir='ltr'><strong>δν</strong></span> <span class='ocrx_word' id='word_1_659' title='bbox 439 4605 588 4678; x_wconf 78' lang='grc' dir='ltr'>εἶχεν</span> <span class='ocrx_word' id='word_1_660' title='bbox 637 4605 826 4678; x_wconf 80' lang='grc' dir='ltr'>ὥσπερ</span> <span class='ocrx_word' id='word_1_661' title='bbox 888 4607 1012 4659; x_wconf 78' lang='grc' dir='ltr'>τινὰ</span> <span class='ocrx_word' id='word_1_662' title='bbox 1053 4607 1351 4674; x_wconf 82' lang='grc' dir='ltr'>δορυφόρον</span> <span class='ocrx_word' id='word_1_663' title='bbox 1389 4607 1508 4668; x_wconf 82' lang='grc' dir='ltr'>ταῖς</span> <span class='ocrx_word' id='word_1_664' title='bbox 1559 4605 1874 4675; x_wconf 67' lang='grc' dir='ltr'>παρανόμου</span> 
     </span>
    </p>
   </div>
   <div class='ocr_carea' id='block_1_96' title="bbox 1979 4591 3566 4678">
    <p class='ocr_par' dir='ltr' id='par_1_96' title="bbox 2005 4591 3566 4669">
     <span class='ocr_line' id='line_1_98' title="bbox 2005 4591 3566 4669; baseline -0.015 -4"><span class='ocrx_word' id='word_1_665' title='bbox 2005 4611 2315 4669; x_wconf 84' lang='lat' dir='ltr'><strong>nabautur,</strong></span> <span class='ocrx_word' id='word_1_666' title='bbox 2362 4600 2719 4656; x_wconf 82' lang='lat' dir='ltr'><strong>nihilominus</strong></span> <span class='ocrx_word' id='word_1_667' title='bbox 2777 4612 2842 4651; x_wconf 78' lang='lat' dir='ltr'><strong>ex</strong></span> <span class='ocrx_word' id='word_1_668' title='bbox 2887 4594 3112 4664; x_wconf 90' lang='lat' dir='ltr'><strong>reliquis</strong></span> <span class='ocrx_word' id='word_1_669' title='bbox 3157 4591 3474 4660; x_wconf 72' lang='lat' dir='ltr'><strong>impensam</strong></span> <span class='ocrx_word' id='word_1_670' title='bbox 3511 4607 3566 4642; x_wconf 87' lang='grc' dir='ltr'><strong>ιιι</strong></span> 
     </span>
    </p>
   </div>
   <div class='ocr_carea' id='block_1_97' title="bbox 325 4678 1874 4768">
    <p class='ocr_par' dir='ltr' id='par_1_97' title="bbox 325 4696 1874 4768">
     <span class='ocr_line' id='line_1_99' title="bbox 325 4696 1874 4768; baseline -0.004 -14"><span class='ocrx_word' id='word_1_671' title='bbox 325 4701 652 4768; x_wconf 79' lang='grc' dir='ltr'>ἐπιθυμίαις</span> <span class='ocrx_word' id='word_1_672' title='bbox 713 4703 918 4760; x_wconf 84' lang='grc' dir='ltr'>πάσαις</span> <span class='ocrx_word' id='word_1_673' title='bbox 976 4696 1211 4761; x_wconf 79' lang='grc' dir='ltr'>ὀξύτατα</span> <span class='ocrx_word' id='word_1_674' title='bbox 1276 4696 1695 4766; x_wconf 83' lang='grc' dir='ltr'>ὑπηρετοῦντα·</span> <span class='ocrx_word' id='word_1_675' title='bbox 1745 4696 1803 4748; x_wconf 83' lang='grc' dir='ltr'>ὃν</span> <span class='ocrx_word' id='word_1_676' title='bbox 1851 4713 1874 4748; x_wconf 88' lang='lat'><strong>0</strong></span> 
     </span>
    </p>
   </div>
   <div class='ocr_carea' id='block_1_98' title="bbox 1979 4678 3568 4768">
    <p class='ocr_par' dir='ltr' id='par_1_98' title="bbox 2007 4678 3568 4757">
     <span class='ocr_line' id='line_1_100' title="bbox 2007 4678 3568 4757; baseline -0.012 -4"><span class='ocrx_word' id='word_1_677' title='bbox 2007 4699 2208 4753; x_wconf 82' lang='lat' dir='ltr'><strong>bellum</strong></span> <span class='ocrx_word' id='word_1_678' title='bbox 2261 4699 2449 4748; x_wconf 88' lang='lat' dir='ltr'><strong>contra</strong></span> <span class='ocrx_word' id='word_1_679' title='bbox 2473 4688 2927 4757; x_wconf 63' lang='lat' dir='ltr'><strong>ICantaeuzenum</strong></span> <span class='ocrx_word' id='word_1_680' title='bbox 2960 4683 3276 4757; x_wconf 80' lang='lat' dir='ltr'><strong>tolerarent.</strong></span> <span class='ocrx_word' id='word_1_681' title='bbox 3298 4678 3568 4734; x_wconf 61' lang='lat' dir='ltr'><strong>(laterum</strong></span> 
     </span>
    </p>
   </div>
   <div class='ocr_carea' id='block_1_99' title="bbox 328 4769 1874 4858">
    <p class='ocr_par' dir='ltr' id='par_1_99' title="bbox 328 4787 1872 4858">
     <span class='ocr_line' id='line_1_101' title="bbox 328 4787 1872 4858; baseline -0.004 -14"><span class='ocrx_word' id='word_1_682' title='bbox 328 4791 521 4846; x_wconf 68' lang='grc' dir='ltr'>πολλοὶ</span> <span class='ocrx_word' id='word_1_683' title='bbox 558 4790 671 4843; x_wconf 80' lang='grc' dir='ltr'>τῶν</span> <span class='ocrx_word' id='word_1_684' title='bbox 718 4791 953 4858; x_wconf 89' lang='grc' dir='ltr'>ἐχόντων</span> <span class='ocrx_word' id='word_1_685' title='bbox 975 4789 1278 4853; x_wconf 83' lang='grc' dir='ltr'>δείσαντες,</span> <span class='ocrx_word' id='word_1_686' title='bbox 1311 4788 1568 4856; x_wconf 85' lang='grc' dir='ltr'>φέροντες</span> <span class='ocrx_word' id='word_1_687' title='bbox 1601 4787 1668 4839; x_wconf 84' lang='grc' dir='ltr'>τὰ</span> <span class='ocrx_word' id='word_1_688' title='bbox 1697 4787 1872 4854; x_wconf 80' lang='grc' dir='ltr'>φυλατ</span> 
     </span>
    </p>
   </div>
   <div class='ocr_carea' id='block_1_100' title="bbox 1979 4769 3573 4858">
    <p class='ocr_par' dir='ltr' id='par_1_100' title="bbox 2009 4769 3573 4857">
     <span class='ocr_line' id='line_1_102' title="bbox 2009 4769 3573 4857; baseline -0.014 -14"><span class='ocrx_word' id='word_1_689' title='bbox 2009 4784 2326 4857; x_wconf 81' lang='lat' dir='ltr'><strong>imperatrix</strong></span> <span class='ocrx_word' id='word_1_690' title='bbox 2356 4782 2586 4835; x_wconf 89' lang='lat' dir='ltr'><strong>multum</strong></span> <span class='ocrx_word' id='word_1_691' title='bbox 2633 4794 2696 4831; x_wconf 87' lang='lat' dir='ltr'><strong>ac</strong></span> <span class='ocrx_word' id='word_1_692' title='bbox 2734 4791 2878 4845; x_wconf 77' lang='lat' dir='ltr'><strong>saepe</strong></span> <span class='ocrx_word' id='word_1_693' title='bbox 2906 4789 3029 4827; x_wconf 87' lang='lat' dir='ltr'><strong>eum</strong></span> <span class='ocrx_word' id='word_1_694' title='bbox 3087 4771 3401 4842; x_wconf 85' lang='lat' dir='ltr'><strong>patriarcha</strong></span> <span class='ocrx_word' id='word_1_695' title='bbox 3443 4769 3573 4822; x_wconf 90' lang='lat' dir='ltr'><strong>reli-</strong></span> 
     </span>
    </p>
   </div>
   <div class='ocr_carea' id='block_1_101' title="bbox 328 4862 1874 4954">
    <p class='ocr_par' dir='ltr' id='par_1_101' title="bbox 328 4878 1872 4954">
     <span class='ocr_line' id='line_1_103' title="bbox 328 4878 1872 4954; baseline -0.006 -17"><span class='ocrx_word' id='word_1_696' title='bbox 328 4885 537 4954; x_wconf 82' lang='grc' dir='ltr'>τόμενα</span> <span class='ocrx_word' id='word_1_697' title='bbox 583 4885 877 4952; x_wconf 78' lang='grc' dir='ltr'>παρεῖχον·</span> <span class='ocrx_word' id='word_1_698' title='bbox 927 4880 978 4932; x_wconf 87' lang='grc' dir='ltr'>οἱ</span> <span class='ocrx_word' id='word_1_699' title='bbox 1031 4881 1086 4933; x_wconf 83' lang='grc' dir='ltr'><strong>δέ</strong></span> <span class='ocrx_word' id='word_1_700' title='bbox 1130 4882 1224 4932; x_wconf 73' lang='grc' dir='ltr'><strong>καὶ</strong></span> <span class='ocrx_word' id='word_1_701' title='bbox 1273 4880 1348 4941; x_wconf 87' lang='grc' dir='ltr'><strong>ὡς</strong></span> <span class='ocrx_word' id='word_1_702' title='bbox 1380 4878 1532 4949; x_wconf 83' lang='grc' dir='ltr'>παρὰ</span> <span class='ocrx_word' id='word_1_703' title='bbox 1562 4878 1722 4946; x_wconf 86' lang='grc' dir='ltr'>δίκην</span> <span class='ocrx_word' id='word_1_704' title='bbox 1753 4894 1872 4944; x_wconf 86' lang='grc' dir='ltr'>γινο</span> 
     </span>
    </p>
   </div>
   <div class='ocr_carea' id='block_1_102' title="bbox 1979 4862 3570 4954">
    <p class='ocr_par' dir='ltr' id='par_1_102' title="bbox 2013 4862 3570 4946">
     <span class='ocr_line' id='line_1_104' title="bbox 2013 4862 3570 4946; baseline -0.017 -13"><span class='ocrx_word' id='word_1_705' title='bbox 2013 4878 2244 4946; x_wconf 90' lang='lat' dir='ltr'><strong>quisque</strong></span> <span class='ocrx_word' id='word_1_706' title='bbox 2284 4871 2495 4940; x_wconf 88' lang='lat' dir='ltr'><strong>imperii</strong></span> <span class='ocrx_word' id='word_1_707' title='bbox 2552 4866 3008 4938; x_wconf 80' lang='lat' dir='ltr'><strong>gubernatoribus</strong></span> <span class='ocrx_word' id='word_1_708' title='bbox 3065 4862 3133 4916; x_wconf 92' lang='lat' dir='ltr'><strong>de</strong></span> <span class='ocrx_word' id='word_1_709' title='bbox 3179 4876 3313 4930; x_wconf 80' lang='lat' dir='ltr'><strong>pace</strong></span> <span class='ocrx_word' id='word_1_710' title='bbox 3367 4873 3570 4925; x_wconf 83' lang='lat' dir='ltr'><strong>agens,</strong></span> 
     </span>
    </p>
   </div>
   <div class='ocr_carea' id='block_1_103' title="bbox 337 4947 1874 5047">
    <p class='ocr_par' dir='ltr' id='par_1_103' title="bbox 337 4947 1874 5047">
     <span class='ocr_line' id='line_1_105' title="bbox 337 4947 1874 5047; baseline -0.01 -14"><span class='ocrx_word' id='word_1_711' title='bbox 337 4947 503 5047; x_wconf 68' lang='grc' dir='ltr'>μένου</span> <span class='ocrx_word' id='word_1_712' title='bbox 534 4947 1030 5044; x_wconf 74' lang='grc' dir='ltr'>καταφρονοῦντες,</span> <span class='ocrx_word' id='word_1_713' title='bbox 1075 4971 1211 5033; x_wconf 81' lang='grc' dir='ltr'>τέως</span> <span class='ocrx_word' id='word_1_714' title='bbox 1263 4971 1364 5040; x_wconf 85' lang='grc' dir='ltr'>μὲν</span> <span class='ocrx_word' id='word_1_715' title='bbox 1409 4947 1677 5037; x_wconf 80' lang='grc' dir='ltr'>κατεῖχον·</span> <span class='ocrx_word' id='word_1_716' title='bbox 1727 4969 1874 5037; x_wconf 85' lang='grc' dir='ltr'>χρόνι</span> 
     </span>
    </p>
   </div>
   <div class='ocr_carea' id='block_1_104' title="bbox 1979 4947 3572 5047">
    <p class='ocr_par' dir='ltr' id='par_1_104' title="bbox 2015 4947 3572 5037">
     <span class='ocr_line' id='line_1_106' title="bbox 2015 4947 3572 5037; baseline -0.017 -13"><span class='ocrx_word' id='word_1_717' title='bbox 2015 4968 2148 5037; x_wconf 85' lang='lat' dir='ltr'><strong>ipsis</strong></span> <span class='ocrx_word' id='word_1_718' title='bbox 2195 4965 2305 5033; x_wconf 82' lang='lat' dir='ltr'><strong>jam</strong></span> <span class='ocrx_word' id='word_1_719' title='bbox 2347 4976 2528 5014; x_wconf 91' lang='lat' dir='ltr'><strong>rerum</strong></span> <span class='ocrx_word' id='word_1_720' title='bbox 2577 4957 2916 5026; x_wconf 89' lang='lat' dir='ltr'><strong>potentibus,</strong></span> <span class='ocrx_word' id='word_1_721' title='bbox 2946 4960 3004 5006; x_wconf 93' lang='lat' dir='ltr'><strong>et</strong></span> <span class='ocrx_word' id='word_1_722' title='bbox 3040 4967 3070 5004; x_wconf 88' lang='lat' dir='ltr'><strong>a</strong></span> <span class='ocrx_word' id='word_1_723' title='bbox 3111 4949 3390 5003; x_wconf 89' lang='lat' dir='ltr'><strong>mentione</strong></span> <span class='ocrx_word' id='word_1_724' title='bbox 3422 4947 3572 5013; x_wconf 86' lang='lat' dir='ltr'><strong>pacis</strong></span> 
     </span>
    </p>
   </div>
   <div class='ocr_carea' id='block_1_105' title="bbox 333 5037 1874 5136">
    <p class='ocr_par' dir='ltr' id='par_1_105' title="bbox 333 5059 1874 5136">
     <span class='ocr_line' id='line_1_107' title="bbox 333 5059 1874 5136; baseline -0.009 -12"><span class='ocrx_word' id='word_1_725' title='bbox 333 5074 390 5126; x_wconf 84' lang='grc' dir='ltr'>δὲ</span> <span class='ocrx_word' id='word_1_726' title='bbox 429 5070 660 5136; x_wconf 81' lang='grc' dir='ltr'>ὕστερον</span> <span class='ocrx_word' id='word_1_727' title='bbox 713 5066 818 5120; x_wconf 78' lang='grc' dir='ltr'>ὑπὸ</span> <span class='ocrx_word' id='word_1_728' title='bbox 866 5065 977 5118; x_wconf 85' lang='grc' dir='ltr'><strong>τῶν</strong></span> <span class='ocrx_word' id='word_1_729' title='bbox 1025 5063 1342 5115; x_wconf 83' lang='grc' dir='ltr'>συνειδότων</span> <span class='ocrx_word' id='word_1_730' title='bbox 1379 5062 1695 5130; x_wconf 83' lang='grc' dir='ltr'>μηνυόμενα</span> <span class='ocrx_word' id='word_1_731' title='bbox 1724 5059 1874 5111; x_wconf 66' lang='grc' dir='ltr'>πάντη</span> 
     </span>
    </p>
   </div>
   <div class='ocr_carea' id='block_1_106' title="bbox 1979 5037 3572 5136">
    <p class='ocr_par' dir='ltr' id='par_1_106' title="bbox 2016 5037 3572 5125">
     <span class='ocr_line' id='line_1_108' title="bbox 2016 5037 3572 5125; baseline -0.014 -16"><span class='ocrx_word' id='word_1_732' title='bbox 2016 5051 2434 5124; x_wconf 75' lang='lat' dir='ltr'><strong>refugientibus,</strong></span> <span class='ocrx_word' id='word_1_733' title='bbox 2459 5048 2827 5116; x_wconf 67' lang='lat' dir='ltr'><strong>nihilaequum</strong></span> <span class='ocrx_word' id='word_1_734' title='bbox 2852 5040 3198 5125; x_wconf 81' lang='lat' dir='ltr'><strong>impetrabat.</strong></span> <span class='ocrx_word' id='word_1_735' title='bbox 3227 5037 3515 5104; x_wconf 83' lang='lat' dir='ltr'><strong>Tamenut</strong></span> <span class='ocrx_word' id='word_1_736' title='bbox 3541 5052 3572 5088; x_wconf 90' lang='lat' dir='ltr'><strong>a</strong></span> 
     </span>
    </p>
   </div>
   <div class='ocr_carea' id='block_1_107' title="bbox 337 5120 1874 5230">
    <p class='ocr_par' dir='ltr' id='par_1_107' title="bbox 337 5120 1874 5230">
     <span class='ocr_line' id='line_1_109' title="bbox 337 5120 1874 5230; baseline -0.009 -14"><span class='ocrx_word' id='word_1_737' title='bbox 656 5156 815 5211; x_wconf 81' lang='grc' dir='ltr'>Οὕτω</span> <span class='ocrx_word' id='word_1_738' title='bbox 843 5157 900 5210; x_wconf 86' lang='grc' dir='ltr'><strong>δέ</strong></span> <span class='ocrx_word' id='word_1_739' title='bbox 923 5151 1060 5225; x_wconf 78' lang='grc' dir='ltr'>ἦσαν</span> <span class='ocrx_word' id='word_1_740' title='bbox 1095 5154 1326 5206; x_wconf 80' lang='grc' dir='ltr'>πλεῖστα</span> <span class='ocrx_word' id='word_1_741' title='bbox 1344 5120 1414 5204; x_wconf 64' lang='grc' dir='ltr'>τα</span> <span class='ocrx_word' id='word_1_742' title='bbox 1441 5120 1874 5222; x_wconf 51' lang='grc' dir='ltr'>’ἐξεύρισκόμενα</span> 
     </span>
    </p>
   </div>
   <div class='ocr_carea' id='block_1_108' title="bbox 1979 5120 3574 5230">
    <p class='ocr_par' dir='ltr' id='par_1_108' title="bbox 2013 5120 3574 5219">
     <span class='ocr_line' id='line_1_110' title="bbox 2013 5120 3574 5219; baseline -0.015 -18"><span class='ocrx_word' id='word_1_743' title='bbox 2013 5120 2220 5219; x_wconf 67' lang='lat' dir='ltr'><strong>justiiia</strong></span> <span class='ocrx_word' id='word_1_744' title='bbox 2274 5157 2382 5196; x_wconf 88' lang='lat' dir='ltr'><strong>non</strong></span> <span class='ocrx_word' id='word_1_745' title='bbox 2437 5139 2713 5201; x_wconf 84' lang='lat' dir='ltr'><strong>recedere,</strong></span> <span class='ocrx_word' id='word_1_746' title='bbox 2757 5145 2814 5191; x_wconf 91' lang='lat' dir='ltr'><strong>et</strong></span> <span class='ocrx_word' id='word_1_747' title='bbox 2861 5120 3193 5201; x_wconf 86' lang='lat' dir='ltr'><strong>imper‘atrici</strong></span> <span class='ocrx_word' id='word_1_748' title='bbox 3236 5141 3301 5183; x_wconf 87' lang='lat' dir='ltr'><strong>ae</strong></span> <span class='ocrx_word' id='word_1_749' title='bbox 3356 5125 3574 5180; x_wconf 84' lang='lat' dir='ltr'><strong>sibimet</strong></span> 
     </span>
    </p>
   </div>
   <div class='ocr_carea' id='block_1_109' title="bbox 1613 5287 2347 5352">
    <p class='ocr_par' dir='ltr' id='par_1_109' title="bbox 1613 5287 2347 5352">
     <span class='ocr_line' id='line_1_111' title="bbox 1613 5287 2347 5352; baseline -0.011 -1"><span class='ocrx_word' id='word_1_750' title='bbox 1613 5290 1828 5351; x_wconf 82' lang='lat' dir='ltr'><strong>Jacobi</strong></span> <span class='ocrx_word' id='word_1_751' title='bbox 1853 5287 2119 5352; x_wconf 84' lang='lat' dir='ltr'><strong>Pontani</strong></span> <span class='ocrx_word' id='word_1_752' title='bbox 2161 5293 2347 5346; x_wconf 81' lang='lat' dir='ltr'><strong>notm.</strong></span> 
     </span>
    </p>
   </div>
   <div class='ocr_carea' id='block_1_110' title="bbox 416 5382 3572 5498">
    <p class='ocr_par' dir='ltr' id='par_1_110' title="bbox 416 5382 3572 5498">
     <span class='ocr_line' id='line_1_112' title="bbox 416 5382 3572 5498; baseline -0.016 -14"><span class='ocrx_word' id='word_1_753' title='bbox 416 5428 529 5498; x_wconf 88' lang='lat'><strong>(90)</strong></span> <span class='ocrx_word' id='word_1_754' title='bbox 579 5425 731 5490; x_wconf 86' lang='lat' dir='ltr'><strong>Quod</strong></span> <span class='ocrx_word' id='word_1_755' title='bbox 760 5438 882 5478; x_wconf 91' lang='lat' dir='ltr'><strong>cum</strong></span> <span class='ocrx_word' id='word_1_756' title='bbox 931 5421 1055 5481; x_wconf 87' lang='lat' dir='ltr'><strong>viri,</strong></span> <span class='ocrx_word' id='word_1_757' title='bbox 1091 5429 1203 5473; x_wconf 89' lang='lat' dir='ltr'><strong>tum</strong></span> <span class='ocrx_word' id='word_1_758' title='bbox 1247 5415 1462 5470; x_wconf 58' lang='lat' dir='ltr'><strong>femina“:</strong></span> <span class='ocrx_word' id='word_1_759' title='bbox 1497 5412 1562 5464; x_wconf 89' lang='lat' dir='ltr'><strong>ad</strong></span> <span class='ocrx_word' id='word_1_760' title='bbox 1596 5409 1909 5478; x_wconf 84' lang='lat' dir='ltr'><strong>religiosum</strong></span> <span class='ocrx_word' id='word_1_761' title='bbox 2020 5405 2075 5460; x_wconf 90' lang='lat' dir='ltr'><strong>in</strong></span> <span class='ocrx_word' id='word_1_762' title='bbox 2109 5405 2376 5480; x_wconf 83' lang='lat' dir='ltr'><strong>baptismo</strong></span> <span class='ocrx_word' id='word_1_763' title='bbox 2407 5404 2585 5478; x_wconf 77' lang='lat' dir='ltr'><strong>autem</strong></span> <span class='ocrx_word' id='word_1_764' title='bbox 2617 5407 2814 5448; x_wconf 89' lang='lat' dir='ltr'><strong>nomen</strong></span> <span class='ocrx_word' id='word_1_765' title='bbox 2841 5390 2981 5446; x_wconf 91' lang='lat' dir='ltr'><strong>solet</strong></span> <span class='ocrx_word' id='word_1_766' title='bbox 3015 5387 3239 5454; x_wconf 90' lang='lat' dir='ltr'><strong>imponi,</strong></span> <span class='ocrx_word' id='word_1_767' title='bbox 3273 5395 3327 5436; x_wconf 93' lang='lat' dir='ltr'><strong>et</strong></span> <span class='ocrx_word' id='word_1_768' title='bbox 3352 5382 3572 5462; x_wconf 74' lang='lat' dir='ltr'><strong>quidem</strong></span> 
     </span>
     <span class='ocr_line' id='line_1_113' title="bbox 1344 5453 3572 5498; baseline -0.016 28"><span class='ocrx_word' id='word_1_769' title='bbox 1344 5486 1374 5498; x_wconf 78' lang='lat'>&quot;</span> <span class='ocrx_word' id='word_1_770' title='bbox 1631 5487 1885 5498; x_wconf 57' lang='lat'>“““”‘“</span> <span class='ocrx_word' id='word_1_771' title='bbox 2022 5490 2217 5498; x_wconf 60' lang='grc' dir='ltr'><strong>-λ-υ---ι</strong></span> <span class='ocrx_word' id='word_1_772' title='bbox 2289 5486 2330 5498; x_wconf 68' lang='grc' dir='ltr'>ο·</span> <span class='ocrx_word' id='word_1_773' title='bbox 2377 5482 2496 5498; x_wconf 72' lang='grc' dir='ltr'>πει-ε</span> <span class='ocrx_word' id='word_1_774' title='bbox 2552 5465 2765 5498; x_wconf 61' lang='lat' dir='ltr'><strong>«tl-Illuc</strong></span> <span class='ocrx_word' id='word_1_775' title='bbox 2837 5474 2897 5498; x_wconf 68' lang='lat' dir='ltr'><strong>an</strong></span> <span class='ocrx_word' id='word_1_776' title='bbox 2953 5457 3195 5498; x_wconf 73' lang='lat' dir='ltr'><strong>umidum</strong></span> <span class='ocrx_word' id='word_1_777' title='bbox 3237 5453 3572 5498; x_wconf 71' lang='lat' dir='ltr'><strong>Chngnanng</strong></span> 
     </span>
    </p>
   </div>
   <div class='ocr_carea' id='block_1_111' title="bbox 347 5453 3579 5562">
    <p class='ocr_par' dir='ltr' id='par_1_111' title="bbox 347 5453 3579 5562">
     <span class='ocr_line' id='line_1_114' title="bbox 631 5453 3102 5477; baseline -0.013 0"><span class='ocrx_word' id='word_1_778' title='bbox 631 5453 658 5477; x_wconf 94' lang='lat' dir='ltr'><strong>u</strong></span> <span class='ocrx_word' id='word_1_779' title='bbox 779 5453 787 5456; x_wconf 71' lang='lat'><strong><em>‘</em></strong></span> <span class='ocrx_word' id='word_1_780' title='bbox 814 5453 882 5475; x_wconf 85' lang='lat' dir='ltr'><strong>IIII</strong></span> <span class='ocrx_word' id='word_1_781' title='bbox 971 5453 1032 5473; x_wconf 91' lang='grc' dir='ltr'><strong>ιιι</strong></span> <span class='ocrx_word' id='word_1_782' title='bbox 1117 5453 1203 5472; x_wconf 85' lang='grc' dir='ltr'>υιιι</span> <span class='ocrx_word' id='word_1_783' title='bbox 1247 5453 1462 5470; x_wconf 66' lang='grc' dir='ltr'>ιυιιηιιυυ</span> <span class='ocrx_word' id='word_1_784' title='bbox 1497 5453 1562 5464; x_wconf 71' lang='grc' dir='ltr'><strong>..ι-</strong></span> <span class='ocrx_word' id='word_1_785' title='bbox 1597 5453 1692 5464; x_wconf 79' lang='grc' dir='ltr'><strong>-νη</strong></span> <span class='ocrx_word' id='word_1_786' title='bbox 1735 5453 1909 5462; x_wconf 63' lang='grc' dir='ltr'>...ν-..η</span> <span class='ocrx_word' id='word_1_787' title='bbox 2020 5453 2075 5460; x_wconf 92' lang='grc'><strong>---</strong></span> <span class='ocrx_word' id='word_1_788' title='bbox 2109 5453 2172 5457; x_wconf 85' lang='lat'>__</span> <span class='ocrx_word' id='word_1_789' title='bbox 2221 5453 2365 5456; x_wconf 47' lang='grc' dir='ltr'><strong>μνη,</strong></span> <span class='ocrx_word' id='word_1_790' title='bbox 3095 5453 3102 5454; x_wconf 21' lang='lat'><em>7</em></span> 
     </span>
     <span class='ocr_line' id='line_1_115' title="bbox 347 5453 3579 5562; baseline -0.016 -10"><span class='ocrx_word' id='word_1_791' title='bbox 347 5453 842 5562; x_wconf 50' lang='grc' dir='ltr'><strong>νὶιὲυέεξιιξυξὲυ</strong></span> <span class='ocrx_word' id='word_1_792' title='bbox 899 5453 1112 5562; x_wconf 52' lang='grc' dir='ltr'>εἰειιιῆξ</span> <span class='ocrx_word' id='word_1_793' title='bbox 1147 5486 1503 5562; x_wconf 74' lang='lat' dir='ltr'><strong>monasticuni</strong></span> <span class='ocrx_word' id='word_1_794' title='bbox 1546 5453 1910 5562; x_wconf 59' lang='lat' dir='ltr'><strong>traiisguutcs,</strong></span> <span class='ocrx_word' id='word_1_795' title='bbox 1987 5453 2346 5562; x_wconf 50' lang='lat' dir='ltr'><strong>,nnglllil,‘$i.</strong></span> <span class='ocrx_word' id='word_1_796' title='bbox 2376 5468 2498 5562; x_wconf 68' lang='lat' dir='ltr'><strong>quis</strong></span> <span class='ocrx_word' id='word_1_797' title='bbox 2550 5465 2790 5562; x_wconf 56' lang='lat' dir='ltr'><strong>adultus;</strong></span> <span class='ocrx_word' id='word_1_798' title='bbox 2835 5453 3579 5562; x_wconf 42' lang='grc' dir='ltr'><strong>ξειὶιιῐοέιόίιιιξιέηξὶιέιὲιέἱὲἔιμῗ</strong></span> 
     </span>
    </p>
   </div>
   <div class='ocr_carea' id='block_1_112' title="bbox 349 5521 3580 5623">
    <p class='ocr_par' dir='ltr' id='par_1_112' title="bbox 349 5521 3580 5623">
     <span class='ocr_line' id='line_1_116' title="bbox 349 5521 3580 5623; baseline -0.013 -2"><span class='ocrx_word' id='word_1_799' title='bbox 349 5521 876 5623; x_wconf 49' lang='grc' dir='ltr'>Βοῗιεῇυίὲίῖιέιῗὲιΐι,</span> <span class='ocrx_word' id='word_1_800' title='bbox 1987 5521 2576 5619; x_wconf 30' lang='grc' dir='ltr'>’ἕιῖὑᾶνῆξιιιιιίεξοειηιιι</span> <span class='ocrx_word' id='word_1_801' title='bbox 2604 5521 2793 5586; x_wconf 81' lang='lat' dir='ltr'><strong>omnes</strong></span> <span class='ocrx_word' id='word_1_802' title='bbox 2839 5528 3059 5610; x_wconf 72' lang='lat' dir='ltr'><strong>habent.</strong></span> <span class='ocrx_word' id='word_1_803' title='bbox 3083 5523 3383 5623; x_wconf 47' lang='lat' dir='ltr'><strong>flujursdam</strong></span> <span class='ocrx_word' id='word_1_804' title='bbox 3414 5521 3580 5596; x_wconf 74' lang='lat' dir='ltr'><strong>igitur</strong></span> 
     </span>
    </p>
   </div>
   <div class='ocr_carea' id='block_1_113' title="bbox 352 5593 3342 5702">
    <p class='ocr_par' dir='ltr' id='par_1_113' title="bbox 352 5593 3342 5702">
     <span class='ocr_line' id='line_1_117' title="bbox 352 5593 3342 5702; baseline -0.014 -12"><span class='ocrx_word' id='word_1_805' title='bbox 352 5593 1598 5702; x_wconf 54' lang='grc' dir='ltr'><strong>ἶῖἒῖἓῖιῖἓηῖῗᾌῗὸῖὲὲἑίὸἱὶἓῧιίέΐἵξεῖιὶΐιῖὲτὶεηι</strong></span> <span class='ocrx_word' id='word_1_806' title='bbox 1649 5593 1911 5696; x_wconf 54' lang='lat' dir='ltr'><strong>baptizari</strong></span> <span class='ocrx_word' id='word_1_807' title='bbox 2020 5593 2447 5684; x_wconf 59' lang='lat' dir='ltr'><strong>regenerationis</strong></span> <span class='ocrx_word' id='word_1_808' title='bbox 2471 5593 2688 5676; x_wconf 82' lang='lat' dir='ltr'><strong>signum</strong></span> <span class='ocrx_word' id='word_1_809' title='bbox 2713 5599 2947 5655; x_wconf 87' lang='lat' dir='ltr'><strong>nominis</strong></span> <span class='ocrx_word' id='word_1_810' title='bbox 2973 5595 3186 5652; x_wconf 88' lang='lat' dir='ltr'><strong>novitas</strong></span> <span class='ocrx_word' id='word_1_811' title='bbox 3218 5593 3342 5648; x_wconf 87' lang='lat' dir='ltr'><strong>fuit.</strong></span> 
     </span>
    </p>
   </div>
   <div class='ocr_carea' id='block_1_114' title="bbox 355 5686 1910 5775">
    <p class='ocr_par' dir='ltr' id='par_1_114' title="bbox 355 5686 1910 5775">
     <span class='ocr_line' id='line_1_118' title="bbox 355 5686 1910 5775; baseline -0.015 -16"><span class='ocrx_word' id='word_1_812' title='bbox 355 5686 632 5775; x_wconf 69' lang='lat' dir='ltr'><strong>puiarent,</strong></span> <span class='ocrx_word' id='word_1_813' title='bbox 659 5686 712 5757; x_wconf 66' lang='lat' dir='ltr'><strong>et</strong></span> <span class='ocrx_word' id='word_1_814' title='bbox 734 5715 856 5756; x_wconf 84' lang='lat' dir='ltr'><strong>esse</strong></span> <span class='ocrx_word' id='word_1_815' title='bbox 878 5697 1176 5754; x_wconf 85' lang='lat' dir='ltr'><strong>secundum</strong></span> <span class='ocrx_word' id='word_1_816' title='bbox 1219 5696 1510 5763; x_wconf 81' lang='lat' dir='ltr'><strong>quem-lam</strong></span> <span class='ocrx_word' id='word_1_817' title='bbox 1535 5686 1863 5758; x_wconf 78' lang='lat' dir='ltr'><strong>baptismum</strong></span> <span class='ocrx_word' id='word_1_818' title='bbox 1897 5701 1910 5736; x_wconf 88' lang='lat'><strong>:</strong></span> 
     </span>
    </p>
   </div>
  </div>
