  <div class='ocr_page' id='page_1' title='image "/cluster/home/n/w/nwhite01/storage/ocr_20150623/153/hvd.32044073502643/479.png"; bbox 0 0 3998 6198; ppageno 0'>
   <div class='ocr_carea' id='block_1_1' title="bbox 553 322 1142 388">
    <p class='ocr_par' dir='ltr' id='par_1_1' title="bbox 553 322 1142 388">
     <span class='ocr_line' id='line_1_1' title="bbox 553 322 1142 388; baseline 0.002 -3"><span class='ocrx_word' id='word_1_1' title='bbox 553 322 662 388; x_wconf 75' lang='grc'><strong>919</strong></span> <span class='ocrx_word' id='word_1_2' title='bbox 1113 352 1142 369; x_wconf 86' lang='grc'><strong>-</strong></span> 
     </span>
    </p>
   </div>
   <div class='ocr_carea' id='block_1_2' title="bbox 1726 327 3706 408">
    <p class='ocr_par' dir='ltr' id='par_1_2' title="bbox 1726 327 3706 408">
     <span class='ocr_line' id='line_1_2' title="bbox 1726 327 3706 408; baseline 0.01 -20"><span class='ocrx_word' id='word_1_3' title='bbox 1726 327 2043 388; x_wconf 79' lang='lat' dir='ltr'><strong>JOANNIS</strong></span> <span class='ocrx_word' id='word_1_4' title='bbox 2079 330 2605 395; x_wconf 82' lang='lat' dir='ltr'><strong>CANTACUZENI</strong></span> <span class='ocrx_word' id='word_1_5' title='bbox 3624 344 3706 408; x_wconf 73' lang='grc' dir='ltr'><strong>9ξο</strong></span> 
     </span>
    </p>
   </div>
   <div class='ocr_carea' id='block_1_3' title="bbox 553 437 2139 518">
    <p class='ocr_par' dir='ltr' id='par_1_3' title="bbox 553 437 2128 512">
     <span class='ocr_line' id='line_1_3' title="bbox 553 437 2128 512; baseline 0.004 -21"><span class='ocrx_word' id='word_1_6' title='bbox 553 437 830 501; x_wconf 72' lang='lat' dir='ltr'><strong>texuisse,</strong></span> <span class='ocrx_word' id='word_1_7' title='bbox 869 445 927 490; x_wconf 92' lang='lat' dir='ltr'><strong>ut</strong></span> <span class='ocrx_word' id='word_1_8' title='bbox 973 437 1182 492; x_wconf 92' lang='lat' dir='ltr'><strong>interea</strong></span> <span class='ocrx_word' id='word_1_9' title='bbox 1222 437 1329 492; x_wconf 91' lang='lat' dir='ltr'><strong>loci</strong></span> <span class='ocrx_word' id='word_1_10' title='bbox 1361 437 1507 507; x_wconf 85' lang='lat' dir='ltr'><strong>quod</strong></span> <span class='ocrx_word' id='word_1_11' title='bbox 1541 438 1592 492; x_wconf 93' lang='lat' dir='ltr'><strong>in</strong></span> <span class='ocrx_word' id='word_1_12' title='bbox 1631 455 1743 493; x_wconf 90' lang='lat' dir='ltr'><strong>rem</strong></span> <span class='ocrx_word' id='word_1_13' title='bbox 1776 454 1932 494; x_wconf 90' lang='lat' dir='ltr'><strong>suam</strong></span> <span class='ocrx_word' id='word_1_14' title='bbox 1958 440 2128 512; x_wconf 93' lang='lat' dir='ltr'><strong>potis-</strong></span> 
     </span>
    </p>
   </div>
   <div class='ocr_carea' id='block_1_4' title="bbox 2245 437 3712 518">
    <p class='ocr_par' dir='ltr' id='par_1_4' title="bbox 2245 444 3712 518">
     <span class='ocr_line' id='line_1_4' title="bbox 2245 444 3712 518; baseline 0.002 -20"><span class='ocrx_word' id='word_1_15' title='bbox 2245 446 2468 501; x_wconf 75' lang='grc' dir='ltr'><strong>παύοιτο</strong></span> <span class='ocrx_word' id='word_1_16' title='bbox 2496 444 2720 500; x_wconf 81' lang='grc' dir='ltr'>τοιαῦτα</span> <span class='ocrx_word' id='word_1_17' title='bbox 2748 446 3080 518; x_wconf 82' lang='grc' dir='ltr'>κακουργῶν</span> <span class='ocrx_word' id='word_1_18' title='bbox 3101 465 3116 480; x_wconf 87' lang='grc'><strong>·</strong></span> <span class='ocrx_word' id='word_1_19' title='bbox 3142 447 3178 502; x_wconf 75' lang='grc' dir='ltr'><strong>ἃ</strong></span> <span class='ocrx_word' id='word_1_20' title='bbox 3223 448 3549 518; x_wconf 74' lang='grc' dir='ltr'>φυλάττεσθαι</span> <span class='ocrx_word' id='word_1_21' title='bbox 3574 456 3712 513; x_wconf 67' lang='grc' dir='ltr'><strong>ἐδεῖτο</strong></span> 
     </span>
    </p>
   </div>
   <div class='ocr_carea' id='block_1_5' title="bbox 553 527 2128 599">
    <p class='ocr_par' dir='ltr' id='par_1_5' title="bbox 553 527 2128 599">
     <span class='ocr_line' id='line_1_5' title="bbox 553 527 2128 599; baseline 0.007 -18"><span class='ocrx_word' id='word_1_22' title='bbox 553 529 753 581; x_wconf 65' lang='lat' dir='ltr'><strong>timum</strong></span> <span class='ocrx_word' id='word_1_23' title='bbox 809 527 934 590; x_wconf 82' lang='lat' dir='ltr'><strong>fiet,</strong></span> <span class='ocrx_word' id='word_1_24' title='bbox 983 530 1336 584; x_wconf 90' lang='lat' dir='ltr'><strong>considerare</strong></span> <span class='ocrx_word' id='word_1_25' title='bbox 1385 531 1580 599; x_wconf 87' lang='lat' dir='ltr'><strong>possit.</strong></span> <span class='ocrx_word' id='word_1_26' title='bbox 1615 532 1750 585; x_wconf 88' lang='lat' dir='ltr'><strong>Dum</strong></span> <span class='ocrx_word' id='word_1_27' title='bbox 1796 533 2128 592; x_wconf 70' lang='lat' dir='ltr'><strong>Codonianaa</strong></span> 
     </span>
    </p>
   </div>
   <div class='ocr_carea' id='block_1_6' title="bbox 428 621 2130 692">
    <p class='ocr_par' dir='ltr' id='par_1_6' title="bbox 428 621 2130 692">
     <span class='ocr_line' id='line_1_6' title="bbox 428 621 2130 692; baseline 0.004 -18"><span class='ocrx_word' id='word_1_28' title='bbox 428 627 440 634; x_wconf 88' lang='lat'><strong>&#39;</strong></span> <span class='ocrx_word' id='word_1_29' title='bbox 551 629 865 675; x_wconf 77' lang='lat' dir='ltr'><strong>moraretur</strong></span> <span class='ocrx_word' id='word_1_30' title='bbox 897 621 1219 690; x_wconf 89' lang='lat' dir='ltr'><strong>imperator,</strong></span> <span class='ocrx_word' id='word_1_31' title='bbox 1249 621 1502 676; x_wconf 88' lang='lat' dir='ltr'><strong>Chrelem</strong></span> <span class='ocrx_word' id='word_1_32' title='bbox 1538 623 1604 676; x_wconf 86' lang='lat' dir='ltr'><strong>ad</strong></span> <span class='ocrx_word' id='word_1_33' title='bbox 1637 638 1718 688; x_wconf 93' lang='lat' dir='ltr'><strong>se,</strong></span> <span class='ocrx_word' id='word_1_34' title='bbox 1759 624 1850 692; x_wconf 88' lang='lat' dir='ltr'><strong>qui</strong></span> <span class='ocrx_word' id='word_1_35' title='bbox 1878 640 1944 679; x_wconf 90' lang='lat' dir='ltr'><strong>ex</strong></span> <span class='ocrx_word' id='word_1_36' title='bbox 1971 634 2130 691; x_wconf 88' lang='lat' dir='ltr'><strong>pacto</strong></span> 
     </span>
    </p>
   </div>
   <div class='ocr_carea' id='block_1_7' title="bbox 547 715 2132 793">
    <p class='ocr_par' dir='ltr' id='par_1_7' title="bbox 547 715 2132 793">
     <span class='ocr_line' id='line_1_7' title="bbox 547 715 2132 793; baseline 0.004 -27"><span class='ocrx_word' id='word_1_37' title='bbox 547 716 661 785; x_wconf 82' lang='lat' dir='ltr'><strong>jam</strong></span> <span class='ocrx_word' id='word_1_38' title='bbox 712 715 952 781; x_wconf 86' lang='lat' dir='ltr'><strong>adesset,</strong></span> <span class='ocrx_word' id='word_1_39' title='bbox 980 716 1290 770; x_wconf 76' lang='lat' dir='ltr'><strong>accersivit.</strong></span> <span class='ocrx_word' id='word_1_40' title='bbox 1329 716 1379 770; x_wconf 92' lang='lat' dir='ltr'><strong>ls</strong></span> <span class='ocrx_word' id='word_1_41' title='bbox 1409 725 1468 793; x_wconf 69' lang='grc' dir='ltr'><strong><em>υ</em></strong></span> <span class='ocrx_word' id='word_1_42' title='bbox 1492 726 1619 772; x_wconf 87' lang='lat' dir='ltr'><strong>ante</strong></span> <span class='ocrx_word' id='word_1_43' title='bbox 1645 733 1704 772; x_wconf 86' lang='lat' dir='ltr'><strong>se</strong></span> <span class='ocrx_word' id='word_1_44' title='bbox 1743 718 1818 772; x_wconf 91' lang='lat' dir='ltr'><strong>illi</strong></span> <span class='ocrx_word' id='word_1_45' title='bbox 1849 718 2021 774; x_wconf 86' lang='lat' dir='ltr'><strong>fuisse</strong></span> <span class='ocrx_word' id='word_1_46' title='bbox 2073 728 2132 774; x_wconf 89' lang='lat' dir='ltr'><strong>et</strong></span> 
     </span>
    </p>
   </div>
   <div class='ocr_carea' id='block_1_8' title="bbox 554 805 2127 874">
    <p class='ocr_par' dir='ltr' id='par_1_8' title="bbox 554 805 2127 874">
     <span class='ocr_line' id='line_1_8' title="bbox 554 805 2127 874; baseline 0.004 -14"><span class='ocrx_word' id='word_1_47' title='bbox 554 805 852 861; x_wconf 85' lang='lat' dir='ltr'><strong>modoesse</strong></span> <span class='ocrx_word' id='word_1_48' title='bbox 883 807 1275 862; x_wconf 89' lang='lat' dir='ltr'><strong>amicissimum</strong></span> <span class='ocrx_word' id='word_1_49' title='bbox 1307 807 1693 874; x_wconf 77' lang='lat' dir='ltr'><strong>conﬁtebatur,</strong></span> <span class='ocrx_word' id='word_1_50' title='bbox 1724 810 1916 865; x_wconf 91' lang='lat' dir='ltr'><strong>timere</strong></span> <span class='ocrx_word' id='word_1_51' title='bbox 1945 820 2127 867; x_wconf 78' lang='lat' dir='ltr'><strong>atem</strong></span> 
     </span>
    </p>
   </div>
   <div class='ocr_carea' id='block_1_9' title="bbox 553 899 2131 968">
    <p class='ocr_par' dir='ltr' id='par_1_9' title="bbox 553 899 2131 968">
     <span class='ocr_line' id='line_1_9' title="bbox 553 899 2131 968; baseline 0.005 -16"><span class='ocrx_word' id='word_1_52' title='bbox 553 912 624 954; x_wconf 90' lang='lat' dir='ltr'><strong>ne</strong></span> <span class='ocrx_word' id='word_1_53' title='bbox 665 899 931 965; x_wconf 82' lang='lat' dir='ltr'><strong>Romani,</strong></span> <span class='ocrx_word' id='word_1_54' title='bbox 963 900 1292 968; x_wconf 87' lang='lat' dir='ltr'><strong>quibuscum</strong></span> <span class='ocrx_word' id='word_1_55' title='bbox 1314 900 1518 955; x_wconf 89' lang='lat' dir='ltr'><strong>bellum</strong></span> <span class='ocrx_word' id='word_1_56' title='bbox 1551 902 1798 964; x_wconf 89' lang='lat' dir='ltr'><strong>haberet,</strong></span> <span class='ocrx_word' id='word_1_57' title='bbox 1840 903 2131 960; x_wconf 81' lang='lat' dir='ltr'><strong>facultates</strong></span> 
     </span>
    </p>
   </div>
   <div class='ocr_carea' id='block_1_10' title="bbox 553 981 2129 1066">
    <p class='ocr_par' dir='ltr' id='par_1_10' title="bbox 553 981 2129 1066">
     <span class='ocr_line' id='line_1_10' title="bbox 553 981 2129 1066; baseline 0.005 -22"><span class='ocrx_word' id='word_1_58' title='bbox 553 1005 682 1044; x_wconf 85' lang='lat' dir='ltr'><strong>suas</strong></span> <span class='ocrx_word' id='word_1_59' title='bbox 705 990 761 1044; x_wconf 90' lang='lat' dir='ltr'><strong>in</strong></span> <span class='ocrx_word' id='word_1_60' title='bbox 793 989 930 1044; x_wconf 90' lang='lat' dir='ltr'><strong>locis</strong></span> <span class='ocrx_word' id='word_1_61' title='bbox 967 991 1118 1046; x_wconf 92' lang='lat' dir='ltr'><strong>nullo</strong></span> <span class='ocrx_word' id='word_1_62' title='bbox 1147 1006 1377 1060; x_wconf 84' lang='lat' dir='ltr'><strong>prorsus</strong></span> <span class='ocrx_word' id='word_1_63' title='bbox 1405 993 1712 1048; x_wconf 87' lang='lat' dir='ltr'><strong>munimine</strong></span> <span class='ocrx_word' id='word_1_64' title='bbox 1751 995 1884 1050; x_wconf 90' lang='lat' dir='ltr'><strong>tutis</strong></span> <span class='ocrx_word' id='word_1_65' title='bbox 1907 981 2129 1066; x_wconf 85' lang='lat' dir='ltr'><strong>disper-</strong></span> 
     </span>
    </p>
   </div>
   <div class='ocr_carea' id='block_1_11' title="bbox 555 1080 2128 1159">
    <p class='ocr_par' dir='ltr' id='par_1_11' title="bbox 555 1080 2128 1159">
     <span class='ocr_line' id='line_1_11' title="bbox 555 1080 2128 1159; baseline 0.006 -25"><span class='ocrx_word' id='word_1_66' title='bbox 555 1096 645 1136; x_wconf 86' lang='lat' dir='ltr'><strong>sas</strong></span> <span class='ocrx_word' id='word_1_67' title='bbox 690 1080 971 1150; x_wconf 84' lang='lat' dir='ltr'><strong>diripiant.</strong></span> <span class='ocrx_word' id='word_1_68' title='bbox 1016 1082 1191 1138; x_wconf 86' lang='lat' dir='ltr'><strong>Urbes</strong></span> <span class='ocrx_word' id='word_1_69' title='bbox 1238 1083 1408 1150; x_wconf 84' lang='lat' dir='ltr'><strong>enim,</strong></span> <span class='ocrx_word' id='word_1_70' title='bbox 1446 1083 1649 1153; x_wconf 85' lang='lat' dir='ltr'><strong>quibus</strong></span> <span class='ocrx_word' id='word_1_71' title='bbox 1681 1086 1863 1142; x_wconf 86' lang='lat' dir='ltr'><strong>adhuc</strong></span> <span class='ocrx_word' id='word_1_72' title='bbox 1892 1089 2128 1159; x_wconf 89' lang='lat' dir='ltr'><strong>principi</strong></span> 
     </span>
    </p>
   </div>
   <div class='ocr_carea' id='block_1_12' title="bbox 553 1171 2134 1248">
    <p class='ocr_par' dir='ltr' id='par_1_12' title="bbox 553 1171 2134 1248">
     <span class='ocr_line' id='line_1_12' title="bbox 553 1171 2134 1248; baseline 0.006 -22"><span class='ocrx_word' id='word_1_73' title='bbox 553 1171 928 1227; x_wconf 88' lang='lat' dir='ltr'><strong>Triballorum</strong></span> <span class='ocrx_word' id='word_1_74' title='bbox 973 1187 1173 1242; x_wconf 88' lang='lat' dir='ltr'><strong>parens</strong></span> <span class='ocrx_word' id='word_1_75' title='bbox 1203 1174 1545 1243; x_wconf 87' lang='lat' dir='ltr'><strong>imperasset,</strong></span> <span class='ocrx_word' id='word_1_76' title='bbox 1581 1175 1871 1232; x_wconf 90' lang='lat' dir='ltr'><strong>demortuo</strong></span> <span class='ocrx_word' id='word_1_77' title='bbox 1899 1179 2134 1248; x_wconf 88' lang='lat' dir='ltr'><strong>impera-</strong></span> 
     </span>
    </p>
   </div>
   <div class='ocr_carea' id='block_1_13' title="bbox 555 1263 2131 1333">
    <p class='ocr_par' dir='ltr' id='par_1_13' title="bbox 555 1263 2131 1333">
     <span class='ocr_line' id='line_1_13' title="bbox 555 1263 2131 1333; baseline 0.004 -16"><span class='ocrx_word' id='word_1_78' title='bbox 555 1263 684 1327; x_wconf 91' lang='lat' dir='ltr'><strong>tori,</strong></span> <span class='ocrx_word' id='word_1_79' title='bbox 740 1263 890 1331; x_wconf 87' lang='lat' dir='ltr'><strong>quod</strong></span> <span class='ocrx_word' id='word_1_80' title='bbox 937 1266 1142 1333; x_wconf 91' lang='lat' dir='ltr'><strong>optime</strong></span> <span class='ocrx_word' id='word_1_81' title='bbox 1182 1276 1388 1327; x_wconf 77' lang='lat' dir='ltr'><strong>nosset,</strong></span> <span class='ocrx_word' id='word_1_82' title='bbox 1432 1267 1816 1332; x_wconf 82' lang='lat' dir='ltr'><strong>transdidisse,</strong></span> <span class='ocrx_word' id='word_1_83' title='bbox 1867 1279 1923 1324; x_wconf 93' lang='lat' dir='ltr'><strong>et</strong></span> <span class='ocrx_word' id='word_1_84' title='bbox 1954 1270 2131 1324; x_wconf 86' lang='lat' dir='ltr'><strong>fortu-</strong></span> 
     </span>
    </p>
   </div>
   <div class='ocr_carea' id='block_1_14' title="bbox 556 1355 2125 1426">
    <p class='ocr_par' dir='ltr' id='par_1_14' title="bbox 556 1355 2125 1426">
     <span class='ocr_line' id='line_1_14' title="bbox 556 1355 2125 1426; baseline 0.006 -20"><span class='ocrx_word' id='word_1_85' title='bbox 556 1369 658 1408; x_wconf 91' lang='lat' dir='ltr'><strong>nas</strong></span> <span class='ocrx_word' id='word_1_86' title='bbox 703 1369 830 1408; x_wconf 88' lang='lat' dir='ltr'><strong>suas</strong></span> <span class='ocrx_word' id='word_1_87' title='bbox 884 1355 938 1408; x_wconf 93' lang='lat' dir='ltr'><strong>in</strong></span> <span class='ocrx_word' id='word_1_88' title='bbox 991 1355 1308 1410; x_wconf 87' lang='lat' dir='ltr'><strong>suburbano</strong></span> <span class='ocrx_word' id='word_1_89' title='bbox 1347 1357 1597 1412; x_wconf 83' lang='lat' dir='ltr'><strong>Melenici</strong></span> <span class='ocrx_word' id='word_1_90' title='bbox 1644 1359 1876 1414; x_wconf 87' lang='lat' dir='ltr'><strong>habere.</strong></span> <span class='ocrx_word' id='word_1_91' title='bbox 1921 1360 2125 1426; x_wconf 85' lang='lat' dir='ltr'><strong>Quare,</strong></span> 
     </span>
    </p>
   </div>
   <div class='ocr_carea' id='block_1_15' title="bbox 555 1445 2125 1518">
    <p class='ocr_par' dir='ltr' id='par_1_15' title="bbox 555 1445 2125 1518">
     <span class='ocr_line' id='line_1_15' title="bbox 555 1445 2125 1518; baseline 0.003 -19"><span class='ocrx_word' id='word_1_92' title='bbox 555 1446 663 1500; x_wconf 84' lang='lat' dir='ltr'><strong>nisi</strong></span> <span class='ocrx_word' id='word_1_93' title='bbox 719 1445 1042 1500; x_wconf 76' lang='lat' dir='ltr'><strong>Melenicum</strong></span> <span class='ocrx_word' id='word_1_94' title='bbox 1089 1447 1203 1514; x_wconf 85' lang='lat' dir='ltr'><strong>ipse</strong></span> <span class='ocrx_word' id='word_1_95' title='bbox 1245 1447 1545 1518; x_wconf 75' lang='lat' dir='ltr'><strong>subegerit,</strong></span> <span class='ocrx_word' id='word_1_96' title='bbox 1595 1451 1861 1505; x_wconf 86' lang='lat' dir='ltr'><strong>accedere</strong></span> <span class='ocrx_word' id='word_1_97' title='bbox 1902 1451 1967 1506; x_wconf 88' lang='lat' dir='ltr'><strong>ad</strong></span> <span class='ocrx_word' id='word_1_98' title='bbox 2001 1467 2125 1506; x_wconf 90' lang='lat' dir='ltr'><strong>eum</strong></span> 
     </span>
    </p>
   </div>
   <div class='ocr_carea' id='block_1_16' title="bbox 554 1537 2129 1604">
    <p class='ocr_par' dir='ltr' id='par_1_16' title="bbox 554 1537 2129 1604">
     <span class='ocr_line' id='line_1_16' title="bbox 554 1537 2129 1604; baseline 0.004 -17"><span class='ocrx_word' id='word_1_99' title='bbox 554 1550 666 1588; x_wconf 78' lang='lat' dir='ltr'><strong>non</strong></span> <span class='ocrx_word' id='word_1_100' title='bbox 710 1550 870 1604; x_wconf 85' lang='lat' dir='ltr'><strong>posse</strong></span> <span class='ocrx_word' id='word_1_101' title='bbox 907 1553 919 1588; x_wconf 89' lang='lat'><strong>:</strong></span> <span class='ocrx_word' id='word_1_102' title='bbox 959 1537 1039 1590; x_wconf 87' lang='lat' dir='ltr'><strong>sic</strong></span> <span class='ocrx_word' id='word_1_103' title='bbox 1090 1537 1236 1591; x_wconf 85' lang='lat' dir='ltr'><strong>enim</strong></span> <span class='ocrx_word' id='word_1_104' title='bbox 1267 1547 1322 1591; x_wconf 91' lang='lat' dir='ltr'><strong>et</strong></span> <span class='ocrx_word' id='word_1_105' title='bbox 1351 1552 1408 1592; x_wconf 90' lang='lat' dir='ltr'><strong>se</strong></span> <span class='ocrx_word' id='word_1_106' title='bbox 1433 1539 1700 1594; x_wconf 82' lang='lat' dir='ltr'><strong>conlisum</strong></span> <span class='ocrx_word' id='word_1_107' title='bbox 1736 1539 1804 1594; x_wconf 86' lang='lat' dir='ltr'><strong>de</strong></span> <span class='ocrx_word' id='word_1_108' title='bbox 1837 1541 1952 1594; x_wconf 89' lang='lat' dir='ltr'><strong>suis</strong></span> <span class='ocrx_word' id='word_1_109' title='bbox 1989 1540 2129 1594; x_wconf 82' lang='lat' dir='ltr'><strong>nihil</strong></span> 
     </span>
    </p>
   </div>
   <div class='ocr_carea' id='block_1_17' title="bbox 557 1625 2133 1699">
    <p class='ocr_par' dir='ltr' id='par_1_17' title="bbox 557 1625 2133 1699">
     <span class='ocr_line' id='line_1_17' title="bbox 557 1625 2133 1699; baseline 0.007 -24"><span class='ocrx_word' id='word_1_110' title='bbox 557 1625 912 1689; x_wconf 82' lang='lat' dir='ltr'><strong>amissurum,</strong></span> <span class='ocrx_word' id='word_1_111' title='bbox 965 1626 1218 1681; x_wconf 81' lang='lat' dir='ltr'><strong>alacriter</strong></span> <span class='ocrx_word' id='word_1_112' title='bbox 1251 1644 1400 1681; x_wconf 83' lang='lat' dir='ltr'><strong>arma</strong></span> <span class='ocrx_word' id='word_1_113' title='bbox 1424 1629 1766 1699; x_wconf 87' lang='lat' dir='ltr'><strong>jnncturum.</strong></span> <span class='ocrx_word' id='word_1_114' title='bbox 1808 1630 2133 1699; x_wconf 84' lang='lat' dir='ltr'><strong>Imperatori</strong></span> 
     </span>
    </p>
   </div>
   <div class='ocr_carea' id='block_1_18' title="bbox 559 1716 2131 1789">
    <p class='ocr_par' dir='ltr' id='par_1_18' title="bbox 559 1716 2131 1789">
     <span class='ocr_line' id='line_1_18' title="bbox 559 1716 2131 1789; baseline 0.008 -21"><span class='ocrx_word' id='word_1_115' title='bbox 559 1716 707 1771; x_wconf 89' lang='lat' dir='ltr'><strong>illico</strong></span> <span class='ocrx_word' id='word_1_116' title='bbox 754 1719 870 1772; x_wconf 85' lang='lat' dir='ltr'><strong>visa</strong></span> <span class='ocrx_word' id='word_1_117' title='bbox 898 1719 1082 1773; x_wconf 87' lang='lat' dir='ltr'><strong>omnia</strong></span> <span class='ocrx_word' id='word_1_118' title='bbox 1118 1720 1554 1789; x_wconf 87' lang='lat' dir='ltr'><strong>impeditissima.</strong></span> <span class='ocrx_word' id='word_1_119' title='bbox 1598 1723 1732 1777; x_wconf 84' lang='lat' dir='ltr'><strong>Nam</strong></span> <span class='ocrx_word' id='word_1_120' title='bbox 1765 1733 1820 1778; x_wconf 90' lang='lat' dir='ltr'><strong>et</strong></span> <span class='ocrx_word' id='word_1_121' title='bbox 1851 1739 1914 1778; x_wconf 84' lang='lat' dir='ltr'><strong>ex</strong></span> <span class='ocrx_word' id='word_1_122' title='bbox 1951 1725 2131 1780; x_wconf 82' lang='lat' dir='ltr'><strong>Mace-</strong></span> 
     </span>
    </p>
   </div>
   <div class='ocr_carea' id='block_1_19' title="bbox 2235 537 3713 616">
    <p class='ocr_par' dir='ltr' id='par_1_19' title="bbox 2235 537 3713 616">
     <span class='ocr_line' id='line_1_19' title="bbox 2235 537 3713 616; baseline 0.008 -26"><span class='ocrx_word' id='word_1_123' title='bbox 2235 539 2313 608; x_wconf 78' lang='grc' dir='ltr'>μὴ</span> <span class='ocrx_word' id='word_1_124' title='bbox 2341 537 2527 591; x_wconf 82' lang='grc' dir='ltr'>κακῶν</span> <span class='ocrx_word' id='word_1_125' title='bbox 2579 539 2763 602; x_wconf 80' lang='grc' dir='ltr'>αὐτοῖς</span> <span class='ocrx_word' id='word_1_126' title='bbox 2815 540 3136 609; x_wconf 84' lang='grc' dir='ltr'><strong>ἀνηκέστων</strong></span> <span class='ocrx_word' id='word_1_127' title='bbox 3163 540 3330 604; x_wconf 84' lang='grc' dir='ltr'>αῐτιος</span> <span class='ocrx_word' id='word_1_128' title='bbox 3363 550 3593 616; x_wconf 79' lang='grc' dir='ltr'><strong>καταστῇ.</strong></span> <span class='ocrx_word' id='word_1_129' title='bbox 3635 544 3713 602; x_wconf 80' lang='grc' dir='ltr'>Ἦν</span> 
     </span>
    </p>
   </div>
   <div class='ocr_carea' id='block_1_20' title="bbox 2230 630 3716 706">
    <p class='ocr_par' dir='ltr' id='par_1_20' title="bbox 2230 630 3716 706">
     <span class='ocr_line' id='line_1_20' title="bbox 2230 630 3716 706; baseline 0.007 -24"><span class='ocrx_word' id='word_1_130' title='bbox 2230 630 2392 683; x_wconf 70' lang='grc' dir='ltr'>ἕνεκα</span> <span class='ocrx_word' id='word_1_131' title='bbox 2422 630 2517 682; x_wconf 70' lang='grc' dir='ltr'>καὶ</span> <span class='ocrx_word' id='word_1_132' title='bbox 2549 630 2711 693; x_wconf 81' lang='grc' dir='ltr'>αῠτδς</span> <span class='ocrx_word' id='word_1_133' title='bbox 2746 631 2852 699; x_wconf 81' lang='grc' dir='ltr'>τὴν</span> <span class='ocrx_word' id='word_1_134' title='bbox 2883 631 3070 698; x_wconf 80' lang='grc' dir='ltr'>ἄφιξιν</span> <span class='ocrx_word' id='word_1_135' title='bbox 3112 633 3410 702; x_wconf 80' lang='grc' dir='ltr'>ἀπηγόρευε</span> <span class='ocrx_word' id='word_1_136' title='bbox 3439 635 3510 705; x_wconf 87' lang='grc' dir='ltr'><strong>τῷ</strong></span> <span class='ocrx_word' id='word_1_137' title='bbox 3554 638 3716 706; x_wconf 80' lang='grc' dir='ltr'>βασιλεῖ</span> 
     </span>
    </p>
   </div>
   <div class='ocr_carea' id='block_1_21' title="bbox 2230 720 3717 801">
    <p class='ocr_par' dir='ltr' id='par_1_21' title="bbox 2230 720 3717 801">
     <span class='ocr_line' id='line_1_21' title="bbox 2230 720 3717 801; baseline 0.005 -27"><span class='ocrx_word' id='word_1_138' title='bbox 2230 721 2327 791; x_wconf 83' lang='grc' dir='ltr'>τὴν</span> <span class='ocrx_word' id='word_1_139' title='bbox 2373 720 2557 790; x_wconf 84' lang='grc' dir='ltr'>Χρέλη</span> <span class='ocrx_word' id='word_1_140' title='bbox 2614 721 3091 790; x_wconf 82' lang='grc' dir='ltr'><strong>προφασιζόμενος</strong></span> <span class='ocrx_word' id='word_1_141' title='bbox 3148 724 3431 794; x_wconf 74' lang='grc' dir='ltr'><strong>ἑταιρείαν,</strong></span> <span class='ocrx_word' id='word_1_142' title='bbox 3461 726 3527 788; x_wconf 83' lang='grc' dir='ltr'>ὥς</span> <span class='ocrx_word' id='word_1_143' title='bbox 3571 731 3617 780; x_wconf 75' lang='grc' dir='ltr'>ἐν</span> <span class='ocrx_word' id='word_1_144' title='bbox 3657 732 3717 801; x_wconf 79' lang='grc' dir='ltr'>τῷ</span> 
     </span>
    </p>
   </div>
   <div class='ocr_carea' id='block_1_22' title="bbox 2237 811 3719 886">
    <p class='ocr_par' dir='ltr' id='par_1_22' title="bbox 2237 811 3719 886">
     <span class='ocr_line' id='line_1_22' title="bbox 2237 811 3719 886; baseline 0.003 -21"><span class='ocrx_word' id='word_1_145' title='bbox 2237 812 2441 882; x_wconf 58' lang='grc' dir='ltr'>μεταξὺ</span> <span class='ocrx_word' id='word_1_146' title='bbox 2467 812 2647 882; x_wconf 82' lang='grc' dir='ltr'>χρόνῳ</span> <span class='ocrx_word' id='word_1_147' title='bbox 2685 811 2754 865; x_wconf 81' lang='grc' dir='ltr'><strong>τὰ</strong></span> <span class='ocrx_word' id='word_1_148' title='bbox 2788 814 3025 880; x_wconf 79' lang='grc' dir='ltr'>μάλιστα</span> <span class='ocrx_word' id='word_1_149' title='bbox 3047 815 3416 886; x_wconf 74' lang='grc' dir='ltr'><strong>λυσιτελοῦντα</strong></span> <span class='ocrx_word' id='word_1_150' title='bbox 3442 817 3596 885; x_wconf 75' lang='grc' dir='ltr'>ἑαυτῷ</span> <span class='ocrx_word' id='word_1_151' title='bbox 3624 834 3719 870; x_wconf 79' lang='grc' dir='ltr'>σκε-</span> 
     </span>
    </p>
   </div>
   <div class='ocr_carea' id='block_1_23' title="bbox 2225 895 3720 976">
    <p class='ocr_par' dir='ltr' id='par_1_23' title="bbox 2225 895 3720 976">
     <span class='ocr_line' id='line_1_23' title="bbox 2225 895 3720 976; baseline 0 -16"><span class='ocrx_word' id='word_1_152' title='bbox 2225 903 2488 972; x_wconf 69' lang='grc' dir='ltr'>ψόμενος.</span> <span class='ocrx_word' id='word_1_153' title='bbox 2529 904 2620 956; x_wconf 85' lang='grc' dir='ltr'>Ἐν</span> <span class='ocrx_word' id='word_1_154' title='bbox 2647 895 2693 969; x_wconf 77' lang='grc' dir='ltr'><strong>ᾧ</strong></span> <span class='ocrx_word' id='word_1_155' title='bbox 2725 902 2784 955; x_wconf 75' lang='grc' dir='ltr'>δὲ</span> <span class='ocrx_word' id='word_1_156' title='bbox 2842 906 2870 954; x_wconf 82' lang='grc' dir='ltr'><strong>δ</strong></span> <span class='ocrx_word' id='word_1_157' title='bbox 2905 902 3162 970; x_wconf 74' lang='grc' dir='ltr'>βασιλεὺς</span> <span class='ocrx_word' id='word_1_158' title='bbox 3224 907 3638 976; x_wconf 77' lang='grc' dir='ltr'><strong>ἐστρατοπέδευεν</strong></span> <span class='ocrx_word' id='word_1_159' title='bbox 3679 911 3720 961; x_wconf 75' lang='grc' dir='ltr'>ἐν</span> 
     </span>
    </p>
   </div>
   <div class='ocr_carea' id='block_1_24' title="bbox 2234 993 3722 1066">
    <p class='ocr_par' dir='ltr' id='par_1_24' title="bbox 2234 993 3722 1066">
     <span class='ocr_line' id='line_1_24' title="bbox 2234 993 3722 1066; baseline 0.003 -19"><span class='ocrx_word' id='word_1_160' title='bbox 2234 994 2592 1065; x_wconf 84' lang='grc' dir='ltr'>Κωδωνιανῇ,</span> <span class='ocrx_word' id='word_1_161' title='bbox 2622 993 2849 1062; x_wconf 82' lang='grc' dir='ltr'>πέμψας</span> <span class='ocrx_word' id='word_1_162' title='bbox 2910 996 3046 1066; x_wconf 77' lang='grc' dir='ltr'>πρὸς</span> <span class='ocrx_word' id='word_1_163' title='bbox 3087 995 3581 1066; x_wconf 78' lang='grc' dir='ltr'>Χρέλην,·ὲκέλευεν</span> <span class='ocrx_word' id='word_1_164' title='bbox 3605 999 3722 1066; x_wconf 66' lang='grc' dir='ltr'>ἥκειν</span> 
     </span>
    </p>
   </div>
   <div class='ocr_carea' id='block_1_25' title="bbox 2237 1084 3724 1158">
    <p class='ocr_par' dir='ltr' id='par_1_25' title="bbox 2237 1084 3724 1158">
     <span class='ocr_line' id='line_1_25' title="bbox 2237 1084 3724 1158; baseline 0.005 -22"><span class='ocrx_word' id='word_1_165' title='bbox 2237 1084 2374 1155; x_wconf 78' lang='grc' dir='ltr'>πρὸς</span> <span class='ocrx_word' id='word_1_166' title='bbox 2388 1085 2560 1140; x_wconf 85' lang='grc' dir='ltr'>αὑτὸν</span> <span class='ocrx_word' id='word_1_167' title='bbox 2588 1085 2734 1138; x_wconf 82' lang='grc' dir='ltr'>κατά</span> <span class='ocrx_word' id='word_1_168' title='bbox 2754 1085 2814 1138; x_wconf 79' lang='grc' dir='ltr'>τὸ</span> <span class='ocrx_word' id='word_1_169' title='bbox 2835 1084 3086 1156; x_wconf 88' lang='grc' dir='ltr'>σύνθημα</span> <span class='ocrx_word' id='word_1_170' title='bbox 3109 1087 3351 1141; x_wconf 66' lang='grc' dir='ltr'>ἐλθόντα.</span> <span class='ocrx_word' id='word_1_171' title='bbox 3383 1087 3440 1140; x_wconf 89' lang='lat'><strong>&#39;0</strong></span> <span class='ocrx_word' id='word_1_172' title='bbox 3455 1088 3496 1140; x_wconf 77' lang='grc' dir='ltr'>δ’</span> <span class='ocrx_word' id='word_1_173' title='bbox 3515 1089 3724 1158; x_wconf 75' lang='grc' dir='ltr'><strong>ὡμολόγει</strong></span> 
     </span>
    </p>
   </div>
   <div class='ocr_carea' id='block_1_26' title="bbox 2235 1171 3726 1247">
    <p class='ocr_par' dir='ltr' id='par_1_26' title="bbox 2235 1171 3726 1247">
     <span class='ocr_line' id='line_1_26' title="bbox 2235 1171 3726 1247; baseline 0.002 -21"><span class='ocrx_word' id='word_1_174' title='bbox 2235 1173 2502 1243; x_wconf 81' lang='grc' dir='ltr'>πρότερόν</span> <span class='ocrx_word' id='word_1_175' title='bbox 2527 1191 2589 1226; x_wconf 88' lang='grc' dir='ltr'><strong>τε</strong></span> <span class='ocrx_word' id='word_1_176' title='bbox 2615 1175 2709 1227; x_wconf 70' lang='grc' dir='ltr'>καὶ</span> <span class='ocrx_word' id='word_1_177' title='bbox 2741 1174 2836 1227; x_wconf 83' lang='grc' dir='ltr'><strong>νῦν</strong></span> <span class='ocrx_word' id='word_1_178' title='bbox 2868 1176 2966 1246; x_wconf 77' lang='grc' dir='ltr'><strong>οὐχ</strong></span> <span class='ocrx_word' id='word_1_179' title='bbox 3022 1176 3224 1246; x_wconf 76' lang='grc' dir='ltr'>ἥκιστα</span> <span class='ocrx_word' id='word_1_180' title='bbox 3271 1174 3452 1239; x_wconf 72' lang='grc' dir='ltr'>εὔνους</span> <span class='ocrx_word' id='word_1_181' title='bbox 3484 1171 3603 1230; x_wconf 78' lang='grc' dir='ltr'>εῖναι</span> <span class='ocrx_word' id='word_1_182' title='bbox 3626 1179 3726 1247; x_wconf 76' lang='grc' dir='ltr'>πρὸς</span> 
     </span>
    </p>
   </div>
   <div class='ocr_carea' id='block_1_27' title="bbox 2234 1265 3728 1336">
    <p class='ocr_par' dir='ltr' id='par_1_27' title="bbox 2234 1265 3728 1336">
     <span class='ocr_line' id='line_1_27' title="bbox 2234 1265 3728 1336; baseline 0.001 -17"><span class='ocrx_word' id='word_1_183' title='bbox 2234 1266 2396 1319; x_wconf 84' lang='grc' dir='ltr'>αὐτόν</span> <span class='ocrx_word' id='word_1_184' title='bbox 2418 1282 2432 1296; x_wconf 92' lang='grc'><strong>·</strong></span> <span class='ocrx_word' id='word_1_185' title='bbox 2489 1265 2788 1320; x_wconf 70' lang='grc' dir='ltr'><strong>δεδοικέναι</strong></span> <span class='ocrx_word' id='word_1_186' title='bbox 2819 1267 2878 1320; x_wconf 79' lang='grc' dir='ltr'>δὲ</span> <span class='ocrx_word' id='word_1_187' title='bbox 2924 1267 3235 1336; x_wconf 78' lang='grc' dir='ltr'><strong>Ῥωμαίους</strong></span> <span class='ocrx_word' id='word_1_188' title='bbox 3282 1269 3404 1330; x_wconf 78' lang='grc' dir='ltr'>τοὺς</span> <span class='ocrx_word' id='word_1_189' title='bbox 3454 1268 3583 1336; x_wconf 80' lang='grc' dir='ltr'>αὐτῷ</span> <span class='ocrx_word' id='word_1_190' title='bbox 3607 1269 3728 1321; x_wconf 79' lang='grc' dir='ltr'>πολε-</span> 
     </span>
    </p>
   </div>
   <div class='ocr_carea' id='block_1_28' title="bbox 2239 1355 3729 1428">
    <p class='ocr_par' dir='ltr' id='par_1_28' title="bbox 2239 1355 3729 1428">
     <span class='ocr_line' id='line_1_28' title="bbox 2239 1355 3729 1428; baseline 0.002 -21"><span class='ocrx_word' id='word_1_191' title='bbox 2239 1355 2498 1423; x_wconf 81' lang='grc' dir='ltr'>μοῦντας,</span> <span class='ocrx_word' id='word_1_192' title='bbox 2568 1355 2644 1426; x_wconf 82' lang='grc' dir='ltr'>μὴ</span> <span class='ocrx_word' id='word_1_193' title='bbox 2712 1356 3062 1426; x_wconf 75' lang='grc' dir='ltr'><strong>διαρπάσωσι</strong></span> <span class='ocrx_word' id='word_1_194' title='bbox 3131 1359 3201 1412; x_wconf 76' lang='grc' dir='ltr'><strong>τὰ</strong></span> <span class='ocrx_word' id='word_1_195' title='bbox 3256 1358 3383 1412; x_wconf 79' lang='grc' dir='ltr'>θντα</span> <span class='ocrx_word' id='word_1_196' title='bbox 3445 1358 3729 1428; x_wconf 74' lang='grc' dir='ltr'>ὲνοχωρίοις</span> 
     </span>
    </p>
   </div>
   <div class='ocr_carea' id='block_1_29' title="bbox 2235 1444 3732 1522">
    <p class='ocr_par' dir='ltr' id='par_1_29' title="bbox 2235 1444 3732 1522">
     <span class='ocr_line' id='line_1_29' title="bbox 2235 1444 3732 1522; baseline 0.003 -23"><span class='ocrx_word' id='word_1_197' title='bbox 2235 1447 2569 1518; x_wconf 76' lang='grc' dir='ltr'>ἀτειχίστοις</span> <span class='ocrx_word' id='word_1_198' title='bbox 2622 1448 3080 1519; x_wconf 86' lang='grc' dir='ltr'>διεσκεδασμένα.</span> <span class='ocrx_word' id='word_1_199' title='bbox 3137 1450 3251 1512; x_wconf 80' lang='grc' dir='ltr'><strong>Τὰς</strong></span> <span class='ocrx_word' id='word_1_200' title='bbox 3318 1450 3422 1522; x_wconf 79' lang='grc' dir='ltr'><strong>γάρ</strong></span> <span class='ocrx_word' id='word_1_201' title='bbox 3485 1451 3642 1512; x_wconf 81' lang='grc' dir='ltr'>πόλεις</span> <span class='ocrx_word' id='word_1_202' title='bbox 3677 1444 3732 1503; x_wconf 75' lang='grc' dir='ltr'><strong>ὢν</strong></span> 
     </span>
    </p>
   </div>
   <div class='ocr_carea' id='block_1_30' title="bbox 2233 1534 3732 1612">
    <p class='ocr_par' dir='ltr' id='par_1_30' title="bbox 2233 1534 3732 1612">
     <span class='ocr_line' id='line_1_30' title="bbox 2233 1534 3732 1612; baseline -0.003 -15"><span class='ocrx_word' id='word_1_203' title='bbox 2233 1534 2373 1609; x_wconf 81' lang='grc' dir='ltr'>ἦρχε</span> <span class='ocrx_word' id='word_1_204' title='bbox 2426 1539 2695 1609; x_wconf 78' lang='grc' dir='ltr'>πρότερον</span> <span class='ocrx_word' id='word_1_205' title='bbox 2722 1540 2830 1594; x_wconf 76' lang='grc' dir='ltr'><strong>ὑπὸ</strong></span> <span class='ocrx_word' id='word_1_206' title='bbox 2857 1541 2935 1610; x_wconf 83' lang='grc' dir='ltr'>τῷ</span> <span class='ocrx_word' id='word_1_207' title='bbox 2989 1541 3309 1612; x_wconf 75' lang='grc' dir='ltr'>Τριϐαλλῶν</span> <span class='ocrx_word' id='word_1_208' title='bbox 3356 1541 3561 1612; x_wconf 77' lang='grc' dir='ltr'>ἄρχοντι</span> <span class='ocrx_word' id='word_1_209' title='bbox 3603 1543 3732 1594; x_wconf 69' lang='grc' dir='ltr'>τελῶ-ι</span> 
     </span>
    </p>
   </div>
   <div class='ocr_carea' id='block_1_31' title="bbox 2237 1629 3734 1700">
    <p class='ocr_par' dir='ltr' id='par_1_31' title="bbox 2237 1629 3734 1700">
     <span class='ocr_line' id='line_1_31' title="bbox 2237 1629 3734 1700; baseline 0.004 -20"><span class='ocrx_word' id='word_1_210' title='bbox 2237 1629 2680 1696; x_wconf 77' lang='grc' dir='ltr'>παραδεδωκέναι</span> <span class='ocrx_word' id='word_1_211' title='bbox 2737 1630 2967 1700; x_wconf 83' lang='grc' dir='ltr'>βασιλεῖ,</span> <span class='ocrx_word' id='word_1_212' title='bbox 3004 1632 3080 1695; x_wconf 82' lang='grc' dir='ltr'>ὡς</span> <span class='ocrx_word' id='word_1_213' title='bbox 3138 1633 3237 1687; x_wconf 79' lang='grc' dir='ltr'>καὶ</span> <span class='ocrx_word' id='word_1_214' title='bbox 3297 1633 3455 1696; x_wconf 76' lang='grc' dir='ltr'>αὐτὸς</span> <span class='ocrx_word' id='word_1_215' title='bbox 3484 1632 3581 1686; x_wconf 82' lang='grc' dir='ltr'><strong>τῶν</strong></span> <span class='ocrx_word' id='word_1_216' title='bbox 3603 1633 3734 1686; x_wconf 71' lang='grc' dir='ltr'>ἄλλων</span> 
     </span>
    </p>
   </div>
   <div class='ocr_carea' id='block_1_32' title="bbox 2241 1721 3735 1795">
    <p class='ocr_par' dir='ltr' id='par_1_32' title="bbox 2241 1721 3735 1795">
     <span class='ocr_line' id='line_1_32' title="bbox 2241 1721 3735 1795; baseline 0.001 -21"><span class='ocrx_word' id='word_1_217' title='bbox 2241 1721 2443 1792; x_wconf 78' lang='grc' dir='ltr'>μᾶλλον</span> <span class='ocrx_word' id='word_1_218' title='bbox 2472 1721 2717 1777; x_wconf 79' lang='grc' dir='ltr'>σύνοιδεν</span> <span class='ocrx_word' id='word_1_219' title='bbox 2739 1740 2754 1754; x_wconf 76' lang='grc' dir='ltr'><strong>ο</strong></span> <span class='ocrx_word' id='word_1_220' title='bbox 2783 1723 2948 1786; x_wconf 76' lang='grc' dir='ltr'>αὐτὸς</span> <span class='ocrx_word' id='word_1_221' title='bbox 2977 1723 3035 1776; x_wconf 78' lang='grc' dir='ltr'>δὲ</span> <span class='ocrx_word' id='word_1_222' title='bbox 3067 1724 3400 1793; x_wconf 77' lang='grc' dir='ltr'>,τὴνούσίαν</span> <span class='ocrx_word' id='word_1_223' title='bbox 3428 1727 3483 1779; x_wconf 83' lang='grc' dir='ltr'>ὲν</span> <span class='ocrx_word' id='word_1_224' title='bbox 3507 1725 3578 1795; x_wconf 82' lang='grc' dir='ltr'><strong>τῷ</strong></span> <span class='ocrx_word' id='word_1_225' title='bbox 3603 1725 3735 1777; x_wconf 78' lang='grc' dir='ltr'>Μελε-</span> 
     </span>
    </p>
   </div>
   <div class='ocr_carea' id='block_1_33' title="bbox 559 1794 2139 1886">
    <p class='ocr_par' dir='ltr' id='par_1_33' title="bbox 559 1794 2139 1886">
     <span class='ocr_line' id='line_1_33' title="bbox 559 1794 2139 1886; baseline 0.005 -23"><span class='ocrx_word' id='word_1_226' title='bbox 559 1810 725 1864; x_wconf 88' lang='lat' dir='ltr'><strong>donia</strong></span> <span class='ocrx_word' id='word_1_227' title='bbox 756 1813 972 1872; x_wconf 70' lang='lat' dir='ltr'><strong>reverti,</strong></span> <span class='ocrx_word' id='word_1_228' title='bbox 991 1813 1132 1866; x_wconf 86' lang='lat' dir='ltr'><strong>haud</strong></span> <span class='ocrx_word' id='word_1_229' title='bbox 1167 1814 1272 1867; x_wconf 85' lang='lat' dir='ltr'><strong>sibi</strong></span> <span class='ocrx_word' id='word_1_230' title='bbox 1303 1814 1587 1879; x_wconf 87' lang='lat' dir='ltr'><strong>decorum,</strong></span> <span class='ocrx_word' id='word_1_231' title='bbox 1619 1825 1673 1870; x_wconf 90' lang='lat' dir='ltr'><strong>et</strong></span> <span class='ocrx_word' id='word_1_232' title='bbox 1699 1832 1926 1886; x_wconf 77' lang='lat' dir='ltr'><strong>pergere</strong></span> <span class='ocrx_word' id='word_1_233' title='bbox 1963 1794 2139 1886; x_wconf 39' lang='lat' dir='ltr'><strong>porro&#39;</strong></span> 
     </span>
    </p>
   </div>
   <div class='ocr_carea' id='block_1_34' title="bbox 2245 1794 3737 1886">
    <p class='ocr_par' dir='ltr' id='par_1_34' title="bbox 2245 1794 3737 1885">
     <span class='ocr_line' id='line_1_34' title="bbox 2245 1794 3737 1885; baseline 0.002 -20"><span class='ocrx_word' id='word_1_234' title='bbox 2245 1815 2386 1867; x_wconf 76' lang='grc' dir='ltr'>νίκου</span> <span class='ocrx_word' id='word_1_235' title='bbox 2452 1815 2773 1885; x_wconf 65' lang='grc' dir='ltr'>προαστείιρ</span> <span class='ocrx_word' id='word_1_236' title='bbox 2828 1817 3014 1869; x_wconf 81' lang='grc' dir='ltr'>πᾶσαν</span> <span class='ocrx_word' id='word_1_237' title='bbox 3075 1815 3246 1884; x_wconf 76' lang='grc' dir='ltr'>ἔχειν.</span> <span class='ocrx_word' id='word_1_238' title='bbox 3299 1815 3378 1869; x_wconf 86' lang='grc' dir='ltr'><strong>Δι’</strong></span> <span class='ocrx_word' id='word_1_239' title='bbox 3424 1815 3458 1870; x_wconf 74' lang='grc' dir='ltr'>ἃ</span> <span class='ocrx_word' id='word_1_240' title='bbox 3512 1794 3566 1868; x_wconf 79' lang='grc' dir='ltr'>ού</span> <span class='ocrx_word' id='word_1_241' title='bbox 3617 1815 3737 1868; x_wconf 81' lang='grc' dir='ltr'>δύνα-</span> 
     </span>
    </p>
   </div>
   <div class='ocr_carea' id='block_1_35' title="bbox 560 1896 2136 1975">
    <p class='ocr_par' dir='ltr' id='par_1_35' title="bbox 560 1896 2136 1975">
     <span class='ocr_line' id='line_1_35' title="bbox 560 1896 2136 1975; baseline 0.005 -21"><span class='ocrx_word' id='word_1_242' title='bbox 560 1901 616 1954; x_wconf 91' lang='lat' dir='ltr'><strong>in</strong></span> <span class='ocrx_word' id='word_1_243' title='bbox 675 1903 1042 1968; x_wconf 87' lang='lat' dir='ltr'><strong>occidentem,</strong></span> <span class='ocrx_word' id='word_1_244' title='bbox 1069 1904 1280 1962; x_wconf 79' lang='lat' dir='ltr'><strong>Chrelae</strong></span> <span class='ocrx_word' id='word_1_245' title='bbox 1318 1922 1381 1959; x_wconf 87' lang='lat' dir='ltr'><strong>ac</strong></span> <span class='ocrx_word' id='word_1_246' title='bbox 1419 1896 1834 1975; x_wconf 84' lang='lat' dir='ltr'><strong>protostratoris</strong></span> <span class='ocrx_word' id='word_1_247' title='bbox 1870 1909 2136 1963; x_wconf 78' lang='lat' dir='ltr'><strong>societate</strong></span> 
     </span>
    </p>
   </div>
   <div class='ocr_carea' id='block_1_36' title="bbox 559 1993 2135 2071">
    <p class='ocr_par' dir='ltr' id='par_1_36' title="bbox 559 1993 2135 2071">
     <span class='ocr_line' id='line_1_36' title="bbox 559 1993 2135 2071; baseline 0.005 -25"><span class='ocrx_word' id='word_1_248' title='bbox 559 1993 906 2060; x_wconf 83' lang='lat' dir='ltr'><strong>destitutum,</strong></span> <span class='ocrx_word' id='word_1_249' title='bbox 948 2012 1138 2064; x_wconf 88' lang='lat' dir='ltr'><strong>parum</strong></span> <span class='ocrx_word' id='word_1_250' title='bbox 1172 1996 1493 2064; x_wconf 79' lang='lat' dir='ltr'><strong>frugiferum</strong></span> <span class='ocrx_word' id='word_1_251' title='bbox 1522 1999 1813 2054; x_wconf 85' lang='lat' dir='ltr'><strong>sentiebat.</strong></span> <span class='ocrx_word' id='word_1_252' title='bbox 1846 1998 2008 2071; x_wconf 67' lang='grc'><strong>473</strong></span> <span class='ocrx_word' id='word_1_253' title='bbox 2041 2000 2135 2054; x_wconf 84' lang='lat' dir='ltr'><strong>Li-</strong></span> 
     </span>
    </p>
   </div>
   <div class='ocr_carea' id='block_1_37' title="bbox 559 2083 2199 2154">
    <p class='ocr_par' dir='ltr' id='par_1_37' title="bbox 559 2083 2199 2154">
     <span class='ocr_line' id='line_1_37' title="bbox 559 2083 2199 2154; baseline 0.002 -16"><span class='ocrx_word' id='word_1_254' title='bbox 559 2083 682 2138; x_wconf 88' lang='lat' dir='ltr'><strong>buit</strong></span> <span class='ocrx_word' id='word_1_255' title='bbox 711 2084 880 2153; x_wconf 80' lang='lat' dir='ltr'><strong>igitur</strong></span> <span class='ocrx_word' id='word_1_256' title='bbox 902 2085 1158 2154; x_wconf 87' lang='lat' dir='ltr'><strong>experiri,</strong></span> <span class='ocrx_word' id='word_1_257' title='bbox 1188 2101 1319 2139; x_wconf 87' lang='lat' dir='ltr'><strong>num</strong></span> <span class='ocrx_word' id='word_1_258' title='bbox 1344 2085 1669 2142; x_wconf 84' lang='lat' dir='ltr'><strong>Melenicum</strong></span> <span class='ocrx_word' id='word_1_259' title='bbox 1697 2088 1766 2142; x_wconf 88' lang='lat' dir='ltr'><strong>ad</strong></span> <span class='ocrx_word' id='word_1_260' title='bbox 1797 2087 2134 2144; x_wconf 85' lang='lat' dir='ltr'><strong>deditionem</strong></span> <span class='ocrx_word' id='word_1_261' title='bbox 2190 2091 2199 2099; x_wconf 83' lang='lat'><strong>&#39;</strong></span> 
     </span>
    </p>
   </div>
   <div class='ocr_carea' id='block_1_38' title="bbox 453 2167 2132 2255">
    <p class='ocr_par' dir='ltr' id='par_1_38' title="bbox 453 2167 2132 2255">
     <span class='ocr_line' id='line_1_38' title="bbox 453 2167 2132 2255; baseline 0.007 -34"><span class='ocrx_word' id='word_1_262' title='bbox 453 2167 466 2174; x_wconf 87' lang='grc'><em>’</em></span> <span class='ocrx_word' id='word_1_263' title='bbox 560 2173 922 2228; x_wconf 79' lang='lat' dir='ltr'><strong>voluntariam</strong></span> <span class='ocrx_word' id='word_1_264' title='bbox 947 2183 1132 2244; x_wconf 90' lang='lat' dir='ltr'><strong>posset</strong></span> <span class='ocrx_word' id='word_1_265' title='bbox 1154 2175 1470 2255; x_wconf 73' lang='lat' dir='ltr'><strong>adducere;</strong></span> <span class='ocrx_word' id='word_1_266' title='bbox 1503 2193 1665 2246; x_wconf 87' lang='lat' dir='ltr'><strong>quam</strong></span> <span class='ocrx_word' id='word_1_267' title='bbox 1693 2179 1864 2232; x_wconf 90' lang='lat' dir='ltr'><strong>armis</strong></span> <span class='ocrx_word' id='word_1_268' title='bbox 1911 2190 2024 2232; x_wconf 92' lang='lat' dir='ltr'><strong>tum</strong></span> <span class='ocrx_word' id='word_1_269' title='bbox 2059 2179 2132 2233; x_wconf 88' lang='lat' dir='ltr'><strong>ob</strong></span> 
     </span>
    </p>
   </div>
   <div class='ocr_carea' id='block_1_39' title="bbox 559 2263 2136 2340">
    <p class='ocr_par' dir='ltr' id='par_1_39' title="bbox 559 2263 2136 2340">
     <span class='ocr_line' id='line_1_39' title="bbox 559 2263 2136 2340; baseline 0.004 -22"><span class='ocrx_word' id='word_1_270' title='bbox 559 2263 665 2318; x_wconf 89' lang='lat' dir='ltr'><strong>loci</strong></span> <span class='ocrx_word' id='word_1_271' title='bbox 684 2263 876 2326; x_wconf 84' lang='lat' dir='ltr'><strong>situm,</strong></span> <span class='ocrx_word' id='word_1_272' title='bbox 915 2274 1020 2317; x_wconf 86' lang='lat' dir='ltr'><strong>tum</strong></span> <span class='ocrx_word' id='word_1_273' title='bbox 1039 2266 1109 2318; x_wconf 88' lang='lat' dir='ltr'><strong>ob</strong></span> <span class='ocrx_word' id='word_1_274' title='bbox 1136 2267 1497 2322; x_wconf 87' lang='lat' dir='ltr'><strong>munitionem</strong></span> <span class='ocrx_word' id='word_1_275' title='bbox 1520 2268 1918 2324; x_wconf 84' lang='lat' dir='ltr'><strong>validissimam</strong></span> <span class='ocrx_word' id='word_1_276' title='bbox 1939 2284 2136 2340; x_wconf 74' lang='lat' dir='ltr'><strong>cogere</strong></span> 
     </span>
    </p>
   </div>
   <div class='ocr_carea' id='block_1_40' title="bbox 512 2355 2137 2426">
    <p class='ocr_par' dir='ltr' id='par_1_40' title="bbox 512 2355 2137 2426">
     <span class='ocr_line' id='line_1_40' title="bbox 512 2355 2137 2426; baseline 0.006 -20"><span class='ocrx_word' id='word_1_277' title='bbox 512 2393 520 2412; x_wconf 50' lang='grc' dir='ltr'>κ</span> <span class='ocrx_word' id='word_1_278' title='bbox 559 2355 848 2423; x_wconf 77' lang='lat' dir='ltr'><strong>nequibat.</strong></span> <span class='ocrx_word' id='word_1_279' title='bbox 875 2356 1062 2426; x_wconf 89' lang='lat' dir='ltr'><strong>Itaque</strong></span> <span class='ocrx_word' id='word_1_280' title='bbox 1087 2357 1447 2414; x_wconf 61' lang='lat' dir='ltr'><strong>‘clandestinis</strong></span> <span class='ocrx_word' id='word_1_281' title='bbox 1472 2360 1832 2416; x_wconf 86' lang='lat' dir='ltr'><strong>internuntiis</strong></span> <span class='ocrx_word' id='word_1_282' title='bbox 1850 2365 1976 2417; x_wconf 82' lang='lat' dir='ltr'><strong>eum</strong></span> <span class='ocrx_word' id='word_1_283' title='bbox 2000 2362 2137 2415; x_wconf 89' lang='lat' dir='ltr'><strong>ami-</strong></span> 
     </span>
    </p>
   </div>
   <div class='ocr_carea' id='block_1_41' title="bbox 558 2445 2136 2522">
    <p class='ocr_par' dir='ltr' id='par_1_41' title="bbox 558 2445 2136 2522">
     <span class='ocr_line' id='line_1_41' title="bbox 558 2445 2136 2522; baseline 0.004 -22"><span class='ocrx_word' id='word_1_284' title='bbox 558 2446 660 2511; x_wconf 81' lang='lat' dir='ltr'><strong>cis,</strong></span> <span class='ocrx_word' id='word_1_285' title='bbox 701 2462 839 2514; x_wconf 84' lang='lat' dir='ltr'><strong>quos</strong></span> <span class='ocrx_word' id='word_1_286' title='bbox 875 2445 950 2501; x_wconf 91' lang='lat' dir='ltr'><strong>ibi</strong></span> <span class='ocrx_word' id='word_1_287' title='bbox 992 2447 1248 2512; x_wconf 86' lang='lat' dir='ltr'><strong>habebat,</strong></span> <span class='ocrx_word' id='word_1_288' title='bbox 1291 2452 1360 2503; x_wconf 90' lang='lat' dir='ltr'><strong>de</strong></span> <span class='ocrx_word' id='word_1_289' title='bbox 1391 2451 1704 2519; x_wconf 89' lang='lat' dir='ltr'><strong>proditione</strong></span> <span class='ocrx_word' id='word_1_290' title='bbox 1733 2453 1866 2522; x_wconf 83' lang='lat' dir='ltr'><strong>agit.</strong></span> <span class='ocrx_word' id='word_1_291' title='bbox 1894 2454 1964 2506; x_wconf 84' lang='lat' dir='ltr'><strong>At</strong></span> <span class='ocrx_word' id='word_1_292' title='bbox 1991 2452 2136 2506; x_wconf 85' lang='lat' dir='ltr'><strong>Phe-</strong></span> 
     </span>
    </p>
   </div>
   <div class='ocr_carea' id='block_1_42' title="bbox 559 2538 2136 2615">
    <p class='ocr_par' dir='ltr' id='par_1_42' title="bbox 559 2538 2136 2615">
     <span class='ocr_line' id='line_1_42' title="bbox 559 2538 2136 2615; baseline 0.005 -25"><span class='ocrx_word' id='word_1_293' title='bbox 559 2538 636 2591; x_wconf 90' lang='lat' dir='ltr'><strong>ris</strong></span> <span class='ocrx_word' id='word_1_294' title='bbox 665 2538 862 2607; x_wconf 77' lang='lat' dir='ltr'><strong>Syrges</strong></span> <span class='ocrx_word' id='word_1_295' title='bbox 898 2549 953 2596; x_wconf 92' lang='lat' dir='ltr'><strong>et</strong></span> <span class='ocrx_word' id='word_1_296' title='bbox 996 2542 1456 2612; x_wconf 87' lang='lat' dir='ltr'><strong>metropolitanus</strong></span> <span class='ocrx_word' id='word_1_297' title='bbox 1491 2544 1662 2609; x_wconf 89' lang='lat' dir='ltr'><strong>urbis,</strong></span> <span class='ocrx_word' id='word_1_298' title='bbox 1699 2546 1793 2614; x_wconf 91' lang='lat' dir='ltr'><strong>qui</strong></span> <span class='ocrx_word' id='word_1_299' title='bbox 1853 2545 2048 2615; x_wconf 67' lang='lat' dir='ltr'><strong>aequali</strong></span> <span class='ocrx_word' id='word_1_300' title='bbox 2077 2546 2136 2599; x_wconf 88' lang='lat' dir='ltr'><strong>in</strong></span> 
     </span>
    </p>
   </div>
   <div class='ocr_carea' id='block_1_43' title="bbox 557 2631 2139 2706">
    <p class='ocr_par' dir='ltr' id='par_1_43' title="bbox 557 2631 2139 2706">
     <span class='ocr_line' id='line_1_43' title="bbox 557 2631 2139 2706; baseline 0.005 -21"><span class='ocrx_word' id='word_1_301' title='bbox 557 2631 951 2699; x_wconf 80' lang='lat' dir='ltr'><strong>imperatorem</strong></span> <span class='ocrx_word' id='word_1_302' title='bbox 1000 2633 1246 2706; x_wconf 79' lang='lat' dir='ltr'><strong>fervebat</strong></span> <span class='ocrx_word' id='word_1_303' title='bbox 1283 2636 1432 2702; x_wconf 89' lang='lat' dir='ltr'><strong>odio,</strong></span> <span class='ocrx_word' id='word_1_304' title='bbox 1457 2645 1514 2692; x_wconf 89' lang='lat' dir='ltr'><strong>et</strong></span> <span class='ocrx_word' id='word_1_305' title='bbox 1545 2635 1934 2692; x_wconf 76' lang='lat' dir='ltr'><strong>Monomacltus</strong></span> <span class='ocrx_word' id='word_1_306' title='bbox 1967 2637 2139 2692; x_wconf 83' lang='lat' dir='ltr'><strong>Thes-</strong></span> 
     </span>
    </p>
   </div>
   <div class='ocr_carea' id='block_1_44' title="bbox 557 2722 2133 2796">
    <p class='ocr_par' dir='ltr' id='par_1_44' title="bbox 557 2722 2133 2796">
     <span class='ocr_line' id='line_1_44' title="bbox 557 2722 2133 2796; baseline 0.004 -22"><span class='ocrx_word' id='word_1_307' title='bbox 557 2722 708 2776; x_wconf 70' lang='lat' dir='ltr'><strong>salia:</strong></span> <span class='ocrx_word' id='word_1_308' title='bbox 738 2732 961 2791; x_wconf 66' lang='lat' dir='ltr'><strong>praetor,</strong></span> <span class='ocrx_word' id='word_1_309' title='bbox 991 2725 1084 2794; x_wconf 90' lang='lat' dir='ltr'><strong>qui</strong></span> <span class='ocrx_word' id='word_1_310' title='bbox 1117 2726 1184 2779; x_wconf 90' lang='lat' dir='ltr'><strong>ad</strong></span> <span class='ocrx_word' id='word_1_311' title='bbox 1217 2726 1424 2796; x_wconf 80' lang='lat' dir='ltr'><strong>Syrgen</strong></span> <span class='ocrx_word' id='word_1_312' title='bbox 1456 2739 1706 2792; x_wconf 81' lang='lat' dir='ltr'><strong>venerat,</strong></span> <span class='ocrx_word' id='word_1_313' title='bbox 1735 2729 1802 2783; x_wconf 88' lang='lat' dir='ltr'><strong>ad</strong></span> <span class='ocrx_word' id='word_1_314' title='bbox 1827 2729 2133 2783; x_wconf 85' lang='lat' dir='ltr'><strong>exercitum</strong></span> 
     </span>
    </p>
   </div>
   <div class='ocr_carea' id='block_1_45' title="bbox 559 2815 2133 2892">
    <p class='ocr_par' dir='ltr' id='par_1_45' title="bbox 559 2815 2133 2892">
     <span class='ocr_line' id='line_1_45' title="bbox 559 2815 2133 2892; baseline 0.003 -24"><span class='ocrx_word' id='word_1_315' title='bbox 559 2815 938 2882; x_wconf 78' lang='lat' dir='ltr'><strong>exploratores</strong></span> <span class='ocrx_word' id='word_1_316' title='bbox 985 2819 1246 2885; x_wconf 86' lang='lat' dir='ltr'><strong>mittunt,</strong></span> <span class='ocrx_word' id='word_1_317' title='bbox 1290 2835 1388 2888; x_wconf 89' lang='lat' dir='ltr'><strong>per</strong></span> <span class='ocrx_word' id='word_1_318' title='bbox 1425 2836 1564 2889; x_wconf 91' lang='lat' dir='ltr'><strong>quos</strong></span> <span class='ocrx_word' id='word_1_319' title='bbox 1593 2829 1650 2875; x_wconf 87' lang='lat' dir='ltr'><strong>et</strong></span> <span class='ocrx_word' id='word_1_320' title='bbox 1678 2834 1917 2892; x_wconf 89' lang='lat' dir='ltr'><strong>quantus</strong></span> <span class='ocrx_word' id='word_1_321' title='bbox 1950 2827 2133 2884; x_wconf 84' lang='lat' dir='ltr'><strong>esset,</strong></span> 
     </span>
    </p>
   </div>
   <div class='ocr_carea' id='block_1_46' title="bbox 558 2908 2134 2983">
    <p class='ocr_par' dir='ltr' id='par_1_46' title="bbox 558 2908 2134 2983">
     <span class='ocr_line' id='line_1_46' title="bbox 558 2908 2134 2983; baseline 0.004 -24"><span class='ocrx_word' id='word_1_322' title='bbox 558 2916 615 2960; x_wconf 90' lang='lat' dir='ltr'><strong>et</strong></span> <span class='ocrx_word' id='word_1_323' title='bbox 646 2908 778 2976; x_wconf 89' lang='lat' dir='ltr'><strong>quid</strong></span> <span class='ocrx_word' id='word_1_324' title='bbox 819 2910 1094 2977; x_wconf 84' lang='lat' dir='ltr'><strong>actitaret,</strong></span> <span class='ocrx_word' id='word_1_325' title='bbox 1138 2912 1440 2967; x_wconf 89' lang='lat' dir='ltr'><strong>discerent.</strong></span> <span class='ocrx_word' id='word_1_326' title='bbox 1473 2914 1622 2979; x_wconf 84' lang='lat' dir='ltr'><strong>Quos</strong></span> <span class='ocrx_word' id='word_1_327' title='bbox 1651 2914 1740 2969; x_wconf 89' lang='lat' dir='ltr'><strong>ille</strong></span> <span class='ocrx_word' id='word_1_328' title='bbox 1775 2922 1986 2983; x_wconf 89' lang='lat' dir='ltr'><strong>captos,</strong></span> <span class='ocrx_word' id='word_1_329' title='bbox 2024 2915 2134 2966; x_wconf 72' lang='grc' dir='ltr'><strong>(σὴ-ο</strong></span> 
     </span>
    </p>
   </div>
   <div class='ocr_carea' id='block_1_47' title="bbox 560 3001 2136 3075">
    <p class='ocr_par' dir='ltr' id='par_1_47' title="bbox 560 3001 2136 3075">
     <span class='ocr_line' id='line_1_47' title="bbox 560 3001 2136 3075; baseline 0.005 -23"><span class='ocrx_word' id='word_1_330' title='bbox 560 3014 685 3052; x_wconf 89' lang='lat' dir='ltr'><strong>cum</strong></span> <span class='ocrx_word' id='word_1_331' title='bbox 731 3001 1035 3058; x_wconf 84' lang='lat' dir='ltr'><strong>exercitum</strong></span> <span class='ocrx_word' id='word_1_332' title='bbox 1064 3003 1306 3065; x_wconf 35' lang='lat' dir='ltr'><strong>duci,&#39;et</strong></span> <span class='ocrx_word' id='word_1_333' title='bbox 1337 3020 1520 3060; x_wconf 88' lang='lat' dir='ltr'><strong>moras</strong></span> <span class='ocrx_word' id='word_1_334' title='bbox 1547 3006 1615 3060; x_wconf 91' lang='lat' dir='ltr'><strong>ad</strong></span> <span class='ocrx_word' id='word_1_335' title='bbox 1651 3007 2136 3075; x_wconf 78' lang='lat' dir='ltr'><strong>centemplandum</strong></span> 
     </span>
    </p>
   </div>
   <div class='ocr_carea' id='block_1_48' title="bbox 560 3088 2136 3165">
    <p class='ocr_par' dir='ltr' id='par_1_48' title="bbox 560 3088 2136 3165">
     <span class='ocr_line' id='line_1_48' title="bbox 560 3088 2136 3165; baseline 0.005 -23"><span class='ocrx_word' id='word_1_336' title='bbox 560 3088 678 3144; x_wconf 83' lang='lat' dir='ltr'><strong>dari</strong></span> <span class='ocrx_word' id='word_1_337' title='bbox 704 3091 1136 3161; x_wconf 84' lang='lat' dir='ltr'><strong>jussit;_litteras</strong></span> <span class='ocrx_word' id='word_1_338' title='bbox 1164 3094 1392 3162; x_wconf 88' lang='lat' dir='ltr'><strong>insuper</strong></span> <span class='ocrx_word' id='word_1_339' title='bbox 1421 3095 1664 3160; x_wconf 83' lang='lat' dir='ltr'><strong>tradidit,</strong></span> <span class='ocrx_word' id='word_1_340' title='bbox 1688 3111 1825 3165; x_wconf 86' lang='lat' dir='ltr'><strong>quas</strong></span> <span class='ocrx_word' id='word_1_341' title='bbox 1844 3096 1911 3150; x_wconf 89' lang='lat' dir='ltr'><strong>iis</strong></span> <span class='ocrx_word' id='word_1_342' title='bbox 1938 3095 2136 3150; x_wconf 83' lang='lat' dir='ltr'><strong>redde-</strong></span> 
     </span>
    </p>
   </div>
   <div class='ocr_carea' id='block_1_49' title="bbox 562 3185 2140 3257">
    <p class='ocr_par' dir='ltr' id='par_1_49' title="bbox 562 3185 2140 3257">
     <span class='ocr_line' id='line_1_49' title="bbox 562 3185 2140 3257; baseline 0.004 -24"><span class='ocrx_word' id='word_1_343' title='bbox 562 3189 706 3245; x_wconf 90' lang='lat' dir='ltr'><strong>rent,</strong></span> <span class='ocrx_word' id='word_1_344' title='bbox 729 3197 964 3253; x_wconf 68' lang='lat' dir='ltr'><strong>quorum</strong></span> <span class='ocrx_word' id='word_1_345' title='bbox 994 3185 1164 3238; x_wconf 87' lang='lat' dir='ltr'><strong>missu</strong></span> <span class='ocrx_word' id='word_1_346' title='bbox 1183 3193 1473 3240; x_wconf 83' lang='lat' dir='ltr'><strong>venerant.</strong></span> <span class='ocrx_word' id='word_1_347' title='bbox 1489 3187 1592 3239; x_wconf 79' lang='lat' dir='ltr'><strong>His</strong></span> <span class='ocrx_word' id='word_1_348' title='bbox 1608 3186 1832 3253; x_wconf 88' lang='lat' dir='ltr'><strong>litteris,</strong></span> <span class='ocrx_word' id='word_1_349' title='bbox 1857 3201 2017 3256; x_wconf 89' lang='lat' dir='ltr'><strong>quam</strong></span> <span class='ocrx_word' id='word_1_350' title='bbox 2038 3187 2140 3257; x_wconf 80' lang='lat' dir='ltr'><strong>By-</strong></span> 
     </span>
    </p>
   </div>
   <div class='ocr_carea' id='block_1_50' title="bbox 561 3270 2140 3340">
    <p class='ocr_par' dir='ltr' id='par_1_50' title="bbox 561 3270 2140 3340">
     <span class='ocr_line' id='line_1_50' title="bbox 561 3270 2140 3340; baseline 0.004 -16"><span class='ocrx_word' id='word_1_351' title='bbox 561 3270 728 3324; x_wconf 77' lang='lat' dir='ltr'><strong>zantii</strong></span> <span class='ocrx_word' id='word_1_352' title='bbox 747 3271 913 3340; x_wconf 88' lang='lat' dir='ltr'><strong>impie</strong></span> <span class='ocrx_word' id='word_1_353' title='bbox 928 3282 985 3328; x_wconf 94' lang='lat' dir='ltr'><strong>et</strong></span> <span class='ocrx_word' id='word_1_354' title='bbox 1005 3273 1270 3328; x_wconf 89' lang='lat' dir='ltr'><strong>malevole</strong></span> <span class='ocrx_word' id='word_1_355' title='bbox 1285 3288 1468 3329; x_wconf 90' lang='lat' dir='ltr'><strong>secum</strong></span> <span class='ocrx_word' id='word_1_356' title='bbox 1483 3283 1632 3330; x_wconf 84' lang='lat' dir='ltr'><strong>esset</strong></span> <span class='ocrx_word' id='word_1_357' title='bbox 1647 3283 1851 3340; x_wconf 87' lang='lat' dir='ltr'><strong>actum,</strong></span> <span class='ocrx_word' id='word_1_358' title='bbox 1872 3291 2140 3331; x_wconf 83' lang='lat' dir='ltr'><strong>enarrans</strong></span> 
     </span>
    </p>
   </div>
   <div class='ocr_carea' id='block_1_51' title="bbox 563 3365 2134 3435">
    <p class='ocr_par' dir='ltr' id='par_1_51' title="bbox 563 3365 2134 3435">
     <span class='ocr_line' id='line_1_51' title="bbox 563 3365 2134 3435; baseline 0.001 -17"><span class='ocrx_word' id='word_1_359' title='bbox 563 3379 686 3420; x_wconf 83' lang='lat' dir='ltr'><strong>sese</strong></span> <span class='ocrx_word' id='word_1_360' title='bbox 710 3365 974 3419; x_wconf 86' lang='lat' dir='ltr'><strong>tuebatur</strong></span> <span class='ocrx_word' id='word_1_361' title='bbox 997 3382 1012 3419; x_wconf 90' lang='lat'>:</span> <span class='ocrx_word' id='word_1_362' title='bbox 1033 3380 1143 3420; x_wconf 84' lang='lat' dir='ltr'><strong>non</strong></span> <span class='ocrx_word' id='word_1_363' title='bbox 1162 3367 1458 3435; x_wconf 84' lang='lat' dir='ltr'><strong>imperator</strong></span> <span class='ocrx_word' id='word_1_364' title='bbox 1475 3369 1520 3422; x_wconf 78' lang='lat' dir='ltr'><strong>is</strong></span> <span class='ocrx_word' id='word_1_365' title='bbox 1541 3366 1731 3422; x_wconf 86' lang='lat' dir='ltr'><strong>liberis</strong></span> <span class='ocrx_word' id='word_1_366' title='bbox 1760 3368 2134 3431; x_wconf 86' lang='lat' dir='ltr'><strong>insidiantem,</strong></span> 
     </span>
    </p>
   </div>
   <div class='ocr_carea' id='block_1_52' title="bbox 545 3458 2141 3529">
    <p class='ocr_par' dir='ltr' id='par_1_52' title="bbox 545 3458 2141 3529">
     <span class='ocr_line' id='line_1_52' title="bbox 545 3458 2141 3529; baseline 0.003 -18"><span class='ocrx_word' id='word_1_367' title='bbox 545 3473 668 3513; x_wconf 51' lang='lat' dir='ltr'><strong>&#39;nec</strong></span> <span class='ocrx_word' id='word_1_368' title='bbox 700 3458 991 3527; x_wconf 88' lang='lat' dir='ltr'><strong>imperium</strong></span> <span class='ocrx_word' id='word_1_369' title='bbox 1016 3460 1522 3529; x_wconf 84' lang='lat' dir='ltr'><strong>concupiscentem,</strong></span> <span class='ocrx_word' id='word_1_370' title='bbox 1554 3461 1648 3516; x_wconf 87' lang='lat' dir='ltr'><strong>sed</strong></span> <span class='ocrx_word' id='word_1_371' title='bbox 1691 3462 2020 3516; x_wconf 83' lang='lat' dir='ltr'><strong>necessitate</strong></span> <span class='ocrx_word' id='word_1_372' title='bbox 2063 3461 2141 3515; x_wconf 88' lang='lat' dir='ltr'><strong>sic</strong></span> 
     </span>
    </p>
   </div>
   <div class='ocr_carea' id='block_1_53' title="bbox 567 3553 2142 3624">
    <p class='ocr_par' dir='ltr' id='par_1_53' title="bbox 567 3553 2142 3624">
     <span class='ocr_line' id='line_1_53' title="bbox 567 3553 2142 3624; baseline 0.001 -18"><span class='ocrx_word' id='word_1_373' title='bbox 567 3561 796 3622; x_wconf 71' lang='lat' dir='ltr'><strong>rgente</strong></span> <span class='ocrx_word' id='word_1_374' title='bbox 817 3561 872 3606; x_wconf 89' lang='lat' dir='ltr'><strong>et</strong></span> <span class='ocrx_word' id='word_1_375' title='bbox 897 3557 1010 3622; x_wconf 86' lang='lat' dir='ltr'><strong>spe&#39;</strong></span> <span class='ocrx_word' id='word_1_376' title='bbox 1022 3553 1208 3622; x_wconf 86' lang='lat' dir='ltr'><strong>potius</strong></span> <span class='ocrx_word' id='word_1_377' title='bbox 1236 3553 1364 3608; x_wconf 87' lang='lat' dir='ltr'><strong>belli</strong></span> <span class='ocrx_word' id='word_1_378' title='bbox 1385 3555 1750 3624; x_wconf 83' lang='lat' dir='ltr'><strong>componendi</strong></span> <span class='ocrx_word' id='word_1_379' title='bbox 1799 3557 2142 3610; x_wconf 83' lang='lat' dir='ltr'><strong>communia-</strong></span> 
     </span>
    </p>
   </div>
   <div class='ocr_carea' id='block_1_54' title="bbox 563 3645 2142 3717">
    <p class='ocr_par' dir='ltr' id='par_1_54' title="bbox 563 3645 2142 3717">
     <span class='ocr_line' id='line_1_54' title="bbox 563 3645 2142 3717; baseline 0.001 -19"><span class='ocrx_word' id='word_1_380' title='bbox 563 3660 674 3713; x_wconf 83' lang='lat' dir='ltr'><strong>que</strong></span> <span class='ocrx_word' id='word_1_381' title='bbox 690 3646 976 3700; x_wconf 81' lang='lat' dir='ltr'><strong>commoda</strong></span> <span class='ocrx_word' id='word_1_382' title='bbox 995 3645 1362 3715; x_wconf 74' lang='lat' dir='ltr'><strong>amplificandi</strong></span> <span class='ocrx_word' id='word_1_383' title='bbox 1381 3646 1448 3700; x_wconf 92' lang='lat' dir='ltr'><strong>ad</strong></span> <span class='ocrx_word' id='word_1_384' title='bbox 1473 3648 1588 3702; x_wconf 67' lang='lat' dir='ltr'><strong>hate</strong></span> <span class='ocrx_word' id='word_1_385' title='bbox 1604 3661 1935 3717; x_wconf 76' lang='lat' dir='ltr'><strong>aggressum.</strong></span> <span class='ocrx_word' id='word_1_386' title='bbox 1956 3646 2142 3700; x_wconf 86' lang='lat' dir='ltr'><strong>Adde-</strong></span> 
     </span>
    </p>
   </div>
   <div class='ocr_carea' id='block_1_55' title="bbox 565 3737 2155 3807">
    <p class='ocr_par' dir='ltr' id='par_1_55' title="bbox 565 3737 2155 3807">
     <span class='ocr_line' id='line_1_55' title="bbox 565 3737 2155 3807; baseline 0.001 -16"><span class='ocrx_word' id='word_1_387' title='bbox 565 3741 660 3791; x_wconf 84' lang='lat' dir='ltr'><strong>bat</strong></span> <span class='ocrx_word' id='word_1_388' title='bbox 709 3737 874 3792; x_wconf 87' lang='lat' dir='ltr'><strong>etiam</strong></span> <span class='ocrx_word' id='word_1_389' title='bbox 917 3737 1317 3806; x_wconf 86' lang='lat' dir='ltr'><strong>juramentum,</strong></span> <span class='ocrx_word' id='word_1_390' title='bbox 1366 3737 1506 3792; x_wconf 91' lang='lat' dir='ltr'><strong>nihil</strong></span> <span class='ocrx_word' id='word_1_391' title='bbox 1539 3754 1600 3793; x_wconf 89' lang='lat' dir='ltr'><strong>se</strong></span> <span class='ocrx_word' id='word_1_392' title='bbox 1629 3737 1942 3807; x_wconf 87' lang='lat' dir='ltr'><strong>decipiendi</strong></span> <span class='ocrx_word' id='word_1_393' title='bbox 1970 3754 2155 3793; x_wconf 75' lang='lat' dir='ltr'><strong>causa.</strong></span> 
     </span>
    </p>
   </div>
   <div class='ocr_carea' id='block_1_56' title="bbox 565 3827 2141 3898">
    <p class='ocr_par' dir='ltr' id='par_1_56' title="bbox 565 3827 2141 3898">
     <span class='ocr_line' id='line_1_56' title="bbox 565 3827 2141 3898; baseline 0.001 -15"><span class='ocrx_word' id='word_1_394' title='bbox 565 3829 791 3885; x_wconf 80' lang='lat' dir='ltr'><strong>dixisse.</strong></span> <span class='ocrx_word' id='word_1_395' title='bbox 832 3829 995 3884; x_wconf 86' lang='lat' dir='ltr'><strong>Lecta</strong></span> <span class='ocrx_word' id='word_1_396' title='bbox 1031 3827 1260 3898; x_wconf 88' lang='lat' dir='ltr'><strong>epistola</strong></span> <span class='ocrx_word' id='word_1_397' title='bbox 1303 3829 1379 3882; x_wconf 92' lang='lat' dir='ltr'><strong>illi</strong></span> <span class='ocrx_word' id='word_1_398' title='bbox 1414 3829 1750 3892; x_wconf 78' lang='lat' dir='ltr'><strong>rescribam,</strong></span> <span class='ocrx_word' id='word_1_399' title='bbox 1779 3845 1889 3884; x_wconf 90' lang='lat' dir='ltr'><strong>non</strong></span> <span class='ocrx_word' id='word_1_400' title='bbox 1917 3829 2141 3884; x_wconf 88' lang='lat' dir='ltr'><strong>aliunde</strong></span> 
     </span>
    </p>
   </div>
   <div class='ocr_carea' id='block_1_57' title="bbox 566 3903 2142 3990">
    <p class='ocr_par' dir='ltr' id='par_1_57' title="bbox 566 3903 2142 3990">
     <span class='ocr_line' id='line_1_57' title="bbox 566 3903 2142 3990; baseline -0.001 -16"><span class='ocrx_word' id='word_1_401' title='bbox 566 3921 776 3990; x_wconf 71' lang='lat' dir='ltr'><strong>magis,</strong></span> <span class='ocrx_word' id='word_1_402' title='bbox 829 3936 992 3989; x_wconf 85' lang='lat' dir='ltr'><strong>quam</strong></span> <span class='ocrx_word' id='word_1_403' title='bbox 1047 3919 1194 3974; x_wconf 89' lang='lat' dir='ltr'><strong>unde</strong></span> <span class='ocrx_word' id='word_1_404' title='bbox 1234 3920 1282 3974; x_wconf 90' lang='lat' dir='ltr'><strong>is</strong></span> <span class='ocrx_word' id='word_1_405' title='bbox 1309 3920 1508 3974; x_wconf 89' lang='lat' dir='ltr'><strong>merito</strong></span> <span class='ocrx_word' id='word_1_406' title='bbox 1534 3919 1640 3975; x_wconf 87' lang='lat' dir='ltr'><strong>sibi</strong></span> <span class='ocrx_word' id='word_1_407' title='bbox 1675 3903 2012 3976; x_wconf 46' lang='lat' dir='ltr'><strong>crede-udum</strong></span> <span class='ocrx_word' id='word_1_408' title='bbox 2041 3930 2142 3988; x_wconf 88' lang='lat' dir='ltr'><strong>pu-</strong></span> 
     </span>
    </p>
   </div>
   <div class='ocr_carea' id='block_1_58' title="bbox 566 4012 2142 4086">
    <p class='ocr_par' dir='ltr' id='par_1_58' title="bbox 566 4012 2142 4086">
     <span class='ocr_line' id='line_1_58' title="bbox 566 4012 2142 4086; baseline -0.003 -16"><span class='ocrx_word' id='word_1_409' title='bbox 566 4025 667 4080; x_wconf 85' lang='lat' dir='ltr'><strong>tet,</strong></span> <span class='ocrx_word' id='word_1_410' title='bbox 719 4016 1205 4086; x_wconf 87' lang='lat' dir='ltr'><strong>ob-juramentum</strong></span> <span class='ocrx_word' id='word_1_411' title='bbox 1246 4013 1524 4068; x_wconf 74' lang='lat' dir='ltr'><strong>videlicet</strong></span> <span class='ocrx_word' id='word_1_412' title='bbox 1549 4029 1608 4068; x_wconf 76' lang='lat' dir='ltr'><strong>se</strong></span> <span class='ocrx_word' id='word_1_413' title='bbox 1637 4013 1970 4084; x_wconf 82' lang='lat' dir='ltr'><strong>conjectare,</strong></span> <span class='ocrx_word' id='word_1_414' title='bbox 2006 4012 2142 4068; x_wconf 77' lang='lat' dir='ltr'><strong>falsa</strong></span> 
     </span>
    </p>
   </div>
   <div class='ocr_carea' id='block_1_59' title="bbox 566 4105 2143 4176">
    <p class='ocr_par' dir='ltr' id='par_1_59' title="bbox 566 4105 2143 4176">
     <span class='ocr_line' id='line_1_59' title="bbox 566 4105 2143 4176; baseline -0.003 -14"><span class='ocrx_word' id='word_1_415' title='bbox 566 4121 688 4162; x_wconf 85' lang='lat' dir='ltr'><strong>esse</strong></span> <span class='ocrx_word' id='word_1_416' title='bbox 709 4122 832 4176; x_wconf 68' lang='lat' dir='ltr'><strong>qua:</strong></span> <span class='ocrx_word' id='word_1_417' title='bbox 845 4106 1066 4161; x_wconf 80' lang='lat' dir='ltr'><strong>dixerit.</strong></span> <span class='ocrx_word' id='word_1_418' title='bbox 1095 4105 1570 4172; x_wconf 81' lang='lat' dir='ltr'><strong>Quemadmodum</strong></span> <span class='ocrx_word' id='word_1_419' title='bbox 1588 4106 1736 4160; x_wconf 89' lang='lat' dir='ltr'><strong>enim</strong></span> <span class='ocrx_word' id='word_1_420' title='bbox 1761 4113 1946 4169; x_wconf 84' lang='lat' dir='ltr'><strong>antea,</strong></span> <span class='ocrx_word' id='word_1_421' title='bbox 1962 4120 2143 4175; x_wconf 89' lang='lat' dir='ltr'><strong>quan-</strong></span> 
     </span>
    </p>
   </div>
   <div class='ocr_carea' id='block_1_60' title="bbox 565 4195 2141 4266">
    <p class='ocr_par' dir='ltr' id='par_1_60' title="bbox 565 4195 2141 4266">
     <span class='ocr_line' id='line_1_60' title="bbox 565 4195 2141 4266; baseline -0.003 -12"><span class='ocrx_word' id='word_1_422' title='bbox 565 4200 639 4254; x_wconf 90' lang='lat' dir='ltr'><strong>do</strong></span> <span class='ocrx_word' id='word_1_423' title='bbox 690 4201 745 4253; x_wconf 91' lang='lat' dir='ltr'><strong>in</strong></span> <span class='ocrx_word' id='word_1_424' title='bbox 791 4203 942 4254; x_wconf 82' lang='lat' dir='ltr'><strong>veste</strong></span> <span class='ocrx_word' id='word_1_425' title='bbox 991 4199 1200 4266; x_wconf 85' lang='lat' dir='ltr'><strong>privata</strong></span> <span class='ocrx_word' id='word_1_426' title='bbox 1235 4199 1534 4251; x_wconf 82' lang='lat' dir='ltr'><strong>Romanam</strong></span> <span class='ocrx_word' id='word_1_427' title='bbox 1572 4211 1686 4250; x_wconf 86' lang='lat' dir='ltr'><strong>rem</strong></span> <span class='ocrx_word' id='word_1_428' title='bbox 1719 4195 2141 4260; x_wconf 87' lang='lat' dir='ltr'><strong>administrarit,</strong></span> 
     </span>
    </p>
   </div>
   <div class='ocr_carea' id='block_1_61' title="bbox 562 4285 2138 4358">
    <p class='ocr_par' dir='ltr' id='par_1_61' title="bbox 562 4285 2138 4358">
     <span class='ocr_line' id='line_1_61' title="bbox 562 4285 2138 4358; baseline -0.001 -16"><span class='ocrx_word' id='word_1_429' title='bbox 562 4287 892 4358; x_wconf 69' lang='lat' dir='ltr'><strong>iuramentis</strong></span> <span class='ocrx_word' id='word_1_430' title='bbox 941 4285 1008 4340; x_wconf 87' lang='lat' dir='ltr'><strong>ad</strong></span> <span class='ocrx_word' id='word_1_431' title='bbox 1061 4285 1490 4339; x_wconf 85' lang='lat' dir='ltr'><strong>asseverandum</strong></span> <span class='ocrx_word' id='word_1_432' title='bbox 1532 4299 1642 4338; x_wconf 90' lang='lat' dir='ltr'><strong>non</strong></span> <span class='ocrx_word' id='word_1_433' title='bbox 1690 4285 2009 4354; x_wconf 70' lang='lat' dir='ltr'><strong>indig’uerit,</strong></span> <span class='ocrx_word' id='word_1_434' title='bbox 2044 4285 2138 4341; x_wconf 88' lang='lat' dir='ltr'><strong>sed</strong></span> 
     </span>
    </p>
   </div>
   <div class='ocr_carea' id='block_1_62' title="bbox 567 4376 2140 4447">
    <p class='ocr_par' dir='ltr' id='par_1_62' title="bbox 567 4376 2140 4447">
     <span class='ocr_line' id='line_1_62' title="bbox 567 4376 2140 4447; baseline -0.002 -12"><span class='ocrx_word' id='word_1_435' title='bbox 567 4389 782 4435; x_wconf 85' lang='lat' dir='ltr'><strong>tantum</strong></span> <span class='ocrx_word' id='word_1_436' title='bbox 830 4378 1018 4434; x_wconf 88' lang='lat' dir='ltr'><strong>dicere</strong></span> <span class='ocrx_word' id='word_1_437' title='bbox 1052 4376 1356 4440; x_wconf 78' lang='lat' dir='ltr'><strong>suﬂ‘ecerit,</strong></span> <span class='ocrx_word' id='word_1_438' title='bbox 1397 4387 1452 4430; x_wconf 92' lang='lat' dir='ltr'><strong>et</strong></span> <span class='ocrx_word' id='word_1_439' title='bbox 1495 4377 1791 4445; x_wconf 80' lang='lat' dir='ltr'><strong>ejusdicta</strong></span> <span class='ocrx_word' id='word_1_440' title='bbox 1821 4377 1972 4432; x_wconf 89' lang='lat' dir='ltr'><strong>omni</strong></span> <span class='ocrx_word' id='word_1_441' title='bbox 2013 4392 2140 4447; x_wconf 82' lang='lat' dir='ltr'><strong>pro-</strong></span> 
     </span>
    </p>
   </div>
   <div class='ocr_carea' id='block_1_63' title="bbox 2165 3139 2211 3198">
    <p class='ocr_par' dir='ltr' id='par_1_63' title="bbox 2165 3139 2211 3198">
     <span class='ocr_line' id='line_1_63' title="bbox 2165 3139 2211 3198; baseline 0 0"><span class='ocrx_word' id='word_1_442' title='bbox 2165 3139 2211 3198; x_wconf 79' lang='grc' dir='ltr'><strong>ο</strong></span> 
     </span>
    </p>
   </div>
   <div class='ocr_carea' id='block_1_64' title="bbox 2243 1904 3739 1976">
    <p class='ocr_par' dir='ltr' id='par_1_64' title="bbox 2243 1904 3739 1976">
     <span class='ocr_line' id='line_1_64' title="bbox 2243 1904 3739 1976; baseline 0.001 -20"><span class='ocrx_word' id='word_1_443' title='bbox 2243 1904 2367 1957; x_wconf 83' lang='grc' dir='ltr'>σθαι</span> <span class='ocrx_word' id='word_1_444' title='bbox 2392 1905 2550 1974; x_wconf 74' lang='grc' dir='ltr'>ἥκειν</span> <span class='ocrx_word' id='word_1_445' title='bbox 2604 1905 2742 1976; x_wconf 79' lang='grc' dir='ltr'>πρὸς</span> <span class='ocrx_word' id='word_1_446' title='bbox 2799 1906 2990 1970; x_wconf 68' lang='grc' dir='ltr'>αύτδνς</span> <span class='ocrx_word' id='word_1_447' title='bbox 3018 1906 3067 1959; x_wconf 84' lang='grc' dir='ltr'><strong>εί</strong></span> <span class='ocrx_word' id='word_1_448' title='bbox 3101 1906 3176 1976; x_wconf 75' lang='grc' dir='ltr'>μὴ</span> <span class='ocrx_word' id='word_1_449' title='bbox 3207 1907 3504 1961; x_wconf 71' lang='grc' dir='ltr'>Μελινικον</span> <span class='ocrx_word' id='word_1_450' title='bbox 3528 1907 3739 1974; x_wconf 82' lang='grc' dir='ltr'>πρότερον</span> 
     </span>
    </p>
   </div>
   <div class='ocr_carea' id='block_1_65' title="bbox 2241 1996 3740 2068">
    <p class='ocr_par' dir='ltr' id='par_1_65' title="bbox 2241 1996 3740 2068">
     <span class='ocr_line' id='line_1_65' title="bbox 2241 1996 3740 2068; baseline -0.001 -18"><span class='ocrx_word' id='word_1_451' title='bbox 2241 1997 2658 2067; x_wconf 82' lang='grc' dir='ltr'>ύποποιήσαιτο.</span> <span class='ocrx_word' id='word_1_452' title='bbox 2693 1997 2852 2051; x_wconf 78' lang='grc' dir='ltr'>Οὕτω</span> <span class='ocrx_word' id='word_1_453' title='bbox 2875 1997 2982 2068; x_wconf 85' lang='grc' dir='ltr'>γὰρ</span> <span class='ocrx_word' id='word_1_454' title='bbox 3009 1999 3103 2052; x_wconf 75' lang='grc' dir='ltr'>καὶ</span> <span class='ocrx_word' id='word_1_455' title='bbox 3125 1998 3290 2051; x_wconf 79' lang='grc' dir='ltr'>αὐτὸν</span> <span class='ocrx_word' id='word_1_456' title='bbox 3336 1998 3651 2068; x_wconf 78' lang='grc' dir='ltr'>θαρσήσαντα</span> <span class='ocrx_word' id='word_1_457' title='bbox 3686 1996 3740 2058; x_wconf 81' lang='grc' dir='ltr'>ὡς</span> 
     </span>
    </p>
   </div>
   <div class='ocr_carea' id='block_1_66' title="bbox 2237 2088 3738 2160">
    <p class='ocr_par' dir='ltr' id='par_1_66' title="bbox 2237 2088 3738 2160">
     <span class='ocr_line' id='line_1_66' title="bbox 2237 2088 3738 2160; baseline -0.001 -18"><span class='ocrx_word' id='word_1_458' title='bbox 2237 2089 2391 2142; x_wconf 75' lang='grc' dir='ltr'>οὐδὲν</span> <span class='ocrx_word' id='word_1_459' title='bbox 2449 2089 2560 2142; x_wconf 85' lang='grc' dir='ltr'><strong>τῶν</strong></span> <span class='ocrx_word' id='word_1_460' title='bbox 2605 2089 2788 2144; x_wconf 60' lang='grc' dir='ltr'>ὀντων</span> <span class='ocrx_word' id='word_1_461' title='bbox 2840 2091 3052 2155; x_wconf 77' lang='grc' dir='ltr'>ἀπολεῖ,</span> <span class='ocrx_word' id='word_1_462' title='bbox 3106 2089 3432 2160; x_wconf 77' lang='grc' dir='ltr'>συνέψεσθαι</span> <span class='ocrx_word' id='word_1_463' title='bbox 3482 2088 3738 2157; x_wconf 83' lang='grc' dir='ltr'>προθύμως.</span> 
     </span>
    </p>
   </div>
   <div class='ocr_carea' id='block_1_67' title="bbox 2239 2177 3739 2252">
    <p class='ocr_par' dir='ltr' id='par_1_67' title="bbox 2239 2177 3739 2252">
     <span class='ocr_line' id='line_1_67' title="bbox 2239 2177 3739 2252; baseline 0 -19"><span class='ocrx_word' id='word_1_464' title='bbox 2239 2181 2460 2233; x_wconf 70' lang='grc' dir='ltr'>Βασιλεῖ</span> <span class='ocrx_word' id='word_1_465' title='bbox 2484 2182 2582 2250; x_wconf 82' lang='grc' dir='ltr'>μὲν</span> <span class='ocrx_word' id='word_1_466' title='bbox 2599 2177 2692 2235; x_wconf 84' lang='grc' dir='ltr'>οὖν</span> <span class='ocrx_word' id='word_1_467' title='bbox 2707 2181 2872 2243; x_wconf 80' lang='grc' dir='ltr'>εὐθὺς</span> <span class='ocrx_word' id='word_1_468' title='bbox 2894 2182 3263 2236; x_wconf 79' lang='grc' dir='ltr'>ἐδόκει-πάντα</span> <span class='ocrx_word' id='word_1_469' title='bbox 3287 2184 3480 2252; x_wconf 72' lang='grc' dir='ltr'>ἄπορα*</span> <span class='ocrx_word' id='word_1_470' title='bbox 3504 2181 3560 2233; x_wconf 85' lang='grc' dir='ltr'><strong>τό</strong></span> <span class='ocrx_word' id='word_1_471' title='bbox 3580 2196 3630 2233; x_wconf 77' lang='grc' dir='ltr'><strong>τε</strong></span> <span class='ocrx_word' id='word_1_472' title='bbox 3663 2178 3739 2246; x_wconf 64' lang='grc' dir='ltr'><strong>γὰρ</strong></span> 
     </span>
    </p>
   </div>
   <div class='ocr_carea' id='block_1_68' title="bbox 2239 2270 3742 2344">
    <p class='ocr_par' dir='ltr' id='par_1_68' title="bbox 2239 2270 3742 2344">
     <span class='ocr_line' id='line_1_68' title="bbox 2239 2270 3742 2344; baseline -0.002 -21"><span class='ocrx_word' id='word_1_473' title='bbox 2239 2272 2602 2340; x_wconf 81' lang='grc' dir='ltr'>ἀναστρέφειν</span> <span class='ocrx_word' id='word_1_474' title='bbox 2636 2274 2702 2326; x_wconf 71' lang='grc' dir='ltr'>ἑκ</span> <span class='ocrx_word' id='word_1_475' title='bbox 2735 2274 3100 2338; x_wconf 79' lang='grc' dir='ltr'>Μακεδονίας,</span> <span class='ocrx_word' id='word_1_476' title='bbox 3131 2274 3193 2327; x_wconf 76' lang='grc' dir='ltr'><strong>οὐ</strong></span> <span class='ocrx_word' id='word_1_477' title='bbox 3224 2273 3361 2344; x_wconf 67' lang='grc' dir='ltr'>πρὸς</span> <span class='ocrx_word' id='word_1_478' title='bbox 3403 2271 3555 2327; x_wconf 77' lang='grc' dir='ltr'>αύτοῦ</span> <span class='ocrx_word' id='word_1_479' title='bbox 3575 2270 3742 2324; x_wconf 71' lang='grc' dir='ltr'>ἔσεσθαι</span> 
     </span>
    </p>
   </div>
   <div class='ocr_carea' id='block_1_69' title="bbox 2239 2360 3742 2437">
    <p class='ocr_par' dir='ltr' id='par_1_69' title="bbox 2239 2360 3742 2437">
     <span class='ocr_line' id='line_1_69' title="bbox 2239 2360 3742 2437; baseline -0.003 -21"><span class='ocrx_word' id='word_1_480' title='bbox 2239 2365 2481 2434; x_wconf 78' lang='grc' dir='ltr'>ἐνόμιζε,</span> <span class='ocrx_word' id='word_1_481' title='bbox 2503 2367 2595 2418; x_wconf 60' lang='grc' dir='ltr'><strong>καί¹</strong></span> <span class='ocrx_word' id='word_1_482' title='bbox 2614 2365 2674 2417; x_wconf 87' lang='grc' dir='ltr'><strong>τὺ</strong></span> <span class='ocrx_word' id='word_1_483' title='bbox 2699 2367 2948 2437; x_wconf 82' lang='grc' dir='ltr'>προῖέναι</span> <span class='ocrx_word' id='word_1_484' title='bbox 2969 2367 3103 2436; x_wconf 82' lang='grc' dir='ltr'>πρὸς</span> <span class='ocrx_word' id='word_1_485' title='bbox 3119 2367 3362 2436; x_wconf 78' lang='grc' dir='ltr'>ἑσπέραν</span> <span class='ocrx_word' id='word_1_486' title='bbox 3376 2367 3472 2435; x_wconf 77' lang='grc' dir='ltr'>τὴν</span> <span class='ocrx_word' id='word_1_487' title='bbox 3487 2363 3663 2434; x_wconf 76' lang='grc' dir='ltr'>Χρέλη,</span> <span class='ocrx_word' id='word_1_488' title='bbox 3676 2360 3742 2413; x_wconf 72' lang='grc' dir='ltr'>καὶ</span> 
     </span>
    </p>
   </div>
   <div class='ocr_carea' id='block_1_70' title="bbox 2239 2451 3740 2527">
    <p class='ocr_par' dir='ltr' id='par_1_70' title="bbox 2239 2451 3740 2527">
     <span class='ocr_line' id='line_1_70' title="bbox 2239 2451 3740 2527; baseline -0.006 -17"><span class='ocrx_word' id='word_1_489' title='bbox 2239 2459 2569 2526; x_wconf 86' lang='grc' dir='ltr'>πρωτοστρά</span> <span class='ocrx_word' id='word_1_490' title='bbox 2578 2475 2724 2527; x_wconf 70' lang='lat' dir='ltr'><strong>copo;</strong></span> <span class='ocrx_word' id='word_1_491' title='bbox 2745 2457 3112 2510; x_wconf 84' lang='grc' dir='ltr'>καταλιπόντα</span> <span class='ocrx_word' id='word_1_492' title='bbox 3129 2474 3192 2510; x_wconf 89' lang='grc' dir='ltr'><strong>συ</strong></span> <span class='ocrx_word' id='word_1_493' title='bbox 3203 2475 3244 2527; x_wconf 90' lang='grc' dir='ltr'><strong>μ</strong></span> <span class='ocrx_word' id='word_1_494' title='bbox 3251 2458 3450 2526; x_wconf 85' lang='grc' dir='ltr'>μαχίαν</span> <span class='ocrx_word' id='word_1_495' title='bbox 3465 2455 3556 2507; x_wconf 80' lang='grc' dir='ltr'><strong>οὐκ</strong></span> <span class='ocrx_word' id='word_1_496' title='bbox 3573 2451 3740 2519; x_wconf 72' lang='grc' dir='ltr'>ἀγαθόν.</span> 
     </span>
    </p>
   </div>
   <div class='ocr_carea' id='block_1_71' title="bbox 2251 2541 3744 2615">
    <p class='ocr_par' dir='ltr' id='par_1_71' title="bbox 2251 2541 3744 2615">
     <span class='ocr_line' id='line_1_71' title="bbox 2251 2541 3744 2615; baseline -0.006 -14"><span class='ocrx_word' id='word_1_497' title='bbox 2251 2548 2458 2601; x_wconf 80' lang='grc' dir='ltr'>Ἐδόκει</span> <span class='ocrx_word' id='word_1_498' title='bbox 2503 2547 2560 2600; x_wconf 67' lang='grc' dir='ltr'>δὲ</span> <span class='ocrx_word' id='word_1_499' title='bbox 2605 2548 2807 2615; x_wconf 76' lang='grc' dir='ltr'>μᾶλλον</span> <span class='ocrx_word' id='word_1_500' title='bbox 2839 2548 3145 2601; x_wconf 84' lang='grc' dir='ltr'>Μελενίκου</span> <span class='ocrx_word' id='word_1_501' title='bbox 3176 2546 3482 2615; x_wconf 72' lang='grc' dir='ltr'>ἀποπειρᾷν</span> <span class='ocrx_word' id='word_1_502' title='bbox 3508 2545 3552 2596; x_wconf 85' lang='grc' dir='ltr'><strong>εί</strong></span> <span class='ocrx_word' id='word_1_503' title='bbox 3578 2541 3744 2595; x_wconf 79' lang='grc' dir='ltr'>δύναιτο</span> 
     </span>
    </p>
   </div>
   <div class='ocr_carea' id='block_1_72' title="bbox 2239 2629 3748 2710">
    <p class='ocr_par' dir='ltr' id='par_1_72' title="bbox 2239 2629 3748 2710">
     <span class='ocr_line' id='line_1_72' title="bbox 2239 2629 3748 2710; baseline -0.009 -16"><span class='ocrx_word' id='word_1_504' title='bbox 2239 2641 2613 2710; x_wconf 79' lang='grc' dir='ltr'>προσάγεσθαι</span> <span class='ocrx_word' id='word_1_505' title='bbox 2638 2640 2921 2710; x_wconf 77' lang='grc' dir='ltr'>ὁμολογίᾳ.</span> <span class='ocrx_word' id='word_1_506' title='bbox 2951 2631 3194 2703; x_wconf 65' lang='grc' dir='ltr'>Ὅπλοιξ</span> <span class='ocrx_word' id='word_1_507' title='bbox 3215 2639 3322 2708; x_wconf 78' lang='grc' dir='ltr'><strong>γάρ</strong></span> <span class='ocrx_word' id='word_1_508' title='bbox 3358 2634 3635 2706; x_wconf 66' lang='grc' dir='ltr'>βιάζεσθαι,</span> <span class='ocrx_word' id='word_1_509' title='bbox 3657 2629 3748 2684; x_wconf 80' lang='grc' dir='ltr'>ἁδύ-</span> 
     </span>
    </p>
   </div>
   <div class='ocr_carea' id='block_1_73' title="bbox 2239 2719 3747 2800">
    <p class='ocr_par' dir='ltr' id='par_1_73' title="bbox 2239 2719 3747 2800">
     <span class='ocr_line' id='line_1_73' title="bbox 2239 2719 3747 2800; baseline -0.008 -15"><span class='ocrx_word' id='word_1_510' title='bbox 2239 2749 2374 2786; x_wconf 90' lang='grc' dir='ltr'>νατα</span> <span class='ocrx_word' id='word_1_511' title='bbox 2408 2727 2498 2800; x_wconf 79' lang='grc' dir='ltr'>ἦν,</span> <span class='ocrx_word' id='word_1_512' title='bbox 2531 2731 2594 2784; x_wconf 76' lang='grc' dir='ltr'>ἐκ</span> <span class='ocrx_word' id='word_1_513' title='bbox 2629 2747 2688 2782; x_wconf 90' lang='grc' dir='ltr'><strong>τε</strong></span> <span class='ocrx_word' id='word_1_514' title='bbox 2727 2731 2933 2793; x_wconf 81' lang='grc' dir='ltr'>θέσεως</span> <span class='ocrx_word' id='word_1_515' title='bbox 2973 2729 3067 2783; x_wconf 83' lang='grc' dir='ltr'><strong>τοῦ</strong></span> <span class='ocrx_word' id='word_1_516' title='bbox 3097 2733 3294 2795; x_wconf 82' lang='grc' dir='ltr'>τόπου,</span> <span class='ocrx_word' id='word_1_517' title='bbox 3330 2730 3423 2782; x_wconf 77' lang='grc' dir='ltr'>καὶ</span> <span class='ocrx_word' id='word_1_518' title='bbox 3464 2719 3747 2788; x_wconf 80' lang='grc' dir='ltr'>κατασκευῆς</span> 
     </span>
    </p>
   </div>
   <div class='ocr_carea' id='block_1_74' title="bbox 2238 2810 3751 2892">
    <p class='ocr_par' dir='ltr' id='par_1_74' title="bbox 2238 2810 3751 2892">
     <span class='ocr_line' id='line_1_74' title="bbox 2238 2810 3751 2892; baseline -0.006 -21"><span class='ocrx_word' id='word_1_519' title='bbox 2238 2819 2340 2888; x_wconf 82' lang='grc' dir='ltr'>τῆς</span> <span class='ocrx_word' id='word_1_520' title='bbox 2373 2819 2582 2881; x_wconf 80' lang='grc' dir='ltr'>πόλεως</span> <span class='ocrx_word' id='word_1_521' title='bbox 2608 2818 2966 2887; x_wconf 75' lang='grc' dir='ltr'>ὀχυρωτάτης</span> <span class='ocrx_word' id='word_1_522' title='bbox 3005 2818 3194 2888; x_wconf 78' lang='grc' dir='ltr'>οὔσης.</span> <span class='ocrx_word' id='word_1_523' title='bbox 3238 2820 3353 2892; x_wconf 55' lang='grc' dir='ltr'>Καὶ.</span> <span class='ocrx_word' id='word_1_524' title='bbox 3375 2818 3599 2886; x_wconf 83' lang='grc' dir='ltr'>πέμψας,</span> <span class='ocrx_word' id='word_1_525' title='bbox 3623 2810 3751 2865; x_wconf 74' lang='grc' dir='ltr'>διελέ-</span> 
     </span>
    </p>
   </div>
   <div class='ocr_carea' id='block_1_75' title="bbox 2239 2897 3749 2982">
    <p class='ocr_par' dir='ltr' id='par_1_75' title="bbox 2239 2897 3749 2982">
     <span class='ocr_line' id='line_1_75' title="bbox 2239 2897 3749 2982; baseline -0.008 -20"><span class='ocrx_word' id='word_1_526' title='bbox 2239 2926 2367 2978; x_wconf 88' lang='grc' dir='ltr'>γετο</span> <span class='ocrx_word' id='word_1_527' title='bbox 2397 2908 2583 2982; x_wconf 68' lang='grc' dir='ltr'>κρύφα</span> <span class='ocrx_word' id='word_1_528' title='bbox 2606 2911 2720 2970; x_wconf 84' lang='grc' dir='ltr'>τοῖς</span> <span class='ocrx_word' id='word_1_529' title='bbox 2747 2904 2899 2961; x_wconf 83' lang='grc' dir='ltr'>οὖσιν</span> <span class='ocrx_word' id='word_1_530' title='bbox 2937 2908 3175 2962; x_wconf 72' lang='grc' dir='ltr'>ἐνταῦθα</span> <span class='ocrx_word' id='word_1_531' title='bbox 3207 2908 3386 2977; x_wconf 83' lang='grc' dir='ltr'>φίλοις</span> <span class='ocrx_word' id='word_1_532' title='bbox 3412 2906 3530 2976; x_wconf 81' lang='grc' dir='ltr'>περὶ</span> <span class='ocrx_word' id='word_1_533' title='bbox 3561 2897 3749 2970; x_wconf 78' lang='grc' dir='ltr'>παραδόο</span> 
     </span>
    </p>
   </div>
   <div class='ocr_carea' id='block_1_76' title="bbox 2241 2991 3750 3070">
    <p class='ocr_par' dir='ltr' id='par_1_76' title="bbox 2241 2991 3750 3070">
     <span class='ocr_line' id='line_1_76' title="bbox 2241 2991 3750 3070; baseline -0.008 -17"><span class='ocrx_word' id='word_1_534' title='bbox 2241 3017 2400 3062; x_wconf 89' lang='grc' dir='ltr'>σεως.</span> <span class='ocrx_word' id='word_1_535' title='bbox 2430 3000 2650 3068; x_wconf 75' lang='grc' dir='ltr'>Συργὴς</span> <span class='ocrx_word' id='word_1_536' title='bbox 2695 3001 2796 3068; x_wconf 83' lang='grc' dir='ltr'><strong>μέν</strong></span> <span class='ocrx_word' id='word_1_537' title='bbox 2823 3017 2905 3052; x_wconf 88' lang='grc' dir='ltr'><strong>τοι</strong></span> <span class='ocrx_word' id='word_1_538' title='bbox 2939 3002 3002 3054; x_wconf 83' lang='grc' dir='ltr'>ὲκ</span> <span class='ocrx_word' id='word_1_539' title='bbox 3049 3001 3242 3069; x_wconf 75' lang='grc' dir='ltr'>Φερῶν</span> <span class='ocrx_word' id='word_1_540' title='bbox 3277 3001 3395 3070; x_wconf 77' lang='grc' dir='ltr'>ἅμα</span> <span class='ocrx_word' id='word_1_541' title='bbox 3443 2991 3750 3068; x_wconf 73' lang='grc' dir='ltr'>μητροπολίτῃ</span> 
     </span>
    </p>
   </div>
   <div class='ocr_carea' id='block_1_77' title="bbox 2239 3081 3752 3163">
    <p class='ocr_par' dir='ltr' id='par_1_77' title="bbox 2239 3081 3752 3163">
     <span class='ocr_line' id='line_1_77' title="bbox 2239 3081 3752 3163; baseline -0.014 -9"><span class='ocrx_word' id='word_1_542' title='bbox 2239 3093 2340 3158; x_wconf 72' lang='grc' dir='ltr'>τῆς</span> <span class='ocrx_word' id='word_1_543' title='bbox 2369 3092 2540 3161; x_wconf 67' lang='grc' dir='ltr'>αὐτῆς</span> <span class='ocrx_word' id='word_1_544' title='bbox 2575 3091 2786 3155; x_wconf 86' lang='grc' dir='ltr'>πόλεως</span> <span class='ocrx_word' id='word_1_545' title='bbox 2811 3092 2912 3161; x_wconf 82' lang='grc' dir='ltr'>τὴν</span> <span class='ocrx_word' id='word_1_546' title='bbox 2939 3093 3062 3163; x_wconf 73' lang='grc' dir='ltr'>ἴσην</span> <span class='ocrx_word' id='word_1_547' title='bbox 3091 3091 3391 3162; x_wconf 76' lang='grc' dir='ltr'>ἀπέχθειαν</span> <span class='ocrx_word' id='word_1_548' title='bbox 3419 3089 3545 3160; x_wconf 74' lang='grc' dir='ltr'>πρὸς</span> <span class='ocrx_word' id='word_1_549' title='bbox 3577 3081 3752 3154; x_wconf 80' lang='grc' dir='ltr'>βασιλέα</span> 
     </span>
    </p>
   </div>
   <div class='ocr_carea' id='block_1_78' title="bbox 2243 3173 3754 3254">
    <p class='ocr_par' dir='ltr' id='par_1_78' title="bbox 2243 3173 3754 3254">
     <span class='ocr_line' id='line_1_78' title="bbox 2243 3173 3754 3254; baseline 0 -18"><span class='ocrx_word' id='word_1_550' title='bbox 2243 3183 2699 3254; x_wconf 67' lang='grc' dir='ltr'>ἐπιδεικνυμένῳ,</span> <span class='ocrx_word' id='word_1_551' title='bbox 2725 3183 2818 3237; x_wconf 78' lang='grc' dir='ltr'>καὶ</span> <span class='ocrx_word' id='word_1_552' title='bbox 2843 3183 3174 3252; x_wconf 77' lang='grc' dir='ltr'>Μονομάχῳ,</span> <span class='ocrx_word' id='word_1_553' title='bbox 3206 3183 3285 3253; x_wconf 83' lang='grc' dir='ltr'>τῷ</span> <span class='ocrx_word' id='word_1_554' title='bbox 3315 3183 3549 3252; x_wconf 74' lang='grc' dir='ltr'>ἐπάρχῳ·</span> <span class='ocrx_word' id='word_1_555' title='bbox 3569 3175 3656 3248; x_wconf 80' lang='grc' dir='ltr'>ἧκε</span> <span class='ocrx_word' id='word_1_556' title='bbox 3672 3173 3754 3242; x_wconf 72' lang='grc' dir='ltr'>γὰρ</span> 
     </span>
    </p>
   </div>
   <div class='ocr_carea' id='block_1_79' title="bbox 2242 3265 3753 3343">
    <p class='ocr_par' dir='ltr' id='par_1_79' title="bbox 2242 3265 3753 3343">
     <span class='ocr_line' id='line_1_79' title="bbox 2242 3265 3753 3343; baseline -0.005 -14"><span class='ocrx_word' id='word_1_557' title='bbox 2242 3279 2308 3329; x_wconf 83' lang='grc' dir='ltr'>ὲκ</span> <span class='ocrx_word' id='word_1_558' title='bbox 2340 3275 2641 3338; x_wconf 86' lang='grc' dir='ltr'>Θετταλίας</span> <span class='ocrx_word' id='word_1_559' title='bbox 2674 3276 2930 3338; x_wconf 80' lang='grc' dir='ltr'>κάκεῖνος</span> <span class='ocrx_word' id='word_1_560' title='bbox 2967 3274 3104 3343; x_wconf 69' lang='grc' dir='ltr'>πρὸς</span> <span class='ocrx_word' id='word_1_561' title='bbox 3151 3275 3342 3339; x_wconf 65' lang='grc' dir='ltr'>αὐτὸν,</span> <span class='ocrx_word' id='word_1_562' title='bbox 3395 3274 3672 3340; x_wconf 80' lang='grc' dir='ltr'>πέμπουσιν</span> <span class='ocrx_word' id='word_1_563' title='bbox 3693 3265 3753 3322; x_wconf 76' lang='grc' dir='ltr'>εἰς</span> 
     </span>
    </p>
   </div>
   <div class='ocr_carea' id='block_1_80' title="bbox 2240 3364 3754 3439">
    <p class='ocr_par' dir='ltr' id='par_1_80' title="bbox 2240 3364 3754 3439">
     <span class='ocr_line' id='line_1_80' title="bbox 2240 3364 3754 3439; baseline -0.007 -18"><span class='ocrx_word' id='word_1_564' title='bbox 2240 3369 2303 3422; x_wconf 80' lang='grc' dir='ltr'>τὸ</span> <span class='ocrx_word' id='word_1_565' title='bbox 2329 3368 2690 3439; x_wconf 86' lang='grc' dir='ltr'>στρατόπεδον</span> <span class='ocrx_word' id='word_1_566' title='bbox 2711 3367 3114 3432; x_wconf 84' lang='grc' dir='ltr'>κατασκόπους,</span> <span class='ocrx_word' id='word_1_567' title='bbox 3146 3367 3250 3438; x_wconf 84' lang='grc' dir='ltr'>τήν</span> <span class='ocrx_word' id='word_1_568' title='bbox 3274 3383 3335 3419; x_wconf 89' lang='grc' dir='ltr'><strong>τε</strong></span> <span class='ocrx_word' id='word_1_569' title='bbox 3357 3364 3602 3436; x_wconf 83' lang='grc' dir='ltr'>βασιλέως</span> <span class='ocrx_word' id='word_1_570' title='bbox 3627 3371 3754 3426; x_wconf 79' lang='grc' dir='ltr'>στρα-</span> 
     </span>
    </p>
   </div>
   <div class='ocr_carea' id='block_1_81' title="bbox 2242 3449 3753 3530">
    <p class='ocr_par' dir='ltr' id='par_1_81' title="bbox 2242 3449 3753 3530">
     <span class='ocr_line' id='line_1_81' title="bbox 2242 3449 3753 3530; baseline -0.007 -17"><span class='ocrx_word' id='word_1_571' title='bbox 2242 3461 2366 3515; x_wconf 83' lang='grc' dir='ltr'>τιὰν</span> <span class='ocrx_word' id='word_1_572' title='bbox 2401 3459 2875 3530; x_wconf 68' lang='grc' dir='ltr'>κατασκεψόμενοι</span> <span class='ocrx_word' id='word_1_573' title='bbox 2901 3460 3076 3529; x_wconf 82' lang='grc' dir='ltr'>ὁπόση</span> <span class='ocrx_word' id='word_1_574' title='bbox 3110 3460 3225 3530; x_wconf 79' lang='grc' dir='ltr'>εἴη,</span> <span class='ocrx_word' id='word_1_575' title='bbox 3256 3460 3354 3512; x_wconf 74' lang='grc' dir='ltr'>καὶ</span> <span class='ocrx_word' id='word_1_576' title='bbox 3385 3459 3413 3512; x_wconf 87' lang='grc' dir='ltr'><strong>δ</strong></span> <span class='ocrx_word' id='word_1_577' title='bbox 3455 3475 3503 3509; x_wconf 89' lang='grc' dir='ltr'><strong>τι</strong></span> <span class='ocrx_word' id='word_1_578' title='bbox 3527 3453 3658 3525; x_wconf 79' lang='grc' dir='ltr'>δρῴη</span> <span class='ocrx_word' id='word_1_579' title='bbox 3687 3449 3753 3502; x_wconf 80' lang='grc' dir='ltr'>θέ-</span> 
     </span>
    </p>
   </div>
   <div class='ocr_carea' id='block_1_82' title="bbox 2233 3541 3756 3620">
    <p class='ocr_par' dir='ltr' id='par_1_82' title="bbox 2233 3541 3756 3620">
     <span class='ocr_line' id='line_1_82' title="bbox 2233 3541 3756 3620; baseline -0.003 -19"><span class='ocrx_word' id='word_1_580' title='bbox 2233 3551 2428 3615; x_wconf 77' lang='grc' dir='ltr'>λοντες</span> <span class='ocrx_word' id='word_1_581' title='bbox 2477 3552 2693 3620; x_wconf 73' lang='grc' dir='ltr'>μαθετν.</span> <span class='ocrx_word' id='word_1_582' title='bbox 2738 3550 2892 3603; x_wconf 80' lang='grc' dir='ltr'>Ἐπεὶ</span> <span class='ocrx_word' id='word_1_583' title='bbox 2921 3551 2978 3604; x_wconf 79' lang='grc' dir='ltr'>δὲ</span> <span class='ocrx_word' id='word_1_584' title='bbox 3009 3551 3284 3616; x_wconf 74' lang='grc' dir='ltr'>ἑάλωσαν,</span> <span class='ocrx_word' id='word_1_585' title='bbox 3315 3551 3413 3619; x_wconf 82' lang='grc' dir='ltr'>τήν</span> <span class='ocrx_word' id='word_1_586' title='bbox 3456 3564 3512 3601; x_wconf 90' lang='grc' dir='ltr'><strong>τε</strong></span> <span class='ocrx_word' id='word_1_587' title='bbox 3549 3541 3756 3614; x_wconf 65' lang='grc' dir='ltr'>στρατιὰν</span> 
     </span>
    </p>
   </div>
   <div class='ocr_carea' id='block_1_83' title="bbox 2243 3628 3756 3712">
    <p class='ocr_par' dir='ltr' id='par_1_83' title="bbox 2243 3628 3756 3712">
     <span class='ocr_line' id='line_1_83' title="bbox 2243 3628 3756 3712; baseline -0.009 -18"><span class='ocrx_word' id='word_1_588' title='bbox 2243 3640 2464 3694; x_wconf 75' lang='grc' dir='ltr'>ἐκέλευε</span> <span class='ocrx_word' id='word_1_589' title='bbox 2491 3641 2853 3711; x_wconf 81' lang='grc' dir='ltr'>περιάγοντας</span> <span class='ocrx_word' id='word_1_590' title='bbox 2878 3640 3022 3694; x_wconf 78' lang='grc' dir='ltr'>κατὰ</span> <span class='ocrx_word' id='word_1_591' title='bbox 3046 3639 3256 3712; x_wconf 53' lang='grc' dir='ltr'>σχολὴ(</span> <span class='ocrx_word' id='word_1_592' title='bbox 3269 3639 3523 3710; x_wconf 80' lang='grc' dir='ltr'>παρέχειν</span> <span class='ocrx_word' id='word_1_593' title='bbox 3542 3628 3756 3688; x_wconf 51' lang='lat' dir='ltr'><strong>autem.</strong></span> 
     </span>
    </p>
   </div>
   <div class='ocr_carea' id='block_1_84' title="bbox 2245 3719 3759 3802">
    <p class='ocr_par' dir='ltr' id='par_1_84' title="bbox 2245 3719 3759 3802">
     <span class='ocr_line' id='line_1_84' title="bbox 2245 3719 3759 3802; baseline 0.003 -18"><span class='ocrx_word' id='word_1_594' title='bbox 2245 3733 2496 3798; x_wconf 85' lang='grc' dir='ltr'>πτεσθαι,</span> <span class='ocrx_word' id='word_1_595' title='bbox 2529 3733 2625 3785; x_wconf 77' lang='grc' dir='ltr'><strong>καὶ</strong></span> <span class='ocrx_word' id='word_1_596' title='bbox 2647 3735 2955 3802; x_wconf 81' lang='grc' dir='ltr'>γράμματα</span> <span class='ocrx_word' id='word_1_597' title='bbox 2982 3733 3119 3801; x_wconf 74' lang='grc' dir='ltr'>πρὸς</span> <span class='ocrx_word' id='word_1_598' title='bbox 3148 3732 3281 3795; x_wconf 76' lang='grc' dir='ltr'>τοὺς</span> <span class='ocrx_word' id='word_1_599' title='bbox 3310 3729 3614 3800; x_wconf 79' lang='grc' dir='ltr'>πέμψαντας</span> <span class='ocrx_word' id='word_1_600' title='bbox 3636 3719 3759 3789; x_wconf 69' lang='grc' dir='ltr'>παρέ·</span> 
     </span>
    </p>
   </div>
   <div class='ocr_carea' id='block_1_85' title="bbox 2245 3815 3759 3894">
    <p class='ocr_par' dir='ltr' id='par_1_85' title="bbox 2245 3815 3759 3894">
     <span class='ocr_line' id='line_1_85' title="bbox 2245 3815 3759 3894; baseline -0.007 -15"><span class='ocrx_word' id='word_1_601' title='bbox 2245 3840 2378 3893; x_wconf 82' lang='grc' dir='ltr'>χων,</span> <span class='ocrx_word' id='word_1_602' title='bbox 2411 3823 2662 3878; x_wconf 77' lang='grc' dir='ltr'>ἐκέλευεν</span> <span class='ocrx_word' id='word_1_603' title='bbox 2694 3824 3080 3894; x_wconf 81' lang='grc' dir='ltr'>ἀναστρέφειν,</span> <span class='ocrx_word' id='word_1_604' title='bbox 3111 3825 3172 3875; x_wconf 87' lang='grc' dir='ltr'>ὲν</span> <span class='ocrx_word' id='word_1_605' title='bbox 3205 3818 3290 3886; x_wconf 74' lang='grc' dir='ltr'>οἷς</span> <span class='ocrx_word' id='word_1_606' title='bbox 3325 3822 3454 3892; x_wconf 77' lang='grc' dir='ltr'>περὶ</span> <span class='ocrx_word' id='word_1_607' title='bbox 3483 3821 3580 3873; x_wconf 84' lang='grc' dir='ltr'><strong>τῶν</strong></span> <span class='ocrx_word' id='word_1_608' title='bbox 3608 3819 3656 3868; x_wconf 79' lang='grc' dir='ltr'>ὲν</span> <span class='ocrx_word' id='word_1_609' title='bbox 3682 3815 3759 3866; x_wconf 58' lang='lat' dir='ltr'><strong>BV</strong></span> 
     </span>
    </p>
   </div>
   <div class='ocr_carea' id='block_1_86' title="bbox 2245 3905 3758 3987">
    <p class='ocr_par' dir='ltr' id='par_1_86' title="bbox 2245 3905 3758 3987">
     <span class='ocr_line' id='line_1_86' title="bbox 2245 3905 3758 3987; baseline 0.003 -19"><span class='ocrx_word' id='word_1_610' title='bbox 2245 3914 2448 3987; x_wconf 76' lang='grc' dir='ltr'>ζαντίῳ</span> <span class='ocrx_word' id='word_1_611' title='bbox 2505 3916 2896 3985; x_wconf 78' lang='grc' dir='ltr'>γεγενημένων</span> <span class='ocrx_word' id='word_1_612' title='bbox 2944 3915 3021 3978; x_wconf 84' lang='grc' dir='ltr'>ὡς</span> <span class='ocrx_word' id='word_1_613' title='bbox 3069 3915 3246 3985; x_wconf 84' lang='grc' dir='ltr'>ἀδίκῳ</span> <span class='ocrx_word' id='word_1_614' title='bbox 3306 3919 3399 3967; x_wconf 82' lang='grc' dir='ltr'><strong>καὶ</strong></span> <span class='ocrx_word' id='word_1_615' title='bbox 3449 3905 3758 3978; x_wconf 68' lang='grc' dir='ltr'>συκοφανταῇ</span> 
     </span>
    </p>
   </div>
   <div class='ocr_carea' id='block_1_87' title="bbox 2246 3995 3760 4077">
    <p class='ocr_par' dir='ltr' id='par_1_87' title="bbox 2246 3995 3760 4077">
     <span class='ocr_line' id='line_1_87' title="bbox 2246 3995 3760 4077; baseline -0.017 -4"><span class='ocrx_word' id='word_1_616' title='bbox 2246 4006 2442 4077; x_wconf 77' lang='grc' dir='ltr'>γνώμῃ</span> <span class='ocrx_word' id='word_1_617' title='bbox 2498 4007 2774 4077; x_wconf 83' lang='grc' dir='ltr'>πραχθείη</span> <span class='ocrx_word' id='word_1_618' title='bbox 2845 4007 2966 4058; x_wconf 72' lang='grc' dir='ltr'>κατ’</span> <span class='ocrx_word' id='word_1_619' title='bbox 3027 4007 3198 4060; x_wconf 83' lang='grc' dir='ltr'><strong>αὑτοῦ</strong></span> <span class='ocrx_word' id='word_1_620' title='bbox 3259 4006 3471 4072; x_wconf 80' lang='grc' dir='ltr'>διεξιὼν</span> <span class='ocrx_word' id='word_1_621' title='bbox 3519 3995 3760 4063; x_wconf 76' lang='grc' dir='ltr'>ἀπολογίαν</span> 
     </span>
    </p>
   </div>
   <div class='ocr_carea' id='block_1_88' title="bbox 2245 4092 3762 4168">
    <p class='ocr_par' dir='ltr' id='par_1_88' title="bbox 2245 4092 3762 4168">
     <span class='ocr_line' id='line_1_88' title="bbox 2245 4092 3762 4168; baseline -0.011 -16"><span class='ocrx_word' id='word_1_622' title='bbox 2245 4101 2482 4152; x_wconf 78' lang='grc' dir='ltr'>ἐποιεῖτο</span> <span class='ocrx_word' id='word_1_623' title='bbox 2512 4099 2606 4152; x_wconf 78' lang='grc' dir='ltr'>καὶ</span> <span class='ocrx_word' id='word_1_624' title='bbox 2632 4098 2762 4168; x_wconf 70' lang='grc' dir='ltr'><strong>περὶ¹</strong></span> <span class='ocrx_word' id='word_1_625' title='bbox 2790 4096 3010 4160; x_wconf 74' lang='grc' dir='ltr'>ἑαυτοῦ,</span> <span class='ocrx_word' id='word_1_626' title='bbox 3044 4098 3120 4159; x_wconf 87' lang='grc' dir='ltr'><strong>ὡς</strong></span> <span class='ocrx_word' id='word_1_627' title='bbox 3153 4097 3219 4149; x_wconf 86' lang='grc' dir='ltr'>ού</span> <span class='ocrx_word' id='word_1_628' title='bbox 3255 4095 3519 4166; x_wconf 84' lang='grc' dir='ltr'>βασιλέως</span> <span class='ocrx_word' id='word_1_629' title='bbox 3545 4092 3643 4152; x_wconf 77' lang='grc' dir='ltr'>τοῖς</span> <span class='ocrx_word' id='word_1_630' title='bbox 3667 4099 3762 4138; x_wconf 74' lang='grc' dir='ltr'>παι·</span> 
     </span>
    </p>
   </div>
   <div class='ocr_carea' id='block_1_89' title="bbox 2245 4178 3764 4259">
    <p class='ocr_par' dir='ltr' id='par_1_89' title="bbox 2245 4178 3764 4259">
     <span class='ocr_line' id='line_1_89' title="bbox 2245 4178 3764 4259; baseline -0.007 -16"><span class='ocrx_word' id='word_1_631' title='bbox 2245 4192 2332 4243; x_wconf 81' lang='grc' dir='ltr'>σὶν</span> <span class='ocrx_word' id='word_1_632' title='bbox 2361 4189 2749 4255; x_wconf 72' lang='grc' dir='ltr'>ἐπιϐουλεύων,</span> <span class='ocrx_word' id='word_1_633' title='bbox 2786 4189 2905 4242; x_wconf 80' lang='grc' dir='ltr'>οὐδὲ</span> <span class='ocrx_word' id='word_1_634' title='bbox 2935 4189 3218 4259; x_wconf 72' lang='grc' dir='ltr'>βασιλείας</span> <span class='ocrx_word' id='word_1_635' title='bbox 3248 4190 3393 4257; x_wconf 81' lang='grc' dir='ltr'>ἐρῶν</span> <span class='ocrx_word' id='word_1_636' title='bbox 3419 4185 3652 4242; x_wconf 81' lang='grc' dir='ltr'>τοιούτοις</span> <span class='ocrx_word' id='word_1_637' title='bbox 3674 4178 3764 4228; x_wconf 77' lang='grc' dir='ltr'><strong>ἑπι-</strong></span> 
     </span>
    </p>
   </div>
   <div class='ocr_carea' id='block_1_90' title="bbox 2247 4271 3761 4351">
    <p class='ocr_par' dir='ltr' id='par_1_90' title="bbox 2247 4271 3761 4351">
     <span class='ocr_line' id='line_1_90' title="bbox 2247 4271 3761 4351; baseline -0.015 -11"><span class='ocrx_word' id='word_1_638' title='bbox 2247 4280 2478 4351; x_wconf 84' lang='grc' dir='ltr'>χειροίη,</span> <span class='ocrx_word' id='word_1_639' title='bbox 2512 4280 2627 4334; x_wconf 83' lang='grc' dir='ltr'>ἀλλ’</span> <span class='ocrx_word' id='word_1_640' title='bbox 2670 4281 2888 4350; x_wconf 76' lang='grc' dir='ltr'>ἀνάγκη</span> <span class='ocrx_word' id='word_1_641' title='bbox 2913 4271 3474 4342; x_wconf 65' lang='grc' dir='ltr'>.·συνε).ιαθεὶς’ὲλπίδι</span> <span class='ocrx_word' id='word_1_642' title='bbox 3519 4272 3604 4329; x_wconf 78' lang='grc' dir='ltr'>τοῦ</span> <span class='ocrx_word' id='word_1_643' title='bbox 3629 4284 3761 4325; x_wconf 75' lang='grc' dir='ltr'>κατα-</span> 
     </span>
    </p>
   </div>
   <div class='ocr_carea' id='block_1_91' title="bbox 2245 4361 3762 4452">
    <p class='ocr_par' dir='ltr' id='par_1_91' title="bbox 2245 4361 3762 4452">
     <span class='ocr_line' id='line_1_91' title="bbox 2245 4361 3762 4452; baseline -0.009 -26"><span class='ocrx_word' id='word_1_644' title='bbox 2245 4373 2397 4452; x_wconf 66' lang='grc' dir='ltr'>λύειν</span> <span class='ocrx_word' id='word_1_645' title='bbox 2426 4373 2626 4443; x_wconf 85' lang='grc' dir='ltr'>μᾶλλον</span> <span class='ocrx_word' id='word_1_646' title='bbox 2655 4374 2748 4427; x_wconf 77' lang='grc' dir='ltr'>τὸν</span> <span class='ocrx_word' id='word_1_647' title='bbox 2771 4369 3025 4439; x_wconf 64' lang='grc' dir='ltr'>πόλεμον,</span> <span class='ocrx_word' id='word_1_648' title='bbox 3055 4373 3148 4424; x_wconf 75' lang='grc' dir='ltr'>καὶ</span> <span class='ocrx_word' id='word_1_649' title='bbox 3172 4372 3243 4426; x_wconf 76' lang='grc' dir='ltr'><strong>τὰ</strong></span> <span class='ocrx_word' id='word_1_650' title='bbox 3271 4369 3632 4425; x_wconf 77' lang='grc' dir='ltr'>λυσιτελοῦντα</span> <span class='ocrx_word' id='word_1_651' title='bbox 3659 4361 3762 4413; x_wconf 77' lang='grc' dir='ltr'>πᾶσι</span> 
     </span>
    </p>
   </div>
   <div class='ocr_carea' id='block_1_92' title="bbox 568 4455 2139 4541">
    <p class='ocr_par' dir='ltr' id='par_1_92' title="bbox 568 4469 2139 4541">
     <span class='ocr_line' id='line_1_92' title="bbox 568 4469 2139 4541; baseline 0 -16"><span class='ocrx_word' id='word_1_652' title='bbox 568 4472 791 4527; x_wconf 86' lang='lat' dir='ltr'><strong>batione</strong></span> <span class='ocrx_word' id='word_1_653' title='bbox 848 4469 1090 4526; x_wconf 82' lang='lat' dir='ltr'><strong>firmiora</strong></span> <span class='ocrx_word' id='word_1_654' title='bbox 1144 4469 1388 4533; x_wconf 88' lang='lat' dir='ltr'><strong>fuerint,</strong></span> <span class='ocrx_word' id='word_1_655' title='bbox 1437 4471 1584 4538; x_wconf 91' lang='lat' dir='ltr'><strong>quod</strong></span> <span class='ocrx_word' id='word_1_656' title='bbox 1634 4484 1746 4523; x_wconf 89' lang='lat' dir='ltr'><strong>non</strong></span> <span class='ocrx_word' id='word_1_657' title='bbox 1789 4469 1954 4524; x_wconf 90' lang='lat' dir='ltr'><strong>modo</strong></span> <span class='ocrx_word' id='word_1_658' title='bbox 1998 4471 2139 4541; x_wconf 88' lang='lat' dir='ltr'><strong>ipsi,</strong></span> 
     </span>
    </p>
   </div>
   <div class='ocr_carea' id='block_1_93' title="bbox 2245 4455 3760 4541">
    <p class='ocr_par' dir='ltr' id='par_1_93' title="bbox 2253 4455 3760 4536">
     <span class='ocr_line' id='line_1_93' title="bbox 2253 4455 3760 4536; baseline -0.009 -16"><span class='ocrx_word' id='word_1_659' title='bbox 2253 4469 2405 4536; x_wconf 80' lang='grc' dir='ltr'>κοινῇ</span> <span class='ocrx_word' id='word_1_660' title='bbox 2450 4468 2646 4519; x_wconf 80' lang='grc' dir='ltr'>ποιεῖν.</span> <span class='ocrx_word' id='word_1_661' title='bbox 2684 4463 3008 4534; x_wconf 85' lang='grc' dir='ltr'>Προσετίθει</span> <span class='ocrx_word' id='word_1_662' title='bbox 3038 4480 3098 4514; x_wconf 90' lang='grc' dir='ltr'><strong>τε</strong></span> <span class='ocrx_word' id='word_1_663' title='bbox 3146 4466 3245 4516; x_wconf 79' lang='grc' dir='ltr'>καὶ</span> <span class='ocrx_word' id='word_1_664' title='bbox 3279 4465 3474 4535; x_wconf 81' lang='grc' dir='ltr'>ὅρκους</span> <span class='ocrx_word' id='word_1_665' title='bbox 3517 4461 3618 4518; x_wconf 86' lang='grc' dir='ltr'>τοῖς</span> <span class='ocrx_word' id='word_1_666' title='bbox 3641 4455 3760 4518; x_wconf 73' lang='grc' dir='ltr'>λεγο-</span> 
     </span>
    </p>
   </div>
   <div class='ocr_carea' id='block_1_94' title="bbox 505 4554 2142 4632">
    <p class='ocr_par' dir='ltr' id='par_1_94' title="bbox 505 4554 2142 4632">
     <span class='ocr_line' id='line_1_94' title="bbox 505 4554 2142 4632; baseline 0.001 -17"><span class='ocrx_word' id='word_1_667' title='bbox 505 4554 530 4568; x_wconf 83' lang='grc'><strong>“</strong></span> <span class='ocrx_word' id='word_1_668' title='bbox 571 4563 668 4616; x_wconf 84' lang='lat' dir='ltr'><strong>sed</strong></span> <span class='ocrx_word' id='word_1_669' title='bbox 709 4571 764 4618; x_wconf 86' lang='lat' dir='ltr'><strong>et</strong></span> <span class='ocrx_word' id='word_1_670' title='bbox 801 4564 893 4631; x_wconf 89' lang='lat' dir='ltr'><strong>qui</strong></span> <span class='ocrx_word' id='word_1_671' title='bbox 921 4563 1080 4632; x_wconf 78' lang='lat' dir='ltr'><strong>longe</strong></span> <span class='ocrx_word' id='word_1_672' title='bbox 1112 4571 1263 4616; x_wconf 82' lang='lat' dir='ltr'><strong>extra</strong></span> <span class='ocrx_word' id='word_1_673' title='bbox 1299 4560 1490 4615; x_wconf 90' lang='lat' dir='ltr'><strong>urbem</strong></span> <span class='ocrx_word' id='word_1_674' title='bbox 1523 4561 1827 4614; x_wconf 83' lang='lat' dir='ltr'><strong>Romanam</strong></span> <span class='ocrx_word' id='word_1_675' title='bbox 1867 4561 2142 4627; x_wconf 91' lang='lat' dir='ltr'><strong>incolunt,</strong></span> 
     </span>
    </p>
   </div>
   <div class='ocr_carea' id='block_1_95' title="bbox 573 4651 2147 4722">
    <p class='ocr_par' dir='ltr' id='par_1_95' title="bbox 573 4651 2147 4722">
     <span class='ocr_line' id='line_1_95' title="bbox 573 4651 2147 4722; baseline 0.001 -14"><span class='ocrx_word' id='word_1_676' title='bbox 573 4653 718 4708; x_wconf 84' lang='lat' dir='ltr'><strong>haud</strong></span> <span class='ocrx_word' id='word_1_677' title='bbox 769 4654 1038 4708; x_wconf 50' lang='lat' dir='ltr'><strong>nesciant‘</strong></span> <span class='ocrx_word' id='word_1_678' title='bbox 1069 4670 1084 4706; x_wconf 87' lang='lat'><strong>:</strong></span> <span class='ocrx_word' id='word_1_679' title='bbox 1132 4653 1206 4707; x_wconf 80' lang='lat' dir='ltr'><strong>ita</strong></span> <span class='ocrx_word' id='word_1_680' title='bbox 1252 4667 1423 4719; x_wconf 88' lang='lat' dir='ltr'><strong>nunc,</strong></span> <span class='ocrx_word' id='word_1_681' title='bbox 1449 4652 1494 4707; x_wconf 89' lang='lat' dir='ltr'><strong>si</strong></span> <span class='ocrx_word' id='word_1_682' title='bbox 1531 4667 1590 4706; x_wconf 90' lang='lat' dir='ltr'><strong>se</strong></span> <span class='ocrx_word' id='word_1_683' title='bbox 1625 4652 1730 4706; x_wconf 86' lang='lat' dir='ltr'><strong>fide</strong></span> <span class='ocrx_word' id='word_1_684' title='bbox 1759 4651 1988 4722; x_wconf 77' lang='lat' dir='ltr'><strong>dignum</strong></span> <span class='ocrx_word' id='word_1_685' title='bbox 2014 4670 2147 4710; x_wconf 93' lang='lat' dir='ltr'><strong>con-</strong></span> 
     </span>
    </p>
   </div>
   <div class='ocr_carea' id='block_1_96' title="bbox 572 4745 2144 4817">
    <p class='ocr_par' dir='ltr' id='par_1_96' title="bbox 572 4745 2144 4817">
     <span class='ocr_line' id='line_1_96' title="bbox 572 4745 2144 4817; baseline -0.001 -14"><span class='ocrx_word' id='word_1_686' title='bbox 572 4749 764 4811; x_wconf 86' lang='lat' dir='ltr'><strong>scirct,</strong></span> <span class='ocrx_word' id='word_1_687' title='bbox 815 4754 925 4807; x_wconf 85' lang='lat' dir='ltr'><strong>non</strong></span> <span class='ocrx_word' id='word_1_688' title='bbox 979 4746 1045 4800; x_wconf 90' lang='lat' dir='ltr'><strong>ad</strong></span> <span class='ocrx_word' id='word_1_689' title='bbox 1086 4746 1417 4815; x_wconf 75' lang='lat' dir='ltr'><strong>iuramenta,</strong></span> <span class='ocrx_word' id='word_1_690' title='bbox 1459 4761 1582 4815; x_wconf 73' lang='lat' dir='ltr'><strong>qua:</strong></span> <span class='ocrx_word' id='word_1_691' title='bbox 1620 4745 1803 4800; x_wconf 84' lang='lat' dir='ltr'><strong>verbis</strong></span> <span class='ocrx_word' id='word_1_692' title='bbox 1833 4747 1951 4817; x_wconf 90' lang='lat' dir='ltr'><strong>ejus</strong></span> <span class='ocrx_word' id='word_1_693' title='bbox 1984 4747 2144 4802; x_wconf 83' lang='lat' dir='ltr'><strong>fidem</strong></span> 
     </span>
    </p>
   </div>
   <div class='ocr_carea' id='block_1_97' title="bbox 571 4835 2147 4908">
    <p class='ocr_par' dir='ltr' id='par_1_97' title="bbox 571 4835 2147 4908">
     <span class='ocr_line' id='line_1_97' title="bbox 571 4835 2147 4908; baseline -0.001 -14"><span class='ocrx_word' id='word_1_694' title='bbox 571 4839 859 4903; x_wconf 84' lang='lat' dir='ltr'><strong>adderent,</strong></span> <span class='ocrx_word' id='word_1_695' title='bbox 902 4837 1308 4908; x_wconf 78' lang='lat' dir='ltr'><strong>confugiturum</strong></span> <span class='ocrx_word' id='word_1_696' title='bbox 1336 4835 1525 4891; x_wconf 82' lang='lat' dir='ltr'><strong>fuisse.</strong></span> <span class='ocrx_word' id='word_1_697' title='bbox 1565 4835 1702 4891; x_wconf 87' lang='lat' dir='ltr'><strong>Hinc</strong></span> <span class='ocrx_word' id='word_1_698' title='bbox 1730 4852 1950 4906; x_wconf 89' lang='lat' dir='ltr'><strong>quoque</strong></span> <span class='ocrx_word' id='word_1_699' title='bbox 1981 4838 2147 4892; x_wconf 88' lang='lat' dir='ltr'><strong>intel-</strong></span> 
     </span>
    </p>
   </div>
   <div class='ocr_carea' id='block_1_98' title="bbox 547 4928 2146 5002">
    <p class='ocr_par' dir='ltr' id='par_1_98' title="bbox 547 4928 2146 5002">
     <span class='ocr_line' id='line_1_98' title="bbox 547 4928 2146 5002; baseline 0.001 -18"><span class='ocrx_word' id='word_1_700' title='bbox 547 4931 690 5002; x_wconf 76' lang='lat' dir='ltr'><strong>ligi,</strong></span> <span class='ocrx_word' id='word_1_701' title='bbox 741 4946 806 4985; x_wconf 87' lang='lat' dir='ltr'><strong>ex</strong></span> <span class='ocrx_word' id='word_1_702' title='bbox 847 4939 1050 5000; x_wconf 88' lang='lat' dir='ltr'><strong>quanta</strong></span> <span class='ocrx_word' id='word_1_703' title='bbox 1097 4928 1270 4998; x_wconf 77' lang='lat' dir='ltr'><strong>gloria</strong></span> <span class='ocrx_word' id='word_1_704' title='bbox 1308 4929 1362 4982; x_wconf 92' lang='lat' dir='ltr'><strong>in</strong></span> <span class='ocrx_word' id='word_1_705' title='bbox 1397 4937 1656 4998; x_wconf 89' lang='lat' dir='ltr'><strong>quantam</strong></span> <span class='ocrx_word' id='word_1_706' title='bbox 1692 4929 2049 4998; x_wconf 79' lang='lat' dir='ltr'><strong>ignominiam</strong></span> <span class='ocrx_word' id='word_1_707' title='bbox 2078 4931 2146 4985; x_wconf 90' lang='lat' dir='ltr'><strong>ob</strong></span> 
     </span>
    </p>
   </div>
   <div class='ocr_carea' id='block_1_99' title="bbox 575 5019 2147 5089">
    <p class='ocr_par' dir='ltr' id='par_1_99' title="bbox 575 5019 2147 5089">
     <span class='ocr_line' id='line_1_99' title="bbox 575 5019 2147 5089; baseline -0.001 -14"><span class='ocrx_word' id='word_1_708' title='bbox 575 5036 735 5075; x_wconf 91' lang='lat' dir='ltr'><strong>suum</strong></span> <span class='ocrx_word' id='word_1_709' title='bbox 793 5021 972 5075; x_wconf 88' lang='lat' dir='ltr'><strong>scelus</strong></span> <span class='ocrx_word' id='word_1_710' title='bbox 1021 5035 1150 5089; x_wconf 86' lang='lat' dir='ltr'><strong>erga</strong></span> <span class='ocrx_word' id='word_1_711' title='bbox 1215 5019 1578 5089; x_wconf 72' lang='lat' dir='ltr'><strong>imperatores</strong></span> <span class='ocrx_word' id='word_1_712' title='bbox 1632 5019 1922 5077; x_wconf 89' lang='lat' dir='ltr'><strong>deciderit.</strong></span> <span class='ocrx_word' id='word_1_713' title='bbox 1974 5020 2147 5075; x_wconf 80' lang='lat' dir='ltr'><strong>Hasce</strong></span> 
     </span>
    </p>
   </div>
   <div class='ocr_carea' id='block_1_100' title="bbox 571 5109 2149 5181">
    <p class='ocr_par' dir='ltr' id='par_1_100' title="bbox 571 5109 2149 5181">
     <span class='ocr_line' id='line_1_100' title="bbox 571 5109 2149 5181; baseline -0.001 -14"><span class='ocrx_word' id='word_1_714' title='bbox 571 5113 788 5168; x_wconf 87' lang='lat' dir='ltr'><strong>litteras</strong></span> <span class='ocrx_word' id='word_1_715' title='bbox 833 5112 1026 5167; x_wconf 90' lang='lat' dir='ltr'><strong>iisdem</strong></span> <span class='ocrx_word' id='word_1_716' title='bbox 1079 5109 1526 5181; x_wconf 81' lang='lat' dir='ltr'><strong>exploratoribus</strong></span> <span class='ocrx_word' id='word_1_717' title='bbox 1575 5111 1643 5164; x_wconf 89' lang='lat' dir='ltr'><strong>ad</strong></span> <span class='ocrx_word' id='word_1_718' title='bbox 1695 5127 1820 5165; x_wconf 90' lang='lat' dir='ltr'><strong>eum</strong></span> <span class='ocrx_word' id='word_1_719' title='bbox 1855 5113 2149 5181; x_wconf 87' lang='lat' dir='ltr'><strong>portandas</strong></span> 
     </span>
    </p>
   </div>
   <div class='ocr_carea' id='block_1_101' title="bbox 574 5203 2143 5272">
    <p class='ocr_par' dir='ltr' id='par_1_101' title="bbox 574 5203 2143 5272">
     <span class='ocr_line' id='line_1_101' title="bbox 574 5203 2143 5272; baseline 0 -15"><span class='ocrx_word' id='word_1_720' title='bbox 574 5205 949 5259; x_wconf 86' lang='lat' dir='ltr'><strong>committunt.</strong></span> <span class='ocrx_word' id='word_1_721' title='bbox 1012 5205 1089 5258; x_wconf 91' lang='lat' dir='ltr'><strong>Ad</strong></span> <span class='ocrx_word' id='word_1_722' title='bbox 1131 5220 1226 5258; x_wconf 87' lang='lat' dir='ltr'><strong>cas</strong></span> <span class='ocrx_word' id='word_1_723' title='bbox 1274 5207 1616 5272; x_wconf 86' lang='lat' dir='ltr'><strong>respondens</strong></span> <span class='ocrx_word' id='word_1_724' title='bbox 1678 5203 2143 5269; x_wconf 80' lang='lat' dir='ltr'><strong>Cantacuzenus,</strong></span> 
     </span>
    </p>
   </div>
   <div class='ocr_carea' id='block_1_102' title="bbox 570 5292 2144 5364">
    <p class='ocr_par' dir='ltr' id='par_1_102' title="bbox 570 5292 2144 5364">
     <span class='ocr_line' id='line_1_102' title="bbox 570 5292 2144 5364; baseline -0.002 -14"><span class='ocrx_word' id='word_1_725' title='bbox 570 5295 763 5350; x_wconf 84' lang='lat' dir='ltr'><strong>mirari</strong></span> <span class='ocrx_word' id='word_1_726' title='bbox 806 5309 866 5348; x_wconf 89' lang='lat' dir='ltr'><strong>se</strong></span> <span class='ocrx_word' id='word_1_727' title='bbox 909 5295 1070 5360; x_wconf 83' lang='lat' dir='ltr'><strong>dixit,</strong></span> <span class='ocrx_word' id='word_1_728' title='bbox 1107 5308 1232 5348; x_wconf 91' lang='lat' dir='ltr'><strong>cum</strong></span> <span class='ocrx_word' id='word_1_729' title='bbox 1264 5292 1464 5347; x_wconf 89' lang='lat' dir='ltr'><strong>docere</strong></span> <span class='ocrx_word' id='word_1_730' title='bbox 1494 5293 1649 5362; x_wconf 87' lang='lat' dir='ltr'><strong>prius</strong></span> <span class='ocrx_word' id='word_1_731' title='bbox 1673 5293 1989 5355; x_wconf 88' lang='lat' dir='ltr'><strong>debuerint,</strong></span> <span class='ocrx_word' id='word_1_732' title='bbox 2020 5309 2144 5364; x_wconf 76' lang='lat' dir='ltr'><strong>vera</strong></span> 
     </span>
    </p>
   </div>
   <div class='ocr_carea' id='block_1_103' title="bbox 577 5383 2150 5456">
    <p class='ocr_par' dir='ltr' id='par_1_103' title="bbox 577 5383 2150 5456">
     <span class='ocr_line' id='line_1_103' title="bbox 577 5383 2150 5456; baseline -0.001 -16"><span class='ocrx_word' id='word_1_733' title='bbox 577 5399 688 5440; x_wconf 90' lang='lat' dir='ltr'><strong>non</strong></span> <span class='ocrx_word' id='word_1_734' title='bbox 711 5399 834 5441; x_wconf 87' lang='lat' dir='ltr'><strong>esse</strong></span> <span class='ocrx_word' id='word_1_735' title='bbox 875 5399 995 5453; x_wconf 63' lang='lat' dir='ltr'><strong>quae</strong></span> <span class='ocrx_word' id='word_1_736' title='bbox 1025 5385 1328 5456; x_wconf 88' lang='lat' dir='ltr'><strong>scripserit,</strong></span> <span class='ocrx_word' id='word_1_737' title='bbox 1361 5384 1558 5440; x_wconf 84' lang='lat' dir='ltr'><strong>deinde</strong></span> <span class='ocrx_word' id='word_1_738' title='bbox 1590 5383 1653 5436; x_wconf 88' lang='lat' dir='ltr'><strong>de</strong></span> <span class='ocrx_word' id='word_1_739' title='bbox 1677 5384 2006 5453; x_wconf 71' lang='lat' dir='ltr'><strong>iuramentis</strong></span> <span class='ocrx_word' id='word_1_740' title='bbox 2037 5385 2150 5438; x_wconf 87' lang='lat' dir='ltr'><strong>dis—</strong></span> 
     </span>
    </p>
   </div>
   <div class='ocr_carea' id='block_1_104' title="bbox 581 5472 2149 5547">
    <p class='ocr_par' dir='ltr' id='par_1_104' title="bbox 581 5472 2149 5547">
     <span class='ocr_line' id='line_1_104' title="bbox 581 5472 2149 5547; baseline 0 -17"><span class='ocrx_word' id='word_1_741' title='bbox 581 5487 777 5547; x_wconf 88' lang='lat' dir='ltr'><strong>putare</strong></span> <span class='ocrx_word' id='word_1_742' title='bbox 807 5472 838 5531; x_wconf 61' lang='lat'><strong>:&#39;</strong></span> <span class='ocrx_word' id='word_1_743' title='bbox 866 5475 944 5530; x_wconf 88' lang='lat' dir='ltr'><strong>illi</strong></span> <span class='ocrx_word' id='word_1_744' title='bbox 982 5492 1172 5532; x_wconf 88' lang='lat' dir='ltr'><strong>eorum</strong></span> <span class='ocrx_word' id='word_1_745' title='bbox 1207 5477 1341 5531; x_wconf 91' lang='lat' dir='ltr'><strong>nihil</strong></span> <span class='ocrx_word' id='word_1_746' title='bbox 1389 5475 1764 5540; x_wconf 82' lang='lat' dir='ltr'><strong>confutantes,</strong></span> <span class='ocrx_word' id='word_1_747' title='bbox 1817 5476 1972 5544; x_wconf 89' lang='lat' dir='ltr'><strong>quasi</strong></span> <span class='ocrx_word' id='word_1_748' title='bbox 2009 5492 2149 5546; x_wconf 72' lang='lat' dir='ltr'><strong>pra!-</strong></span> 
     </span>
    </p>
   </div>
   <div class='ocr_carea' id='block_1_105' title="bbox 583 5567 2145 5638">
    <p class='ocr_par' dir='ltr' id='par_1_105' title="bbox 583 5567 2145 5638">
     <span class='ocr_line' id='line_1_105' title="bbox 583 5567 2145 5638; baseline 0.001 -21"><span class='ocrx_word' id='word_1_749' title='bbox 583 5568 730 5621; x_wconf 75' lang='lat' dir='ltr'><strong>elare</strong></span> <span class='ocrx_word' id='word_1_750' title='bbox 773 5582 996 5638; x_wconf 90' lang='lat' dir='ltr'><strong>operam</strong></span> <span class='ocrx_word' id='word_1_751' title='bbox 1052 5569 1328 5637; x_wconf 86' lang='lat' dir='ltr'><strong>posituri,</strong></span> <span class='ocrx_word' id='word_1_752' title='bbox 1381 5569 1753 5638; x_wconf 85' lang='lat' dir='ltr'><strong>juramentum</strong></span> <span class='ocrx_word' id='word_1_753' title='bbox 1818 5567 2145 5636; x_wconf 79' lang='lat' dir='ltr'><strong>carpserint.</strong></span> 
     </span>
    </p>
   </div>
   <div class='ocr_carea' id='block_1_106' title="bbox 583 5656 2146 5727">
    <p class='ocr_par' dir='ltr' id='par_1_106' title="bbox 583 5656 2146 5727">
     <span class='ocr_line' id='line_1_106' title="bbox 583 5656 2146 5727; baseline -0.001 -20"><span class='ocrx_word' id='word_1_754' title='bbox 583 5656 849 5718; x_wconf 83' lang='lat' dir='ltr'><strong>Quoniam</strong></span> <span class='ocrx_word' id='word_1_755' title='bbox 877 5667 1057 5714; x_wconf 81' lang='lat' dir='ltr'><strong>autem</strong></span> <span class='ocrx_word' id='word_1_756' title='bbox 1089 5659 1156 5712; x_wconf 86' lang='lat' dir='ltr'><strong>de</strong></span> <span class='ocrx_word' id='word_1_757' title='bbox 1179 5658 1304 5711; x_wconf 81' lang='lat' dir='ltr'><strong>aliis</strong></span> <span class='ocrx_word' id='word_1_758' title='bbox 1331 5657 1503 5727; x_wconf 86' lang='lat' dir='ltr'><strong>loqui,</strong></span> <span class='ocrx_word' id='word_1_759' title='bbox 1536 5656 1742 5725; x_wconf 85' lang='lat' dir='ltr'><strong>illaque</strong></span> <span class='ocrx_word' id='word_1_760' title='bbox 1768 5671 1862 5709; x_wconf 87' lang='lat' dir='ltr'><strong>seu</strong></span> <span class='ocrx_word' id='word_1_761' title='bbox 1892 5665 2146 5723; x_wconf 86' lang='lat' dir='ltr'><strong>tanquam</strong></span> 
     </span>
    </p>
   </div>
   <div class='ocr_carea' id='block_1_107' title="bbox 582 5747 2150 5818">
    <p class='ocr_par' dir='ltr' id='par_1_107' title="bbox 582 5747 2150 5818">
     <span class='ocr_line' id='line_1_107' title="bbox 582 5747 2150 5818; baseline 0.003 -22"><span class='ocrx_word' id='word_1_762' title='bbox 582 5760 710 5799; x_wconf 85' lang='lat' dir='ltr'><strong>vera</strong></span> <span class='ocrx_word' id='word_1_763' title='bbox 754 5747 1010 5812; x_wconf 85' lang='lat' dir='ltr'><strong>credere,</strong></span> <span class='ocrx_word' id='word_1_764' title='bbox 1067 5764 1161 5803; x_wconf 87' lang='lat' dir='ltr'><strong>seu</strong></span> <span class='ocrx_word' id='word_1_765' title='bbox 1211 5760 1467 5818; x_wconf 82' lang='lat' dir='ltr'><strong>tanquam</strong></span> <span class='ocrx_word' id='word_1_766' title='bbox 1503 5749 1634 5802; x_wconf 88' lang='lat' dir='ltr'><strong>falsa</strong></span> <span class='ocrx_word' id='word_1_767' title='bbox 1673 5747 1924 5803; x_wconf 79' lang='lat' dir='ltr'><strong>refellere</strong></span> <span class='ocrx_word' id='word_1_768' title='bbox 1957 5747 2150 5801; x_wconf 85' lang='lat' dir='ltr'><strong>uoluc-</strong></span> 
     </span>
    </p>
   </div>
   <div class='ocr_carea' id='block_1_108' title="bbox 2254 4541 3761 4627">
    <p class='ocr_par' dir='ltr' id='par_1_108' title="bbox 2254 4541 3761 4627">
     <span class='ocr_line' id='line_1_108' title="bbox 2254 4541 3761 4627; baseline -0.005 -17"><span class='ocrx_word' id='word_1_769' title='bbox 2254 4557 2462 4627; x_wconf 87' lang='grc' dir='ltr'>μένοις,</span> <span class='ocrx_word' id='word_1_770' title='bbox 2488 4556 2563 4619; x_wconf 83' lang='grc' dir='ltr'><strong>ὡς</strong></span> <span class='ocrx_word' id='word_1_771' title='bbox 2595 4555 2750 4608; x_wconf 75' lang='grc' dir='ltr'>οὐδὲν</span> <span class='ocrx_word' id='word_1_772' title='bbox 2773 4556 2859 4625; x_wconf 82' lang='grc' dir='ltr'><strong>είη</strong></span> <span class='ocrx_word' id='word_1_773' title='bbox 2893 4557 3028 4626; x_wconf 76' lang='grc' dir='ltr'>πρὸς</span> <span class='ocrx_word' id='word_1_774' title='bbox 3054 4555 3278 4625; x_wconf 78' lang='grc' dir='ltr'>ἀπάτην</span> <span class='ocrx_word' id='word_1_775' title='bbox 3309 4553 3607 4625; x_wconf 72' lang='grc' dir='ltr'>εἰρημένον.</span> <span class='ocrx_word' id='word_1_776' title='bbox 3631 4547 3681 4599; x_wconf 86' lang='lat' dir='ltr'><strong>0i</strong></span> <span class='ocrx_word' id='word_1_777' title='bbox 3703 4541 3761 4601; x_wconf 74' lang='grc' dir='ltr'><strong>δὲ.</strong></span> 
     </span>
    </p>
   </div>
   <div class='ocr_carea' id='block_1_109' title="bbox 2251 4629 3762 4716">
    <p class='ocr_par' dir='ltr' id='par_1_109' title="bbox 2251 4629 3762 4716">
     <span class='ocr_line' id='line_1_109' title="bbox 2251 4629 3762 4716; baseline -0.009 -17"><span class='ocrx_word' id='word_1_778' title='bbox 2251 4647 2390 4699; x_wconf 47' lang='grc' dir='ltr'>ἐπεὶ</span> <span class='ocrx_word' id='word_1_779' title='bbox 2403 4646 2473 4700; x_wconf 82' lang='grc' dir='ltr'><strong>τὰ</strong></span> <span class='ocrx_word' id='word_1_780' title='bbox 2497 4646 2806 4716; x_wconf 83' lang='grc' dir='ltr'>γράμματα</span> <span class='ocrx_word' id='word_1_781' title='bbox 2835 4646 3100 4712; x_wconf 82' lang='grc' dir='ltr'>ἀνέγνων,</span> <span class='ocrx_word' id='word_1_782' title='bbox 3137 4645 3482 4712; x_wconf 83' lang='grc' dir='ltr'>ἀντέγραφον</span> <span class='ocrx_word' id='word_1_783' title='bbox 3515 4638 3601 4691; x_wconf 87' lang='grc' dir='ltr'><strong>καὶ</strong></span> <span class='ocrx_word' id='word_1_784' title='bbox 3623 4629 3762 4687; x_wconf 68' lang='grc' dir='ltr'>αὐτοὶ,</span> 
     </span>
    </p>
   </div>
   <div class='ocr_carea' id='block_1_110' title="bbox 2249 4723 3764 4804">
    <p class='ocr_par' dir='ltr' id='par_1_110' title="bbox 2249 4723 3764 4804">
     <span class='ocr_line' id='line_1_110' title="bbox 2249 4723 3764 4804; baseline -0.013 -13"><span class='ocrx_word' id='word_1_785' title='bbox 2249 4737 2327 4800; x_wconf 83' lang='grc' dir='ltr'>ὡς</span> <span class='ocrx_word' id='word_1_786' title='bbox 2353 4738 2454 4790; x_wconf 81' lang='grc' dir='ltr'><strong>οὐκ</strong></span> <span class='ocrx_word' id='word_1_787' title='bbox 2484 4737 2705 4791; x_wconf 79' lang='grc' dir='ltr'>ἄλλοθέν</span> <span class='ocrx_word' id='word_1_788' title='bbox 2731 4735 2896 4788; x_wconf 88' lang='grc' dir='ltr'>ποθεν</span> <span class='ocrx_word' id='word_1_789' title='bbox 2947 4735 3166 4804; x_wconf 85' lang='grc' dir='ltr'>μᾶλλον,</span> <span class='ocrx_word' id='word_1_790' title='bbox 3206 4735 3241 4804; x_wconf 79' lang='grc' dir='ltr'>ἢ</span> <span class='ocrx_word' id='word_1_791' title='bbox 3277 4733 3340 4799; x_wconf 70' lang='grc' dir='ltr'><strong>ἐξ</strong></span> <span class='ocrx_word' id='word_1_792' title='bbox 3371 4727 3445 4786; x_wconf 83' lang='grc' dir='ltr'>ὦν</span> <span class='ocrx_word' id='word_1_793' title='bbox 3475 4729 3619 4790; x_wconf 80' lang='grc' dir='ltr'>αὐτὸς</span> <span class='ocrx_word' id='word_1_794' title='bbox 3661 4723 3764 4774; x_wconf 69' lang='lat' dir='ltr'><strong>iam</strong></span> 
     </span>
    </p>
   </div>
   <div class='ocr_carea' id='block_1_111' title="bbox 2251 4811 3762 4896">
    <p class='ocr_par' dir='ltr' id='par_1_111' title="bbox 2251 4811 3762 4896">
     <span class='ocr_line' id='line_1_111' title="bbox 2251 4811 3762 4896; baseline -0.007 -14"><span class='ocrx_word' id='word_1_795' title='bbox 2251 4825 2390 4882; x_wconf 78' lang='grc' dir='ltr'>εἶναι</span> <span class='ocrx_word' id='word_1_796' title='bbox 2437 4829 2647 4891; x_wconf 84' lang='grc' dir='ltr'>δίκαιος</span> <span class='ocrx_word' id='word_1_797' title='bbox 2673 4829 3024 4880; x_wconf 77' lang='grc' dir='ltr'>πιστεύεσθαι</span> <span class='ocrx_word' id='word_1_798' title='bbox 3055 4827 3163 4880; x_wconf 86' lang='grc' dir='ltr'>τῶν</span> <span class='ocrx_word' id='word_1_799' title='bbox 3201 4828 3384 4896; x_wconf 83' lang='grc' dir='ltr'>ὅρκων</span> <span class='ocrx_word' id='word_1_800' title='bbox 3417 4823 3567 4891; x_wconf 81' lang='grc' dir='ltr'>δῆθεν</span> <span class='ocrx_word' id='word_1_801' title='bbox 3609 4811 3762 4868; x_wconf 71' lang='grc' dir='ltr'>αὐτοὺς</span> 
     </span>
    </p>
   </div>
   <div class='ocr_carea' id='block_1_112' title="bbox 2252 4900 3762 4988">
    <p class='ocr_par' dir='ltr' id='par_1_112' title="bbox 2252 4900 3762 4988">
     <span class='ocr_line' id='line_1_112' title="bbox 2252 4900 3762 4988; baseline -0.004 -15"><span class='ocrx_word' id='word_1_802' title='bbox 2252 4919 2778 4988; x_wconf 72' lang='grc' dir='ltr'>καταστοχάζεσθαι,</span> <span class='ocrx_word' id='word_1_803' title='bbox 2802 4917 2877 4980; x_wconf 80' lang='grc' dir='ltr'>ὡς</span> <span class='ocrx_word' id='word_1_804' title='bbox 2901 4919 3002 4971; x_wconf 89' lang='grc' dir='ltr'><strong>ούκ</strong></span> <span class='ocrx_word' id='word_1_805' title='bbox 3037 4919 3102 4971; x_wconf 84' lang='grc' dir='ltr'>ἂν</span> <span class='ocrx_word' id='word_1_806' title='bbox 3125 4919 3210 4986; x_wconf 68' lang='grc' dir='ltr'>εἵη</span> <span class='ocrx_word' id='word_1_807' title='bbox 3239 4917 3307 4969; x_wconf 78' lang='grc' dir='ltr'>τὰ</span> <span class='ocrx_word' id='word_1_808' title='bbox 3331 4919 3447 4984; x_wconf 81' lang='grc' dir='ltr'>είρη</span> <span class='ocrx_word' id='word_1_809' title='bbox 3458 4914 3584 4979; x_wconf 84' lang='grc' dir='ltr'>μένα</span> <span class='ocrx_word' id='word_1_810' title='bbox 3606 4900 3762 4973; x_wconf 69' lang='grc' dir='ltr'>ἀληθῆ·</span> 
     </span>
    </p>
   </div>
   <div class='ocr_carea' id='block_1_113' title="bbox 2253 4997 3763 5083">
    <p class='ocr_par' dir='ltr' id='par_1_113' title="bbox 2253 4997 3763 5083">
     <span class='ocr_line' id='line_1_113' title="bbox 2253 4997 3763 5083; baseline -0.01 -18"><span class='ocrx_word' id='word_1_811' title='bbox 2253 5014 2313 5065; x_wconf 88' lang='grc' dir='ltr'>Εἰ</span> <span class='ocrx_word' id='word_1_812' title='bbox 2345 5011 2452 5082; x_wconf 83' lang='grc' dir='ltr'><strong>γὰρ</strong></span> <span class='ocrx_word' id='word_1_813' title='bbox 2483 5010 2672 5082; x_wconf 84' lang='grc' dir='ltr'>ὥσπερ</span> <span class='ocrx_word' id='word_1_814' title='bbox 2703 5012 2795 5064; x_wconf 76' lang='grc' dir='ltr'>καὶ</span> <span class='ocrx_word' id='word_1_815' title='bbox 2827 5010 3089 5083; x_wconf 89' lang='grc' dir='ltr'>πρότερον</span> <span class='ocrx_word' id='word_1_816' title='bbox 3119 5011 3280 5080; x_wconf 76' lang='grc' dir='ltr'>ἡνίκα</span> <span class='ocrx_word' id='word_1_817' title='bbox 3309 5006 3574 5072; x_wconf 76' lang='grc' dir='ltr'>ἰδιωτικὴν</span> <span class='ocrx_word' id='word_1_818' title='bbox 3603 4997 3763 5064; x_wconf 72' lang='grc' dir='ltr'>ἐσθῆτα</span> 
     </span>
    </p>
   </div>
   <div class='ocr_carea' id='block_1_114' title="bbox 2251 5087 3764 5174">
    <p class='ocr_par' dir='ltr' id='par_1_114' title="bbox 2251 5087 3764 5174">
     <span class='ocr_line' id='line_1_114' title="bbox 2251 5087 3764 5174; baseline -0.013 -16"><span class='ocrx_word' id='word_1_819' title='bbox 2251 5102 2413 5173; x_wconf 78' lang='grc' dir='ltr'>ἔχων,</span> <span class='ocrx_word' id='word_1_820' title='bbox 2444 5105 2510 5158; x_wconf 83' lang='grc' dir='ltr'>τὰ</span> <span class='ocrx_word' id='word_1_821' title='bbox 2565 5105 2866 5174; x_wconf 85' lang='grc' dir='ltr'>πράγματα</span> <span class='ocrx_word' id='word_1_822' title='bbox 2920 5103 3214 5171; x_wconf 88' lang='grc' dir='ltr'>Ῥωμαίοις</span> <span class='ocrx_word' id='word_1_823' title='bbox 3258 5100 3463 5169; x_wconf 80' lang='grc' dir='ltr'>διῴκει,</span> <span class='ocrx_word' id='word_1_824' title='bbox 3491 5098 3651 5164; x_wconf 86' lang='grc' dir='ltr'>ὅρκων</span> <span class='ocrx_word' id='word_1_825' title='bbox 3689 5087 3764 5138; x_wconf 78' lang='grc' dir='ltr'><strong>οὐκ</strong></span> 
     </span>
    </p>
   </div>
   <div class='ocr_carea' id='block_1_115' title="bbox 2251 5178 3763 5263">
    <p class='ocr_par' dir='ltr' id='par_1_115' title="bbox 2251 5178 3763 5263">
     <span class='ocr_line' id='line_1_115' title="bbox 2251 5178 3763 5263; baseline 0.001 -17"><span class='ocrx_word' id='word_1_826' title='bbox 2251 5195 2439 5260; x_wconf 66' lang='grc' dir='ltr'>ἐδεῖτο,</span> <span class='ocrx_word' id='word_1_827' title='bbox 2473 5197 2531 5248; x_wconf 86' lang='grc' dir='ltr'>ὲν</span> <span class='ocrx_word' id='word_1_828' title='bbox 2569 5190 2650 5257; x_wconf 70' lang='grc' dir='ltr'>οἷς</span> <span class='ocrx_word' id='word_1_829' title='bbox 2689 5193 3063 5263; x_wconf 77' lang='grc' dir='ltr'>ίσχυρίζεσθαι</span> <span class='ocrx_word' id='word_1_830' title='bbox 3092 5193 3280 5263; x_wconf 73' lang='grc' dir='ltr'>ἐχρῆν,</span> <span class='ocrx_word' id='word_1_831' title='bbox 3313 5190 3430 5245; x_wconf 79' lang='grc' dir='ltr'>ἀλλ’</span> <span class='ocrx_word' id='word_1_832' title='bbox 3462 5189 3608 5257; x_wconf 68' lang='grc' dir='ltr'>ἢρκει</span> <span class='ocrx_word' id='word_1_833' title='bbox 3639 5178 3763 5248; x_wconf 69' lang='grc' dir='ltr'><strong>μόνον</strong></span> 
     </span>
    </p>
   </div>
   <div class='ocr_carea' id='block_1_116' title="bbox 2254 5271 3763 5353">
    <p class='ocr_par' dir='ltr' id='par_1_116' title="bbox 2254 5271 3763 5353">
     <span class='ocr_line' id='line_1_116' title="bbox 2254 5271 3763 5353; baseline -0.002 -15"><span class='ocrx_word' id='word_1_834' title='bbox 2254 5288 2450 5350; x_wconf 79' lang='grc' dir='ltr'>εἰπεῖν,</span> <span class='ocrx_word' id='word_1_835' title='bbox 2488 5287 2584 5339; x_wconf 83' lang='grc' dir='ltr'>καὶ</span> <span class='ocrx_word' id='word_1_836' title='bbox 2611 5287 2793 5353; x_wconf 87' lang='grc' dir='ltr'>πάσης</span> <span class='ocrx_word' id='word_1_837' title='bbox 2822 5283 3152 5350; x_wconf 81' lang='grc' dir='ltr'>ἀποδείξεως</span> <span class='ocrx_word' id='word_1_838' title='bbox 3188 5285 3512 5353; x_wconf 70' lang='grc' dir='ltr'>ἰσχυρότερα</span> <span class='ocrx_word' id='word_1_839' title='bbox 3553 5276 3614 5326; x_wconf 73' lang='grc' dir='ltr'><strong>τὰ</strong></span> <span class='ocrx_word' id='word_1_840' title='bbox 3649 5271 3763 5335; x_wconf 60' lang='grc' dir='ltr'>εἰρὛ</span> 
     </span>
    </p>
   </div>
   <div class='ocr_carea' id='block_1_117' title="bbox 2256 5353 3765 5448">
    <p class='ocr_par' dir='ltr' id='par_1_117' title="bbox 2256 5353 3765 5448">
     <span class='ocr_line' id='line_1_117' title="bbox 2256 5353 3765 5448; baseline -0.012 -16"><span class='ocrx_word' id='word_1_841' title='bbox 2256 5379 2392 5448; x_wconf 88' lang='grc' dir='ltr'>μένα</span> <span class='ocrx_word' id='word_1_842' title='bbox 2420 5374 2581 5443; x_wconf 78' lang='grc' dir='ltr'>εἶναι,</span> <span class='ocrx_word' id='word_1_843' title='bbox 2618 5370 2808 5447; x_wconf 71' lang='grc' dir='ltr'>ὥσπερ</span> <span class='ocrx_word' id='word_1_844' title='bbox 2855 5378 2916 5430; x_wconf 84' lang='grc' dir='ltr'><strong>οὐ</strong></span> <span class='ocrx_word' id='word_1_845' title='bbox 2949 5377 3108 5445; x_wconf 88' lang='grc' dir='ltr'>μόνον</span> <span class='ocrx_word' id='word_1_846' title='bbox 3136 5375 3292 5428; x_wconf 78' lang='grc' dir='ltr'>αὐτοὶ</span> <span class='ocrx_word' id='word_1_847' title='bbox 3335 5371 3623 5425; x_wconf 84' lang='grc' dir='ltr'>συνίσασιν,</span> <span class='ocrx_word' id='word_1_848' title='bbox 3659 5353 3765 5414; x_wconf 70' lang='grc' dir='ltr'><strong>ἁ).λά</strong></span> 
     </span>
    </p>
   </div>
   <div class='ocr_carea' id='block_1_118' title="bbox 2254 5449 3764 5551">
    <p class='ocr_par' dir='ltr' id='par_1_118' title="bbox 2254 5449 3764 5551">
     <span class='ocr_line' id='line_1_118' title="bbox 2254 5449 3764 5551; baseline -0.012 -29"><span class='ocrx_word' id='word_1_849' title='bbox 2254 5468 2411 5522; x_wconf 83' lang='grc' dir='ltr'><strong>καὶοὶ</strong></span> <span class='ocrx_word' id='word_1_850' title='bbox 2445 5471 2632 5551; x_wconf 69' lang='grc' dir='ltr'>πόρῥω</span> <span class='ocrx_word' id='word_1_851' title='bbox 2655 5472 2754 5539; x_wconf 81' lang='grc' dir='ltr'>τῆς</span> <span class='ocrx_word' id='word_1_852' title='bbox 2791 5465 3076 5535; x_wconf 78' lang='grc' dir='ltr'>Ῥωμαίων</span> <span class='ocrx_word' id='word_1_853' title='bbox 3099 5466 3201 5533; x_wconf 74' lang='grc' dir='ltr'>γῆς</span> <span class='ocrx_word' id='word_1_854' title='bbox 3229 5449 3764 5551; x_wconf 43' lang='grc' dir='ltr'>κατῳκισμένοιίοὗτω</span> 
     </span>
    </p>
   </div>
   <div class='ocr_carea' id='block_1_119' title="bbox 2255 5545 3765 5628">
    <p class='ocr_par' dir='ltr' id='par_1_119' title="bbox 2255 5545 3765 5628">
     <span class='ocr_line' id='line_1_119' title="bbox 2255 5545 3765 5628; baseline -0.007 -18"><span class='ocrx_word' id='word_1_855' title='bbox 2255 5560 2348 5611; x_wconf 72' lang='grc' dir='ltr'>καὶ</span> <span class='ocrx_word' id='word_1_856' title='bbox 2379 5559 2493 5621; x_wconf 80' lang='grc' dir='ltr'>νῦν,</span> <span class='ocrx_word' id='word_1_857' title='bbox 2527 5545 2575 5612; x_wconf 75' lang='grc' dir='ltr'><strong>εί</strong></span> <span class='ocrx_word' id='word_1_858' title='bbox 2605 5560 2949 5623; x_wconf 77' lang='grc' dir='ltr'>ἀξιοπιστίαν</span> <span class='ocrx_word' id='word_1_859' title='bbox 2981 5557 3127 5627; x_wconf 81' lang='grc' dir='ltr'>αὐτῷ</span> <span class='ocrx_word' id='word_1_860' title='bbox 3159 5553 3396 5624; x_wconf 80' lang='grc' dir='ltr'>συνῄδει,</span> <span class='ocrx_word' id='word_1_861' title='bbox 3417 5551 3510 5602; x_wconf 83' lang='grc' dir='ltr'><strong>ούκ</strong></span> <span class='ocrx_word' id='word_1_862' title='bbox 3539 5549 3597 5599; x_wconf 80' lang='grc' dir='ltr'>ἂν</span> <span class='ocrx_word' id='word_1_863' title='bbox 3620 5545 3765 5628; x_wconf 59' lang='grc' dir='ltr'><strong>ὄρξων</strong></span> 
     </span>
    </p>
   </div>
   <div class='ocr_carea' id='block_1_120' title="bbox 2256 5625 3766 5720">
    <p class='ocr_par' dir='ltr' id='par_1_120' title="bbox 2256 5625 3766 5720">
     <span class='ocr_line' id='line_1_120' title="bbox 2256 5625 3766 5720; baseline -0.025 -8"><span class='ocrx_word' id='word_1_864' title='bbox 2256 5651 2450 5720; x_wconf 69' lang='grc' dir='ltr'>ἐδεήθη</span> <span class='ocrx_word' id='word_1_865' title='bbox 2508 5651 2642 5720; x_wconf 76' lang='grc' dir='ltr'>πρὸς</span> <span class='ocrx_word' id='word_1_866' title='bbox 2696 5649 2760 5703; x_wconf 86' lang='grc' dir='ltr'>τὸ</span> <span class='ocrx_word' id='word_1_867' title='bbox 2800 5625 3148 5704; x_wconf 80' lang='grc' dir='ltr'>πιστεύεσθαι</span> <span class='ocrx_word' id='word_1_868' title='bbox 3200 5625 3766 5712; x_wconf 77' lang='grc' dir='ltr'>συναιρομένων.ὀθεν</span> 
     </span>
    </p>
   </div>
   <div class='ocr_carea' id='block_1_121' title="bbox 2256 5722 3761 5814">
    <p class='ocr_par' dir='ltr' id='par_1_121' title="bbox 2256 5722 3761 5814">
     <span class='ocr_line' id='line_1_121' title="bbox 2256 5722 3761 5814; baseline -0.033 5"><span class='ocrx_word' id='word_1_869' title='bbox 2256 5747 2349 5798; x_wconf 46' lang='lat' dir='ltr'><strong>“ﬂ</strong></span> <span class='ocrx_word' id='word_1_870' title='bbox 2381 5743 2484 5814; x_wconf 64' lang='grc' dir='ltr'><strong>Χρὴ</strong></span> <span class='ocrx_word' id='word_1_871' title='bbox 2516 5744 2750 5814; x_wconf 77' lang='grc' dir='ltr'>συνορᾷν</span> <span class='ocrx_word' id='word_1_872' title='bbox 2779 5743 2839 5808; x_wconf 68' lang='grc' dir='ltr'>ἐξ</span> <span class='ocrx_word' id='word_1_873' title='bbox 2859 5742 2976 5805; x_wconf 82' lang='grc' dir='ltr'>οἵας</span> <span class='ocrx_word' id='word_1_874' title='bbox 3007 5739 3168 5810; x_wconf 81' lang='grc' dir='ltr'>δόξης</span> <span class='ocrx_word' id='word_1_875' title='bbox 3193 5739 3275 5799; x_wconf 79' lang='grc' dir='ltr'><strong>είς</strong></span> <span class='ocrx_word' id='word_1_876' title='bbox 3297 5737 3414 5788; x_wconf 82' lang='grc' dir='ltr'>οἵαν</span> <span class='ocrx_word' id='word_1_877' title='bbox 3439 5733 3498 5784; x_wconf 77' lang='grc' dir='ltr'>ἐκ</span> <span class='ocrx_word' id='word_1_878' title='bbox 3527 5725 3611 5780; x_wconf 85' lang='grc' dir='ltr'><strong>τοῦ</strong></span> <span class='ocrx_word' id='word_1_879' title='bbox 3632 5722 3761 5791; x_wconf 60' lang='lat' dir='ltr'><strong>past-</strong></span> 
     </span>
    </p>
   </div>
  </div>
