3998 6198
242 346 332 413 921

243 563 350 625 τοῖς
373 560 558 623 αὐτοῖς
587 559 964 622 κατασκόποις
997 559 1432 628 παρασχόμενοι,
1467 556 1624 624 ἄγειν
1653 552 1814 617 αὖθις

245 653 376 723 πρὸς
409 653 574 706 αὑτὸν
607 653 879 705 ἐκέλευον.
912 650 1054 720 Πρὸς
1084 649 1140 716 ἃ,
1175 649 1480 719 θαυμάζειν
1507 648 1690 702 αὐτῶν
1721 649 1817 701 ἀν-

241 749 510 817 τέγραφεν
542 747 572 797 6
609 744 882 814 βασιλεὺς,
911 745 960 797 εί
989 742 1111 796 δέον
1135 743 1402 813 πρότερον
1425 742 1495 796 τὰ
1522 743 1814 812 εἰρημένα,

242 840 290 893 εί
337 841 436 891 οὐκ
483 838 661 906 ἁληθῆ
713 836 1122 902 ἀποδεικνύναι,
1160 836 1350 889 ἔπειτα
1399 835 1658 904 καὶπερὶ
1706 833 1817 886 τῶν

241 933 416 1002 ὅρκων
463 929 827 996 διαλέγεσθαιο
863 917 915 982 ὁί
955 929 1001 982 δ’
1050 929 1276 982 ἐκείνων
1321 928 1686 997 ἀποσχόμενοι
1719 925 1817 980 καὶ

241 1020 584 1083 ἀντειπόντες
616 1019 752 1089 πρὸς
793 1019 982 1088 μηδὲν,
1014 1018 1108 1070 ἐπὶ
1133 1019 1260 1080 τοὺς
1291 1018 1488 1086 ὅρκους
1537 1016 1817 1086 καταφεύο

241 1125 448 1176 γουσιν,
495 1108 689 1177 ὥσπερ
721 1125 772 1160 τι
822 1103 1104 1176 προῦργου
1145 1105 1461 1174 νομίζοντες
1495 1106 1690 1158 ποιείψ
1736 1105 1819 1159 ὅτι

240 1201 283 1253 δ’
307 1203 496 1262 αὐτοῖς
530 1202 661 1270 περὶ
694 1199 802 1253 τῶν
833 1199 1012 1253 ἄλλων
1040 1198 1387 1266 διαλέγεσθαι
1422 1197 1816 1262 καταλιποῦσι,

241 1293 334 1347 καὶ
362 1292 397 1363 ἢ
429 1291 716 1346 πείθεσθαι
745 1292 819 1354 ὡς
848 1290 1125 1360 ἀληθέσιν,
1159 1290 1192 1362 ἢ
1231 1291 1308 1353 ὡς
1337 1289 1553 1343 ἐναντία
1576 1289 1816 1356 ἔχουσιν,

241 1385 506 1456 ἐλέγχειν,
538 1384 805 1456 περὶτῶν
839 1385 1018 1453 ὅρκων
1061 1383 1241 1454 μόνων
1286 1383 1464 1435 εἰπεῖν
1510 1399 1562 1435 τι
1609 1382 1819 1452 βέλτιον

240 1457 519 1547 ἐνομίσθη,
544 1494 610 1529 πε
622 1477 673 1546 pl.
695 1475 872 1528 αὐτῶν
893 1473 1328 1544 ἀποκρινεῖσθαι,
1352 1474 1445 1527 καὶ
1468 1474 1630 1528 αὑτὸν
1651 1474 1820 1528 τᾶλλα

241 1571 573 1640 ὑπερϐάντα.
591 1569 731 1636 Ἐγὼ
753 1569 950 1633 τοίνυν,
967 1567 1200 1638 ἔγραφε,
1219 1568 1429 1638 νομίζω
1456 1567 1582 1629 τοὺς
1599 1570 1818 1638 ὅρκους,

239 1663 272 1732 ἢ
306 1662 394 1715 διὰ
433 1663 492 1715 τὸ
530 1661 605 1732 μὴ
633 1662 760 1723 τοὺς
789 1660 1093 1730 ὀμνύοντας
1123 1661 1426 1730 ἀξιόχρεως
1461 1661 1601 1730 πρὸς
1629 1661 1819 1714 πίστιν

245 1751 386 1808 εἶναι
412 1754 686 1820 γενέσθαι,
718 1753 751 1824 ἢ
781 1753 869 1806 διά
900 1753 963 1806 τὸ
993 1755 1120 1815 τοὺς
1153 1751 1478 1822 δεχομένους
1512 1751 1542 1820 ἦ
1579 1752 1818 1821 φαύλους

245 1846 372 1908 τοὺς
413 1847 644 1916 τρόπους
676 1839 838 1909 εἶναι,
885 1844 921 1915 ἢ
951 1845 1040 1897 διά
1077 1844 1309 1914 μέγεθος
1339 1843 1449 1896 τῶν
1475 1843 1816 1912 ἐπαγγελλο-

249 1937 429 2006 μένων
485 1936 758 1997 ἀδυνάτως
817 1934 964 2005 ἔχειν
1026 1934 1312 1988 πείθεσθαι
1371 1930 1554 2006 ὅρκων
1607 1934 1818 2004 χωρίς.

244 2030 376 2083 Ὅτε
411 2029 588 2083 τοίνυν
625 2027 748 2098 εμοὶ
776 2027 875 2098 τὴν
906 2028 1249 2094 ἀξιοπιστίαν
1270 2027 1331 2080 ού
1364 2028 1526 2098 μόνον
1555 2028 1582 2079 6
1616 2026 1817 2095 παρελ-

244 2123 352 2176 Θὼν
375 2123 564 2193 χρόνος
584 2121 837 2184 τοσοῦτος
859 2122 925 2176 ἂν
953 2123 1010 2175 ὲν
1103 2123 1169 2176 τὰ
1200 2121 1491 2192 Ῥωμαίων
1513 2117 1820 2192 πράγματα

241 2215 496 2287 διῴκουν·
539 2214 667 2268 ὀὐδὲ
711 2215 822 2284 γὰρ
857 2215 977 2268 οὐδὲ
1021 2214 1110 2268 διά
1154 2215 1358 2284 ταύτην
1395 2215 1576 2284 ὅρκων
1625 2213 1820 2283 ἐδεήθη

243 2306 374 2359 ποτὲ
405 2308 841 2376 συμμαρτυρεῖν·
873 2306 1007 2359 ἀλλὰ
1039 2307 1131 2358 καὶ
1162 2306 1317 2360 αὐτοὶ
1349 2305 1399 2358 οἱ
1441 2306 1676 2376 μάλιστα
1708 2323 1824 2359 πει-

249 2396 485 2468 ρώμενοι
515 2398 848 2460 διαϐάλλειν,
882 2398 943 2449 ού
980 2397 1212 2451 δύνασθε
1249 2399 1617 2466 συγκρύπτειν
1646 2396 1822 2461 οὕτως

245 2487 413 2542 οὖσαν
462 2489 776 2560 καταφανῆ,
822 2489 973 2542 οὐδὲν
1022 2488 1152 2544 ἄλλο
1195 2489 1530 2559 λείπεται,ἢ
1578 2489 1644 2542 δι’
1675 2489 1821 2559 ὑμᾶς

243 2583 370 2642 τοὺς
409 2573 699 2650 χαίροντας
732 2581 791 2632 έν
839 2582 960 2640 ταῖς
995 2581 1382 2648 συκοφαντίαις
1423 2579 1694 2646 γίνεσθαι,
1727 2580 1821 2631 καὶ

242 2671 331 2725 διὰ
375 2672 535 2725 τοῦτο
585 2669 708 2741 μηδ’
756 2673 941 2734 αὐτοῖς
992 2670 1269 2726 πιστεύειν
1336 2671 1701 2741 δυναμένους,
1739 2664 1820 2734 οἷς

241 2764 401 2819 αὐτοὶ
456 2767 903 2834 συμμαρτυρεῖτε
931 2765 990 2816 τδ
1029 2764 1166 2834 μηδέ
1207 2781 1337 2816 ποτε
1385 2761 1665 2832 ἐψεῦσθαι.
1696 2763 1820 2815 Ὀτι

242 2853 290 2906 δ’
321 2855 350 2906 6
387 2856 520 2924 περὶ
553 2854 663 2907 τῶν
687 2854 866 2922 ὅρκων
903 2855 1061 2922 λόγος
1094 2855 1283 2908 τοῦτον
1315 2855 1429 2924 ἔχει
1474 2853 1565 2906 τὸν
1592 2854 1818 2921 τρόπον,

241 2945 436 3015 ὥσπερ
468 2946 709 3017 είρηται,
744 2947 836 3000 καὶ
868 2947 1092 3000 αὐτόθεν
1120 2947 1218 3014 μὲν
1253 2946 1591 3014 καταφανές·
1625 2943 1820 3014 πειρά-

243 3054 416 3108 σομαι
443 3037 622 3091 δὲκαὶ
660 3040 724 3091 ὲκ
758 3038 1204 3108 παραδείγματος
1240 3037 1472 3106 μάλιστα
1517 3037 1818 3107 ἀληθεστὰ-

1362 343 1910 406 HISTORIARUM
1947 343 2016 401 Ll
2035 340 2180 402 BER
2224 341 2332 404 lll.

133 452 146 462 ’
245 468 420 522 λεῢσιν
455 467 733 537 ἀγνώμων
764 465 1054 535 φαίνεσθαι
1092 455 1308 531 ἀδοξίαν
1341 463 1681 533 κατηνέχθη,
1718 463 1813 517 καὶ

1922 460 2050 525 rint,
2093 460 2187 516 sed
2217 459 2286 514 de
2312 459 2641 530 juramentis
2672 459 2940 515 duntaxat
2968 461 3175 531 aliquid
3203 464 3498 519 verborum

3390 343 3504 406 9‘22

1918 551 2099 606 facere
2123 551 2322 605 melius
2348 550 2744 613 existimarint,
2785 567 2844 606 se
2871 568 3096 622 quoque
3121 556 3336 608 caeteris
3363 572 3502 624 prm-

1921 644 2211 706 termissis.
2239 645 2308 699 de
2333 645 2467 714 ipsis
2490 660 2912 713 responsurum.
2937 647 3049 714 Ego
3075 647 3261 716 igitur,
3288 648 3494 716 inquit,

1912 738 2224 808 iuramenta
2269 737 2483 806 concipi
2541 736 2806 800 arbitror,
2853 746 2950 792 aut
2983 739 3112 807 quia
3147 740 3238 808 qui
3276 739 3496 807 jurant,

1919 827 2126 897 alioqui
2173 827 2334 882 ﬁdem
2391 842 2497 882 non
2546 838 2852 890 merentur,
2898 838 2994 882 aut
3028 830 3156 899 quia
3188 831 3392 898 quibus
3411 832 3505 902 ju-

1920 931 2074 974 ratur
2113 921 2195 974 vel
2247 921 2479 989 improbi
2515 930 2666 983 sunt,
2716 919 2884 992 474
2919 921 3001 975 vel
3029 931 3255 991 propter
3284 927 3503 990 magni-

1922 1011 2169 1067 tudinem
2200 1013 2619 1082 promissorum,
2647 1015 2750 1067 nisi
2776 1012 3152 1082 juramentum
3180 1013 3500 1078 accesserit,

1921 1102 2144 1157 credere
2189 1119 2298 1156 non
2342 1111 2596 1173 possunt.
2627 1101 2764 1157 Cum
2800 1103 2984 1172 itaque
3030 1119 3116 1158 me
3151 1105 3292 1157 citra
3315 1104 3502 1174 jusju-

1923 1197 2150 1249 randum
2185 1194 2289 1249 lide
2331 1195 2551 1263 dignum
2589 1209 2734 1273 esse,
2767 1210 2878 1248 non
2909 1194 3084 1248 solum
3125 1195 3489 1264 prmteritutn,

1923 1300 2140 1357 tempus
2187 1279 2316 1340 tam
2345 1289 2588 1354 longum,
2632 1301 2741 1356 quo
2781 1287 2949 1341 rebus
2981 1286 3246 1341 Romanis
3282 1288 3498 1358 praefui,

1924 1383 2177 1444 testetur,
2223 1379 2316 1433 sed
2355 1379 2522 1432 etiam
2547 1394 2646 1432 vos
2679 1377 2803 1448 ipsi,
2838 1379 2930 1449 qui
2967 1381 3020 1433 in
3057 1380 3250 1449 primis
3289 1381 3500 1434 ealum-
3561 1442 3569 1449 κ

1923 1471 2063 1527 niari
2092 1487 2176 1524 me
2200 1470 2500 1535 conamini,
2533 1469 2709 1522 celare
2733 1469 2808 1532 id,
2835 1470 2962 1539 quia
2988 1470 3501 1526 manifestissimum

1921 1579 2032 1619 non
2081 1563 2321 1630 possitis,
2356 1560 2692 1629 relinquitur
2722 1560 2876 1615 aliud
2916 1561 3078 1626 nihil,
3110 1577 3273 1630 quam
3308 1549 3393 1616 me
3416 1563 3504 1630 ju-

1926 1671 2073 1709 rasse
2108 1661 2332 1724 prepter
2361 1669 2458 1707 vos
2487 1656 2580 1722 qui
2603 1632 2980 1724 sycophantiis
3005 1653 3259 1723 gaudetis
3293 1671 3306 1707 :
3343 1654 3501 1708 ideo-

1926 1731 2031 1815 que
2079 1762 2182 1800 nec
2211 1746 2278 1799 iis
2328 1743 2490 1800 ﬁdem
2520 1743 2871 1799 commodare
2901 1744 3155 1814 potestis,
3189 1761 3327 1816 quos
3357 1745 3502 1816 ipse-

1921 1850 2032 1895 met
2092 1855 2372 1909 nunquam
2435 1853 2556 1893 esse
2615 1839 2877 1894 mentitos
2939 1839 3335 1904 testificantini.
3411 1841 3504 1897 Sic

1920 1941 2103 1986 autem
2141 1947 2198 1986 se
2245 1932 2448 1985 habere
2479 1945 2604 2000 qua:
2642 1930 3346 2002 dejuramentisdiximus,
3374 1947 3500 1988 cum
3539 1975 3541 1977 .

1919 2035 1975 2080 et
2025 2025 2152 2078 hinc
2199 2024 2434 2092 liqueat,
2489 2023 2634 2076 nitar
2680 2032 2862 2077 tamen
2907 2023 3160 2092 exemplo
3205 2025 3501 2079 verissimo

1922 2115 2152 2170 reddere
2205 2115 2487 2183 liquidius.
2516 2113 2574 2168 Si
2620 2113 2772 2168 enim
2827 2114 2972 2169 Deus
3011 2123 3201 2169 noster
3247 2127 3336 2170 est
3360 2117 3504 2170 Deus

1920 2223 2107 2270 verax,
2146 2215 2198 2260 ct
2246 2207 2361 2274 ipsa
2429 2207 2632 2260 veritas
2665 2214 2892 2261 vocatur
2926 2215 2982 2260 et
3012 2215 3118 2271 est,
3150 2217 3503 2277 mereturun

1923 2297 2084 2352 fidem
2123 2299 2291 2352 etiam
2342 2298 2636 2367 injuratus,
2675 2308 2726 2351 et
2759 2307 2942 2352 tamen
2974 2313 3085 2372 non
3115 2300 3291 2352 solum
3322 2298 3502 2353 Abra-

1921 2393 2084 2446 hamo
2137 2406 2237 2460 per
2290 2373 2650 2459 semetipsum
2695 2389 2945 2459 juravit,
3000 2390 3501 2458 multipjicaturum

1919 2488 2039 2554 ejus
2092 2470 2278 2537 semen
2321 2481 2453 2537 :sed
2504 2481 2691 2534 Davidi
2720 2497 2939 2552 quoque
2987 2491 3197 2551 postea,
3240 2500 3258 2532 ι
3290 2481 3504 2536 .luravit

1920 2571 2088 2634 enim,
2143 2569 2341 2638 inquit,
2395 2569 2657 2622 D0llliﬂlla
2707 2568 2877 2622 David
2921 2569 3231 2631 veritatem,
3283 2580 3340 2624 et
3393 2585 3504 2624 non

1921 2661 2275 2714 frustrabitur
2295 2676 2416 2715 eam
2451 2679 2464 2715 :
2500 2681 2518 2712 ι
2555 2671 2722 2731 patet,
2754 2676 2866 2714 non
2902 2673 3127 2732 prapter
3157 2678 3235 2726 se,
3253 2661 3346 2716 sed
3382 2678 3506 2732 pro-

1919 2761 2043 2822 pter
2092 2747 2522 2808 imhecillitatem
2606 2753 2991 2819 audientium,
3046 2769 3350 2821 eorumque
3401 2769 3506 2808 nu.

1932 2854 2134 2899 tantem
2174 2844 2319 2898 circa
2361 2845 2628 2913 promissa
2663 2843 2847 2909 fidem,
2877 2843 3173 2915 juravisse.
3200 2843 3268 2896 Et
3299 2845 3503 2898 Paulus

1921 2936 2270 3007 postmodum
2323 2937 2606 3008 apostolus
2666 2946 2721 2989 et
2768 2950 2946 3005 praco
2984 2923 3298 2999 veritatis,
3328 2939 3394 2990 de
3437 2936 3504 2990 iis

1922 3043 2042 3100 qua:
2087 3029 2141 3082 in
2191 3028 2412 3082 tertium
2456 3025 2654 3082 malum
2697 3038 2890 3096 raptus
2942 3027 3102 3092 vidit,
3143 3037 3500 3091 narraturus,

238 3143 337 3182 του
387 3129 868 3200 καταφανέστερον
916 3133 1109 3184 ποιεῖν.
1161 3129 1224 3184 El
1273 3130 1380 3200 γάρ
1413 3129 1442 3182 6
1476 3129 1605 3192 Θεὸς
1637 3130 1816 3199 ἡμῶν,

1926 3121 2139 3177 tametsi
2181 3121 2598 3176 veraeissimum
2626 3136 2684 3176 se
2711 3136 2831 3175 esse
2859 3129 3068 3184 nosset,
3132 3119 3504 3174 nihilominus

240 3218 379 3282 Θεός
406 3219 556 3272 ἐστιν
582 3219 858 3289 ἀληθινὸς,
891 3223 983 3274 καὶ
1016 3219 1379 3285 αύτοαλήθεια
1417 3223 1510 3279 καὶ
1551 3222 1816 3286 καλεῖται,

239 3308 343 3360 καὶ
381 3308 518 3371 ἐστὶ,
573 3307 670 3361 καὶ
702 3307 911 3371 δίκαιός
943 3313 1061 3361 ὲστι
1094 3307 1452 3362 πιστεύεσθαι
1503 3311 1595 3362 καὶ
1643 3309 1822 3377 ὅρκων

235 3398 436 3470 χωρίς·
473 3399 500 3452 6
527 3399 606 3462 δὲ,
642 3398 799 3469 ούτῷ
839 3399 1094 3471 Ἀϐραὰμ
1129 3401 1288 3470 μόνον
1320 3400 1502 3468 ὤμοσε
1531 3400 1654 3454 καθ’
1691 3401 1819 3452 ἑαυ-

234 3488 338 3542 τοῦ
367 3484 518 3559 ἦμὴν
555 3490 853 3561 πληθυνεῖν
885 3489 1050 3543 αὐτοῦ
1084 3492 1142 3544 τὸ
1172 3493 1414 3562 σπέρμαο
1449 3489 1584 3543 ἀλλὰ
1622 3492 1717 3542 καὶ
1743 3490 1821 3561 τῷ

238 3580 412 3632 Δαυὶδ
442 3579 692 3650 ὕστερον,
716 3600 734 3632 ι
765 3581 967 3651 Ὠμοσε
993 3581 1120 3649 γάρ,
1138 3581 1292 3652 φησὶ,
1319 3580 1521 3649 Κύριος
1551 3577 1627 3650 τῷ
1659 3580 1822 3632 Δαυὶδ

235 3669 524 3741 ἀλήθειαν,
555 3669 650 3723 καὶ
673 3669 735 3722 ού
769 3670 842 3739 μὴ
869 3670 1032 3741 ἀθετή
1045 3688 1108 3741 σῃ
1139 3669 1329 3738 αὐτὴν,
1359 3685 1379 3721 ι
1412 3667 1572 3738 δῆλον
1601 3667 1676 3731 ὡς
1721 3669 1820 3739 ούχ

235 3739 464 3822 ἑαυτοῦ,
499 3759 600 3824 τῆς
635 3739 1106 3828 μικροψυχίαςδὲ
1130 3757 1238 3810 τῶν
1272 3757 1584 3811 ἀκουόντων
1631 3757 1819 3822 ἕνεκα,

233 3852 336 3904 καὶ
397 3850 498 3920 τῆς
549 3850 678 3920 περὶ
703 3850 771 3903 τά
819 3848 1269 3918 ἐπαγγελλόμενα
1315 3849 1649 3918 ἀμφιὸολίας
1695 3850 1821 3931 τοὺς

233 3944 444 4012 ὅρκους
481 3944 740 3994 ἐποιεῖτο.
767 3941 878 3994 Καὶ
913 3940 1126 4002 Παῦλος
1150 3939 1205 3993 δὲ
1239 3939 1466 4010 ὓστερον
1497 3944 1523 3994 6
1555 3942 1652 4011 τῆς
1684 3941 1820 4012 ἀλη-

233 4032 395 4092 θείας
421 4030 669 4103 μαθητὴς
701 4033 797 4084 καὶ
829 4030 1008 4101 κῆρυξ
1038 4032 1168 4102 περὶ
1211 4025 1287 4084 ὧν
1328 4032 1408 4095 εὶς
1438 4033 1622 4102 τρίτον
1653 4033 1822 4101 ούρὰ-

230 4123 334 4177 νὺν
388 4123 662 4192 ἀρπαγεὶς
705 4117 838 4187 εἶδε,
884 4123 1096 4192 μέλλων
1118 4123 1445 4191 διηγεῖσθαι,
1494 4122 1590 4177 καί
1641 4123 1725 4176 τοί
1757 4141 1820 4190 γε

231 4213 425 4282 ἑαυτῷ
446 4213 651 4286 πολλῂν
677 4212 936 4277 συνειδὼς
963 4215 1244 4285 ἀλήθειαν,
1267 4217 1415 4284 ὅμως
1428 4216 1525 4284 τῆς
1550 4216 1822 4283 ὠφελείας

229 4305 408 4358 ἕνεκα
456 4303 562 4356 τῶν
617 4303 927 4356 ἀκουόντων
962 4319 976 4333 ·
1009 4321 1027 4354 ι
1067 4305 1392 4374 Εὐλογητὸς,
1422 4300 1596 4371 εἶπεν,
1629 4307 1656 4357 6
1690 4306 1823 4370 Θεὸς

227 4398 322 4450 ὅτι
353 4396 417 4448 o6
445 4394 772 4464 ψεύδομαι,›
793 4395 869 4455 ὡς
901 4395 968 4448 ἂν
1005 4394 1108 4448 ὑπὸ
1143 4397 1385 4466 μάρτυρι
1406 4395 1524 4466 Θεῷ
1549 4397 1822 4468 ίσχυριζό-

229 4503 411 4559 μενος
439 4486 616 4553 λέγειν
649 4484 685 4538 ἀ
718 4488 854 4556 ἐρεῖ,
891 4486 985 4539 καὶ
1023 4485 1110 4540 διὰ
1147 4487 1308 4538 τοῦτο
1354 4485 1522 4550 ἀξιῶν
1568 4486 1822 4540 πιστεύε-

1925 3224 2152 3286 propter
2182 3215 2524 3270 andientimn
2580 3213 2894 3282 utilitatem,
2929 3230 2948 3264 ι
2987 3213 3153 3280 Deus,
3181 3211 3383 3282 inquit,
3409 3211 3504 3281 qui

1923 3319 2006 3364 est
2033 3306 2358 3362 benedictus
2381 3308 2434 3361 in
2460 3306 2681 3373 swenla,
2712 3308 2836 3372 scit,
2865 3307 2994 3376 quia
3028 3321 3140 3360 non
3167 3304 3404 3360 mentior
3424 3346 3438 3370 ,
3478 3321 3498 3356 ι

1923 3401 2075 3454 velut
2108 3398 2217 3451 Deo
2244 3407 2380 3451 teste
2407 3398 2740 3452 conﬁrmans
2773 3411 2830 3451 se
2855 3396 3064 3459 dicere,
3088 3413 3209 3466 qua:
3236 3395 3460 3450 dicebat
3485 3436 3501 3459 ,

1922 3499 1979 3547 et
2023 3489 2147 3544 ideo
2193 3503 2410 3558 :equum
2444 3503 2696 3549 censeas.
2734 3487 2839 3542 sibi
2872 3489 3049 3542 credi.
3085 3487 3314 3556 Semper
3347 3486 3503 3540 enim

1923 3579 2298 3637 incredulitati
2341 3595 2546 3648 magna:
2609 3595 2696 3634 res
2721 3579 2940 3633 elevare
2964 3585 3019 3633 et
3045 3589 3349 3633 extenuare
3385 3591 3506 3631 mos

1923 3681 2029 3728 est.
2061 3671 2205 3742 Ergo
2233 3669 2404 3740 magis
2431 3685 2532 3722 vos
2583 3669 2756 3738 ipsos,
2791 3683 2954 3738 quam
2987 3683 3074 3722 me
3109 3667 3507 3738 propterjura-

1923 3772 2168 3822 mentum
2227 3760 2715 3832 reprehendendos
2758 3760 2926 3815 fuisse
2954 3759 3304 3830 perSpiciatis
3339 3759 3501 3813 licet.

1925 3855 2034 3910 Vos
2079 3867 2229 3920 vero,
2281 3850 2556 3921 quomodo
2595 3850 2653 3904 in
2685 3849 2830 3915 aliis,
2863 3844 3079 3920 justitia
3125 3850 3381 3903 damnata
3446 3857 3506 3903 et

1924 3959 1990 4000 ex
2044 3943 2276 4012 imperio
2327 3941 2576 3996 Romano
2633 3940 2827 4012 ejecta,
2883 3951 3151 3995 consueto
3202 3949 3261 3996 et
3329 3940 3507 3993 amico

1926 4033 2212 4088 mendacio
2244 4047 2308 4085 ac
2343 4029 2721 4102 sycophantiis
2752 4029 3089 4093 adhaeretis,’
3128 4043 3229 4085 nec
3261 4028 3364 4083 hoc
3398 4027 3508 4082 sal-

1925 4135 2035 4180 tem
2075 4123 2462 4188 recordamini,
2495 4138 2620 4192 quaa
2661 4121 2715 4174 in
2751 4121 2852 4174 hac
2879 4119 2987 4174 vita
3020 4121 3374 4192 gesserimus,
3406 4136 3506 4175 eo-

1925 4232 2047 4270 rum
2106 4231 2205 4270 nos
2228 4214 2474 4270 omnium
2513 4224 2635 4284 post
2671 4213 2836 4266 ﬁnem
2868 4209 3034 4282 hujus
3061 4212 3199 4266 lucis
3232 4211 3502 4264 rationem

1925 4307 2362 4363 reddituros.Ast
2377 4315 2564 4374 egomt
2582 4313 2764 4367 antea,
2781 4304 2863 4358 sic
2882 4303 3045 4357 hodie
3061 4302 3229 4357 Deum
3251 4311 3502 4365 testatus,

1927 4403 2013 4454 aio
2052 4416 2136 4461 me
2193 4398 2328 4454 nihil
2375 4399 2518 4453 aliud
2567 4397 2752 4452 statim
2804 4396 2875 4451 ab
2923 4393 3080 4450 initio
3120 4405 3241 4465 post
3293 4395 3503 4447 obitum

1929 4491 2299 4562 imperatoris.
2331 4506 2495 4559 quam
2523 4505 2644 4559 qua:
2665 4486 3003 4558 imperatrici
3034 4500 3090 4541 et
3136 4486 3327 4540 liberis
3355 4486 3499 4555 ejus,

229 4581 392 4635 σθαι.
427 4579 588 4642 Ἐθος
617 4580 724 4647 γὰρ
764 4578 851 4630 ἀεὶ
882 4580 949 4648 τῇ
1000 4579 1232 4648 ἀπιστίᾳ
1267 4579 1483 4645 μεγάλα
1532 4581 1646 4641 τοῖς
1683 4580 1819 4649 πρά-

1927 4591 1983 4637 et
2021 4582 2302 4636 communi
2358 4581 2733 4636 Romanorum
2761 4579 3141 4647 conducerent
3166 4618 3181 4642 ,
3207 4577 3499 4645 cogitasse,
3553 4627 3555 4629 ,

226 4689 420 4743 γμασι
462 4669 849 4740 λυμαίνεσθαι.
889 4668 1142 4734 Ἔξεστιν
1177 4667 1272 4721 οὖν
1320 4669 1450 4740 ὑμῖν
1486 4672 1710 4724 σκοπεῖν
1745 4673 1819 4736 ὡς

1923 4674 2216 4743 tacereque
2257 4671 2637 4728 contendisse.
2668 4673 2870 4727 Verum
2913 4673 3003 4726 ubi
3030 4671 3107 4725 illi
3155 4671 3306 4725 nulla
3339 4683 3502 4729 causa

230 4769 433 4834 σφίσιν
486 4765 670 4826 αὐτοῖς
725 4763 948 4832 μᾶλλον,
1001 4762 1035 4833 ἢ
1081 4764 1206 4832 ἐμοὶ
1257 4763 1368 4815 τῶν
1425 4764 1606 4832 ὅρκων
1660 4755 1819 4817 ἕνεκα

1922 4765 2190 4836 legitima,
2219 4765 2313 4819 sed
2346 4765 2640 4820 calumniis
2665 4775 2875 4820 tantum
2902 4780 2968 4819 eo
2998 4765 3219 4834 impulsi
3239 4771 3387 4827 sunt,
3443 4771 3502 4815 ut

233 4857 567 4931 μέμφεσθαι
607 4857 906 4926 προσῆκεν.
949 4854 1140 4924 Ὑμεῖς
1185 4854 1374 4925 ὥσπερ
1408 4858 1465 4908 ἐν
1496 4858 1609 4918 τοῖς
1642 4857 1819 4919 ἄλλοις

1926 4873 2014 4911 me
2066 4855 2230 4910 armis
2256 4867 2748 4926 persequerentur,
2777 4857 3092 4911 necessario
3121 4865 3177 4910 et
3229 4855 3344 4924 ipse
3377 4870 3498 4923 ago,

225 4948 510 5017 ἀειφυγίᾳ
542 4947 602 4998 τὸ
643 4945 853 4998 δίκαιον
903 4944 1389 5006 καταδικάσαντες,
1422 4946 1516 4996 καὶ
1550 4945 1648 5013 τῆς
1692 4944 1819 4999 Ῥω.

1932 4945 2077 5000 unde
2108 4945 2246 5000 mibi
2303 4955 2359 5000 et
2388 4947 2860 5001 commilitonibus
2893 4949 3032 5001 meis
3059 4948 3207 5000 salus
3240 4946 3503 5012 pariatur.

231 5044 424 5114 μαίων
489 5039 862 5100 ἀπελάσαντες
902 5037 1076 5108 ἀρχῆς
1115 5037 1195 5105 τῷ
1242 5037 1379 5107 φίλῳ
1416 5037 1600 5106 ψεύδει
1643 5038 1917 5108 κέχρησθε
1983 5040 2091 5104 ἀεὶ,
2161 5041 2256 5094 καὶ
2321 5042 2444 5101 ταῖς
2497 5024 2906 5109 συκοφαντίαῖςο
2940 5040 3060 5090 οὐδὲ
3095 5038 3252 5091 τοῦτο
3294 5054 3506 5104 μεμνη-

228 5137 397 5206 μένοι
453 5132 586 5200 γοῦν
642 5132 722 5185 ὅτι
795 5131 905 5182 τῶν
977 5131 1107 5201 τῇδε
1173 5129 1524 5199 βεϐιωμένων
1581 5130 1820 5193 ἅπαντες
1899 5132 2173 5202 ύφέξομεν
2231 5131 2464 5196 εὐθύνας
2523 5134 2663 5202 μετὰ
2744 5131 2843 5202 τὴν
2894 5131 3104 5183 ἐνθένδε
3157 5129 3500 5197 ἀπαλλαγήν.

239 5227 398 5295 ⁹ῐίγὼ
423 5225 468 5278 δ’
533 5223 723 5293 ὥσπερ
767 5223 860 5275 καὶ
931 5222 1219 5293 πρότερον,
1268 5221 1410 5275 οὕτω
1461 5224 1554 5276 καὶ
1600 5223 1719 5288 νῦν,
1777 5225 1882 5277 ὑπὸ
1923 5226 2163 5297 μάρτυρι
2199 5224 2274 5295 τῷ
2305 5223 2422 5294 Θεῷ
2454 5225 2619 5293 λέγω,
2653 5225 2728 5288 ὡς
2762 5225 2914 5288 ούδὲν
2945 5223 3132 5292 ἕτερον
3156 5222 3313 5280 εὐθὺς
3345 5221 3504 5290 ἐξαρ-

224 5325 339 5398 χῆς
380 5323 520 5393 μετά
562 5320 661 5390 τὴν
709 5318 974 5390 βασιλέως
1017 5318 1294 5388 τελευτὴν,
1344 5320 1376 5389 ἢ
1411 5320 1513 5373 ὅσα
1547 5321 1804 5390 βασιλίδι,
1848 5322 1942 5374 καὶ
1975 5323 2139 5376 παισὶ
2176 5323 2469 5394 συμφέρει,
2538 5325 2632 5377 καὶ
2680 5324 2814 5374 πᾶσι
2855 5323 3006 5390 κοινῇ
3069 5318 3364 5396 Ῥωμαίοις
3395 5317 3502 5368 διε-

225 5417 484 5485 νοούμην
515 5431 573 5466 τε
615 5415 709 5465 καὶ
739 5414 1002 5483 πράττειν
1035 5409 1181 5481 εἶχον
1210 5413 1299 5466 διὰ
1337 5413 1591 5483 σπουδῆς.
1641 5415 1897 5467 Ἐκείνων
1953 5416 2010 5471 δὲ
2071 5417 2133 5480 ἐξ
2197 5417 2456 5486 οὐδεμιᾶς
2521 5417 2699 5478 αἰτίας
2739 5414 2997 5482 ἀληθοῦς,
3038 5414 3154 5467 ἀλλ’
3188 5413 3292 5465 ὑπὸ
3323 5414 3502 5462 συκο-

232 5511 477 5576 φαντίας
515 5506 651 5575 πρὸς
695 5505 786 5558 τὶν
815 5503 937 5556 κατ’
964 5501 1098 5572 ἐμοῦ
1142 5506 1521 5577 κεκινημένων
1587 5507 1849 5576 πόλεμον,
1896 5509 2211 5578 ἀναγκαίως
2240 5511 2336 5563 καὶ
2371 5509 2534 5574 αὐτὸς
2579 5510 2636 5577 ἐξ
2672 5503 2746 5564 ὧν
2789 5508 3000 5578 νομίζω
3061 5506 3281 5578 ἐμαυτῷ
3312 5522 3370 5559 τε
3405 5501 3500 5558 καί

225 5607 354 5668 τοῖς
386 5600 608 5657 συνοῦσι
653 5599 751 5670 την
783 5599 1059 5669 σωτηρίαν
1091 5600 1404 5670 ἐκπορίζειν
1443 5602 1686 5673 πράττω.
1730 5647 1739 5660 ,
2545 5592 2552 5599 ’
