3998 6198
175 303 276 367 929

1318 300 1872 364 HISTORIARUM
1915 299 2150 361 LIBER
2184 298 2304 360 III.

3328 299 3440 366 930

179 417 320 472 κέων
365 415 416 468 οι
457 414 528 468 τὰ
570 411 817 484 ἡμέτερα
863 413 1154 484 ᾑρημένοι,
1203 411 1297 476 οὒς
1347 393 1578 483 rami,»
1605 411 1764 465 πόλιν

1871 415 1997 469 tor,
2054 414 2108 461 et
2160 405 2260 477 qui
2307 402 2591 460 nobiscum
2646 401 2859 482 faciunt
2895 404 3441 473 Tbessalonicenses,

179 510 400 580 ἔχοντας
436 508 637 578 εὑρεῖν,
667 507 763 561 καὶ¹
785 507 856 559 τά
900 507 1131 577 μέγιστα
1168 505 1497 574 ὠφελεῖσθαι
1545 504 1638 558 ὑπ’
1669 504 1767 559 αὒ-

177 600 308 664 τῶν,
352 598 596 669 δυσκόλῳ
635 598 772 672 τύχῃ
803 599 1162 669 χρησάμενοι,
1193 598 1544 668 ἐξελήλανται
1567 614 1580 630 ·
1613 598 1642 651 ὃ
1701 613 1764 650 τε

177 691 370 760 δῆμος,
387 691 482 744 καὶ
503 691 551 743 oi
587 690 1090 759 ὲναπολειφθέντες,
1119 689 1213 752 οὓς
1243 690 1548 761 ἠλπίζομεν
1578 691 1611 762 ἢ
1642 707 1765 742 πει-

181 785 263 837 θοῖ
283 782 678 855 προσάξεσθαι,
704 782 738 854 ἢ
768 783 1055 851 βιάσεσθαι
1083 786 1196 847 τοῖς
1227 779 1434 846 ὅπλοις,
1467 783 1555 837 διά
1577 800 1637 836 τε
1665 784 1766 844 τάς

178 875 437 946 ἁρπαγὰς
456 876 588 946 ἡμῖν
611 876 676 928 εκ
711 875 1163 944 πεπολεμωμένοι
1211 876 1305 928 καὶ
1338 875 1670 946 θαρροῦντες
1695 877 1762 946 τῇ

178 968 244 1020 ὲκ
278 963 580 1030 Βυζαντίου
610 967 860 1036 στρατιᾷ,
891 967 952 1019 οὐ
982 967 1478 1037 προσχωρήσουσιν
1499 968 1656 1036 ἡμῖν.
1697 965 1761 1019 Et

181 1059 292 1129 γὰρ
317 1058 569 1128 εμελλον,
620 1058 722 1110 οὐκ
781 1058 850 1111 ἀν
891 1057 984 1110 ἐπὶ
1031 1061 1132 1129 τῆς
1161 1057 1341 1127 πύλης
1364 1057 1543 1111 αὐτῶν
1576 1057 1764 1127 σχεδὸν

178 1147 754 1217 εστρατοπεδευμένου
815 1147 1086 1218 ἡσύχαζον
1144 1148 1357 1202 αὖτοί’.
1395 1149 1576 1219 ἀλλ’ἢ
1625 1167 1764 1219 πρε-

183 1239 371 1306 σϐείαν
400 1238 720 1308 ποιούμενοι
754 1241 931 1308 κοινῇ,
964 1239 998 1309 ἢ
1038 1239 1146 1309 ἰδίᾳ
1176 1239 1362 1309 κρύφα
1405 1240 1548 1303 τινες
1581 1241 1763 1293 αὐτῶν

178 1330 570 1398 διαλεγόμενοι,
616 1329 875 1400 παρῆσαν
914 1331 1004 1384 ἀν.
1057 1330 1132 1384 Τὸ
1165 1331 1222 1384 δὲ
1253 1331 1462 1404 μηδένα
1498 1332 1760 1399 ἐξελθεῖν,

179 1419 488 1489 τεκμήριον
521 1417 615 1472 τοῦ
660 1435 719 1472 τε
747 1418 876 1482 τοὺς
912 1419 1142 1484 πολλοὺς
1170 1421 1472 1489 ἐγνωκέναι
1503 1423 1763 1493 πολεμεῖν

181 1512 339 1580 ἡμῖν,
378 1512 475 1564 καὶ
508 1510 601 1563 τοῦ
629 1511 682 1564 ετ
712 1527 856 1572 τινες
883 1511 978 1565 καὶ
1010 1509 1120 1568 εἷεν
1149 1515 1417 1585 ᾑρημένοι
1460 1515 1531 1570 τά
1558 1517 1764 1587 ἡμέτε-

181 1618 276 1670 ρα,
312 1600 424 1653 δέει
451 1599 546 1653 τοῦ
606 1600 681 1671 μὴ
734 1601 1166 1664 κακῶςπαθεῖν
1219 1604 1601 1675 συμφέρεσθαι
1646 1607 1764 1669 τοῖς

180 1690 386 1752 ἄλλοις.
429 1689 593 1743 Ὅθεν
614 1689 738 1745 οὐδὲ
761 1691 990 1744 ἐλπίδων
1021 1693 1301 1765 ἀνονήτων
1334 1696 1498 1749 ἕνεκα
1525 1695 1764 1751 ἐνταῦθα

181 1779 369 1850 οῐομαι
400 1781 735 1851 παραμένειν
779 1781 913 1836 δεῖν.
946 1784 1020 1836 Οὐ
1070 1784 1178 1854 μὴν
1205 1785 1297 1839 διά
1318 1787 1378 1840 τὺ
1421 1788 1523 1856 τῆς
1554 1787 1762 1853 πόλεως

181 1867 676 1937 ἀποτετυχηκέναι,
705 1867 800 1938 καὶ
833 1868 971 1940 πρὸς
997 1871 1065 1924 τά
1110 1870 1369 1926 λείποντα
1406 1873 1615 1928 δίκαιον
1664 1876 1762 1931 τοῦ

180 1956 429 2024 πολέμου
466 1958 878 2027 μαλακίζεσθαι.
915 1959 1052 2015 Οὐδὲ
1085 1962 1194 2033 γὰρ
1244 1964 1364 2019 οὐδὲ
1417 1965 1555 2037 πρὸς
1583 1967 1763 2022 πάντα

177 2051 557 2120 εὐτυχήσομεν
585 2052 691 2106 ἀεί.
729 2053 1032 2124 Σωφρόνων
1060 2055 1116 2108 δέ
1159 2058 1308 2110 εστιν
1337 2056 1644 2128 ἀνθρώπων
1667 2060 1764 2113 καὶ

178 2142 452 2209 γενναίοις
479 2143 781 2213 χρωμένων
826 2144 1130 2216 λογισμοῖς,
1172 2149 1312 2217 μήτε
1348 2149 1407 2200 ὲν
1435 2149 1557 2210 ταῖς
1602 2148 1762 2201 εὐτυ·-

179 2233 324 2305 χίαις
353 2233 449 2286 τοῦ
486 2237 711 2304 μετρίου
760 2235 1049 2305 φαίνεσθαι
1110 2239 1502 2305 ἐκπίπτοντας,
1544 2239 1671 2309 μήτ’
1705 2240 1764 2293 ἐν

183 2327 296 2387 ταῖς
354 2324 719 2395 δυσπραγίαις
777 2327 1150 2381 καταπίπτειν
1215 2328 1665 2400 ἀπαγορεύοντας
1699 2330 1786 2382 τὸ.

179 2415 539 2482 ἀνορθοῦσθαι
563 2416 719 2479 αὖθις
742 2431 754 2446 ·
788 2417 925 2470 ἀλλά
953 2417 1074 2472 δέον
1099 2417 1167 2472 τὰ
1197 2418 1431 2473 ἐνταῦθα
1454 2419 1530 2484 ὡς
1558 2421 1766 2492 προσῆ-

180 2525 272 2560 κον
292 2507 768 2579 διοικησαμένους,
803 2513 1005 2581 χωρεῖν
1057 2511 1152 2564 ἐπὶ
1193 2511 1262 2564 τὰ
1290 2513 1478 2582 πρόσω
1527 2529 1763 2583 χρηστο-

177 2601 346 2670 τέρας
370 2601 524 2670 ἡμῖν,
553 2601 645 2654 καὶ
675 2601 748 2664 ὡς
787 2602 1025 2670 μάλιστα
1077 2602 1343 2668 ἀσφαλεῖς
1396 2603 1762 2672 ὑποφαίνοντα

178 2693 424 2756 ἐλπίδας.
454 2693 582 2746 Δέον
602 2692 694 2747 οὖν
732 2692 844 2759 ἐγὼ
867 2695 1076 2763 νομίζω
1104 2697 1170 2767 τῇ
1217 2696 1298 2758 είς
1350 2696 1450 2764 τὴν
1483 2693 1761 2752 Ῥεντίναν

177 2783 646 2856 καταλελειγμένῃ
669 2787 885 2856 φρουρᾷ
904 2785 1134 2854 δύναμιν
1150 2785 1491 2854 προσθέντας
1510 2787 1760 2856 μείζονα,

177 2878 254 2938 ὼς
277 2877 638 2947 κατατρέχειν
686 2877 1088 2947 θεσσαλονίκης
1143 2877 1416 2932 δύναιντο.
1458 2877 1520 2932 Ἢ
1557 2879 1668 2948 γὰρ
1695 2881 1760 2933 ὲκ

179 2968 481 3033 Βυζαντίου
511 2970 762 3037 στρατιὰ,
820 2970 880 3022 οὐ
915 2969 1095 3040 πολλῷ
1124 2968 1350 3039 ὕστερον
1384 2970 1756 3042 ἀποχωρήσει,

1867 513 2008 567 quas
2040 498 2331 568 oportebat
2377 513 2478 552 nos
2507 497 2696 552 urbem
2731 508 2979 554 tenentes
3028 499 3275 556 invenire
3297 542 3313 566 ,
3352 517 3448 556 eo-

1867 603 2102 659 rumque
2145 589 2346 659 opibus
2398 588 2451 643 in
2504 589 2696 658 primis
2730 590 3022 660 adjuvari,
3061 590 3258 646 infesta
3315 610 3448 661 qua-

1867 679 1994 735 dam
2079 679 2304 734 fortuna
2376 680 2587 750 expulsi
2647 691 2816 747 sunt;
2875 690 2931 735 et
2982 683 3218 752 populus
3255 693 3448 755 atque

1866 770 2017 826 intus
2050 771 2226 824 relicti
2254 812 2269 834 ,
2301 785 2442 839 quos
2487 780 2582 824 aut
2611 771 2799 826 verbis
2833 770 3062 827 innexos
3085 811 3102 838 ,
3151 783 3245 827 aut
3276 775 3446 829 armis

1866 863 2181 932 compulsos
2209 863 2276 918 ad
2308 879 2408 917 nos
2439 878 2762 918 accessuros
2799 879 2926 932 spes
2970 875 3113 930 erat,
3159 881 3283 921 cum
3317 882 3446 937 pro-

1867 962 1990 1022 pter
2020 955 2365 1026 direptiones
2401 963 2591 1010 nostra
2619 971 2784 1010 causa
2835 956 3095 1014 toleratas
3141 949 3304 1014 nobis
3333 959 3445 1012 ini-

1865 1051 2150 1106 micissimi
2213 1059 2392 1118 sunt,
2432 1062 2579 1106 .tum
2634 1052 2892 1122 praasidio
2953 1054 3253 1125 Byzantina
3311 1069 3446 1120 con-,-

1867 1142 1975 1203 fisi.
2005 1158 2063 1198 se
2100 1159 2447 1214 nequaquam
2480 1144 2703 1198 dedent.
2737 1144 2893 1210 Quod
2921 1145 2966 1201 si
3001 1145 3184 1200 facere
3211 1147 3442 1212 vellent,

1872 1248 1960 1287 me
2000 1244 2128 1288 ante
2163 1245 2353 1304 portas
2403 1236 2804 1305 propemodum
2856 1245 3302 1298 eastrametante.
3339 1236 3442 1306 ipsi

1864 1339 1974 1378 non
2004 1326 2396 1394 quiescerent,
2474 1325 2572 1380 sed
2624 1335 2722 1380 aut
2750 1326 2935 1381 missis
2971 1326 3170 1396 legatis
3197 1342 3442 1381 commu-

1865 1415 2011 1470 niter
2074 1425 2174 1470 aut
2234 1415 2492 1486 privatim
2527 1416 2748 1471 occulte
2793 1414 3014 1484 quidam
3054 1431 3265 1471 mecum
3301 1432 3442 1485 pra:-

1873 1515 2063 1563 sentes
2111 1516 2359 1579 agerent.
2395 1509 2535 1575 Quia
2565 1523 2697 1563 vero
2737 1509 2923 1563 nullus
2954 1508 3257 1578 egreditur,
3296 1509 3444 1564 indi-

1828 1643 1832 1648 ,
1867 1599 2018 1655 cium
2071 1612 2158 1658 est
2180 1639 2198 1666 ,
2231 1601 2429 1672 vulgus
2481 1601 2767 1658 decertare
2820 1601 3106 1656 nobiscum
3135 1603 3394 1655 statuisse
3424 1619 3439 1655 :

1865 1702 1961 1759 et,
2011 1693 2062 1749 si
2105 1693 2330 1764 quidam
2363 1694 2530 1750 etiam
2584 1695 2737 1758 sint,
2785 1696 2991 1764 quibus
3026 1703 3225 1750 nostra:
3263 1703 3445 1765 partes

1866 1789 2205 1858 probentur,
2257 1805 2355 1846 eos
2402 1799 2552 1847 metu
2607 1791 2912 1846 subeundae
2943 1791 3275 1848 calamitatis
3332 1808 3444 1848 uno

1865 1879 2039 1934 veluti
2074 1879 2242 1937 ﬂuctu
2292 1896 2418 1937 cum
2465 1883 2590 1938 aliis
2637 1881 2819 1952 abripi
2873 1892 2930 1938 et
2998 1883 3226 1939 involvi.
3258 1884 3442 1951 Quare
3484 1883 3486 1885 ’

1867 1985 1994 2026 eum
2027 1987 2166 2028 vana
2199 1987 2294 2043 spe
2314 1973 2411 2029 hic
2435 1973 2772 2030 manendum
2800 1990 2910 2030 non
2938 1985 3096 2045 puto.
3125 1976 3236 2032 Nec
3258 1985 3440 2032 tamen

1873 2065 2138 2133 quoniam
2177 2081 2286 2120 una
2333 2066 2558 2121 civitate
2608 2066 2958 2133 frustramur,
2998 2083 3218 2138 aaquum
3259 2077 3342 2124 est
3372 2069 3442 2124 ad

1864 2153 2068 2210 bellum
2100 2156 2167 2212 de
2193 2169 2396 2213 caetero
2437 2159 2690 2222 enervari
2710 2167 2874 2228 atque
2905 2160 3223 2216 mollescere
3251 2177 3266 2224 ;
3303 2177 3444 2215 nuu-

1864 2262 2028 2317 quam
2076 2246 2244 2319 479
2269 2248 2418 2302 enim
2465 2247 2713 2318 profecto
2756 2265 2854 2319 per
2895 2252 3076 2328 omnia
3141 2252 3330 2306 felices
3376 2267 3443 2307 ac

1863 2337 2132 2394 fortunati
2169 2341 2400 2395 erimus.
2440 2340 2804 2397 Prudentium
2852 2357 3020 2412 porro
3069 2354 3126 2398 et
3166 2344 3444 2399 animoso-

1867 2445 1991 2484 rum
2039 2439 2166 2496 est,
2215 2445 2319 2484 nec
2351 2433 2406 2485 in
2459 2431 2742 2501 prosperis
2791 2434 3116 2488 modestiam
3157 2435 3438 2503 deserere,

1869 2535 1970 2575 nec
1993 2519 2058 2576 in
2095 2520 2337 2576 turbidis
2368 2529 2424 2576 et
2453 2521 2706 2578 adversis
2731 2523 2808 2578 ita
2841 2523 3132 2580 caderent
3160 2541 3219 2580 se
3251 2540 3462 2580 resur-

1865 2621 2115 2667 recturos
2150 2613 2468 2682 desperent.
2517 2613 2624 2668 Sed
2655 2614 2748 2668 ubi
2775 2614 2842 2669 de
2877 2615 2963 2669 his
2988 2617 3442 2674 constituerimus

1864 2706 2014 2776 quod
2045 2721 2186 2775 opus
2213 2715 2331 2772 est,
2365 2706 2637 2769 ulterius,
2685 2707 2776 2762 ubi
2807 2707 3003 2762 melior
3032 2723 3096 2763 ac
3135 2710 3441 2765 certissima

1866 2813 1992 2867 spes
2013 2797 2260 2868 atl'ulget,
2281 2799 2648 2868 procedamus
2669 2811 2908 2868 oportet.
2927 2784 3108 2865 Quare
3129 2801 3441 2870 augendum

1867 2888 2161 2943 libentium
2210 2887 2528 2959 praesidium
2577 2889 2796 2959 opinor,
2832 2905 2942 2958 quo
2976 2906 3163 2960 agrum
3211 2891 3445 2946 Thessa-

1863 2976 2200 3032 lonicensem
2267 2978 2554 3032 incursare
2604 2987 2771 3046 queat
2823 2979 3006 3048 (miles
3055 2979 3202 3032 enim
3243 2979 3448 3050 Byzan-

179 3061 275 3115 καὶ
303 3063 366 3114 εν
394 3061 848 3133 Γυναικοκάστρῳ
876 3062 1108 3133 δύναμιν
1135 3063 1332 3133 ὁμοίαν
1359 3063 1760 3127 καταλιπόντας

1869 3070 2015 3126 tinus
2063 3085 2171 3124 non
2197 3070 2372 3124 multo
2424 3080 2546 3139 post
2577 3069 2873 3139 discedet),
2929 3079 2984 3125 et
3037 3069 3439 3142 Gynaecocastri

178 3149 282 3221 τῆς
308 3155 480 3224 αὐτῆς
504 3155 688 3218 αίτίας
717 3155 880 3209 ἕνεκα
918 3157 984 3226 τῇ
1018 3155 1154 3228 ἄλλῃ
1205 3158 1439 3227 στρατιᾷ
1466 3156 1760 3220 διαϐάντας

1869 3163 2055 3217 eadem
2087 3160 2157 3217 de
2195 3176 2361 3216 causa
2406 3161 2573 3217 simili
2626 3162 2822 3216 relicto
2851 3177 3103 3226 numero,
3157 3179 3283 3218 eum
3316 3164 3446 3220 reli-

179 3247 383 3309 αὐτοὺς
409 3248 504 3300 τὸν
545 3249 741 3314 ’Δξιὸ-ι,
768 3249 848 3312 είς
877 3249 1138 3320 Βέρῤοιαν
1176 3249 1428 3316 γενέσθαι
1455 3251 1551 3302 καὶ
1578 3249 1763 3302 Ἔξεσ-

182 3354 283 3391 σαν
317 3337 390 3391 τά
427 3337 669 3408 ἡμέτερα
703 3340 985 3410 ᾑρημένας
1029 3339 1212 3403 πόλεις
1233 3355 1248 3369 ο
1283 3340 1506 3392 ἐκείνων
1535 3339 1591 3392 δὲ
1623 3357 1760 3410 κρα-

180 3430 438 3498 τήσασιν,
472 3430 581 3484 οῖτε
608 3431 1396 3503 Θεσσαλοὶ”προσχωρήσουσιν
1429 3431 1629 3486 αὐτίκα
1668 3432 1761 3484 καὶ

195 3523 555 3592 Ἀκαρνανία,
602 3523 696 3577 καὶ
728 3523 790 3576 τὸ
845 3523 974 3577 ἀλλο
1007 3522 1410 3595 ἠπειρωτικδν,
1467 3522 1636 3577 πάλαι
1663 3525 1762 3594 τὴν

183 3615 326 3685 ἐμὴν
368 3614 553 3684 ἄφιξιν
608 3615 1064 3686 προσδεχόμενον.
1113 3616 1382 3687 Τοιαύτην
1435 3616 1492 3669 δὲ
1521 3618 1757 3687 προσλαμ-

181 3706 342 3759 6οὖσι
369 3705 619 3775 δύναμιν,
643 3705 818 3768 οὐδεὶς
844 3705 1202 3761 ἀνθίστασθαι
1247 3707 1328 3760 ἔτι
1372 3706 1618 3773 ἀξιώσει,
1647 3706 1762 3760 ἀλλ’

182 3797 215 3868 ἦ
241 3798 469 3860 ἑκόντες
499 3795 599 3866 τῆς
629 3796 808 3869 ἀρχῆς
843 3798 1043 3860 πάντες
1081 3797 1577 3869 παραχωρήσουσιν
1603 3799 1761 3867 ἡμῖν,

177 3890 215 3959 ἢ
248 3891 367 3950 τοῖς
415 3888 602 3947 ὅπλοις
649 3888 982 3964 βιασθέντες.
1050 3887 1289 3944 Τοιαῦτα
1333 3889 1578 3951 είπόντος
1613 3887 1766 3958 βασι-

178 3982 347 4047 λέως,
385 3981 828 4052 πρωτοστρῶωρ
876 3999 935 4035 τε
975 3984 1094 4052 ἅμα
1128 3982 1243 4044 τοῖς
1283 3979 1548 4046 συνοῦσι,
1589 3981 1684 4033 καὶ
1715 3979 1764 4032 oi.

178 4075 291 4129 ἀπὺ
323 4073 623 4138 Βυζαντίου
666 4073 902 4144 μάλιστα
950 4073 1208 4142 φυγάδες,
1257 4073 1316 4127 ιν
1349 4071 1510 4140 δεινῷ
1534 4072 1660 4136 τοὺς
1679 4069 1765 4123 λό-

177 4185 314 4236 γους
344 4167 644 4232 ἐποιοῦντο,
670 4166 766 4219 καὶ
789 4167 957 4234 φόϐου
993 4162 1134 4236 ἦσαν
1164 4165 1350 4235 μεστοὶ
1381 4167 1476 4218 καὶ
1500 4164 1762 4233 ἀγωνίας.

179 4261 274 4313 τὸν
302 4258 506 4312 πκάνον
533 4257 611 4320 ὡς
642 4258 944 4328 ἀπέραντον
960 4255 1392 4326 λογιζόμενοι,εί
1420 4256 1529 4310 δέοι
1563 4257 1762 4325 Ἀκαρο

179 4353 377 4406 νανίαν
410 4350 508 4404 καὶ
557 4350 826 4418 ’Ἤπειρον
887 4337 1185 4418 περιϊέναι,
1223 4351 1336 4411 τοῖς
1367 4350 1432 4401 ὲκ
1461 4347 1561 4416 τῆς
1601 4363 1766 4414 στρα-

1861 3267 1970 3320 quo
2025 3252 2242 3320 agmine
2275 3250 2410 3304 Axio
2459 3251 2688 3321 trajectu
2743 3266 2937 3306 versus
2994 3251 3312 3309 Berrlttnam
3383 3266 3440 3309 et

1870 3341 2136 3397 Edessam
2193 3344 2363 3397 urbes
2414 3343 2623 3396 amicas
2671 3343 3137 3412 progrediendum
3179 3362 3194 3398 :
3241 3347 3445 3412 quibus

1862 3434 2124 3502 acceptis,
2156 3443 2400 3488 actutum
2436 3432 2703 3496 Thessali,
2733 3433 3046 3488 Acarnanes
3109 3434 3179 3489 et
3242 3449 3441 3492 caetera

1879 3525 2209 3586 continens,
2244 3538 2272 3576 a
2314 3537 2419 3592 qua
2477 3522 2689 3591 pridem
2741 3531 3067 3590 exspector,
3120 3523 3186 3577 ad
3234 3541 3334 3578 nos
3380 3542 3442 3581 se

1877 3614 2236 3670 transferent.
2273 3613 2391 3668 Tali
2440 3613 2682 3682 potentia
2723 3614 3059 3667 conﬁrmatis
3083 3652 3097 3676 ,
3129 3629 3291 3669 nemo
3321 3631 3439 3669 am-

1869 3706 2018 3776 plius
2064 3704 2326 3759 resistere
2380 3703 2680 3773 postulabit
2721 3719 2739 3758 :
2797 3702 2892 3757 sed
2945 3703 3030 3758 vel
3071 3705 3305 3774 spo'nte,
3354 3709 3441 3762 vel

1869 3795 2055 3856 armis.
2094 3794 2274 3849 adacti
2304 3833 2319 3855 ,
2369 3809 2562 3848 omnes
2596 3794 2832 3861 imperio
2864 3793 3024 3849 nobis
3067 3796 3284 3852 cedent.
3317 3799 3445 3855 Haec

1879 3887 1976 3943 ubi
2024 3887 2330 3956 imperator
2377 3885 2680 3954 disseruit,
2726 3895 3088 3954 protostrator
3133 3903 3259 3942 cum
3300 3892 3441 3957 suis,

1875 3980 2264 4050 pracipueque
2311 3977 2574 4048 Byzantio
2639 3977 2852 4048 profugi
2896 3978 2950 4031 in
3012 3978 3442 4050 indignationem

1869 4071 2032 4135 verti,
2064 4071 2374 4140 timoreque
2406 4077 2461 4124 et
2489 4083 2696 4139 angore
2721 4069 3021 4138 compleri,
3054 4071 3126 4126 ob
3162 4071 3442 4127 inﬁnitam

1871 4157 2207 4212 errationem
2237 4155 2468 4223 scilicet,
2502 4155 2548 4210 si
2586 4155 2948 4213 Acarnaniam
2979 4167 3034 4212 et
3064 4165 3442 4218 continentem

1869 4250 2210 4318 circumire,
2269 4259 2326 4305 et
2387 4250 2756 4320 expeditionis
2805 4262 2914 4307 tam
2966 4251 3142 4324 longa:
3191 4257 3444 4311 miserias

1867 4352 2037 4412 atque
2068 4357 2343 4396 aerumnas
2367 4341 2583 4412 perpeti
2631 4336 3204 4412 necesse'haberent,
3256 4347 3446 4403 dome—
3509 4345 3516 4351 ’

179 4443 339 4504 τείας
392 4442 586 4502 κακοῖς
647 4438 1161 4510 ταλαιπωροῦντας,
1195 4437 1303 4490 τῶν
1333 4436 1476 4490 οἴκοι
1524 4434 1761 4506 μάλιστα

1877 4434 2027 4488 sticis
2063 4433 2232 4488 rebus
2283 4442 2572 4502 tantopere
2603 4432 2840 4498 aﬂlictis,
2883 4446 2938 4488 et
2972 4436 3152 4491 celere
3178 4440 3440 4494 auxilium

180 4529 380 4595 κακῶς
435 4533 812 4600 διακειμένων,
875 4533 970 4585 καὶ
1023 4530 1250 4601 ταχείας
1284 4529 1383 4600 τῆς
1441 4527 1760 4599 ἐπικουρίας

179 4625 483 4694 δεομένων.
517 4624 769 4694 Φανερῶς
808 4623 910 4692 μὲν
953 4618 1046 4676 οὖν
1077 4623 1373 4686 ἀντειπεῖν,
1425 4621 1522 4673 καὶ
1567 4620 1666 4689 τὴν
1691 4619 1769 4672 ol-

181 4715 351 4769 κείαν
379 4713 457 4777 ὡς
488 4714 672 4784 ἔχουσι
701 4717 832 4785 περὶ
859 4715 928 4768 τά
976 4714 1241 4785 εἰρημένα
1274 4713 1502 4782 γνώμην
1534 4709 1769 4764 ἐκκαλύ-

179 4809 314 4878 ψαι,
363 4807 633 4860 ἐδεδίεσαν
657 4821 670 4836 ·
719 4809 780 4859 τό
801 4823 859 4860 τε
893 4807 1020 4877 περὶ
1053 4803 1277 4876 βασιλέα
1307 4804 1568 4865 δυσνοεῖν,
1594 4799 1769 4854 καὶτὸ

184 4900 468 4971 ἡσσῆσθαι
503 4899 786 4971 κατάκρας
813 4900 870 4951 ὲν
896 4901 1008 4960 τοῖς
1046 4897 1241 4959 δεινοῖς
1277 4895 1352 4960 ὡς
1407 4892 1612 4963 φαῦλον
1642 4893 1782 4968 ἑαυο,

179 4993 304 5053 τοῖς
335 4989 688 5061 προστρίσειν
733 4990 833 5043 οὐκ
857 4987 1168 5051 ἐθέλοντεςο
1201 4985 1504 5057 προφάσεις
1533 4983 1590 5037 δέ
1617 4997 1771 5044 τινας

185 5083 538 5151 συνείροντες
563 5082 663 5135 οὐκ
709 5079 1033 5149 ἀναγκαίας,
1069 5077 1359 5132 διεκώλυον
1387 5076 1485 5146 τὴν
1543 5075 1766 5146 πρᾶξιν.

195 5176 294 5238 Ὠς
326 5174 383 5227 δὲ
416 5175 445 5226 ὁ
475 5173 726 5244 βασιλεὺς
777 5172 1030 5225 ἐπέκειτο
1053 5171 1262 5235 ταύτην
1296 5166 1434 5222 εἶναι
1471 5167 1631 5237 μόνον
1673 5166 1772 5233 φάο

185 5284 364 5328 σκων,
395 5264 469 5328 ὡς
497 5267 556 5318 ὲν
581 5266 692 5327 τοῖς
747 5261 986 5333 παροῦσι
1008 5260 1460 5326 λυσιτελεστάτην
1504 5258 1734 5330 γνώμην
1753 5275 1768 5290 ο

187 5355 345 5412 Ἀλλ’
373 5357 423 5408 εί
481 5356 578 5425 μὲν
614 5355 776 5409 τοῦτό
803 5371 863 5407 σε
891 5353 1137 5424 λέληθεν,
1175 5350 1352 5417 εἶπεν,
1381 5345 1428 5404 ὦ
1469 5350 1714 5422 βασιλεῦ,
1745 5351 1773 5404 ὁ

185 5449 665 5520 πρωτοστράτωρ,
716 5449 794 5511 ὡς
845 5450 1078 5519 στρατιά
1109 5447 1415 5518 Τριδαλῶν,
1471 5445 1637 5498 πολὺν
1671 5445 1772 5515 ἤδη

183 5540 390 5612 χρόνον
440 5541 706 5594 Ἔδεσσαν
758 5539 1124 5610 περικάθηται
1185 5528 1634 5607 πολιορκοῦσα,ᾖ
1693 5534 1774 5587 δεῖ

186 5633 558 5704 χωρήσαντας
595 5633 686 5685 διὰ
717 5616 905 5703 μάχης
929 5629 1300 5702 παρέρχεσθαι
1335 5631 1414 5693 είς
1460 5627 1560 5697 τὴν
1594 5627 1772 5692 πόλιν,

188 5723 363 5788 ἄλλος
390 5725 458 5779 ἂν
488 5724 576 5795 εἴη
607 5723 785 5794 λόγος.
818 5724 879 5779 Ei
905 5724 953 5778 δ’
976 5725 1074 5778 οὐκ
1100 5725 1335 5793 ἀγνοεῖς,
1372 5722 1609 5793 μάλιστα
1643 5719 1774 5774 θαυ-

1878 4524 2275 4595 ﬂagitantibus.
2331 4525 2529 4580 Libere
2561 4523 2734 4593 igitur
2782 4527 3164 4584 contradicere
3189 4568 3204 4593 ,
3250 4540 3304 4585 et
3333 4532 3448 4586 ani-

1876 4632 2026 4670 mum
2076 4632 2238 4670 suum
2275 4615 2551 4686 explicare
2599 4615 2932 4670 verebantur
2972 4634 2987 4671 :
3040 4619 3292 4675 nolentes
3335 4621 3443 4678 sibi

1873 4709 2019 4762 hanc
2077 4707 2348 4764 maculam
2395 4707 2664 4787 inurere,
2716 4708 2869 4776 quasi
2923 4707 3241 4777 imperatori
3305 4714 3446 4769 male

1872 4808 2160 4869 cuperent,
2203 4800 2470 4867 duraeque
2495 4806 2552 4852 et
2580 4797 2824 4852 adversa:
2869 4799 3004 4853 sorti
3033 4802 3251 4870 penitus
3285 4805 3447 4859 cede-

1879 4902 2001 4946 rent
2043 4909 2056 4946 :
2113 4890 2210 4946 sed
2260 4900 2554 4960 praetextus
2587 4891 2852 4961 quosdam
2911 4893 3055 4947 haud
3106 4897 3448 4952 necessarios

1877 4993 2316 5048 coacervantes,
2370 4983 2652 5052 negotium
2710 4983 3105 5052 impediebant.
3159 4983 3447 5041 Perstante

1880 5083 2062 5128 autem
2117 5073 2172 5127 in
2229 5074 2508 5128 sententis
2552 5074 2881 5143 imperatore
2934 5074 3300 5142 dicenteque,
3339 5075 3446 5131 hoc

1875 5167 2048 5222 solum
2099 5180 2220 5221 esse
2272 5165 2327 5219 in
2393 5165 2685 5236 pra-sentia
2735 5164 3024 5218 consilium
3063 5163 3442 5230 utilissimum,

1872 5257 2081 5328 Atqui,
2110 5258 2152 5311 si
2195 5265 2248 5312 le
2299 5256 2406 5311 hoc
2457 5255 2594 5311 latet
2621 5296 2633 5316 .
2674 5255 2852 5324 inquit
2900 5265 3291 5324 protostrator,
3322 5257 3449 5312 Tri-

1875 5351 2055 5406 ballos
2099 5349 2428 5419 jampridem
2486 5349 2552 5401 ad
2596 5347 2852 5401 Edessam
2896 5345 3128 5410 sedere,
3170 5362 3268 5417 per
3303 5364 3444 5418 quos

1876 5451 2131 5498 conserta
2181 5454 2345 5495 manu
2398 5439 2454 5494 in
2503 5438 2765 5510 oppidum
2833 5437 2992 5492 nobis
3041 5440 3441 5508 penetrandum

1875 5542 1981 5598 est,
2025 5531 2162 5585 nihil
2201 5531 2341 5584 dico.
2405 5529 2500 5582 Sin
2529 5537 2712 5582 autem
2747 5543 2855 5582 non
2887 5525 3243 5595 latet,‘miror
3279 5532 3449 5586 velte-

1877 5631 2090 5678 menter
2120 5631 2171 5676 te
2201 5620 2360 5674 talem
2392 5619 2572 5673 virum
2595 5659 2610 5685 ,
2633 5627 2687 5672 et
2721 5627 2930 5673 lautum
2964 5636 3124 5676 usum
3155 5620 3450 5678 ductandis

1877 5713 2214 5772 exercitibus
2258 5711 2512 5782 adeptum
2541 5753 2556 5779 ,
2609 5710 2715 5765 hoc
2765 5709 2914 5766 civili
2965 5710 3110 5769 bello
3171 5729 3448 5770 nonvesse
