3998 6204
583 263 689 326 E335
1748 255 2070 318 JOANNIS
2106 252 2643 315 CANTACUZENI
3633 255 3716 319 935

583 369 787 435 Amici,
819 371 1025 442 inquit,
1063 369 1199 425 nihil
1241 370 1340 433 ita.
1365 379 1425 424 ut
1454 368 1748 424 immodica
1787 367 2009 422 vivendi
2055 381 2154 420 cu-

2261 364 2481 426 έλπίδας
2509 359 2916 431 λαμϐανόντων.
2945 357 3210 421 Βασιλεὺς
3232 356 3284 411 δὲ
3305 356 3373 420 ὡς
3400 357 3453 411 τὺ
3471 359 3723 431 στράτευμα

587 466 737 536 pido,
758 473 812 518 et
835 465 888 518 in
916 464 1210 519 amissione
1243 464 1516 518 bonorum
1554 461 1815 516 mollities
1878 460 2153 530 trepidum

2260 456 2406 527 ἑώρα
2433 455 2724 526 συγχυθὲν,
2761 454 2888 516 τοὺς
2923 452 3158 523 μάλιστα
3188 451 3379 513 αἰτίους
3409 451 3495 520 τῆς
3537 453 3731 506 ἀποστα-

587 568 991 629 angustumque
1012 557 1197 612 reddit
1226 559 1492 612 animum.
1515 554 1678 609 Certe
1705 556 1948 624 majores
1980 553 2155 608 nostri

2261 550 2381 613 σίας
2434 548 2944 617 περιστησάμενος,’
2972 546 3218 616 ¹Ἄνδρες,
3265 539 3398 605 εἷπε,
3445 543 3584 613 φίλοι,
3615 546 3736 598 οὐδὲν

590 652 821 706 Romani
849 651 1009 704 aliter
1041 649 1245 712 affecti,
1280 648 1471 703 orbem
1501 647 1898 717 propemodum
1940 648 2160 700 univer-

2260 641 2402 695 οὕτω
2429 641 2572 711 πρὸς
2624 638 2918 710 ἀνανδρίαν
2972 640 3068 692 καὶ
3103 635 3449 708 μικροψυχίαν
3485 636 3735 704 ιπαγωγδν,

591 757 712 796 sum
760 743 1142 813 subegerunt:
1183 740 1275 810 qui
1326 739 1488 805 illecti
1525 737 1820 793 dulcedine
1865 738 2070 805 glorize,
2104 747 2161 790 et

2260 734 2335 797 ὥς
2360 733 2421 787 τὸ
2448 732 2759 802 φιλοψυχεῖν
2795 732 2887 784 καὶ
2912 731 3050 802 πρὸς
3079 729 3180 798 τὴν
3215 727 3470 796 ἀποϐολὴν
3491 729 3583 781 τῶν
3605 728 3737 780 όντων

591 849 659 887 ne
705 833 958 887 hostibus
999 832 1291 887 inferiores
1327 830 1671 893 viderentur,
1709 828 1966 898 quemvis
2011 827 2162 881 labo-

2264 823 2695 896 μαλακίζεσθαι.’
2726 823 2984 893 Ῥωμαῖοι
3040 823 3096 875 δὲ
3129 824 3174 875 oi
3209 823 3312 892 πρὸ
3350 821 3490 892 ἡμῶν
3530 821 3615 890 οὐχ
3635 820 3742 872 οὓτω

593 938 708 977 rem
755 923 1124 991 perferebant;
1173 921 1284 976 Nec
1344 923 1521 976 solum
1561 920 1816 975 fortuitos
1854 933 2018 989 atque
2057 919 2159 972 im-

2262 917 2615 987 διακείμενοι,
2678 916 2776 988 τὴν
2828 916 3161 985 οἰκουμένην
3219 915 3409 984 μικροῦ
3468 913 3564 965 δεῖν
3603 915 3742 964 πᾶσαν

594 1015 844 1082 provisos
876 1013 1093 1068 labores
1126 1029 1237 1067 non
1277 1012 1678 1077 detrectabant,
1712 1012 1804 1067 sed
1835 1021 1888 1066 et
1928 1011 2159 1080 insigni-

2263 1009 2676 1081 παρεστήσαντο
2693 1025 2706 1040 ·
2736 1002 2877 1061 ἀλλά
2903 1007 3078 1059 πάντα
3105 1006 3261 1060 πόνον
3287 1003 3609 1073 ὑπομένοντες
3639 1001 3745 1072 ὑπὲρ

595 1106 698 1158 bus
736 1104 1098 1158 circumventi
1131 1104 1552 1167 calamitatibus.
1583 1113 1637 1158 et
1681 1102 1901 1157 amissis
1932 1101 1983 1155 iu
2016 1101 2160 1156 bello

2263 1102 2574 1173 φιλοτιμίας
2591 1101 2694 1153 ’καὶ
2720 1099 2814 1152 τοῦ
2854 1098 2931 1169 μὴ
2955 1099 3134 1170 δοκεῖν
3161 1098 3358 1168 ἧσσους
3387 1095 3639 1164 φαίνεσθαι
3664 1093 3744 1146 τῶν

597 1197 852 1260 ducibus,
894 1197 1135 1265 totisque
1173 1197 1464 1266 aliquando
1505 1197 1661 1250 cat-sis
1693 1195 2048 1256 exercitibus.
2079 1195 2162 1248 ni-

2264 1193 2564 1264 πολεμίων.
2600 1192 2767 1247 Ὅθεν
2806 1191 2868 1245 οὐ
2903 1191 3065 1262 μόνον
3099 1193 3164 1243 ὲκ
3193 1193 3286 1242 τοῦ
3312 1189 3626 1256 συντυχόντος
3648 1187 3747 1238 ἀπε·

563 1287 673 1342 'hil
705 1288 771 1342 de
798 1288 1121 1343 fortitudine
1147 1298 1204 1342 et
1234 1289 1550 1342 excelsitate
1580 1287 1750 1342 animi
1787 1286 2161 1352 remittebant,

2261 1285 2548 1356 δίδρασκον
2573 1282 2700 1344 τοὺς
2734 1283 2956 1349 πόνους,
2982 1281 3116 1336 ἀλλά
3161 1282 3254 1334 καὶ
3280 1279 3612 1349 δυσπραγίαις
3643 1275 3750 1346 χρώ⁶

597 1379 784 1431 omnia
821 1379 998 1447 prius,
1030 1393 1194 1444 quam
1241 1379 1564 1432 servitutem
1605 1378 1709 1432 sibi
1738 1377 1990 1446 patienda
2021 1377 2162 1430 arbi-

2265 1393 2417 1446 μενοι
2450 1373 2739 1444 μεγάλαις,
2772 1373 2870 1426 καὶ
2908 1373 3249 1442 στρατηγοὺς
3282 1370 3658 1432 ἀποϐάλλοντες,
3684 1369 3751 1420 καί

598 1470 812 1521 trantes
839 1465 972 1538 (95).
1002 1467 1172 1522 Vobis
1215 1469 1402 1522 nescio
1433 1467 1562 1536 quid
1608 1467 1890 1531 acciderit,
1922 1477 2015 1521 aut
2045 1485 2162 1537 quae

2265 1462 2601 1534 στρατόπεδα
2629 1461 2898 1532 ὁλόκληρα
2946 1463 3003 1514 έν
3030 1464 3146 1524 τοῖς
3169 1461 3458 1543 χπολέμοις,
3487 1459 3619 1511 οὐδὲν
3640 1458 3756 1525 bole-

598 1557 814 1612 fortuna
862 1567 968 1611 tam
996 1558 1222 1613 sinistra
1257 1574 1352 1613 vos
1376 1559 1670 1629 aspexerit,
1708 1561 1800 1628 qui
1835 1575 1962 1614 cum
2004 1571 2162 1614 antea

2265 1569 2361 1605 σαν
2390 1553 2492 1621 τῆς
2523 1552 2755 1622 τόλμης,
2781 1551 2902 1604 οὐδὲ
2937 1550 3030 1604 τοῦ
3065 1553 3444 1620 φρονήματος·
3479 1548 3596 1600 ἀλλά
3621 1547 3774 1598 πάντα

2269 1645 2468 1714 μᾶλλον
2498 1643 2665 1714 ᾤοντο
2694 1645 2804 1697 δεῖν
2849 1645 3116 1714 πρότερον
3166 1642 3475 1712 ὑπομένειν,
3510 1640 3541 1710 ἢ
3584 1634 3756 1690 Boniti”

2264 1739 2374 1798 τοῖς
2411 1735 2691 1805 πολεμίοις
2720 1734 2970 1796 ἑαυτούς.
3014 1734 3204 1804 Ὑμεῖς
3248 1733 3424 1786 δὲοὺκ
3452 1727 3540 1784 οἷδ’
3561 1731 3586 1782 ὅ
3621 1747 3664 1781 τι
3685 1745 3758 1779 παι

2266 1828 2472 1891 θῖντες,
2512 1827 2543 1896 ἢ
2572 1827 2682 1879 τίσι
2706 1827 3043 1897 χρησάμενοι
3076 1829 3198 1888 ταῖς
3229 1825 3432 1895 τύχαις,
3466 1822 3658 1891 φοϐεροὶ
3674 1822 3760 1879 τοῖς

2267 1918 2550 1987 πολεμίοις
2577 1919 2748 1983 ὅντες,
2779 1921 2871 1970 καὶ
2904 1917 3097 1988 ῥάϐδος
3123 1918 3218 1970 ὑπ’
3250 1917 3464 1968 ἐκείνων
3493 1912 3757 1980 κεκλημένοι

2267 2009 2488 2079 σιδηρᾶ,
2541 2009 2706 2063 δειλοὶ
2753 2009 2850 2062 καὶ
2879 2009 3124 2077 ἀγεννεῖς
3179 2008 3275 2062 καὶ
3310 2004 3629 2076 ἀνελεύθεροι
3669 2003 3758 2055 ἀντὶ

2264 2101 2375 2153 τῶν
2408 2101 2692 2170 προτέρων
2722 2099 2942 2169 ὥφθητε
2993 2098 3215 2169 ἀθρόον,
3267 2101 3361 2152 καὶ
3403 2101 3508 2160 τοῖς
3539 2095 3759 2163 πολεμίοις

2267 2193 2483 2254 ἑκόντες
2514 2191 2665 2254 ὄντες
2693 2189 3032 2260 ἔγχειρίζετε
3067 2192 3207 2257 σφᾶς
3242 2190 3456 2253 αὐτοὺς,
3493 2186 3669 2258 μηδένα
3689 2183 3758 2237 πό-

2265 2301 2354 2336 νον
2381 2283 2510 2353 περὶ⁸
2564 2283 2626 2334 τὸ
2657 2280 3029 2352 χειρώσασθαι
3059 2282 3205 2351 ὑμᾶς
3241 2280 3638 2348 εἰσενεγκοῦσιν.
3660 2275 3758 2329 Οίιτε

2265 2375 2372 2443 γάρ
2426 2375 2485 2426 έν
2523 2374 2672 2444 μάχῃ
2737 2371 3023 2443 ἡττήμεθα
3079 2373 3307 2443 οὐδεμιᾷ
3361 2373 3552 2434 αὐτῶν,
3592 2368 3681 2422 οὔτ’
3704 2367 3762 2428 είς

2262 2462 2520 2516 τοσοῦτον
2544 2464 2674 2533 ἡμῖν
2709 2458 2812 2535 ἦκε
2841 2462 2912 2514 τά
2957 2463 3260 2531 πράγματα
3293 2461 3637 2522 ἀνελπιστίας,
3661 2457 3762 2509 ὥστε

2264 2556 2631 2625 ἀπορεῖν-ὅπη
2659 2554 3040 2625 σωθησόμεθα,
3071 2556 3120 2606 εί
3151 2554 3230 2624 μὴ
3262 2556 3402 2623 σφᾶς
3434 2553 3613 2614 αὐτοὺς
3634 2554 3766 2618 ἐγχει-

2267 2647 2491 2718 ρίσομεν
2521 2648 2631 2707 τοῖς
2671 2645 2973 2715 πολεμίοις.
3017 2646 3156 2712 Ἐγὼ
3192 2647 3249 2700 δὲ
3281 2645 3450 2708 οὕτως
3479 2641 3682 2713 ὲξαρχῆς
3700 2640 3768 2692 καὶ

2266 2736 2363 2790 νῦν
2419 2720 2574 2790 οὗδὲν
2626 2730 2788 2808 ἧττον
2841 2737 3080 2789 πέπεικα
3137 2736 3400 2806 ἐμαυτὸν,
3449 2735 3519 2798 ὡς
3569 2726 3769 2788 οὐδέποτε

601 2825 734 2879 teris
764 2826 948 2894 gloria:
988 2841 1258 2879 memores
1289 2826 1449 2879 malis
1492 2841 1600 2880 non
1647 2827 1866 2889 cedere,
1896 2827 1992 2882 sed
2033 2842 2162 2882 con-

2265 2827 2649 2897 προησόμενος
2677 2828 2846 2896 ὑμᾶς,
2869 2827 2983 2881 ἀλλ’
3007 2827 3040 2897 ἢ
3072 2828 3169 2881 σὺν
3193 2829 3328 2897 ὑμίν
3350 2825 3769 2897 παραστησάμενῡς

601 2926 682 2970 tra
711 2917 1004 2970 audentius
1036 2917 1136 2980 ire,
1172 2929 1272 2971 nec
1305 2927 1562 2985 tanquam
1595 2918 1864 2987 mancipia
1901 2919 2160 2987 perculsi,

2265 2916 2391 2979 τοὺς
2425 2916 2718 2987 πολεμίους
2751 2917 3196 2987 συμμερίσασθαι
3218 2919 3315 2972 καὶ⁵
3334 2919 3433 2988 τὴν
3449 2918 3594 2982 δόξαν
3612 2913 3771 2982 mittil

601 3005 950 3083 incruentam
975 3003 1224 3058 hostibus
1254 3006 1540 3059 victoriam
1574 3007 1705 3060 dare
1737 3007 2040 3072 volueritis,
2073 3024 2162 3062 ve-

2265 3009 2530 3077 tb';é)euv
2551 3010 2647 3081 τὴν
2665 3013 2727 3063 ὲκ
2749 3011 2847 3080 τῆς
2869 3011 3045 3080 νίκης,
3071 3012 3104 3082 ἢ
3128 3013 3440 3081 μαχόμενος
3467 3006 3772 3064 πεσεῖώαιᾶν

596 3103 726 3147 strze
754 3093 1005 3162 dignitati
1041 3102 1097 3145 ut
1119 3107 1333 3162 aequum
1365 3103 1448 3149 est
1474 3094 1799 3148 consuletis.
1832 3093 1928 3149 Sin
1957 3111 2159 3166 cogna-

2260 3102 2525 3173 ἡττᾶσθαι
2553 3103 2846 3176 συμϐαίνῃ.
2866 3103 3170 3174 ἐλευθέροις
3201 3105 3298 3158 καὶ
3323 3105 3578 3172 γενναίοις
3593 3102 3769 3171 ἀνδράσι

600 3183 766 3238 tionis
798 3194 990 3237 vestra:
1030 3184 1312 3238 miseratio
1337 3195 1642 3254 tantopere
1691 3185 1902 3239 animos
1927 3202 2162 3256 occupa-

2261 3193 2668 3262 προσηκόντως.
2721 3193 2782 3245 ΕΙ
2818 3194 2917 3262 μὲν
2945 3191 3039 3246 οὖν
3089 3193 3191 3263 τὴν
3252 3196 3522 3264 προτέραν
3571 3192 3772 3245 εὒκλειαν

2259 3281 2660 3352 ἐνθυμηθέντες
2683 3284 3006 3352 ἀντιστῆναι
3041 3284 3368 3354 έθελήσεται
3401 3285 3532 3356 πρὸς
3558 3284 3616 3336 τά
3637 3282 3770 3342 δεινὰ,

2260 3375 2354 3426 καὶ
2383 3373 2458 3444 μὴ
2504 3377 2562 3426 ἐν
2609 3373 2961 3444 ἀνδραπόδων
3021 3377 3186 3446 μοίρει⁸
3223 3378 3653 3444 καταπλαγέντες
3695 3374 3769 3442 τὴν

2259 3464 2416 3535 νίκην
2473 3466 2734 3536 παρέχειν
2783 3469 3056 3536 ἀναιμωτὶ
3113 3471 3232 3532 τοῖς
3288 3469 3580 3538 πολεμίοις,
3617 3467 3770 3536 ἄριστα

2261 3557 2614 3627 βουλεύσεσθε
2646 3557 2739 3611 καὶ
2768 3559 3116 3629 προσήκοντα
3150 3560 3287 3629 ὑμῖν
3319 3561 3522 3624 αὐτοῖς.
3554 3560 3610 3613 Ei
3636 3557 3672 3612 δ’
3696 3557 3774 3625 ἄρα

2257 3647 2512 3700 τοσοῦτον
2551 3648 2786 3718 ἥττησθε
2836 3649 2976 3718 πρὸς
3025 3650 3134 3703 τῶν
3181 3653 3409 3706 οἰκείων
3460 3652 3554 3721 τὴν
3603 3648 3774 3718 συμπά-

2260 3738 2434 3803 θειαν,
2465 3738 2595 3791 ὥσθ’
2646 3741 2784 3809 ὑπὲρ
2843 3740 3069 3794 ἐκείνων
3102 3743 3196 3795 καὶ
3233 3745 3304 3798 τὰ
3357 3744 3670 3814 αἰσχρότατα
3707 3739 3776 3790 καὶ

599 1647 852 1703 hostibus
890 1650 1164 1704 terribiles
1205 1649 1469 1716 fuissetis,
1505 1659 1558 1704 et
1582 1652 1733 1719 virga
1770 1649 1948 1706 ferrea
1975 1650 2044 1705 ab
2077 1650 2161 1719 ip-

599 1738 676 1792 sis
701 1738 1121 1793 nominaremini
1149 1738 1283 1809 (96).
1315 1755 1464 1793 nunc
1493 1738 1692 1800 timidi,
1719 1738 2016 1808 degeneres
2071 1753 2164 1807 pa-

597 1843 833 1898 rumque
864 1831 1120 1884 liberales
1161 1831 1322 1885 simul
1371 1847 1562 1886 omnes
1599 1831 1873 1895 evasistis,
1904 1839 1959 1886 et
1993 1830 2166 1884 hosti-

599 1917 704 1974 bus
733 1920 944 1973 nullum
974 1921 1038 1973 ad
1067 1935 1167 1974 vos
1196 1920 1566 1975 devincendos
1616 1931 1870 1974 conatum
1898 1920 2166 1974 adhiben-

601 2009 747 2064 tibus
772 2011 914 2063 ultro
951 2011 1274 2066 tradidistis.
1306 2011 1418 2066 Nec
1447 2011 1592 2065 enim
1625 2009 1884 2066 conflictu
1926 2011 2035 2064 ullo
2063 2025 2165 2065 nos

597 2109 953 2168 superarunt,
1013 2116 1115 2154 nec
1144 2117 1211 2156 eo
1241 2101 1639 2171 desperationis
1668 2117 1757 2156 res
1786 2109 1986 2156 nostra:
2018 2100 2166 2156 ceci-

597 2188 820 2252 derunt,
855 2198 915 2242 ut
945 2190 1284 2255 dubitemus,
1319 2206 1558 2261 quonam
1588 2192 1804 2246 tandem
1836 2191 1998 2246 modo
2027 2189 2163 2246 salvi

598 2279 793 2343 simus,
831 2279 935 2333 nisi
971 2295 1071 2335 nos
1094 2280 1236 2334 hosti
1272 2281 1708 2350 periniserimus.
1743 2282 1902 2351 Atqui
1948 2296 2048 2352 ego
2084 2281 2164 2336 sic

596 2367 666 2421 ab
695 2369 851 2425 initio
882 2385 1056 2440 usque
1085 2386 1233 2426 nunc
1259 2387 1347 2426 me
1379 2373 1614 2437 institui,
1647 2383 1706 2428 ut
1741 2375 1906 2428 nolim
1938 2389 2036 2428 vos
2065 2389 2166 2428 un-

599 2475 763 2528 quam
810 2463 1105 2518 deserere:
1147 2465 1241 2518 sed
1279 2465 1558 2519 vobiscum
1611 2472 1707 2518 aut
1755 2479 1820 2518 ex
1871 2464 2027 2519 hoste
2067 2464 2164 2520 de-

597 2553 744 2608 victo
783 2563 993 2624 partam
1034 2555 1251 2610 laudem
1326 2556 1729 2625 utilitatemque
1769 2556 2034 2619 dividere,
2069 2567 2163 2611 aut
2201 2593 2204 2596 η

597 2646 644 2698 si
675 2647 820 2700 vinci
854 2647 1166 2717 contigerit,
1203 2647 1347 2716 quod
1370 2647 1623 2717 ingenuis
1651 2657 1707 2702 et
1734 2648 2014 2717 generosis
2045 2647 2164 2718 pul-

599 2736 794 2789 chrum
821 2745 924 2800 est,
955 2737 1008 2789 in
1042 2738 1160 2790 acie
1200 2729 1429 2790 inertem
1455 2737 1799 2792 occumbere.
1829 2736 1885 2792 Si
1914 2752 2043 2806 ergo
2072 2754 2164 2792 ve-

599 3277 697 3339 vit,
732 3286 791 3331 ut
821 3293 920 3346 pro
962 3277 1031 3333 iis
1065 3280 1148 3332 vel
1193 3279 1490 3336 foedissima
1545 3290 1600 3334 et
1646 3282 2018 3351 abjectissima
2049 3285 2157 3352 pati

597 3367 869 3436 cogitetis,
909 3367 1047 3420 nihil
1075 3368 1275 3421 attinet
1301 3368 1375 3420 ita
1417 3383 1474 3422 se
1510 3369 1709 3422 dubios
1735 3384 1944 3438 gerere,
1972 3368 2161 3439 aﬂligi-

598 3472 707 3526 que
735 3473 798 3513 ac
831 3459 1178 3521 tumultuari,
1212 3458 1306 3512 sed
1334 3457 1483 3513 dicto
1511 3460 1654 3524 vale,
1694 3473 1882 3529 aperte
1913 3476 2023 3531 quo
2060 3477 2160 3516 vo-

599 3551 780 3605 luntas
830 3550 935 3605 fert
975 3550 1150 3605 abire.
1200 3550 1332 3604 Nam
1377 3560 1435 3604 ut
1484 3560 1852 3622 repugnantes
1882 3553 1950 3607 ad
2003 3553 2160 3608 nobis

597 3641 947 3695 serviendum
997 3641 1162 3713 5.83
1219 3657 1325 3696 non
1377 3643 1691 3698 traximus:
1743 3643 1822 3697 sic
1881 3644 2063 3705 modo.
2112 3644 2157 3699 si

597 3741 791 3802 sponte
841 3720 1061 3787 ma’uere
1113 3749 1220 3787 non
1267 3734 1454 3797 vultis,
1507 3749 1616 3788 non
1684 3749 1966 3804 cogemus.
2018 3735 2158 3802 Quin

597 3824 762 3877 etiam
803 3824 847 3878 si
873 3823 1260 3888 discesseritis,
1292 3840 1400 3878 non
1432 3825 1646 3880 minore
1680 3841 1778 3880 vos
1805 3826 1944 3882 bene
1977 3829 2160 3882 volen-

599 3914 674 3966 tia
725 3929 1137 3985 prosequemur,
1191 3915 1659 3986 quandoquidem,
1711 3928 1772 3973 ut
1820 3919 1999 3986 video,
2051 3937 2158 3976 non

599 4007 733 4060 vitio
785 4008 972 4077 aliquo
1007 3997 1360 4064 transver'sim
1413 4011 1544 4074 acti,
1579 4012 1674 4066 sed
1725 4015 2158 4070 necessariorum

600 4097 862 4150 memoria
921 4098 1268 4167 languefacti.
1301 4100 1466 4154 etiam
1505 4117 1625 4169 qua:
1687 4104 1994 4160 conducere
2050 4122 2158 4162 non

2260 3923 2544 3992 φέρεσθαι,
2599 3925 2692 3978 καὶ
2746 3924 2898 3979 δεινά
2945 3927 3176 3996 πάσχειν
3238 3929 3638 3999 κλονουμένους,
3675 3923 3777 3978 ἀλλὰ

2261 4014 2696 4084 συνταξαμένους
2744 4019 3014 4086 φανερῶς,
3049 4019 3133 4087 ἐφ’
3159 4019 3198 4072 ἃ.
3229 4021 3548 4091 προείλεσθε
3598 4017 3773 4088 χωρεῖν.

2262 4103 2398 4158 Οὔτε
2438 4104 2546 4176 γὰρ
2573 4106 2803 4169 ἄκοντας
2849 4107 3184 4177 είλκύσαμεν
3220 4111 3368 4179 ἡμῖν
3390 4112 3666 4172 δουλεύειν,
3683 4105 3775 4159 οὕτε

597 4186 860 4248 censetis,
915 4185 1092 4239 facere
1132 4187 1544 4256 compellimini.
1575 4188 1720 4256 Hzec,
1748 4201 1805 4245 ut
1855 4193 1946 4248 ille
2000 4195 2158 4262 dixit,

2262 4196 2356 4248 νῦν
2380 4196 2720 4265 κωλύσομεν,
2775 4200 2824 4250 εί
2861 4199 2936 4268 μὴ
2986 4200 3210 4264 ἑκόντες
3254 4202 3407 4266 ὄντες
3465 4205 3682 4272 αἱρεῖσθε
3704 4199 3776 4266 τὴν

596 4275 700 4345 ipsi
735 4290 953 4346 quoque
981 4277 1196 4346 publice
1225 4279 1464 4347 graviter
1495 4290 1671 4335 semet
1705 4282 2046 4350 incusarunt,
2065 4287 2158 4355 qui

2267 4283 2387 4353 μεθ’
2419 4285 2577 4354 ἡμῶν
2613 4285 2915 4355 διατριϐήν.
2956 4288 3116 4368 Ἀθλλά
3152 4290 3252 4343 καὶ
3285 4294 3426 4362 πρὸς
3450 4293 3684 4356 ἀπόντας,
3708 4289 3778 4356 τὴν

597 4382 713 4442 prae
742 4368 1090 4422 miseratione
1123 4369 1521 4437 proximorum,
1556 4371 1796 4438 timidos,
1828 4390 1891 4428 ac
1919 4375 2156 4445 degene-

2266 4374 2386 4444 ίσην
2441 4377 2533 4427 καὶ
2581 4376 2776 4446 ὁμοίαν
2838 4379 2984 4448 ὑμᾶς
3010 4379 3428 4452 διατηρήσομεν
3471 4384 3670 4451 φιλίαν·
3697 4378 3778 4447 ὁρῶ

597 4469 687 4530 res
712 4471 792 4518 se,
822 4455 1108 4525 dignitatis
1137 4473 1249 4511 sua:
1288 4458 1469 4523 obliti,
1501 4461 1906 4529 praastitisscnt.
1951 4467 2156 4523 Deinde

2265 4469 2375 4538 γάρ
2405 4470 2479 4530 ὡς
2515 4469 2576 4520 οὐ
2610 4469 2698 4522 διὰ
2735 4470 2959 4536 κακίαν,
2993 4471 3110 4524 ἀλλ’
3143 4473 3251 4526 ὑπὸ
3301 4473 3407 4544 τῆς
3455 4476 3560 4527 τῶν
3607 4471 3778 4526 οἰκείων

595 4547 828 4599 salutem
855 4549 1156 4616 apprecati,
1186 4560 1515 4619 orantesque
1554 4567 1622 4606 ne
1653 4554 1900 4611 differret
1923 4558 2154 4626 diutius,

2267 4559 2696 4627 μαλακισθέντες
2737 4562 2982 4632 μνήμης,
3013 4565 3107 4616 καὶ
3134 4563 3170 4618 ἃ
3199 4565 3281 4635 μὴ
3327 4567 3509 4619 οἴεσθε
3534 4563 3778 4618 λυσιτελεῖν

595 4635 691 4688 sed
723 4636 823 4688 sibi
861 4638 1190 4704 provideret,
1250 4656 1585 4710 quocunque
1630 4643 1774 4700 Deus
1803 4646 1953 4700 illum
1995 4649 2158 4703 duce—

2264 4651 2528 4716 πράττειν
2547 4652 2951 4719 ἀναγκάζεσθε.
2986 4654 3222 4708 Τοιαῦτα
3263 4658 3514 4721 εἰπόντος
3542 4657 3776 4729 βασιλέως,

602 4735 704 4786 ret.
738 4727 1129 4792 valedicentes,
1163 4739 1219 4784 et
1251 4731 1598 4800 imperatoris
1616 4736 1810 4804 pedem
1844 4739 2158 4793 osculantes

2262 4743 2356 4795 καὶ
2377 4742 2531 4793 αὐτοὶ
2562 4740 2730 4794 πολλὰ
2759 4744 2974 4806 ἑαυτείς
3019 4727 3551 4816 καταμεμψάμενοι
3577 4744 3776 4815 «paveant

509 4895 520 4899 _
599 4816 933 4869 recedebant
971 4832 985 4869 :
1019 4819 1114 4885 qui
1149 4821 1418 4875 abeuntes
1446 4839 1568 4878 cum
1610 4829 2018 4884 remanentibus
2056 4832 2159 4886 mi-

2260 4831 2334 4894 ὡς
2393 4831 2480 4883 διὰ
2533 4833 2642 4884 τῶν
2699 4834 2914 4885 οἰκείων
2973 4836 3072 4905 τὴν
3125 4839 3480 4904 συμπάθειαν
3515 4839 3684 4897 δειλοῖς
3708 4831 3774 4885 καὶ

596 4905 734 4959 sceri
773 4907 968 4970 vetuit,
1000 4923 1068 4961 ne
1106 4910 1267 4963 turba
1316 4921 1373 4964 et
1409 4913 1659 4968 confusio
1689 4917 1999 4978 exsisteret.
2027 4919 2158 4974 dum

2260 4925 2508 4991 ἀγεννέσι
2528 4925 2659 4994 παρ’
2693 4925 2850 4989 ἀξίαν
2879 4930 3246 4996 φαινομένοις.
3280 4931 3519 4984 Ἔπειτα
3539 4932 3627 4984 καὶ
3651 4941 3781 4990 σωτη-

596 4999 688 5064 qui
717 5011 1002 5054 manerent
1028 5002 1334 5056 nesciretur
1377 5022 1390 5056 :
1425 5005 1521 5060 sed
1553 5005 1621 5058 ad
1667 5008 1950 5063 cohortem
1987 5012 2161 5079 ipsius

2261 5017 2385 5086 ρίαν
2438 5016 2830 5087 ἐπευξάμενοι,
2863 5020 2960 5073 καὶ
2991 5020 3278 5089 δεηθέντες
3335 5026 3533 5093 μηκέτι
3593 5019 3776 5090 μέλλειν,

597 5091 862 5159 integram
919 5093 1126 5160 (nullus
1175 5095 1378 5161 quippe
1435 5095 1684 5149 ordinem
1748 5099 2066 5172 reliquerat)
2105 5113 2162 5158 et

2260 5106 2396 5160 ἀλλά
2443 5108 2702 5180 πρόνοιάν
2754 5127 2876 5164 τινα
2928 5112 3197 5167 ποιεῖσθαι
3261 5091 3487 5185 ἑαυτοῦ,
3535 5117 3649 5169 ὅποι
3681 5107 3777 5167 Θεὸς

1851 5261 2068 5324 Jacobi
2103 5264 2366 5327 Pontani
2402 5277 2586 5332 notua.

665 5410 776 5478 (95)
801 5407 1124 5496 SNusqu‘am.
1145 5413 1247 5493 hoc
1293 5415 1619 5496 luculentius
1647 5420 1804 5496 docet
1828 5423 1897 5488 Μ.
1928 5423 2153 5496 Tullius,

592 5494 755 5564 quam
777 5479 858 5564 fin.
901 5480 1234 5564 Philippi-0:58,
1259 5501 1420 5552 quam
1467 5489 1679 5564 scilicet
1708 5479 1942 5546 animi“...
1974 5479 2149 5564 elisit:

593 5559 797 5636 gaesa?
828 5551 1023 5636 debeat
1059 5568 1086 5604 a
1119 5551 1988 5636 Romano‘nomine,servitutem
2017 5551 2149 5636 pan;

598 5627 684 5671 cui
717 5627 880 5671 etmn
913 5627 1028 5688 ipsa
1062 5637 1210 5678 mors
1235 5627 1585 5682 auteferenda
1619 5629 1710 5685 sit.

2336 5432 2920 5516 .(96A)VJ'_l'at_t_tberlanes
2976 5423 3294 5516 scytharnm
3350 5451 3641 5516 imperator
3681 5450 3776 5516 inin

2257 5501 2376 5583 Dei,
2405 5504 2584 5583 Attila
2618 5504 2944 5583 Hunnorum
2975 5501 3067 5566 rei
3115 5501 3627 5583 flagellum—ibei’se
3649 5514 3778 5570 nemi-

2252 5574 2436 5668 nnaliat,
2461 5575 2566 5668 size
2617 5591 2742 5646 rege
2767 5578 3105 5668 Assyriorum
3138 5574 3557 5668 pEus‘ipseper
3582 5586 3775 5668 prophe-

2255 5653 2362 5696 tam
2399 5644 2610 5711 lsaiam,
2635 5644 2757 5712 cap.
2796 5663 2824 5702 ι
2855 5644 2885 5702 τ’
2911 5651 3072 5717 Assur
3099 5656 3242 5713 oiraa
3280 5644 3477 5712 furoris
3499 5644 3611 5711 me}.

2259 3831 2631 3897 ἀγεννέστατα
2666 3831 3016 3899 ὑφίστασθαι,
3053 3833 3113 3886 οὐ
3144 3834 3266 3909 δέον
3300 3836 3474 3899 οὕτως
3503 3833 3784 3903 sustam:
