3998 6204
579 372 682 436 94'!
794 424 804 436 ,

580 578 783 631 militer
822 578 1030 646 raptari
1078 580 1132 633 in
1165 594 1445 633 carcerem
1487 580 1668 650 jussit.
1704 579 1952 635 Postba‘c
1984 579 2150 634 rebus

579 667 1172 725 Tliessalonicensibus
1224 686 1323 740 pro
1368 670 1636 724 arbitratu
1684 671 1929 740 digestis,
1971 670 2154 725 omni-

577 761 792 829 busque
821 765 888 815 ad
943 777 1093 816 arma
1150 773 1342 817 contra
1402 762 1791 832 imperatorem
1855 762 2149 833 instigatis,

580 854 697 921 ipse
727 852 884 916 mari,
926 854 1208 922 equitatus
1258 863 1406 908 terra
1458 853 1777 924 Byzantium
1830 871 1887 909 se
1919 857 2148 924 recepit.

577 943 1000 997 Cantacuzenus
1030 959 1057 996 a
1088 944 1386 1014 Byzantino
1418 953 1474 998 et
1513 945 1989 1002 Tbessalonicensi
2015 949 2150 1004 sub-

579 1035 766 1097 sidiis,
797 1049 1032 1102 pugnam
1075 1036 1460 1090 recusantibus
1493 1053 1557 1091 ac
1602 1038 2014 1094 discedentibus
2052 1041 2152 1095 de-

578 1125 826 1188 stitutus,
865 1124 1078 1194 reliquo
1129 1125 1236 1179 diei
1285 1127 1388 1180 iter
1417 1143 1603 1196 agens,
1635 1128 1700 1182 ad
1754 1129 1938 1182 fauces
1985 1146 2153 1200 angu-

575 1217 830 1279 s=iarum,
854 1217 1008 1287 juxta
1052 1218 1373 1272 Prosiacum
1416 1220 1784 1288 pernoctavit.
1817 1222 1985 1274 Porro
2018 1223 2150 1276 Pro-

576 1309 807 1364 siacum.
865 1307 980 1361 sive
1023 1308 1342 1372 Prosacum,
1394 1310 1679 1363 castellum
1727 1321 1812 1365 est
1847 1312 2153 1366 tnutnitissi-

577 1411 726 1452 mum
751 1399 886 1468 (98),
912 1401 966 1453 in
999 1401 1138 1454 colle
1164 1400 1354 1468 situm,
1374 1403 1520 1470 quod
1550 1405 1824 1472 quondam
1859 1403 1913 1457 in
1945 1405 2153 1462 ditiOne

578 1491 950 1546 Romanorum
1011 1493 1297 1557 manebat,
1360 1494 1613 1564 belloque
1665 1496 2152 1562 Andronicorum,

579 1582 710 1636 odio
745 1581 985 1650 junioris
1028 1581 1354 1644 Andronici.
1393 1599 1423 1638 a
1472 1585 1825 1653 praesidiariis
1875 1585 2153 1641 Triballo-

591 1691 713 1728 rum
761 1673 998 1743 principi
1043 1675 1187 1728 ultro
1235 1675 1560 1730 transditum
1618 1679 1819 1739 fuerat,
1851 1691 1904 1732 et
1955 1695 2053 1748 per
2100 1680 2154 1735 id

586 1757 802 1836 tempus
852 1782 882 1822 a
934 1766 1172 1837 quodam
1240 1767 1504 1825 Michaele
1558 1785 1827 1826 concessu
1890 1773 2156 1842 principis

585 1861 994 1928 possidebatur.
1031 1861 1133 1927 Qui
1170 1878 1294 1918 eum
1344 1879 1414 1918 ex
1457 1863 1775 1920 domesticis
1811 1865 2158 1935 imperatoris

583 1961 729 2008 esset
763 1959 846 2017 (ut
893 1955 1010 2022 ipse
1066 1965 1253 2025 postea
1294 1955 1585 2026 narravit),
1635 1956 1706 2010 ob
1754 1957 1944 2011 nescio
1991 1973 2155 2027 quam

583 2061 805 2099 causam
839 2045 905 2098 ad
945 2045 1162 2102 Cralem
1210 2048 1546 2116 perfugerat.
1579 2047 1718 2102 Tum
1763 2064 1894 2103 vero
1947 2050 2158 2106 εχει-εἰ-

582 2150 698 2190 tum
729 2147 1216 2194 castrametantem
1250 2140 1508 2206 intuitus,
1538 2150 1593 2195 et
1620 2140 1896 2198 Romanos
1920 2159 2063 2206 esse,
2093 2159 2158 2200 ac

503 2223 507 2231 ’
582 2228 1030 2299 depopulationis
1070 2247 1204 2302 ergo
1247 2233 1516 2288 advenire
1566 2243 1748 2296 ratus.
1796 2235 2037 2305 pedestri
2102 2245 2159 2292 et

581 2321 828 2390 equestri
853 2330 1060 2390 quanta
1088 2323 1320 2377 maxima
1353 2324 1534 2392 potuit
1557 2335 1746 2380 coacta
1776 2341 1963 2392 manu,
1991 2337 2155 2381 noctu

581 2414 865 2483 angustias
905 2415 1024 2468 illas
1055 2416 1481 2484 praeoccupavit,
1517 2425 1574 2470 et
1611 2417 1790 2485 prima
1823 2417 1944 2471 luce
1965 2418 2031 2470 ad
2060 2431 2156 2472 eos

582 2502 816 2557 transitu
843 2503 1224 2574 prohibendos
1253 2505 1670 2575 aceingebatur.
1706 2505 2030 2576 Imperator.
2061 2507 2155 2561 ubi

581 2596 731 2664 ipsos
757 2596 999 2664 regionis
1039 2596 1312 2650 tutissima
1346 2595 1590 2652 insidere
1627 2601 1936 2666 conspexit,
1967 2606 2029 2652 ut
2057 2598 2158 2652 im-

590 2685 936 2754 pressionem
985 2687 1254 2753 facturus,
1287 2688 1450 2758 590
1493 2689 1725 2744 militem
1762 2705 1958 2760 capere
2005 2707 2156 2746 arma

585 2775 802 2844 jussit;
842 2776 978 2829 nihil
1014 2775 1163 2832 enim
1213 2777 1412 2830 melius
1450 2776 1702 2831 dabatur.
1735 2777 2008 2832 Caeterum
2059 2777 2156 2832 Mi-

593 2867 752 2922 chael
795 2875 852 2922 et
899 2871 1202 2924 exercitum
1253 2868 1344 2937 qui
1384 2879 1550 2933 esset,
1586 2880 1641 2924 et
1683 2869 1970 2925 duetorem
1995 2887 2158 2927 nosse

595 2975 783 3024 avens,
805 2962 1033 3030 propius
1061 2960 1126 3014 ad
1156 2970 1334 3016 castra
1368 2960 1550 3014 ferens
1580 2961 1810 3028 aditum,
1835 2965 2158 3019 nonnullos-

583 3067 692 3120 que
739 3066 808 3105 ex
857 3050 1222 3104 familiaribus
1257 3059 1313 3105 et
1343 3051 1533 3106 amicis
1556 3053 1746 3120 procul
1785 3054 2156 3123 conSpiciens,

585 3233 750 3288 Audit
772 3232 1171 3302 imperatorem
1194 3235 1638 3290 Cantacuzenum
1665 3251 1823 3291 esse:
1849 3252 1949 3292 nec
1978 3253 2152 3305 mora,

585 3323 734 3380 illico
765 3322 996 3390 accedit,
1036 3324 1231 3394 pedem
1277 3326 1582 3389 osculatus,
1637 3327 1878 3397 seipsum
1927 3329 2152 3395 indicat,

586 3424 644 3471 et
674 3415 982 3470 infortunio
1012 3418 1132 3486 ejus
1167 3417 1379 3480 dolens,
1414 3427 1580 3487 atque
1609 3419 1677 3473 ad
1722 3427 1920 3474 caetera
1964 3436 2152 3490 prom-

585 3506 897 3572 ptissimus,
932 3505 1045 3561 Deo
1076 3507 1276 3562 uberes
1305 3509 1417 3578 agit
1448 3509 1675 3578 gratias.
1708 3525 1834 3564 cum
1871 3511 1977 3567 hoc
2013 3521 2155 3566 tem-

583 3611 718 3667 pore
749 3597 852 3651 sibi
894 3609 1174 3664 occurrat,
1209 3614 1320 3668 quo
1355 3615 1514 3658 suum
1559 3601 1802 3655 animum
1844 3618 1970 3672 erga
2002 3603 2157 3656 illum

583 3688 846 3744 omnibus
877 3698 1132 3744 testatum
1172 3692 1350 3746 facere
1397 3702 1583 3759 queat.
1620 3693 1934 3747 Transitum
1991 3695 2158 3764 igitur

584 3781 706 3835 sine
756 3781 1074 3836 dillicultate
1120 3784 1470 3852 permittens,
1510 3800 1608 3854 pro
1648 3785 1805 3854 copia
1853 3787 2158 3851 exercitum

586 3871 828 3941 hospitio
867 3875 1063 3943 accipit
1093 3891 1107 3939 ;
1137 3889 1248 3943 quo
1299 3891 1430 3929 usus
1473 3885 1557 3930 est
1603 3892 1670 3930 eo
1719 3876 1808 3932 die
1860 3878 2160 3947 imperator

587 3963 754 4016 etiam
787 3962 876 4016 illa
901 3962 968 4018 de
996 3980 1180 4030 causa,
1216 3973 1276 4018 ut
1318 3965 1580 4019 nimirum
1617 3967 1686 4021 de
1712 3978 2019 4023 commeatu
2045 3970 2161 4024 suis

585 4053 1022 4122 prospiceretur,
1052 4071 1164 4123 quo
1215 4055 1550 4110 omnimodis
1599 4057 1851 4127 egebant.
1887 4061 2161 4117 Postridie

585 4144 898 4211 discedens,
932 4145 1071 4199 Axio
1102 4147 1428 4201 transmisso
1461 4147 1566 4202 iter
1603 4147 1879 4218 Scopiam,
1903 4161 1959 4207 et
1987 4153 2159 4222 ipsam

585 4237 716 4290 olim
751 4237 1035 4300 Romanis,
1071 4253 1222 4292 nunc
1266 4238 1335 4314 ab
1374 4239 1532 4294 anuis
1564 4255 1673 4294 non
1715 4244 1905 4311 paucis
1949 4243 2164 4300 Tribal-

585 4325 767 4382 lorum
827 4326 1025 4382 ditioni
1070 4327 1374 4398 subjectam
1427 4329 1684 4385 intendit.
1739 4332 1981 4388 Blessum
2039 4350 2181 4404 pro-

586 4419 827 4484 gressuri
881 4417 1068 4489 (quam
1114 4421 1304 4474 urbem
1347 4420 1577 4476 Triballi
1632 4438 1786 4492 aeque
1833 4433 1891 4478 ut
1933 4434 2162 4479 caeteras

2209 1061 2214 1065 ‘
2253 1050 2350 1095 νας

1747 375 2072 438 JUANNIS
2111 371 2642 437 CANTACUZENI
3644 374 3730 438 9.38

460 510 475 524 ο
578 485 671 540 Sic
706 485 947 560 approbe
980 487 1224 552 irrisum,
1257 497 1313 542 et
1347 487 1585 558 turpiter
1613 475 2033 558 triumphatum,
2071 489 2140 542 si-

2261 503 2359 542 σιν.
2415 486 2480 540 0i
2541 485 2599 538 δὲ
2659 483 2752 537 ἐπὶ
2823 483 2954 552 μίαν
3023 483 3131 538 τῶν
3189 483 3444 556 τριήρεων
3493 487 3734 556 ἀναγαγόν-

2251 595 2344 640 τες
2400 577 2496 647 καὶ
2539 575 2632 630 τοῦ
2709 576 2883 647 δήμου
2945 575 3130 644 σχεδὸν
3201 576 3306 629 τῶν
3373 576 3736 632 Θεσσαλονικέων

2255 667 2455 732 παντὸς
2479 644 2828 740 ’παρόντομ
2887 667 2956 720 τά
3029 667 3297 736 μοναχῶν,
3367 666 3535 737 ὥσπερ
3585 669 3734 722 είωθεν

2252 758 2650 829 ἠμφιεσμένον,
2702 758 3004 822 ἐπέθηκαν
3058 760 3124 828 τῇ
3197 758 3396 828 κεφαλῇ
3441 759 3576 810 πῦον
3624 761 3737 824 τι,ὂ

2249 853 2366 916 τοῖς
2443 851 2660 915 πολλοῖς
2743 852 2838 904 καὶ
2909 849 3188 920 δημώδεσι
3252 850 3377 904 τῶν¹
3431 850 3626 920 Περσῶν
3669 852 3738 904 ἐπὶ

2252 943 2353 1012 τῆς
2417 943 2662 1012 κεφαλῆς
2720 945 2911 1014 φορεῖν
2989 941 3134 1008 ἐθος,
3193 941 3469 1012 λαμπάδας
3507 958 3559 995 τε
3601 943 3764 1011 ἡμμέ-’

2439 1035 2782 1104 ἀμφοτέραις
2876 1035 3132 1103 κατέχειν
3225 1033 3596 1100 ἀναγκάζοντες
3650 1036 3738 1096 sai;

2252 1125 2465 1195 χερσὶν,
2547 1125 2774 1178 ὄπισθεν
2831 1125 2934 1196 μὲν
3003 1123 3284 1188 ἐλάκτιζον
3352 1126 3438 1177 ἐπὶ
3488 1125 3567 1176 τὸν
3625 1142 3739 1192 πρω-

2253 1217 2403 1270 κτόν.
2488 1213 2620 1270 Εἶτα
2687 1217 3022 1288 παριόντες,
3100 1217 3402 1287 ἔμπροσθεν
3467 1215 3740 1286 ἠσπάζοντο,

2254 1303 2448 1374 Οὗτος,
2505 1307 2857 1372 ἐπιϐοῶντες,
2889 1311 2917 1364 ὸ
2965 1309 3312 1380 πατριάρχης
3343 1307 3743 1375 Καντακουζηνοῦ.

2255 1401 2413 1454 Μετὰ
2463 1400 2520 1453 δὲ
2551 1399 2652 1470 τὴν
2695 1400 2896 1470 πολλὴν
2947 1401 3166 1472 ἐκείνην
3234 1400 3531 1471 ἐρεσχελίαν
3565 1400 3646 1452 καὶ
3679 1400 3745 1452 τὸν

2256 1484 2525 1562 θρίαμϐον
2550 1493 2641 1544 τὸν
2665 1493 2882 1560 ἄτιμον,
2909 1490 3134 1544 ἐκέλευε
3162 1493 3255 1545 καὶ
3282 1492 3437 1544 αὐτὸν
3478 1492 3550 1553 εἰς
3588 1490 3746 1559 δεσμω-

2253 1583 2446 1652 τήριον
2479 1583 2737 1649 ἀπάγειν.
2769 1582 2928 1636 Μετὰ
2956 1582 3012 1634 δέ
3039 1582 3219 1647 τοῦτο,
3252 1582 3318 1636 τὰ
3361 1584 3414 1635 ἐν
3445 1581 3746 1652 Θεσσαλονίκῃ

2257 1674 2559 1744 πράγματα
2599 1672 2674 1734 ὡς
2701 1672 2766 1725 ἃν
2796 1671 2948 1740 αὐτῷ
2981 1671 3157 1726 ἐδόκει
3189 1672 3383 1744 ἄριστα
3430 1674 3746 1742 οἰκονομήσας.

2258 1766 2351 1818 καὶ
2381 1765 2518 1835 πρὸς
2555 1765 2647 1818 τὸν
2689 1764 2821 1835 πρὸς
2856 1763 3088 1834 βασιλέα
3135 1767 3370 1836 πόλεμον
3399 1766 3588 1828 πάντας
3617 1781 3750 1834 παρε-

2259 1857 2447 1925 θήξας,
2476 1857 2639 1915 αὐτὸς
2678 1855 2778 1923 μὲν
2812 1857 2879 1910 ἐκ
2917 1855 3278 1927 θαλάσσης,ή
3323 1857 3478 1918 ἵππος
3523 1855 3574 1908 δέ
3613 1856 3664 1907 ἐκ
3683 1855 3751 1922 τῆς

2259 1947 2490 2017 ἠπείρου
2523 1950 2604 2010 είς
2656 1946 2955 2011 Βυζαντίον
3010 1947 3332 2019 ἀνέστρεφε.
3389 1948 3624 2010 Βασιλεὺς
3659 1947 3753 2002 δὶό

2258 2038 2721 2108 Καντακουζηνδς
2755 2039 2893 2109 μετὰ
2926 2038 3026 2109 τὴν
3061 2041 3126 2094 ἐκ
3175 2039 3461 2104 Βυζαντίου
3487 2039 3572 2100 καὶ
3599 2038 3755 2092 Osos:-

2258 2131 2480 2200 λονίκης
2512 2132 2775 2200 στρατιὰν
2819 2130 2983 2184 αὑτοῦ
3017 2131 3371 2203 ἀναχωρῆσαι
3415 2135 3539 2201 πρὸς
3562 2133 3642 2200 τὴν
3669 2132 3746 2200 μά·

2261 2242 2364 2295 χην
2394 2222 2768 2287 ἀπειποῦσαν,
2801 2222 2864 2275 τὸ
2893 2223 3174 2276 ἐπίλοιπον
3211 2223 3430 2287 ὁδεύσας
3456 2224 3546 2293 τῆς
3572 2222 3752 2292 ἡμέρας,

2264 2315 2416 2386 παρὰ
2436 2314 2546 2368 τῶν
2577 2315 2879 2383 Προσοίκου
2915 2315 3120 2367 στενῶν
3164 2315 3264 2386 τὴν
3296 2314 3533 2386 εἰσϐολὴν
3558 2314 3757 2384 ηὐλίσατο

2257 2411 2358 2483 τὴν
2405 2411 2598 2464 νύκτα.
2639 2409 2701 2463 Ὀ
2731 2409 2790 2462 δὲ
2836 2410 3135 2480 Πρόσοικος
3193 2403 3350 2474 οὗτος
3425 2409 3652 2479 φρούριόν
3676 2408 3758 2460 ἐστι

2261 2501 2680 2574 καρτερώτατον
2718 2502 2813 2555 ἐπὶ
2862 2501 3029 2571 λόφου
3081 2503 3371 2574 ἱδρυμένον
3395 2519 3410 2535 ο
3442 2502 3470 2559 δ
3516 2501 3658 2555 πάλαι
3689 2499 3758 2567 μιν

2261 2595 2365 2649 ὑπὸ
2393 2595 2504 2648 τῶν
2539 2594 2830 2663 Ῥωμαίων
2859 2593 3159 2666 ἡγεμονίαν
3189 2593 3440 2658 διετέλει,
3478 2592 3604 2647 κατὰ
3635 2589 3762 2643 δὶτδν

2263 2685 2530 2758 βασιλέων
2575 2685 2933 2756 Ἀνδρονίκων
2960 2686 3095 2755 πρὸς
3127 2685 3394 2755 ἀλλήλους
3439 2683 3641 2752 ⁴πόλεμον
3664 2679 3762 2748 api;

2259 2779 2351 2832 τὸν
2416 2779 2656 2848 ἄρχοντα
2709 2779 2821 2832 τῶν
2887 2778 3178 2849 Τρισαλῶν
3243 2779 3347 2831 ὑπὸ
3410 2779 3512 2830 τῶν
3565 2774 3766 2844 κατεχόν-

2261 2885 2369 2923 των
2397 2871 2633 2924 ἐχόντων
2659 2869 2935 2940 παρεδὸθη
2970 2870 3116 2940 μίσει
3141 2870 3220 2941 τῷ
3249 2869 3386 2940 πρὸς
3401 2870 3488 2922 τὸν
3517 2868 3620 2920 νέον
3653 2864 3768 2934 βασι-

2260 2959 2378 3014 λέα.
2405 2961 2539 3014 Τότε
2573 2961 2630 3014 δέ
2667 2960 2773 3013 ὑπὸ
2829 2960 3053 3030 Μιχαὴλ
3075 2970 3238 3022 ’τινος
3274 2959 3368 3012 τοῦ
3416 2954 3670 3027 Τριδσλὼν
3692 2951 3768 3018 lp-

2261 3069 2448 3122 χοντος
2495 3053 2832 3124 παραδόντος
2879 3052 3190 3120 ἐκρατεῖτο,
3234 3051 3293 3114 ὃς
3341 3050 3404 3119 δὴ
3461 3045 3669 3116 Μιχαὴλ,
3687 3041 3768 3092 τῶν

485 3133 492 3140 ’
537 3209 545 3218 ί
584 3141 910 3197 nominatim
941 3158 1038 3196 eos
1077 3144 1332 3211 appellat,
1367 3152 1423 3197 et
1456 3144 1523 3198 de
1564 3143 1705 3198 duce
1745 3156 2156 3214 percunctatur.

2271 3147 2537 3218 βασιλέως
2589 3146 2834 3210 οἰκείων,
2878 3145 2952 3208 ὡς
2989 3147 3219 3214 ὕστερον
3251 3144 3410 3200 αὐτὸς
3439 3141 3667 3208 ἔφασκεν,
3695 3132 3769 3193 ὢν.

2257 3241 2394 3311 πρὸς
2423 3238 2646 3310 Χράλην
2663 3237 3091 3306 αὑτομολήσειεν
3113 3236 3178 3289 ἐκ
3196 3253 3343 3298 τινος
3369 3234 3556 3295 αίτίας.
3587 3230 3697 3282 Τότε
3721 3223 3768 3291 δὴ

2259 3335 2360 3404 τὴν
2391 3330 2658 3400 στρατιὰν
2697 3328 2821 3383 ἰδὼν
2857 3327 3448 3396 ἐστρατοπεδευμένην,
3482 3325 3568 3376 καὶ
3591 3319 3770 3389 νομίσας

2269 3421 2554 3493 Ῥωμαίων
2587 3420 2753 3474 οὖσαν
2787 3419 2879 3471 ἐπὶ
2904 3419 3056 3472 λείαν
3101 3420 3286 3490 ἥκειν,
3317 3415 3508 3481 πεζούς
3542 3431 3592 3466 τε
3615 3411 3692 3464 καὶ
3714 3409 3770 3458 ἱπ-

2260 3515 2398 3576 πέας
2444 3513 2605 3575 ὅσους
2662 3511 2898 3581 μάλιστα
2924 3509 3157 3580 ἠδύνατο
3181 3509 3463 3581 ἁθροίσας,
3509 3506 3599 3573 τῆς
3623 3499 3771 3560 νυκτὸς

2259 3605 2635 3676 προκατέλαϐε
2652 3606 2722 3657 τὰ
2741 3605 2903 3658 στενά
2925 3620 2940 3633 °
2964 3605 3059 3657 καὶ
3084 3602 3204 3673 ἅμα
3227 3602 3372 3674 πρωῒ
3396 3596 3774 3672 παρεσκευάζετο

2261 3697 2399 3767 πρὸς
2430 3697 2635 3766 μάχην.
2666 3695 2742 3758 ὡς
2773 3696 2873 3766 τὴν
2901 3695 3074 3748 δίοδον
3110 3699 3175 3764 τῇ
3207 3695 3439 3765 στρατιᾷ
3468 3694 3561 3745 οὐκ
3596 3685 3770 3755 impt-

2259 3788 2398 3858 ψων.
2436 3785 2702 3848 Βασιλεύς
2767 3803 2825 3838 τε
2857 3786 3060 3855 ὁμοίως
3110 3786 3236 3837 ἐπεὶ
3269 3787 3499 3846 ἐκείνους
3559 3777 3652 3832 εἶδε
3678 3775 3772 3843 περὶ

2259 3881 2328 3932 τὰ
2365 3877 2755 3948 καρτερώτατα
2785 3875 2878 3929 τοῦ
2951 3876 3156 3945 χωρίου
3184 3871 3676 3944 ἐγκαθιδρυμινους,
3699 3868 3772 3930 τὴν

2267 3967 2532 4037 στρατιάν
2563 3967 2820 4020 ἐκέλευεν
2846 3964 3168 4028 ὁπλίζεσθαι
3205 3966 3282 4027 ὡς
3316 3965 3617 4035 βιασόμενος
3637 3977 3648 3990 ·
3673 3955 3774 4026 πρὸς

2262 4060 2446 4130 ἕτερόν
2487 4077 2539 4113 τι
2569 4057 2862 4130 τρέπεσθαι
2891 4057 3002 4126 γὰρ
3034 4057 3246 4125 βέλτιον
3277 4058 3379 4110 οὐκ
3434 4056 3569 4124 ἐνῆν.
3603 4047 3774 4118 Μιχαὴλ

2264 4151 2321 4204 δὲ
2346 4152 2449 4220 τήν
2481 4167 2538 4204 τε
2570 4149 2834 4220 στρατιὰν
2857 4148 3058 4202 ἐθέλων
3087 4149 3211 4202 ὅθεν
3248 4149 3338 4218 εἴη
3369 4147 3574 4217 μαθεῖν,
3606 4143 3686 4196 καὶ
3709 4142 3776 4192 τὴν

2265 4241 2467 4306 ἄγονται
2499 4241 2835 4310 στρατηγὸν,
2867 4239 3098 4309 πλησίον
3127 4255 3187 4292 τε
3218 4240 3508 4307 γενόμενος
3536 4234 3621 4287 τοῦ
3650 4245 3775 4298 etpa-

2264 4333 2514 4397 τοπέδου,
2555 4330 2650 4384 καί
2682 4349 2834 4394 τινας
2857 4330 2966 4384 τῶν
3004 4330 3258 4400 συνήθων
3291 4333 3382 4384 καὶ
3413 4329 3575 4398 φίλων
3604 4325 3777 4394 πόρῤω·

2268 4423 2360 4475 θεν
2421 4423 2566 4486 ἰδὼν,
2601 4421 2788 4475 ἐκάλει
2814 4439 2873 4474 τε
2906 4422 3106 4486 αὐτοὺς
3150 4423 3439 4492 ὀνομαστὶ,
3471 4420 3560 4472 καὶ
3591 4409 3776 4468 ἐπυνθά-

497 4585 500 4588 ῃ
588 4511 945 4579 occuparant)
978 4511 1195 4580 globum
1227 4511 1505 4582 ingentem
1539 4523 1687 4568 trans
1713 4515 1918 4569 flumen
1939 4526 2157 4585 praeter-

2271 4531 2392 4568 νετο
2420 4513 2664 4582 περὶτοῦ
2707 4511 3043 4582 στρατηγοῦ.
3085 4511 3348 4564 Ἐκείνων
3377 4511 3435 4564 δέ
3471 4501 3778 4574 ἀπαγγειλάν-

588 4601 672 4653 ire
744 4601 1113 4669 conspiciunt.
1213 4601 1543 4674 Conjectans
1603 4614 1786 4659 autem
1864 4606 2164 4673 imperator

588 4704 707 4744 rem
749 4690 946 4757 ipsam,
985 4707 1106 4746 esse
1141 4693 1354 4750 scilicet
1379 4693 1638 4750 Liberum
1666 4695 2033 4752 Triballorum
2061 4715 2161 4767 pc-

590 4775 1132 4854 tentissimumlillic
1185 4789 1330 4841 enim
1375 4804 1502 4842 eum
1548 4791 1754 4844 versari
1804 4801 2160 4861 cognoverat)

2269 4623 2402 4672 των,
2469 4605 2542 4668 ὼς
2591 4605 2676 4670 εἴη
2733 4603 2988 4672 βασιλεὺς
3037 4603 3066 4654 ὀ
3115 4600 3593 4669 Ιίαντακουζηνὸς,
3651 4589 3778 4662 μηδὲν

2213 4705 2222 4713 ‘
2272 4697 2534 4766 μελήσας,
2562 4695 2793 4765 προσῄει
2815 4711 2874 4747 τε
2900 4694 3122 4758 αὐτίκα,
3147 4696 3245 4747 καὶ
3261 4693 3537 4762 ἠσπάζετο
3555 4688 3638 4740 τὸν
3657 4681 3777 4733 $656-

2273 4786 2506 4837 Ἔπειτα
2550 4786 2646 4837 καὶ
2718 4785 2910 4836 ἐαυτὸν
2964 4783 3370 4854 ἀναγνωρίσεις,
3417 4772 3694 4846 συνήλγηςέ
3734 4781 3778 4818 τε

590 4874 658 4926 de
689 4873 804 4928 suis
833 4876 1076 4945 equitem
1139 4887 1356 4934 tranare
1411 4879 1574 4948 (vado
1604 4881 1750 4936 enim
1791 4883 2013 4937 transiri
2057 4883 2157 4937 ιιυσ

2271 4878 2408 4948 πρὸς
2455 4878 2554 4946 τὴν
2616 4874 2960 4945 δυσπραγίαν
3019 4874 3254 4945 βασιλεῖ,
3297 4877 3394 4928 καὶ
3444 4870 3570 4941 περὶ
3595 4867 3658 4921 τὰ
3676 4859 3776 4918 ἄλλα

591 4966 715 5020 vius
743 4982 850 5020 non
871 4973 1106 5039 poterat)
1133 4971 1296 5040 eique
1345 4973 1528 5028 verbis
1561 4975 1677 5028 suis
1703 4975 1934 5030 salutem
1957 4975 2164 5041 dicere,

590 5067 648 5112 et
677 5059 840 5114 simul
871 5063 1164 5132 exquirere
1193 5063 1373 5132 jubet,
1407 5080 1516 5133 quo
1548 5077 1711 5136 pacto
1746 5066 1910 5122 rebus
1946 5068 2061 5122 suis
2096 5068 2164 5122 ad

593 5152 741 5206 hunc
783 5153 1003 5207 modum
1045 5154 1260 5209 affectis
1288 5167 1640 5213 succurrant.
1685 5158 1920 5214 Liberus
1959 5160 2166 5214 saluta~

593 5244 799 5299 tionem
856 5253 912 5298 et
941 5245 1264 5314 petitionem
1295 5247 1646 5318 imperatoris
1677 5250 2042 5320 gratissimam
2074 5249 2168 5305 ba-

593 5337 737 5402 buit,
797 5336 976 5406 deque
1007 5337 1326 5394 domesticis
1355 5341 1471 5395 suis
1517 5357 1684 5395 unum
1722 5357 1848 5396 cum
1883 5341 2168 5396 internun-

592 5429 671 5483 tio
709 5427 947 5494 remisit,
970 5443 1098 5486 eum
1145 5431 1471 5499 resalutans,
1495 5441 1552 5488 et
1583 5446 1782 5502 rogans
1813 5431 1887 5486 uti
1940 5431 2164 5501 paulum

2267 4968 2684 5041 προθυμότατον
2741 4968 2935 5020 ἐαυτὸν
3005 4967 3356 5038 παρέσχετο,
3402 4965 3557 5035 χάριν
3579 4959 3648 5028 τῷ
3690 4949 3777 5016 θεῷ

2269 5061 2473 5130 πολλὴν
2507 5059 2809 5130 ὁμολογῶν,
2840 5060 2922 5113 ὅτι
2973 5061 3108 5131 πρὸς
3136 5058 3295 5113 τοῦτο
3325 5055 3518 5128 καιροῦ
3552 5045 3775 5115 συντύχοι.

2269 5156 2326 5206 ἐν
2355 5147 2399 5220 ᾧ
2438 5151 2538 5222 τὴν
2567 5149 2780 5204 εὔνοιαν
2809 5149 3026 5215 ἐξέσται
3056 5151 3154 5219 τὴν
3180 5149 3319 5220 πρὸς
3347 5149 3546 5202 ἐκεῖνον
3585 5133 3777 5210 φανερὰν

2271 5247 2466 5300 ποιεῖν.
2494 5244 2610 5314 Τήν
2632 5260 2694 5296 τε
2721 5241 2814 5296 οὖν
2843 5241 3014 5296 δίοδον
3047 5242 3208 5305 εὐθὺς
3240 5239 3472 5308 ἀπονητὶ
3509 5229 3774 5304 παρείχετο.

2270 5338 2366 5391 καὶ
2399 5335 2642 5403 ἐξένιζεν
2669 5337 2732 5388 ὲκ
2755 5334 2866 5387 τῶν
2891 5335 3120 5388 ἐνόντων
3147 5334 3246 5404 τὴν
3273 5329 3548 5403 στρατιάν.
3586 5324 3682 5392 Τὴν
3702 5314 3778 5386 μὲν

2268 5429 2364 5486 οὖν
2391 5431 2607 5501 ἡμέραν
2662 5427 2879 5497 ἐκείνην
2915 5429 2974 5480 ἐν
3005 5416 3284 5498 Προσοίκῳ
3308 5421 3596 5478 διετέλεσεν
3613 5413 3639 5466 ὁ
3658 5410 3778 5482 βασιο

1821 5572 2040 5635 Jacobi
2074 5572 2341 5636 Pontani
2379 5578 2568 5634 notas.

663 5707 777 5796 (98)
811 5713 1246 5797 Pescriptionem
1277 5719 1584 5776 uberiorem
1622 5719 1782 5790 hujus
1843 5717 2046 5774 castelli
2075 5717 2191 5790 lege
2230 5717 2370 5788 apud
2420 5679 2664 5774 Nicctam
2689 5756 2704 5784 ,
2749 5715 3023 5789 principio
3089 5713 3187 5771 lib.
3244 5727 3303 5768 Ill
3353 5709 3430 5765 De
3482 5717 3621 5761 Mm
3657 5693 3782 5770 σιεεὶι

590 5783 765 5861 Alexii
800 5783 1006 5857 Auget}.
