3998 6204
298 319 400 389 961

1470 319 2014 383 HISTORIARUM
2058 316 2286 378 LIBER
2335 316 2449 377 llI.

3447 319 3552 385 962

253 493 262 502 ν
299 432 397 485 οὖν
462 429 522 483 σὲ
575 429 676 500 μὲν
719 430 898 502 χρεὼν
946 431 1013 486 τὰ
1054 431 1196 487 κατὰ
1243 429 1472 502 γνώμην
1539 434 1865 496 ἐπιτάττειν,

1986 429 2305 497 tissimeque
2369 425 2722 483 conﬁciemus
2780 427 2879 498 (ι).
2949 427 3197 498 negabat
3259 429 3428 497 item,
3491 443 3551 487 ut

296 525 444 594 ἡμᾶς
472 523 531 577 δέ
558 524 626 578 τὰ
659 526 1061 593 ἐπιτεταγμένα
1109 525 1374 594 πράττειν
1404 526 1553 596 πάσῃ
1585 525 1866 594 προθυμίᾳ

295 616 392 671 καὶ
442 615 676 685 σπουδῇ.
718 618 898 681 Ἦξίου
935 635 1017 680 τε,
1077 617 1265 687 ὥσπερ
1319 616 1678 670 ἐϐουλεύσατο
1729 618 1868 684 μετὰ

289 709 551 776 γυναικὸς
583 711 676 762 καὶ
703 709 810 762 τῶν
851 712 908 761 ἐν
930 711 1106 773 τέλει,
1142 712 1338 780 ὅρκους
1369 708 1750 778 παρασχέσθαι
1774 707 1868 760 τοῦ

241 861 246 868 _
292 813 352 850 τε
391 796 687 866 σύμμαχον
742 799 837 850 καὶ
889 799 1042 866 φίλον
1095 799 1313 868 βέϐαιον
1368 798 1454 851 διὰ
1508 797 1623 867 βίου
1667 798 1869 858 παντὸς

291 889 480 950 αὐτοῖς
535 891 736 953 μενεῖν,
775 889 872 940 καὶ
932 889 1026 942 τοῦ
1079 890 1347 959 μηδεμίαν
1396 890 1503 942 τῶν
1552 889 1668 948 νυνὶ
1700 905 1868 941 κατε-

290 979 539 1047 χομένων
567 979 772 1043 πόλεων
807 981 897 1032 ὑπ’
930 981 1118 1046 αὐτοῦ,
1148 981 1214 1044 ἃς
1249 981 1412 1044 αὐτός
1437 998 1493 1032 τε
1537 982 1628 1032 καὶ
1657 979 1861 1051 πατὴρ,

289 1067 387 1119 τοῦ
421 1085 480 1119 τε
530 1069 817 1137 Ῥωμαίων
848 1069 1115 1139 βασιλέων
1166 1073 1301 1140 πρὸς
1327 1070 1592 1142 ἀλλήλους
1626 1068 1893 1140 πολέμου“

290 1160 691 1228 κεκινημένου,
745 1161 840 1213 καὶ
907 1161 1133 1232 ὕστερον
1196 1163 1542 1234 Ἀνδρονίκου
1597 1163 1692 1215 τοῦ
1747 1165 1867 1214 νέου

290 1250 560 1319 βασιλέως
613 1249 693 1303 ἔτι
758 1252 1060 1320 περιόντος,
1133 1254 1296 1316 αὐτὸς
1360 1254 1472 1323 ἔχει
1512 1255 1862 1323 ἀφελόμενος,

289 1344 622 1411 ἁπαιτήσειν
654 1346 1003 1399 καταστάντα
1033 1348 1168 1416 πρδς
1195 1347 1293 1416 τὴν
1324 1347 1520 1418 ἀρχὴν.
1549 1346 1622 1408 ὡς
1660 1341 1868 1416 προσ·ηέ

292 1435 497 1496 κούσας
542 1437 653 1494 τοῖς
698 1435 984 1504 Ῥωμαίων
1035 1436 1373 1506 βασιλεῦσιν.
1417 1438 1476 1491 '0
1509 1437 1762 1506 βασιλεὺς
1809 1438 1866 1491 δέ

293 1525 432 1591 πρὸς
468 1525 566 1591 μὲν
600 1525 662 1578 τὸ
710 1527 1001 1580 πεπεῖσθαι
1031 1531 1253 1596 προῖκα,
1289 1528 1384 1581 καὶ
1414 1529 1728 1598 φιλοτιμίας
1757 1529 1867 1597 μό-

294 1631 391 1682 νης
437 1614 600 1666 ἓνεκα
658 1616 752 1668 καὶ
806 1617 988 1684 φιλίας
1048 1619 1148 1688 τῆς
1199 1619 1280 1679 sl;
1335 1619 1496 1672 αὐτὸν
1551 1621 1868 1688 ἐπικουρεῖν

294 1705 682 1771 {consueuit
730 1708 879 1774 αύτῴ
941 1709 1122 1777 μόνον,
1175 1709 1307 1763 ἀλλὰ
1359 1713 1454 1763 καὶ
1501 1711 1741 1776 γυναικὶ,
1772 1713 1866 1764 καὶ

298 1794 412 1852 τοῖς
460 1793 516 1842 ἐν
553 1793 696 1844 τέλει
746 1793 945 1856 πολλὰς
997 1795 1228 1864 χάριτας
1266 1795 1568 1864 ὁμολογεῖν,
1597 1795 1670 1860 ὡς
1701 1797 1866 1866 ψήφῳ

296 1885 452 1950 κοινῇ
480 1883 546 1932 τὰ
571 1881 792 1934 τοιαῦτα
825 1883 1122 1951 ἑλομένοις.
1151 1885 1285 1954 Περί
1315 1902 1378 1952 γε
1411 1887 1518 1954 μὴν
1548 1885 1658 1938 τῶν
1684 1887 1867 1954 ὅρκων

289 1971 388 2033 οὓς
417 1973 659 2038 ἀξιοῦσιν
705 1975 797 2027 ἐπὶ
830 1976 904 2041 τῷ
935 1961 1012 2045 μῆ
1046 1979 1398 2046 παρενοχλεῖν
1439 1979 1576 2048 ὑπὲρ
1601 1978 1709 2030 τῶν
1738 1979 1866 2048 ἄχρι

287 2065 408 2114 νυνὶ
441 2064 820 2134 κατεχομένων
847 2066 940 2119 ὑπ’
977 2069 1202 2121 ἐκείνων
1248 2069 1453 2120 πόλεων
1485 2072 1865 2138 παρασχέσθαι

287 2157 639 2208 καταστάντα
693 2157 784 2209 ἐπὶ
832 2157 932 2226 τῆς
984 2161 1178 2229 ἀρχῆς,
1213 2160 1444 2229 μάλιστα
1499 2161 1715 2232 ποιήσει
1768 2163 1867 2234 τὴν

284 2243 518 2313 γνώμην
576 2247 837 2316 φανεράν.
899 2247 962 2301 El
1028 2249 1128 2316 μὲν
1182 2251 1293 2320 γὰρ
1323 2251 1404 2303 ἐτι
1440 2251 1535 2304 νῦν
1595 2252 1702 2306 ὑπὸ
1735 2253 1868 2307 Ῥω-

289 2336 476 2403 μαίοις
525 2335 686 2408 ἦσαν,
719 2340 812 2393 καὶ
856 2339 1143 2403 διασώζειν
1197 2342 1397 2404 ἑαυτὰς
1449 2343 1732 2412 ⁴ίιδύναντο,
1766 2346 1864 2399 οὐκ

285 2427 357 2480 ἂν
411 2431 524 2483 οὐδ’
583 2432 739 2494 αὐτὸς
787 2434 1086 2510 προήκατο,
1119 2432 1306 2501 ὥσπερ
1355 2435 1476 2488 ούδέ
1521 2436 1617 2496 τὰς
1660 2437 1860 2499 ἄλλας·

287 2522 408 2572 ἀλλ’
438 2523 612 2575 εἵλετο
638 2521 704 2576 ἂν
743 2543 770 2589 p
785 2524 942 2577 ἄλλον
976 2525 1242 2595 πρότερον
1288 2525 1602 2586 ἀποθανεῖν.
1634 2527 1665 2596 ἢ
1703 2530 1867 2594 ἀγενο

287 2611 384 2674 ιές
432 2629 488 2665 τι
547 2615 640 2665 καὶ
691 2613 1043 2684 ἀνελεύθερον
1099 2616 1455 2686 ἀνασχέσθαι.
1512 2617 1574 2668 El
1622 2617 1667 2670 δ’
1721 2619 1866 2672 ἔτεσι

281 2703 580 2780 πρότερον,
617 2705 674 2756 αί
731 2705 830 2775 μὲν
876 2707 1136 2771 πλείοσιν,
1197 2707 1254 2759 al.
1311 2707 1357 2758 δ’
1412 2707 1681 2772 ἐλάττοσι,
1717 2709 1868 2778 βασι-

287 2794 433 2846 λέων
471 2796 550 2847 ἐτι
598 2795 707 2849 τῶν
754 2797 1049 2867 Ῥωμαίων
1105 2799 1405 2869 περιόντων
1447 2799 1649 2861 ταύτας
1677 2803 1868 2868 ἀφελό-

290 2902 448 2954 μενοι
469 2886 617 2955 ἔχετε
641 2888 935 2954 αύτοὶ,ούδ⁹
955 2890 1102 2959 αύτῷ
1127 2907 1249 2944 τινα
1283 2890 1494 2960 μέμψιν
1519 2895 1578 2943 τὸ
1604 2892 1864 2960 προέσθαι

287 2975 393 3034 τὰς
451 2977 819 3043 κατεχομένας
865 2977 1157 3044 ἐπαγάγοι.
1211 2979 1318 3032 Καὶ
1366 2979 1617 3033 συνέθετο
1669 2981 1867 3049 ὅρκους

1975 521 2439 589 quemadmodum
2498 523 2550 574 in
2607 521 2844 576 concilio
2901 533 3046 576 esset
3101 523 3303 586 visum,
3366 540 3549 579 sacra-

1971 623 2157 667 mento
2201 623 2519 682 perpetuam
2565 629 2630 668 ac
2662 613 2927 667 stabilem
2969 631 3094 667 eum
3142 615 3278 682 ipsis
3323 617 3554 668 societa-

1975 713 2080 759 tem
2140 706 2553 772 amicitiamque
2600 705 2881 764 sanciret.
2928 716 2983 758 et
3030 707 3236 760 nullam
3296 707 3548 770 urbium,

1969 813 2106 866 quas
2147 812 2294 852 nunc
2325 797 2440 866 ipse
2473 795 2800 866 possideret,
2844 814 3094 866 quasque
3135 799 3253 867 ipse
3286 808 3549 866 paterque

1972 889 2238 945 Romanis
2266 889 2695 959 imperatoribus
2721 889 2866 943 inter
2892 906 2950 943 se
2987 891 3461 959 belligerantibus,
3491 899 3548 942 et

1971 991 2190 1049 postea,
2229 980 2546 1034 Andronico
2593 981 2818 1049 juniore
2875 980 3057 1033 adhuc
3123 982 3369 1050 spirante
3429 982 3545 1050 ipse

1970 1071 2315 1133 abstulisset,
2342 1071 2543 1137 adepto
2573 1071 2826 1140 imperio,
2867 1080 3123 1138 tanquam
3165 1071 3540 1124 Romanorum
3579 1116 3604 1137 ,

1970 1161 2371 1230 imperatorum
2432 1164 2710 1230 propriam
2766 1161 3152 1228 repetiturum.
3217 1161 3542 1227 Imperator,

1969 1250 2116 1318 quod
2145 1249 2316 1318 gratis
2350 1250 2611 1318 ductique
2640 1251 2872 1302 honoris
2916 1262 2973 1303 et
3031 1249 3287 1304 amicitize
3329 1252 3546 1304 deside-

1970 1341 2054 1393 rio
2081 1340 2190 1394 sibi
2220 1355 2378 1409 Opem
2405 1341 2549 1394 ferre
2573 1339 2970 1404 decrevissent,
3011 1356 3120 1394 non
3151 1341 3199 1394 ci
3226 1343 3422 1403 solum,
3451 1344 3545 1398 sed

1969 1441 2026 1486 et
2071 1431 2227 1485 usori
2268 1431 2720 1502 principibusque
2772 1431 2969 1485 multas
3019 1447 3078 1484 se
3137 1434 3339 1499 gratias
3386 1449 3548 1501 agere

1972 1531 2207 1577 testatus
2252 1532 2356 1585 est,
2390 1531 2450 1575 ut
2492 1524 2587 1590 qui
2635 1523 2911 1576 communi
2956 1523 3167 1576 calculo
3200 1524 3277 1575 ita
3318 1524 3543 1576 vellent.

1972 1616 2049 1670 De
2073 1616 2392 1684 iuramento
2420 1625 2600 1670 autem
2625 1616 2771 1685 quod
2797 1617 3160 1685 postularent,
3195 1633 3387 1685 nempe
3421 1633 3546 1671 cum

1975 1709 2030 1762 in
2066 1708 2356 1777 imperium
2401 1709 2660 1773 venisset,
2700 1710 2767 1762 de
2817 1709 3100 1777 occupatis
3146 1708 3378 1762 urbibus
3427 1712 3550 1762 ηυι-

1973 1801 2085 1855 lum
2117 1800 2399 1869 negotium
2429 1799 2834 1864 exhibiturum,
2866 1799 2997 1868 quid
3046 1799 3270 1862 sentiat,
3305 1800 3542 1866 apertis-

1973 1891 2112 1946 sime
2143 1902 2520 1946 ostensurum.
2567 1890 2622 1945 Si
2653 1891 2955 1946 etiamnum
3006 1891 3109 1945 sub
3155 1893 3421 1946 Romanis
3456 1909 3548 1945 es-

1972 1991 2117 2045 sent,
2153 1996 2383 2050 seseque
2413 1980 2552 2034 tueri
2586 1988 2832 2048 possent,
2861 1995 2968 2032 non
3006 1996 3064 2031 se
3097 1980 3237 2041 illus,
3272 1980 3548 2047 quomodo

1975 2087 2076 2126 nec
2145 2069 2284 2124 alias
2375 2072 2778 2136 neglecturum,
2835 2069 3000 2138 498
3058 2068 3546 2134 sedgmoriturum

1953 2159 2161 2228 prius,
2211 2174 2373 2225 quant
2418 2158 2633 2211 imbelle
2671 2157 2876 2226 aliquid
2909 2173 3212 2225 parumque
3248 2156 3546 2226 ingenuum
3636 2167 3647 2177 '

1972 2249 2424 2304 commissurum.
2474 2248 2614 2314 Quia
2645 2263 2778 2301 vero
2823 2249 2957 2301 alias
2997 2249 3206 2312 multis,
3251 2250 3384 2302 a'ias
3414 2265 3549 2318 pau-

1911 2338 1915 2342 ’
1973 2337 2221 2391 cioribtts
2297 2336 2500 2390 abhinc
2558 2336 2742 2396 annis.
2793 2337 3058 2390 Romanis
3116 2337 3544 2406 imperatoribus

1971 2428 2155 2482 adhuc
2201 2427 2612 2497 superstitibus,
2645 2426 2855 2480 ablatas
2898 2436 3168 2488 tenerent,
3212 2441 3313 2480 nec
3366 2443 3424 2481 se
3461 2443 3546 2482 re-

1974 2518 2399 2588 prehensionem
2465 2519 2840 2580 iucursurnm,
2902 2517 2948 2572 si
3010 2517 3197 2572 tandiu
3257 2529 3546 2588 usurpatas

1973 2607 2266 2661 dimiserit.
2327 2606 2393 2660 Et
2448 2617 2662 2682 pactus
2699 2605 2782 2662 est
2829 2607 3180 2675 juraturum;
3244 2608 3542 2662 videndum

1973 2698 2128 2768 ipsis,
2161 2707 2221 2751 ut
2242 2713 2427 2766 pacem
2459 2713 2523 2751 ac
2555 2699 2734 2752 ftedus
2776 2708 2961 2752 sancte
3006 2707 3348 2761 tueantur,se
3382 2700 3535 2753 omni

1977 2789 2191 2842 ratione
2225 2789 2407 2857 jurata
2452 2790 2850 2857 pra-stiturutn,
2901 2803 3002 2842 nec
3081 2804 3178 2857 pro
3225 2791 3443 2858 regione
3491 2803 3546 2846 t-t

1975 2879 2214 2948 oppidis,
2275 2894 2396 2949 qua:
2457 2879 2720 2934 Romanis
2768 2890 2928 2933 antea
2972 2881 3320 2948 paruissent,
3375 2881 3545 2936 mole-

1974 2974 2133 3027 stiam
2181 2973 2261 3027 eis
2305 2980 2651 3026 creaturum.
2694 2972 2751 3025 Si
2801 2973 3014 3040 priores
3047 2987 3143 3041 per
3193 2972 3540 3042 iniquitatem

289 3063 694 3132 παρασχέσθαι,
731 3063 934 3118 Ἐκεῖνο
966 3067 1063 3132 μέν
1093 3082 1196 3132 τοι,
1218 3066 1447 3136 ἔφασκε,
1476 3068 1578 3139 χρὴ
1621 3073 1860 3134 σκοπεῖν,

1973 3073 2136 3132 atque
2168 3063 2466 3132 periurium
2501 3077 2656 3116 arma
2711 3061 2986 3130 ceperint,
3021 3077 3130 3116 non
3184 3063 3360 3116 solum
3411 3063 3540 3130 illis,

288 3152 365 3214 ὡς
412 3153 476 3206 ἂν
525 3153 624 3223 μὲν
681 3157 712 3226 ἡ
771 3157 962 3225 εἰρήνη
1014 3155 1332 3221 διασώζοιτο
1381 3159 1569 3212 κοιὶαὶ
1610 3163 1860 3228 σπονδαὶ,

289 3241 474 3293 αὐτῶν
537 3243 614 3312 μη
678 3245 1246 3313 παρασπονδούντων*
1311 3249 1473 3311 αὐτὸς
1528 3251 1635 3321 γὰρ
1699 3252 1866 3304 παντὶ

286 3331 479 3401 τρόπῳ
538 3335 767 3404 τηρήσει
827 3335 952 3399 τοὺς
1002 3337 1219 3405 ὅρκους.
1281 3337 1374 3402 οὓς
1427 3339 1707 3410 δμόσεται.
1755 3342 1864 3394 ούδ’

288 3423 434 3490 ὑπὲρ
461 3425 556 3490 τῆς
595 3426 778 3495 χώρας
815 3429 1046 3480 καὶτῶν
1093 3429 1324 3495 πόλεων,
1362 3429 1419 3484 αἶ
1467 3433 1730 3502 πρότερον
1759 3433 1864 3485 ὑπὸ

293 3512 596 3584 Ῥωμαίοις
643 3512 803 3588 ἦσαν,
836 3519 988 3571 οὐδὲν
1038 3521 1431 3593 παρενοχλήσει
1462 3523 1556 3574 καὶ
1588 3523 1770 3586 αὐτός.
1802 3524 1862 3576 EI

283 3602 334 3654 δ’
382 3604 538 3656 αὐτοὶ
579 3607 712 3676 πρὸς
773 3608 1010 3676 πόλεμον
1063 3611 1318 3681 πρότεροι
1371 3613 1710 3682 χωρήσουσιν
1754 3607 1864 3670 ἀδιτ

286 3691 516 3756 κοῦντες
567 3699 661 3748 καὶ
715 3699 1244 3767 παρασπονδοῦντες,
1278 3700 1377 3754 οὐκ
1408 3701 1632 3754 ἐκείνων
1683 3702 1862 3770 μόνων

287 3783 433 3853 ὑπὲρ
459 3782 533 3838 ὢν
562 3788 610 3838 οἱ
633 3789 783 3858 ὅρκοι
812 3789 910 3840 ούκ
941 3790 1202 3857 ἀφέξεται
1234 3793 1281 3843 εί
1319 3791 1556 3854 δύναιτο,
1586 3791 1720 3845 ἀλλὰ
1766 3791 1863 3846 καὶ

283 3875 389 3935 τὰς
435 3875 642 3927 ἄνωθεν
687 3877 959 3945 ὑπηκόους
1005 3879 1292 3947 Τριϐαλοίς
1341 3882 1751 3950 παραστήσεται
1795 3881 1862 3934 ἂν

281 3964 405 4036 ἐξῇ.
435 3966 623 4036 ὥσπερ
659 3971 748 4021 καὶ
783 3970 936 4022 αὐτοὶ
982 3970 1080 4032 τὰς
1125 3970 1420 4040 Ῥωμαίων
1451 3972 1651 4038 πάσας,
1689 3973 1738 4024 εί
1769 3971 1862 4026 δύο

283 4074 456 4125 ναμις
502 4058 636 4127 πρὸς
669 4061 765 4129 τὴν
803 4060 976 4130 ὁρμὴν
1009 4062 1231 4131 παρείη.
1268 4063 1488 4132 Κράλης
1519 4064 1572 4115 δὲ
1620 4058 1713 4118 καὶ
1747 4065 1861 4117 ὅσοι

282 4149 541 4217 παρῆσαν
594 4150 700 4202 τῶν
751 4150 1055 4219 Τριῆαλῶν,
1084 4151 1476 4223 ἐξεπλήττοντό
1524 4171 1601 4218 τε,
1635 4157 1727 4207 καὶ
1772 4156 1862 4208 διὰ

283 4238 568 4308 Θαύματος
620 4236 756 4310 ἦγον
813 4243 1060 4310 βασιλέα,
1114 4245 1195 4297 ὅτι
1260 4245 1410 4297 οὐδὲν
1446 4246 1697 4312 ἀγεννὲς,
1742 4249 1861 4301 οὐδὲ

283 4331 677 4398 πεπλασμένον
731 4332 818 4384 διὰ
879 4334 979 4396 τὰς
1051 4335 1415 4404 περισχούσας
1471 4336 1669 4403 τύχας,
1720 4339 1858 4391 ἀλλὰ

283 4423 469 4474 πάντα
498 4421 732 4491 ἀληθῶς,
762 4425 857 4520 καὶ
902 4425 977 4487 ὡς
1027 4421 1139 4494 εἶχε
1186 4425 1421 4488 διανοίας
1455 4426 1852 4494 ἀπεφθέγγετο.
1888 4434 1930 4488 D

294 4513 362 4566 Ἦ
423 4515 527 4582 μέν
579 4511 672 4568 οὖν
735 4511 1019 4586 συμμαχία
1077 4518 1267 4570 τοῦτον
1325 4513 1436 4588 εἶχε
1493 4520 1584 4570 τὸν
1637 4521 1855 4588 τρόπον.

283 4607 486 4674 Ὀρκοι
529 4606 584 4656 δέ
621 4602 761 4674 ἦσαν
795 4608 845 4659 ol
877 4608 970 4660 ἐπὶ
1002 4608 1236 4672 τούτοις,
1267 4607 1408 4662 ὥστε
1448 4608 1673 4679 βασιλέα
1711 4613 1858 4664 Καν·

280 4696 623 4765 τακουζηνὸν
657 4698 751 4747 καὶ
781 4697 1000 4766 Κράλην
1054 4700 1241 4765 φίλους
1295 4697 1436 4754 εἶναι
1483 4700 1570 4753 διὰ
1604 4699 1718 4769 βίου
1764 4702 1856 4754 καὶ

283 4789 636 4856 συμμάχους,
668 4789 762 4839 καὶ
810 4789 1012 4857 μηδένα
1053 4791 1149 4858 τῆς
1189 4791 1434 4861 ἀλλήλων
1459 4793 1683 4856 κακοῦν,
1721 4795 1856 4863 μήτε

278 4881 474 4948 τέχνη,
533 4879 670 4946 μήτε
725 4882 938 4947 μηχανῇ
996 4881 1255 4951 μηδεμιᾷ,
1315 4883 1450 4935 ἀλλὰ
1490 4883 1715 4951 βασιλέα
1761 4887 1859 4954 μὲν

279 4974 377 5025 τὸν
439 4970 912 5038 Καντακουζηνὺν,
949 4966 1025 5024 ὧν
1071 4975 1100 5024 ό
1159 4975 1378 5042 Κράλης
1428 4978 1618 5042 γέγονε
1674 4976 1860 5045 κύριος

281 5067 498 5118 πόλεων
539 5062 835 5131 Ῥωμαίοις
872 5066 1148 5132 ὑπηκόων,
1179 5067 1212 5138 ἢ
1251 5069 1401 5137 παρὰ
1442 5070 1649 5137 πατρὸς
1683 5085 1856 5137 παρα·

277 5156 491 5222 λαϐὼν,
527 5161 559 5230 ἢ
600 5162 764 5225 αύτδς
817 5158 1072 5228 ἀρπάσας
1127 5157 1206 5211 ἐτι
1257 5159 1537 5226 περιόντος
1593 5157 1860 5228 βασιλέως

287 5247 660 5319 ’Δνδρονίκου,
703 5251 975 5322 μηδεμίαν
1025 5250 1163 5319 μήτε
1213 5249 1486 5315 ἀπαιτεῖν,
1525 5251 1667 5319 μήτε
1703 5250 1860 5303 πόλε-

1964 3168 2197 3223 quorum
2247 3167 2409 3206 causa
2453 3151 3025 3221 juraritrecipiendis,
3092 3152 3138 3206 si
3171 3157 3394 3221 poterit,
3431 3169 3541 3208 non

1964 3226 2421 3314 temperaturum,
2473 3243 2568 3298 sed
2618 3246 2786 3297 etiam
2825 3246 2938 3312 jam
2988 3244 3120 3299 olim
3168 3244 3539 3301 Triliallorunt

1965 3336 2294 3404 peculiares,
2327 3335 2373 3389 si
2413 3335 2678 3404 quiverit,
2723 3336 3106 3398 subacturum,
3158 3336 3303 3391 sicut
3343 3346 3398 3392 et
3428 3335 3534 3406 ipsi

1968 3427 2348 3480 Romanorum
2379 3438 2574 3477 omnes
2612 3425 2954 3494 subigercnt,
2999 3426 3046 3479 si
3081 3427 3344 3480 voluntati
3392 3430 3539 3481 vires

1963 3514 2384 3582 responderent.
2443 3511 2655 3574 Cralcs,
2719 3522 2774 3566 et
2829 3514 2922 3581 qui
2998 3515 3230 3568 aderant
3289 3515 3538 3580 Triballi,

1961 3603 2224 3660 admirari
2257 3612 2313 3658 et
2339 3603 2736 3672 obstupescere
2787 3603 3201 3670 imperatorem,
3242 3602 3334 3672 qui
3365 3619 3540 3672 quan-

1961 3684 2127 3764 quam
2153 3695 2308 3748 exsul
2342 3701 2399 3747 et
2425 3693 2617 3756 miser,
2643 3745 2649 3751 ,
2674 3691 2810 3744 nihil
2845 3701 3024 3744 tamen
3069 3691 3321 3744 timidum
3360 3707 3539 3761 neque

1963 3785 2184 3850 ﬁctum,
2247 3784 2342 3838 sed
2393 3784 2605 3838 sincere
2647 3782 2829 3836 omnia
2875 3790 2930 3835 et
2968 3797 3032 3836 ex
3086 3781 3272 3835 animo
3319 3782 3536 3836 locutus

1962 3884 2127 3930 esset.
2194 3873 2271 3927 Ae
2329 3873 2397 3927 de
2439 3873 2706 3928 societate
2761 3873 2988 3943 quidem
3043 3883 3226 3929 actum
3290 3881 3377 3928 est
3427 3874 3536 3928 isto

1964 3967 2164 4032 modo;
2205 3966 2257 4020 in
2286 3967 2384 4021 bas
2414 3975 2594 4020 autem
2617 3965 2973 4020 ‘conditiones
2995 3966 3237 4035 juratum
3269 3985 3282 4020 :
3318 3965 3384 4022 Ut
3429 3965 3532 4019 itit-

1962 4067 2180 4127 perator
2242 4055 2657 4111 Cantacuzenus
2713 4063 2768 4109 et
2823 4053 3014 4108 Cralcs
3075 4056 3232 4108 amici
3281 4071 3347 4109 ac
3397 4056 3533 4110 socii

1959 4158 2147 4202 essent
2200 4148 2254 4200 in
2309 4163 2468 4200 omne
2507 4157 2746 4216 tempus,
2780 4156 3083 4216 neuterque
3136 4148 3370 4204 alterius
3404 4166 3529 4220 pro-

1959 4237 2194 4290 vinciam
2241 4235 2525 4289 inl‘est-iret
2587 4236 2713 4289 ullis
2771 4235 3006 4300 artibus,
3070 4247 3164 4290 aut
3218 4239 3532 4292 machinis:

1960 4327 2055 4381 sed
2103 4326 2520 4380 Cantacuzenus
2576 4326 2796 4379 urbium
2852 4327 3249 4394 Romanarum,
3292 4346 3524 4398 quantm

1956 4415 2140 4472 Crales
2177 4426 2322 4470 esset
2346 4417 2634 4477 dominus,
2671 4417 2786 4470 sive
2818 4433 2911 4470 eas
2937 4435 2964 4470 a
3013 4426 3174 4486 patre
3204 4422 3529 4487 acrepisset,

1959 4508 2075 4562 sive
2108 4507 2224 4576 ipse
2254 4522 2345 4559 eas
2373 4506 2698 4560 Andronico
2728 4506 3062 4574 imperatore
3096 4508 3310 4562 vivente
3340 4511 3443 4564 sub
3474 4525 3533 4564 se
3585 4561 3592 4566 .

1960 4597 2286 4668 redegisset,
2329 4597 2538 4649 nullam
2573 4612 2752 4666 neque
2778 4609 3110 4666 reposceret,
3145 4615 3319 4669 neque
3341 4605 3410 4656 ob
3439 4618 3534 4657 eas

1957 4688 2129 4741 ullum
2160 4688 2362 4740 bellum
2408 4686 2707 4739 intentaret
2736 4703 2750 4739 :
2783 4688 3010 4755 reliquae
3041 4703 3190 4750 vero,
3234 4706 3354 4757 qua:
3387 4707 3533 4744 nunc

1956 4779 2123 4834 etiam
2161 4779 2263 4833 sub
2295 4779 2544 4832 Romano
2583 4779 2818 4846 imperio
2850 4793 3234 4845 censerentur,
3262 4781 3534 4836 Cantncu-

1957 4868 2076 4922 zeni
2103 4876 2288 4921 essent
2309 4909 2323 4933 ,
2355 4868 2670 4938 nullamque
2710 4867 2896 4921 Crales
2934 4868 3059 4922 ullis
3085 4871 3294 4923 artibus
3326 4871 3531 4923 maelii.

1957 4960 2111 5011 nisve
2147 4958 2442 5024 adimeret,
2472 4958 2576 5012 sed.
2603 4960 2982 5027 imperatorem
3016 4962 3079 5012 ad
3113 4975 3207 5011 eas
3233 4959 3530 5028 subjicien-

1955 5050 2051 5102 das
2078 5049 2294 5119 juvaret
2334 5049 2734 5103 tantummodo.
2773 5049 2838 5103 Et
2873 5058 3143 5118 quotquot
3172 5050 3392 5117 quidem
3429 5059 3527 5102 aut

1956 5119 2505 5211 armis.capcrentur,
2536 5151 2631 5194 aut
2675 5155 2741 5196 ex
2770 5141 2930 5210 pacto'
2954 5155 3010 5193 se
3045 5139 3310 5193 dederent
3337 5140 3526 5209 [impc-

1954 5233 2121 5286 ναῖοι-ἰ
2173 5233 2455 5302 praesenti,
2507 5234 2600 5287 has
2650 5232 2948 5302 imperator
2993 5219 3246 5294 haberet.
3303 5230 3528 5286 Tribaili

1521 5365 1739 5440 Jacobi
1777 5364 2039 5429 Pontani
2078 5374 2264 5427 nota.

358 5491 436 5562 μ)
475 5488 660 5563 Virgil.
689 5491 905 5548 Δζηείά.
940 5509 993 5547 t:

571 5627 746 5696 _A—'—'
777 5623 938 5696 Tuus,
968 5641 996 5678 ο
1019 5625 1220 5696 regina,
1249 5625 1376 5694 quid
1401 5633 1540 5692 optes

463 5694 760 5765 Καρίου-ατε
786 5695 956 5761 labor,
985 5694 1112 5749 mihi
1131 5695 1290 5764 jussu
1322 5709 1591 5763 capessere
1621 5694 1706 5764 fas
1727 5706 1824 5751 est.

1974 5490 2144 5544 Aﬁert
2205 5505 2274 5544 ex
2321 5489 2546 5560 epistola
2600 5487 2672 5543 Μ.
2717 5485 2935 5560 “mpii
2985 5487 3051 5541 ad
3107 5475 3396 5560 quemdam
3445 5501 3532 5542 se-

1967 5561 2292 5625 ptemvirum
2319 5599 2333 5618 ,
2356 5557 2672 5626 'capitalem
2719 5557 3022 5620 hominem,
3050 5559 3313 5627 collegam
3357 5557 3530 5627 ipsius

1966 5624 2085 5684 haec
2118 5629 2280 5682 verba
2299 5624 2533 5696 Philipp.
2584 5644 2612 5679 ν
2649 5629 2720 5681 Μ.
2749 5627 2988 5682 Tullius'
3032 5624 3527 5698 Qu‘itlrcioncup‘iscus

1931 5777 1936 5784 .
1970 5709 2026 5753 tu
2063 5698 2290 5764 videris;
2322 5695 2459 5770 quod
2490 5698 2841 5768 concupiveris
2875 5707 3009 5785 certe
3031 5695 3258 5774 habebis.
