3998 6204
567 305 678 374 963

563 428 706 484 nihil
742 427 1068 499 iniuriarum
1101 427 1370 485 facerent.
1395 429 1492 487 Sin
1527 433 1753 488 absente
1792 435 2148 506 imperatore,

482 530 491 567 λ
563 532 663 576 aut
686 523 805 592 ipse
835 522 1023 578 Crales
1060 523 1145 578 vel
1186 525 1378 587 armis,
1412 527 1497 581 vel
1528 527 1835 591 deditione,
1863 529 1948 583 vel
1982 546 2147 598 pecu-

563 614 655 667 nia
683 615 882 670 incolis
910 618 1219 685 corruptis,
1255 627 1349 672 aut
1383 619 1738 688 dynastarum
1775 621 1826 674 ei
1873 623 2149 693 subjectu-

453 722 468 740 κ
566 721 690 761 rum
753 707 953 777 aliquis
1013 711 1205 764 urbem
1261 711 1562 766 Romanam
1613 712 1966 782 subegisset.
2031 715 2149 770 ltzec

565 814 791 868 quoque
826 789 1176 869 imperatoris
1203 811 1370 864 esset,
1409 813 1464 857 et
1499 807 1807 872 reposcenti
1843 807 1980 860 nihil
2022 822 2149 861 cau-

565 890 739 942 sando
774 890 1118 944 redderetur.
1151 891 1281 945 Item
1310 902 1372 946 ut
1406 893 1520 961 ipse
1556 893 1747 949 Crates
1777 895 1946 950 Annae
1976 897 2151 963 impe-

547 981 754 1033 ratriei
785 991 840 1033 et
871 981 1068 1035 Joanni
1103 983 1222 1052 ejus
1254 983 1366 1036 ﬁlio
1395 984 1714 1053 imperatori
1753 987 1928 1047 hostis
1979 997 2146 1051 esset,

483 1110 504 1126 .
563 1088 669 1128 nec
695 1089 934 1142 unquam
974 1075 1154 1130 fmdus
1183 1091 1308 1129 eum
1345 1077 1458 1130 illis
1485 1077 1699 1140 feriret,
1725 1079 1817 1131 sud
1849 1081 2152 1134 incommo-

565 1168 726 1220 daret
780 1183 877 1236 pro
933 1168 1183 1230 viribus,
1242 1167 1690 1224 Cantacuzenum
1756 1171 2150 1240 imperatorem

563 1259 818 1329 adjutans
847 1274 1009 1328 quam
1039 1268 1230 1328 posset
1257 1261 1670 1314 strenuissime.
1697 1261 1940 1330 Compos
1965 1271 2149 1317 autem

563 1350 779 1418 imperii
809 1349 1258 1414 Cautacuzeuus,
1301 1350 1515 1404 Cralem
1545 1367 1641 1404 sua
1685 1355 1932 1421 putentia
1965 1363 2151 1407 tuere-

564 1449 677 1502 tur,
718 1440 762 1493 si
803 1441 929 1508 quis
962 1455 1088 1493 eum
1123 1440 1439 1504 invaderet,
1472 1459 1534 1495 ae.
1565 1458 1665 1507 pro
1697 1443 1857 1497 hoste
1900 1444 2149 1510 duceret,

563 1533 660 1600 qui
721 1533 776 1584 in
847 1547 976 1585 eum
1027 1533 1434 1602 expeditionem
1489 1547 1723 1606 pararet.
1779 1537 1945 1609 499
1987 1535 2150 1592 Multa

560 1627 728 1679 etiam
762 1627 928 1677 verba
971 1626 1108 1680 facta
1152 1627 1220 1680 de
1266 1627 1464 1682 Chrele
1497 1629 1741 1684 Triballo
1771 1647 1784 1684 :
1817 1647 1978 1700 quem
2026 1646 2152 1685 cum

561 1715 755 1771 Crales
821 1718 923 1771 sibi
980 1718 1332 1784 vindicaret,
1417 1731 1644 1790 propter
1699 1723 2147 1776 communionem

563 1807 768 1877 gentis,
802 1808 1125 1878 imperator,
1158 1811 1306 1879 quod
1338 1813 1522 1865 adhuc
1554 1813 1775 1866 vivente
1811 1815 2147 1882 imperatore

565 1900 885 1953 Andronico
914 1899 1274 1970 transfugisse
1314 1901 1380 1955 ad
1419 1903 1699 1957 Romanos
1744 1903 2064 1970 affirmaret,
2092 1913 2151 1960 et

565 1989 624 2042 in
653 2005 897 2060 prmsens
934 2006 1044 2045 non
1085 1993 1265 2046 solum
1299 1994 1404 2047 sub
1434 1994 1668 2062 imperio
1705 1996 2152 2050 Romanoadnu-

565 2095 901 2145 moraretur,
925 2083 1020 2137 sed
1039 2084 1208 2138 etiam
1239 2087 1342 2140 sibi
1370 2088 1706 2156 peculiarem
1733 2104 1792 2142 se
1815 2088 2145 2143 addixisset:

562 2183 622 2228 et
678 2174 911 2244 insuper
969 2176 1345 2246 juramentum
1400 2179 1694 2247 proferret,
1758 2195 1867 2250 quo
1919 2180 2149 2235 Chrelcs

559 2264 949 2321 Cantacnzcno
991 2266 1152 2322 ﬁdem
1186 2268 1675 2340 obedientiamque
1711 2287 1861 2324 suam
1908 2271 2148 2340 obligas-

562 2366 680 2422 set,
754 2351 1024 2426 quoniam
1095 2359 1242 2428 justa
1327 2359 1514 2414 dicere
1575 2361 1908 2424 videbatur,
1962 2360 2150 2414 Crales

566 2449 784 2506 annuit.
819 2457 874 2501 et
917 2448 1240 2518 iuramento
1290 2451 1638 2519 subscripsit.
1670 2449 1806 2504 Cum
1857 2451 1941 2504 his
1980 2451 2150 2520 igitur

562 2539 982 2593 conditionibus
1027 2555 1220 2610 regum
1255 2553 1603 2618 sacramenta
1648 2541 1955 2611 conscripta
1995 2550 2146 2597 sunt.

561 2631 840 2685 Caeterum
897 2642 956 2685 et
1006 2632 1490 2702 archiepiscopum
1538 2633 1910 2688 'l‘riballorum
1957 2633 2149 2688 adesse

559 2722 880 2789 oportebat,
912 2720 964 2773 in
992 2721 1150 2791 cujus
1183 2723 1473 2791 praesentia
1508 2723 1812 2793 juraretur.
1857 2722 1907 2776 ls
1934 2739 1963 2776 a
1991 2722 2150 2778 Crale

559 2821 849 2876 evocatus,
891 2827 1013 2865 mox
1043 2812 1257 2876 adluit;
1293 2814 1380 2866 cui
1423 2813 1487 2867 ad
1531 2814 1769 2866 medium
1804 2814 1930 2867 atrii
1960 2827 2150 2882 proce-

561 2903 704 2956 dens
750 2902 970 2955 obviam
1001 2901 1216 2968 Crales,
1258 2903 1477 2958 frenum
1522 2904 1651 2973 equi
1703 2921 1812 2968 quo
1842 2903 2148 2959 vehebatur

563 2992 956 3062 apprehendit,
980 3003 1035 3046 et
1065 2993 1130 3046 ad
1162 2993 1368 3057 locum,
1404 3010 1515 3063 quo
1545 2996 1880 3050 descendere
1911 2995 2145 3059 solebat,

573 3085 852 3164 perduxit:
891 3084 1064 3148 Quem
1108 3084 1312 3138 deinde
1345 3087 1615 3151 salutans,
1642 3087 1822 3161 fausta
1854 3087 1922 3141 ab
1947 3087 2140 3141 eodem

569 3175 1019 3245 comprecatione
1078 3176 1349 3231 lustratus
1411 3186 1520 3232 est.
1595 3177 2012 3233 Cantacuzenus
2072 3195 2140 3235 ex

563 3266 778 3320 azdibus
809 3266 1036 3336 prodire
1077 3283 1186 3321 non
1217 3279 1303 3323 est
1330 3269 1634 3339 permissus
1666 3311 1681 3331 ,
1707 3270 1802 3324 sed
1839 3286 1936 3340 pro
1969 3271 2143 3337 impe-

549 3366 811 3413 ratorum
845 3359 1224 3416 Romanorum
1267 3363 1673 3417 consuetudine
1700 3363 1844 3418 intra
1876 3364 2021 3418 aedes
2049 3379 2143 3418 oc-

565 3465 826 3512 currens.
869 3463 924 3508 et
959 3455 1228 3518 salutans,
1276 3455 1534 3509 similiter
1566 3455 1726 3510 bonis
1769 3457 2030 3525 precibus
2073 3458 2142 3510 ah

543 3529 630 3598 'eo
663 3544 920 3613 dignatus
946 3555 1050 3600 est.
1084 3545 1221 3601 Cum
1251 3562 1409 3618 reges
1434 3556 1656 3616 postero
1684 3548 1773 3602 die
1800 3558 2140 3604 sacramenta

560 3635 771 3690 dicturi
813 3647 1020 3703 essent,
1053 3637 1290 3692 Chrelcs
1341 3638 1410 3692 ad
1453 3637 1667 3694 Cralem
1717 3641 1941 3695 mittens
1977 3640 2137 3696 ﬁdem

561 3727 702 3797 petit
745 3736 806 3781 ut
849 3727 916 3782 ad
975 3729 1095 3798 ejus
1141 3730 1526 3803 auctoritatem
1567 3730 1868 3793 rediturus,
1909 3729 2131 3786 Meleni-

562 3833 802 3886 cumque
849 3816 1182 3873 traditurus.
1214 3817 1444 3875 Chrelcs
1487 3820 1660 3882 enim,
1690 3822 1904 3876 tametsi
1937 3820 2140 3876 Canta-

560 3923 836 3962 cuzenum
887 3909 1137 3964 Romano
1197 3911 1365 3980 potiri
1421 3911 1676 3981 imperio.
1728 3911 1868 3967 etei
1915 3912 2142 3967 subesse

563 3999 893 4056 mirabiliter
925 4003 1204 4070 cupiebat,
1255 4017 1367 4058 non
1401 4012 1582 4058 tamen
1627 4005 1794 4060 etiam
1823 4006 1946 4077 ejus
1975 4020 2141 4062 causa

562 4092 838 4164 objectate
859 4108 918 4148 se
949 4089 1218 4162 periculis
1245 4096 1485 4150 volebat.
1509 4095 1578 4151 Ut
1605 4108 1787 4153 autem
1808 4109 1932 4168 post
1959 4099 2047 4153 illa
2062 4089 2138 4154 ad

561 4183 1048 4254 Gyua~cocastrum
1096 4191 1246 4254 gesta
1282 4184 1586 4254 imperator
1627 4187 1692 4241 ad
1745 4187 2018 4243 Triballos
2055 4197 2142 4244 est

543 4259 866 4344 profectus,
894 4273 1152 4343 opinatus
1182 4291 1212 4328 ιι
1247 4273 1405 4330 Crale
1437 4285 1726 4351 coactum,
1749 4288 1862 4333 tum
1891 4280 1994 4334 alia
2019 4295 2142 4350 qua:

560 4376 753 4420 essent
793 4364 1194 4432 Romanorum,
1234 4375 1346 4420 tum
1395 4358 1575 4436 ipsum
1610 4385 1833 4440 quoque
1873 4369 1952 4424 illi
1987 4371 2136 4426 dedi-

541 4465 746 4510 ‘turum
791 4457 976 4526 (norat
1004 4458 1152 4513 enim
1189 4457 1404 4512 Cralem
1437 4458 1803 4515 defectionem
1849 4477 2004 4517 suam
2039 4462 2142 4517 ini-

561 4562 670 4615 que
692 4547 930 4616 tulisse),
963 4548 1274 4619 timensque
1306 4565 1375 4603 ne
1404 4551 1507 4604 sibi
1543 4561 1766 4621 propter
1795 4554 2144 4624 conjunctio-

562 4650 688 4688 nem
716 4651 840 4689 cum
874 4637 1204 4708 imperatore
1244 4657 1350 4694 una
1379 4643 1724 4712 pereundum
1752 4651 1921 4707 esset,
1959 4645 2142 4711 consi-

560 4725 791 4780 derabat
849 4743 957 4795 qua
1017 4730 1230 4785 ratione
1273 4730 1602 4787 Melenicum
1653 4745 1947 4805 occuparet
1983 4755 1997 4790 :
2033 4752 2140 4807 qua

561 4816 762 4870 tradita
803 4816 980 4872 Cralis
1005 4820 1143 4872 iram
1186 4822 1448 4890 placaret.
1486 4818 1595 4878 Sed
1627 4841 1750 4880 cum
1789 4828 1960 4883 armis
1991 4827 2137 4882 haud

557 4911 982 4982 expugnabilem
1015 4924 1402 4982 cognosceret,
1461 4918 1608 4986 quod
1641 4928 1837 4974 natura
1870 4930 1926 4975 et
1956 4920 2141 4992 operi-

560 5004 666 5059 bus
705 5013 854 5060 esset
901 5006 1304 5071 munitissima,
1333 5010 1571 5078 primum
1622 5011 1845 5081 quidem
1878 5011 2139 5067 alimenta

561 5093 852 5165 importari
899 5094 1144 5161 vetabat,
1203 5096 1405 5152 deinde
1455 5111 1644 5169 aperta
1679 5101 1728 5154 vi
1757 5117 1879 5156 eam
1913 5101 2141 5156 adorie-

558 5185 743 5240 batur.
795 5186 1004 5242 Asanes
1055 5197 1112 5243 et
1164 5190 1495 5259 praesidiarii
1563 5201 1854 5247 cernentes
1910 5190 2138 5260 penuria

465 5321 470 5326 .
561 5289 904 5335 commeatus
931 5280 1517 5338 obsidionemdiutius
1549 5283 1808 5337 sustineri
1841 5297 1950 5337 non
1977 5298 2137 5354 posse

559 5370 906 5440 (imperatori
959 5387 1196 5442 namque
1252 5387 1476 5444 promer
1531 5382 1749 5437 eventa.
1803 5373 1876 5429 de
1933 5375 2139 5444 quibus

556 5461 821 5527 diximus,
857 5479 1148 5520 accurrere
1198 5481 1324 5520 cum
1375 5464 1581 5520 auxilio
1633 5480 1740 5520 non
1797 5464 2045 5533 licebat),
2080 5471 2138 5517 et

556 5568 684 5606 cum
737 5555 886 5610 aliud
942 5566 1208 5627 praeterea
1274 5555 1408 5626 ipsis
1467 5556 1731 5626 quiddam
1783 5556 2132 5624 contigisset,

509 5679 522 5686 ε
555 5643 741 5698 Clu-eli
789 5647 983 5701 urbem
1037 5647 1396 5703 dediderunt.
1435 5647 1540 5716 Qui
1587 5647 1655 5702 ad
1705 5646 1922 5702 Cralem
1965 5647 2134 5701 misso

555 5744 802 5801 oratore,
842 5738 1020 5807 palam
1055 5739 1105 5792 ei
1138 5752 1196 5794 se
1219 5735 1488 5810 adiunxit.
1524 5737 1644 5806 Quo
1679 5738 1940 5795 ilie‘lacto
1964 5752 2132 5811 supra

1741 317 2070 380 JOANNIS
2110 316 2641 392 CANT’ACUZEN'I

2180 446 2224 502 Α
2256 442 2358 509 μόν
2404 457 2529 495 τινα
2574 442 2746 496 κινεῖν
2797 443 2928 529 περὶ
2975 445 3196 501 αὺτῶνο
3236 449 3332 516 τὰς
3374 445 3440 507 δέ
3464 456 3736 531 έπιλοίπους,

2251 533 2374 586 ὅσαι
2402 533 2498 586 νῦν
2523 533 2604 587 ἔτι
2637 536 2744 590 ὑπὸ
2775 536 2874 609 τὴν
2913 537 3202 610 Ῥωμαίων
3227 544 3451 600 τελοῦσιν
3469 551 3733 620 ἡγεμονίαν,

2251 625 2397 695 ἔχειν
2453 629 2638 692 αὐτὸν,
2696 629 2794 682 καὶ
2856 632 3134 701 μηδεμίαν
3194 636 3520 706 ἀφαιρεῖσθαι
3564 646 3737 717 Κράλην

2254 722 2392 788 μήτε
2422 719 2609 791 τέχνῃ,
2635 722 2770 793 μήτε
2805 729 3022 796 μηχανῇ
3057 727 3312 800 μηδεμιᾷ,
3345 733 3470 786 ἀλλὰ
3495 743 3738 810 συμμαχεῖν

2255 815 2420 882 μόνον
2470 814 2685 884 βασιλεῖ
2722 817 2816 870 ἐπὶ
2866 817 2944 887 τῷ
2974 817 3180 882 ταύτας
3208 814 3635 882 καταδουλοῦσθαι.
3660 833 3740 887 Kal

2250 906 2372 959 ὅσαι
2443 907 2544 976 μὲν
2607 909 2791 964 αὐτῶν
2846 912 2880 981 ἢ
2935 913 3124 978 ὅπλοις
3194 915 3408 983 ἁλῶσιν,
3459 919 3488 987 ἢ
3535 922 3738 996 ὁμολογίᾳ

2252 1005 2717 1073 προσχωρήσουσι
2760 1003 3029 1073 παρόντος
3087 1005 3366 1076 βασιλέως,
3411 1013 3589 1075 ταύτας
3633 1014 3740 1084 ἔχειν

2255 1089 2513 1160 βασιλέα,
2570 1095 2666 1148 καὶ
2739 1095 3051 1165 Τριϐαλοὺς
3113 1099 3317 1154 ἀδικεῖν
3385 1102 3554 1170 μηδέν.
3599 1105 3675 1158 ‘Av
3711 1107 3743 1159 δ’

2253 1182 2486 1244 ἀπόντος
2545 1182 2830 1252 βασιλέως,
2876 1186 2908 1256 ἢ
2959 1187 3123 1251 αὐτὸς
3180 1189 3416 1260 Κράλης,
3457 1193 3488 1262 ἢ
3538 1192 3744 1266 ὄπλοις,ἦ

2252 1272 2536 1344 ὁμολογίᾳ,
2565 1274 2596 1343 ἢ
2626 1275 2732 1344 χρὴ
2743 1293 2876 1344 μασι
2902 1277 3030 1341 τοὺς
3059 1279 3441 1344 κατοικοῦντας
3466 1283 3741 1355 διαφθείρας,

2253 1364 2288 1432 ἢ
2316 1367 2422 1416 τῶν
2471 1366 2564 1417 ὑπ’
2593 1366 2757 1419 αὐτὸν
2803 1367 3049 1422 δυνατῶν
3095 1385 3183 1430 τις
3229 1371 3380 1423 πόλιν
3415 1377 3748 1443 παραστήσεται

2255 1456 2364 1509 τῶν
2420 1457 2716 1525 Ῥωμαίοις
2777 1451 3062 1530 ύπηιιόων,
3093 1465 3189 1516 καὶ
3221 1464 3422 1534 ταύτην
3475 1461 3598 1519 εἶναι
3635 1465 3748 1535 ﬂm-

2255 1548 2428 1610 λέως.
2475 1551 2571 1601 καὶ
2633 1552 2943 1605 ἀποδιδόναι
3019 1555 3344 1608 ἀπαιτοῦντι
3417 1557 3567 1624 μηδὲν
3627 1557 3747 1609 πολυ-

2255 1640 2736 1710 πραγμονοῦντας.
2767 1643 2941 1697 Δύτδν
2987 1645 3046 1698 δὲ
3101 1645 3333 1716 Κράλην
3381 1648 3612 1717 πολέμιον
3649 1643 3748 1700 εἶναι

2180 1774 2228 1833 Β
2261 1735 2430 1805 Ἀννῃ
2478 1751 2538 1787 τε
2590 1737 2655 1804 τῇ
2707 1735 2963 1805 βασιλίδι,
3018 1738 3114 1793 καὶ
3175 1740 3260 1808 τῷ
3311 1741 3410 1811 υἱῷ
3465 1741 3657 1813 Ἰωάννῃ
3697 1741 3749 1811 τῷ

2256 1821 2468 1892 βασιλεῖ
2524 1837 2539 1851 ’
2593 1825 2689 1877 καὶ
2760 1825 3081 1882 σπένδεσθαι
3143 1831 3437 1901 μηδέποτε,
3496 1833 3616 1886 ἀλλὰ
3678 1849 3747 1885 κα·

2252 1914 2383 1968 κοῦν
2438 1917 2580 1970 κατὰ
2629 1917 2689 1969 τὸ
2744 1917 2971 1973 δυνατὸν
3026 1921 3328 1992 βοηθοῦντα
3380 1923 3750 1994 Καντακουζηνῷ

2251 2002 2331 2073 τῷ
2372 2002 2604 2072 βασιλεῖ.
2629 2007 2820 2077 τρόπῳ
2865 2008 3036 2079 ὁποίῳ
3079 2011 3148 2064 ἂν
3188 2011 3403 2066 δύναιτο
3453 2013 3751 2082 ἰσχυροτάτῳ·

2253 2096 2624 2159 καταστάντος
2707 2096 2763 2148 δὲ
2837 2100 2932 2152 καὶ
3021 2101 3476 2173 Καντακουζηνοῦ
3548 2101 3750 2171 βασιλέως

2251 2189 2346 2240 ἐπὶ
2434 2188 2535 2256 τῆς
2618 2190 2818 2260 ἀρχῆς.
2897 2191 3090 2265 Κράλῃ
3173 2197 3479 2264 συμμαχεῖν
3543 2193 3662 2246 κατὰ
3711 2190 3752 2245 ἰδ

2250 2279 2512 2342 δυνατὸν,
2587 2281 2652 2334 ἄν
2740 2298 2826 2345 τις
2909 2284 3040 2356 ἐπίῃ
3117 2286 3207 2338 ἐπ’
3291 2287 3482 2349 αὑτὸν,
3555 2285 3635 2338 καὶ
3689 2299 3754 2334 που

2251 2373 2440 2441 λέμιον
2537 2375 2786 2444 ἡγεῖσθαι
2883 2377 2976 2430 τὸν
3062 2379 3216 2450 αύτῷ
3308 2380 3752 2450 ἐπιστρατεύσαντα.

2251 2465 2554 2534 Γενομένου
2593 2465 2651 2519 δὲ
2695 2468 2946 2539 καὶπερὶ
2989 2470 3170 2542 Χρέλη
3225 2472 3318 2525 τοῦ
3355 2473 3606 2542 Τριϐαλοῦ
3633 2471 3752 2538 λόγου

2253 2557 2354 2610 οὐκ
2399 2556 2606 2624 ὀλίγου,
2645 2559 2741 2611 καὶ
2792 2560 2987 2630 Κράλη
3022 2561 3126 2631 μέν
3158 2563 3326 2616 αὐτὸν
3371 2560 3754 2631 ἀντιποιουμένου

2249 2651 2338 2704 διὰ
2393 2652 2454 2704 τὸ
2487 2647 2800 2722 ὁμόφυλον,
2824 2655 3092 2726 βασιλέως
3143 2659 3202 2712 δὲ
3240 2660 3315 2723 ὡς
3364 2658 3441 2712 ἔτι
3474 2659 3756 2726 Ἀνδρονίκου

2250 2745 2535 2814 περιόντος
2565 2747 2660 2799 τοῦ
2697 2747 2967 2816 βασιλέως
3004 2751 3435 2823 αὐτομολήσειεν
3467 2749 3759 2822 ἰσχυριζομέ-

2248 2848 2366 2893 νου,
2391 2833 2485 2887 καί
2520 2833 2614 2887 νῦν
2643 2836 2704 2889 ού
2737 2840 2898 2907 μόνον
2931 2838 3038 2892 ὑπὸ
3060 2838 3159 2910 τὴν
3173 2837 3463 2910 Ῥωμαίων
3492 2839 3648 2907 τελοίη
3665 2839 3761 2907 fm-

2251 2923 2470 2992 μονίαν,
2536 2927 2674 2981 ἀλλὰ
2711 2930 2805 2982 καὶ
2853 2930 3001 2995 ἰδίως
3059 2931 3215 3003 αὐτῷ
3271 2935 3652 3003 προσχωρῆσαι
3692 2928 3764 2981 καὶ

2245 3017 2425 3072 ἕλοιτο
2478 3023 2741 3090 πράττειν
2794 3023 2864 3075 τὰ
2895 3023 3084 3090 αὑτοῦ,
3115 3025 3348 3096 προσέτι
3380 3026 3435 3080 δὲ
3479 3025 3566 3078 καὶ
3608 3024 3762 3092 ὅρκους

2169 3125 2215 3184 ε
2252 3112 2693 3179 ὑποδεικνύντος,
2721 3115 2790 3167 δι’
2822 3107 2898 3169 ὧν
2934 3117 3194 3170 συνέθετο
3227 3121 3256 3172 ὁ
3296 3118 3507 3189 Χρέλης
3539 3113 3762 3169 δουλεύειν

2249 3203 2695 3277 Καντακουζηνῷ
2720 3206 2794 3276 τῷ
2840 3207 3074 3278 βασιλεῖ,
3129 3209 3256 3264 ἐπεὶ
3307 3210 3490 3264 δίκαια
3526 3204 3763 3261 ὲδόκειλέο

2250 3313 2392 3365 γειν.
2448 3297 2708 3351 συνέθετο
2755 3302 2852 3356 καὶ
2897 3305 2926 3356 ό
2973 3303 3222 3374 Κράλης,
3275 3302 3373 3355 καί⁵
3415 3297 3764 3371 προσεγράφετο

2249 3396 2345 3448 καὶ
2373 3395 2536 3458 αὐτὸς
2565 3398 2674 3459 τοῖς
2704 3395 2915 3465 ὅρκοις.
2948 3396 3013 3448 Οἰ
3039 3395 3140 3466 μὲν
3166 3393 3262 3448 οὖν
3290 3396 3444 3462 ὅρκοι
3475 3387 3764 3458 omam-

2250 3502 2434 3556 φοντο.
2472 3487 2624 3540 Ἔδει
2658 3486 2714 3570 δξ
2747 3487 2962 3541 καὶτὸν
2995 3487 3441 3571 ἀρχιεπίσκοπον
3469 3485 3572 3539 τῶν
3612 3481 3766 3551 Τριόαο

2248 3573 2358 3627 λῶν
2389 3577 2644 3644 παρεῖναι
2661 3574 2737 3636 ὡς
2769 3576 3151 3643 γενησομένων
3173 3574 3268 3634 ἐπ’
3290 3573 3454 3628 αύτοῦ
3483 3573 3580 3625 τῶν
3601 3572 3740 3639 ὅρκων
3756 3579 3768 3593 '

2247 3662 2344 3714 καὶ
2381 3661 2898 3732 μεταπεμψαμένου
2926 3653 3019 3713 τοῦ
3067 3661 3290 3732 Κράλη,
3325 3661 3504 3732 παρῆν
3535 3659 3618 3714 καὶ
3645 3654 3767 3714 αὑτδς

2247 3754 2349 3808 οὐκ
2379 3755 2441 3806 ’ὲν
2481 3754 2710 3824 μακρῷ·
2744 3756 2866 3807 ἐπεὶ
2895 3755 2952 3808 δὲ
2986 3747 3172 3826 παρῆν
3203 3757 3268 3808 ἐν
3297 3758 3365 3826 τῇ
3411 3757 3552 3825 οἰκία
3601 3749 3768 3821 Κράλιὶ.

2247 3847 2458 3909 ἐκεῖνος
2491 3845 2591 3917 μὲν
2645 3848 2774 3917 ἄχρι
2801 3847 2896 3900 τοῦ
2947 3851 3117 3918 μέσου
3174 3848 3462 3920 προελθὼν
3502 3849 3592 3918 τῆς
3621 3843 3765 3910 αὐλῆςο

2247 3941 2549 3995 έπελάόετο
2577 3942 2689 4001 τῶν,
2716 3941 2956 4012 χαλινῶν
2986 3944 3080 3996 τοῦ
3114 3943 3316 4008 ἵππου,
3358 3937 3403 4012 ᾧ
3439 3942 3619 4012 ὠχεῖτο
3650 3938 3769 4004 bap-

2249 4033 2612 4102 χιεπίσκοπος
2639 4071 2655 4096 ,
2693 4034 2788 4087 καὶ
2834 4035 3156 4105 προήγαγεν
3202 4035 3338 4105 ἄχρι
3381 4028 3442 4088 οὗ
3473 4033 3637 4086 εἰώθει
3673 4028 3769 4080 ἁπο-

2251 4124 2485 4180 6αίνειν.
2537 4126 2771 4179 Ἔπειτα
2823 4126 3307 4196 προσαγορεύσας,
3363 4125 3624 4194 εὐλογεῖτο
3674 4119 3770 4184 παρ’

2249 4215 2486 4269 ἐκείνου.
2528 4215 2764 4268 Βασιλέα
2787 4215 2844 4268 δὲ
2893 4215 2992 4268 οὐκ
3027 4217 3180 4270 εἴασε
3205 4217 3320 4270 τῶν
3347 4215 3646 4286 οἰκημάτων
3668 4223 3768 4268 προ·

2249 4307 2450 4372 ελθείν,
2479 4308 2619 4363 ἀλλὰ
2645 4309 2789 4361 κατὰ
2816 4308 2878 4360 τὸ
2919 4306 3208 4376 Ῥωμαέων
3261 4307 3524 4378 βασιλέων
3550 4305 3655 4365 ἔθος
3693 4299 3770 4352 ὑπ·

2250 4396 2389 4468 ἡντα
2428 4414 2488 4450 τε
2546 4397 2696 4451 ἔνδον
2739 4397 2834 4452 τοῦ
2881 4400 3198 4470 οἰκήματος,
3233 4400 3332 4453 καὶ
3383 4390 3770 4469 προσαγορεύσας

2174 4505 2216 4558 ι)
2246 4490 2522 4557 εὐλογεῐτο
2587 4491 2683 4544 καὶ
2739 4490 2924 4554 αὑτός.
2961 4492 3294 4547 Μελλόντων
3340 4493 3400 4547 δὲ
3447 4491 3545 4564 ήδη
3591 4491 3660 4552 εἰς
3695 4483 3768 4556 τὴν

2245 4579 2541 4649 ὑστεραίαν
2587 4580 2811 4650 ὀμνύειν
2843 4582 2970 4645 τοὺς
3014 4583 3234 4652 ὅρκους,
3284 4584 3506 4653 πέμψας
3538 4584 3564 4634 ό
3603 4577 3768 4649 Χριλης

2245 4671 2384 4738 πρὸς
2419 4672 2668 4742 Κράλην,
2701 4673 2914 4735 πίστει,
2951 4674 3104 4745 ᾔτει,
3135 4674 3210 4737 ὡς
3237 4677 3406 4740 αὑτός
3433 4693 3492 4730 τε
3519 4672 3768 4730 δουλεύσων

2244 4761 2424 4828 αὖθις,
2462 4767 2556 4818 καὶ
2587 4764 2886 4820 Μελενικον
2915 4767 3276 4837 παραδώσων.
3324 4771 3538 4840 Χρέλης
3564 4770 3660 4837 γὰρ
3685 4763 3765 4834 μά-

2242 4857 2400 4910 λιστα
2433 4860 2532 4924 μὲν
2563 4859 2824 4927 ἠϐούλετο
2853 4859 3078 4913 βασιλέα
3107 4864 3198 4914 τὸν
3232 4861 3668 4930 Καντακουζηνὸν
3691 4856 3764 4923 τὴν

2252 4950 2539 5028 Ῥωμαίων
2578 4953 2725 5024 ἔχειν
2777 4955 2976 5026 ἀρχὴν,
3032 4957 3128 5010 καὶ
3157 4957 3248 5010 ὑπ’
3281 4957 3494 5012 ἐκείνου
3538 4951 3763 5022 ἄγεσθαιο

2232 5046 2674 5112 διακινδυνεύειν
2732 5048 2788 5100 δὲ
2831 5053 2932 5102 οὐκ
2965 5049 3157 5122 ἢθελεν
3186 5051 3329 5120 ὑπὲρ
3382 5050 3607 5104 ἐκείνου.
3647 5041 3765 5099 Ἐπεὶ

2239 5137 2297 5190 δέ
2328 5141 2575 5210 συμϐαίη
2613 5143 2682 5194 τὰ
2722 5143 2862 5195 κατὰ
2903 5142 3379 5212 Γυναικόκασκρον
3405 5127 3762 5212 περιβασιλέα.

2241 5232 2338 5282 καὶ
2377 5229 2625 5300 ἀφίκοιτο
2659 5234 2738 5296 εἰς
2791 5233 3120 5304 ’[ριὸαλοὺς,
3183 5235 3415 5304 νομίσας
3469 5234 3568 5286 ὑπὸ
3610 5227 3762 5299 Κράλη

2241 5320 2562 5391 βιαζόμενον
2589 5323 2790 5392 ἐτέρων
2827 5327 2886 5376 τέ
2916 5342 3078 5378 τινων
3096 5326 3391 5396 Ῥωμαίοις
3420 5322 3761 5396 προσηκόντων

2239 5414 2460 5487 ἀνάγκῃ
2513 5418 2960 5487 παραχωρήσειν,
3015 5403 3114 5471 καὶ
3174 5421 3384 5473 ἐκεῖνον
3439 5414 3760 5487 παραδώσειν.

2238 5506 2342 5577 ἤδη
2369 5508 2478 5576 γὰρ
2530 5510 2592 5559 οὐ
2624 5511 2753 5578 περὶ
2798 5510 3084 5574 ἐλάττονος
3111 5512 3405 5580 ’τιθέμενον
3452 5509 3660 5578 Κραλην
3689 5502 3762 5568 τὴν

2240 5598 2406 5652 αὐτοῦ
2447 5601 2811 5666 ἀποστασίαν,
2845 5604 2939 5655 καὶ
2968 5603 3156 5668 δείσας
3195 5603 3269 5674 μὴ
3301 5603 3394 5656 καὶ
3425 5601 3579 5662 αὐτὸς
3605 5599 3662 5648 ἐκ
3686 5591 3764 5659 τῆς

2238 5693 2319 5757 εἰς
2359 5691 2587 5761 βασιλέα
2633 5695 3021 5766 παραπόληται
3061 5697 3259 5765 φιλίας,
3302 5695 3566 5761 ἐσκέψατο
3604 5691 3646 5740 εἰ
3693 5684 3764 5735 δύ⁴

2239 5801 2391 5839 ναιτο
2430 5785 2729 5840 Μελενίκον
2777 5791 3094 5860 κατασχεῖν,
3131 5790 3195 5844 ἵν’
3223 5787 3370 5859 αὐτῷ
3404 5786 3532 5858 πρὸς
3575 5777 3763 5850 Κράλην
