3998 6204
281 312 391 375 965
477 319 480 321 ’

1448 308 1987 381 IIISTORIARUM
2028 318 2255 380 LIBER
2304 319 2413 379 ill.

3445 319 3553 395 94:6

279 423 538 492 ἀρκοῦσα
585 424 926 496 παραίτησις
979 425 1063 492 είη
1120 425 1220 498 τῆς
1289 428 1636 492 ἀποστασίας
1691 443 1862 496 παρα-

1975 428 2200 481 modum
2241 428 2480 491 lzetatus,
2537 428 2724 486 Statim
2761 427 2810 484 ci
2842 429 3070 501 juravit,
3105 440 3269 502 atque
3299 434 3355 490 in
3384 436 3553 494 liuent

275 513 447 570 δόντι.
485 514 722 568 Συνιδὼν
757 517 815 570 δὲ
844 515 918 581 ὡς
946 518 1138 582 ὅπλοις
1179 518 1278 588 μὲν
1304 519 1406 572 οὐκ
1438 519 1508 573 ἂν
1535 521 1622 589 εἴη
1653 519 1862 584 ἀλωτδς

274 606 368 660 διὰ
396 608 496 678 τὴν
528 607 670 675 ἀγαν
697 613 936 678 φυσικήν
974 627 1032 662 τε
1067 611 1161 687 καὶ
1185 613 1710 680 κατεσκευασμένην
1731 611 1861 682 ὀχυ-

282 699 512 768 ρότητα,
551 701 700 753 σίτου
723 700 780 754 δὲ
807 701 986 772 ἐνδείᾳ
1013 702 1235 770 μᾶλλον,
1272 703 1466 772 πρῶτα
1491 705 1590 773 μὲν
1621 701 1863 756 ἐκώλυσε

281 791 435 843 σῖτον
465 793 805 861 είσκομίζειν
826 812 837 822 ’
871 792 1064 847 ἔπειτα
1095 794 1154 848 δὲ
1197 795 1450 848 ἐπέκειτο
1482 795 1578 848 καὶ
1608 792 1864 864 φανερῶς

277 873 563 951 πολεμῶν.
620 882 857 955 ’Ᾱσάνης
908 885 965 938 δὲ
1000 887 1164 957 καὶὴ
1224 886 1356 956 περὶ
1407 887 1573 941 αὐτὸν
1623 886 1863 960 φρουρά,

274 973 518 1042 δρῶντες
562 973 638 1037 ὡς
663 982 765 1028 οὑκ
805 976 1196 1047 ἀντισχήσουσῑ
1243 978 1381 1047 πρὸς
1403 977 1513 1049 τὴν
1545 979 1862 1048 πολιορκίαν

275 1062 372 1114 διὰ
403 1064 553 1117 σίτου
591 1066 827 1135 ἀπορίαν
849 1083 864 1098 ο
893 1066 1108 1134 βασιλεῖ
1130 1069 1240 1139 γάρ
1260 1069 1348 1123 διὰ
1377 1069 1446 1123 τά
1474 1070 1864 1138 συμϐεϐηκότα

280 1154 506 1223 βοηθεῖν
555 1157 656 1209 ούκ
694 1159 862 1225 ἐνῆν·
913 1158 1130 1227 συμϐὰν
1171 1159 1228 1213 δέ
1260 1179 1313 1212 τι
1367 1160 1461 1213 καὶ
1507 1161 1697 1228 ἕτερον
1735 1164 1866 1232 περὶ

279 1244 506 1303 αὐτοὺς,
548 1245 858 1313 παρέδοσαν
918 1247 1018 1315 τὴν
1069 1247 1223 1299 πόλιν
1280 1247 1461 1318 Χρέλῃ
1489 1265 1505 1280 ο
1537 1250 1565 1301 ὁ
1602 1249 1681 1310 δὲ,
1725 1248 1864 1318 πρὸς

285 1330 516 1399 Κράλην
556 1331 802 1400 πέμψας,
840 1331 1114 1401 διελέγετο
1174 1335 1303 1405 περὶ
1362 1337 1710 1406 συμϐάσεων,
1768 1338 1865 1390 καὶ

283 1424 632 1494 προσεχώρει
685 1424 960 1494 φανερῶς.
1014 1425 1238 1496 Κρὰλης
1293 1427 1394 1496 μὲν
1432 1425 1526 1482 οὖν
1574 1428 1862 1500 ὑπερήσθη

281 1516 399 1576 τοῖς
451 1515 862 1583 γεγενημένοις,
911 1516 1005 1568 καὶ
1064 1517 1262 1585 ὅρκους
1309 1519 1606 1590 παρείχετο
1661 1519 1864 1574 αὐτίκα

281 1606 468 1677 Χρέλῃ
509 1607 601 1658 καὶ
661 1606 1002 1661 ὑπεποιεῖτο.
1056 1610 1294 1664 Βασιλέα
1342 1611 1399 1664 δὲ
1447 1611 1721 1678 ἐλύπησεν
1761 1613 1864 1666 οὐκ

282 1693 446 1760 ὀλίγα
472 1697 531 1748 τὸ
565 1695 801 1768 συμϐάν.
841 1697 937 1760 Et;
966 1697 1066 1768 τὴν
1095 1699 1392 1769 ὑστεραίαν
1417 1702 1528 1772 γὰρ
1569 1704 1692 1756 ἐπεὶ
1727 1699 1862 1774 ἧκον

284 1785 584 1853 ὁμόσοντες
613 1787 742 1850 τοὺς
769 1789 970 1856 ὅρκους
998 1788 1142 1840 κατά
1169 1789 1268 1852 τὰς
1313 1791 1609 1862 συνθήκας,
1641 1791 1864 1861 Κρά).ης

283 1877 392 1947 μὲν
420 1879 567 1947 ἠξίου
596 1879 898 1934 Μελενίκον
926 1897 987 1932 τε
1015 1881 1110 1933 καὶ
1139 1882 1354 1952 Χρέλην
1381 1886 1497 1946 τοῖς
1527 1885 1712 1954 ὅρκοις
1740 1899 1867 1952 μετ-

279 1972 632 2041 εγγραφῆναι
659 1971 735 2036 ὡς
765 1974 1150 2042 προσήκοντας
1179 1974 1330 2044 αύτῷ
1351 1990 1367 2005 ’
1407 1979 1536 2045 πρὶν
1588 1975 1694 2046 γάρ
1736 1976 1863 2038 τοὺς

277 2062 482 2132 ὅρκους
517 2064 771 2131 γενέσθαι
808 2066 1266 2137 προσεχώρησαν.
1299 2067 1563 2131 Βασιλεὺς
1613 2066 1670 2119 δὲ
1708 2066 1864 2120 ἀντέ-

276 2151 460 2221 λεγεν.
495 2155 704 2208 ἀδικεῖν
733 2157 961 2226 φάσκων
1018 2159 1245 2229 Κράλην
1286 2160 1383 2212 καὶ
1435 2157 1860 2226 παρασπονδεῖν.

288 2241 382 2310 Ἐξ
411 2246 538 2298 ὅτου
569 2247 680 2317 γὰρ
710 2249 960 2316 ἐγένοντο
982 2252 1036 2302 αἱ
1069 2250 1394 2319 συμϐάσεις,
1426 2249 1535 2302 δεῖν
1562 2250 1862 2319 ἑκατέρους

283 2335 544 2405 στέργειν
591 2335 673 2402 οἷς
702 2339 1010 2394 συνέθεντο.
1054 2343 1116 2394 Ei
1145 2341 1192 2395 δ’
1226 2344 1335 2412 ἀρα
1380 2343 1476 2396 καὶ
1509 2343 1708 2414 μέτριά
1738 2360 1861 2397 τινα

281 2426 460 2480 δθέλοι
492 2429 725 2495 ἀδικεῖν,
754 2431 974 2502 Χρέλην
1006 2432 1106 2502 μὲν
1137 2433 1283 2503 ἔχειν
1324 2435 1602 2504 δμόφυλόν
1626 2453 1684 2488 τε
1697 2415 1859 2500 lium,

281 2520 384 2572 καὶ
412 2519 580 2589 ὀλίγῳ
613 2522 882 2592 πρότερον
921 2525 1374 2594 αὐτομολήσαντα
1406 2524 1724 2596 Ῥωμαίοις.
1748 2528 1863 2581 Με-

279 2612 493 2667 λενίκον
522 2613 580 2668 δὲ
608 2616 724 2686 ἐᾷν,
759 2616 817 2680 ἒξ
847 2615 985 2669 ἐτῶν
1017 2618 1116 2688 ήδη
1157 2619 1406 2672 παλαιῶν
1443 2619 1684 2689 ὑπήκοον
1730 2619 1859 2672 ὄντα

276 2706 396 2768 τοῖς
446 2705 740 2776 Ῥωμαίων
797 2707 1098 2778 βασιλεῦσι.
1150 2709 1373 2780 Κράλης
1422 2708 1478 2762 δὲ
1539 2711 1636 2779 οὐχ
1683 2710 1859 2780 ἑτέρῳ

281 2798 546 2864 ἔφασκεν,
597 2799 710 2850 ἀλλ’
760 2799 907 2869 αὐτῷ
962 2800 1266 2870 χρήσεσθαι
1313 2800 1562 2870 διαιτητῇ
1609 2789 1745 2870 περι
1782 2793 1858 2852 ὧν

206 2930 209 2931 ν
277 2889 712 2956 ἀμφισϐητοῦσι.
748 2889 886 2954 Τοῦς
923 2890 1024 2959 μὲν
1053 2891 1162 2961 γάρ
1189 2890 1388 2959 ὅρκους
1417 2889 1544 2952 τοὺς
1586 2891 1716 2959 περὶ
1748 2891 1857 2943 τῶν

279 2980 552 3045 σπονδῶν,
593 2983 660 3052 τῇ
704 2983 1011 3051 προτεραίᾳ
1055 2982 1407 3050 γεγράφθαιο
1460 2975 1538 3044 οἷς
1571 2981 1860 3051 ἐγγέγρα-

279 3089 440 3134 πται,
473 3074 570 3136 τὸς
617 3073 716 3142 μὲν
756 3075 1120 3144 ἡρπασμένας
1153 3073 1305 3143 αύτῷ
1330 3077 1394 3126 ὲκ
1422 3073 1523 3143 τῆς
1565 3072 1857 3144 Ῥωμαίων
1884 3107 1933 3169 c

279 3165 580 3234 ἡγεμονίας
614 3165 800 3224 πόλεις
844 3164 1010 3235 ἔχειν,
1047 3167 1142 3219 καὶ
1187 3165 1466 3236 μηδεμίαν
1509 3166 1858 3219 ἀπαιτεῖσθαι

277 3257 418 3322 παρ’
456 3255 660 3308 αὐτοῦ’
699 3258 798 3319 τάς
847 3257 891 3308 δ’
940 3255 1024 3308 ἔτι
1074 3257 1334 3318 τελούσας
1391 3257 1496 3309 ὑπὸ
1538 3257 1858 3326 Ῥωμαίοις,

278 3346 512 3416 βασιλία
534 3346 678 3416 ἔχειν
703 3363 717 3378 ·
748 3347 881 3400 ὥστ’
913 3349 1014 3401 οὐκ
1041 3347 1105 3401 ἂν
1131 3348 1345 3420 ἀδικοίη
1399 3349 1622 3412 πολλαῖς
1657 3353 1859 3421 πρότε-

279 3454 378 3508 ρον
411 3437 709 3506 ἡμέραιςῆ
761 3439 1019 3507 γενέσθαι
1077 3441 1176 3504 τὰς
1232 3441 1492 3504 τοιαύτας
1554 3443 1857 3512 συμϐάσεις

277 3521 468 3594 Χρέλη
502 3528 641 3593 μετὰ
662 3525 968 3579 Μελενίκου
1001 3527 1525 3598 προσχωρήσαντος,
1555 3527 1629 3590 ὥς
1658 3530 1722 3580 ἐκ
1750 3528 1858 3580 τῶν

275 3617 494 3672 ἐκείνου
540 3619 886 3689 γραμμάτων
935 3618 1147 3688 ἐγίνετο
1196 3620 1532 3688 καταφανές.
1589 3619 1858 3682 Βασιλεὺς

272 3710 334 3763 δὲ
367 3711 508 3781 πρός
550 3727 612 3764 τε
642 3714 704 3764 τὸ
733 3713 942 3768 πείθειν
974 3713 1110 3784 δμοῦ
1150 3715 1239 3768 διὰ
1282 3717 1381 3779 τάς
1407 3716 1665 3779 τοιαύτας
1699 3717 1858 3788 εύρε-

277 3803 548 3870 σιλογίας,
597 3803 695 3856 καὶ
750 3805 888 3874 πρὸς
934 3805 996 3858 τὸ
1040 3805 1329 3876 βιάζεσθαι
1378 3807 1520 3878 ἔχων
1550 3808 1856 3874 ἀδυνάτως,

275 3893 647 3964 παρεχώρησε
695 3898 788 3946 καὶ
837 3895 1008 3961 ἀκων,
1050 3897 1145 3948 καὶ
1177 3898 1430 3964 ἐγένοντο
1474 3898 1523 3950 oi
1565 3899 1718 3966 ὅρκοι
1763 3899 1858 3950 ἐπὶ

271 3984 512 4046 τούτοις.
542 3986 697 4038 Μετὰ
723 3987 780 4038 δὲ
809 3987 934 4049 τοὺς
966 3986 1163 4054 ὅρκους
1203 3989 1232 4040 ὁ
1268 3987 1518 4059 Κράλης,
1552 3988 1663 4041 τῶν
1685 3989 1743 4040 ὲν
1773 3988 1859 4040 τέ-

273 4076 358 4128 λει
388 4077 513 4138 τοὺς
548 4078 959 4144 δυνατωτάτους
1003 4079 1171 4133 αὑτοῦ
1203 4081 1532 4150 συναγαγὼν
1574 4084 1856 4153 τέσσαρας

268 4175 436 4239 ὄντας
481 4177 616 4246 πρὸς
655 4181 766 4242 τοῖς
796 4179 994 4244 είκοσι,
1041 4179 1319 4249 τέσσαρας
1371 4179 1471 4248 μὲν
1511 4178 1677 4241 αὐτὸς
1719 4195 1856 4230 κατ-

268 4271 414 4338 εῖχε,
458 4270 584 4334 τοὺς
640 4271 698 4324 δὲ
749 4272 923 4325 εἴκοσι
979 4271 1270 4340 παρεδίδου
1308 4271 1518 4342 βασιλεῖ
1568 4269 1686 4339 ἀμα
1734 4270 1855 4332 ταῖς

271 4359 368 4414 ὑπ’
401 4363 646 4426 ἑκείνους
688 4366 992 4432 στρατιαῖς,
1030 4365 1106 4426 ὡς
1135 4364 1318 4416 πάντα
1353 4362 1672 4432 προθύμως,
1707 4361 1852 4431 ἅπερ

1965 519 2130 590 500
2154 528 2210 575 et
2240 519 2553 574 clientelam
2587 535 2743 575 suam
2785 523 3020 592 recepit.
3058 523 3156 580 llic
3187 539 3346 581 casus
3375 527 3554 598 impe-

1966 607 2203 686 ratorem
2237 624 2343 664 non
2389 625 2581 679 parum
2609 611 2804 666 doluit.
2839 613 2974 667 Nam
3005 615 3292 684 postridie,
3328 632 3452 672 cum
3483 635 3553 673 ex.

1965 702 2223 757 condicto
2262 703 2500 774 juraturi
2539 703 2843 770 venissent,
2892 703 3082 760 Crales
3126 707 3453 764 Melenicum
3495 721 3551 764 et

1965 792 2220 849 Cbrelem
2262 795 2330 848 ad
2375 796 2759 865 juramentum
2812 797 3054 862 ascribi,
3083 807 3144 852 ut
3190 787 3293 854 sibi
3329 803 3557 858 debitos.

1967 883 2381 949 contendebat,
2429 885 2576 953 quod
2629 896 2923 954 antequam
2974 871 3298 958 juraretnr,
3358 893 3424 945 ad
3489 909 3550 947 se

1967 973 2357 1029 accessissent.
2392 973 2702 1044 Imperator
2734 981 2999 1042 renitens,
3041 976 3255 1033 Cralem
3291 981 3552 1051 iniquita-

1969 1065 2040 1120 tis
2069 1080 2134 1120 ac
2162 1066 2271 1120 lazsi
2305 1066 2530 1121 {traderis
2569 1067 2858 1136 arguebat.
2898 1069 2977 1123 Ex
3008 1085 3121 1140 quo
3172 1073 3321 1126 enim
3367 1071 3558 1128 foedus

1968 1162 2302 1224 conceptum
2359 1156 2451 1221 sit,
2498 1164 2795 1225 utrumque
2847 1158 3024 1226 pactis
3061 1159 3351 1213 conVentis
3401 1169 3550 1214 stare

1967 1256 2246 1314 upon-tere.
2280 1245 2436 1312 Quod
2473 1247 2516 1299 si
2552 1246 2858 1301 modestius
2888 1248 3148 1316 injuriatn
3175 1249 3358 1304 facere
3385 1251 3548 1314 velit,

1966 1337 2216 1396 Chrelem
2250 1339 2355 1391 sibi
2379 1338 2596 1403 habeat,
2621 1341 2747 1409 quia
2773 1339 3168 1394 etcoutribulis
3189 1341 3278 1406 sit,
3297 1352 3350 1395 et
3384 1343 3550 1411 paulo

1968 1441 2095 1483 ante
2138 1430 2204 1482 ad
2252 1428 2535 1484 Romanos
2567 1430 2961 1498 transl'ttgerit:
2997 1429 3328 1483 Melenicuut
3374 1431 3548 1485 relin-

1967 1533 2122 1592 quat,
2167 1537 2292 1590 quas
2341 1522 2469 1576 inde
2539 1537 2569 1576 a
2620 1523 2852 1576 vetustis
2913 1523 3256 1591 temporibus
3312 1523 3545 1578 Romani

1963 1612 2112 1682 juris
2139 1611 2326 1665 fuerit.
2375 1611 2562 1666 Crales
2603 1621 2820 1676 contra,
2856 1627 2962 1666 non
3006 1613 3135 1678 alio,
3169 1614 3266 1667 sed
3311 1615 3548 1684 ipsumet

1963 1702 2151 1774 judice
2190 1703 2244 1754 in
2281 1701 2383 1755 ista
2413 1700 2509 1755 lite
2540 1717 2794 1754 usurum.
2824 1701 2958 1755 Nam
2983 1702 3296 1772 juramenta
3323 1703 3554 1758 hederis

1898 1788 1939 1836 Β
1970 1793 2086 1848 heri
2122 1795 2176 1847 in
2214 1793 2444 1848 tabellas
2485 1793 2658 1847 relata
2697 1807 2852 1859 esse,
2877 1795 2929 1846 in
2973 1793 3178 1861 quibus
3210 1803 3444 1862 pateret,
3485 1807 3546 1849 ut

1966 1901 2102 1952 quas
2139 1901 2167 1938 a
2196 1885 2447 1939 Romano
2485 1885 2803 1954 principatu
2853 1885 3183 1963 abstulisset
3213 1871 3400 1945 nrbes.
3429 1888 3551 1941 sibi

1968 1977 2222 2044 haberet,
2262 1976 2580 2047 nullamque
2616 1986 2869 2046 repetere
2895 1978 2978 2031 fas
3005 1989 3172 2044 esset,
3209 1993 3331 2048 quae
3356 1987 3560 2034 autem'

1962 2071 2146 2124 adhuc
2200 2069 2258 2122 in
2313 2084 2382 2123 eo
2431 2081 2880 2132 numerarentur,
2929 2071 3281 2140 imperatoris
3330 2081 3541 2126 essent.

1961 2161 2144 2230 Quare
2185 2161 2326 2214 nihil
2358 2160 2450 2215 hic
2480 2159 2751 2216 adversus
2787 2161 3100 2229 aequitatem
3135 2164 3374 2231 peccari.
3414 2177 3548 2217 cum

1964 2254 2154 2308 multis
2189 2253 2388 2307 diebus
2435 2260 2562 2305 ante
2598 2251 2790 2305 isthaec
2843 2261 2996 2319 pacta
3037 2251 3265 2306 Chreles
3306 2253 3372 2305 ad
3422 2254 3546 2322 ejus

1964 2355 2152 2416 partes
2178 2343 2477 2407 transierit,
2510 2341 2657 2411 quod
2684 2357 2749 2396 ex
2781 2341 2985 2398 litteris
3013 2343 3266 2411 ejusdem
3298 2355 3538 2398 constet.

1963 2436 2268 2504 Imperator
2302 2448 2405 2487 nec
2436 2432 2773 2502 persuadere
2809 2433 2976 2498 potis,
3006 2433 3098 2487 ubi
3147 2442 3254 2488 tam
3290 2447 3541 2505 prompte

1963 2528 2132 2582 verba
2166 2525 2613 2589 funditahantur,
2641 2538 2744 2577 nec
2771 2538 2991 2594 cogere,
3023 2507 3192 2577 cessit
3223 2525 3445 2579 invitus.
3475 2527 3542 2580 Et

1955 2618 2202 2688 juratum
2279 2616 2559 2684 utrimque
2627 2613 2793 2669 dietis
2859 2629 3026 2682 supra
3101 2614 3540 2670 conditionibus.

1961 2709 2157 2763 Postea
2219 2705 2410 2760 Crales
2465 2713 2704 2774 quatuor
2753 2713 2810 2758 et.
2854 2705 3050 2774 viginti
3095 2721 3324 2759 suorum
3372 2706 3545 2776 dyna-

1958 2811 2167 2854 starum
2199 2797 2639 2867 opulentissimis
2665 2797 3037 2865 congregatis,
3070 2799 3125 2850 et
3157 2807 3395 2866 quatuor
3432 2797 3548 2852 sibi.

1964 2892 2211 2956 retentis,
2258 2901 2491 2946 caeteros
2535 2906 2661 2945 cum
2716 2907 2815 2944 sua
2873 2906 3328 2960 unumquemque
3382 2895 3547 2962 copia

1959 2985 2188 3042 militari
2247 2983 2572 3055 imperatori
2633 2982 2914 3044 attribuit,
2970 2982 3215 3037 facturos
3276 2985 3540 3038 alacriter

1960 3074 2167 3138 omnia,
2200 3089 2322 3143 quae
2358 3074 2403 3127 is
2429 3071 2582 3126 velit.
2612 3067 2748 3125 Cum
2787 3069 3049 3124 Triballis
3083 3071 3251 3141 igitur
3277 3072 3540 3144 Didymo-

1965 3167 2172 3222 tichum
2208 3166 2314 3221 iter
2339 3165 2669 3220 adornabat.
2700 3165 2772 3217 At
2804 3166 2897 3233 qui
2925 3161 3336 3241 Thessalonica
3356 3175 3539 3228 erant.

1963 3257 2132 3330 Syrge
2187 3261 2420 3312 duetore
2467 3249 2800 3340 thentinatn
2857 3266 3272 3326 processerunt.
3313 3256 3538 3313 Casteili

1961 3349 2234 3419 indigena:
2286 3359 2346 3402 ut
2396 3349 2842 3404 Cantacuzcnum
2889 3364 3135 3401 aerumna
3191 3359 3419 3418 cogente
3467 3349 3538 3404 ad

1960 3437 2232 3494 Triballos
2297 3438 2500 3491 abiisse
2553 3444 2907 3505 acceperunt,
2955 3446 3010 3490 et
3068 3435 3269 3506 Syrges
3312 3453 3536 3518 manum

1926 3531 2228 3595 'adduxit,
2279 3529 2549 3580 ducentos
2599 3526 2666 3580 ad
2718 3526 3024 3580 custodiam
3087 3530 3156 3580 ab
3199 3527 3536 3598 imperatore

1963 3623 2187 3677 relictos
2241 3617 2547 3680 invadunt,
2610 3617 2896 3685 victosque
2948 3617 3098 3688 ipsos
3143 3626 3199 3672 et
3249 3621 3536 3676 castellum

1959 3713 2120 3785 Syrgi
2157 3707 2517 3765 contradunt.
2555 3706 2658 3774 Qui
2691 3707 2850 3761 solita
2896 3709 3227 3763 crudelitate
3260 3713 3440 3780 equis,
3481 3724 3538 3769 et

1959 3808 2148 3869 armis,
2193 3813 2248 3858 et
2293 3803 2418 3857 aliis
2466 3817 2587 3872 quae
2633 3801 2914 3855 habebant
2962 3801 3205 3869 primum
3248 3807 3536 3876 spoliatos,

1959 3908 2084 3971 post
2144 3899 2199 3952 in
2275 3907 2582 3966 conspectu
2652 3893 2902 3950 omnium
2971 3893 3242 3964 singulis,
3314 3899 3535 3955 nemine

1957 4000 2212 4060 excepto,
2254 3988 2524 4043 ducentas
2550 3987 2736 4055 plagas
2767 3986 2990 4052 incutit,
3022 3997 3079 4041 et
3113 3987 3169 4041 in
3217 3990 3539 4046 carceribus

1957 4099 2054 4138 cos
2086 4081 2340 4136 includit.
2370 4080 2718 4134 Potentiores
2741 4087 2924 4133 autem
2965 4079 3136 4142 σίγα-ε,
3175 4089 3234 4134 ιιι
3263 4081 3534 4136 Cautacu-

1959 4175 2163 4230 zenica:
2229 4171 2524 4235 factionis,
2585 4169 2848 4224 omnibus
2892 4171 3128 4224 fortunis
3178 4173 3367 4237 exuit,
3429 4190 3546 4236 nec,

1958 4265 2316 4320 mediocriter
2371 4263 2554 4333 punit,
2617 4269 2675 4316 et
2729 4262 2994 4331 quosdam
3042 4263 3240 4318 exsilio
3290 4263 3536 4334 damnat,

1958 4365 2126 4428 atque
2165 4356 2238 4411 ita
2271 4355 2479 4409 Pheras
2507 4353 2678 4434 venit.

270 4450 341 4506 ἂν
393 4455 592 4526 κελεύῃ
636 4452 894 4525 βασιλεὺς
928 4459 1281 4528 ποιήσοντας.
1323 4454 1566 4520 Ἐκεῖνος
1618 4455 1716 4525 μὲν
1755 4453 1850 4506 οὖν
1890 4451 2009 4524 ἅμα
2077 4450 2373 4522 Τριδαλοῖς
2411 4453 2891 4520 παρεσκευάζοψεο
2932 4452 3010 4517 ὡς
3077 4453 3405 4524 ἀφιξόμενον
3453 4459 3536 4522 εκ

268 4545 681 4620 Διδυμότειχον.

762 4551 826 4605 Ἢ
899 4552 956 4606 δὲ
1001 4555 1061 4606 ἐν
1108 4550 1481 4622 Θεσσαλονίκῃ
1524 4551 1760 4621 στρατιὰ
1803 4549 1926 4601 ἐπεὶ
1963 4547 2185 4617 ἀπῆραν
2216 4547 2525 4617 ἡγουμένου
2552 4547 2760 4618 Συργῆ,
2790 4549 2926 4618 πρὸς
2973 4550 3249 4605 Ῥ-εντίναν
3279 4554 3536 4623 ἐστρατο-

267 4637 630 4696 πεδεύσαντο.
677 4640 735 4694 '0
765 4643 822 4696 δὲ
861 4644 921 4696 ἐν
968 4644 1046 4714 τῷ
1103 4643 1348 4715 φρουρίῳ
1411 4643 1609 4713 δῆμος.
1669 4640 1795 4693 ἐπεὶ
1858 4639 2097 4692 ἐπύθετο
2129 4637 2586 4708 Καντακουζηνὸν
2614 4640 2706 4694 τὸν
2736 4640 2967 4710 βασιλέα
2998 4642 3132 4714 πρὸς
3163 4644 3264 4714 τὴν
3293 4644 3400 4716 γῆν
3429 4648 3539 4700 τῶν

268 4731 570 4802 Τριὸαλῶν
607 4737 914 4805 ἀφιγμένον
942 4737 1086 4791 κατά
1113 4737 1430 4808 συμφοράν.
1467 4735 1652 4805 παρῆν
1676 4735 1731 4787 δὲ
1763 4732 1862 4786 καὶ
1895 4733 2112 4804 Συργὴς
2155 4733 2292 4803 μετὰ
2358 4736 2457 4803 τῆς
2521 4736 2810 4804 στρατιᾶς,
2837 4737 3174 4794 ἐπιτίθενται
3197 4745 3321 4807 τοῖς
3349 4746 3540 4797 διακσο

269 4823 414 4885 οίοις
439 4823 534 4886 οὓς
571 4827 869 4880 κατέλιπεν
913 4829 940 4880 ὁ
983 4827 1243 4898 ’βασιλεὺς
1275 4828 1556 4897 φρουρεῖν
1623 4825 1739 4895 ἅμα
1804 4827 2076 4896 ἡγεμόνι,
2133 4829 2228 4877 καὶ
2274 4827 2674 4895 κρατήσαντες,
2748 4827 2950 4893 αὐτούς
2998 4847 3058 4882 τε
3109 4834 3413 4901 παρέδοσαν
3441 4839 3540 4890 καὶ

265 4919 332 4966 τὸ
364 4917 626 4985 φρούριον
667 4918 874 4989 Συργῇ.
919 4920 981 4973 Ὀ
1011 4921 1091 4986 δὲ,
1121 4923 1188 4990 τῇ
1243 4920 1465 4990 συνήθει
1512 4919 1859 4990 χρησάμενος
1900 4917 2171 4987 ὠμότητι,
2235 4918 2438 4980 ἰππους
2483 4933 2540 4968 τε
2571 4920 2667 4970 καὶ
2703 4917 2843 4971 δπλα
2877 4919 3237 4990 ἀφελόμενος,
3287 4928 3383 4976 καὶ
3423 4925 3538 4977 τῶν

267 5010 455 5063 ἀλλων
488 5003 562 5063 ὧν
599 5005 744 5079 εῐχον
785 5011 1222 5081 ἀπογυμνώσας,
1291 5011 1490 5066 ἔπειτα
1555 5011 1774 5082 πληγὰς
1839 5011 2060 5082 ἑκάστῳ
2102 5011 2384 5074 διακοσίας
2443 5009 2686 5062 ἐπετίθει
2739 5012 2961 5066 πάντων
3011 5011 3288 5081 δρώντων,
3326 5015 3541 5086 μηδένα

268 5099 632 5170 παραλιπὼν,
686 5103 749 5155 τὸ
779 5103 875 5156 ἀπ’
943 5103 1155 5156 ἐκείνου
1204 5103 1264 5163 δὲ
1333 5103 1701 5168 κατακλείσας
1769 5103 1828 5157 ἐν
1868 5102 2288 5174 δεσμωτηρίοις,
2335 5101 2432 5154 καὶ
2463 5101 2572 5154 τῶν
2607 5101 2845 5154 πολιτῶν
2875 5102 3002 5164 τοὺς
3031 5101 3313 5168 δυνατοὺς,
3352 5105 3429 5169 ὡς
3461 5108 3536 5162 τά

266 5193 737 5266 Καντακουζηνοῦ
788 5195 882 5250 τοῦ
929 5197 1196 5268 βασιλέως
1247 5197 1582 5268 ᾑρημένους,
1626 5197 1848 5254 πάντων
1920 5197 2305 5268 ἀποστερήσας
2362 5194 2474 5250 τῶν
2531 5192 2726 5259 ὕντων,
2773 5195 2870 5248 καὶ
2917 5195 3376 5268 τιμωρησάμενος
3427 5214 3534 5270 με-

266 5289 467 5360 τρίως,
497 5291 655 5348 ἐνίων
684 5285 742 5348 δὲ
767 5294 864 5348 καὶ
891 5292 1418 5366 καταψηφισάμενος
1447 5294 1651 5364 φυγὴν,
1683 5288 1848 5363 ἦλθεν
1879 5292 1959 5356 είς
1993 5293 2192 5364 Φεράς.
