  <div class='ocr_page' id='page_1' title='image "/cluster/home/n/w/nwhite01/storage/ocr_20150623/153/hvd.32044073502643/506.png"; bbox 0 0 3998 6204; ppageno 0'>
   <div class='ocr_carea' id='block_1_1' title="bbox 228 287 337 352">
    <p class='ocr_par' dir='ltr' id='par_1_1' title="bbox 228 287 337 352">
     <span class='ocr_line' id='line_1_1' title="bbox 228 287 337 352; baseline 0.046 -8"><span class='ocrx_word' id='word_1_1' title='bbox 228 287 337 352; x_wconf 70' lang='grc'><strong>9⁸3</strong></span> 
     </span>
    </p>
   </div>
   <div class='ocr_carea' id='block_1_2' title="bbox 1369 277 2351 352">
    <p class='ocr_par' dir='ltr' id='par_1_2' title="bbox 1369 277 2351 352">
     <span class='ocr_line' id='line_1_2' title="bbox 1369 277 2351 352; baseline 0.007 -8"><span class='ocrx_word' id='word_1_2' title='bbox 1369 277 1912 346; x_wconf 75' lang='lat' dir='ltr'><strong>HlSTOBlAllUM</strong></span> <span class='ocrx_word' id='word_1_3' title='bbox 1956 285 2183 346; x_wconf 72' lang='lat' dir='ltr'><strong>LIBER</strong></span> <span class='ocrx_word' id='word_1_4' title='bbox 2234 281 2351 352; x_wconf 81' lang='lat' dir='ltr'><strong>Ill.</strong></span> 
     </span>
    </p>
   </div>
   <div class='ocr_carea' id='block_1_3' title="bbox 3237 237 3266 259">
    <p class='ocr_par' dir='ltr' id='par_1_3' title="bbox 3237 237 3266 259">
     <span class='ocr_line' id='line_1_3' title="bbox 3237 237 3266 259; baseline 0 0"><span class='ocrx_word' id='word_1_5' title='bbox 3237 237 3266 259; x_wconf 67' lang='grc' dir='ltr'><em>ο</em></span> 
     </span>
    </p>
   </div>
   <div class='ocr_carea' id='block_1_4' title="bbox 3374 284 3480 352">
    <p class='ocr_par' dir='ltr' id='par_1_4' title="bbox 3374 284 3480 352">
     <span class='ocr_line' id='line_1_4' title="bbox 3374 284 3480 352; baseline 0 -1"><span class='ocrx_word' id='word_1_6' title='bbox 3374 284 3480 352; x_wconf 69' lang='grc' dir='ltr'><strong>9ἷέ</strong></span> 
     </span>
    </p>
   </div>
   <div class='ocr_carea' id='block_1_5' title="bbox 223 395 1812 467">
    <p class='ocr_par' dir='ltr' id='par_1_5' title="bbox 223 395 1802 467">
     <span class='ocr_line' id='line_1_5' title="bbox 223 395 1802 467; baseline 0.001 -18"><span class='ocrx_word' id='word_1_7' title='bbox 223 403 326 454; x_wconf 62' lang='grc' dir='ltr'>καὶ</span> <span class='ocrx_word' id='word_1_8' title='bbox 349 401 558 460; x_wconf 81' lang='grc' dir='ltr'>πάντας</span> <span class='ocrx_word' id='word_1_9' title='bbox 597 395 732 465; x_wconf 71' lang='grc' dir='ltr'>ὁμοῦ</span> <span class='ocrx_word' id='word_1_10' title='bbox 779 398 871 448; x_wconf 80' lang='grc' dir='ltr'><strong>καὶ</strong></span> <span class='ocrx_word' id='word_1_11' title='bbox 921 395 1289 467; x_wconf 73' lang='grc' dir='ltr'>ίδίᾳέκαστον</span> <span class='ocrx_word' id='word_1_12' title='bbox 1319 398 1414 449; x_wconf 73' lang='grc' dir='ltr'><strong>καὶ</strong></span> <span class='ocrx_word' id='word_1_13' title='bbox 1453 397 1554 464; x_wconf 77' lang='grc' dir='ltr'>τὴν</span> <span class='ocrx_word' id='word_1_14' title='bbox 1585 397 1802 450; x_wconf 86' lang='grc' dir='ltr'>σύνεσιν</span> 
     </span>
    </p>
   </div>
   <div class='ocr_carea' id='block_1_6' title="bbox 1914 395 3482 467">
    <p class='ocr_par' dir='ltr' id='par_1_6' title="bbox 1914 397 3482 467">
     <span class='ocr_line' id='line_1_6' title="bbox 1914 397 3482 467; baseline 0.003 -17"><span class='ocrx_word' id='word_1_15' title='bbox 1914 397 2251 466; x_wconf 69' lang='lat' dir='ltr'><strong>consilioque</strong></span> <span class='ocrx_word' id='word_1_16' title='bbox 2283 401 2475 467; x_wconf 80' lang='lat' dir='ltr'><strong>possit,</strong></span> <span class='ocrx_word' id='word_1_17' title='bbox 2528 398 2644 466; x_wconf 86' lang='lat' dir='ltr'><strong>ipso</strong></span> <span class='ocrx_word' id='word_1_18' title='bbox 2694 398 2858 450; x_wconf 77' lang='lat' dir='ltr'><strong>etiam</strong></span> <span class='ocrx_word' id='word_1_19' title='bbox 2911 398 3052 452; x_wconf 78' lang='lat' dir='ltr'><strong>facto</strong></span> <span class='ocrx_word' id='word_1_20' title='bbox 3102 397 3482 457; x_wconf 66' lang='lat' dir='ltr'><strong>demonstrare</strong></span> 
     </span>
    </p>
   </div>
   <div class='ocr_carea' id='block_1_7' title="bbox 225 489 1806 560">
    <p class='ocr_par' dir='ltr' id='par_1_7' title="bbox 225 489 1806 560">
     <span class='ocr_line' id='line_1_7' title="bbox 225 489 1806 560; baseline -0.002 -17"><span class='ocrx_word' id='word_1_21' title='bbox 225 494 323 543; x_wconf 78' lang='grc' dir='ltr'>καὶ</span> <span class='ocrx_word' id='word_1_22' title='bbox 375 490 472 559; x_wconf 83' lang='grc' dir='ltr'>τὴν</span> <span class='ocrx_word' id='word_1_23' title='bbox 535 489 823 542; x_wconf 79' lang='grc' dir='ltr'>εὐδουλίαν</span> <span class='ocrx_word' id='word_1_24' title='bbox 863 489 1278 544; x_wconf 77' lang='grc' dir='ltr'><strong>ἐπιδείκνυσθαι</strong></span> <span class='ocrx_word' id='word_1_25' title='bbox 1311 489 1509 560; x_wconf 83' lang='grc' dir='ltr'>χρεὼν,</span> <span class='ocrx_word' id='word_1_26' title='bbox 1555 490 1660 543; x_wconf 79' lang='grc' dir='ltr'>,καὶ</span> <span class='ocrx_word' id='word_1_27' title='bbox 1711 491 1806 542; x_wconf 67' lang='grc' dir='ltr'><strong>ἐπὶ⁵</strong></span> 
     </span>
    </p>
   </div>
   <div class='ocr_carea' id='block_1_8' title="bbox 221 578 1807 646">
    <p class='ocr_par' dir='ltr' id='par_1_8' title="bbox 221 578 1807 646">
     <span class='ocr_line' id='line_1_8' title="bbox 221 578 1807 646; baseline -0.001 -14"><span class='ocrx_word' id='word_1_28' title='bbox 221 584 336 641; x_wconf 84' lang='grc' dir='ltr'>τοῖς</span> <span class='ocrx_word' id='word_1_29' title='bbox 383 580 568 646; x_wconf 78' lang='grc' dir='ltr'>ἔργοις</span> <span class='ocrx_word' id='word_1_30' title='bbox 622 579 910 644; x_wconf 82' lang='grc' dir='ltr'>φαίνεσθαι</span> <span class='ocrx_word' id='word_1_31' title='bbox 961 578 1178 646; x_wconf 82' lang='grc' dir='ltr'><strong>ὁμοίους</strong></span> <span class='ocrx_word' id='word_1_32' title='bbox 1207 596 1222 611; x_wconf 77' lang='grc' dir='ltr'><strong><em>ο</em></strong></span> <span class='ocrx_word' id='word_1_33' title='bbox 1261 579 1335 641; x_wconf 86' lang='grc' dir='ltr'>ὼς</span> <span class='ocrx_word' id='word_1_34' title='bbox 1393 578 1462 632; x_wconf 76' lang='grc' dir='ltr'><strong>ἂν</strong></span> <span class='ocrx_word' id='word_1_35' title='bbox 1513 579 1700 631; x_wconf 85' lang='grc' dir='ltr'>ἀπῶσι</span> <span class='ocrx_word' id='word_1_36' title='bbox 1737 579 1807 630; x_wconf 78' lang='grc' dir='ltr'>τὰ</span> 
     </span>
    </p>
   </div>
   <div class='ocr_carea' id='block_1_9' title="bbox 127 669 1806 750">
    <p class='ocr_par' dir='ltr' id='par_1_9' title="bbox 127 669 1806 750">
     <span class='ocr_line' id='line_1_9' title="bbox 127 669 1806 750; baseline -0.001 -29"><span class='ocrx_word' id='word_1_37' title='bbox 127 743 134 750; x_wconf 33' lang='grc'><strong>.</strong></span> <span class='ocrx_word' id='word_1_38' title='bbox 224 676 534 740; x_wconf 69' lang='grc' dir='ltr'>πράγματα</span> <span class='ocrx_word' id='word_1_39' title='bbox 581 673 690 722; x_wconf 90' lang='grc' dir='ltr'><strong>τῶν</strong></span> <span class='ocrx_word' id='word_1_40' title='bbox 719 671 893 737; x_wconf 87' lang='grc' dir='ltr'>λόγων</span> <span class='ocrx_word' id='word_1_41' title='bbox 927 671 1158 724; x_wconf 85' lang='grc' dir='ltr'>οὐδένων</span> <span class='ocrx_word' id='word_1_42' title='bbox 1203 671 1392 725; x_wconf 75' lang='grc' dir='ltr'>ὄντων.</span> <span class='ocrx_word' id='word_1_43' title='bbox 1449 673 1491 722; x_wconf 85' lang='grc' dir='ltr'><strong>Τ</strong></span> <span class='ocrx_word' id='word_1_44' title='bbox 1496 670 1530 723; x_wconf 83' lang='grc' dir='ltr'>ὰ</span> <span class='ocrx_word' id='word_1_45' title='bbox 1579 671 1677 739; x_wconf 82' lang='grc' dir='ltr'><strong>μέν</strong></span> <span class='ocrx_word' id='word_1_46' title='bbox 1715 669 1806 722; x_wconf 75' lang='grc' dir='ltr'>οὖν</span> 
     </span>
    </p>
   </div>
   <div class='ocr_carea' id='block_1_10' title="bbox 219 762 1807 834">
    <p class='ocr_par' dir='ltr' id='par_1_10' title="bbox 219 762 1807 834">
     <span class='ocr_line' id='line_1_10' title="bbox 219 762 1807 834; baseline 0.002 -21"><span class='ocrx_word' id='word_1_47' title='bbox 219 765 362 832; x_wconf 80' lang='grc' dir='ltr'>ἔργα</span> <span class='ocrx_word' id='word_1_48' title='bbox 411 762 640 833; x_wconf 70' lang='grc' dir='ltr'>ὕστερον</span> <span class='ocrx_word' id='word_1_49' title='bbox 689 762 1074 831; x_wconf 79' lang='grc' dir='ltr'>ἐπιδειξόμεθα</span> <span class='ocrx_word' id='word_1_50' title='bbox 1133 765 1298 832; x_wconf 79' lang='grc' dir='ltr'>ἡνίκα</span> <span class='ocrx_word' id='word_1_51' title='bbox 1345 763 1410 816; x_wconf 85' lang='grc' dir='ltr'>ἂν</span> <span class='ocrx_word' id='word_1_52' title='bbox 1441 763 1562 834; x_wconf 80' lang='grc' dir='ltr'><strong>δέῃ.</strong></span> <span class='ocrx_word' id='word_1_53' title='bbox 1593 763 1732 815; x_wconf 76' lang='grc' dir='ltr'><strong>Νυνὶ</strong></span> <span class='ocrx_word' id='word_1_54' title='bbox 1751 763 1807 816; x_wconf 87' lang='grc' dir='ltr'>δὲ</span> 
     </span>
    </p>
   </div>
   <div class='ocr_carea' id='block_1_11' title="bbox 219 849 1808 928">
    <p class='ocr_par' dir='ltr' id='par_1_11' title="bbox 219 849 1808 928">
     <span class='ocr_line' id='line_1_11' title="bbox 219 849 1808 928; baseline -0.001 -18"><span class='ocrx_word' id='word_1_55' title='bbox 219 858 523 923; x_wconf 79' lang='grc' dir='ltr'>ἀναγκαῖον</span> <span class='ocrx_word' id='word_1_56' title='bbox 547 855 774 922; x_wconf 69' lang='grc' dir='ltr'>γνώμην</span> <span class='ocrx_word' id='word_1_57' title='bbox 806 855 1042 907; x_wconf 72' lang='grc' dir='ltr'>ἕκαστον</span> <span class='ocrx_word' id='word_1_58' title='bbox 1067 849 1361 928; x_wconf 80' lang='grc' dir='ltr'>είσάγεινῇ</span> <span class='ocrx_word' id='word_1_59' title='bbox 1385 853 1489 925; x_wconf 74' lang='grc' dir='ltr'>χρὴ</span> <span class='ocrx_word' id='word_1_60' title='bbox 1523 855 1808 925; x_wconf 80' lang='grc' dir='ltr'>τραπομέ-</span> 
     </span>
    </p>
   </div>
   <div class='ocr_carea' id='block_1_12' title="bbox 220 947 1806 1018">
    <p class='ocr_par' dir='ltr' id='par_1_12' title="bbox 220 947 1806 1018">
     <span class='ocr_line' id='line_1_12' title="bbox 220 947 1806 1018; baseline -0.001 -17"><span class='ocrx_word' id='word_1_61' title='bbox 220 967 373 1012; x_wconf 77' lang='grc' dir='ltr'>νους,</span> <span class='ocrx_word' id='word_1_62' title='bbox 405 952 546 1016; x_wconf 82' lang='grc' dir='ltr'>σφᾶς</span> <span class='ocrx_word' id='word_1_63' title='bbox 602 967 663 1000; x_wconf 91' lang='grc' dir='ltr'><strong>τε</strong></span> <span class='ocrx_word' id='word_1_64' title='bbox 700 950 900 1008; x_wconf 80' lang='grc' dir='ltr'>αὐτοὺς</span> <span class='ocrx_word' id='word_1_65' title='bbox 949 951 1045 1000; x_wconf 81' lang='grc' dir='ltr'><strong>καὶ</strong></span> <span class='ocrx_word' id='word_1_66' title='bbox 1081 948 1180 1018; x_wconf 83' lang='grc' dir='ltr'><strong>τὴν</strong></span> <span class='ocrx_word' id='word_1_67' title='bbox 1211 949 1381 1018; x_wconf 76' lang='grc' dir='ltr'>ἄλλην</span> <span class='ocrx_word' id='word_1_68' title='bbox 1412 949 1568 1000; x_wconf 74' lang='grc' dir='ltr'>πόλιν</span> <span class='ocrx_word' id='word_1_69' title='bbox 1599 947 1806 1002; x_wconf 84' lang='grc' dir='ltr'>διασώ-</span> 
     </span>
    </p>
   </div>
   <div class='ocr_carea' id='block_1_13' title="bbox 223 1037 1803 1112">
    <p class='ocr_par' dir='ltr' id='par_1_13' title="bbox 223 1037 1803 1112">
     <span class='ocr_line' id='line_1_13' title="bbox 223 1037 1803 1112; baseline 0.001 -19"><span class='ocrx_word' id='word_1_70' title='bbox 223 1041 366 1106; x_wconf 81' lang='grc' dir='ltr'>ζειν.</span> <span class='ocrx_word' id='word_1_71' title='bbox 402 1043 477 1095; x_wconf 89' lang='grc' dir='ltr'>Οὐ</span> <span class='ocrx_word' id='word_1_72' title='bbox 511 1044 622 1112; x_wconf 76' lang='grc' dir='ltr'>γὰρ</span> <span class='ocrx_word' id='word_1_73' title='bbox 667 1037 967 1112; x_wconf 75' lang='grc' dir='ltr'><strong>ἡσυχάσειν</strong></span> <span class='ocrx_word' id='word_1_74' title='bbox 1020 1041 1203 1108; x_wconf 81' lang='grc' dir='ltr'>οἴομαι</span> <span class='ocrx_word' id='word_1_75' title='bbox 1261 1040 1803 1110; x_wconf 78' lang='grc' dir='ltr'>παρακοιμώμενον,</span> 
     </span>
    </p>
   </div>
   <div class='ocr_carea' id='block_1_14' title="bbox 221 1135 1808 1207">
    <p class='ocr_par' dir='ltr' id='par_1_14' title="bbox 221 1135 1808 1207">
     <span class='ocr_line' id='line_1_14' title="bbox 221 1135 1808 1207; baseline 0 -18"><span class='ocrx_word' id='word_1_76' title='bbox 221 1136 362 1189; x_wconf 77' lang='grc' dir='ltr'>ἀλλὰ</span> <span class='ocrx_word' id='word_1_77' title='bbox 388 1136 598 1205; x_wconf 77' lang='grc' dir='ltr'>ταχέως</span> <span class='ocrx_word' id='word_1_78' title='bbox 626 1137 757 1205; x_wconf 76' lang='grc' dir='ltr'>ἡμῖν</span> <span class='ocrx_word' id='word_1_79' title='bbox 776 1136 1265 1204; x_wconf 74' lang='grc' dir='ltr'><strong>ἐπιστρατεύσειν,</strong></span> <span class='ocrx_word' id='word_1_80' title='bbox 1294 1136 1409 1203; x_wconf 84' lang='grc' dir='ltr'>εῐγε</span> <span class='ocrx_word' id='word_1_81' title='bbox 1441 1135 1612 1198; x_wconf 71' lang='grc' dir='ltr'>ὅντως</span> <span class='ocrx_word' id='word_1_82' title='bbox 1633 1137 1808 1207; x_wconf 80' lang='grc' dir='ltr'><strong>ἀληθῆ</strong></span> 
     </span>
    </p>
   </div>
   <div class='ocr_carea' id='block_1_15' title="bbox 229 1226 1799 1298">
    <p class='ocr_par' dir='ltr' id='par_1_15' title="bbox 229 1226 1799 1298">
     <span class='ocr_line' id='line_1_15' title="bbox 229 1226 1799 1298; baseline 0.004 -19"><span class='ocrx_word' id='word_1_83' title='bbox 229 1230 298 1281; x_wconf 80' lang='grc' dir='ltr'>τὰ</span> <span class='ocrx_word' id='word_1_84' title='bbox 343 1229 476 1297; x_wconf 71' lang='grc' dir='ltr'>περὶ</span> <span class='ocrx_word' id='word_1_85' title='bbox 511 1227 778 1296; x_wconf 86' lang='grc' dir='ltr'>βασιλέως</span> <span class='ocrx_word' id='word_1_86' title='bbox 829 1226 915 1294; x_wconf 81' lang='grc' dir='ltr'><strong>εἴη</strong></span> <span class='ocrx_word' id='word_1_87' title='bbox 975 1228 1263 1296; x_wconf 69' lang='grc' dir='ltr'>εἰρημένα.</span> <span class='ocrx_word' id='word_1_88' title='bbox 1312 1229 1545 1297; x_wconf 83' lang='grc' dir='ltr'>Ἀσάνης</span> <span class='ocrx_word' id='word_1_89' title='bbox 1577 1229 1676 1298; x_wconf 82' lang='grc' dir='ltr'>μὲν</span> <span class='ocrx_word' id='word_1_90' title='bbox 1707 1229 1799 1285; x_wconf 75' lang='grc' dir='ltr'><strong>οὐν</strong></span> 
     </span>
    </p>
   </div>
   <div class='ocr_carea' id='block_1_16' title="bbox 222 1313 1809 1383">
    <p class='ocr_par' dir='ltr' id='par_1_16' title="bbox 222 1313 1809 1383">
     <span class='ocr_line' id='line_1_16' title="bbox 222 1313 1809 1383; baseline -0.001 -13"><span class='ocrx_word' id='word_1_91' title='bbox 222 1317 451 1370; x_wconf 82' lang='grc' dir='ltr'>τοιαῦτα</span> <span class='ocrx_word' id='word_1_92' title='bbox 484 1314 766 1369; x_wconf 84' lang='grc' dir='ltr'>ἐπαύσατο</span> <span class='ocrx_word' id='word_1_93' title='bbox 817 1313 1008 1368; x_wconf 78' lang='grc' dir='ltr'>εἰπών.</span> <span class='ocrx_word' id='word_1_94' title='bbox 1041 1315 1454 1383; x_wconf 86' lang='grc' dir='ltr'>Κομιτόπουλος</span> <span class='ocrx_word' id='word_1_95' title='bbox 1505 1315 1562 1367; x_wconf 80' lang='grc' dir='ltr'>δὲ</span> <span class='ocrx_word' id='word_1_96' title='bbox 1611 1316 1809 1370; x_wconf 86' lang='grc' dir='ltr'>αὐτίκα</span> 
     </span>
    </p>
   </div>
   <div class='ocr_carea' id='block_1_17' title="bbox 221 1397 1811 1476">
    <p class='ocr_par' dir='ltr' id='par_1_17' title="bbox 221 1397 1811 1476">
     <span class='ocr_line' id='line_1_17' title="bbox 221 1397 1811 1476; baseline -0.001 -18"><span class='ocrx_word' id='word_1_97' title='bbox 221 1407 329 1459; x_wconf 79' lang='grc' dir='ltr'><strong>ὐπὸ</strong></span> <span class='ocrx_word' id='word_1_98' title='bbox 355 1397 668 1476; x_wconf 71' lang='grc' dir='ltr'>προθυμίας</span> <span class='ocrx_word' id='word_1_99' title='bbox 722 1407 818 1458; x_wconf 76' lang='grc' dir='ltr'><strong>καὶ</strong></span> <span class='ocrx_word' id='word_1_100' title='bbox 847 1406 947 1474; x_wconf 84' lang='grc' dir='ltr'>τῆς</span> <span class='ocrx_word' id='word_1_101' title='bbox 980 1405 1112 1474; x_wconf 74' lang='grc' dir='ltr'>περὶ</span> <span class='ocrx_word' id='word_1_102' title='bbox 1146 1405 1374 1476; x_wconf 76' lang='grc' dir='ltr'><strong>βασιλέα</strong></span> <span class='ocrx_word' id='word_1_103' title='bbox 1409 1408 1626 1470; x_wconf 80' lang='grc' dir='ltr'><strong>εὐνοίας</strong></span> <span class='ocrx_word' id='word_1_104' title='bbox 1659 1425 1811 1476; x_wconf 89' lang='grc' dir='ltr'>κινη-</span> 
     </span>
    </p>
   </div>
   <div class='ocr_carea' id='block_1_18' title="bbox 222 1497 1806 1567">
    <p class='ocr_par' dir='ltr' id='par_1_18' title="bbox 222 1497 1806 1567">
     <span class='ocr_line' id='line_1_18' title="bbox 222 1497 1806 1567; baseline 0.001 -16"><span class='ocrx_word' id='word_1_105' title='bbox 222 1499 360 1561; x_wconf 71' lang='grc' dir='ltr'>Θεὶς,</span> <span class='ocrx_word' id='word_1_106' title='bbox 389 1501 632 1560; x_wconf 76' lang='grc' dir='ltr'>ἀναστὰς</span> <span class='ocrx_word' id='word_1_107' title='bbox 667 1497 958 1567; x_wconf 85' lang='grc' dir='ltr'>παρελθὼν</span> <span class='ocrx_word' id='word_1_108' title='bbox 1004 1501 1085 1562; x_wconf 87' lang='grc' dir='ltr'><strong>είς</strong></span> <span class='ocrx_word' id='word_1_109' title='bbox 1144 1500 1367 1567; x_wconf 85' lang='grc' dir='ltr'>μέσους,</span> <span class='ocrx_word' id='word_1_110' title='bbox 1403 1499 1553 1566; x_wconf 79' lang='grc' dir='ltr'>ἔλεξε</span> <span class='ocrx_word' id='word_1_111' title='bbox 1583 1500 1760 1552; x_wconf 82' lang='grc' dir='ltr'>τοιάδε</span> <span class='ocrx_word' id='word_1_112' title='bbox 1790 1513 1806 1531; x_wconf 76' lang='grc'><strong>⁸</strong></span> 
     </span>
    </p>
   </div>
   <div class='ocr_carea' id='block_1_19' title="bbox 175 1581 1809 1660">
    <p class='ocr_par' dir='ltr' id='par_1_19' title="bbox 175 1581 1809 1660">
     <span class='ocr_line' id='line_1_19' title="bbox 175 1581 1809 1660; baseline 0.002 -18"><span class='ocrx_word' id='word_1_113' title='bbox 175 1581 178 1584; x_wconf 57' lang='grc'><em>’</em></span> <span class='ocrx_word' id='word_1_114' title='bbox 221 1592 428 1644; x_wconf 78' lang='grc' dir='ltr'>Οὐδένα</span> <span class='ocrx_word' id='word_1_115' title='bbox 490 1590 647 1660; x_wconf 86' lang='grc' dir='ltr'>ὐμῶν</span> <span class='ocrx_word' id='word_1_116' title='bbox 680 1591 795 1643; x_wconf 81' lang='grc' dir='ltr'>ὅσοι</span> <span class='ocrx_word' id='word_1_117' title='bbox 839 1591 1084 1659; x_wconf 85' lang='grc' dir='ltr'>πάρεστε</span> <span class='ocrx_word' id='word_1_118' title='bbox 1118 1591 1434 1660; x_wconf 59' lang='grc' dir='ltr'>νῦν,οί”υμαι</span> <span class='ocrx_word' id='word_1_119' title='bbox 1465 1595 1703 1659; x_wconf 80' lang='grc' dir='ltr'>ἀγνοεῖν,</span> <span class='ocrx_word' id='word_1_120' title='bbox 1733 1597 1809 1656; x_wconf 79' lang='grc' dir='ltr'>ὡς</span> 
     </span>
    </p>
   </div>
   <div class='ocr_carea' id='block_1_20' title="bbox 227 1682 1810 1752">
    <p class='ocr_par' dir='ltr' id='par_1_20' title="bbox 227 1682 1810 1752">
     <span class='ocr_line' id='line_1_20' title="bbox 227 1682 1810 1752; baseline 0.003 -17"><span class='ocrx_word' id='word_1_121' title='bbox 227 1685 497 1752; x_wconf 82' lang='grc' dir='ltr'>βασιλέως</span> <span class='ocrx_word' id='word_1_122' title='bbox 532 1685 612 1736; x_wconf 79' lang='grc' dir='ltr'>ἔτι</span> <span class='ocrx_word' id='word_1_123' title='bbox 660 1685 946 1752; x_wconf 76' lang='grc' dir='ltr'><strong>περιόντος</strong></span> <span class='ocrx_word' id='word_1_124' title='bbox 977 1682 1071 1735; x_wconf 81' lang='grc' dir='ltr'>τοῦ</span> <span class='ocrx_word' id='word_1_125' title='bbox 1108 1685 1406 1752; x_wconf 81' lang='grc' dir='ltr'><strong>μακαρίου,</strong></span> <span class='ocrx_word' id='word_1_126' title='bbox 1437 1687 1550 1748; x_wconf 87' lang='grc' dir='ltr'>τοῖς</span> <span class='ocrx_word' id='word_1_127' title='bbox 1586 1686 1810 1748; x_wconf 76' lang='grc' dir='ltr'>οἰκείοις</span> 
     </span>
    </p>
   </div>
   <div class='ocr_carea' id='block_1_21' title="bbox 228 1775 1811 1848">
    <p class='ocr_par' dir='ltr' id='par_1_21' title="bbox 228 1775 1811 1848">
     <span class='ocr_line' id='line_1_21' title="bbox 228 1775 1811 1848; baseline 0.004 -22"><span class='ocrx_word' id='word_1_128' title='bbox 228 1775 694 1845; x_wconf 77' lang='grc' dir='ltr'>συνεξηταζόμην,</span> <span class='ocrx_word' id='word_1_129' title='bbox 727 1776 820 1828; x_wconf 74' lang='grc' dir='ltr'><strong>καὶ</strong></span> <span class='ocrx_word' id='word_1_130' title='bbox 853 1779 963 1838; x_wconf 86' lang='grc' dir='ltr'>τοῖς</span> <span class='ocrx_word' id='word_1_131' title='bbox 983 1776 1184 1845; x_wconf 82' lang='grc' dir='ltr'>πολλῆς</span> <span class='ocrx_word' id='word_1_132' title='bbox 1203 1776 1336 1845; x_wconf 73' lang='grc' dir='ltr'>παρ’</span> <span class='ocrx_word' id='word_1_133' title='bbox 1362 1779 1572 1831; x_wconf 85' lang='grc' dir='ltr'>ἐκείνου</span> <span class='ocrx_word' id='word_1_134' title='bbox 1599 1781 1689 1832; x_wconf 72' lang='grc' dir='ltr'>καὶ</span> <span class='ocrx_word' id='word_1_135' title='bbox 1712 1779 1811 1848; x_wconf 83' lang='grc' dir='ltr'><strong>τῆς</strong></span> 
     </span>
    </p>
   </div>
   <div class='ocr_carea' id='block_1_22' title="bbox 224 1866 1810 1937">
    <p class='ocr_par' dir='ltr' id='par_1_22' title="bbox 224 1866 1810 1937">
     <span class='ocr_line' id='line_1_22' title="bbox 224 1866 1810 1937; baseline 0.006 -22"><span class='ocrx_word' id='word_1_136' title='bbox 224 1866 518 1931; x_wconf 79' lang='grc' dir='ltr'>εὐμενείας</span> <span class='ocrx_word' id='word_1_137' title='bbox 551 1866 887 1918; x_wconf 76' lang='grc' dir='ltr'>ἀπολαύουσι</span> <span class='ocrx_word' id='word_1_138' title='bbox 926 1869 1020 1919; x_wconf 79' lang='grc' dir='ltr'><strong>καὶ</strong></span> <span class='ocrx_word' id='word_1_139' title='bbox 1051 1867 1149 1937; x_wconf 84' lang='grc' dir='ltr'>τῆς</span> <span class='ocrx_word' id='word_1_140' title='bbox 1195 1869 1454 1937; x_wconf 83' lang='grc' dir='ltr'>προνοίας</span> <span class='ocrx_word' id='word_1_141' title='bbox 1475 1887 1489 1899; x_wconf 90' lang='grc'>·</span> <span class='ocrx_word' id='word_1_142' title='bbox 1520 1873 1614 1924; x_wconf 74' lang='grc' dir='ltr'><strong>καὶ</strong></span> <span class='ocrx_word' id='word_1_143' title='bbox 1645 1871 1810 1934; x_wconf 80' lang='grc' dir='ltr'>αὐτὸς</span> 
     </span>
    </p>
   </div>
   <div class='ocr_carea' id='block_1_23' title="bbox 221 1943 1810 2032">
    <p class='ocr_par' dir='ltr' id='par_1_23' title="bbox 221 1943 1810 2032">
     <span class='ocr_line' id='line_1_23' title="bbox 221 1943 1810 2032; baseline 0.005 -24"><span class='ocrx_word' id='word_1_144' title='bbox 221 1958 284 2008; x_wconf 77' lang='grc' dir='ltr'>δὲ</span> <span class='ocrx_word' id='word_1_145' title='bbox 323 1959 478 2010; x_wconf 82' lang='grc' dir='ltr'>οὐδὲν</span> <span class='ocrx_word' id='word_1_146' title='bbox 526 1953 814 2024; x_wconf 72' lang='grc' dir='ltr'>ἅπέλιπον,</span> <span class='ocrx_word' id='word_1_147' title='bbox 842 1959 903 2010; x_wconf 86' lang='grc' dir='ltr'>τό</span> <span class='ocrx_word' id='word_1_148' title='bbox 927 1943 1009 2026; x_wconf 58' lang='grc' dir='ltr'>’γε</span> <span class='ocrx_word' id='word_1_149' title='bbox 1041 1961 1120 2020; x_wconf 80' lang='grc' dir='ltr'><strong>είς</strong></span> <span class='ocrx_word' id='word_1_150' title='bbox 1146 1961 1246 2028; x_wconf 81' lang='grc' dir='ltr'><strong>ἐμὲ</strong></span> <span class='ocrx_word' id='word_1_151' title='bbox 1281 1955 1435 2029; x_wconf 72' lang='grc' dir='ltr'>ἧκον,</span> <span class='ocrx_word' id='word_1_152' title='bbox 1480 1961 1574 2014; x_wconf 81' lang='grc' dir='ltr'>τοῦ</span> <span class='ocrx_word' id='word_1_153' title='bbox 1607 1961 1682 2032; x_wconf 76' lang='grc' dir='ltr'>μὴ</span> <span class='ocrx_word' id='word_1_154' title='bbox 1712 1965 1810 2032; x_wconf 77' lang='grc' dir='ltr'><strong>τὴν</strong></span> 
     </span>
    </p>
   </div>
   <div class='ocr_carea' id='block_1_24' title="bbox 224 2042 1804 2115">
    <p class='ocr_par' dir='ltr' id='par_1_24' title="bbox 224 2042 1804 2115">
     <span class='ocr_line' id='line_1_24' title="bbox 224 2042 1804 2115; baseline 0.004 -21"><span class='ocrx_word' id='word_1_155' title='bbox 224 2045 617 2112; x_wconf 83' lang='grc' dir='ltr'>προσήκουσαν</span> <span class='ocrx_word' id='word_1_156' title='bbox 659 2042 876 2096; x_wconf 71' lang='grc' dir='ltr'>εὔνοιαν</span> <span class='ocrx_word' id='word_1_157' title='bbox 929 2045 1236 2114; x_wconf 77' lang='grc' dir='ltr'>εὐγνώμονι</span> <span class='ocrx_word' id='word_1_158' title='bbox 1268 2045 1442 2115; x_wconf 84' lang='grc' dir='ltr'>δούλῳ</span> <span class='ocrx_word' id='word_1_159' title='bbox 1497 2048 1804 2102; x_wconf 81' lang='grc' dir='ltr'>ἐπιδείκνυο</span> 
     </span>
    </p>
   </div>
   <div class='ocr_carea' id='block_1_25' title="bbox 226 2133 1812 2207">
    <p class='ocr_par' dir='ltr' id='par_1_25' title="bbox 226 2133 1812 2207">
     <span class='ocr_line' id='line_1_25' title="bbox 226 2133 1812 2207; baseline 0.004 -21"><span class='ocrx_word' id='word_1_160' title='bbox 226 2135 377 2186; x_wconf 78' lang='grc' dir='ltr'>σθαι.</span> <span class='ocrx_word' id='word_1_161' title='bbox 423 2135 496 2186; x_wconf 87' lang='grc' dir='ltr'>οὐ</span> <span class='ocrx_word' id='word_1_162' title='bbox 547 2133 654 2202; x_wconf 76' lang='grc' dir='ltr'><strong>μὴν</strong></span> <span class='ocrx_word' id='word_1_163' title='bbox 688 2134 776 2186; x_wconf 69' lang='grc' dir='ltr'><strong>διὰ</strong></span> <span class='ocrx_word' id='word_1_164' title='bbox 806 2135 866 2186; x_wconf 84' lang='grc' dir='ltr'>τὸ</span> <span class='ocrx_word' id='word_1_165' title='bbox 901 2137 1110 2188; x_wconf 82' lang='grc' dir='ltr'>ἐκεῖνον</span> <span class='ocrx_word' id='word_1_166' title='bbox 1159 2135 1218 2200; x_wconf 81' lang='grc' dir='ltr'><strong>ἐξ</strong></span> <span class='ocrx_word' id='word_1_167' title='bbox 1255 2136 1560 2207; x_wconf 81' lang='grc' dir='ltr'>ἀνθρώπων</span> <span class='ocrx_word' id='word_1_168' title='bbox 1595 2141 1812 2207; x_wconf 71' lang='grc' dir='ltr'>γεγονὲο</span> 
     </span>
    </p>
   </div>
   <div class='ocr_carea' id='block_1_26' title="bbox 181 2215 1809 2299">
    <p class='ocr_par' dir='ltr' id='par_1_26' title="bbox 181 2215 1809 2299">
     <span class='ocr_line' id='line_1_26' title="bbox 181 2215 1809 2299; baseline 0.005 -22"><span class='ocrx_word' id='word_1_169' title='bbox 181 2215 197 2225; x_wconf 80' lang='grc'><em>’</em></span> <span class='ocrx_word' id='word_1_170' title='bbox 221 2245 312 2279; x_wconf 85' lang='grc' dir='ltr'><strong>ναι</strong></span> <span class='ocrx_word' id='word_1_171' title='bbox 345 2225 842 2295; x_wconf 74' lang='grc' dir='ltr'>νυνὶ”μετα6αλὼν,</span> <span class='ocrx_word' id='word_1_172' title='bbox 879 2230 992 2288; x_wconf 85' lang='grc' dir='ltr'>τοῖς</span> <span class='ocrx_word' id='word_1_173' title='bbox 1023 2229 1237 2280; x_wconf 78' lang='grc' dir='ltr'>ἐκείνου</span> <span class='ocrx_word' id='word_1_174' title='bbox 1273 2230 1433 2282; x_wconf 77' lang='grc' dir='ltr'>παισὶ</span> <span class='ocrx_word' id='word_1_175' title='bbox 1479 2230 1590 2284; x_wconf 86' lang='grc' dir='ltr'>δεῖν</span> <span class='ocrx_word' id='word_1_176' title='bbox 1634 2232 1809 2299; x_wconf 74' lang='grc' dir='ltr'>ἔγνων</span> 
     </span>
    </p>
   </div>
   <div class='ocr_carea' id='block_1_27' title="bbox 223 2317 1811 2389">
    <p class='ocr_par' dir='ltr' id='par_1_27' title="bbox 223 2317 1811 2389">
     <span class='ocr_line' id='line_1_27' title="bbox 223 2317 1811 2389; baseline 0.003 -17"><span class='ocrx_word' id='word_1_177' title='bbox 223 2320 488 2386; x_wconf 83' lang='grc' dir='ltr'>πολεμεῖν</span> <span class='ocrx_word' id='word_1_178' title='bbox 512 2335 526 2347; x_wconf 76' lang='grc'><strong><em>⁸</em></strong></span> <span class='ocrx_word' id='word_1_179' title='bbox 552 2318 690 2373; x_wconf 80' lang='grc' dir='ltr'>ἀλλὰ</span> <span class='ocrx_word' id='word_1_180' title='bbox 731 2320 829 2388; x_wconf 84' lang='grc' dir='ltr'>τὴν</span> <span class='ocrx_word' id='word_1_181' title='bbox 856 2317 1050 2388; x_wconf 79' lang='grc' dir='ltr'>ὁμοίαν</span> <span class='ocrx_word' id='word_1_182' title='bbox 1077 2318 1306 2389; x_wconf 81' lang='grc' dir='ltr'><strong>γνώμην</strong></span> <span class='ocrx_word' id='word_1_183' title='bbox 1342 2320 1439 2372; x_wconf 84' lang='grc' dir='ltr'>καὶ</span> <span class='ocrx_word' id='word_1_184' title='bbox 1463 2321 1560 2373; x_wconf 82' lang='grc' dir='ltr'>νῦν</span> <span class='ocrx_word' id='word_1_185' title='bbox 1586 2323 1666 2375; x_wconf 81' lang='grc' dir='ltr'>ἔτι</span> <span class='ocrx_word' id='word_1_186' title='bbox 1695 2323 1811 2376; x_wconf 56' lang='grc' dir='ltr'>διαλ-</span> 
     </span>
    </p>
   </div>
   <div class='ocr_carea' id='block_1_28' title="bbox 221 2410 1810 2484">
    <p class='ocr_par' dir='ltr' id='par_1_28' title="bbox 221 2410 1810 2484">
     <span class='ocr_line' id='line_1_28' title="bbox 221 2410 1810 2484; baseline 0.001 -21"><span class='ocrx_word' id='word_1_187' title='bbox 221 2413 402 2482; x_wconf 80' lang='grc' dir='ltr'>τηρῶ.</span> <span class='ocrx_word' id='word_1_188' title='bbox 447 2411 624 2480; x_wconf 80' lang='grc' dir='ltr'>Ὁρῶν</span> <span class='ocrx_word' id='word_1_189' title='bbox 663 2410 719 2462; x_wconf 80' lang='grc' dir='ltr'>δὲ</span> <span class='ocrx_word' id='word_1_190' title='bbox 773 2410 1000 2476; x_wconf 82' lang='grc' dir='ltr'>βασιλέα</span> <span class='ocrx_word' id='word_1_191' title='bbox 1046 2411 1148 2479; x_wconf 77' lang='grc' dir='ltr'>μὲν</span> <span class='ocrx_word' id='word_1_192' title='bbox 1205 2411 1297 2462; x_wconf 87' lang='grc' dir='ltr'><strong>τὸν</strong></span> <span class='ocrx_word' id='word_1_193' title='bbox 1354 2412 1810 2484; x_wconf 79' lang='grc' dir='ltr'>Καντακουζηνδν</span> 
     </span>
    </p>
   </div>
   <div class='ocr_carea' id='block_1_29' title="bbox 221 2497 1809 2572">
    <p class='ocr_par' dir='ltr' id='par_1_29' title="bbox 221 2497 1809 2572">
     <span class='ocr_line' id='line_1_29' title="bbox 221 2497 1809 2572; baseline 0.003 -22"><span class='ocrx_word' id='word_1_194' title='bbox 221 2501 418 2550; x_wconf 82' lang='grc' dir='ltr'>δίκαια</span> <span class='ocrx_word' id='word_1_195' title='bbox 454 2502 548 2551; x_wconf 76' lang='grc' dir='ltr'>καὶ</span> <span class='ocrx_word' id='word_1_196' title='bbox 584 2498 835 2566; x_wconf 87' lang='grc' dir='ltr'>λυσιτελῆ</span> <span class='ocrx_word' id='word_1_197' title='bbox 877 2501 990 2560; x_wconf 87' lang='grc' dir='ltr'>τοῖς</span> <span class='ocrx_word' id='word_1_198' title='bbox 1018 2499 1179 2550; x_wconf 77' lang='grc' dir='ltr'>παισὶ</span> <span class='ocrx_word' id='word_1_199' title='bbox 1230 2497 1492 2568; x_wconf 80' lang='grc' dir='ltr'>βασιλέως</span> <span class='ocrx_word' id='word_1_200' title='bbox 1532 2502 1809 2572; x_wconf 77' lang='grc' dir='ltr'>ᾑρημένον</span> 
     </span>
    </p>
   </div>
   <div class='ocr_carea' id='block_1_30' title="bbox 225 2591 1813 2662">
    <p class='ocr_par' dir='ltr' id='par_1_30' title="bbox 225 2591 1813 2662">
     <span class='ocr_line' id='line_1_30' title="bbox 225 2591 1813 2662; baseline 0.002 -20"><span class='ocrx_word' id='word_1_201' title='bbox 225 2593 519 2660; x_wconf 70' lang='grc' dir='ltr'>πράττειν,</span> <span class='ocrx_word' id='word_1_202' title='bbox 564 2592 915 2660; x_wconf 80' lang='grc' dir='ltr'>’Δπόκαυχον</span> <span class='ocrx_word' id='word_1_203' title='bbox 944 2591 1002 2643; x_wconf 82' lang='grc' dir='ltr'>δὲ</span> <span class='ocrx_word' id='word_1_204' title='bbox 1031 2591 1122 2643; x_wconf 77' lang='grc' dir='ltr'><strong>τὸν</strong></span> <span class='ocrx_word' id='word_1_205' title='bbox 1150 2592 1646 2662; x_wconf 76' lang='grc' dir='ltr'>παρακοιμώμενον</span> <span class='ocrx_word' id='word_1_206' title='bbox 1682 2593 1813 2648; x_wconf 82' lang='grc' dir='ltr'>πολ-</span> 
     </span>
    </p>
   </div>
   <div class='ocr_carea' id='block_1_31' title="bbox 224 2683 1810 2754">
    <p class='ocr_par' dir='ltr' id='par_1_31' title="bbox 224 2683 1810 2754">
     <span class='ocr_line' id='line_1_31' title="bbox 224 2683 1810 2754; baseline 0.003 -20"><span class='ocrx_word' id='word_1_207' title='bbox 224 2685 327 2745; x_wconf 72' lang='grc' dir='ltr'>λὰς</span> <span class='ocrx_word' id='word_1_208' title='bbox 360 2685 480 2737; x_wconf 79' lang='grc' dir='ltr'>κατ’</span> <span class='ocrx_word' id='word_1_209' title='bbox 502 2683 668 2737; x_wconf 83' lang='grc' dir='ltr'>αὐτοῦ</span> <span class='ocrx_word' id='word_1_210' title='bbox 698 2683 954 2746; x_wconf 76' lang='grc' dir='ltr'>διαδολὰς</span> <span class='ocrx_word' id='word_1_211' title='bbox 975 2685 1071 2738; x_wconf 74' lang='grc' dir='ltr'>καὶ</span> <span class='ocrx_word' id='word_1_212' title='bbox 1093 2685 1459 2754; x_wconf 78' lang='grc' dir='ltr'>συκοφαντίας</span> <span class='ocrx_word' id='word_1_213' title='bbox 1483 2701 1810 2740; x_wconf 86' lang='grc' dir='ltr'>συνεσκευα-</span> 
     </span>
    </p>
   </div>
   <div class='ocr_carea' id='block_1_32' title="bbox 223 2775 1808 2848">
    <p class='ocr_par' dir='ltr' id='par_1_32' title="bbox 223 2775 1808 2848">
     <span class='ocr_line' id='line_1_32' title="bbox 223 2775 1808 2848; baseline 0.002 -20"><span class='ocrx_word' id='word_1_214' title='bbox 223 2779 388 2841; x_wconf 74' lang='grc' dir='ltr'>κδτα,</span> <span class='ocrx_word' id='word_1_215' title='bbox 432 2782 527 2828; x_wconf 74' lang='grc' dir='ltr'>καὶ</span> <span class='ocrx_word' id='word_1_216' title='bbox 571 2775 766 2838; x_wconf 80' lang='grc' dir='ltr'>ἄλλους</span> <span class='ocrx_word' id='word_1_217' title='bbox 811 2775 1376 2846; x_wconf 79' lang='grc' dir='ltr'>προσεταιρισάμενον</span> <span class='ocrx_word' id='word_1_218' title='bbox 1405 2777 1808 2848; x_wconf 72' lang='grc' dir='ltr'>πονηροτέρους</span> 
     </span>
    </p>
   </div>
   <div class='ocr_carea' id='block_1_33' title="bbox 222 2866 1812 2940">
    <p class='ocr_par' dir='ltr' id='par_1_33' title="bbox 222 2866 1812 2940">
     <span class='ocr_line' id='line_1_33' title="bbox 222 2866 1812 2940; baseline 0.001 -19"><span class='ocrx_word' id='word_1_219' title='bbox 222 2869 556 2940; x_wconf 78' lang='grc' dir='ltr'>ἀνθρώπους</span> <span class='ocrx_word' id='word_1_220' title='bbox 586 2869 679 2920; x_wconf 82' lang='grc' dir='ltr'>καὶ</span> <span class='ocrx_word' id='word_1_221' title='bbox 705 2867 1088 2936; x_wconf 82' lang='grc' dir='ltr'>διεφθορότας,</span> <span class='ocrx_word' id='word_1_222' title='bbox 1117 2867 1215 2920; x_wconf 74' lang='grc' dir='ltr'>καὶ</span> <span class='ocrx_word' id='word_1_223' title='bbox 1249 2866 1495 2936; x_wconf 82' lang='grc' dir='ltr'>βασιλίδα</span> <span class='ocrx_word' id='word_1_224' title='bbox 1536 2868 1812 2938; x_wconf 74' lang='grc' dir='ltr'>ἐξηπατη-</span> 
     </span>
    </p>
   </div>
   <div class='ocr_carea' id='block_1_34' title="bbox 223 2959 1808 3030">
    <p class='ocr_par' dir='ltr' id='par_1_34' title="bbox 223 2959 1808 3030">
     <span class='ocr_line' id='line_1_34' title="bbox 223 2959 1808 3030; baseline 0 -17"><span class='ocrx_word' id='word_1_225' title='bbox 223 2964 421 3025; x_wconf 79' lang='grc' dir='ltr'>κότας,</span> <span class='ocrx_word' id='word_1_226' title='bbox 454 2963 546 3015; x_wconf 73' lang='grc' dir='ltr'>καὶ</span> <span class='ocrx_word' id='word_1_227' title='bbox 585 2963 800 3014; x_wconf 61' lang='grc' dir='ltr'><strong>τουτονὶ⁵</strong></span> <span class='ocrx_word' id='word_1_228' title='bbox 842 2961 936 3015; x_wconf 79' lang='grc' dir='ltr'><strong>τὸν</strong></span> <span class='ocrx_word' id='word_1_229' title='bbox 980 2960 1220 3025; x_wconf 84' lang='grc' dir='ltr'>πόλεμον</span> <span class='ocrx_word' id='word_1_230' title='bbox 1245 2959 1338 3012; x_wconf 78' lang='grc' dir='ltr'>τὸν</span> <span class='ocrx_word' id='word_1_231' title='bbox 1383 2960 1597 3030; x_wconf 85' lang='grc' dir='ltr'>μυρίων</span> <span class='ocrx_word' id='word_1_232' title='bbox 1629 2962 1808 3013; x_wconf 81' lang='grc' dir='ltr'>αἴτιον</span> 
     </span>
    </p>
   </div>
   <div class='ocr_carea' id='block_1_35' title="bbox 1909 489 3480 558">
    <p class='ocr_par' dir='ltr' id='par_1_35' title="bbox 1909 489 3480 558">
     <span class='ocr_line' id='line_1_35' title="bbox 1909 489 3480 558; baseline -0.001 -13"><span class='ocrx_word' id='word_1_233' title='bbox 1909 502 2162 558; x_wconf 87' lang='lat' dir='ltr'><strong>oportet;</strong></span> <span class='ocrx_word' id='word_1_234' title='bbox 2201 495 2366 544; x_wconf 85' lang='lat' dir='ltr'><strong>verba</strong></span> <span class='ocrx_word' id='word_1_235' title='bbox 2409 491 2584 555; x_wconf 85' lang='lat' dir='ltr'><strong>enim,</strong></span> <span class='ocrx_word' id='word_1_236' title='bbox 2617 489 2663 543; x_wconf 92' lang='lat' dir='ltr'><strong>si</strong></span> <span class='ocrx_word' id='word_1_237' title='bbox 2691 489 2830 544; x_wconf 85' lang='lat' dir='ltr'><strong>facta</strong></span> <span class='ocrx_word' id='word_1_238' title='bbox 2875 489 3076 549; x_wconf 88' lang='lat' dir='ltr'><strong>desint,</strong></span> <span class='ocrx_word' id='word_1_239' title='bbox 3112 489 3246 542; x_wconf 82' lang='lat' dir='ltr'><strong>nihil</strong></span> <span class='ocrx_word' id='word_1_240' title='bbox 3280 491 3480 546; x_wconf 80' lang='lat' dir='ltr'><strong>valent.</strong></span> 
     </span>
    </p>
   </div>
   <div class='ocr_carea' id='block_1_36' title="bbox 1909 580 3480 650">
    <p class='ocr_par' dir='ltr' id='par_1_36' title="bbox 1909 580 3480 650">
     <span class='ocr_line' id='line_1_36' title="bbox 1909 580 3480 650; baseline 0.003 -14"><span class='ocrx_word' id='word_1_241' title='bbox 1909 581 2014 636; x_wconf 90' lang='lat' dir='ltr'><strong>Sed</strong></span> <span class='ocrx_word' id='word_1_242' title='bbox 2037 581 2103 634; x_wconf 90' lang='lat' dir='ltr'><strong>ad</strong></span> <span class='ocrx_word' id='word_1_243' title='bbox 2129 582 2269 635; x_wconf 80' lang='lat' dir='ltr'><strong>facta</strong></span> <span class='ocrx_word' id='word_1_244' title='bbox 2300 592 2508 650; x_wconf 86' lang='lat' dir='ltr'><strong>postea.</strong></span> <span class='ocrx_word' id='word_1_245' title='bbox 2536 581 2755 650; x_wconf 83' lang='lat' dir='ltr'><strong>quando</strong></span> <span class='ocrx_word' id='word_1_246' title='bbox 2787 595 2923 648; x_wconf 91' lang='lat' dir='ltr'><strong>opus</strong></span> <span class='ocrx_word' id='word_1_247' title='bbox 2955 580 3139 643; x_wconf 70' lang='lat' dir='ltr'><strong>fuerit,</strong></span> <span class='ocrx_word' id='word_1_248' title='bbox 3171 583 3480 640; x_wconf 77' lang='lat' dir='ltr'><strong>veniemus.</strong></span> 
     </span>
    </p>
   </div>
   <div class='ocr_carea' id='block_1_37' title="bbox 1911 669 3480 741">
    <p class='ocr_par' dir='ltr' id='par_1_37' title="bbox 1911 669 3480 741">
     <span class='ocr_line' id='line_1_37' title="bbox 1911 669 3480 741; baseline 0.004 -18"><span class='ocrx_word' id='word_1_249' title='bbox 1911 669 2238 739; x_wconf 75' lang='lat' dir='ltr'><strong>Inpra-sens</strong></span> <span class='ocrx_word' id='word_1_250' title='bbox 2290 672 2490 741; x_wconf 79' lang='lat' dir='ltr'><strong>singuli</strong></span> <span class='ocrx_word' id='word_1_251' title='bbox 2548 673 2878 726; x_wconf 72' lang='lat' dir='ltr'><strong>sententiam</strong></span> <span class='ocrx_word' id='word_1_252' title='bbox 2929 672 3206 740; x_wconf 80' lang='lat' dir='ltr'><strong>explicare</strong></span> <span class='ocrx_word' id='word_1_253' title='bbox 3258 676 3480 739; x_wconf 84' lang='lat' dir='ltr'><strong>debent,</strong></span> 
     </span>
    </p>
   </div>
   <div class='ocr_carea' id='block_1_38' title="bbox 1909 762 3487 833">
    <p class='ocr_par' dir='ltr' id='par_1_38' title="bbox 1909 762 3487 833">
     <span class='ocr_line' id='line_1_38' title="bbox 1909 762 3487 833; baseline 0.003 -20"><span class='ocrx_word' id='word_1_254' title='bbox 1909 762 2040 831; x_wconf 90' lang='lat' dir='ltr'><strong>quid</strong></span> <span class='ocrx_word' id='word_1_255' title='bbox 2061 778 2304 830; x_wconf 78' lang='lat' dir='ltr'><strong>agamus.</strong></span> <span class='ocrx_word' id='word_1_256' title='bbox 2338 773 2397 816; x_wconf 86' lang='grc' dir='ltr'><strong>ιιι</strong></span> <span class='ocrx_word' id='word_1_257' title='bbox 2425 778 2521 817; x_wconf 89' lang='lat' dir='ltr'><strong>nos</strong></span> <span class='ocrx_word' id='word_1_258' title='bbox 2549 763 2696 831; x_wconf 90' lang='lat' dir='ltr'><strong>ipsos</strong></span> <span class='ocrx_word' id='word_1_259' title='bbox 2721 764 3099 833; x_wconf 82' lang='lat' dir='ltr'><strong>reliquamque</strong></span> <span class='ocrx_word' id='word_1_260' title='bbox 3132 768 3322 818; x_wconf 78' lang='lat' dir='ltr'><strong>urbem</strong></span> <span class='ocrx_word' id='word_1_261' title='bbox 3356 783 3487 819; x_wconf 86' lang='lat' dir='ltr'><strong>con-</strong></span> 
     </span>
    </p>
   </div>
   <div class='ocr_carea' id='block_1_39' title="bbox 1909 855 3485 927">
    <p class='ocr_par' dir='ltr' id='par_1_39' title="bbox 1909 855 3485 927">
     <span class='ocr_line' id='line_1_39' title="bbox 1909 855 3485 927; baseline 0.003 -19"><span class='ocrx_word' id='word_1_262' title='bbox 1909 870 2215 908; x_wconf 81' lang='lat' dir='ltr'><strong>servemus.</strong></span> <span class='ocrx_word' id='word_1_263' title='bbox 2246 856 2460 908; x_wconf 87' lang='lat' dir='ltr'><strong>Etenim</strong></span> <span class='ocrx_word' id='word_1_264' title='bbox 2493 855 2732 910; x_wconf 77' lang='lat' dir='ltr'><strong>cubiculi</strong></span> <span class='ocrx_word' id='word_1_265' title='bbox 2767 859 3085 924; x_wconf 61' lang='lat' dir='ltr'><strong>praefectum</strong></span> <span class='ocrx_word' id='word_1_266' title='bbox 3122 874 3230 910; x_wconf 92' lang='lat' dir='ltr'><strong>non</strong></span> <span class='ocrx_word' id='word_1_267' title='bbox 3266 875 3334 927; x_wconf 91' lang='lat' dir='ltr'><strong>qu</strong></span> <span class='ocrx_word' id='word_1_268' title='bbox 3363 870 3485 913; x_wconf 84' lang='lat' dir='ltr'><strong>elu-</strong></span> 
     </span>
    </p>
   </div>
   <div class='ocr_carea' id='block_1_40' title="bbox 1916 947 3489 1018">
    <p class='ocr_par' dir='ltr' id='par_1_40' title="bbox 1916 947 3489 1018">
     <span class='ocr_line' id='line_1_40' title="bbox 1916 947 3489 1018; baseline 0.003 -19"><span class='ocrx_word' id='word_1_269' title='bbox 1916 963 2063 1010; x_wconf 90' lang='lat' dir='ltr'><strong>rum,</strong></span> <span class='ocrx_word' id='word_1_270' title='bbox 2101 947 2259 1018; x_wconf 85' lang='lat'><strong>505</strong></span> <span class='ocrx_word' id='word_1_271' title='bbox 2316 949 2410 1001; x_wconf 89' lang='lat' dir='ltr'><strong>sed</strong></span> <span class='ocrx_word' id='word_1_272' title='bbox 2463 949 2777 1018; x_wconf 90' lang='lat' dir='ltr'><strong>propediem</strong></span> <span class='ocrx_word' id='word_1_273' title='bbox 2835 949 3108 1003; x_wconf 70' lang='lat' dir='ltr'><strong>lio:tilitcr</strong></span> <span class='ocrx_word' id='word_1_274' title='bbox 3154 952 3206 1004; x_wconf 92' lang='lat' dir='ltr'><strong>iu</strong></span> <span class='ocrx_word' id='word_1_275' title='bbox 3244 969 3343 1006; x_wconf 83' lang='lat' dir='ltr'><strong>nos</strong></span> <span class='ocrx_word' id='word_1_276' title='bbox 3382 958 3489 1006; x_wconf 82' lang='lat' dir='ltr'><strong>itu-</strong></span> 
     </span>
    </p>
   </div>
   <div class='ocr_carea' id='block_1_41' title="bbox 1911 1038 3487 1110">
    <p class='ocr_par' dir='ltr' id='par_1_41' title="bbox 1911 1038 3487 1110">
     <span class='ocr_line' id='line_1_41' title="bbox 1911 1038 3487 1110; baseline 0.005 -22"><span class='ocrx_word' id='word_1_277' title='bbox 1911 1053 2030 1089; x_wconf 90' lang='lat' dir='ltr'><strong>rqu</strong></span> <span class='ocrx_word' id='word_1_278' title='bbox 2065 1038 2325 1091; x_wconf 68' lang='lat' dir='ltr'><strong>existimo</strong></span> <span class='ocrx_word' id='word_1_279' title='bbox 2355 1054 2368 1090; x_wconf 91' lang='lat'>:</span> <span class='ocrx_word' id='word_1_280' title='bbox 2407 1039 2572 1091; x_wconf 89' lang='lat' dir='ltr'><strong>modo</strong></span> <span class='ocrx_word' id='word_1_281' title='bbox 2604 1038 2764 1106; x_wconf 92' lang='lat' dir='ltr'><strong>plane</strong></span> <span class='ocrx_word' id='word_1_282' title='bbox 2791 1049 2941 1096; x_wconf 82' lang='lat' dir='ltr'><strong>certa</strong></span> <span class='ocrx_word' id='word_1_283' title='bbox 2977 1043 3107 1102; x_wconf 86' lang='lat' dir='ltr'><strong>sint,</strong></span> <span class='ocrx_word' id='word_1_284' title='bbox 3138 1058 3257 1110; x_wconf 66' lang='lat' dir='ltr'><strong>qua:</strong></span> <span class='ocrx_word' id='word_1_285' title='bbox 3291 1043 3358 1096; x_wconf 90' lang='lat' dir='ltr'><strong>de</strong></span> <span class='ocrx_word' id='word_1_286' title='bbox 3387 1044 3487 1096; x_wconf 91' lang='lat' dir='ltr'><strong>im-</strong></span> 
     </span>
    </p>
   </div>
   <div class='ocr_carea' id='block_1_42' title="bbox 1911 1129 3488 1197">
    <p class='ocr_par' dir='ltr' id='par_1_42' title="bbox 1911 1129 3488 1197">
     <span class='ocr_line' id='line_1_42' title="bbox 1911 1129 3488 1197; baseline 0.004 -18"><span class='ocrx_word' id='word_1_287' title='bbox 1911 1143 2163 1197; x_wconf 76' lang='lat' dir='ltr'><strong>peratore</strong></span> <span class='ocrx_word' id='word_1_288' title='bbox 2194 1140 2509 1182; x_wconf 85' lang='lat' dir='ltr'><strong>narrantur.</strong></span> <span class='ocrx_word' id='word_1_289' title='bbox 2539 1129 2634 1184; x_wconf 86' lang='lat' dir='ltr'><strong>llis</strong></span> <span class='ocrx_word' id='word_1_290' title='bbox 2666 1131 2831 1186; x_wconf 88' lang='lat' dir='ltr'><strong>dictis</strong></span> <span class='ocrx_word' id='word_1_291' title='bbox 2859 1134 3066 1186; x_wconf 72' lang='lat' dir='ltr'><strong>Asanes</strong></span> <span class='ocrx_word' id='word_1_292' title='bbox 3097 1133 3488 1188; x_wconf 63' lang='lat' dir='ltr'><strong>tacuit.Conii~</strong></span> 
     </span>
    </p>
   </div>
   <div class='ocr_carea' id='block_1_43' title="bbox 1920 1223 3484 1292">
    <p class='ocr_par' dir='ltr' id='par_1_43' title="bbox 1920 1223 3484 1292">
     <span class='ocr_line' id='line_1_43' title="bbox 1920 1223 3484 1292; baseline 0.004 -20"><span class='ocrx_word' id='word_1_293' title='bbox 1920 1223 2162 1289; x_wconf 82' lang='lat' dir='ltr'><strong>tepulns,</strong></span> <span class='ocrx_word' id='word_1_294' title='bbox 2197 1236 2307 1290; x_wconf 90' lang='lat' dir='ltr'><strong>quo</strong></span> <span class='ocrx_word' id='word_1_295' title='bbox 2333 1231 2451 1275; x_wconf 87' lang='lat' dir='ltr'><strong>erat</strong></span> <span class='ocrx_word' id='word_1_296' title='bbox 2502 1223 2684 1276; x_wconf 91' lang='lat' dir='ltr'><strong>studio</strong></span> <span class='ocrx_word' id='word_1_297' title='bbox 2720 1223 3065 1292; x_wconf 84' lang='lat' dir='ltr'><strong>imperatoris</strong></span> <span class='ocrx_word' id='word_1_298' title='bbox 3115 1225 3392 1288; x_wconf 76' lang='lat' dir='ltr'><strong>incensus,</strong></span> <span class='ocrx_word' id='word_1_299' title='bbox 3431 1228 3484 1279; x_wconf 92' lang='lat' dir='ltr'><strong>in</strong></span> 
     </span>
    </p>
   </div>
   <div class='ocr_carea' id='block_1_44' title="bbox 1911 1312 3485 1382">
    <p class='ocr_par' dir='ltr' id='par_1_44' title="bbox 1911 1312 3485 1382">
     <span class='ocr_line' id='line_1_44' title="bbox 1911 1312 3485 1382; baseline 0.004 -18"><span class='ocrx_word' id='word_1_300' title='bbox 1911 1313 2151 1365; x_wconf 89' lang='lat' dir='ltr'><strong>tnedium</strong></span> <span class='ocrx_word' id='word_1_301' title='bbox 2190 1312 2471 1382; x_wconf 88' lang='lat' dir='ltr'><strong>prodiens,</strong></span> <span class='ocrx_word' id='word_1_302' title='bbox 2505 1313 2653 1366; x_wconf 84' lang='lat' dir='ltr'><strong>hunc</strong></span> <span class='ocrx_word' id='word_1_303' title='bbox 2685 1314 2738 1366; x_wconf 92' lang='lat' dir='ltr'><strong>in</strong></span> <span class='ocrx_word' id='word_1_304' title='bbox 2771 1317 2990 1367; x_wconf 90' lang='lat' dir='ltr'><strong>modum</strong></span> <span class='ocrx_word' id='word_1_305' title='bbox 3039 1315 3300 1370; x_wconf 76' lang='lat' dir='ltr'><strong>disseruit</strong></span> <span class='ocrx_word' id='word_1_306' title='bbox 3331 1337 3344 1370; x_wconf 89' lang='lat'>:</span> <span class='ocrx_word' id='word_1_307' title='bbox 3377 1317 3485 1371; x_wconf 77' lang='lat' dir='ltr'><strong>Ne~</strong></span> 
     </span>
    </p>
   </div>
   <div class='ocr_carea' id='block_1_45' title="bbox 1912 1406 3488 1476">
    <p class='ocr_par' dir='ltr' id='par_1_45' title="bbox 1912 1406 3488 1476">
     <span class='ocr_line' id='line_1_45' title="bbox 1912 1406 3488 1476; baseline 0.003 -21"><span class='ocrx_word' id='word_1_308' title='bbox 1912 1418 2114 1455; x_wconf 87' lang='lat' dir='ltr'><strong>minem</strong></span> <span class='ocrx_word' id='word_1_309' title='bbox 2150 1418 2252 1472; x_wconf 80' lang='lat' dir='ltr'><strong>ego</strong></span> <span class='ocrx_word' id='word_1_310' title='bbox 2304 1412 2573 1468; x_wconf 87' lang='lat' dir='ltr'><strong>vestrum,</strong></span> <span class='ocrx_word' id='word_1_311' title='bbox 2618 1413 2888 1472; x_wconf 88' lang='lat' dir='ltr'><strong>quotquot</strong></span> <span class='ocrx_word' id='word_1_312' title='bbox 2911 1406 3136 1469; x_wconf 86' lang='lat' dir='ltr'><strong>adestis,</strong></span> <span class='ocrx_word' id='word_1_313' title='bbox 3179 1407 3366 1476; x_wconf 79' lang='lat' dir='ltr'><strong>fugere</strong></span> <span class='ocrx_word' id='word_1_314' title='bbox 3401 1423 3488 1460; x_wconf 84' lang='lat' dir='ltr'><strong>ar-</strong></span> 
     </span>
    </p>
   </div>
   <div class='ocr_carea' id='block_1_46' title="bbox 1915 1493 3487 1562">
    <p class='ocr_par' dir='ltr' id='par_1_46' title="bbox 1915 1493 3487 1562">
     <span class='ocr_line' id='line_1_46' title="bbox 1915 1493 3487 1562; baseline 0.003 -16"><span class='ocrx_word' id='word_1_315' title='bbox 1915 1493 2110 1549; x_wconf 86' lang='lat' dir='ltr'><strong>bitror.</strong></span> <span class='ocrx_word' id='word_1_316' title='bbox 2157 1508 2243 1546; x_wconf 89' lang='lat' dir='ltr'><strong>me</strong></span> <span class='ocrx_word' id='word_1_317' title='bbox 2277 1493 2622 1562; x_wconf 82' lang='lat' dir='ltr'><strong>imperatoris</strong></span> <span class='ocrx_word' id='word_1_318' title='bbox 2649 1495 2822 1549; x_wconf 67' lang='lat' dir='ltr'><strong>beatae</strong></span> <span class='ocrx_word' id='word_1_319' title='bbox 2864 1497 3259 1550; x_wconf 69' lang='lat' dir='ltr'><strong>recordationis</strong></span> <span class='ocrx_word' id='word_1_320' title='bbox 3290 1498 3487 1552; x_wconf 66' lang='lat' dir='ltr'><strong>domeo</strong></span> 
     </span>
    </p>
   </div>
   <div class='ocr_carea' id='block_1_47' title="bbox 1912 1583 3484 1654">
    <p class='ocr_par' dir='ltr' id='par_1_47' title="bbox 1912 1583 3484 1654">
     <span class='ocr_line' id='line_1_47' title="bbox 1912 1583 3484 1654; baseline 0.002 -18"><span class='ocrx_word' id='word_1_321' title='bbox 1912 1585 2134 1643; x_wconf 89' lang='lat' dir='ltr'><strong>sticum.</strong></span> <span class='ocrx_word' id='word_1_322' title='bbox 2159 1593 2214 1637; x_wconf 91' lang='lat' dir='ltr'><strong>et</strong></span> <span class='ocrx_word' id='word_1_323' title='bbox 2242 1583 2465 1652; x_wconf 86' lang='lat' dir='ltr'><strong>quidem</strong></span> <span class='ocrx_word' id='word_1_324' title='bbox 2487 1583 2714 1637; x_wconf 86' lang='lat' dir='ltr'><strong>charum</strong></span> <span class='ocrx_word' id='word_1_325' title='bbox 2736 1584 2837 1649; x_wconf 88' lang='lat' dir='ltr'><strong>illi,</strong></span> <span class='ocrx_word' id='word_1_326' title='bbox 2863 1593 3262 1654; x_wconf 73' lang='lat' dir='ltr'><strong>acceptumque</strong></span> <span class='ocrx_word' id='word_1_327' title='bbox 3283 1586 3484 1649; x_wconf 82' lang='lat' dir='ltr'><strong>fuisse;</strong></span> 
     </span>
    </p>
   </div>
   <div class='ocr_carea' id='block_1_48' title="bbox 1913 1675 3490 1746">
    <p class='ocr_par' dir='ltr' id='par_1_48' title="bbox 1913 1675 3490 1746">
     <span class='ocr_line' id='line_1_48' title="bbox 1913 1675 3490 1746; baseline 0.002 -19"><span class='ocrx_word' id='word_1_328' title='bbox 1913 1690 2014 1728; x_wconf 89' lang='lat' dir='ltr'><strong>nec</strong></span> <span class='ocrx_word' id='word_1_329' title='bbox 2075 1675 2306 1729; x_wconf 81' lang='lat' dir='ltr'><strong>vicissim</strong></span> <span class='ocrx_word' id='word_1_330' title='bbox 2362 1692 2390 1728; x_wconf 89' lang='lat' dir='ltr'><strong>a</strong></span> <span class='ocrx_word' id='word_1_331' title='bbox 2443 1691 2528 1730; x_wconf 89' lang='lat' dir='ltr'><strong>me</strong></span> <span class='ocrx_word' id='word_1_332' title='bbox 2577 1676 2594 1745; x_wconf 80' lang='lat'>(</span> <span class='ocrx_word' id='word_1_333' title='bbox 2641 1685 2906 1745; x_wconf 78' lang='lat' dir='ltr'><strong>quantum</strong></span> <span class='ocrx_word' id='word_1_334' title='bbox 2959 1677 3181 1746; x_wconf 85' lang='lat' dir='ltr'><strong>quidem</strong></span> <span class='ocrx_word' id='word_1_335' title='bbox 3227 1687 3490 1746; x_wconf 37' lang='lat' dir='ltr'><strong>praestare</strong></span> 
     </span>
    </p>
   </div>
   <div class='ocr_carea' id='block_1_49' title="bbox 1843 1746 3489 1837">
    <p class='ocr_par' dir='ltr' id='par_1_49' title="bbox 1843 1746 3489 1837">
     <span class='ocr_line' id='line_1_49' title="bbox 1843 1746 3489 1837; baseline 0.001 -19"><span class='ocrx_word' id='word_1_336' title='bbox 1843 1746 1881 1800; x_wconf 73' lang='grc' dir='ltr'><strong>Β</strong></span> <span class='ocrx_word' id='word_1_337' title='bbox 1915 1767 2090 1835; x_wconf 83' lang='lat' dir='ltr'><strong>potui)</strong></span> <span class='ocrx_word' id='word_1_338' title='bbox 2123 1767 2422 1836; x_wconf 85' lang='lat' dir='ltr'><strong>quidquam</strong></span> <span class='ocrx_word' id='word_1_339' title='bbox 2457 1768 2509 1821; x_wconf 90' lang='lat' dir='ltr'><strong>in</strong></span> <span class='ocrx_word' id='word_1_340' title='bbox 2541 1783 2729 1821; x_wconf 89' lang='lat' dir='ltr'><strong>amore</strong></span> <span class='ocrx_word' id='word_1_341' title='bbox 2769 1784 2798 1820; x_wconf 91' lang='lat' dir='ltr'><strong>a</strong></span> <span class='ocrx_word' id='word_1_342' title='bbox 2826 1769 3000 1837; x_wconf 86' lang='lat' dir='ltr'><strong>probo</strong></span> <span class='ocrx_word' id='word_1_343' title='bbox 3031 1767 3294 1836; x_wconf 79' lang='lat' dir='ltr'><strong>ﬁdelique</strong></span> <span class='ocrx_word' id='word_1_344' title='bbox 3328 1783 3489 1820; x_wconf 72' lang='lat' dir='ltr'><strong>servo</strong></span> 
     </span>
    </p>
   </div>
   <div class='ocr_carea' id='block_1_50' title="bbox 1913 1857 3491 1926">
    <p class='ocr_par' dir='ltr' id='par_1_50' title="bbox 1913 1857 3491 1926">
     <span class='ocr_line' id='line_1_50' title="bbox 1913 1857 3491 1926; baseline 0.003 -16"><span class='ocrx_word' id='word_1_345' title='bbox 1913 1857 2140 1910; x_wconf 89' lang='lat' dir='ltr'><strong>domino</strong></span> <span class='ocrx_word' id='word_1_346' title='bbox 2161 1873 2262 1910; x_wconf 85' lang='lat' dir='ltr'><strong>suo</strong></span> <span class='ocrx_word' id='word_1_347' title='bbox 2292 1859 2633 1912; x_wconf 88' lang='lat' dir='ltr'><strong>remetiendo</strong></span> <span class='ocrx_word' id='word_1_348' title='bbox 2657 1859 3088 1926; x_wconf 64' lang='lat' dir='ltr'><strong>pratermissum</strong></span> <span class='ocrx_word' id='word_1_349' title='bbox 3115 1859 3361 1913; x_wconf 88' lang='lat' dir='ltr'><strong>memini.</strong></span> <span class='ocrx_word' id='word_1_350' title='bbox 3382 1859 3491 1915; x_wconf 78' lang='lat' dir='ltr'><strong>Nec</strong></span> 
     </span>
    </p>
   </div>
   <div class='ocr_carea' id='block_1_51' title="bbox 1912 1949 3490 2018">
    <p class='ocr_par' dir='ltr' id='par_1_51' title="bbox 1912 1949 3490 2018">
     <span class='ocr_line' id='line_1_51' title="bbox 1912 1949 3490 2018; baseline 0.003 -17"><span class='ocrx_word' id='word_1_351' title='bbox 1912 1949 2039 2018; x_wconf 86' lang='lat' dir='ltr'><strong>quia</strong></span> <span class='ocrx_word' id='word_1_352' title='bbox 2074 1949 2161 2002; x_wconf 86' lang='lat' dir='ltr'><strong>ille</strong></span> <span class='ocrx_word' id='word_1_353' title='bbox 2191 1950 2258 2001; x_wconf 85' lang='lat' dir='ltr'><strong>ab</strong></span> <span class='ocrx_word' id='word_1_354' title='bbox 2278 1949 2596 2004; x_wconf 81' lang='lat' dir='ltr'><strong>hominibus</strong></span> <span class='ocrx_word' id='word_1_355' title='bbox 2624 1950 2779 2014; x_wconf 87' lang='lat' dir='ltr'><strong>abiit,</strong></span> <span class='ocrx_word' id='word_1_356' title='bbox 2813 1966 2912 2016; x_wconf 77' lang='lat' dir='ltr'><strong>ego</strong></span> <span class='ocrx_word' id='word_1_357' title='bbox 2942 1951 3084 2006; x_wconf 85' lang='lat' dir='ltr'><strong>alius</strong></span> <span class='ocrx_word' id='word_1_358' title='bbox 3119 1952 3318 2016; x_wconf 75' lang='lat' dir='ltr'><strong>factus,</strong></span> <span class='ocrx_word' id='word_1_359' title='bbox 3344 1951 3490 2006; x_wconf 77' lang='lat' dir='ltr'><strong>illius</strong></span> 
     </span>
    </p>
   </div>
   <div class='ocr_carea' id='block_1_52' title="bbox 1917 2041 3486 2108">
    <p class='ocr_par' dir='ltr' id='par_1_52' title="bbox 1917 2041 3486 2108">
     <span class='ocr_line' id='line_1_52' title="bbox 1917 2041 3486 2108; baseline 0.002 -14"><span class='ocrx_word' id='word_1_360' title='bbox 1917 2041 2044 2095; x_wconf 82' lang='lat' dir='ltr'><strong>[iliis</strong></span> <span class='ocrx_word' id='word_1_361' title='bbox 2078 2042 2280 2096; x_wconf 90' lang='lat' dir='ltr'><strong>bellum</strong></span> <span class='ocrx_word' id='word_1_362' title='bbox 2337 2041 2538 2096; x_wconf 75' lang='lat' dir='ltr'><strong>inferre</strong></span> <span class='ocrx_word' id='word_1_363' title='bbox 2567 2044 2808 2108; x_wconf 79' lang='lat' dir='ltr'><strong>decrevi,</strong></span> <span class='ocrx_word' id='word_1_364' title='bbox 2846 2044 2941 2098; x_wconf 87' lang='lat' dir='ltr'><strong>sed</strong></span> <span class='ocrx_word' id='word_1_365' title='bbox 2968 2047 3215 2098; x_wconf 87' lang='lat' dir='ltr'><strong>eamdem</strong></span> <span class='ocrx_word' id='word_1_366' title='bbox 3249 2053 3486 2100; x_wconf 71' lang='lat' dir='ltr'><strong>mentem</strong></span> 
     </span>
    </p>
   </div>
   <div class='ocr_carea' id='block_1_53' title="bbox 1912 2132 3486 2202">
    <p class='ocr_par' dir='ltr' id='par_1_53' title="bbox 1912 2132 3486 2202">
     <span class='ocr_line' id='line_1_53' title="bbox 1912 2132 3486 2202; baseline 0.001 -16"><span class='ocrx_word' id='word_1_367' title='bbox 1912 2132 2080 2186; x_wconf 87' lang='lat' dir='ltr'><strong>etiam</strong></span> <span class='ocrx_word' id='word_1_368' title='bbox 2111 2149 2260 2187; x_wconf 90' lang='lat' dir='ltr'><strong>nunc</strong></span> <span class='ocrx_word' id='word_1_369' title='bbox 2288 2147 2436 2202; x_wconf 76' lang='lat' dir='ltr'><strong>gero.</strong></span> <span class='ocrx_word' id='word_1_370' title='bbox 2469 2133 2605 2187; x_wconf 86' lang='lat' dir='ltr'><strong>Cum</strong></span> <span class='ocrx_word' id='word_1_371' title='bbox 2641 2143 2826 2188; x_wconf 91' lang='lat' dir='ltr'><strong>autem</strong></span> <span class='ocrx_word' id='word_1_372' title='bbox 2860 2136 3312 2198; x_wconf 78' lang='lat' dir='ltr'><strong>animadvertam,</strong></span> <span class='ocrx_word' id='word_1_373' title='bbox 3341 2135 3486 2188; x_wconf 85' lang='lat' dir='ltr'><strong>Can-</strong></span> 
     </span>
    </p>
   </div>
   <div class='ocr_carea' id='block_1_54' title="bbox 1915 2226 3486 2295">
    <p class='ocr_par' dir='ltr' id='par_1_54' title="bbox 1915 2226 3486 2295">
     <span class='ocr_line' id='line_1_54' title="bbox 1915 2226 3486 2295; baseline 0.002 -20"><span class='ocrx_word' id='word_1_374' title='bbox 1915 2231 2181 2276; x_wconf 83' lang='lat' dir='ltr'><strong>tacuzeno</strong></span> <span class='ocrx_word' id='word_1_375' title='bbox 2231 2226 2574 2292; x_wconf 88' lang='lat' dir='ltr'><strong>propositum</strong></span> <span class='ocrx_word' id='word_1_376' title='bbox 2610 2239 2731 2284; x_wconf 85' lang='lat' dir='ltr'><strong>esse</strong></span> <span class='ocrx_word' id='word_1_377' title='bbox 2763 2240 2828 2279; x_wconf 91' lang='lat' dir='ltr'><strong>ea</strong></span> <span class='ocrx_word' id='word_1_378' title='bbox 2859 2227 3136 2294; x_wconf 86' lang='lat' dir='ltr'><strong>persequi,</strong></span> <span class='ocrx_word' id='word_1_379' title='bbox 3171 2243 3292 2295; x_wconf 81' lang='lat' dir='ltr'><strong>qnze</strong></span> <span class='ocrx_word' id='word_1_380' title='bbox 3325 2242 3424 2279; x_wconf 91' lang='lat' dir='ltr'><strong>nec</strong></span> <span class='ocrx_word' id='word_1_381' title='bbox 3459 2245 3486 2278; x_wconf 89' lang='lat' dir='ltr'><strong>a</strong></span> 
     </span>
    </p>
   </div>
   <div class='ocr_carea' id='block_1_55' title="bbox 1908 2313 3489 2388">
    <p class='ocr_par' dir='ltr' id='par_1_55' title="bbox 1908 2313 3489 2388">
     <span class='ocr_line' id='line_1_55' title="bbox 1908 2313 3489 2388; baseline 0.005 -22"><span class='ocrx_word' id='word_1_382' title='bbox 1908 2313 2126 2383; x_wconf 84' lang='lat' dir='ltr'><strong>justitia</strong></span> <span class='ocrx_word' id='word_1_383' title='bbox 2159 2313 2359 2374; x_wconf 83' lang='lat' dir='ltr'><strong>aliena.</strong></span> <span class='ocrx_word' id='word_1_384' title='bbox 2386 2323 2443 2368; x_wconf 88' lang='lat' dir='ltr'><strong>et</strong></span> <span class='ocrx_word' id='word_1_385' title='bbox 2473 2315 2582 2368; x_wconf 90' lang='lat' dir='ltr'><strong>illis</strong></span> <span class='ocrx_word' id='word_1_386' title='bbox 2613 2315 2771 2370; x_wconf 86' lang='lat' dir='ltr'><strong>utilia</strong></span> <span class='ocrx_word' id='word_1_387' title='bbox 2829 2319 2960 2382; x_wconf 87' lang='lat' dir='ltr'><strong>sint,</strong></span> <span class='ocrx_word' id='word_1_388' title='bbox 3015 2328 3205 2372; x_wconf 87' lang='lat' dir='ltr'><strong>contra</strong></span> <span class='ocrx_word' id='word_1_389' title='bbox 3234 2321 3489 2388; x_wconf 78' lang='lat' dir='ltr'><strong>Apocau-</strong></span> 
     </span>
    </p>
   </div>
   <div class='ocr_carea' id='block_1_56' title="bbox 1913 2405 3488 2474">
    <p class='ocr_par' dir='ltr' id='par_1_56' title="bbox 1913 2405 3488 2474">
     <span class='ocr_line' id='line_1_56' title="bbox 1913 2405 3488 2474; baseline 0.006 -16"><span class='ocrx_word' id='word_1_390' title='bbox 1913 2405 2076 2458; x_wconf 89' lang='lat' dir='ltr'><strong>cltum</strong></span> <span class='ocrx_word' id='word_1_391' title='bbox 2104 2406 2342 2460; x_wconf 86' lang='lat' dir='ltr'><strong>cubiculi</strong></span> <span class='ocrx_word' id='word_1_392' title='bbox 2365 2406 2680 2474; x_wconf 62' lang='lat' dir='ltr'><strong>praefectum</strong></span> <span class='ocrx_word' id='word_1_393' title='bbox 2710 2407 2911 2463; x_wconf 84' lang='lat' dir='ltr'><strong>multas</strong></span> <span class='ocrx_word' id='word_1_394' title='bbox 2942 2409 2997 2462; x_wconf 89' lang='lat' dir='ltr'><strong>in</strong></span> <span class='ocrx_word' id='word_1_395' title='bbox 3027 2426 3153 2464; x_wconf 91' lang='lat' dir='ltr'><strong>eum</strong></span> <span class='ocrx_word' id='word_1_396' title='bbox 3183 2413 3488 2470; x_wconf 80' lang='lat' dir='ltr'><strong>calumnias</strong></span> 
     </span>
    </p>
   </div>
   <div class='ocr_carea' id='block_1_57' title="bbox 1912 2497 3488 2573">
    <p class='ocr_par' dir='ltr' id='par_1_57' title="bbox 1912 2497 3488 2573">
     <span class='ocr_line' id='line_1_57' title="bbox 1912 2497 3488 2573; baseline 0.009 -25"><span class='ocrx_word' id='word_1_397' title='bbox 1912 2507 1968 2548; x_wconf 88' lang='lat' dir='ltr'><strong>et</strong></span> <span class='ocrx_word' id='word_1_398' title='bbox 2017 2497 2403 2566; x_wconf 80' lang='lat' dir='ltr'><strong>syCOpbantias</strong></span> <span class='ocrx_word' id='word_1_399' title='bbox 2457 2499 2778 2566; x_wconf 79' lang='lat' dir='ltr'><strong>censuisse,</strong></span> <span class='ocrx_word' id='word_1_400' title='bbox 2817 2501 3068 2570; x_wconf 90' lang='lat' dir='ltr'><strong>aliosque</strong></span> <span class='ocrx_word' id='word_1_401' title='bbox 3121 2504 3368 2573; x_wconf 89' lang='lat' dir='ltr'><strong>impuros</strong></span> <span class='ocrx_word' id='word_1_402' title='bbox 3425 2523 3488 2562; x_wconf 86' lang='lat' dir='ltr'><strong>ac</strong></span> 
     </span>
    </p>
   </div>
   <div class='ocr_carea' id='block_1_58' title="bbox 1913 2589 3488 2662">
    <p class='ocr_par' dir='ltr' id='par_1_58' title="bbox 1913 2589 3488 2662">
     <span class='ocr_line' id='line_1_58' title="bbox 1913 2589 3488 2662; baseline 0.008 -21"><span class='ocrx_word' id='word_1_403' title='bbox 1913 2589 2209 2642; x_wconf 58' lang='lat' dir='ltr'><strong>sceleratos</strong></span> <span class='ocrx_word' id='word_1_404' title='bbox 2259 2593 2650 2658; x_wconf 79' lang='lat' dir='ltr'><strong>assumpsisse,</strong></span> <span class='ocrx_word' id='word_1_405' title='bbox 2703 2591 2875 2660; x_wconf 81' lang='lat' dir='ltr'><strong>quiet</strong></span> <span class='ocrx_word' id='word_1_406' title='bbox 2903 2594 3202 2662; x_wconf 82' lang='lat' dir='ltr'><strong>Augustam</strong></span> <span class='ocrx_word' id='word_1_407' title='bbox 3248 2597 3488 2652; x_wconf 81' lang='lat' dir='ltr'><strong>circum-</strong></span> 
     </span>
    </p>
   </div>
   <div class='ocr_carea' id='block_1_59' title="bbox 1912 2680 3488 2752">
    <p class='ocr_par' dir='ltr' id='par_1_59' title="bbox 1912 2680 3488 2752">
     <span class='ocr_line' id='line_1_59' title="bbox 1912 2680 3488 2752; baseline 0.008 -20"><span class='ocrx_word' id='word_1_408' title='bbox 1912 2680 2278 2749; x_wconf 84' lang='lat' dir='ltr'><strong>scripserunt,</strong></span> <span class='ocrx_word' id='word_1_409' title='bbox 2329 2692 2386 2736; x_wconf 90' lang='lat' dir='ltr'><strong>et</strong></span> <span class='ocrx_word' id='word_1_410' title='bbox 2445 2683 2614 2736; x_wconf 86' lang='lat' dir='ltr'><strong>hocce</strong></span> <span class='ocrx_word' id='word_1_411' title='bbox 2672 2682 2871 2736; x_wconf 89' lang='lat' dir='ltr'><strong>bellum</strong></span> <span class='ocrx_word' id='word_1_412' title='bbox 2923 2684 3303 2752; x_wconf 64' lang='lat' dir='ltr'><strong>incenderunt,</strong></span> <span class='ocrx_word' id='word_1_413' title='bbox 3342 2691 3488 2745; x_wconf 77' lang='lat' dir='ltr'><strong>unde</strong></span> 
     </span>
    </p>
   </div>
   <div class='ocr_carea' id='block_1_60' title="bbox 1905 2771 3489 2844">
    <p class='ocr_par' dir='ltr' id='par_1_60' title="bbox 1905 2771 3489 2844">
     <span class='ocr_line' id='line_1_60' title="bbox 1905 2771 3489 2844; baseline 0.011 -23"><span class='ocrx_word' id='word_1_414' title='bbox 1905 2771 2022 2841; x_wconf 85' lang='lat' dir='ltr'><strong>jam</strong></span> <span class='ocrx_word' id='word_1_415' title='bbox 2049 2773 2199 2828; x_wconf 90' lang='lat' dir='ltr'><strong>mille</strong></span> <span class='ocrx_word' id='word_1_416' title='bbox 2229 2773 2568 2828; x_wconf 83' lang='lat' dir='ltr'><strong>calamitates</strong></span> <span class='ocrx_word' id='word_1_417' title='bbox 2598 2784 2758 2839; x_wconf 63' lang='lat' dir='ltr'><strong>natae,</strong></span> <span class='ocrx_word' id='word_1_418' title='bbox 2791 2785 2846 2829; x_wconf 88' lang='lat' dir='ltr'><strong>et</strong></span> <span class='ocrx_word' id='word_1_419' title='bbox 2879 2775 3062 2844; x_wconf 88' lang='lat' dir='ltr'><strong>plures</strong></span> <span class='ocrx_word' id='word_1_420' title='bbox 3090 2777 3176 2833; x_wconf 83' lang='lat' dir='ltr'><strong>his</strong></span> <span class='ocrx_word' id='word_1_421' title='bbox 3196 2781 3489 2838; x_wconf 78' lang='lat' dir='ltr'><strong>nascitura:</strong></span> 
     </span>
    </p>
   </div>
   <div class='ocr_carea' id='block_1_61' title="bbox 1913 2865 3491 2932">
    <p class='ocr_par' dir='ltr' id='par_1_61' title="bbox 1913 2865 3491 2932">
     <span class='ocr_line' id='line_1_61' title="bbox 1913 2865 3491 2932; baseline 0.003 -12"><span class='ocrx_word' id='word_1_422' title='bbox 1913 2877 2066 2930; x_wconf 88' lang='lat' dir='ltr'><strong>sunt,</strong></span> <span class='ocrx_word' id='word_1_423' title='bbox 2094 2867 2198 2922; x_wconf 80' lang='lat' dir='ltr'><strong>nisi</strong></span> <span class='ocrx_word' id='word_1_424' title='bbox 2235 2866 2376 2921; x_wconf 87' lang='lat' dir='ltr'><strong>Dens</strong></span> <span class='ocrx_word' id='word_1_425' title='bbox 2410 2867 2462 2920; x_wconf 93' lang='lat' dir='ltr'><strong>in</strong></span> <span class='ocrx_word' id='word_1_426' title='bbox 2511 2867 2651 2921; x_wconf 84' lang='lat' dir='ltr'><strong>coelo</strong></span> <span class='ocrx_word' id='word_1_427' title='bbox 2688 2865 2738 2920; x_wconf 89' lang='lat' dir='ltr'><strong>id</strong></span> <span class='ocrx_word' id='word_1_428' title='bbox 2770 2868 3128 2932; x_wconf 82' lang='lat' dir='ltr'><strong>restinxerit,</strong></span> <span class='ocrx_word' id='word_1_429' title='bbox 3158 2887 3348 2925; x_wconf 71' lang='lat' dir='ltr'><strong>eorum</strong></span> <span class='ocrx_word' id='word_1_430' title='bbox 3385 2874 3491 2927; x_wconf 83' lang='lat' dir='ltr'><strong>im-</strong></span> 
     </span>
    </p>
   </div>
   <div class='ocr_carea' id='block_1_62' title="bbox 1914 2956 3573 3030">
    <p class='ocr_par' dir='ltr' id='par_1_62' title="bbox 1914 2956 3573 3030">
     <span class='ocr_line' id='line_1_62' title="bbox 1914 2956 3573 3030; baseline 0.005 -19"><span class='ocrx_word' id='word_1_431' title='bbox 1914 2959 2240 3028; x_wconf 82' lang='lat' dir='ltr'><strong>probitatem</strong></span> <span class='ocrx_word' id='word_1_432' title='bbox 2291 2966 2640 3022; x_wconf 74' lang='lat' dir='ltr'><strong>exsecratus,</strong></span> <span class='ocrx_word' id='word_1_433' title='bbox 2699 2956 3144 3014; x_wconf 79' lang='lat' dir='ltr'><strong>Cantacuzenum</strong></span> <span class='ocrx_word' id='word_1_434' title='bbox 3196 2963 3378 3030; x_wconf 88' lang='lat' dir='ltr'><strong>potius</strong></span> <span class='ocrx_word' id='word_1_435' title='bbox 3434 2975 3492 3018; x_wconf 92' lang='lat' dir='ltr'><strong>et</strong></span> <span class='ocrx_word' id='word_1_436' title='bbox 3569 3019 3573 3028; x_wconf 80' lang='grc'><strong>,</strong></span> 
     </span>
    </p>
   </div>
   <div class='ocr_carea' id='block_1_63' title="bbox 225 3047 1812 3134">
    <p class='ocr_par' dir='ltr' id='par_1_63' title="bbox 225 3047 1810 3119">
     <span class='ocr_line' id='line_1_63' title="bbox 225 3047 1810 3119; baseline -0.003 -15"><span class='ocrx_word' id='word_1_437' title='bbox 225 3052 426 3105; x_wconf 82' lang='grc' dir='ltr'>κακῶν</span> <span class='ocrx_word' id='word_1_438' title='bbox 476 3051 570 3103; x_wconf 84' lang='grc' dir='ltr'>νῦν</span> <span class='ocrx_word' id='word_1_439' title='bbox 604 3067 664 3102; x_wconf 89' lang='grc' dir='ltr'><strong>τε</strong></span> <span class='ocrx_word' id='word_1_440' title='bbox 697 3050 827 3119; x_wconf 78' lang='grc' dir='ltr'>ᾶχρι</span> <span class='ocrx_word' id='word_1_441' title='bbox 881 3047 1276 3118; x_wconf 71' lang='grc' dir='ltr'>γεγενημένον,</span> <span class='ocrx_word' id='word_1_442' title='bbox 1307 3049 1402 3100; x_wconf 72' lang='grc' dir='ltr'><strong>καὶ</strong></span> <span class='ocrx_word' id='word_1_443' title='bbox 1441 3049 1522 3100; x_wconf 78' lang='grc' dir='ltr'>ἔτι</span> <span class='ocrx_word' id='word_1_444' title='bbox 1548 3048 1810 3102; x_wconf 87' lang='grc' dir='ltr'>πλειόνων</span> 
     </span>
    </p>
   </div>
   <div class='ocr_carea' id='block_1_64' title="bbox 1914 3047 3492 3134">
    <p class='ocr_par' dir='ltr' id='par_1_64' title="bbox 1914 3049 3492 3118">
     <span class='ocr_line' id='line_1_64' title="bbox 1914 3049 3492 3118; baseline 0.007 -16"><span class='ocrx_word' id='word_1_445' title='bbox 1914 3051 2093 3104; x_wconf 77' lang='lat' dir='ltr'><strong>virum</strong></span> <span class='ocrx_word' id='word_1_446' title='bbox 2149 3050 2379 3118; x_wconf 88' lang='lat' dir='ltr'><strong>justum,</strong></span> <span class='ocrx_word' id='word_1_447' title='bbox 2415 3060 2469 3104; x_wconf 89' lang='lat' dir='ltr'><strong>et</strong></span> <span class='ocrx_word' id='word_1_448' title='bbox 2500 3049 2747 3104; x_wconf 81' lang='lat' dir='ltr'><strong>defuncti</strong></span> <span class='ocrx_word' id='word_1_449' title='bbox 2784 3049 3132 3118; x_wconf 78' lang='lat' dir='ltr'><strong>imperatoris</strong></span> <span class='ocrx_word' id='word_1_450' title='bbox 3169 3053 3358 3110; x_wconf 84' lang='lat' dir='ltr'><strong>liberis</strong></span> <span class='ocrx_word' id='word_1_451' title='bbox 3385 3057 3492 3114; x_wconf 81' lang='lat' dir='ltr'><strong>Ro-</strong></span> 
     </span>
    </p>
   </div>
   <div class='ocr_carea' id='block_1_65' title="bbox 228 3141 1811 3214">
    <p class='ocr_par' dir='ltr' id='par_1_65' title="bbox 228 3141 1811 3214">
     <span class='ocr_line' id='line_1_65' title="bbox 228 3141 1811 3214; baseline -0.001 -18"><span class='ocrx_word' id='word_1_452' title='bbox 228 3145 496 3214; x_wconf 75' lang='grc' dir='ltr'>ἑσόμενον</span> <span class='ocrx_word' id='word_1_453' title='bbox 551 3141 731 3209; x_wconf 87' lang='grc' dir='ltr'>πολλῷ</span> <span class='ocrx_word' id='word_1_454' title='bbox 771 3143 1160 3210; x_wconf 85' lang='grc' dir='ltr'>κεκινηκότας,</span> <span class='ocrx_word' id='word_1_455' title='bbox 1205 3141 1254 3192; x_wconf 84' lang='grc' dir='ltr'>εί</span> <span class='ocrx_word' id='word_1_456' title='bbox 1315 3143 1392 3210; x_wconf 84' lang='grc' dir='ltr'>μὴ</span> <span class='ocrx_word' id='word_1_457' title='bbox 1429 3141 1562 3201; x_wconf 80' lang='grc' dir='ltr'>Θεὸς</span> <span class='ocrx_word' id='word_1_458' title='bbox 1605 3141 1811 3194; x_wconf 77' lang='grc' dir='ltr'>ἄνωθεν</span> 
     </span>
    </p>
   </div>
   <div class='ocr_carea' id='block_1_66' title="bbox 230 3231 1814 3302">
    <p class='ocr_par' dir='ltr' id='par_1_66' title="bbox 230 3231 1814 3302">
     <span class='ocr_line' id='line_1_66' title="bbox 230 3231 1814 3302; baseline -0.003 -14"><span class='ocrx_word' id='word_1_459' title='bbox 230 3235 592 3296; x_wconf 77' lang='grc' dir='ltr'>κατασϐέσει,</span> <span class='ocrx_word' id='word_1_460' title='bbox 637 3233 882 3302; x_wconf 75' lang='grc' dir='ltr'>ἐμίσησα</span> <span class='ocrx_word' id='word_1_461' title='bbox 912 3248 972 3283; x_wconf 90' lang='grc' dir='ltr'><strong>τε</strong></span> <span class='ocrx_word' id='word_1_462' title='bbox 1029 3232 1130 3300; x_wconf 81' lang='grc' dir='ltr'><strong>τὴν</strong></span> <span class='ocrx_word' id='word_1_463' title='bbox 1177 3233 1447 3300; x_wconf 79' lang='grc' dir='ltr'>πονηρίαν</span> <span class='ocrx_word' id='word_1_464' title='bbox 1487 3231 1688 3297; x_wconf 88' lang='grc' dir='ltr'>αὐτῶν,</span> <span class='ocrx_word' id='word_1_465' title='bbox 1721 3231 1814 3284; x_wconf 65' lang='grc' dir='ltr'><strong>καὶ⁸</strong></span> 
     </span>
    </p>
   </div>
   <div class='ocr_carea' id='block_1_67' title="bbox 225 3321 1817 3396">
    <p class='ocr_par' dir='ltr' id='par_1_67' title="bbox 225 3321 1817 3396">
     <span class='ocr_line' id='line_1_67' title="bbox 225 3321 1817 3396; baseline -0.004 -18"><span class='ocrx_word' id='word_1_466' title='bbox 225 3326 448 3396; x_wconf 84' lang='grc' dir='ltr'>βασιλεῖ</span> <span class='ocrx_word' id='word_1_467' title='bbox 489 3324 692 3393; x_wconf 79' lang='grc' dir='ltr'>μᾶλλον</span> <span class='ocrx_word' id='word_1_468' title='bbox 718 3323 912 3390; x_wconf 74' lang='grc' dir='ltr'>ἔκρινα</span> <span class='ocrx_word' id='word_1_469' title='bbox 959 3321 1169 3374; x_wconf 82' lang='grc' dir='ltr'>δίκαιον</span> <span class='ocrx_word' id='word_1_470' title='bbox 1196 3322 1508 3391; x_wconf 83' lang='grc' dir='ltr'>προσέχειν,</span> <span class='ocrx_word' id='word_1_471' title='bbox 1530 3323 1604 3384; x_wconf 89' lang='grc' dir='ltr'><strong>ώς</strong></span> <span class='ocrx_word' id='word_1_472' title='bbox 1627 3323 1817 3378; x_wconf 76' lang='grc' dir='ltr'>δίκαά</span> 
     </span>
    </p>
   </div>
   <div class='ocr_carea' id='block_1_68' title="bbox 220 3414 1814 3486">
    <p class='ocr_par' dir='ltr' id='par_1_68' title="bbox 220 3414 1814 3486">
     <span class='ocr_line' id='line_1_68' title="bbox 220 3414 1814 3486; baseline -0.003 -16"><span class='ocrx_word' id='word_1_473' title='bbox 220 3436 288 3470; x_wconf 87' lang='grc' dir='ltr'><strong>τε</strong></span> <span class='ocrx_word' id='word_1_474' title='bbox 319 3419 438 3486; x_wconf 68' lang='grc' dir='ltr'><strong>ἅμα</strong></span> <span class='ocrx_word' id='word_1_475' title='bbox 494 3419 588 3469; x_wconf 75' lang='grc' dir='ltr'><strong>καὶ</strong></span> <span class='ocrx_word' id='word_1_476' title='bbox 640 3414 904 3484; x_wconf 80' lang='grc' dir='ltr'>βασιλέως</span> <span class='ocrx_word' id='word_1_477' title='bbox 953 3415 1065 3478; x_wconf 91' lang='grc' dir='ltr'>τοῖς</span> <span class='ocrx_word' id='word_1_478' title='bbox 1104 3414 1264 3466; x_wconf 78' lang='grc' dir='ltr'>παισὶ</span> <span class='ocrx_word' id='word_1_479' title='bbox 1311 3417 1684 3482; x_wconf 74' lang='grc' dir='ltr'>συμφέροντα,</span> <span class='ocrx_word' id='word_1_480' title='bbox 1719 3418 1814 3468; x_wconf 62' lang='grc' dir='ltr'><strong>καὶ⁵</strong></span> 
     </span>
    </p>
   </div>
   <div class='ocr_carea' id='block_1_69' title="bbox 221 3505 1813 3577">
    <p class='ocr_par' dir='ltr' id='par_1_69' title="bbox 221 3505 1813 3577">
     <span class='ocr_line' id='line_1_69' title="bbox 221 3505 1813 3577; baseline -0.002 -15"><span class='ocrx_word' id='word_1_481' title='bbox 221 3513 400 3562; x_wconf 74' lang='grc' dir='ltr'>πᾶσιν</span> <span class='ocrx_word' id='word_1_482' title='bbox 446 3507 578 3577; x_wconf 75' lang='grc' dir='ltr'>ὁμοῦ</span> <span class='ocrx_word' id='word_1_483' title='bbox 647 3505 940 3576; x_wconf 81' lang='grc' dir='ltr'>Ῥωμαίοις</span> <span class='ocrx_word' id='word_1_484' title='bbox 991 3507 1374 3576; x_wconf 81' lang='grc' dir='ltr'>διανοουμένῳ.</span> <span class='ocrx_word' id='word_1_485' title='bbox 1441 3507 1576 3559; x_wconf 65' lang='grc' dir='ltr'><strong>Νυνὶ</strong></span> <span class='ocrx_word' id='word_1_486' title='bbox 1632 3508 1688 3559; x_wconf 85' lang='grc' dir='ltr'>δὲ</span> <span class='ocrx_word' id='word_1_487' title='bbox 1740 3508 1813 3570; x_wconf 79' lang='grc' dir='ltr'>ὡς</span> 
     </span>
    </p>
   </div>
   <div class='ocr_carea' id='block_1_70' title="bbox 224 3597 1815 3670">
    <p class='ocr_par' dir='ltr' id='par_1_70' title="bbox 224 3597 1815 3670">
     <span class='ocr_line' id='line_1_70' title="bbox 224 3597 1815 3670; baseline -0.003 -15"><span class='ocrx_word' id='word_1_488' title='bbox 224 3600 512 3670; x_wconf 81' lang='grc' dir='ltr'>ἀκούομεν</span> <span class='ocrx_word' id='word_1_489' title='bbox 543 3599 827 3660; x_wconf 81' lang='grc' dir='ltr'>δυσκόλοις</span> <span class='ocrx_word' id='word_1_490' title='bbox 880 3599 1071 3667; x_wconf 86' lang='grc' dir='ltr'>τύχαις</span> <span class='ocrx_word' id='word_1_491' title='bbox 1097 3599 1312 3650; x_wconf 83' lang='grc' dir='ltr'>ἐκείνου</span> <span class='ocrx_word' id='word_1_492' title='bbox 1339 3599 1691 3669; x_wconf 81' lang='grc' dir='ltr'>χρησαμένου</span> <span class='ocrx_word' id='word_1_493' title='bbox 1726 3597 1815 3650; x_wconf 82' lang='grc' dir='ltr'>διὰ</span> 
     </span>
    </p>
   </div>
   <div class='ocr_carea' id='block_1_71' title="bbox 224 3688 1814 3759">
    <p class='ocr_par' dir='ltr' id='par_1_71' title="bbox 224 3688 1814 3759">
     <span class='ocr_line' id='line_1_71' title="bbox 224 3688 1814 3759; baseline -0.001 -14"><span class='ocrx_word' id='word_1_494' title='bbox 224 3695 343 3746; x_wconf 86' lang='grc' dir='ltr'><strong>τών</strong></span> <span class='ocrx_word' id='word_1_495' title='bbox 401 3693 669 3744; x_wconf 79' lang='grc' dir='ltr'>συνόντων</span> <span class='ocrx_word' id='word_1_496' title='bbox 704 3692 802 3759; x_wconf 75' lang='grc' dir='ltr'>τὴν</span> <span class='ocrx_word' id='word_1_497' title='bbox 834 3690 1174 3742; x_wconf 81' lang='grc' dir='ltr'>ἀποστασίαν</span> <span class='ocrx_word' id='word_1_498' title='bbox 1200 3693 1295 3742; x_wconf 80' lang='grc' dir='ltr'>καὶ</span> <span class='ocrx_word' id='word_1_499' title='bbox 1325 3691 1462 3758; x_wconf 74' lang='grc' dir='ltr'>πρὸς</span> <span class='ocrx_word' id='word_1_500' title='bbox 1491 3688 1577 3740; x_wconf 66' lang='grc' dir='ltr'>τὸν</span> <span class='ocrx_word' id='word_1_501' title='bbox 1609 3691 1814 3759; x_wconf 79' lang='grc' dir='ltr'>Τριϐα-</span> 
     </span>
    </p>
   </div>
   <div class='ocr_carea' id='block_1_72' title="bbox 225 3782 1816 3850">
    <p class='ocr_par' dir='ltr' id='par_1_72' title="bbox 225 3782 1816 3850">
     <span class='ocr_line' id='line_1_72' title="bbox 225 3782 1816 3850; baseline -0.001 -14"><span class='ocrx_word' id='word_1_502' title='bbox 225 3787 344 3836; x_wconf 85' lang='grc' dir='ltr'><strong>λῶν</strong></span> <span class='ocrx_word' id='word_1_503' title='bbox 385 3784 654 3850; x_wconf 82' lang='grc' dir='ltr'>δυνάστην</span> <span class='ocrx_word' id='word_1_504' title='bbox 682 3784 1011 3850; x_wconf 75' lang='grc' dir='ltr'>ἀφιγμένου,</span> <span class='ocrx_word' id='word_1_505' title='bbox 1045 3783 1104 3834; x_wconf 91' lang='grc' dir='ltr'><strong>οὐ</strong></span> <span class='ocrx_word' id='word_1_506' title='bbox 1133 3782 1342 3834; x_wconf 88' lang='grc' dir='ltr'>δίκαιον</span> <span class='ocrx_word' id='word_1_507' title='bbox 1377 3783 1524 3849; x_wconf 80' lang='grc' dir='ltr'>ἡμᾶς</span> <span class='ocrx_word' id='word_1_508' title='bbox 1573 3797 1816 3834; x_wconf 83' lang='grc' dir='ltr'>καταπε-</span> 
     </span>
    </p>
   </div>
   <div class='ocr_carea' id='block_1_73' title="bbox 229 3865 1810 3941">
    <p class='ocr_par' dir='ltr' id='par_1_73' title="bbox 229 3865 1810 3941">
     <span class='ocr_line' id='line_1_73' title="bbox 229 3865 1810 3941; baseline -0.001 -14"><span class='ocrx_word' id='word_1_509' title='bbox 229 3879 350 3928; x_wconf 79' lang='grc' dir='ltr'>σεῖν</span> <span class='ocrx_word' id='word_1_510' title='bbox 375 3916 390 3938; x_wconf 94' lang='grc'><strong>,</strong></span> <span class='ocrx_word' id='word_1_511' title='bbox 421 3875 542 3926; x_wconf 80' lang='grc' dir='ltr'><strong>οὐδέ</strong></span> <span class='ocrx_word' id='word_1_512' title='bbox 570 3875 707 3941; x_wconf 76' lang='grc' dir='ltr'>πρὸς</span> <span class='ocrx_word' id='word_1_513' title='bbox 737 3874 956 3936; x_wconf 82' lang='grc' dir='ltr'>στάσεις</span> <span class='ocrx_word' id='word_1_514' title='bbox 984 3873 1076 3925; x_wconf 76' lang='grc' dir='ltr'>καὶ</span> <span class='ocrx_word' id='word_1_515' title='bbox 1129 3871 1391 3941; x_wconf 76' lang='grc' dir='ltr'>διαφορὰς</span> <span class='ocrx_word' id='word_1_516' title='bbox 1424 3865 1810 3941; x_wconf 79' lang='grc' dir='ltr'>χωρῆσαντας.</span> 
     </span>
    </p>
   </div>
   <div class='ocr_carea' id='block_1_74' title="bbox 226 3963 1815 4036">
    <p class='ocr_par' dir='ltr' id='par_1_74' title="bbox 226 3963 1815 4036">
     <span class='ocr_line' id='line_1_74' title="bbox 226 3963 1815 4036; baseline -0.004 -16"><span class='ocrx_word' id='word_1_517' title='bbox 226 3967 594 4036; x_wconf 75' lang='grc' dir='ltr'>ἀνδραπόδων</span> <span class='ocrx_word' id='word_1_518' title='bbox 626 3966 784 4035; x_wconf 86' lang='grc' dir='ltr'>δίκην</span> <span class='ocrx_word' id='word_1_519' title='bbox 813 3966 952 4033; x_wconf 79' lang='grc' dir='ltr'>σφᾶς</span> <span class='ocrx_word' id='word_1_520' title='bbox 984 3965 1182 4026; x_wconf 77' lang='grc' dir='ltr'>αὐτοὺς</span> <span class='ocrx_word' id='word_1_521' title='bbox 1207 3965 1319 4026; x_wconf 91' lang='grc' dir='ltr'>τοῖς</span> <span class='ocrx_word' id='word_1_522' title='bbox 1343 3963 1623 4032; x_wconf 87' lang='grc' dir='ltr'>πολεμίοις</span> <span class='ocrx_word' id='word_1_523' title='bbox 1648 3980 1815 4015; x_wconf 85' lang='grc' dir='ltr'>κατα-</span> 
     </span>
    </p>
   </div>
   <div class='ocr_carea' id='block_1_75' title="bbox 224 4053 1814 4128">
    <p class='ocr_par' dir='ltr' id='par_1_75' title="bbox 224 4053 1814 4128">
     <span class='ocr_line' id='line_1_75' title="bbox 224 4053 1814 4128; baseline -0.004 -18"><span class='ocrx_word' id='word_1_524' title='bbox 224 4057 570 4128; x_wconf 76' lang='grc' dir='ltr'>προδοῦναισ</span> <span class='ocrx_word' id='word_1_525' title='bbox 630 4057 768 4110; x_wconf 79' lang='grc' dir='ltr'>ἀλλὰ</span> <span class='ocrx_word' id='word_1_526' title='bbox 825 4059 1341 4126; x_wconf 74' lang='grc' dir='ltr'>συμφρονήσαντας,</span> <span class='ocrx_word' id='word_1_527' title='bbox 1383 4054 1579 4122; x_wconf 83' lang='grc' dir='ltr'>ὅρκους</span> <span class='ocrx_word' id='word_1_528' title='bbox 1629 4053 1814 4105; x_wconf 83' lang='grc' dir='ltr'>δοῦναι</span> 
     </span>
    </p>
   </div>
   <div class='ocr_carea' id='block_1_76' title="bbox 226 4142 1817 4218">
    <p class='ocr_par' dir='ltr' id='par_1_76' title="bbox 226 4142 1817 4218">
     <span class='ocr_line' id='line_1_76' title="bbox 226 4142 1817 4218; baseline -0.002 -17"><span class='ocrx_word' id='word_1_529' title='bbox 226 4148 474 4218; x_wconf 77' lang='grc' dir='ltr'>βασιλίδι</span> <span class='ocrx_word' id='word_1_530' title='bbox 505 4148 600 4201; x_wconf 78' lang='grc' dir='ltr'>καὶ</span> <span class='ocrx_word' id='word_1_531' title='bbox 643 4147 920 4218; x_wconf 79' lang='grc' dir='ltr'>ἀλλήλοις,</span> <span class='ocrx_word' id='word_1_532' title='bbox 950 4142 986 4217; x_wconf 77' lang='grc' dir='ltr'>ἦ</span> <span class='ocrx_word' id='word_1_533' title='bbox 1016 4147 1124 4216; x_wconf 83' lang='grc' dir='ltr'><strong>μὴν</strong></span> <span class='ocrx_word' id='word_1_534' title='bbox 1159 4145 1362 4214; x_wconf 81' lang='grc' dir='ltr'>μηδένα</span> <span class='ocrx_word' id='word_1_535' title='bbox 1398 4146 1534 4214; x_wconf 82' lang='grc' dir='ltr'>μήτε</span> <span class='ocrx_word' id='word_1_536' title='bbox 1577 4145 1645 4198; x_wconf 89' lang='grc' dir='ltr'>δι’</span> <span class='ocrx_word' id='word_1_537' title='bbox 1677 4146 1817 4213; x_wconf 59' lang='grc' dir='ltr'>ἀγα.</span> 
     </span>
    </p>
   </div>
   <div class='ocr_carea' id='block_1_77' title="bbox 217 4235 1815 4312">
    <p class='ocr_par' dir='ltr' id='par_1_77' title="bbox 217 4235 1815 4312">
     <span class='ocr_line' id='line_1_77' title="bbox 217 4235 1815 4312; baseline -0.004 -20"><span class='ocrx_word' id='word_1_538' title='bbox 217 4241 258 4312; x_wconf 57' lang='grc' dir='ltr'><strong>,θ</strong></span> <span class='ocrx_word' id='word_1_539' title='bbox 270 4240 348 4292; x_wconf 86' lang='grc' dir='ltr'><strong>ῶν</strong></span> <span class='ocrx_word' id='word_1_540' title='bbox 378 4237 595 4291; x_wconf 87' lang='grc' dir='ltr'>πολλῶν</span> <span class='ocrx_word' id='word_1_541' title='bbox 620 4237 975 4304; x_wconf 88' lang='grc' dir='ltr'>ἐπαγγελίαν,</span> <span class='ocrx_word' id='word_1_542' title='bbox 1015 4237 1154 4304; x_wconf 80' lang='grc' dir='ltr'>μήτε</span> <span class='ocrx_word' id='word_1_543' title='bbox 1183 4235 1252 4288; x_wconf 86' lang='grc' dir='ltr'>δι’</span> <span class='ocrx_word' id='word_1_544' title='bbox 1275 4236 1572 4305; x_wconf 78' lang='grc' dir='ltr'>ἐπαγωγὴν</span> <span class='ocrx_word' id='word_1_545' title='bbox 1602 4235 1815 4288; x_wconf 71' lang='grc' dir='ltr'>πολλῶν</span> 
     </span>
    </p>
   </div>
   <div class='ocr_carea' id='block_1_78' title="bbox 223 4324 1818 4397">
    <p class='ocr_par' dir='ltr' id='par_1_78' title="bbox 223 4324 1818 4397">
     <span class='ocr_line' id='line_1_78' title="bbox 223 4324 1818 4397; baseline -0.004 -14"><span class='ocrx_word' id='word_1_546' title='bbox 223 4329 451 4391; x_wconf 79' lang='grc' dir='ltr'>δεινῶν,</span> <span class='ocrx_word' id='word_1_547' title='bbox 484 4327 518 4397; x_wconf 80' lang='grc' dir='ltr'>ἦ</span> <span class='ocrx_word' id='word_1_548' title='bbox 556 4325 791 4395; x_wconf 84' lang='grc' dir='ltr'>βασιλίδι</span> <span class='ocrx_word' id='word_1_549' title='bbox 852 4328 948 4378; x_wconf 86' lang='grc' dir='ltr'>καὶ</span> <span class='ocrx_word' id='word_1_550' title='bbox 1006 4325 1216 4387; x_wconf 83' lang='grc' dir='ltr'>παισὶν,</span> <span class='ocrx_word' id='word_1_551' title='bbox 1242 4324 1276 4394; x_wconf 75' lang='grc' dir='ltr'>ἢ</span> <span class='ocrx_word' id='word_1_552' title='bbox 1307 4324 1560 4394; x_wconf 60' lang='grc' dir='ltr'>ἀλλήλοις</span> <span class='ocrx_word' id='word_1_553' title='bbox 1597 4325 1818 4377; x_wconf 77' lang='grc' dir='ltr'>ἐπιδου-</span> 
     </span>
    </p>
   </div>
   <div class='ocr_carea' id='block_1_79' title="bbox 1917 3142 3488 3218">
    <p class='ocr_par' dir='ltr' id='par_1_79' title="bbox 1917 3142 3488 3218">
     <span class='ocr_line' id='line_1_79' title="bbox 1917 3142 3488 3218; baseline 0.004 -21"><span class='ocrx_word' id='word_1_554' title='bbox 1917 3143 2205 3212; x_wconf 87' lang='lat' dir='ltr'><strong>manisque</strong></span> <span class='ocrx_word' id='word_1_555' title='bbox 2236 3142 2515 3196; x_wconf 76' lang='lat' dir='ltr'><strong>universis</strong></span> <span class='ocrx_word' id='word_1_556' title='bbox 2538 3142 2923 3196; x_wconf 86' lang='lat' dir='ltr'><strong>consulentem</strong></span> <span class='ocrx_word' id='word_1_557' title='bbox 2978 3145 3112 3199; x_wconf 84' lang='lat' dir='ltr'><strong>mihi</strong></span> <span class='ocrx_word' id='word_1_558' title='bbox 3145 3151 3488 3218; x_wconf 85' lang='lat' dir='ltr'><strong>sequendum</strong></span> 
     </span>
    </p>
   </div>
   <div class='ocr_carea' id='block_1_80' title="bbox 1915 3231 3494 3298">
    <p class='ocr_par' dir='ltr' id='par_1_80' title="bbox 1915 3231 3494 3298">
     <span class='ocr_line' id='line_1_80' title="bbox 1915 3231 3494 3298; baseline 0.004 -10"><span class='ocrx_word' id='word_1_559' title='bbox 1915 3233 2128 3289; x_wconf 89' lang='lat' dir='ltr'><strong>censui.</strong></span> <span class='ocrx_word' id='word_1_560' title='bbox 2161 3233 2338 3298; x_wconf 83' lang='lat' dir='ltr'><strong>Quem</strong></span> <span class='ocrx_word' id='word_1_561' title='bbox 2372 3248 2498 3286; x_wconf 90' lang='lat' dir='ltr'><strong>cum</strong></span> <span class='ocrx_word' id='word_1_562' title='bbox 2547 3233 2710 3285; x_wconf 90' lang='lat' dir='ltr'><strong>modo</strong></span> <span class='ocrx_word' id='word_1_563' title='bbox 2741 3231 2794 3285; x_wconf 91' lang='lat' dir='ltr'><strong>in</strong></span> <span class='ocrx_word' id='word_1_564' title='bbox 2831 3233 3029 3288; x_wconf 87' lang='lat' dir='ltr'><strong>misera</strong></span> <span class='ocrx_word' id='word_1_565' title='bbox 3059 3242 3114 3290; x_wconf 86' lang='lat' dir='ltr'><strong>et</strong></span> <span class='ocrx_word' id='word_1_566' title='bbox 3142 3239 3340 3294; x_wconf 79' lang='lat' dir='ltr'><strong>acerba</strong></span> <span class='ocrx_word' id='word_1_567' title='bbox 3381 3240 3494 3295; x_wconf 85' lang='lat' dir='ltr'><strong>for-</strong></span> 
     </span>
    </p>
   </div>
   <div class='ocr_carea' id='block_1_81' title="bbox 1919 3324 3490 3393">
    <p class='ocr_par' dir='ltr' id='par_1_81' title="bbox 1919 3324 3490 3393">
     <span class='ocr_line' id='line_1_81' title="bbox 1919 3324 3490 3393; baseline 0.004 -14"><span class='ocrx_word' id='word_1_568' title='bbox 1919 3337 2048 3380; x_wconf 91' lang='lat' dir='ltr'><strong>tuna</strong></span> <span class='ocrx_word' id='word_1_569' title='bbox 2080 3341 2176 3379; x_wconf 91' lang='lat' dir='ltr'><strong>sua</strong></span> <span class='ocrx_word' id='word_1_570' title='bbox 2215 3325 2428 3392; x_wconf 89' lang='lat' dir='ltr'><strong>(utpote</strong></span> <span class='ocrx_word' id='word_1_571' title='bbox 2459 3339 2489 3376; x_wconf 88' lang='lat' dir='ltr'><strong>a</strong></span> <span class='ocrx_word' id='word_1_572' title='bbox 2528 3324 2644 3377; x_wconf 90' lang='lat' dir='ltr'><strong>suis</strong></span> <span class='ocrx_word' id='word_1_573' title='bbox 2679 3325 2980 3393; x_wconf 88' lang='lat' dir='ltr'><strong>proditum)</strong></span> <span class='ocrx_word' id='word_1_574' title='bbox 3021 3327 3086 3379; x_wconf 82' lang='lat' dir='ltr'><strong>ad</strong></span> <span class='ocrx_word' id='word_1_575' title='bbox 3123 3327 3490 3385; x_wconf 65' lang='lat' dir='ltr'><strong>Triballorum</strong></span> 
     </span>
    </p>
   </div>
   <div class='ocr_carea' id='block_1_82' title="bbox 1915 3413 3494 3490">
    <p class='ocr_par' dir='ltr' id='par_1_82' title="bbox 1915 3413 3494 3490">
     <span class='ocr_line' id='line_1_82' title="bbox 1915 3413 3494 3490; baseline 0.004 -20"><span class='ocrx_word' id='word_1_576' title='bbox 1915 3418 2220 3488; x_wconf 75' lang='lat' dir='ltr'><strong>principem</strong></span> <span class='ocrx_word' id='word_1_577' title='bbox 2275 3413 2580 3483; x_wconf 81' lang='lat' dir='ltr'><strong>profectum</strong></span> <span class='ocrx_word' id='word_1_578' title='bbox 2610 3416 2919 3477; x_wconf 85' lang='lat' dir='ltr'><strong>audiamus,</strong></span> <span class='ocrx_word' id='word_1_579' title='bbox 2982 3418 3125 3472; x_wconf 84' lang='lat' dir='ltr'><strong>haud</strong></span> <span class='ocrx_word' id='word_1_580' title='bbox 3159 3437 3374 3490; x_wconf 65' lang='lat' dir='ltr'><strong>{equum</strong></span> <span class='ocrx_word' id='word_1_581' title='bbox 3409 3440 3494 3477; x_wconf 73' lang='grc' dir='ltr'><strong>εει</strong></span> 
     </span>
    </p>
   </div>
   <div class='ocr_carea' id='block_1_83' title="bbox 1917 3506 3495 3576">
    <p class='ocr_par' dir='ltr' id='par_1_83' title="bbox 1917 3506 3495 3576">
     <span class='ocr_line' id='line_1_83' title="bbox 1917 3506 3495 3576; baseline 0.003 -13"><span class='ocrx_word' id='word_1_582' title='bbox 1917 3525 2019 3563; x_wconf 82' lang='lat' dir='ltr'><strong>nos</strong></span> <span class='ocrx_word' id='word_1_583' title='bbox 2051 3508 2354 3568; x_wconf 84' lang='lat' dir='ltr'><strong>labascere,</strong></span> <span class='ocrx_word' id='word_1_584' title='bbox 2387 3514 2442 3559; x_wconf 92' lang='lat' dir='ltr'><strong>et</strong></span> <span class='ocrx_word' id='word_1_585' title='bbox 2474 3506 2540 3558; x_wconf 89' lang='lat' dir='ltr'><strong>ad</strong></span> <span class='ocrx_word' id='word_1_586' title='bbox 2583 3507 2883 3561; x_wconf 87' lang='lat' dir='ltr'><strong>seditiones</strong></span> <span class='ocrx_word' id='word_1_587' title='bbox 2907 3517 3070 3576; x_wconf 88' lang='lat' dir='ltr'><strong>atque</strong></span> <span class='ocrx_word' id='word_1_588' title='bbox 3102 3511 3326 3564; x_wconf 86' lang='lat' dir='ltr'><strong>dissidia</strong></span> <span class='ocrx_word' id='word_1_589' title='bbox 3361 3530 3495 3567; x_wconf 52' lang='lat' dir='ltr'><strong>cun-</strong></span> 
     </span>
    </p>
   </div>
   <div class='ocr_carea' id='block_1_84' title="bbox 1916 3595 3494 3670">
    <p class='ocr_par' dir='ltr' id='par_1_84' title="bbox 1916 3595 3494 3670">
     <span class='ocr_line' id='line_1_84' title="bbox 1916 3595 3494 3670; baseline 0.003 -17"><span class='ocrx_word' id='word_1_590' title='bbox 1916 3613 2106 3653; x_wconf 84' lang='lat' dir='ltr'><strong>versos</strong></span> <span class='ocrx_word' id='word_1_591' title='bbox 2169 3613 2267 3668; x_wconf 88' lang='lat' dir='ltr'><strong>pro</strong></span> <span class='ocrx_word' id='word_1_592' title='bbox 2336 3595 2623 3665; x_wconf 90' lang='lat' dir='ltr'><strong>mancipiis</strong></span> <span class='ocrx_word' id='word_1_593' title='bbox 2677 3607 2895 3652; x_wconf 87' lang='lat' dir='ltr'><strong>nosmet</strong></span> <span class='ocrx_word' id='word_1_594' title='bbox 2953 3598 3208 3654; x_wconf 83' lang='lat' dir='ltr'><strong>hostibus</strong></span> <span class='ocrx_word' id='word_1_595' title='bbox 3261 3605 3494 3670; x_wconf 85' lang='lat' dir='ltr'><strong>turpiter</strong></span> 
     </span>
    </p>
   </div>
   <div class='ocr_carea' id='block_1_85' title="bbox 1916 3688 3494 3760">
    <p class='ocr_par' dir='ltr' id='par_1_85' title="bbox 1916 3688 3494 3760">
     <span class='ocr_line' id='line_1_85' title="bbox 1916 3688 3494 3760; baseline 0.001 -14"><span class='ocrx_word' id='word_1_596' title='bbox 1916 3693 2134 3751; x_wconf 81' lang='lat' dir='ltr'><strong>dedere.</strong></span> <span class='ocrx_word' id='word_1_597' title='bbox 2174 3689 2270 3744; x_wconf 89' lang='lat' dir='ltr'><strong>sed</strong></span> <span class='ocrx_word' id='word_1_598' title='bbox 2293 3688 2492 3742; x_wconf 89' lang='lat' dir='ltr'><strong>animis</strong></span> <span class='ocrx_word' id='word_1_599' title='bbox 2515 3689 2922 3744; x_wconf 74' lang='lat' dir='ltr'><strong>consentientes</strong></span> <span class='ocrx_word' id='word_1_600' title='bbox 2947 3690 3278 3760; x_wconf 80' lang='lat' dir='ltr'><strong>imperatrici</strong></span> <span class='ocrx_word' id='word_1_601' title='bbox 3323 3693 3494 3748; x_wconf 75' lang='lat' dir='ltr'><strong>lrcna:</strong></span> 
     </span>
    </p>
   </div>
   <div class='ocr_carea' id='block_1_86' title="bbox 1916 3778 3493 3844">
    <p class='ocr_par' dir='ltr' id='par_1_86' title="bbox 1916 3778 3493 3844">
     <span class='ocr_line' id='line_1_86' title="bbox 1916 3778 3493 3844; baseline 0.003 -12"><span class='ocrx_word' id='word_1_602' title='bbox 1916 3796 1980 3832; x_wconf 86' lang='lat' dir='ltr'><strong>ac</strong></span> <span class='ocrx_word' id='word_1_603' title='bbox 2007 3779 2165 3830; x_wconf 87' lang='lat' dir='ltr'><strong>nobis</strong></span> <span class='ocrx_word' id='word_1_604' title='bbox 2204 3786 2400 3830; x_wconf 85' lang='lat' dir='ltr'><strong>mutuo</strong></span> <span class='ocrx_word' id='word_1_605' title='bbox 2455 3790 2799 3831; x_wconf 87' lang='lat' dir='ltr'><strong>sacramenta</strong></span> <span class='ocrx_word' id='word_1_606' title='bbox 2858 3778 3066 3844; x_wconf 88' lang='lat' dir='ltr'><strong>dicere,</strong></span> <span class='ocrx_word' id='word_1_607' title='bbox 3121 3781 3333 3834; x_wconf 89' lang='lat' dir='ltr'><strong>nullum</strong></span> <span class='ocrx_word' id='word_1_608' title='bbox 3393 3799 3493 3836; x_wconf 88' lang='lat' dir='ltr'><strong>n0-</strong></span> 
     </span>
    </p>
   </div>
   <div class='ocr_carea' id='block_1_87' title="bbox 1916 3869 3494 3938">
    <p class='ocr_par' dir='ltr' id='par_1_87' title="bbox 1916 3869 3494 3938">
     <span class='ocr_line' id='line_1_87' title="bbox 1916 3869 3494 3938; baseline 0.003 -14"><span class='ocrx_word' id='word_1_609' title='bbox 1916 3883 2090 3924; x_wconf 87' lang='lat' dir='ltr'><strong>strum</strong></span> <span class='ocrx_word' id='word_1_610' title='bbox 2120 3883 2299 3936; x_wconf 88' lang='lat' dir='ltr'><strong>neque</strong></span> <span class='ocrx_word' id='word_1_611' title='bbox 2332 3869 2603 3922; x_wconf 89' lang='lat' dir='ltr'><strong>bonorum</strong></span> <span class='ocrx_word' id='word_1_612' title='bbox 2642 3870 2937 3924; x_wconf 90' lang='lat' dir='ltr'><strong>multorum</strong></span> <span class='ocrx_word' id='word_1_613' title='bbox 2988 3871 3384 3938; x_wconf 82' lang='lat' dir='ltr'><strong>pollicitatione</strong></span> <span class='ocrx_word' id='word_1_614' title='bbox 3431 3876 3494 3929; x_wconf 93' lang='lat' dir='ltr'><strong>il-</strong></span> 
     </span>
    </p>
   </div>
   <div class='ocr_carea' id='block_1_88' title="bbox 1917 3959 3496 4029">
    <p class='ocr_par' dir='ltr' id='par_1_88' title="bbox 1917 3959 3496 4029">
     <span class='ocr_line' id='line_1_88' title="bbox 1917 3959 3496 4029; baseline 0.003 -15"><span class='ocrx_word' id='word_1_615' title='bbox 1917 3960 2142 4023; x_wconf 89' lang='lat' dir='ltr'><strong>lectum,</strong></span> <span class='ocrx_word' id='word_1_616' title='bbox 2169 3975 2349 4029; x_wconf 90' lang='lat' dir='ltr'><strong>neque</strong></span> <span class='ocrx_word' id='word_1_617' title='bbox 2375 3959 2673 4014; x_wconf 86' lang='lat' dir='ltr'><strong>multorum</strong></span> <span class='ocrx_word' id='word_1_618' title='bbox 2703 3960 2971 4014; x_wconf 87' lang='lat' dir='ltr'><strong>malorum</strong></span> <span class='ocrx_word' id='word_1_619' title='bbox 3008 3963 3320 4019; x_wconf 86' lang='lat' dir='ltr'><strong>invectione</strong></span> <span class='ocrx_word' id='word_1_620' title='bbox 3345 3981 3496 4020; x_wconf 88' lang='lat' dir='ltr'><strong>com-</strong></span> 
     </span>
    </p>
   </div>
   <div class='ocr_carea' id='block_1_89' title="bbox 1918 4051 3496 4122">
    <p class='ocr_par' dir='ltr' id='par_1_89' title="bbox 1918 4051 3496 4122">
     <span class='ocr_line' id='line_1_89' title="bbox 1918 4051 3496 4122; baseline 0.004 -16"><span class='ocrx_word' id='word_1_621' title='bbox 1918 4053 2158 4120; x_wconf 87' lang='lat' dir='ltr'><strong>pulsum,</strong></span> <span class='ocrx_word' id='word_1_622' title='bbox 2192 4051 2270 4106; x_wconf 90' lang='lat' dir='ltr'><strong>illi</strong></span> <span class='ocrx_word' id='word_1_623' title='bbox 2299 4052 2529 4122; x_wconf 84' lang='lat' dir='ltr'><strong>ejusque</strong></span> <span class='ocrx_word' id='word_1_624' title='bbox 2559 4051 2774 4110; x_wconf 88' lang='lat' dir='ltr'><strong>liberis.</strong></span> <span class='ocrx_word' id='word_1_625' title='bbox 2801 4064 2896 4106; x_wconf 87' lang='lat' dir='ltr'><strong>ant</strong></span> <span class='ocrx_word' id='word_1_626' title='bbox 2926 4055 3070 4108; x_wconf 90' lang='lat' dir='ltr'><strong>inter</strong></span> <span class='ocrx_word' id='word_1_627' title='bbox 3115 4071 3216 4110; x_wconf 89' lang='lat' dir='ltr'><strong>nos</strong></span> <span class='ocrx_word' id='word_1_628' title='bbox 3270 4057 3496 4112; x_wconf 69' lang='lat' dir='ltr'><strong>insidia-</strong></span> 
     </span>
    </p>
   </div>
   <div class='ocr_carea' id='block_1_90' title="bbox 1918 4144 3492 4206">
    <p class='ocr_par' dir='ltr' id='par_1_90' title="bbox 1918 4144 3492 4206">
     <span class='ocr_line' id='line_1_90' title="bbox 1918 4144 3492 4206; baseline 0.004 -8"><span class='ocrx_word' id='word_1_629' title='bbox 1918 4155 2112 4200; x_wconf 86' lang='lat' dir='ltr'><strong>turos:</strong></span> <span class='ocrx_word' id='word_1_630' title='bbox 2150 4144 2245 4200; x_wconf 89' lang='lat' dir='ltr'><strong>sed</strong></span> <span class='ocrx_word' id='word_1_631' title='bbox 2280 4145 2429 4200; x_wconf 94' lang='lat' dir='ltr'><strong>omni</strong></span> <span class='ocrx_word' id='word_1_632' title='bbox 2462 4145 2677 4201; x_wconf 86' lang='lat' dir='ltr'><strong>ratione</strong></span> <span class='ocrx_word' id='word_1_633' title='bbox 2709 4155 2764 4199; x_wconf 93' lang='lat' dir='ltr'><strong>et</strong></span> <span class='ocrx_word' id='word_1_634' title='bbox 2820 4161 2926 4200; x_wconf 82' lang='lat' dir='ltr'><strong>una</strong></span> <span class='ocrx_word' id='word_1_635' title='bbox 2968 4159 3150 4203; x_wconf 88' lang='lat' dir='ltr'><strong>mente</strong></span> <span class='ocrx_word' id='word_1_636' title='bbox 3189 4148 3242 4202; x_wconf 92' lang='lat' dir='ltr'><strong>in</strong></span> <span class='ocrx_word' id='word_1_637' title='bbox 3281 4152 3492 4206; x_wconf 83' lang='lat' dir='ltr'><strong>hostem</strong></span> 
     </span>
    </p>
   </div>
   <div class='ocr_carea' id='block_1_91' title="bbox 1917 4236 3497 4314">
    <p class='ocr_par' dir='ltr' id='par_1_91' title="bbox 1917 4236 3497 4314">
     <span class='ocr_line' id='line_1_91' title="bbox 1917 4236 3497 4314; baseline 0.004 -25"><span class='ocrx_word' id='word_1_638' title='bbox 1917 4247 2280 4307; x_wconf 78' lang='lat' dir='ltr'><strong>pugnaturos,</strong></span> <span class='ocrx_word' id='word_1_639' title='bbox 2319 4236 2594 4305; x_wconf 86' lang='lat' dir='ltr'><strong>ﬁdemque</strong></span> <span class='ocrx_word' id='word_1_640' title='bbox 2643 4251 2958 4306; x_wconf 80' lang='lat' dir='ltr'><strong>germanam</strong></span> <span class='ocrx_word' id='word_1_641' title='bbox 2989 4253 3052 4291; x_wconf 86' lang='lat' dir='ltr'><strong>ac</strong></span> <span class='ocrx_word' id='word_1_642' title='bbox 3082 4253 3296 4314; x_wconf 85' lang='lat' dir='ltr'><strong>puram</strong></span> <span class='ocrx_word' id='word_1_643' title='bbox 3324 4241 3497 4311; x_wconf 86' lang='lat' dir='ltr'><strong>impe-</strong></span> 
     </span>
    </p>
   </div>
   <div class='ocr_carea' id='block_1_92' title="bbox 1920 4327 3498 4396">
    <p class='ocr_par' dir='ltr' id='par_1_92' title="bbox 1920 4327 3498 4396">
     <span class='ocr_line' id='line_1_92' title="bbox 1920 4327 3498 4396; baseline 0.002 -14"><span class='ocrx_word' id='word_1_644' title='bbox 1920 4330 2090 4383; x_wconf 90' lang='lat' dir='ltr'><strong>ratori</strong></span> <span class='ocrx_word' id='word_1_645' title='bbox 2127 4338 2465 4384; x_wconf 80' lang='lat' dir='ltr'><strong>servaturos.</strong></span> <span class='ocrx_word' id='word_1_646' title='bbox 2501 4327 2642 4396; x_wconf 84' lang='lat' dir='ltr'><strong>Quin</strong></span> <span class='ocrx_word' id='word_1_647' title='bbox 2675 4328 2840 4382; x_wconf 84' lang='lat' dir='ltr'><strong>etiam</strong></span> <span class='ocrx_word' id='word_1_648' title='bbox 2873 4341 3053 4383; x_wconf 89' lang='lat' dir='ltr'><strong>certos</strong></span> <span class='ocrx_word' id='word_1_649' title='bbox 3106 4330 3362 4385; x_wconf 76' lang='lat' dir='ltr'><strong>homines</strong></span> <span class='ocrx_word' id='word_1_650' title='bbox 3405 4348 3498 4385; x_wconf 86' lang='lat' dir='ltr'><strong>ce-</strong></span> 
     </span>
    </p>
   </div>
   <div class='ocr_carea' id='block_1_93' title="bbox 223 4415 1812 4488">
    <p class='ocr_par' dir='ltr' id='par_1_93' title="bbox 223 4415 1812 4484">
     <span class='ocr_line' id='line_1_93' title="bbox 223 4415 1812 4484; baseline -0.006 -9"><span class='ocrx_word' id='word_1_651' title='bbox 223 4423 486 4474; x_wconf 81' lang='grc' dir='ltr'>λεύσειν·</span> <span class='ocrx_word' id='word_1_652' title='bbox 522 4417 967 4484; x_wconf 77' lang='grc' dir='ltr'>ἁλλ’ἀμύνεσοαι</span> <span class='ocrx_word' id='word_1_653' title='bbox 1013 4418 1198 4484; x_wconf 86' lang='grc' dir='ltr'>τρόπῳ</span> <span class='ocrx_word' id='word_1_654' title='bbox 1260 4415 1426 4466; x_wconf 72' lang='grc' dir='ltr'>παντὶ</span> <span class='ocrx_word' id='word_1_655' title='bbox 1482 4415 1608 4476; x_wconf 82' lang='grc' dir='ltr'><strong>τούς</strong></span> <span class='ocrx_word' id='word_1_656' title='bbox 1659 4415 1812 4466; x_wconf 84' lang='grc' dir='ltr'>πολε-</span> 
     </span>
    </p>
   </div>
   <div class='ocr_carea' id='block_1_94' title="bbox 1914 4415 3494 4488">
    <p class='ocr_par' dir='ltr' id='par_1_94' title="bbox 1921 4418 3494 4488">
     <span class='ocr_line' id='line_1_94' title="bbox 1921 4418 3494 4488; baseline 0.001 -14"><span class='ocrx_word' id='word_1_657' title='bbox 1921 4418 2109 4474; x_wconf 87' lang='lat' dir='ltr'><strong>leriter</strong></span> <span class='ocrx_word' id='word_1_658' title='bbox 2131 4418 2196 4472; x_wconf 90' lang='lat' dir='ltr'><strong>ad</strong></span> <span class='ocrx_word' id='word_1_659' title='bbox 2229 4435 2355 4474; x_wconf 89' lang='lat' dir='ltr'><strong>eum</strong></span> <span class='ocrx_word' id='word_1_660' title='bbox 2392 4418 2686 4472; x_wconf 84' lang='lat' dir='ltr'><strong>mittendos</strong></span> <span class='ocrx_word' id='word_1_661' title='bbox 2735 4418 2949 4486; x_wconf 89' lang='lat' dir='ltr'><strong>judico,</strong></span> <span class='ocrx_word' id='word_1_662' title='bbox 2987 4420 3078 4488; x_wconf 90' lang='lat' dir='ltr'><strong>qui</strong></span> <span class='ocrx_word' id='word_1_663' title='bbox 3109 4420 3343 4475; x_wconf 83' lang='lat' dir='ltr'><strong>doceant</strong></span> <span class='ocrx_word' id='word_1_664' title='bbox 3393 4438 3494 4475; x_wconf 88' lang='lat' dir='ltr'><strong>nos</strong></span> 
     </span>
    </p>
   </div>
   <div class='ocr_carea' id='block_1_95' title="bbox 229 4507 1816 4585">
    <p class='ocr_par' dir='ltr' id='par_1_95' title="bbox 229 4507 1816 4585">
     <span class='ocr_line' id='line_1_95' title="bbox 229 4507 1816 4585; baseline -0.005 -17"><span class='ocrx_word' id='word_1_665' title='bbox 229 4519 401 4585; x_wconf 89' lang='grc' dir='ltr'>μίους</span> <span class='ocrx_word' id='word_1_666' title='bbox 437 4513 567 4582; x_wconf 85' lang='grc' dir='ltr'>μίαν</span> <span class='ocrx_word' id='word_1_667' title='bbox 597 4510 822 4580; x_wconf 86' lang='grc' dir='ltr'>γνώμην</span> <span class='ocrx_word' id='word_1_668' title='bbox 853 4511 1100 4578; x_wconf 77' lang='grc' dir='ltr'>ἔχοντας,</span> <span class='ocrx_word' id='word_1_669' title='bbox 1131 4510 1226 4560; x_wconf 73' lang='grc' dir='ltr'><strong>καὶ</strong></span> <span class='ocrx_word' id='word_1_670' title='bbox 1267 4507 1365 4576; x_wconf 85' lang='grc' dir='ltr'><strong>τὴν</strong></span> <span class='ocrx_word' id='word_1_671' title='bbox 1399 4507 1580 4560; x_wconf 88' lang='grc' dir='ltr'>πίστιν</span> <span class='ocrx_word' id='word_1_672' title='bbox 1626 4508 1816 4560; x_wconf 81' lang='grc' dir='ltr'>ἄδολον</span> 
     </span>
    </p>
   </div>
   <div class='ocr_carea' id='block_1_96' title="bbox 223 4600 1817 4673">
    <p class='ocr_par' dir='ltr' id='par_1_96' title="bbox 223 4600 1817 4673">
     <span class='ocr_line' id='line_1_96' title="bbox 223 4600 1817 4673; baseline -0.008 -11"><span class='ocrx_word' id='word_1_673' title='bbox 223 4612 330 4662; x_wconf 70' lang='grc' dir='ltr'>καὶ</span> <span class='ocrx_word' id='word_1_674' title='bbox 372 4607 623 4673; x_wconf 76' lang='grc' dir='ltr'>καθαρὰν</span> <span class='ocrx_word' id='word_1_675' title='bbox 653 4605 942 4672; x_wconf 71' lang='grc' dir='ltr'>φυλάττειν</span> <span class='ocrx_word' id='word_1_676' title='bbox 973 4601 1205 4670; x_wconf 83' lang='grc' dir='ltr'>βασιλεῖ,</span> <span class='ocrx_word' id='word_1_677' title='bbox 1245 4601 1482 4668; x_wconf 84' lang='grc' dir='ltr'>πέμπειν</span> <span class='ocrx_word' id='word_1_678' title='bbox 1508 4600 1563 4650; x_wconf 81' lang='grc' dir='ltr'>δὲ</span> <span class='ocrx_word' id='word_1_679' title='bbox 1596 4601 1690 4652; x_wconf 74' lang='grc' dir='ltr'><strong>καὶ</strong></span> <span class='ocrx_word' id='word_1_680' title='bbox 1720 4601 1817 4668; x_wconf 75' lang='grc' dir='ltr'>τὴν</span> 
     </span>
    </p>
   </div>
   <div class='ocr_carea' id='block_1_97' title="bbox 223 4691 1817 4769">
    <p class='ocr_par' dir='ltr' id='par_1_97' title="bbox 223 4691 1817 4769">
     <span class='ocr_line' id='line_1_97' title="bbox 223 4691 1817 4769; baseline -0.008 -16"><span class='ocrx_word' id='word_1_681' title='bbox 223 4700 506 4769; x_wconf 71' lang='grc' dir='ltr'>ταχίστην</span> <span class='ocrx_word' id='word_1_682' title='bbox 563 4697 700 4768; x_wconf 78' lang='grc' dir='ltr'>πρὸς</span> <span class='ocrx_word' id='word_1_683' title='bbox 741 4697 949 4748; x_wconf 82' lang='grc' dir='ltr'>ἐκεῖνον</span> <span class='ocrx_word' id='word_1_684' title='bbox 999 4692 1220 4759; x_wconf 67' lang='grc' dir='ltr'>ἄνδραῖ,</span> <span class='ocrx_word' id='word_1_685' title='bbox 1279 4693 1330 4743; x_wconf 79' lang='grc' dir='ltr'>οἳ</span> <span class='ocrx_word' id='word_1_686' title='bbox 1385 4691 1708 4753; x_wconf 59' lang='grc' dir='ltr'>διδάξουσιν,</span> <span class='ocrx_word' id='word_1_687' title='bbox 1742 4691 1817 4753; x_wconf 84' lang='grc' dir='ltr'><strong>ὡς</strong></span> 
     </span>
    </p>
   </div>
   <div class='ocr_carea' id='block_1_98' title="bbox 226 4783 1812 4862">
    <p class='ocr_par' dir='ltr' id='par_1_98' title="bbox 226 4783 1812 4862">
     <span class='ocr_line' id='line_1_98' title="bbox 226 4783 1812 4862; baseline -0.006 -19"><span class='ocrx_word' id='word_1_688' title='bbox 226 4795 400 4862; x_wconf 54' lang='grc' dir='ltr'>ἡμεῖς</span> <span class='ocrx_word' id='word_1_689' title='bbox 435 4791 578 4860; x_wconf 83' lang='grc' dir='ltr'><strong>ὐπέρ</strong></span> <span class='ocrx_word' id='word_1_690' title='bbox 607 4791 817 4842; x_wconf 81' lang='grc' dir='ltr'>ἐκείνου</span> <span class='ocrx_word' id='word_1_691' title='bbox 841 4789 935 4838; x_wconf 73' lang='grc' dir='ltr'><strong>καὶ</strong></span> <span class='ocrx_word' id='word_1_692' title='bbox 963 4786 1235 4852; x_wconf 80' lang='grc' dir='ltr'>φιλτάτων</span> <span class='ocrx_word' id='word_1_693' title='bbox 1273 4785 1364 4836; x_wconf 72' lang='grc' dir='ltr'><strong>καὶ</strong></span> <span class='ocrx_word' id='word_1_694' title='bbox 1402 4785 1500 4853; x_wconf 81' lang='grc' dir='ltr'>τῆς</span> <span class='ocrx_word' id='word_1_695' title='bbox 1531 4783 1812 4847; x_wconf 67' lang='grc' dir='ltr'>γυναικὸς,</span> 
     </span>
    </p>
   </div>
   <div class='ocr_carea' id='block_1_99' title="bbox 229 4875 1815 4954">
    <p class='ocr_par' dir='ltr' id='par_1_99' title="bbox 229 4875 1815 4954">
     <span class='ocr_line' id='line_1_99' title="bbox 229 4875 1815 4954; baseline -0.008 -16"><span class='ocrx_word' id='word_1_696' title='bbox 229 4887 422 4938; x_wconf 80' lang='grc' dir='ltr'>πάντα</span> <span class='ocrx_word' id='word_1_697' title='bbox 450 4888 546 4936; x_wconf 75' lang='grc' dir='ltr'>καὶ</span> <span class='ocrx_word' id='word_1_698' title='bbox 571 4884 839 4954; x_wconf 85' lang='grc' dir='ltr'>πράττειν</span> <span class='ocrx_word' id='word_1_699' title='bbox 867 4880 964 4933; x_wconf 69' lang='grc' dir='ltr'><strong>καὶ</strong></span> <span class='ocrx_word' id='word_1_700' title='bbox 1001 4877 1298 4948; x_wconf 82' lang='grc' dir='ltr'>ὑπομένειν</span> <span class='ocrx_word' id='word_1_701' title='bbox 1333 4876 1658 4944; x_wconf 73' lang='grc' dir='ltr'>ἐγνώκαμεν</span> <span class='ocrx_word' id='word_1_702' title='bbox 1689 4875 1815 4944; x_wconf 82' lang='grc' dir='ltr'>ἄχρι</span> 
     </span>
    </p>
   </div>
   <div class='ocr_carea' id='block_1_100' title="bbox 231 4969 1818 5043">
    <p class='ocr_par' dir='ltr' id='par_1_100' title="bbox 231 4969 1818 5043">
     <span class='ocr_line' id='line_1_100' title="bbox 231 4969 1818 5043; baseline -0.008 -12"><span class='ocrx_word' id='word_1_703' title='bbox 231 4978 476 5039; x_wconf 73' lang='grc' dir='ltr'>παντὸς·</span> <span class='ocrx_word' id='word_1_704' title='bbox 519 4975 587 5028; x_wconf 72' lang='grc' dir='ltr'><strong>ἵν’</strong></span> <span class='ocrx_word' id='word_1_705' title='bbox 637 4976 800 5036; x_wconf 79' lang='grc' dir='ltr'>αὐτός</span> <span class='ocrx_word' id='word_1_706' title='bbox 845 4991 904 5026; x_wconf 90' lang='grc' dir='ltr'><strong>τε</strong></span> <span class='ocrx_word' id='word_1_707' title='bbox 960 4974 1144 5043; x_wconf 77' lang='grc' dir='ltr'>ἥδοιτο</span> <span class='ocrx_word' id='word_1_708' title='bbox 1199 4970 1424 5024; x_wconf 82' lang='grc' dir='ltr'>τοιαῦτα</span> <span class='ocrx_word' id='word_1_709' title='bbox 1470 4969 1600 5040; x_wconf 70' lang='grc' dir='ltr'>περὶ</span> <span class='ocrx_word' id='word_1_710' title='bbox 1662 4969 1818 5036; x_wconf 80' lang='grc' dir='ltr'>ἡμῶν</span> 
     </span>
    </p>
   </div>
   <div class='ocr_carea' id='block_1_101' title="bbox 227 5061 1818 5138">
    <p class='ocr_par' dir='ltr' id='par_1_101' title="bbox 227 5061 1818 5138">
     <span class='ocr_line' id='line_1_101' title="bbox 227 5061 1818 5138; baseline -0.008 -13"><span class='ocrx_word' id='word_1_711' title='bbox 227 5072 479 5132; x_wconf 82' lang='grc' dir='ltr'>ἁκούων,</span> <span class='ocrx_word' id='word_1_712' title='bbox 521 5071 612 5123; x_wconf 75' lang='grc' dir='ltr'><strong>καὶ</strong></span> <span class='ocrx_word' id='word_1_713' title='bbox 642 5072 774 5138; x_wconf 74' lang='grc' dir='ltr'>ἡμῖν</span> <span class='ocrx_word' id='word_1_714' title='bbox 809 5067 1010 5136; x_wconf 84' lang='grc' dir='ltr'>πολλὴν</span> <span class='ocrx_word' id='word_1_715' title='bbox 1035 5064 1199 5134; x_wconf 86' lang='grc' dir='ltr'>εἰδείη</span> <span class='ocrx_word' id='word_1_716' title='bbox 1237 5067 1396 5133; x_wconf 71' lang='grc' dir='ltr'>χάριν</span> <span class='ocrx_word' id='word_1_717' title='bbox 1427 5065 1524 5131; x_wconf 77' lang='grc' dir='ltr'>τῆς</span> <span class='ocrx_word' id='word_1_718' title='bbox 1554 5065 1632 5122; x_wconf 85' lang='grc' dir='ltr'>εἰς</span> <span class='ocrx_word' id='word_1_719' title='bbox 1655 5061 1818 5113; x_wconf 74' lang='grc' dir='ltr'>αὐτὸν</span> 
     </span>
    </p>
   </div>
   <div class='ocr_carea' id='block_1_102' title="bbox 229 5151 1818 5228">
    <p class='ocr_par' dir='ltr' id='par_1_102' title="bbox 229 5151 1818 5228">
     <span class='ocr_line' id='line_1_102' title="bbox 229 5151 1818 5228; baseline -0.009 -12"><span class='ocrx_word' id='word_1_720' title='bbox 229 5164 480 5224; x_wconf 84' lang='grc' dir='ltr'>εὐνοίας.</span> <span class='ocrx_word' id='word_1_721' title='bbox 518 5161 654 5212; x_wconf 85' lang='grc' dir='ltr'>Οὐδέ</span> <span class='ocrx_word' id='word_1_722' title='bbox 688 5160 798 5228; x_wconf 76' lang='grc' dir='ltr'>γὰρ</span> <span class='ocrx_word' id='word_1_723' title='bbox 830 5159 1033 5227; x_wconf 80' lang='grc' dir='ltr'>μικράν</span> <span class='ocrx_word' id='word_1_724' title='bbox 1070 5173 1194 5208; x_wconf 87' lang='grc' dir='ltr'>τινα</span> <span class='ocrx_word' id='word_1_725' title='bbox 1224 5154 1430 5206; x_wconf 73' lang='grc' dir='ltr'>οἴεσθαι</span> <span class='ocrx_word' id='word_1_726' title='bbox 1463 5154 1671 5204; x_wconf 80' lang='grc' dir='ltr'>ἐκεῖνον</span> <span class='ocrx_word' id='word_1_727' title='bbox 1722 5151 1818 5220; x_wconf 77' lang='grc' dir='ltr'>τὴν</span> 
     </span>
    </p>
   </div>
   <div class='ocr_carea' id='block_1_103' title="bbox 229 5243 1820 5323">
    <p class='ocr_par' dir='ltr' id='par_1_103' title="bbox 229 5243 1820 5323">
     <span class='ocr_line' id='line_1_103' title="bbox 229 5243 1820 5323; baseline -0.008 -16"><span class='ocrx_word' id='word_1_728' title='bbox 229 5274 304 5308; x_wconf 74' lang='grc' dir='ltr'><strong>πε</strong></span> <span class='ocrx_word' id='word_1_729' title='bbox 316 5260 372 5323; x_wconf 71' lang='lat' dir='ltr'><strong>pl</strong></span> <span class='ocrx_word' id='word_1_730' title='bbox 395 5254 553 5322; x_wconf 80' lang='grc' dir='ltr'>ἡμῶν</span> <span class='ocrx_word' id='word_1_731' title='bbox 577 5253 832 5322; x_wconf 79' lang='grc' dir='ltr'>φροντίδα</span> <span class='ocrx_word' id='word_1_732' title='bbox 859 5253 1001 5318; x_wconf 79' lang='grc' dir='ltr'>ἔχειν</span> <span class='ocrx_word' id='word_1_733' title='bbox 1027 5253 1132 5319; x_wconf 87' lang='grc' dir='ltr'>χρὴ</span> <span class='ocrx_word' id='word_1_734' title='bbox 1153 5263 1168 5278; x_wconf 79' lang='grc'><strong><em>⁸</em></strong></span> <span class='ocrx_word' id='word_1_735' title='bbox 1186 5246 1318 5299; x_wconf 78' lang='grc' dir='ltr'>ἀλλὰ</span> <span class='ocrx_word' id='word_1_736' title='bbox 1335 5243 1546 5305; x_wconf 82' lang='grc' dir='ltr'>πολλοῖς</span> <span class='ocrx_word' id='word_1_737' title='bbox 1572 5243 1820 5296; x_wconf 81' lang='grc' dir='ltr'>παλαίειν</span> 
     </span>
    </p>
   </div>
   <div class='ocr_carea' id='block_1_104' title="bbox 229 5335 1820 5414">
    <p class='ocr_par' dir='ltr' id='par_1_104' title="bbox 229 5335 1820 5414">
     <span class='ocr_line' id='line_1_104' title="bbox 229 5335 1820 5414; baseline -0.007 -16"><span class='ocrx_word' id='word_1_738' title='bbox 229 5348 528 5414; x_wconf 81' lang='grc' dir='ltr'>λογισμοῖς</span> <span class='ocrx_word' id='word_1_739' title='bbox 555 5343 957 5404; x_wconf 85' lang='grc' dir='ltr'>ὐποπτεύοντα,</span> <span class='ocrx_word' id='word_1_740' title='bbox 991 5340 1181 5406; x_wconf 84' lang='grc' dir='ltr'>ὥσπερ</span> <span class='ocrx_word' id='word_1_741' title='bbox 1211 5337 1380 5397; x_wconf 73' lang='grc' dir='ltr'>εἰκὸς,</span> <span class='ocrx_word' id='word_1_742' title='bbox 1431 5335 1505 5403; x_wconf 86' lang='grc' dir='ltr'>μὴ</span> <span class='ocrx_word' id='word_1_743' title='bbox 1533 5337 1667 5404; x_wconf 70' lang='grc' dir='ltr'>πρὸς</span> <span class='ocrx_word' id='word_1_744' title='bbox 1694 5336 1820 5398; x_wconf 80' lang='grc' dir='ltr'>τοὺς</span> 
     </span>
    </p>
   </div>
   <div class='ocr_carea' id='block_1_105' title="bbox 231 5427 1820 5507">
    <p class='ocr_par' dir='ltr' id='par_1_105' title="bbox 231 5427 1820 5507">
     <span class='ocr_line' id='line_1_105' title="bbox 231 5427 1820 5507; baseline -0.009 -15"><span class='ocrx_word' id='word_1_745' title='bbox 231 5441 468 5507; x_wconf 81' lang='grc' dir='ltr'>ἀγῶνας</span> <span class='ocrx_word' id='word_1_746' title='bbox 503 5436 928 5506; x_wconf 75' lang='grc' dir='ltr'>ἀποκνήσωμεν.</span> <span class='ocrx_word' id='word_1_747' title='bbox 965 5431 1206 5483; x_wconf 79' lang='grc' dir='ltr'>Τοιαῦτα</span> <span class='ocrx_word' id='word_1_748' title='bbox 1239 5429 1336 5495; x_wconf 79' lang='grc' dir='ltr'>μὲν</span> <span class='ocrx_word' id='word_1_749' title='bbox 1360 5431 1387 5479; x_wconf 84' lang='grc' dir='ltr'><strong>δ</strong></span> <span class='ocrx_word' id='word_1_750' title='bbox 1413 5427 1820 5496; x_wconf 65' lang='grc' dir='ltr'>Κομιτόπνιυλος</span> 
     </span>
    </p>
   </div>
   <div class='ocr_carea' id='block_1_106' title="bbox 231 5519 1818 5594">
    <p class='ocr_par' dir='ltr' id='par_1_106' title="bbox 231 5519 1818 5594">
     <span class='ocr_line' id='line_1_106' title="bbox 231 5519 1818 5594; baseline -0.008 -11"><span class='ocrx_word' id='word_1_751' title='bbox 231 5529 397 5585; x_wconf 76' lang='grc' dir='ltr'>εἶπεν</span> <span class='ocrx_word' id='word_1_752' title='bbox 425 5545 438 5558; x_wconf 81' lang='lat'><strong><em>°</em></strong></span> <span class='ocrx_word' id='word_1_753' title='bbox 481 5529 641 5586; x_wconf 74' lang='grc' dir='ltr'>εὐυὺς</span> <span class='ocrx_word' id='word_1_754' title='bbox 667 5529 722 5579; x_wconf 77' lang='grc' dir='ltr'>δὲ</span> <span class='ocrx_word' id='word_1_755' title='bbox 759 5528 875 5594; x_wconf 80' lang='grc' dir='ltr'>μετ’</span> <span class='ocrx_word' id='word_1_756' title='bbox 918 5527 1128 5576; x_wconf 82' lang='grc' dir='ltr'>ἐκεῖνον</span> <span class='ocrx_word' id='word_1_757' title='bbox 1153 5524 1179 5574; x_wconf 84' lang='grc' dir='ltr'>ὁ</span> <span class='ocrx_word' id='word_1_758' title='bbox 1207 5522 1488 5588; x_wconf 78' lang='grc' dir='ltr'>Βατάτζης</span> <span class='ocrx_word' id='word_1_759' title='bbox 1529 5519 1715 5589; x_wconf 74' lang='grc' dir='ltr'>ἐπῄνει</span> <span class='ocrx_word' id='word_1_760' title='bbox 1761 5537 1818 5571; x_wconf 87' lang='grc' dir='ltr'><strong>τε</strong></span> 
     </span>
    </p>
   </div>
   <div class='ocr_carea' id='block_1_107' title="bbox 231 5613 1818 5692">
    <p class='ocr_par' dir='ltr' id='par_1_107' title="bbox 231 5613 1818 5692">
     <span class='ocr_line' id='line_1_107' title="bbox 231 5613 1818 5692; baseline -0.009 -16"><span class='ocrx_word' id='word_1_761' title='bbox 231 5625 305 5676; x_wconf 63' lang='grc' dir='ltr'>τὰ</span> <span class='ocrx_word' id='word_1_762' title='bbox 369 5621 665 5692; x_wconf 75' lang='grc' dir='ltr'>εἰρημένα,</span> <span class='ocrx_word' id='word_1_763' title='bbox 710 5620 804 5671; x_wconf 67' lang='grc' dir='ltr'><strong>καὶ</strong></span> <span class='ocrx_word' id='word_1_764' title='bbox 838 5618 912 5680; x_wconf 71' lang='lat' dir='ltr'><strong>ib;</strong></span> <span class='ocrx_word' id='word_1_765' title='bbox 963 5616 1187 5684; x_wconf 68' lang='grc' dir='ltr'>μηδενὸς</span> <span class='ocrx_word' id='word_1_766' title='bbox 1236 5614 1481 5664; x_wconf 77' lang='grc' dir='ltr'>ἐνδέοντα</span> <span class='ocrx_word' id='word_1_767' title='bbox 1515 5617 1651 5678; x_wconf 65' lang='grc' dir='ltr'>μήτε</span> <span class='ocrx_word' id='word_1_768' title='bbox 1688 5613 1818 5679; x_wconf 52' lang='grc' dir='ltr'>πρὸς</span> 
     </span>
    </p>
   </div>
   <div class='ocr_carea' id='block_1_108' title="bbox 232 5703 1820 5780">
    <p class='ocr_par' dir='ltr' id='par_1_108' title="bbox 232 5703 1820 5780">
     <span class='ocr_line' id='line_1_108' title="bbox 232 5703 1820 5780; baseline -0.009 -13"><span class='ocrx_word' id='word_1_769' title='bbox 232 5715 464 5767; x_wconf 75' lang='grc' dir='ltr'>σύνεσιν</span> <span class='ocrx_word' id='word_1_770' title='bbox 524 5713 658 5780; x_wconf 72' lang='grc' dir='ltr'>μήτε</span> <span class='ocrx_word' id='word_1_771' title='bbox 721 5710 857 5777; x_wconf 72' lang='grc' dir='ltr'>πρὸς</span> <span class='ocrx_word' id='word_1_772' title='bbox 913 5708 1230 5769; x_wconf 72' lang='grc' dir='ltr'>εὐϐουλίαν,</span> <span class='ocrx_word' id='word_1_773' title='bbox 1293 5703 1668 5771; x_wconf 63' lang='grc' dir='ltr'>ἐπεψηφίζετο</span> <span class='ocrx_word' id='word_1_774' title='bbox 1727 5703 1820 5755; x_wconf 68' lang='grc' dir='ltr'>καὶ</span> 
     </span>
    </p>
   </div>
   <div class='ocr_carea' id='block_1_109' title="bbox 1920 4509 3492 4580">
    <p class='ocr_par' dir='ltr' id='par_1_109' title="bbox 1920 4509 3492 4580">
     <span class='ocr_line' id='line_1_109' title="bbox 1920 4509 3492 4580; baseline 0.003 -18"><span class='ocrx_word' id='word_1_775' title='bbox 1920 4525 2021 4579; x_wconf 88' lang='lat' dir='ltr'><strong>pro</strong></span> <span class='ocrx_word' id='word_1_776' title='bbox 2054 4511 2192 4580; x_wconf 92' lang='lat' dir='ltr'><strong>ipso,</strong></span> <span class='ocrx_word' id='word_1_777' title='bbox 2219 4509 2666 4577; x_wconf 82' lang='lat' dir='ltr'><strong>cliarissimisque</strong></span> <span class='ocrx_word' id='word_1_778' title='bbox 2691 4511 2810 4578; x_wconf 90' lang='lat' dir='ltr'><strong>ejus</strong></span> <span class='ocrx_word' id='word_1_779' title='bbox 2842 4511 2988 4576; x_wconf 84' lang='lat' dir='ltr'><strong>filiis,</strong></span> <span class='ocrx_word' id='word_1_780' title='bbox 3024 4520 3079 4563; x_wconf 90' lang='lat' dir='ltr'><strong>et</strong></span> <span class='ocrx_word' id='word_1_781' title='bbox 3117 4527 3284 4565; x_wconf 81' lang='lat' dir='ltr'><strong>uxore</strong></span> <span class='ocrx_word' id='word_1_782' title='bbox 3309 4517 3492 4568; x_wconf 80' lang='lat' dir='ltr'><strong>omnia</strong></span> 
     </span>
    </p>
   </div>
   <div class='ocr_carea' id='block_1_110' title="bbox 1923 4601 3493 4670">
    <p class='ocr_par' dir='ltr' id='par_1_110' title="bbox 1923 4601 3493 4670">
     <span class='ocr_line' id='line_1_110' title="bbox 1923 4601 3493 4670; baseline 0.003 -15"><span class='ocrx_word' id='word_1_783' title='bbox 1923 4616 2141 4670; x_wconf 87' lang='lat' dir='ltr'><strong>semper</strong></span> <span class='ocrx_word' id='word_1_784' title='bbox 2173 4610 2228 4654; x_wconf 91' lang='lat' dir='ltr'><strong>et</strong></span> <span class='ocrx_word' id='word_1_785' title='bbox 2260 4603 2443 4655; x_wconf 88' lang='lat' dir='ltr'><strong>facere</strong></span> <span class='ocrx_word' id='word_1_786' title='bbox 2484 4610 2540 4654; x_wconf 88' lang='lat' dir='ltr'><strong>et</strong></span> <span class='ocrx_word' id='word_1_787' title='bbox 2571 4601 2680 4669; x_wconf 85' lang='lat' dir='ltr'><strong>pati</strong></span> <span class='ocrx_word' id='word_1_788' title='bbox 2715 4602 3069 4656; x_wconf 89' lang='lat' dir='ltr'><strong>constituisse</strong></span> <span class='ocrx_word' id='word_1_789' title='bbox 3099 4621 3110 4654; x_wconf 90' lang='lat'><strong><em>:</em></strong></span> <span class='ocrx_word' id='word_1_790' title='bbox 3146 4613 3205 4655; x_wconf 91' lang='lat' dir='ltr'><strong>ut</strong></span> <span class='ocrx_word' id='word_1_791' title='bbox 3231 4605 3299 4657; x_wconf 87' lang='lat' dir='ltr'><strong>de</strong></span> <span class='ocrx_word' id='word_1_792' title='bbox 3336 4607 3493 4660; x_wconf 86' lang='lat' dir='ltr'><strong>nobis</strong></span> 
     </span>
    </p>
   </div>
   <div class='ocr_carea' id='block_1_111' title="bbox 1921 4691 3496 4760">
    <p class='ocr_par' dir='ltr' id='par_1_111' title="bbox 1921 4691 3496 4760">
     <span class='ocr_line' id='line_1_111' title="bbox 1921 4691 3496 4760; baseline 0.004 -15"><span class='ocrx_word' id='word_1_793' title='bbox 1921 4692 2037 4745; x_wconf 66' lang='lat' dir='ltr'><strong>haec</strong></span> <span class='ocrx_word' id='word_1_794' title='bbox 2070 4692 2300 4746; x_wconf 83' lang='lat' dir='ltr'><strong>audiens</strong></span> <span class='ocrx_word' id='word_1_795' title='bbox 2355 4691 2612 4758; x_wconf 64' lang='lat' dir='ltr'><strong>laetetur,</strong></span> <span class='ocrx_word' id='word_1_796' title='bbox 2659 4691 2837 4760; x_wconf 87' lang='lat' dir='ltr'><strong>deque</strong></span> <span class='ocrx_word' id='word_1_797' title='bbox 2895 4702 3046 4747; x_wconf 88' lang='lat' dir='ltr'><strong>tanta</strong></span> <span class='ocrx_word' id='word_1_798' title='bbox 3111 4693 3496 4752; x_wconf 78' lang='lat' dir='ltr'><strong>benevolentia</strong></span> 
     </span>
    </p>
   </div>
   <div class='ocr_carea' id='block_1_112' title="bbox 1921 4784 3493 4853">
    <p class='ocr_par' dir='ltr' id='par_1_112' title="bbox 1921 4784 3493 4853">
     <span class='ocr_line' id='line_1_112' title="bbox 1921 4784 3493 4853; baseline 0.006 -17"><span class='ocrx_word' id='word_1_799' title='bbox 1921 4785 2124 4853; x_wconf 75' lang='lat' dir='ltr'><strong>gratias</strong></span> <span class='ocrx_word' id='word_1_800' title='bbox 2153 4794 2299 4853; x_wconf 78' lang='lat' dir='ltr'><strong>agat.</strong></span> <span class='ocrx_word' id='word_1_801' title='bbox 2341 4784 2454 4839; x_wconf 86' lang='lat' dir='ltr'><strong>Nec</strong></span> <span class='ocrx_word' id='word_1_802' title='bbox 2477 4785 2624 4838; x_wconf 91' lang='lat' dir='ltr'><strong>enim</strong></span> <span class='ocrx_word' id='word_1_803' title='bbox 2677 4800 2865 4852; x_wconf 90' lang='lat' dir='ltr'><strong>parum</strong></span> <span class='ocrx_word' id='word_1_804' title='bbox 2897 4785 2964 4838; x_wconf 87' lang='lat' dir='ltr'><strong>de</strong></span> <span class='ocrx_word' id='word_1_805' title='bbox 2991 4787 3152 4841; x_wconf 89' lang='lat' dir='ltr'><strong>nobis</strong></span> <span class='ocrx_word' id='word_1_806' title='bbox 3195 4789 3493 4846; x_wconf 86' lang='lat' dir='ltr'><strong>sollicitum</strong></span> 
     </span>
    </p>
   </div>
   <div class='ocr_carea' id='block_1_113' title="bbox 1920 4875 3496 4950">
    <p class='ocr_par' dir='ltr' id='par_1_113' title="bbox 1920 4875 3496 4950">
     <span class='ocr_line' id='line_1_113' title="bbox 1920 4875 3496 4950; baseline 0.003 -21"><span class='ocrx_word' id='word_1_807' title='bbox 1920 4891 2042 4930; x_wconf 91' lang='lat' dir='ltr'><strong>esse</strong></span> <span class='ocrx_word' id='word_1_808' title='bbox 2070 4875 2402 4929; x_wconf 90' lang='lat' dir='ltr'><strong>credendum</strong></span> <span class='ocrx_word' id='word_1_809' title='bbox 2448 4883 2552 4938; x_wconf 89' lang='lat' dir='ltr'><strong>est,</strong></span> <span class='ocrx_word' id='word_1_810' title='bbox 2586 4875 2680 4928; x_wconf 88' lang='lat' dir='ltr'><strong>sed</strong></span> <span class='ocrx_word' id='word_1_811' title='bbox 2733 4877 2901 4930; x_wconf 90' lang='lat' dir='ltr'><strong>variis</strong></span> <span class='ocrx_word' id='word_1_812' title='bbox 2937 4878 3260 4932; x_wconf 79' lang='lat' dir='ltr'><strong>distractum</strong></span> <span class='ocrx_word' id='word_1_813' title='bbox 3291 4883 3496 4950; x_wconf 79' lang='lat' dir='ltr'><strong>cogita-</strong></span> 
     </span>
    </p>
   </div>
   <div class='ocr_carea' id='block_1_114' title="bbox 1925 4967 3495 5040">
    <p class='ocr_par' dir='ltr' id='par_1_114' title="bbox 1925 4967 3495 5040">
     <span class='ocr_line' id='line_1_114' title="bbox 1925 4967 3495 5040; baseline 0.002 -20"><span class='ocrx_word' id='word_1_814' title='bbox 1925 4967 2164 5021; x_wconf 84' lang='lat' dir='ltr'><strong>tionibus</strong></span> <span class='ocrx_word' id='word_1_815' title='bbox 2219 4969 2526 5034; x_wconf 85' lang='lat' dir='ltr'><strong>suspicari,</strong></span> <span class='ocrx_word' id='word_1_816' title='bbox 2598 4977 2653 5020; x_wconf 94' lang='lat' dir='ltr'><strong>ut</strong></span> <span class='ocrx_word' id='word_1_817' title='bbox 2685 4978 2766 5020; x_wconf 86' lang='lat' dir='ltr'><strong>est</strong></span> <span class='ocrx_word' id='word_1_818' title='bbox 2812 4968 3152 5034; x_wconf 89' lang='lat' dir='ltr'><strong>verisimile,</strong></span> <span class='ocrx_word' id='word_1_819' title='bbox 3203 4986 3302 5025; x_wconf 91' lang='lat' dir='ltr'><strong>nos</strong></span> <span class='ocrx_word' id='word_1_820' title='bbox 3345 4973 3495 5040; x_wconf 80' lang='lat' dir='ltr'><strong>igna-</strong></span> 
     </span>
    </p>
   </div>
   <div class='ocr_carea' id='block_1_115' title="bbox 1920 5059 3495 5127">
    <p class='ocr_par' dir='ltr' id='par_1_115' title="bbox 1920 5059 3495 5127">
     <span class='ocr_line' id='line_1_115' title="bbox 1920 5059 3495 5127; baseline 0.002 -15"><span class='ocrx_word' id='word_1_821' title='bbox 1920 5059 2008 5113; x_wconf 90' lang='lat' dir='ltr'><strong>via</strong></span> <span class='ocrx_word' id='word_1_822' title='bbox 2049 5068 2329 5127; x_wconf 86' lang='lat' dir='ltr'><strong>torpentes</strong></span> <span class='ocrx_word' id='word_1_823' title='bbox 2395 5070 2608 5111; x_wconf 82' lang='lat' dir='ltr'><strong>cettare</strong></span> <span class='ocrx_word' id='word_1_824' title='bbox 2640 5059 2900 5126; x_wconf 80' lang='lat' dir='ltr'><strong>amplius</strong></span> <span class='ocrx_word' id='word_1_825' title='bbox 2935 5074 3044 5112; x_wconf 90' lang='lat' dir='ltr'><strong>non</strong></span> <span class='ocrx_word' id='word_1_826' title='bbox 3081 5059 3304 5114; x_wconf 90' lang='lat' dir='ltr'><strong>audere.</strong></span> <span class='ocrx_word' id='word_1_827' title='bbox 3356 5061 3495 5115; x_wconf 79' lang='lat' dir='ltr'><strong>Hac-</strong></span> 
     </span>
    </p>
   </div>
   <div class='ocr_carea' id='block_1_116' title="bbox 1928 5149 3490 5217">
    <p class='ocr_par' dir='ltr' id='par_1_116' title="bbox 1928 5149 3490 5217">
     <span class='ocr_line' id='line_1_116' title="bbox 1928 5149 3490 5217; baseline -0.001 -13"><span class='ocrx_word' id='word_1_828' title='bbox 1928 5161 2090 5205; x_wconf 90' lang='lat' dir='ltr'><strong>tenus</strong></span> <span class='ocrx_word' id='word_1_829' title='bbox 2127 5150 2524 5217; x_wconf 88' lang='lat' dir='ltr'><strong>Comitopulus.</strong></span> <span class='ocrx_word' id='word_1_830' title='bbox 2558 5149 2731 5214; x_wconf 88' lang='lat' dir='ltr'><strong>Quem</strong></span> <span class='ocrx_word' id='word_1_831' title='bbox 2765 5164 2888 5203; x_wconf 81' lang='lat' dir='ltr'><strong>mox</strong></span> <span class='ocrx_word' id='word_1_832' title='bbox 2914 5149 3196 5217; x_wconf 80' lang='lat' dir='ltr'><strong>excipiens</strong></span> <span class='ocrx_word' id='word_1_833' title='bbox 3225 5149 3490 5213; x_wconf 75' lang='lat' dir='ltr'><strong>Batatzes,</strong></span> 
     </span>
    </p>
   </div>
   <div class='ocr_carea' id='block_1_117' title="bbox 1923 5237 3494 5312">
    <p class='ocr_par' dir='ltr' id='par_1_117' title="bbox 1923 5237 3494 5312">
     <span class='ocr_line' id='line_1_117' title="bbox 1923 5237 3494 5312; baseline -0.002 -17"><span class='ocrx_word' id='word_1_834' title='bbox 1923 5242 2084 5312; x_wconf 74' lang='lat'><strong>506</strong></span> <span class='ocrx_word' id='word_1_835' title='bbox 2128 5251 2184 5295; x_wconf 89' lang='lat' dir='ltr'><strong>et</strong></span> <span class='ocrx_word' id='word_1_836' title='bbox 2226 5241 2368 5294; x_wconf 88' lang='lat' dir='ltr'><strong>dicta</strong></span> <span class='ocrx_word' id='word_1_837' title='bbox 2394 5239 2639 5302; x_wconf 86' lang='lat' dir='ltr'><strong>laudare,</strong></span> <span class='ocrx_word' id='word_1_838' title='bbox 2680 5247 2734 5290; x_wconf 90' lang='lat' dir='ltr'><strong>et</strong></span> <span class='ocrx_word' id='word_1_839' title='bbox 2771 5247 2828 5290; x_wconf 88' lang='lat' dir='ltr'><strong>ut</strong></span> <span class='ocrx_word' id='word_1_840' title='bbox 2868 5237 3293 5304; x_wconf 85' lang='lat' dir='ltr'><strong>prudentissima</strong></span> <span class='ocrx_word' id='word_1_841' title='bbox 3329 5251 3494 5307; x_wconf 80' lang='lat' dir='ltr'><strong>atque</strong></span> 
     </span>
    </p>
   </div>
   <div class='ocr_carea' id='block_1_118' title="bbox 1923 5329 3495 5400">
    <p class='ocr_par' dir='ltr' id='par_1_118' title="bbox 1923 5329 3495 5400">
     <span class='ocr_line' id='line_1_118' title="bbox 1923 5329 3495 5400; baseline -0.002 -13"><span class='ocrx_word' id='word_1_842' title='bbox 1923 5334 2324 5387; x_wconf 82' lang='lat' dir='ltr'><strong>consultissima</strong></span> <span class='ocrx_word' id='word_1_843' title='bbox 2353 5333 2618 5399; x_wconf 77' lang='lat' dir='ltr'><strong>suffragio</strong></span> <span class='ocrx_word' id='word_1_844' title='bbox 2641 5345 2741 5382; x_wconf 87' lang='lat' dir='ltr'><strong>suo</strong></span> <span class='ocrx_word' id='word_1_845' title='bbox 2761 5329 3089 5398; x_wconf 83' lang='lat' dir='ltr'><strong>approbare,</strong></span> <span class='ocrx_word' id='word_1_846' title='bbox 3119 5330 3495 5400; x_wconf 74' lang='lat' dir='ltr'><strong>etjuramenla</strong></span> 
     </span>
    </p>
   </div>
   <div class='ocr_carea' id='block_1_119' title="bbox 1925 5422 3493 5496">
    <p class='ocr_par' dir='ltr' id='par_1_119' title="bbox 1925 5422 3493 5496">
     <span class='ocr_line' id='line_1_119' title="bbox 1925 5422 3493 5496; baseline -0.001 -17"><span class='ocrx_word' id='word_1_847' title='bbox 1925 5443 2135 5496; x_wconf 84' lang='lat' dir='ltr'><strong>urgere.</strong></span> <span class='ocrx_word' id='word_1_848' title='bbox 2189 5428 2342 5480; x_wconf 79' lang='lat' dir='ltr'><strong>lrene</strong></span> <span class='ocrx_word' id='word_1_849' title='bbox 2403 5439 2532 5476; x_wconf 83' lang='lat' dir='ltr'><strong>vero</strong></span> <span class='ocrx_word' id='word_1_850' title='bbox 2580 5422 2922 5490; x_wconf 84' lang='lat' dir='ltr'><strong>impcratrix,</strong></span> <span class='ocrx_word' id='word_1_851' title='bbox 2976 5430 3030 5474; x_wconf 90' lang='lat' dir='ltr'><strong>et</strong></span> <span class='ocrx_word' id='word_1_852' title='bbox 3067 5424 3272 5476; x_wconf 82' lang='lat' dir='ltr'><strong>Asanes</strong></span> <span class='ocrx_word' id='word_1_853' title='bbox 3306 5422 3493 5488; x_wconf 87' lang='lat' dir='ltr'><strong>frater,</strong></span> 
     </span>
    </p>
   </div>
   <div class='ocr_carea' id='block_1_120' title="bbox 1919 5498 3497 5586">
    <p class='ocr_par' dir='ltr' id='par_1_120' title="bbox 1919 5498 3497 5586">
     <span class='ocr_line' id='line_1_120' title="bbox 1919 5498 3497 5586; baseline -0.003 -14"><span class='ocrx_word' id='word_1_854' title='bbox 1919 5517 2256 5586; x_wconf 87' lang='lat' dir='ltr'><strong>Comitopuli</strong></span> <span class='ocrx_word' id='word_1_855' title='bbox 2293 5515 2734 5567; x_wconf 81' lang='lat' dir='ltr'><strong>coliortationem</strong></span> <span class='ocrx_word' id='word_1_856' title='bbox 2768 5527 2833 5565; x_wconf 82' lang='lat' dir='ltr'><strong>ex</strong></span> <span class='ocrx_word' id='word_1_857' title='bbox 2873 5513 3064 5565; x_wconf 88' lang='lat' dir='ltr'><strong>divino</strong></span> <span class='ocrx_word' id='word_1_858' title='bbox 3113 5498 3297 5566; x_wconf 43' lang='lat' dir='ltr'><strong>aflla&#39;tu</strong></span> <span class='ocrx_word' id='word_1_859' title='bbox 3327 5515 3497 5568; x_wconf 75' lang='lat' dir='ltr'><strong>exsti-</strong></span> 
     </span>
    </p>
   </div>
   <div class='ocr_carea' id='block_1_121' title="bbox 1925 5602 3497 5674">
    <p class='ocr_par' dir='ltr' id='par_1_121' title="bbox 1925 5602 3497 5674">
     <span class='ocr_line' id='line_1_121' title="bbox 1925 5602 3497 5674; baseline -0.004 -12"><span class='ocrx_word' id='word_1_860' title='bbox 1925 5612 2056 5662; x_wconf 83' lang='lat' dir='ltr'><strong>tisse</strong></span> <span class='ocrx_word' id='word_1_861' title='bbox 2095 5607 2220 5668; x_wconf 85' lang='lat' dir='ltr'><strong>rati,</strong></span> <span class='ocrx_word' id='word_1_862' title='bbox 2255 5617 2312 5657; x_wconf 91' lang='lat' dir='ltr'><strong>ut</strong></span> <span class='ocrx_word' id='word_1_863' title='bbox 2341 5608 2404 5656; x_wconf 74' lang='lat' dir='ltr'><strong>ad</strong></span> <span class='ocrx_word' id='word_1_864' title='bbox 2440 5602 2814 5656; x_wconf 76' lang='lat' dir='ltr'><strong>dimicmtdum</strong></span> <span class='ocrx_word' id='word_1_865' title='bbox 2845 5605 3038 5656; x_wconf 83' lang='lat' dir='ltr'><strong>omnes</strong></span> <span class='ocrx_word' id='word_1_866' title='bbox 3058 5616 3321 5658; x_wconf 83' lang='lat' dir='ltr'><strong>acuerent</strong></span> <span class='ocrx_word' id='word_1_867' title='bbox 3347 5622 3497 5674; x_wconf 74' lang='lat' dir='ltr'><strong>\pro-</strong></span> 
     </span>
    </p>
   </div>
   <div class='ocr_carea' id='block_1_122' title="bbox 1928 5695 3500 5770">
    <p class='ocr_par' dir='ltr' id='par_1_122' title="bbox 1928 5695 3500 5770">
     <span class='ocr_line' id='line_1_122' title="bbox 1928 5695 3500 5770; baseline 0.001 -16"><span class='ocrx_word' id='word_1_868' title='bbox 1928 5711 2113 5770; x_wconf 84' lang='lat' dir='ltr'><strong>ptcrca</strong></span> <span class='ocrx_word' id='word_1_869' title='bbox 2145 5696 2288 5765; x_wconf 84' lang='lat' dir='ltr'><strong>quod</strong></span> <span class='ocrx_word' id='word_1_870' title='bbox 2323 5696 2412 5764; x_wconf 89' lang='lat' dir='ltr'><strong>qui</strong></span> <span class='ocrx_word' id='word_1_871' title='bbox 2443 5697 2594 5765; x_wconf 68' lang='lat' dir='ltr'><strong>prius</strong></span> <span class='ocrx_word' id='word_1_872' title='bbox 2628 5695 2864 5764; x_wconf 87' lang='lat' dir='ltr'><strong>suspecti</strong></span> <span class='ocrx_word' id='word_1_873' title='bbox 2897 5706 3073 5761; x_wconf 85' lang='lat' dir='ltr'><strong>crant,</strong></span> <span class='ocrx_word' id='word_1_874' title='bbox 3109 5705 3314 5752; x_wconf 86' lang='lat' dir='ltr'><strong>tantam</strong></span> <span class='ocrx_word' id='word_1_875' title='bbox 3352 5715 3500 5755; x_wconf 87' lang='lat' dir='ltr'><strong>nunc</strong></span> 
     </span>
    </p>
   </div>
  </div>
