3998 6204
249 322 353 382 ἐἾΊ

1388 325 1927 386 IIIS'I‘ORIAIIUM
1972 326 2202 387 LIBER
2234 328 2345 389 III.

3404 333 3509 393 εΐῖῖ

1611 459 1843 515 CAPUT
1886 458 2127 514 XLVIII.

246 550 594 625 Suburbanus
619 551 842 625 populus
875 554 927 606 in
968 553 1217 625 Oppidum
1253 547 1534 624 insurgit:
1570 555 1875 623 prwsidium
1910 555 2158 625 erumpit,
2209 553 2408 625 hostem
2449 553 2619 622 fugat.
2652 555 2743 624 qui
2774 570 2866 625 per
2888 556 3064 608 varias
3104 556 3254 609 urbes
3306 557 3512 624 disper-

315 623 479 694 gitur.
505 621 670 694 Δὶιίεε
700 621 1064 694 destruantur.
1092 623 1340 694 Episcopi
1367 621 1674 694 vaticinium
1709 627 1914 694 evettit._
1936 621 2182 675 Proceres
2207 621 2745 694 Triballospromissi
2774 621 2967 679 auxilii
3002 627 3252 694 pamitet;
3282 621 3508 679 obsidem

313 690 490 756 ﬁlium
527 693 824 759 requirunt.
871 690 1091 746 Liberus

312 761 606 829 imperator
633 762 845 814 annuit.
879 760 1093 813 Liberos
1122 773 1238 816 voto
1263 765 1454 832 potitus
1487 762 1724 817 la'tatur.

1146 691 1328 759 ﬁliam
1361 711 1520 766 suam
1577 691 1817 747 Muuueli
1877 691 2237 746 Cautacuzeni
2285 692 2399 759 ﬁlio
2452 693 2766 763 desponderi
2805 697 2969 763 cupit.
3002 691 3239 765 Utrique
3273 697 3513 766 petitioni

328 871 390 924 '0
425 872 481 926 δὲ
532 873 623 925 ἐπὶ
669 876 769 944 τῆς
792 873 898 940 ἔξω
921 874 1310 944 Διδυμο,τείχου
1343 875 1622 938 συνοικίας
1649 875 1816 943 δῆμος

1996 873 2066 928 Δι
2101 875 2255 944 plebs
2278 874 2595 931 suburbana
2627 876 2990 948 Didymoticbi
3030 894 3140 932 non
3175 880 3350 935 multo
3385 893 3511 950 post

243 965 306 1019 οῦ
341 964 522 1034 πολλῷ
569 964 799 1034 ὕστερον
832 968 933 1020 οῦκ
963 968 1196 1034 ἀνεκτὸν
1225 967 1547 1037 ἡγούμενοι,
1581 968 1630 1019 εί
1653 967 1734 1038 ¹μὴ
1763 967 1830 1020 τά

244 1060 338 1112 [σα
373 1057 468 1114 καὶ
500 1058 654 1129 αὐτοὶ
684 1061 800 1121 τοῖς
830 1058 1011 1122 ἄλλοις
1034 1061 1230 1130 δήμοις
1260 1058 1433 1129 δρῷεν
1459 1061 1552 1114 καὶ
1589 1059 1832 1126 διαφθεί-

243 1166 398 1220 ροιεν
427 1149 556 1212 τοὺς
580 1149 864 1212 δυνατοὺς,
895 1150 1006 1203 τῶν
1027 1140 1306 1220 ἀρχόντων
1327 1150 1511 1213 αὑτοῖς
1545 1149 1618 1220 μὴ
1656 1167 1832 1203 συνει-

236 1239 434 1302 δότων,
475 1239 675 1301 νυκτὸς
718 1239 813 1291 ἐπὶ
856 1239 955 1310 τὴν
985 1241 1182 1294 στάσιν
1216 1241 1485 1311 ἀλλήλους
1534 1242 1832 1311 παρορμή-

242 1353 435 1399 σαντες
465 1337 562 1390 καὶ
602 1336 1070 1404 καθοπλισάμενοι
1104 1337 1180 1399 ὡς
1203 1331 1350 1407 εἶχον
1380 1339 1582 1400 πάντες
1607 1336 1724 1406 ἅμα
1754 1337 1828 1388 ἔω

240 1431 382 1499 πρὸς
419 1430 517 1492 τάς
556 1429 733 1492 πύλας
778 1429 1050 1494 ἐλθόντες,
1087 1431 1501 1500 ἐτειχομάχουν,
1534 1435 1628 1484 καὶ
1689 1429 1829 1483 πάν-

241 1540 344 1585 τας
379 1523 639 1592 ἠπείλουν
671 1522 1026 1576 ἀποκτείνειν
1049 1526 1178 1587 τοὺς
1201 1523 1370 1590 ἔνδον,
1402 1526 1451 1576 εί
1489 1523 1564 1593 μὴ
1606 1523 1829 1585 ἐκόντες

240 1599 658 1684 προσχωροῖεν·
713 1612 858 1667 οὕτω
915 1614 1027 1684 γὰρ
1094 1614 1160 1668 ἂν
1214 1614 1368 1684 μόλις
1418 1615 1702 1681 φείσεσθαι
1743 1614 1820 1684 μὴ

240 1707 612 1759 ἀποκτείνειν.
653 1707 708 1756 Ἀ
721 1706 888 1777 σάνης
913 1706 968 1758 δὲ
1001 1707 1093 1759 καὶ
1123 1709 1155 1777 ἡ
1182 1706 1330 1760 ἔνδον
1359 1707 1591 1777 στρατιά
1620 1709 1828 1777 ἡγησά-

241 1813 400 1864 μενοι
448 1794 624 1848 δεινδν
678 1796 727 1848 εί
787 1796 924 1864 μετά
949 1796 1057 1849 τῶν
1079 1798 1142 1848 ἐκ
1176 1795 1472 1859 Βυζαντίου
1509 1795 1601 1848 καὶ
1635 1795 1736 1862 τῆς
1762 1795 1826 1848 ἐκ

233 1892 342 1956 τῆς
372 1889 533 1958 άλλης
567 1890 744 1960 ἀρχῆς
789 1888 1081 1959 Ῥωμαίων
1118 1875 1379 1958 στρᾶτιάς
1413 1889 1510 1942 καὶ
1536 1887 1689 1956 παρά
1715 1885 1824 1938 τῶν

231 1982 455 2034 οἰκείων
488 1982 890 2050 πολιορκοῖντο,
950 1982 1309 2050 ὁπλισάμενοι
1367 1982 1464 2034 καὶ
1520 1983 1673 2035 αὐτοὶ
1730 1982 1824 2033 καὶ

230 2074 552 2137 ἀνοίξαντες
594 2076 696 2138 τὰς
749 2075 925 2137 πύλας
957 2075 1367 2128 συνεπλέκοντο
1393 2073 1471 2143 τῷ
1497 2074 1654 2144 δήμῳ
1676 2074 1824 2139 ἐξελ-

229 2165 443 2230 θὸντες.
490 2168 721 2220 Ἐκεῖνοι
762 2168 819 2219 δὲ
867 2167 988 2220 ούδέ
1030 2167 1171 2236 πρὸς
1230 2167 1412 2236 ὀλίγον
1473 2166 1822 2236 ἀντισχόντες

226 2260 373 2328 πρὸς
397 2258 495 2328 τὴν
525 2259 733 2328 μάχην,
763 2258 994 2327 ἔφευγον
1031 2258 1108 2317 ὠς
1139 2255 1308 2328 εἶχον,
1346 2259 1545 2322 παῖδας
1591 2260 1686 2312 καὶ
1717 2275 1817 2324 γυ-

224 2352 424 2412 ναῖκας
444 2350 614 2418 μόνας
641 2348 1004 2412 ἀναλαϐόντες
1024 2367 1037 2381 ·
1061 2351 1156 2403 καὶ
1180 2349 1649 2418 διεσκεδάσθησαν
1675 2349 1819 2403 κατά

224 2439 330 2499 τὰς
364 2439 533 2500 ἄλλας
561 2438 745 2498 πόλεις
779 2435 949 2507 μηδὲν
975 2437 1368 2507 ἐπιφερόμενοι
1399 2431 1476 2489 ὧν
1498 2424 1644 2506 εἶχον
1678 2436 1817 2506 πλήν

225 2547 394 2584 τινων
422 2531 639 2598 ὀλίγων,
691 2531 742 2582 οἳ
778 2529 870 2582 διὰ
921 2530 982 2582 τὸ
1021 2530 1098 2600 μὴ
1165 2531 1685 2600 συμμετεσχηκέναι
1719 2531 1818 2598 τῆς

227 2621 482 2685 στάσεως
521 2624 631 2685 τοῖς
656 2622 842 2684 ἄλλοις
877 2623 1064 2691 μένειν
1093 2621 1559 2692 συνεχωρήθησαν
1585 2623 1680 2673 ἐπὶ
1709 2623 1818 2674 τῶν

223 2715 444 2767 οἰκιῶν.
483 2711 544 2766 'II
573 2714 800 2783 στρατιά
827 2713 882 2766 δέ
917 2714 1016 2776 τάς
1039 2716 1218 2777 οίκίας
1248 2714 1356 2767 τῶν
1393 2715 1678 2782 φυγόντων
1708 2714 1816 2766 διε-

225 2808 495 2878 πόρθουν,
527 2808 621 2861 καὶ
651 2807 830 2862 πάντα
855 2807 1196 2877 είσεκόμιζον
1228 2809 1381 2869 ἐντὸς
1408 2807 1627 2876 τειχῶν.
1675 2807 1816 2859 Ὀλί-

223 2916 314 2968 γῳ
331 2899 386 2951 δέ
417 2898 766 2968 ῦστερονκαὶ
792 2901 890 2962 τάς
915 2899 1176 2964 ξυλώσεις
1197 2899 1587 2968 καθαιροῦντες
1613 2899 1818 2968 ἐχρῶν-

222 3007 290 3042 το
328 2993 465 3060 πρδς
491 2991 552 3044 τὸ
592 2979 704 3063 πῦρ
755 2993 862 3046 ὑπὸ
901 2993 1010 3046 τῶν
1042 2995 1099 3045 ἐν
1136 2995 1416 3064 Βυζαντίῳ
1442 2995 1542 3064 ἥδη
1591 2993 1814 3062 πολιορ-

223 3083 514 3152 κούμενοι.
561 3085 629 3137 Ἤ
687 3084 795 3156 γὰρ
827 3088 893 3140 ἐκ
927 3086 1226 3150 Βυζαντίου
1289 3088 1521 3157 στρατιά
1551 3089 1678 3154 άχρι
1716 3086 1814 3154 μὲν

223 3176 278 3226 οἱ
332 3175 440 3239 ἔξω
471 3175 858 3244 Διδυμοτείχου
909 3176 1048 3244 πρὸς
1079 3177 1207 3240 τοὺς
1238 3161 1388 3230 ἔνδον
1431 3177 1811 3248 ὠμοφρόνουν,

221 3266 352 3320 ούδέ
385 3269 551 3334 ἐγγὺς
579 3267 834 3335 γενέσθαι
857 3269 1183 3338 ἐπεχείρουν
1202 3285 1217 3300 θ
1243 3268 1382 3321 ἀλλὰ
1411 3269 1811 3334 εἰσϐάλλοντες,

218 3357 293 3411 τὰ
325 3358 519 3430 πόρρω
556 3358 902 3429 διεπόρθουν,
942 3363 1039 3414 καὶ
1088 3359 1163 3422 ὡς
1214 3361 1446 3430 τάχιστα
1479 3363 1812 3431 ἀνεχώρουν.

234 3451 398 3503 Ἐπεὶ
425 3451 482 3504 δὲ
510 3453 542 3518 ή
577 3453 768 3510 στάσις
817 3452 1036 3519 γένοιτο
1075 3451 1169 3506 καὶ
1223 3451 1667 3518 ἐκπολεμωθεῖεν
1698 3454 1813 3514 τοῖς

1933 966 2160 1022 minime
2197 967 2486 1022 ferendum
2521 979 2739 1039 putans,
2786 972 2829 1024 si
2859 987 2966 1024 non
3005 972 3170 1026 etiam
3227 973 3365 1026 alios
3415 990 3510 1043 po-

1931 1059 2090 1129 pulos
2119 1061 2393 1127 :emulata,
2425 1071 2684 1131 potentes
2710 1063 3065 1128 interficeret,
3104 1065 3375 1134 prtefectis
3407 1067 3507 1120 im-

1932 1151 2326 1221 prudentibus,
2357 1163 2526 1208 noctu
2562 1153 2630 1208 ad
2673 1155 2968 1209 tumultum
3021 1155 3167 1212 inter
3216 1172 3277 1212 se
3301 1158 3506 1212 cohor-

1933 1243 2053 1308 tati,
2083 1244 2389 1314 armatique
2417 1253 2476 1299 ut
2507 1254 2782 1315 poterant,
2813 1262 3028 1312 omnes,
3059 1248 3200 1304 bene
3232 1265 3392 1304 mane
3436 1251 3502 1304 ad

1932 1342 2122 1403 portas
2159 1335 2486 1404 procedunt,
2522 1337 2696 1391 muris
2716 1339 3178 1408 oppugnationem
3199 1340 3453 1409 inferunt
3491 1360 3504 1396 :

1929 1425 2211 1482 minantur
2240 1427 2550 1496 oppidanos
2577 1443 2768 1484 omnes
2807 1439 3212 1500 perempturus,
3245 1433 3296 1486 ni
3327 1449 3384 1488 se
3407 1435 3508 1489 de-

1929 1514 2173 1571 diderint
2208 1534 2222 1571 :
2264 1509 2344 1571 sic
2373 1518 2520 1572 enim
2559 1518 2651 1573 vix
2710 1529 2889 1574 tamen
2919 1536 3117 1576 manus
3160 1536 3191 1575 a
3233 1523 3380 1578 caede
3417 1539 3509 1578 co—

1929 1616 2227 1672 hibituros.
2255 1617 2357 1672 llic
2412 1618 2620 1673 Asanes
2648 1627 2705 1673 et
2735 1620 3052 1689 praesidium
3087 1638 3198 1675 rem
3229 1623 3506 1691 periculo-

1927 1731 2043 1771 sam
2085 1718 2226 1783 rati,
2257 1719 2300 1773 si
2334 1729 2536 1788 praeter
2593 1719 2884 1790 Byzantios
2919 1731 2977 1777 et
3015 1724 3151 1778 alios
3189 1726 3410 1780 aliunde
3441 1743 3506 1780 ex

1927 1810 2164 1879 imperio
2205 1820 2521 1865 contractos
2573 1811 2739 1866 etiam
2766 1828 2796 1866 a
2833 1813 3153 1870 domesticis
3179 1817 3508 1870 obsideren-

1928 1905 2038 1960 tur,
2091 1898 2326 1954 accincti
2377 1907 2434 1953 et
2486 1899 2614 1968 ipsi,
2657 1901 2832 1969 portis
2882 1906 3089 1971 apertis
3139 1919 3262 1957 cum
3305 1908 3503 1973 populo

1924 1987 2234 2041 conﬂictari
2271 1998 2597 2058 erumpunt.
2639 1988 2745 2055 Qui
2797 2006 2900 2045 nec
2954 1993 3272 2061 aliquand'u
3310 1994 3501 2048 saltent

1902 2077 2190 2148 impetum
2230 2080 2532 2143 sustinens,
2563 2081 2702 2151 fugit
2728 2090 2785 2135 ut
2819 2083 3025 2151 potuit,
3064 2083 3189 2136 llliis
3217 2095 3274 2138 et
3314 2088 3500 2138 uxori-

1861 2204 1902 2258 B
1925 2169 2033 2222 bus
2069 2179 2280 2223 tantum
2315 2173 2654 2240 assumptis;
2698 2173 2946 2241 nihilque
2970 2174 3118 2227 aliud
3155 2190 3337 2228 rerum
3375 2191 3502 2228 sua-

1927 2276 2048 2314 rum
2085 2277 2272 2316 secum
2310 2272 2599 2331 asportans
2628 2303 2642 2326 ,
2685 2280 2782 2334 per
2821 2266 2957 2318 alias
2989 2266 3155 2320 urbes
3205 2265 3501 2335 dissipatus

1925 2364 2029 2408 est.
2060 2354 2278 2418 Paucis,
2304 2355 2449 2424 quod
2475 2356 2764 2410 seditionis
2785 2356 3081 2425 participes
3105 2373 3214 2410 non
3245 2357 3497 2419 fuissent,

1925 2447 2206 2502 domicilia
2239 2462 2335 2501 sua
2383 2447 2636 2502 habitare
2688 2448 3038 2515 permissum.
3080 2448 3275 2503 Milites
3312 2450 3500 2517 fugiti-

1925 2555 2122 2594 vorum
2162 2539 2422 2593 domibus
2449 2538 2701 2608 direptis,
2733 2549 2900 2594 totam
2938 2540 3173 2609 praedam
3207 2542 3261 2594 in
3305 2543 3496 2595 urbem

1927 2629 2260 2686 intulerunt.
2301 2630 2473 2685 Brevi
2532 2630 2822 2684 intervallo
2857 2631 3021 2685 etiam
3059 2616 3495 2685 materiatione'm

1924 2725 2293 2778 destruentes.
2327 2738 2390 2776 ea
2426 2739 2452 2774 a
2492 2723 2768 2792 Byzantiis
2811 2723 2922 2790 jam
2956 2722 3191 2786 obsessi,
3217 2723 3283 2776 ad
3317 2722 3499 2778 focum

1926 2815 2008 2868 usi
2039 2824 2189 2870 sunt.
2239 2814 2374 2868 Nam
2413 2813 2654 2886 Byzantii
2692 2813 2936 2883 quandiu
2992 2815 3500 2887 Didymmicheuses
3549 2848 3551 2850 -
3585 2801 3594 2808 ’

1923 2904 2226 2960 suburbani
2280 2920 2403 2959 cum
2453 2905 2747 2973 oppidanis
2796 2907 3176 2962 voluntatibus
3228 2923 3503 2976 congrue-

1925 2997 2078 3060 bant,
2129 3011 2201 3052 ne
2262 2997 2453 3066 pedem
2498 2998 2719 3065 quidem
2756 2999 2984 3068 propius
3024 2999 3166 3054 ferre
3200 2991 3497 3062 audebant,

1921 3086 2018 3140 sed
2049 3085 2343 3139 remotiora
2379 3085 2494 3155 agri
2531 3086 2932 3155 depopulantes
2958 3126 2972 3149 ,
3023 3100 3317 3159 properato
3348 3105 3406 3143 se
3441 3091 3495 3143 in

1923 3180 2117 3231 stativa
2149 3176 2509 3245 recipiebant.
2543 3175 2806 3232 Tumultu
2879 3190 3062 3234 autem
3125 3190 3182 3236 et
3227 3183 3498 3242 seditione

1888 3269 2153 3341 Icontlata
2205 3268 2508 3321 suburbani
2558 3269 2801 3344 urbanos
2855 3271 3108 3324 hostilem
3159 3272 3212 3326 in
3272 3274 3495 3328 modum

1921 3358 2184 3425 aggressi,
2223 3365 2281 3409 et
2313 3356 2413 3424 ipsi
2443 3357 2674 3409 omnino
2716 3358 2943 3411 sedibus
2995 3361 3112 3413 suis
3145 3361 3284 3425 pulsi
3322 3365 3500 3430 perie-

1926 3457 2076 3507 runt,
2108 3447 2272 3515 508
2314 3456 2370 3500 ct
2425 3446 2624 3499 urbani
2663 3448 2968 3502 imminutis
3001 3465 3330 3518 magnopere
3366 3456 3496 3506 viri-

225 3540 379 3594 ἔνδον
413 3543 462 3594 ol
517 3543 696 3606 ἐκτδις,
756 3541 910 3596 αὐτοί
956 3559 1018 3595 τε
1083 3543 1408 3615 ἐφθάρησαν
1463 3545 1816 3598 παντάπασιν

1928 3541 2052 3600 bus,
2107 3554 2286 3608 pugna
2354 3536 2607 3611 hostibus
2647 3551 2808 3604 pares
2863 3539 3100 3607 amplius
3149 3555 3256 3593 non
3316 3551 3494 3595 erant.

225 3634 529 3712 ἀνάστατοι
586 3635 969 3705 γεγενημένοι,
1009 3637 1106 3690 καὶ
1156 3639 1203 3690 οί
1255 3637 1404 3690 ἔνδον
1446 3639 1506 3691 τὸ
1544 3638 1680 3691 πολὺ
1709 3637 1810 3705 τῆς

222 3725 513 3792 δυνάμεως
550 3725 966 3796 ὑφαιρεθίντες,
1007 3727 1257 3790 ἀσθενεῖς
1289 3745 1350 3780 τε
1384 3723 1546 3798 ἦσαν,
1577 3727 1672 3780 καὶ
1723 3727 1813 3780 ού-

228 3821 353 3870 κέτι
384 3819 518 3887 πρὸς
546 3817 674 3881 τοὺς
703 3817 1002 3886 πολεμίους
1026 3817 1346 3889 ἀξιόμαχοι.
1373 3819 1535 3871 Ὅθεν
1565 3820 1811 3872 κάκεῖνοι

225 3910 479 3970 ἐπιόντες
513 3910 609 3962 καὶ
669 3909 1252 3979 στρατοπεδευόμενοι,
1306 3911 1474 3976 ἐγγὺς
1531 3910 1812 3981 διεκαρτέ-

229 4017 386 4071 ρουν.
411 4002 472 4053 Οἱ
525 4002 709 4070 μέντοι
763 4001 1191 4068 ὑπολειπόμενοι
1245 4001 1337 4054 τοῦ
1366 4003 1542 4072 δήμου
1574 4005 1630 4055 ἐν
1660 4002 1810 4055 Διδυ-

225 4090 498 4162 μοτείχῳ,
528 4091 637 4144 τῶν
667 4090 991 4161 οίκημάτων
1026 4093 1131 4145 ὑπὸ
1167 4095 1268 4162 τῆς
1322 4094 1583 4162 στρατιᾶς
1612 4095 1809 4147 καθαι-

226 4181 521 4251 ρεθέντων,
551 4183 707 4236 αὐτοὶ
741 4184 870 4245 τοὺς
921 4182 1103 4246 λίθους
1163 4182 1616 4252 ἐκκαθαίροντες,
1669 4185 1808 4253 πρὸς

222 4275 570 4343 λαχανισμὸν
602 4275 844 4345 ἐχρῶντο
865 4275 944 4345 τῷ
977 4276 1186 4346 χωρίῳ.
1220 4277 1334 4348 καὶ
1364 4277 1518 4340 τέλος
1548 4277 1649 4346 ήδη
1693 4275 1808 4348 εἶχε

225 4367 291 4417 τὸ
345 4365 476 4434 περὶ
524 4365 618 4420 τοῦ
655 4366 860 4436 χωρίου
892 4367 1088 4420 τούτου
1144 4367 1222 4435 τῷ
1285 4347 1658 4438 μητροπολίτῃ
1709 4347 1809 4436 τῆς

227 4458 410 4525 αὐτῆς
449 4458 662 4522 πόλεως
705 4460 873 4530 ὀλίγῳ
920 4461 1190 4531 πρότερον
1229 4461 1651 4531 προειρημένον.
1686 4463 1834 4514 Ἐτιμ

225 4555 338 4619 γὰρ
377 4551 837 4621 Καντακουζηνοῦ
877 4553 972 4605 τοῦ
1007 4553 1275 4622 βασιλέως
1309 4554 1446 4624 πρὸς
1472 4558 1572 4622 τὴν
1605 4557 1685 4619 είς
1711 4556 1808 4626 τὴν

222 4645 469 4712 ἑσπέραν
503 4643 1666 4715 ἐκστρατείανπαρασκευαζομένου,ἐδόκει
1698 4647 1808 4701 δεῖν

222 4738 316 4790 δια
367 4736 460 4789 τὸν
499 4736 740 4806 πόλεμον
783 4737 916 4806 περὶ
952 4736 1051 4807 τὴν
1105 4736 1209 4801 ἔξω
1271 4738 1552 4792 συνοικίαν
1603 4738 1808 4808 τάφρον

226 4826 632 4895 περιελαύνειν,
656 4829 746 4881 ῖνα
777 4828 854 4898 μὴ
887 4829 1048 4899 ῥᾳδία
1076 4831 1109 4897 ἡ
1133 4829 1339 4892 είσοδος
1380 4831 1497 4892 τοῖς
1526 4829 1810 4903 πολεμίοις

1922 3632 2076 3690 Unde
2109 3630 2210 3694 illi,
2245 3617 2511 3700 Byzantii,
2545 3629 2763 3698 inquam
2791 3669 2805 3692 .
2839 3631 3071 3698 propius
3121 3634 3405 3694 accedere,
3441 3643 3498 3688 et

1903 3725 2116 3781 locatis
2147 3723 2345 3778 castris
2374 3737 2730 3792 perseverare
2764 3738 2870 3776 non
2905 3723 3250 3779 dubitarunt.
3286 3725 3362 3779 Ex
3400 3725 3493 3780 Di-

1919 3818 2440 3891 dymoticbcusibus
2484 3817 2820 3872 suburbanis
2860 3801 3149 3882 restantes,
3184 3819 3492 3874 vicinorum

1907 3912 2130 3966 a-dibus
2180 3927 2211 3964 a
2247 3909 2422 3964 milite
2474 3910 2716 3973 eversis,
2793 3909 2894 3979 ipsi
2954 3909 3163 3979 lapides
3211 3921 3269 3966 et
3296 3912 3493 3965 rudera

1916 4001 2332 4067 cllerebant,~et
2362 4017 2460 4071 per
2497 4015 2656 4054 areas
2689 4001 2809 4054 illas
2843 4001 3087 4056 oluscula
3118 4006 3394 4056 serebant.
3429 4003 3494 4056 Et

1912 4071 2025 4165 iam
2059 4100 2341 4157 evenerat,
2369 4091 2518 4160 quod
2552 4092 2619 4145 de
2669 4091 2772 4145 hoc
2804 4092 2926 4146 loco
2959 4092 3132 4160 ipsius
3169 4092 3326 4146 urbis
3372 4075 3526 4146 me:

1920 4183 2176 4253 tropolita
2208 4197 2316 4239 non
2353 4184 2427 4237 ita
2488 4180 2701 4252 pridem
2745 4183 3072 4236 vaticinatus
3119 4183 3316 4237 fuerat.
3358 4183 3492 4236 Nam

1911 4275 2049 4330 dum
2082 4289 2142 4330 se
2173 4274 2598 4330 Cantacuzenus
2641 4273 2706 4325 ad
2735 4275 3136 4342 expeditionem
3183 4273 3497 4327 occidenta-

1917 4367 2027 4422 lem
2079 4365 2262 4421 adhuc
2294 4365 2636 4426 instrueret,
2689 4366 3003 4419 suburbana
3035 4364 3102 4418 ad
3151 4365 3360 4419 hostem
3407 4379 3494 4416 ar-

1917 4459 2155 4514 cendum
2185 4459 2329 4512 fossa
2363 4457 2567 4514 debere
2618 4457 2946 4512 circumdari
2983 4456 3339 4510 decernebat.
3373 4455 3495 4509 Tri—

1907 4549 2094 4605 -butim
2141 4550 2305 4619 igitur
2339 4551 2436 4603 toti
2475 4550 2705 4619 populo,
2741 4557 2799 4603 et
2852 4547 3072 4602 clericis
3121 4547 3380 4602 Ecclesiae
3423 4547 3492 4601 ad

1919 4643 2246 4700 fodiendum
2293 4659 2422 4713 pars
2470 4643 2913 4698 describebatur.
2969 4643 3218 4709 Quibus,
3275 4643 3493 4698 clericis

1907 4748 2074 4806 puta,
2115 4735 2360 4790 laborem
2394 4733 2836 4804 indignantibus,
2869 4742 2926 4788 et
2952 4741 3240 4788 exactores
3264 4747 3490 4803 Operam

1909 4827 1984 4883 ad
2023 4827 2344 4897 episcopum
2375 4825 2760 4880 deferentibus
2783 4867 2797 4889 ,
2829 4826 2918 4880 ille
2950 4825 3094 4880 hanc
3122 4826 3319 4902 fossam
3349 4824 3490 4878 bello

228 4918 342 4986 εἴη,
379 4919 434 4971 εί
459 4935 594 4972 ποτε
639 4919 948 4975 ἐσϐάλοιεν.
980 4921 1468 4991 Διανενεμημένης
1491 4922 1550 4974 δὲ
1580 4923 1680 4992 τῆς
1713 4924 1811 4974 τά-

1918 4915 2056 4970 nihil
2097 4915 2441 4984 profuturam
2483 4915 2755 4984 praedixit.
2786 4914 2958 4981 Quem
2985 4917 3130 4967 enim
3159 4915 3336 4966 locum
3374 4927 3492 4966 ser-

229 5026 373 5077 φρου
403 5010 547 5061 κατά
580 5011 820 5079 φατρίας
859 5012 1024 5064 παντὶ
1058 5013 1136 5080 τῷ
1183 5010 1362 5080 δήμῳ,
1394 5012 1536 5066 ὥστε
1583 5013 1812 5085 ἀνορύτο

227 5117 370 5162 τειν,
406 5101 643 5165 καὶτοῖς
672 5105 728 5155 ἐν
757 5102 837 5172 τῷ
857 5102 1046 5173 κλήρῳ
1065 5103 1166 5172 τῆς
1193 5103 1492 5174 ἐκκλησίας
1525 5107 1661 5158 πᾶσι
1695 5123 1802 5158 παι

230 5192 450 5262 ρείχετο
509 5191 687 5263 μερίς.
740 5193 1216 5262 Δυσχεραινόντων
1265 5193 1324 5248 δὲ
1373 5194 1602 5248 ἐκείνων
1629 5196 1716 5250 διά
1748 5197 1810 5250 τὸ

229 5286 442 5348 πονεῖν,
482 5284 576 5336 καὶ
607 5283 1132 5354 προσαγγελλόντων
1160 5283 1242 5354 τῷ
1273 5285 1648 5356 μητροπολίτῃ
1679 5287 1809 5349 τοὺς

230 5375 322 5426 ἐπὶ
348 5376 417 5426 τὰ
441 5374 581 5443 ἔργα
603 5375 1039 5440 ἀναγκάζοντας,
1064 5375 1230 5428 Οὐδὲν
1251 5376 1374 5446 μὲν,
1400 5373 1556 5430 εἷπεν
1581 5379 1812 5442 ἐκεῖνος,

227 5470 296 5516 τὰ
339 5465 570 5519 τοιαῦτα
604 5467 741 5538 πρὸς
764 5469 856 5520 τὸν
887 5467 1127 5537 πόλεμον
1174 5468 1540 5539 λυσιτελήσει.
1579 5471 1712 5524 Μετ’
1744 5470 1806 5522 οὐ

233 5559 370 5612 πολὺ
418 5559 527 5630 γάρ
549 5559 576 5612 δ
605 5560 1018 5631 περιποιοῦνται
1050 5561 1271 5631 χωρίον,
1295 5561 1434 5632 πρὸς
1475 5562 1816 5631 λαχανισμδν

232 5650 562 5718 ἐπιτηδείως
589 5651 755 5718 ἕξειν.
789 5651 896 5705 Τοῦ
922 5651 980 5706 δέ
1005 5653 1080 5723 μὴ
1108 5653 1286 5706 δοκεῖν
1315 5654 1512 5712 αὐτοῦς
1541 5653 1637 5705 τοῦ
1661 5655 1814 5723 κοινῇ

233 5741 652 5807 λυσιτελοῦντος
703 5744 950 5815 ἀμελεῖν,
1005 5745 1228 5799 ἐκέλευε
1281 5746 1352 5800 τά
1410 5745 1817 5810 ἐπιτεταγμένα

1914 5015 2044 5060 vare
2068 5014 2123 5060 et
2151 5006 2430 5060 custodire
2461 5006 2796 5070 niterentur,
2859 5006 3010 5060 brevi
3037 5006 3245 5057 olerum
3287 5004 3488 5056 sationi

1914 5100 2178 5155 idoneum
2207 5096 2520 5151 habituros.
2543 5097 2746 5151 Verum
2793 5095 2937 5149 enim
2977 5109 3107 5147 vero
3138 5108 3206 5145 ne
3245 5105 3490 5145 commo-

1915 5191 2046 5245 dum
2092 5189 2371 5260 publicum
2419 5187 2822 5258 parvipendere
2855 5185 3158 5243 videretur,
3193 5183 3354 5251 jussit
3385 5183 3488 5235 im-

1913 5290 2104 5354 persta
2136 5281 2275 5336 ﬁeri.
2307 5279 2445 5335 Cum
2477 5294 2585 5333 non
2617 5278 2711 5332 diu
2737 5284 2862 5346 post
2905 5285 3140 5329 eventus
3169 5273 3486 5341 respondis-

1913 5387 2020 5439 set,
2081 5372 2590 5444 Didymoticbenses
2638 5370 2693 5424 in
2751 5368 3071 5423 memoriam
3120 5365 3490 5435 praedictionis

1913 5466 2172 5537 regressi,
2209 5465 2389 5519 virum
2420 5462 2489 5517 de
2540 5477 2604 5515 ea
2647 5468 3032 5530 suspexerunt.
3075 5459 3247 5511 Porro
3275 5474 3303 5510 a
3333 5457 3490 5511 Crale

1911 5560 2296 5613 Cantacuzeno
2325 5553 2642 5623 adjuvando
2664 5551 2933 5623 designati
2961 5593 2974 5617 ,
3018 5553 3240 5620 jamque
3272 5550 3445 5619 parati
3475 5589 3488 5613 ,

1911 5663 1969 5708 et
2003 5651 2069 5706 ad
2101 5665 2238 5718 opus
2269 5648 2567 5711 accessuri,
2595 5647 2878 5702 dominum
2910 5661 3069 5701 suum
3112 5643 3446 5700 conveniunt
3473 5686 3488 5708 ,

1913 5741 2058 5796 haud
2096 5739 2228 5794 utile
2259 5752 2318 5792 se
2351 5745 2408 5792 et
2435 5737 2589 5792 illum
2626 5736 2989 5806 sibimetipsis
3047 5735 3338 5792 consilium
3387 5734 3492 5790 ini-
