3998 6204
586 365 696 428 979

1794 354 2111 417 JOANNIS
2147 352 2665 415 CANTACUZENI
3663 356 3749 416 980

588 483 737 535 vissr'
759 489 1068 541 autumant,
1104 479 1325 547 quando
1349 487 1454 532 tam
1488 478 1703 532 incaute
1734 476 1920 530 ﬂorem
1949 492 2012 530 ac
2037 491 2162 528 ner—

2271 470 2552 539 πράττειν.
2584 465 2684 522 Ὧν
2716 469 2879 536 ὀὶ.γῳ
2925 485 3153 536 υστερον
3191 467 3469 530 ἐκϐάντων,
3510 468 3756 538 ἀνεμιμνήο

588 587 716 626 vum
773 574 1030 640 potentia:
1081 587 1190 625 sua:
1241 571 1623 624 Cantacuzeno
1685 569 2056 622 tradidissent.
2101 569 2154 622 Si

587 664 735 715 enim
770 680 898 727 pace
923 679 1046 716 cum
1080 662 1234 715 Anna
1283 661 1629 727 infpcratrice
1674 660 1813 711 clam
1858 659 2157 725 composita

591 755 722 818 ipsis
759 755 1062 814 insidit-tur,
1099 768 1197 806 nec
1228 751 1452 804 insidias
1485 749 1897 818 pravsentientes
1924 748 2156 811 occidat,

591 845 722 909 quid
777 846 1078 911 reliquum,
1127 843 1227 894 nisi
1292 851 1349 893 ut
1391 856 1671 908 regressus
1709 841 1912 893 liberos
1945 848 2000 892 et
2029 854 2161 891 con-

585 937 744 1005 iuges
774 952 960 989 errant
999 936 1050 987 in
1084 934 1400 986 servitutem
1433 933 1690 1002 abripiat.
1733 937 2160 998 universumque

597 1026 968 1078 't'riballorum
1019 1024 1386 1091 principatum
1420 1024 1523 1076 sibi
1557 1023 1856 1091 subjiciat?
1890 1022 2012 1075 ideo
2045 1029 2158 1075 tum

591 1117 810 1171 t’ernum
832 1115 1129 1183 iuvandum
1162 1115 1226 1183 (si
1250 1117 1493 1182 ipsorum
1517 1123 1668 1199 egeat
1695 1113 1918 1175 auxilio)
1941 1113 2160 1181 quando

585 1207 862 1275 juniorcm
902 1208 1068 1260 [ilium
1107 1207 1250 1272 apud
1282 1221 1376 1258 cos
1401 1205 1647 1258 obsidem
1689 1204 2012 1272 reliquerit:
2041 1203 2160 1257 sine

590 1299 878 1351 obsidibus
910 1315 1015 1351 non
1047 1297 1374 1366 juvandum.
1411 1296 1500 1351 Sic
1532 1297 1678 1349 enim
1703 1295 1898 1364 cupide
1925 1311 2030 1348 una
2057 1295 2162 1348 mi-

557 1389 872 1457 ,litatttros,
911 1390 1228 1455 nullamque
1287 1388 1337 1439 in
1377 1388 1621 1440 futurum
1671 1389 1866 1440 malam
1903 1401 2052 1454 spem
2092 1385 2160 1440 de

591 1494 658 1530 eo
697 1490 1086 1545 concepturos.
1143 1477 1374 1530 Liberos
1425 1485 1606 1528 autem
1666 1475 1916 1542 privatim
1947 1473 2160 1528 Cralcm

593 1583 775 1631 orare,
839 1567 1152 1634 imperatori
1208 1575 1400 1619 auctor
1434 1574 1599 1626 esset,
1628 1574 1686 1616 ut
1727 1564 1770 1616 is
1804 1563 2033 1616 Manueli
2075 1563 2164 1628 ju-

595 1659 741 1713 niori
807 1659 918 1710 filio
988 1658 1157 1722 ipsius
1193 1657 1377 1712 Liberi
1412 1656 1572 1708 filiam
1626 1654 1983 1723 desponderet
2021 1671 2032 1706 :
2069 1669 2163 1706 au-

595 1750 761 1804 diisse
789 1750 934 1803 enim
991 1747 1193 1818 Syrgen
1230 1746 1501 1815 sponsalia
1553 1747 1695 1798 inter
1729 1747 1847 1813 ejus
1885 1745 2048 1798 ﬁliam
2106 1754 2162 1798 et

2271 562 2464 614 σκοντό
2514 578 2572 612 τε
2630 563 2678 613 οἱ
2732 563 2791 612 ἓν
2837 560 3226 629 Διδυμοτείχῳ,
3263 561 3353 611 καὶ
3385 559 3652 627 ἐθαύμαζον
3687 563 3756 613 τὸν

2268 655 2440 721 ἄνδρα
2476 652 2578 721 τῆς
2625 651 3109 724 προαγορεύσεως.
3142 652 3204 703 οι
3243 651 3418 720 μέντοι
3445 653 3578 720 παρά
3603 653 3755 720 Κράὶη

2269 748 2482 816 βασιλεῖ
2503 746 2581 815 τῷ
2612 743 3050 812 Καντακουζηνῷ
3068 741 3468 809 ἐπιτεταγμένοι
3490 747 3758 811 συμμαχεῖν,

2270 838 2394 890 ἐπεὶ
2430 836 2947 906 παρεσκευασμένοι
2983 835 3083 904 ήδη
3107 830 3268 904 ἦσαν,
3299 833 3389 886 καὶ
3414 833 3612 902 ἔμελλον
3637 834 3758 903 ἔργον

2267 930 2510 1000 ἔχεσθαι,
2537 931 2614 1000 τῷ
2653 930 3168 1002 σφετέρῳδυνάστῃ
3198 927 3586 998 προσελθόντες,
3615 931 3664 980 ού
3691 930 3759 981 λν-

2268 1023 2581 1076 σιτελοῢντα
2623 1021 2828 1088 ἔφασαν
2863 1022 3011 1090 σφᾶς
3042 1037 3104 1073 τε
3135 1021 3328 1080 αὐτοὺς
3362 1020 3594 1071 κάκεῖνον
3620 1015 3760 1085 βεόονο

2266 1116 2490 1168 λεῦσθαι
2532 1132 2599 1166 πε
2611 1117 2662 1184 pl.
2685 1114 2918 1173 ἑαυτῶν.
2943 1113 3118 1174 οὕτως
3162 1114 3570 1182 ἀπερισκέπτως
3590 1113 3638 1164 τὸ
3661 1118 3761 1180 γρά-

2262 1221 2447 1258 τιστον
2475 1206 2572 1272 τῆς
2603 1204 2784 1258 αὐτῶν
2835 1204 3121 1271 δυνάμεως
3170 1203 3573 1272 ὲγχειρίσαντας
3602 1203 3761 1253 Καντα-

2269 1297 2516 1367 κουζηνῷ
2549 1296 2626 1364 τῷ
2674 1295 2910 1366 βασιλεῖ.
2950 1296 3011 1347 Εἰ
3047 1295 3156 1364 γὰρ
3191 1296 3394 1355 ἐκεῖνος
3428 1293 3666 1354 διαλύσεις
3704 1295 3765 1343 θέο

2271 1405 2431 1456 μενος
2462 1388 2598 1458 πρὸς
2633 1389 2835 1440 ’Λνναν
2866 1387 2966 1456 τὴν
2999 1386 3252 1454 βασιλίδα
3303 1385 3484 1452 κρύφα
3516 1384 3767 1436 ἐπιϐουλεί-

2269 1497 2420 1532 σειεν
2457 1480 2664 1542 αὐτοῖς,
2700 1480 2794 1530 καὶ
2824 1479 3106 1547 διαφθερεῖ
3147 1478 3222 1547 μὴ
3253 1475 3766 1546 προαισθομένουςτὴν

2276 1571 2596 1639 ἐπιϐουλὴν,
2649 1571 2703 1622 τί
2753 1571 2942 1623 λοιπὸν
2998 1571 3031 1640 ἢ
3075 1567 3654 1626 ἐπανελθόνταντιαῖδπς
3705 1570 3766 1616 καὶ

2255 1667 2537 1733 δγυναῖκας
2569 1665 2725 1731 ἄγειν
2764 1664 2856 1714 ἐπὶ
2885 1661 3124 1730 δουλεία,
3153 1661 3246 1712 καὶ
3270 1659 3368 1729 τὴν
3407 1659 3562 1726 ἄλλην
3602 1660 3780 1712 ἅπασα-ι’

2269 1755 2587 1821 Τριϐαλλῶν
2637 1754 2815 1821 ἀρχὴν
2871 1753 3286 1814 ύποποιεῖσθαις
3335 1753 3402 1804 δι’
3449 1751 3481 1804 ἂ
3525 1753 3578 1802 0'3
3622 1755 3766 1818 χρῆναι

594 1842 899 1898 Manuelcnt
949 1841 1094 1893 hunc
1117 1881 1132 1904 ,
1164 1839 1250 1892 cui
1284 1854 1402 1892 eam
1431 1879 1445 1899 ,
1478 1839 1791 1892 Andronico
1836 1836 2162 1905 imperatore

2271 1816 2434 1917 χωρῖς
2461 1816 2689 1915 ὁμήρων
2716 1816 2922 1914 εκείνῳ
2963 1847 3274 1913 συμμαχεῖν
3295 1860 3307 1872 '
3342 1843 3452 1896 ἀλλ’
3482 1845 3528 1896 εί
3561 1816 3770 1894 τιδὲοιτο

595 1934 777 1986 adhuc
817 1933 870 1985 in
919 1933 1028 1985 vita
1083 1941 1358 1996 manente,
1385 1929 1788 1998 despondisset,
1840 1928 1962 1981 belli
2001 1941 2162 1981 causa

596 2025 913 2080 rescidisse.
989 2023 1052 2076 Et
1125 2023 1452 2077 videbantur
1511 2021 1655 2074 Crali
1721 2036 1939 2088 quoque
1995 2021 2164 2074 duces

595 2133 811 2185 mquum
848 2128 898 2169 et
949 2117 1148 2169 bonmn
1185 2116 1476 2182 postulare.
1508 2114 1874 2178 Quamobrem
1915 2112 2045 2180 quid
2072 2127 2166 2165 ve-

595 2208 720 2273 lint,
780 2207 1094 2275 imperatori
1148 2207 1462 2269 renuntiat;
1515 2205 1764 2259 hortatur
1795 2215 1854 2256 ut
1895 2205 1976 2257 eis
2007 2204 2167 2257 obse-

595 2298 834 2363 cuudct;
872 2285 1031 2366 509
1064 2297 1165 2350 hac
1189 2297 1334 2351 enim
1375 2296 1588 2348 ratione
1623 2295 1850 2362 impigre
1897 2293 2163 2349 mil'tatu-

598 2407 709 2446 ros.
741 2391 1044 2456 Separatim
1083 2405 1214 2440 vero
1253 2391 1317 2440 de
1357 2387 1540 2441 Liberi
1594 2385 1699 2440 lilia
1735 2402 1856 2438 cum
1907 2385 2018 2439 lilio
2048 2386 2166 2454 eius

599 2481 806 2550 nuptiis
839 2479 1202 2533 consocianda
1257 2487 1432 2547 rogat,
1465 2487 1519 2531 et
1565 2486 1772 2538 monet,
1813 2492 1880 2530 ne
1915 2477 2059 2544 quod
2092 2477 2166 2531 sit.

598 2573 744 2625 inter
777 2571 966 2624 ambos
1020 2586 1084 2624 ex
1133 2570 1350 2640 generis
1401 2569 1648 2622 claritate
1682 2567 2021 2632 discrimen,
2069 2568 2163 2621 sed

595 2654 862 2731 quantum
926 2661 980 2714 in
1039 2676 1279 2729 [‘rtsens
1328 2660 1540 2714 cmccre
1587 2659 1688 2713 hac
1727 2660 1809 2712 via
1861 2660 2050 2727 possit,
2086 2661 2167 2712 in-

598 2763 842 2808 tueatur.
889 2753 1021 2805 Nam
1069 2762 1428 2821 praeterquam
1462 2753 1604 2819 quol
1654 2759 1709 2803 et
1749 2749 1872 2803 aliis
1913 2749 2168 2803 Triballis

599 2847 681 2902 Ita:
745 2845 949 2912 nuptire
1007 2844 1260 2912 jucunda:
1314 2843 1669 2901 sintfuturae.
1704 2841 1866 2895 etiam
1911 2841 2164 2894 Liberum

600 2938 776 3000 ipsum
813 2952 918 2987 non
948 2936 1156 2987 socium
1184 2935 1346 2986 modo
1366 2944 1420 2986 et
1447 2933 1704 2989 amicum.
1739 2933 1832 2985 sed
1859 2941 1914 2985 et
1947 2947 2163 2986 servum

599 3029 762 3092 plane
796 3028 964 3092 ipsius
995 3027 1133 3086 fore,
1191 3025 1484 3090 omniaque
1504 3025 1623 3082 eius
1658 3024 1879 3076 utilitati
1918 3035 2166 3092 prompte

2263 1940 2363 2007 τῆς
2399 1937 2579 1991 αὐτῶν
2615 1935 2958 2004 ἐπικουρίας,
2991 1935 3084 1987 τὸν
3109 1935 3373 2004 νεώτερον
3404 1935 3506 1984 τῶν
3534 1932 3649 1984 υἱῶν
3672 1936 3769 1997 ὁμη-

2267 2028 2527 2096 ρεύσοντα
2568 2027 2891 2080 καταλιπεῖν
2943 2026 3074 2096 παρ’
3102 2025 3324 2087 αὐτοῖς·
3359 2023 3497 2077 οὕτω
3552 2027 3648 2091 γὰρ
3678 2040 3770 2091 προ-

2265 2118 2455 2184 θύμως
2516 2116 3038 2187 συστρατεύσεσθαι,
3096 2118 3193 2170 καὶ
3253 2117 3522 2186 μηδεμίαν
3576 2116 3688 2184 πρὸς
3730 2117 3770 2164 τὸ

2269 2212 2465 2281 μέλλον
2497 2213 2738 2281 πονηρὰν
2769 2211 2957 2263 ἐλπίδα
2979 2211 3224 2280 σχήσειν.
3249 2210 3473 2278 Λίϐερος
3493 2209 3542 2260 δὲ
3569 2209 3652 2274 ἰδίᾳ
3678 2206 3770 2258 ἑδεῖ-

2263 2321 2325 2355 το
2358 2303 2571 2374 Κράλῃ,
2632 2303 2841 2354 πείθειν
2906 2301 3130 2370 βασιλέα
3174 2301 3276 2370 τὴν
3327 2301 3529 2353 ἐκείνου
3555 2299 3768 2364 θυγατέρι

2264 2394 2522 2464 Μανουὴλ
2552 2392 2629 2462 τῷ
2656 2393 2904 2460 νεωτέρῳ
2944 2391 3046 2460 υἱῷ
3070 2392 3384 2460 κατεγγυᾷν
3403 2405 3418 2419 ·
3443 2389 3675 2442 πυθέσθαι
3697 2390 3770 2453 γέρ

2267 2488 2397 2556 περ)⁴
2427 2484 2634 2555 Συργῆ,
2663 2485 2739 2547 ὡς
2771 2483 3044 2536 ὁιαλύσειε
3097 2483 3192 2536 τὸν
3231 2485 3410 2552 γάμον
3461 2478 3771 2549 θυγατρὸςδιὰ

2265 2581 2354 2631 τδν
2386 2579 2640 2646 πόλεμον,
2661 2578 2731 2648 ἦν
2771 2577 2850 2629 ἔτι
2875 2578 3160 2646 περιόντος
3205 2574 3540 2644 ’Δνδρονίκου
3572 2571 3772 2641 βασιλέως

2269 2669 2445 2737 τούτῳ
2474 2670 2536 2738 δὴ
2575 2668 2926 2738 κατηγγύησε
2961 2667 3040 2735 τῷ
3081 2666 3342 2734 Μανουήλ
3365 2680 3379 2695 ⁸
3411 2664 3502 2716 καὶ
3546 2663 3691 2715 ἐδόκει
3713 2661 3774 2709 κὰ·

2269 2759 2438 2827 κείνῳ
2469 2759 2654 2810 δίκαια
2687 2759 2780 2809 καὶ
2836 2758 3190 2827 συμφέροντα
3232 2755 3421 2820 ἀξιοῦν
3450 2755 3565 2813 τοὺς
3593 2766 3773 2820 στρατη-

2266 2852 2418 2918 τούς.
2473 2850 2564 2902 Διὸ
2598 2850 2693 2902 καὶ
2727 2849 3040 2917 ἀπήγγελλε
3081 2849 3299 2918 βασιλεῖ
3332 2850 3402 2901 τὰ
3434 2849 3559 2916 παρ’
3605 2845 3777 2896 ἐκείνων

2267 2943 2556 3010 εἰρημένα,
2583 2941 2676 2992 καὶ
2711 2940 3059 2992 συνεϐούλευε
3087 2940 3378 2992 πείθεσθαι
3413 2940 3612 3000 αύτοίς,
3638 2933 3778 2985 τοῦτον

2269 3036 2471 3102 τρόπον
2526 3031 2824 3102 προθύμως
2881 3035 3465 3101 συστρατευσομένοις.
3538 3029 3704 3082 Ἐδεῖτο
3737 3042 3778 3075 τε

604 3115 1060 3181 postpositurum,
1098 3115 1240 3182 quod
1275 3115 1502 3180 ipsemet
1537 3112 1876 3182 polliceatur.
1912 3112 2034 3167 lla-c
2059 3129 2166 3177 res,

2277 3125 2384 3192 ἰδία
2417 3124 2512 3176 καὶ
2545 3122 2674 3193 περὶ
2707 3123 2937 3191 Διὸέρου
2965 3124 3066 3190 τῆς
3096 3124 3373 3194 θυγατρὸς
3425 3125 3512 3176 ἐπὶ
3553 3121 3690 3186 γάμῳ
3713 3133 3777 3166 σν-

602 3206 1003 3272 utapparebat,
1039 3221 1289 3274 n-agnum
1325 3205 1469 3258 Crali
1530 3204 1801 3272 aequitatis
1853 3213 1908 3258 et.
1967 3205 2170 3259 cando-

603 3297 682 3349 ris
713 3297 1086 3350 testimonium
1122 3297 1326 3360 dabat,
1359 3295 1501 3364 quod
1547 3295 1901 3365 dynastarum
1942 3312 2166 3358 Suorum

605 3389 986 3456 potentissimo
1009 3405 1132 3443 cum
1155 3390 1482 3457 imperatore
1503 3403 1562 3441 se
1587 3389 1970 3462 conjungente,
2007 3393 2166 3446 adeo-

607 3498 714 3549 que
761 3468 1062 3536 manifeste
1093 3483 1273 3536 omnia
1316 3483 1460 3537 illius
1490 3499 1652 3538 causa
1688 3485 1961 3539 facturum
2008 3486 2170 3555 polli-

605 3583 785 3637 conte,
818 3575 862 3628 si
899 3575 942 3626 is
975 3584 1183 3627 tantum
1223 3575 1387 3630 tiliam
1440 3577 1614 3646 ipsius
1645 3578 1756 3630 lilio
1801 3594 1903 3632 suo
1936 3580 2170 3633 colloca-

606 3674 712 3725 ret,
742 3665 876 3718 nihil
910 3667 1285 3734 suspicaretur
1331 3667 1492 3732 mali,
1529 3682 1632 3721 nec
1679 3667 1978 3736 praepedite
2007 3683 2170 3736 nego-

603 3758 739 3812 tium
772 3764 1028 3819 tentaret,
1078 3757 1170 3811 sed
1222 3757 1506 3827 adjuvaret
1535 3759 1723 3827 magis.
1777 3759 1977 3812 Verum
2027 3759 2170 3812 istnc

606 3864 715 3902 non
745 3859 848 3901 tam
897 3849 1136 3918 aequitati
1165 3848 1360 3910 Cralis,
1407 3865 1570 3918 quam
1627 3849 1807 3904 Liberi
1839 3851 2131 3918 opulentia:
2152 3890 2168 3913 ,

609 3955 814 4008 magna:
837 3954 921 4005 ;ue
951 3939 1095 3993 inter
1115 3939 1386 3992 Triballos
1418 3939 1672 4006 potentiae
1699 3938 2117 3993 adscribendum
2151 3979 2167 4002 ,

608 4035 828 4094 propter
851 4042 1012 4095 quam
1045 4037 1100 4079 et
1132 4027 1248 4094 ipse
1294 4026 1482 4081 Crales
1514 4043 1640 4080 eum
1690 4025 1968 4082 oﬂ‘endere
2009 4028 2168 4082 time-

602 4118 714 4171 bat.
738 4119 863 4196 llmc
897 4119 1064 4188 igitur
1091 4118 1204 4178 ille,
1244 4133 1370 4171 cum
1391 4127 1448 4173 et
1476 4118 1710 4172 Liberus
1752 4121 1991 4185 adesset,
2022 4120 2168 4190 apud

605 4209 990 4278 imperatorem
1034 4209 1293 4264 disseruit
1323 4227 1338 4263 :
1367 4213 1460 4279 qui
1512 4210 1658 4280 quod
1691 4223 1804 4266 tum
1843 4213 2000 4276 illud,
2053 4223 2166 4268 tum

610 4303 785 4355 hocin
817 4303 1102 4370 pra-scotia
1133 4301 1438 4356 conducere
1469 4303 1690 4358 videbat
1714 4343 1729 4366 ,
1769 4318 2025 4360 neutrum
2080 4323 2170 4362 re-

550 4389 555 4396 ’
602 4395 854 4455 cusabat,
891 4404 946 4447 et
1001 4394 1072 4448 ita
1114 4394 1480 4460 suspicionem
1541 4396 1608 4450 de
1666 4397 1832 4452 sociis
1872 4398 2168 4468 aliquando

2278 3215 2500 3266 νάπτειν
2531 3213 2607 3280 τῷ
2635 3214 2774 3282 υίῷο
2809 3215 2906 3266 καὶ
2961 3214 3034 3283 μὴ
3071 3214 3132 3266 τὸ
3176 3215 3437 3283 διάφορον
3492 3213 3668 3280 ἀμφοῖν
3708 3206 3780 3270 τῆς

2277 3305 2542 3370 εὐδοξίας,
2575 3304 2708 3358 ἀλλὰ
2739 3308 2838 3372 τὴν
2887 3305 3204 3357 συντέλειαν
3234 3307 3303 3375 ἦν
3329 3306 3464 3375 πρὸς
3490 3300 3556 3355 ’τὰ
3593 3300 3780 3362 παρόντι

2278 3397 2635 3461 συντέλεσειε,
2670 3398 2914 3450 σκοπεῖν.
2952 3397 3092 3467 Πρὸς
3135 3396 3249 3467 γὰρ
3284 3397 3364 3466 τῷ
3415 3399 3504 3448 καὶ
3529 3396 3627 3455 τοῖς
3647 3392 3779 3447 ᾶὶὶοες

2277 3488 2570 3556 Τριϐαλοῖς
2596 3488 2732 3556 πρὸς
2763 3489 2962 3559 ⁴ἡδονὴν
2979 3489 3070 3540 τὸν
3105 3489 3290 3557 γάμον
3335 3485 3473 3540 εἶναι
3506 3485 3592 3538 τοῦ
3621 3483 3776 3535 παιδὸς.

2275 3576 2356 3628 ἔτι
2389 3577 2483 3628 καὶ
2512 3576 2742 3644 Λίδερον
2777 3575 2939 3632 αὑτὸν
2994 3576 3054 3627 οὐ
3091 3575 3387 3646 σύμμαχον
3425 3574 3564 3638 ἕξειν
3607 3573 3675 3623 ἔτι
3717 3570 3780 3619 καὶ

2277 3667 2454 3734 φίλον,
2483 3666 2621 3718 ἀλλὰ
2651 3665 2839 3718 δοῦλον
2885 3665 3157 3735 ἀκριϐῶς,
3191 3669 3289 3720 καὶ
3326 3667 3500 3718 πάντα
3532 3660 3779 3730 προησόμε-

2275 3776 2364 3811 νον
2391 3757 2688 3828 προθύμως
2711 3759 2862 3828 ὑπὲρ
2894 3757 3005 3810 τῶν
3035 3757 3186 3828 αὐτῷ
3229 3758 3655 3813 λυσιτελούντων,
3679 3750 3780 3803 οὕτω

2275 3849 2383 3918 γὰρ
2411 3847 2841 3916 ἐπαγγέλλεσθαι
2865 3847 2961 3899 καὶ
2989 3847 3170 3901 αὐτόν.
3216 3847 3428 3902 Ἐδόκει
3464 3847 3558 3914 μὲν
3581 3843 3661 3895 οὖν
3690 3837 3780 3888 πολ·

2276 3942 2374 4009 λὴν
2402 3941 2708 3994 ἐπιείκειαν
2733 3942 2827 3992 καὶ
2847 3939 3277 4008 εὐγνωμοσύνην
3325 3941 3386 3991 τὸ
3415 3937 3612 3990 τοιοῦτο
3637 3931 3778 4000 Κράὶῃ

2277 4035 2714 4103 συμμαρτυρεῖν,
2737 4033 2786 4084 εί
2815 4031 2909 4084 τοῦ
2943 4031 3076 4100 παρ’
3110 4032 3264 4097 αύτῷ
3293 4031 3648 4084 δυνατωτάτου
3667 4025 3777 4088 βασι·

2273 4125 2358 4178 λεῖ
2378 4124 2833 4194 προστιθεμένου,
2871 4122 2966 4175 καὶ
3001 4121 3145 4174 οὕτω
3175 4123 3430 4192 φανερῶς
3462 4120 3593 4188 ὑπὲρ
3619 4119 3779 4168 ἐκείνου

2275 4215 2451 4267 πάντα
2505 4215 2756 4283 ποιήσειν
2807 4212 3308 4281 ἐπαγγελλομένου,
3345 4213 3394 4263 εἰ
3428 4211 3646 4263 πείθοιτο
3666 4207 3782 4272 μάντιν

2273 4311 2374 4378 τὴν
2434 4309 2643 4360 ἐκείνου
2719 4305 2997 4372 θυγατέρα
3051 4304 3384 4366 συνοικίζειν
3436 4305 3509 4371 τῷ
3565 4288 3780 4367 υίῴ,μήθ’

2277 4401 2609 4460 ὑποπτεύειν
2663 4399 2851 4460 αὐτὸς,
2883 4399 3022 4464 μήτε
3076 4395 3314 4448 κωλύειν
3366 4395 3646 4464 ἐπεχείρει,
3674 4386 3782 4439 συνέ-

605 4484 904 4545 bedcndis,
949 4493 1044 4538 aut
1077 4500 1176 4553 per
1203 4485 1430 4538 insidias
1482 4487 1804 4554 appetendis
1851 4489 2165 4546 eximebat:

2275 4505 2480 4560 πραττε
2517 4488 2574 4540 δὲ
2631 4485 2851 4554 μᾶλλον.
2884 4484 3055 4538 Τοῦτο
3084 4485 3142 4536 δὲ
3196 4486 3260 4536 ού
3295 4485 3498 4553 μᾶλλον
3527 4483 3616 4548 τῆς
3654 4481 3780 4528 tusi.

602 4576 815 4629 nescire
849 4575 993 4629 enim
1029 4590 1088 4629 se
1123 4576 1329 4630 amicos
1392 4577 1470 4630 sic
1529 4580 1892 4644 remunerari,
1951 4583 2170 4649 quando

602 4674 900 4724 constaret,
936 4681 1038 4718 nec
1081 4666 1290 4734 apertis
1343 4666 1596 4720 hostibus
1643 4684 1884 4734 unquam
1948 4670 2172 4724 insidia-

606 4765 720 4807 tum
758 4774 772 4808 :
803 4766 859 4808 ct
895 4755 1211 4810 allinitatem
1261 4773 1383 4810 cum
1417 4757 1584 4828 Syrge
1631 4774 1739 4812 non
1793 4761 2027 4827 priorem
2061 4761 2174 4818 dis-

604 4849 778 4900 suisse
803 4861 820 4910 ;
853 4845 946 4899 sed
971 4859 1038 4898 eo
1055 4861 1311 4912 generum
1341 4847 1649 4912 abdicante,
1669 4865 1845 4904 causa‘
1861 4852 1998 4905 nihil
2023 4868 2170 4919 esse,

603 4958 616 4984 ι
637 4953 701 4990 ur
725 4951 830 4990 non
860 4949 912 4990 et
944 4937 1058 5005 ipse
1115 4937 1276 4990 aliam
1336 4937 1448 4993 lilio
1484 4954 1584 4992 suo
1615 4955 1838 4995 uxorem
1877 4943 2168 5010 iungeret;

605 5027 908 5095 prmsertim
953 5043 1075 5082 cum
1104 5028 1344 5082 nondum
1367 5030 1445 5082 sic
1474 5030 1762 5084 astrictum
1789 5032 1954 5088 luerit
1982 5035 2174 5088 matri-

609 5117 877 5178 monium,
919 5125 978 5170 ut
999 5117 1300 5174 dissolvere
1331 5134 1436 5172 non
1465 5119 1673 5173 liceret.
1705 5119 1761 5174 Si
1797 5121 2171 5188 juramentum

605 5207 1050 5272 intercessisset,
1106 5208 1254 5262 nulla
1317 5210 1383 5262 de
1434 5225 1599 5265 causa
1661 5210 1713 5263 id
1783 5211 2170 5266 distracturum

607 5298 799 5352 fuisse.
851 5298 1086 5354 Proinde
1150 5299 1430 5357 dimittere
1461 5315 1518 5354 se
1552 5300 1722 5353 lilium
1744 5341 1758 5364 ,
1791 5301 1960 5359 simul
2006 5317 2175 5370 gene-

606 5406 730 5444 rum
757 5390 997 5445 futurum
1013 5391 1233 5457 Libero,
1276 5393 1440 5446 simul
1465 5403 1687 5461 propter
1706 5393 1892 5462 copias
1924 5395 2172 5458 sociales,

607 5493 670 5538 ut
701 5499 768 5537 ne
796 5483 926 5552 quid
958 5484 1028 5538 ab
1062 5500 1120 5538 se
1159 5485 1482 5540 insidiarum
1521 5494 1762 5551 metuat;
1809 5502 1916 5541 non
1965 5488 2043 5541 sic
2092 5497 2176 5541 ta-

606 5586 755 5635 meo,
793 5582 852 5626 ut
877 5574 1018 5643 apud
1051 5590 1146 5629 cos
1181 5576 1401 5629 omnino
1444 5590 1768 5645 semperque
1796 5589 2042 5637 "maneat,
2077 5577 2174 5631 sed

610 5661 708 5716 ubi
743 5675 894 5730 pater
944 5668 1319 5732 revocaverit,
1377 5669 1588 5722 redeat.
1640 5667 1872 5722 Liberus
1907 5677 1967 5720 ut
2005 5670 2176 5736 impe-

613 5759 851 5811 ratorem
879 5753 946 5811 de
975 5756 1250 5812 connubio
1280 5758 1537 5814 annuisse
1572 5761 1843 5832 cognmit,
1881 5773 2006 5814 eum
2039 5759 2173 5814 ado-

2275 4582 2432 4644 κείας
2463 4581 2654 4650 Κράλη
2680 4576 2770 4650 ἦν,
2805 4580 2837 4648 ἢ
2871 4581 2970 4647 τῆς
3013 4578 3248 4644 Λιϐἐρου
3281 4577 3594 4646 περιουσίας
3621 4565 3779 4623 καὶτοῦ

2277 4669 2491 4740 μεγάλα
2519 4668 2780 4720 δύνασθαι
2815 4667 2964 4734 παρά
2997 4667 3313 4736 Τριϐαλοῖς,
3350 4668 3493 4718 ὥστε
3534 4667 3618 4716 καὶ
3661 4657 3780 4711 uitis!

2274 4761 2637 4830 προσκρούειν
2671 4759 2948 4829 ὀρρωδεῖν.
2992 4758 3050 4810 '0
3083 4759 3182 4825 μὲν
3212 4754 3309 4810 οὖν
3349 4758 3567 4827 Κράλης
3610 4748 3778 4805 rotati?!

2274 4853 2411 4922 πρὸς
2445 4851 2670 4921 βασιλέα
2701 4848 2928 4920 διεξῄει,
2958 4849 3227 4919 παρόντος
3267 4853 3363 4902 καὶ
3393 4849 3630 4915 Λιὸἐρου.
3662 4843 3778 4892 Βασι-

2273 4943 2399 5006 λεὺς
2422 4944 2482 4996 δὲ
2507 4941 2756 4995 ἐπείθετο
2788 4941 2922 5010 πρὸς
2945 4941 3260 5008 ἀμφότερα,
3283 4939 3650 4993 λυσιτελοῦντα
3679 4927 3779 5000 ὀρῶν

2273 5037 2333 5086 ἐν
2379 5034 2458 5104 τῷ
2500 5035 2752 5102 παρόντι,
2781 5032 2876 5084 καὶ
2915 5033 3015 5100 τήν
3059 5048 3119 5084 τε
3151 5033 3392 5100 ὑποψίαν
3437 5029 3697 5084 άπωθεῖτο.
3729 5018 3777 5074 ὡς

2274 5125 2556 5196 ἀδικήσειέ
2590 5141 2718 5178 ποτε
2762 5125 2854 5176 καὶ
2908 5123 3309 5176 δπιδουλεύσειε
3368 5126 3478 5185 τοῖς
3510 5118 3775 5188 συμμάχοις·

2275 5218 2350 5271 Ού
2396 5219 2506 5286 γὰρ
2552 5216 2830 5279 τοιαύταις
2885 5217 3047 5278 αὐτὸς
3107 5215 3438 5268 ἐπίστασθαι
3486 5213 3601 5272 τοὺς
3643 5208 3776 5274 φθιοπ

2274 5309 2602 5380 ἀμείϐεσθαι
2631 5310 2999 5377 εὐεργεσίαις,
3033 5311 3169 5362 ὅπου
3200 5325 3262 5375 γε
3290 5310 3385 5361 καὶ
3412 5309 3518 5367 τοῖς
3542 5294 3776 5367 πολεμοῦσι

2276 5401 2526 5469 φανερῶς
2572 5401 2828 5453 οὐδέποτε
2855 5400 3222 5453 ἐπιϐουλεύων
3249 5401 3445 5467 ἐφάνη.
3479 5398 3580 5448 Καὶ
3601 5397 3652 5444 τὸ
3681 5385 3773 5454 πρὸς

2276 5493 2491 5562 Συργὴν
2522 5484 2815 5560 κῆδοςόύκ
2855 5493 3019 5555 αὐτὸς
3049 5493 3287 5544 διαλύειν
3323 5491 3535 5558 πρῶτος
3562 5487 3771 5552 ἔφασκεν·

2275 5584 2393 5636 ἀλλ’
2425 5584 2645 5635 ἐκείνου
2700 5583 3082 5651 ἀπειπαμένου
3146 5582 3420 5652 μηδεμίαν
3467 5581 3631 5631 αἰτίαν
3654 5570 3771 5623 εἶναι·

2275 5677 2324 5726 εἰ
2368 5675 2461 5726 καὶ
2516 5675 2677 5736 αὐτὸς
2728 5674 3022 5742 ἑτέραντῷ
3056 5673 3157 5743 υἱῷ
3193 5673 3507 5740 ἁρμόσεηται.
3546 5668 3707 5719 Καίτοι
3733 5673 3772 5719 τι

2276 5762 2386 5812 οὐδ’
2416 5764 2494 5826 είς
2528 5761 2751 5817 τοσοῦτο
2783 5762 2995 5833 δεσμῶν
3029 5765 3184 5834 ἥκειν
3233 5763 3322 5813 τὸν
3353 5762 3540 5832 γέμον,
3579 5758 3696 5807 ὥστε
3723 5751 3773 5816 μῗ
