3998 6204
278 306 378 368 997

1410 304 1957 368 lllS'l‘tililAliUM
2000 306 2231 372 LIBER
2274 310 2388 374 IlI.

3417 312 3526 379 9'38

278 417 406 486 περὶ
433 416 662 486 βασιλέα
688 417 906 482 ἀδικίας
959 419 1114 483 δίκας
1167 422 1654 490 εἰσπραττόμενον.
1683 423 1836 492 ὑπερ

1958 431 2064 484 tur.
2094 432 2155 478 ut
2192 441 2338 480 nunc
2383 427 2578 480 saltem
2625 442 2683 480 sc
2739 428 3064 496 rcSpiceret,
3122 427 3395 498 missoque
3453 431 3520 482 all

275 509 420 576 όριον
448 509 730 575 ἀποδεῖξαι
758 513 854 564 καὶ
879 512 1162 584 πλανήτην
1206 515 1508 583 περ;ιόντα,
1545 516 1633 567 ἐπ’
1663 516 1843 578 ἄλλοις

218 638 227 641 -
276 601 373 672 τὴν
424 601 616 655 ἐλπίδα
644 602 836 672 ἔχοντα
864 604 966 672 τῆς
1000 606 1296 675 σωτηρίας.
1328 606 1563 661 Ἔπειτα
1587 607 1844 661 συνεϐού-

275 694 433 746 λευεν
462 696 510 747 εί
547 695 623 766 μὴ
653 696 941 767 πρότερον,
979 696 1117 750 ἀλλά
1143 697 1240 750 νῦν
1273 714 1336 766 γε
1365 700 1421 751 τὸ
1451 702 1695 753 συνοῖσον
1719 719 1844 754 συν-

277 786 471 853 ιδόντα,
524 788 822 854 πρεσϐείαν
872 791 1202 859 ποιήσασθαι
1253 792 1388 861 πρὶς
1431 791 1715 862 βασιλίδι,
1749 793 1843 846 καὶ

276 879 461 949 ἱκέτην
491 880 662 947 αὐτῆς
685 898 743 935 τε
766 883 862 935 καὶ
887 883 1254 954 πατριάρχου,
1292 885 1388 937 καὶ
1412 885 1511 952 τῆς
1535 884 1839 956 συγκλήτου

277 971 468 1041 βουλῆς
497 973 775 1040 γενέσθαι,
830 973 971 1027 ὥστε
1006 977 1099 1029 ἐπὶ
1144 978 1257 1037 τοῖς
1287 978 1680 1046 γεγενημένοις
1712 994 1843 1045 συγ-

274 1064 501 1132 γνώμης
533 1065 898 1129 ἀξιώσαντας,
930 1068 1189 1141 πρόνοιάν
1215 1086 1336 1121 τινα
1383 1069 1720 1139 ποιήσασθαι
1748 1070 1845 1122 αύ-

272 1154 387 1216 τοῦ,
417 1158 606 1225 καὶμὴ
642 1158 936 1228 ὑπερόριος
962 1161 1256 1227 ἀπόληται,
1283 1159 1538 1229 οὐδεμιᾶς
1568 1160 1599 1231 ἢ
1630 1161 1863 1230 φαύληςρ

274 1247 420 1309 τινὸς
449 1245 667 1310 ἐλπίδος
689 1247 770 1302 ἐτι
792 1249 1248 1319 ὑπολειπομένης.
1276 1251 1541 1313 Βασιλεὺς
1568 1250 1646 1316 δὲ,
1674 1251 1843 1305 Οὐδὲν

274 1339 609 1407 θαυμαστὸν,
643 1335 823 1407 εἶπεν,
844 1343 892 1395 εί
921 1343 1138 1412 μεθύων
1160 1361 1244 1407 τις
1268 1347 1362 1399 καὶ
1384 1346 1844 1414 παραφερόμενος

276 1430 365 1482 ὑπ’
413 1430 778 1501 ἀναισθησίας
803 1434 968 1488 οίοιτο
1016 1436 1109 1488 καὶ
1135 1435 1260 1497 τοὺς
1290 1434 1484 1499 ἄλλους
1516 1438 1582 1489 τά
1609 1432 1709 1488 (crat
1739 1435 1843 1489 πά-

277 1539 445 1592 σχειν.
476 1524 586 1575 Καὶ
617 1526 679 1577 σὺ
703 1526 883 1578 τοίνυν
908 1512 973 1595 τῇ
1005 1529 1136 1598 κενῇ
1167 1526 1296 1598 δόξῃ
1327 1528 1422 1581 καλ⁵
1454 1527 1715 1599 φιλαρχία
1737 1544 1839 1581 κα-

275 1617 479 1686 τάκρας
510 1616 692 1678 ἁλοὺς,
713 1616 807 1669 καὶ
840 1618 1131 1687 προδοσίαν
1151 1619 1252 1690 τὴν
1278 1621 1512 1688 ἐσχάτην
1543 1618 1843 1689 εἰργασμέ-

222 1741 237 1747 -
275 1723 383 1771 νος,
412 1707 563 1760 οὐδὲν
594 1708 931 1779 θαυμαστὸν,
983 1711 1032 1763 εί
1066 1711 1137 1764 τὰ
1168 1708 1260 1763 ῐσα
1300 1714 1395 1766 καὶ
1423 1709 1560 1780 ἐμοῦ
1592 1712 1843 1781 καταψη-

276 1800 406 1870 φίζῃ
465 1800 633 1870 μηδὲν
672 1801 917 1855 τοιοῦτον
962 1805 1347 1874 εἰργασμένου.
1402 1801 1575 1859 Οἶσθα
1623 1805 1732 1876 γὰρ
1765 1808 1840 1869 ὡς

276 1893 408 1962 ἐμοῦ
432 1897 543 1957 τοῖς
572 1898 632 1947 ἐν
659 1894 810 1965 Ἀθῳ
838 1896 1041 1964 ἀρετῆς
1080 1897 1574 1967 ἀντιποιουμένοις,
1604 1899 1698 1951 καὶ
1745 1897 1839 1952 τοῦ

274 1983 443 2038 καλοῦ
472 1987 562 2038 καὶ
591 1986 851 2050 ἐρασταῖς
877 1987 1139 2056 ἐργάταις
1161 1993 1518 2057 γεγραφότος,
1550 1989 1644 2043 καὶ
1670 1990 1841 2044 πολλά

274 2073 560 2145 δεηθέντος
612 2070 752 2141 πρδς
799 2075 1099 2139 Βυζάντιον
1128 2075 1327 2141 ἐλθεῖν,
1355 2079 1450 2130 καὶ
1484 2079 1716 2147 βασιλίδι
1742 2079 1839 2132 καὶ

274 2167 611 2237 πατριάρχῃ,
647 2167 740 2219 καὶ
767 2160 851 2229 οἷς
876 2166 1041 2230 αὐτὸς
1069 2167 1358 2237 ὀνομάζεις
1381 2167 1687 2238 σύγκλητον
1711 2168 1838 2239 βου-

270 2258 388 2331 λην,
420 2259 773 2329 διαλεχθῆναι
809 2259 940 2331 περὶ
973 2257 1220 2331 είρήνῆς,
1256 2262 1348 2314 καὶ
1400 2263 1585 2314 πεῖσαι
1619 2261 1837 2314 κατατί-

271 2348 462 2405 θεσθαι
492 2351 584 2404 τὸν
607 2351 867 2421 πόλεμον,
892 2349 952 2403 δν
978 2350 1180 2415 ἀδίκως
1203 2353 1528 2422 κεκινήκασι
1556 2349 1678 2404 κατ’
1699 2351 1864 2420 ἐμοῦ·

270 2440 439 2509 μηδὲν
458 2440 806 2512 ⁴ίγδικηκότος,
835 2440 1202 2511 συκοφαντίας
1231 2441 1572 2512 πλασάμενοι
1605 2442 1702 2495 καὶ
1724 2443 1837 2495 δια·

272 2532 454 2595 δολάς,
517 2534 656 2601 μετά
708 2532 817 2586 τῶν
872 2532 1051 2586 ἄλλων
1086 2527 1485 2603 παρειλήφασι,
1544 2534 1638 2585 καὶ
1669 2532 1729 2585 σὲ
1759 2532 1837 2594 ὡς

271 2622 473 2691 ἀρετῆς
502 2622 953 2692 ἀντιποιούμενον
985 2622 1172 2689 δῆθεν,
1209 2624 1303 2677 καὶ
1332 2624 1472 2694 ὑπὲρ
1518 2623 1610 2678 τοῦ
1632 2622 1832 2688 ¹καλοῦ,

270 2716 363 2766 καὶ
392 2712 488 2767 τοῦ
522 2716 675 2783 κοινῇ
720 2713 1131 2778 λυσιτελοῦντος
1187 2715 1586 2786 βουλησόμενον
1619 2716 1834 2770 διακιν-

266 2803 533 2858 δυνεύειν.
573 2805 718 2857 Ἀλλ’
750 2806 953 2859 ἐκεῖνοι
983 2808 1085 2876 μὲν
1108 2807 1293 2870 καλῶς
1310 2796 1607 2871 τποιοῦντες
1628 2848 1643 2873 ,
1674 2809 1743 2861 τά
1773 2824 1833 2861 τε

266 2895 455 2949 δέοντα
473 2897 727 2967 είρὴκασι
759 2898 896 2968 μετά
925 2898 1260 2971 παρρησίας,
1286 2900 1381 2953 καὶ
1409 2900 1516 2953 τῶν
1538 2903 1612 2963 είς
1634 2900 1834 2965 αὐτοὺς

265 2988 508 3054 ἡκόντων
557 2988 802 3041 ἐνέλιπον
830 2988 1007 3054 οὐδὲν,
1061 2993 1158 3043 καὶ
1191 2992 1299 3043 τῶν
1336 2992 1672 3062 διαφθείρειν
1708 2992 1832 3063 βου-

1876 1773 1916 1829 Β

1953 516 2248 585 Angustam
2286 518 2487 583 legato,
2526 518 2722 587 ipsam,
2752 520 3121 588 patriarcbam
3150 530 3316 589 atque
3341 524 3525 576 consio

1951 608 2086 662 lium
2144 609 2473 678 suppliciter
2496 620 2704 675 oraret,
2755 624 2815 667 ut
2846 612 2970 666 data
3014 613 3310 681 praeteritis
3340 615 3522 677 venia,

1951 700 2135 769 aliqua
2174 717 2232 754 se
2261 717 2391 756 cura
2428 703 2808 773 dignarentur,
2840 719 2942 758 nec
2976 704 3044 757 ab
3069 703 3222 758 oumi
3256 704 3400 759 bona
3428 720 3523 773 spe

1950 790 2254 859 desertum,
2301 793 2527 849 interire
2562 806 2835 849 extorrem
2881 803 3221 864 paterentur.
3258 797 3392 848 Tum
3425 797 3526 850 im-

1949 891 2171 949 perator
2205 900 2219 936 :
2251 882 2403 937 llaud
2443 885 2665 947 tnirum,
2702 884 2799 948 ait,
2835 889 2878 938 si
2913 884 3105 938 ebrius
3139 885 3435 954 quispiam,
3467 897 3525 938 et

1952 971 2005 1024 in
2038 973 2225 1026 urbem
2261 983 2437 1039 actus,
2470 990 2632 1028 sensu
2664 973 2974 1041 deficiente,
3016 984 3217 1030 terram
3271 976 3520 1030 stabilem

1948 1074 2005 1118 et
2060 1065 2439 1118 inconcussam
2493 1065 2747 1120 vacillare
2797 1076 2982 1135 putet,
3024 1082 3148 1127 nec,
3203 1068 3250 1119 si
3310 1068 3523 1122 insania

1951 1168 2261 1227 correptus,
2316 1158 2455 1211 alios
2509 1172 2729 1227 quoque
2775 1158 2988 1227 iudicet
3036 1158 3299 1214 insanire.
3352 1160 3416 1214 Et
3465 1170 3518 1213 tu

1952 1248 2119 1319 igitur
2161 1249 2307 1302 inani
2341 1250 2514 1319 gloria
2567 1261 2625 1305 et
2676 1265 2868 1307 amore
2897 1252 3215 1307 dominandi
3256 1253 3520 1308 subactus

1949 1340 2131 1410 plane,
2163 1324 2521 1411 proditorque
2542 1343 2830 1407 maximus,
2858 1345 2994 1398 nihil
3020 1345 3243 1409 mirum,
3269 1346 3312 1399 si
3336 1346 3523 1401 inson-

1951 1441 2056 1486 tem
2077 1447 2162 1485 me
2184 1432 2503 1487 earumdem
2535 1435 2825 1488 criminum
2850 1435 3200 1491 condemnes.
3223 1437 3517 1492 Meministi

1947 1523 2224 1592 quomodo
2251 1540 2375 1577 cum
2422 1523 2487 1578 ad
2533 1525 2756 1579 virtutis
2802 1526 3075 1589 alumnos,
3109 1526 3518 1596 honestatisque

1947 1624 2244 1680 amatores,
2293 1624 2350 1670 et
2403 1616 2644 1670 cultores
2704 1616 2761 1671 in
2813 1617 2958 1671 Atho
3010 1628 3195 1672 monte
3247 1618 3516 1679 scribens,

1951 1720 2047 1761 eos
2078 1708 2241 1762 enixe
2297 1722 2570 1776 rogassem
2611 1717 2671 1762 ut
2712 1707 3029 1779 Byzantium
3064 1709 3518 1774 venientes,.cum

1948 1799 2321 1868 imperatrice,
2363 1800 2712 1869 patriarcha,’
2745 1810 2801 1855 et
2830 1800 2977 1869 quod
3016 1803 3307 1855 nominasti
3330 1801 3519 1856 consi-

1946 1884 2044 1956 lio,
2099 1890 2170 1945 de
2221 1906 2354 1961 pare
2406 1884 2654 1960 agerent,
2697 1891 3121 1961 deponendique
3173 1890 3324 1953 belli,
3371 1891 3518 1961 quod

1946 1982 2194 2037 conﬁctis
2221 1974 2728 2044 criminationibus,
2775 1981 2909 2035 mihi
2948 1982 3258 2035 immerenti
3303 1982 3519 2038 intulisa

1945 2085 2085 2139 sont,
2120 2085 2376 2133 auctores
2423 2077 2645 2141 flerent,
2698 2093 2825 2132 cum
2882 2078 3007 2131 aliis
3069 2084 3120 2128 te
3175 2090 3429 2153 quoque,
3459 2083 3519 2131 υι

1943 2167 2324 2222 sanctimoniae
2379 2169 2566 2223 studio
2625 2169 2940 2238 ﬂagrantem
2999 2168 3250 2229 scilicet,
3310 2176 3367 2221 et
3413 2170 3543 2235 pro'

1945 2259 2146 2313 tuenda
2211 2260 2543 2323 honestate,
2601 2260 2995 2329 communique
3054 2260 3236 2312 fructu
3304 2257 3514 2311 nullum

1942 2351 2216 2405 certamen
2254 2350 2693 2406 detrectaturutn
2731 2351 3150 2420 assumpserint.
3188 2349 3392 2403 Verum
3435 2349 3513 2403 illi

1942 2453 2088 2498 recte
2134 2458 2288 2503 sane.
2327 2453 2382 2497 et
2431 2458 2554 2513 quae
2607 2442 2855 2512 oportuit
2910 2458 3037 2497 cum
3070 2442 3325 2496 libertate
3352 2442 3512 2496 dixe-

1940 2536 2091 2597 runt,
2138 2549 2473 2603 suarumque
2504 2532 2741 2603 partium
2772 2532 2908 2587 nihil
2943 2535 3432 2602 praetermiserunt,
3455 2542 3516 2587 et
3564 2576 3569 2583 .

1940 2624 2010 2680 ab
2041 2626 2106 2679 iis
2130 2625 2226 2695 qui
2263 2640 2458 2679 eorum
2511 2625 2879 2696 integritatem
2926 2639 3307 2693 corrumpere,
3344 2633 3509 2692 atque

1939 2729 1970 2769 a
2005 2719 2236 2770 veritate
2268 2716 2323 2769 in
2355 2715 2634 2770 diversum
2666 2731 2861 2786 rapere
2891 2716 3111 2786 magnis
3156 2717 3511 2785 pollicitatio-

1939 2805 2104 2860 nibus
2161 2807 2528 2872 conabantur,
2576 2823 2605 2861 a
2642 2808 2836 2875 primis
2890 2806 3315 2876 cogitationibus
3372 2808 3509 2873 suis,

1938 2907 2103 2968 atque
2140 2898 2209 2951 ab
2266 2913 2334 2952 eo
2388 2905 2534 2967 quod
2606 2898 2774 2952 semel
2831 2897 3126 2952 honestum
3185 2912 3249 2950 ac
3298 2897 3505 2966 justum

1933 2988 2292 3058 iudicassent,
2327 3002 2436 3041 non
2468 2995 2597 3041 sunt
2624 2987 2841 3041 dimoti.
2887 2985 3004 3052 Qua
3035 2988 3103 3040 de
3130 3001 3293 3039 causa
3338 3002 3510 3056 usque

265 3079 509 3147 λομένων
564 3081 658 3132 καὶ
717 3080 1064 3149 διαστρέφειν
1113 3080 1222 3135 ἀπὸ
1247 3082 1344 3152 τῆς
1386 3083 1668 3153 ἀληθείας,
1705 3085 1830 3139 ούδέ

1941 3078 2105 3133 hodie
2131 3078 2184 3131 in
2224 3078 2395 3132 multa
2420 3092 2673 3132 aerumna
2704 3086 2852 3131 sunt.
2889 3076 2969 3131 Tu
2991 3085 3173 3130 autem
3199 3077 3508 3146 imperandi

268 3172 712 3243 ἐπεστράφησαν,
749 3170 921 3224 πολλά
949 3172 1436 3243 ἐπαγγελλομένων
1471 3173 1531 3227 εῦ
1560 3176 1828 3246 ποιήσειν,

266 3264 405 3316 ἀ).λά
429 3267 541 3327 τοῖς
565 3265 799 3335 ἐξαρχῆς
855 3265 1139 3335 ἐνέμειναν
1161 3266 1462 3335 λογισμοῖς,
1490 3268 1583 3321 καὶ
1609 3271 1675 3339 τῇ
1701 3270 1831 3339 περὶ

261 3356 358 3408 τοῦ
390 3356 557 3410 καλοῦ
590 3359 684 3409 καὶ
725 3357 941 3411 δικαίου
970 3358 1178 3429 κρίσει.
1235 3360 1314 3410 Δι’
1341 3358 1377 3413 ἃ
1409 3361 1505 3413 καὶ
1539 3360 1701 3430 μέχρι
1736 3363 1832 3415 νῦν

261 3449 482 3511 πολλοῖς
537 3447 1121 3518 προσταλαιπωροῦσιν
1166 3447 1459 3517 ἀλγεινοῖς.
1513 3450 1587 3505 Σὺ
1638 3449 1684 3503 δ’
1725 3450 1832 3504 ὑπὸ

265 3538 560 3611 φιλαρχίας
591 3541 811 3611 καὶτῆς
869 3541 1012 3593 κατά
1067 3539 1167 3609 τὴν
1222 3539 1642 3608 ἀρχιερωσύνην
1672 3539 1830 3607 δόξης

262 3630 524 3700 ἡττηθεὶς
550 3631 815 3701 αἰσχρῶς,
868 3632 960 3683 καὶ
1019 3632 1148 3693 τοῦς
1202 3619 1661 3700 συμπρεσϐευτὰς
1695 3633 1832 3700 μετά

262 3721 360 3776 τοῦ
389 3723 603 3777 δικαίου
630 3724 722 3776 καὶ
745 3724 841 3793 τῆς
878 3722 1138 3793 ἀληθείας
1165 3722 1484 3789 προύδωκας
1510 3741 1523 3756 ·
1547 3720 1628 3787 οἷς
1654 3719 1831 3795 ἁρμό-

264 3831 350 3865 σει
385 3814 581 3883 μικρδιν
605 3813 1018 3878 ὑπαλλάξαντας
1038 3814 1101 3868 τὸ
1123 3815 1229 3868 ὑπὸ
1275 3815 1485 3869 Παύλου
1510 3817 1602 3871 τοῦ
1626 3809 1829 3871 θεσπε-

262 3905 385 3956 σίου
422 3904 711 3973 εἰρημένον
732 3906 1060 3974 περϊΔημᾶ,
1085 3906 1179 3958 καὶ
1202 3906 1333 3977 περὶ
1364 3906 1459 3959 σοῦ
1492 3908 1668 3960 εἰπεῖν
1688 3908 1827 3971 νυνί,

258 3997 344 4047 ὅτι
373 4013 391 4046 ι
422 3996 707 4066 Μακάριος
728 3997 873 4065 ἡμᾶς
903 3997 1278 4066 ἐγκατέλιπεν,
1296 3998 1583 4068 ἀγαπήσας
1613 3999 1705 4053 τὸν
1736 4000 1831 4052 νῦν

255 4085 456 4150 αἰῶνα,
484 4089 576 4139 καὶ
628 4087 902 4159 ἐπορεύθη
934 4090 1013 4151 είς
1043 4088 1467 4159 θεσσαλονίκην.
1510 4110 1529 4143 ι
1571 4091 1639 4143 Ἀ
1661 4093 1830 4162 ἐχρῆν

258 4177 639 4245 μεμνημένον,
669 4180 763 4231 καὶ
788 4177 861 4240 ὡς
891 4177 985 4232 νῦν
1011 4179 1349 4250 ἀνοσιώτερα
1388 4182 1480 4234 καὶ
1522 4182 1830 4255 ἀδικώτερα

253 4268 448 4338 πολλῷ
479 4270 703 4340 τολμᾷς,
749 4270 840 4323 τὸν
880 4271 1034 4323 οὐδὲν
1060 4272 1161 4340 ἐμὲ
1194 4273 1492 4341 ἠδικηκότα
1514 4275 1828 4347 αὐτοχειρίᾳ

256 4362 549 4430 μονονουχὶ
574 4361 915 4431 πειρώμενος
942 4364 1208 4430 φονεύειν,
1225 4364 1386 4434 χάριν
1402 4365 1556 4429 ἀξίαν
1579 4354 1828 4438 ἐν’τούτῳ

1940 3169 2202 3239 cupidine
2251 3177 2306 3222 et
2331 3169 2682 3239 episcopatus
2702 3166 2995 3237 splendore
3025 3167 3261 3236 turpiter
3283 3174 3510 3235 supera-

1941 3271 2049 3321 tus.
2082 3264 2249 3317 ctiam
2309 3261 2597 3332 legationis
2656 3260 2836 3315 socios
2886 3275 2992 3313 una
3043 3275 3168 3313 cum
3209 3260 3422 3330 justitia
3451 3269 3509 3313 et

1938 3357 2169 3408 veritate
2213 3352 2500 3422 prodidisti
2540 3370 2552 3405 :
2593 3352 2684 3421 qui
2721 3350 2857 3405 illud
2905 3350 3017 3405 divi
3051 3350 3202 3404 Pauli
3243 3351 3312 3404 de
3344 3351 3508 3405 Dema

1940 3446 2151 3499 modice
2169 3446 2516 3498 immutatum
2536 3444 2628 3495 tibi
2651 3451 2878 3511 possunt
2899 3445 3179 3497 occinere:
3203 3461 3222 3494 ι
3244 3443 3410 3496 Maca:
3425 3443 3512 3499 ius
3568 3468 3577 3475 ι

1939 3552 2039 3591 nos
2070 3536 2314 3604 reliquit,
2362 3535 2595 3607 diligens
2654 3534 2758 3588 hoc
2788 3535 3069 3620 saeculuth
3116 3543 3173 3587 et
3224 3534 3505 3601 profectus

1935 3640 2020 3682 est
2069 3626 2537 3681 Thessalonicam.
2577 3642 2595 3677 ι
2630 3624 2877 3691 Quorum
2927 3635 2981 3679 te
3039 3637 3338 3678 memorent
3381 3638 3505 3677 esse

1936 3724 2241 3788 oportebat,
2276 3726 2331 3771 et
2365 3717 2560 3771 horum
2591 3716 2777 3782 simul,
2800 3732 2923 3786 qua:
2946 3731 3093 3770 nunc
3121 3714 3499 3780 sceleratiora,

1937 3809 2218 3879 magisque
2262 3808 2429 3877 impia
2463 3824 2570 3863 non
2607 3809 2936 3863 reformidas
2966 3825 2978 3861 :
3016 3806 3181 3877 520
3208 3806 3338 3861 dum
3393 3822 3503 3872 me,

1935 3903 2029 3972 qui
2065 3902 2175 3957 laesi
2203 3901 2502 3966 neminem,
2537 3911 2747 3955 tantum
2798 3918 2907 3956 non
2962 3915 3063 3971 per
3092 3910 3255 3954 temet
3283 3901 3505 3955 conaris

1884 3974 1893 3997 ⁸
1934 3995 2186 4050 oecidere
2252 3996 2466 4065 (dignas
2505 3994 2761 4049 videlicet
2803 3995 2910 4061 isto
2938 3993 3099 4048 modo
3123 3993 3325 4064 gratias
3361 3993 3502 4047 refc-

1935 4104 2065 4144 rens
2104 4089 2192 4151 iis,
2247 4089 2341 4159 qui
2394 4091 2768 4158 episcopatum
2819 4086 2915 4140 tibi
2968 4089 3412 4150 mandaverunt),
3446 4093 3500 4139 et

1935 4180 2142 4235 nefarie
2166 4181 2341 4234 ell‘uso
2387 4179 2651 4249 sanguine
2686 4160 2882 4231 manus
2910 4186 3032 4232 tuas
3079 4178 3265 4233 sceler.
3292 4194 3350 4233 re
3385 4196 3399 4233 :
3428 4178 3500 4232 ita

1935 4287 2022 4327 me
2048 4273 2272 4343 ingratae
2302 4279 2356 4324 et
2386 4271 2648 4339 improba:
2676 4270 2728 4324 in
2772 4269 3159 4338 imperatorem
3195 4272 3499 4324 voluntatis

1936 4380 2044 4418 nou
2096 4376 2441 4425 accusasses,
2492 4361 2584 4430 qui
2637 4360 2773 4415 nihil
2831 4376 3070 4430 unquam
3103 4362 3222 4428 ejus
3259 4361 3499 4415 amicitia

253 4448 685 4515 κατατιθέμενος
718 4453 829 4510 τοῖς
854 4450 955 4521 τὴν
977 4452 1396 4523 ἀρχιερωσύνην
1431 4455 1828 4524 ἐγχειρίσασιν,

1939 4457 2211 4526 indignum
2259 4440 2589 4523 perpetrari.
2628 4453 2701 4507 De
2757 4468 2876 4505 mea
2930 4451 3101 4521 igitur
3124 4451 3181 4504 in
3238 4452 3388 4505 illum
3442 4461 3497 4506 et

251 4538 492 4603 αἴμασιν
525 4538 734 4601 ἀδίκοις
766 4541 1010 4609 μολύνων
1031 4546 1128 4606 τὰς
1153 4546 1363 4613 χεῖρας,
1398 4544 1474 4614 μὴ
1497 4546 1628 4615 ἐμοῦ
1655 4565 1827 4601 κατα-

1932 4550 2136 4604 liberos
2166 4547 2285 4617 ejus
2308 4547 2509 4616 pietate
2553 4545 2763 4599 nullum
2796 4559 2945 4597 nunc
2972 4553 3152 4597 tecum
3201 4543 3368 4596 semel
3403 4543 3499 4595 dc-

251 4628 603 4694 ιξτ,φίξεσθαι
631 4631 846 4685 ἀδικίαν
880 4635 973 4685 καὶ
1017 4636 1412 4704 ἀγνωμοσύνην
1446 4641 1571 4706 περὶ
1605 4639 1829 4707 βασιλέα

1939 4650 2178 4711 pravato,
2221 4654 2284 4691 ac
2310 4640 2378 4692 de
2409 4654 2493 4690 me
2519 4636 2757 4706 pessime
2787 4634 3165 4696 cxistimante,
3212 4634 3498 4702 loquente-

252 4720 415 4770 οὐδὲν
444 4719 566 4772 οὔτε
601 4721 887 4790 πρότερον,
916 4720 1039 4775 οὔτε
1069 4724 1233 4794 μέχρι
1259 4725 1353 4777 νῦν
1384 4725 1601 4791 ἀνάξιον
1629 4729 1725 4796 τῆς
1749 4730 1830 4792 είς

250 4811 471 4861 ἐκεῖνον
520 4810 701 4879 φιλίας
754 4813 1143 4881 εἰργασμένου.
1209 4817 1343 4884 Περὶ
1371 4816 1471 4885 μὲν
1499 4814 1593 4871 οὖν
1624 4818 1724 4886 τῆς
1749 4821 1828 4882 είς

250 4899 489 4967 βασιλέα
519 4902 759 4965 καὶτοὺς
815 4903 1010 4966 παῖδας
1038 4903 1173 4972 ἐμοῦ
1196 4905 1638 4975 εὐγνωμοσύνης,
1672 4907 1828 4973 λόγον
1876 4948 1883 4953 .

238 4989 455 5041 οὐδένα
485 4990 617 5057 πρὸς
652 4993 709 5044 σὲ
745 4995 1043 5063 ποιήσομαι
1072 4982 1188 5047 νῦνὶ
1215 4994 1472 5059 καθάπαξ
1501 4999 1600 5058 τὰς
1625 4998 1827 5066 φρένας

243 5080 604 5148 διεφθορότα,
635 5087 728 5135 καὶ
766 5083 950 5146 ἄδικα,
981 5087 1076 5157 xui.
1129 5087 1422 5157 παράνομα
1482 5087 1576 5139 καὶ
1604 5088 1825 5154 λέγοντα

246 5171 357 5220 καὶ
393 5170 771 5240 διανοούμενον
803 5177 929 5245 περὶ
968 5154 1125 5243 ἐμοῦ,
1159 5154 1273 5228 ἀλλ’
1322 5175 1547 5245 ὕστερον
1577 5177 1737 5247 ἡνίκα
1763 5178 1827 5231 ἂν

244 5260 430 5331 ἐθέλῃ
459 5260 612 5325 θεός.
664 5264 801 5332 Περὶ
828 5265 885 5318 δέ
923 5259 995 5318 ὧν
1029 5266 1276 5335 εἴρηκας,
1315 5266 1390 5328 ὡς
1424 5267 1506 5319 δεῖ
1556 5265 1825 5336 βασιλίδος

1914 4814 1933 4831 Α

1927 4746 2035 4800 que
2073 4731 2296 4783 verbum
2333 4728 2683 4783 commutabo
2710 4744 2724 4781 :
2748 4728 2843 4780 sed
2876 4742 3001 4780 cum
3049 4727 3194 4781 Dens
3236 4728 3490 4783 voluerit.

1926 4818 2086 4886 Quod
2147 4830 2329 4870 autent
2379 4818 2613 4886 injecistt
2654 4818 2707 4869 iu
2760 4831 3037 4877 sermone,
3098 4825 3353 4884 oportere
3408 4831 3494 4869 me

1932 4907 2268 4975 impcratrici
2325 4922 2389 4960 ac
2439 4906 2766 4975 patriarcha:
2832 4906 3214 4974 supplicare,‘
3251 4916 3310 4957 ut
3368 4907 3492 4956 data

1926 5001 2112 5063 venia,
2142 5000 2303 5053 saluti
2333 5013 2466 5052 mea:
2482 5007 2827 5067 prospectum
2860 4998 3053 5068 yelint,
3084 4994 3216 5049 illud
3249 4998 3521 5064 apposite"

1928 5090 2343 5157 responderim,
2386 5108 2404 5140 ι
2436 5089 2582 5143 Filiae
2625 5089 2951 5154 Jerusalem,
2982 5087 3149 5163 nolite
3175 5085 3305 5141 flere
3333 5102 3497 5155 super

1928 5198 2036 5245 me,
2072 5183 2166 5236 sed
2217 5196 2384 5250 super
2427 5195 2525 5234 vos
2571 5182 2715 5250 ipsas
2761 5180 2907 5241 llete,
2950 5187 3007 5233 et
3038 5193 3203 5245 super
3240 5177 3380 5233 lilios
3402 5194 3497 5245 ve-

1927 5273 2126 5328 stros’.
2166 5291 2184 5324 ι
2216 5271 2339 5326 Ιιῖεο
2368 5270 2433 5324 ad
2475 5270 2765 5325 Macarium
2796 5282 2979 5321 coram
3005 5267 3323 5336 imperator.

248 5352 458 5417 ἱκέτην
487 5354 581 5404 καὶ
630 5356 977 5436 πατριάρχου
1031 5357 1280 5420 γενέσθαι
1314 5357 1389 5418 ὡς
1412 5358 1478 5409 ἂν
1504 5364 1834 5431 σύγγνὼμην
1874 5367 2285 5436 παρασχόμενοι
2354 5364 2610 5432 πρόνοιάν
2649 5380 2770 5415 τινα
2829 5366 3167 5435 ποιήσωνται
3200 5365 3327 5435 πρὶν
3356 5379 3496 5418 παν-

238 5443 499 5494 τάπασιν
558 5432 883 5513 nmium,
916 5451 1093 5502 ἐκεῖνο
1150 5447 1404 5519 εὔκαιρον
1453 5453 1646 5516 εἰπεῖν,
1675 5455 1756 5506 ὅτι
1797 5474 1816 5506 ι
1848 5432 2187 5528 δίη-κλαίετε
2240 5457 2324 5507 ἐπ’
2373 5455 2496 5525 ἐμὲ,
2526 5453 2819 5524 θύγατέρες
2872 5432 3252 5529 Ἰερουσαλὴμ,
3272 5457 3385 5511 ἀλλ’
3410 5455 3498 5528 ἐφ’

237 5539 480 5603 ἑαυτὰς,
514 5542 608 5594 καὶ
632 5544 725 5596 ἐπὶ
754 5544 823 5597 τά
856 5545 1022 5599 τέκνα
1054 5547 1229 5619 ὑμῶν.
1266 5565 1285 5600 ι
1334 5548 1475 5617 Πρὸς
1508 5548 1605 5619 μὲν
1631 5545 1725 5602 οῦν
1754 5552 1961 5607 ἐκεῖνον
1983 5555 2011 5605 ὁ
2043 5551 2294 5621 βασιλεὺς
2322 5550 2546 5604 τοιαῦτα
2577 5549 2924 5617 ἀπεκρίνατο.

324 5705 345 5735 ⁸
378 5703 516 5759 Luc.
548 5719 702 5770 χχιιι,
731 5700 822 5791 ‘28.
