3998 6204
230 330 355 400 10M

1362 294 1914 388 HISTORIARUM
1950 321 2183 384 LIBER
2228 323 2341 390 III.

3095 196 3131 223 θ

3334 344 3469 442 1003

224 451 321 519 τῆς
345 448 469 518 περὶ
502 444 717 506 αῦτοζς,
753 441 847 496 καὶ
871 440 970 511 τῆς
1006 441 1306 512 σμντρόιρου
1337 442 1431 495 καὶ
1461 441 1619 511 φίλης
1654 439 1789 508 ἀλη-

1915 453 2017 501 ειιιι.
2047 447 2108 517 ut
2137 451 2450 510 appareret,
2489 443 2659 513 loqui,
2715 445 2809 501 sed
2865 458 3102 506 mentem
3160 453 3268 512 illis
3315 439 3467 515 suam

226 542 368 604 θείας
418 540 482 592 ἐκ
534 536 747 601 παιδὸς,
802 534 1088 590 δτιιωίτοι
1140 534 1313 587 δοκῶν
1344 535 1401 586 ὲν
1422 532 1793 604 δυσπραγίαις

225 632 381 696 εἶναι.
439 631 597 686 οὐδὲν
655 628 920 698 ὕπέμεινε
988 624 1376 696 πεπλασμένον
1427 622 1790 694 φθέγξασθαι,

221 729 329 784 οὐδ’
351 725 591 794 ἀγεννὲς,
617 722 752 776 ἀλλὰ
790 720 960 792 δήλην
990 719 1178 782 αὐτοῖς
1208 715 1645 791 πεποίηταιιτὴν
1678 716 1795 769 διά-

224 837 367 873 νοιαν
392 819 478 872 οῖα
504 814 591 885 iv;
626 814 837 876 Αὐτοὺς
878 812 936 866 δὲ
965 811 1044 882 τῷ
1092 811 1338 878 περιόντι
1386 812 1485 879 τῆς
1519 809 1602 870 είς
1629 806 1793 861 αὑτὸν

225 909 453 973 εὐνοίας,
480 909 601 960 ἐπεὶ
629 906 705 974 μὴ
732 904 1035 957 λυσιτελεῖν
1061 900 1213 971 αὐτῷ
1234 899 1442 969 δοκοίη,
1464 898 1524 952 τὸ
1546 897 1642 951 νῦν
1670 896 1793 967 ἔχον

222 1003 374 1073 ἥκειν
402 999 533 1069 παρ’
570 998 788 1062 αὐτοὺς,
826 995 928 1049 οῦκ
970 993 1242 1062 ’Ἄγγελον
1275 994 1435 1062 μόνον
1463 989 1607 1044 κατὰ
1636 987 1796 1055 γένος

224 1094 365 1164 αὐτῷ
388 1092 754 1162 προσήκοντα.
784 1090 877 1142 καὶ
900 1088 1091 1157 ἄρχειν
1108 1085 1409 1155 δυνάμενον
1439 1081 1641 1144 αὐτῶν,
1659 1077 1794 1132 ἀλλὰ

226 1187 315 1238 καὶ
342 1185 395 1237 εί
445 1201 569 1235 τινα
625 1181 841 1233 ἐκείνου
876 1180 1087 1245 πέμποι
1142 1176 1324 1247 πολλῷ
1364 1172 1795 1240 καταδεέστερον

220 1276 463 1343 δέξεσθαι
527 1273 851 1344 προθύμως,
906 1271 1001 1323 καὶ
1047 1269 1230 1322 πᾶσαν
1258 1265 1623 1329 ἐπιδείξεσθαι
1665 1260 1796 1331 περὶ

222 1371 313 1422 τὸν
337 1354 558 1438 βασιλέα
590 1363 828 1418 εὔνοιαν.
853 1360 1093 1416 Τοιαῦτα
1122 1361 1224 1431 μὲν
1246 1359 1340 1414 καὶ
1367 1360 1416 1411 ai
1443 1360 1498 1411 ἐν
1528 1355 1796 1426 Θετταλίᾳ

225 1460 605 1529 ἀπεκρίναντο.
658 1455 924 1519 Βασιλεὺς
977 1454 1035 1507 δὲ
1089 1453 1213 1507 ἐπεὶ
1264 1450 1489 1505 πύθοιτο
1543 1449 1650 1502 ἀπὸ
1683 1447 1796 1500 τῶν

226 1548 505 1619 πρέσϐεων
532 1545 964 1610 ἐπανελθόντων,
990 1544 1217 1613 ἔπεμπε⁸
1236 1542 1327 1596 τὸν
1348 1541 1566 1610 ἀνεψιὸν
1600 1540 1800 1607 Ἀγγε-

226 1639 315 1691 λον
348 1638 625 1706 Ἰωάννην,
660 1634 959 1706 ἐπίτροπον
1014 1632 1156 1687 εἶναι
1206 1632 1527 1694 Θετταλίας.
1571 1633 1712 1686 Πᾶσι
1738 1631 1797 1684 δὲ

227 1730 545 1801 βουλόμενος
579 1726 898 1796 καταφανὲς
929 1728 1127 1792 ποιεῖν,
1161 1725 1236 1789 ὡς
1266 1725 1328 1779 οὐ
1366 1725 1635 1795 βασιλέως
1686 1727 1798 1789 τοῖς

1900 527 2134 582 candide
2164 529 2442 586 declarare
2485 532 2769 590 voluisset.
2808 535 2879 592 Se
2913 547 3097 595 autem
3132 544 3473 605 abundantia

1900 621 2139 691 quadam
2205 623 2409 678 amoris
2464 640 2591 696 erga
2648 626 2830 695 illum,
2890 632 3339 704 quandoquidem
3370 640 3477 696 hoc

1902 720 2149 782 tempore
2207 714 2274 768 ad
2331 728 2428 768 eos
2481 714 2586 768 sibi
2641 716 2976 775 veniendum
3009 733 3334 795 non-putet,
3365 744 3474 783 non

1901 804 2066 858 modo
2116 802 2381 875 Angelum
2412 846 2426 868 ,
2489 805 2592 876 ipsi
2650 823 2850 878 genere
2906 814 3263 885 conjunctum
3310 828 3367 874 et
3407 821 3478 876 ad

1902 896 2204 965 regendum
2287 896 2569 971 idoneum,
2633 900 2729 955 sed
2763 910 2841 983 .et
2893 906 2938 960 si
3001 910 3319 983 quempiam
3360 914 3478 969 ‘illo

1903 986 2079 1041 multo
2135 987 2456 1043 inferiorem
2514 991 2716 1056 mittat,
2802 980 3045 1053 libenter
3094 980 3476 1075 suscepturos,

1902 1078 2362 1161 imperatorisque
2414 1098 2631 1153 semper
2688 1084 2809 1141 fore
2867 1090 3278 1159 cupidissimos.
3324 1096 3479 1155 Talia

1904 1169 2153 1227 Thessali
2219 1174 2660 1246 responderunt;
2693 1193 2815 1247 quae
2843 1188 2901 1234 ut
2931 1196 2960 1234 a
2990 1181 3186 1252 legalis
3240 1190 3481 1246 reversis

1903 1260 2208 1333 imperator
2242 1264 2475 1330 audivit,
2491 1266 2883 1323 consobrinum
2910 1269 3176 1329 Joannem
3208 1276 3479 1345 Angelum

1903 1355 1971 1410 ad
2010 1356 2305 1431 ineundam
2339 1357 2635 1414 Thessalia:
2669 1362 3049 1430 prmiecturam
3080 1368 3250 1424 misit.
3277 1370 3481 1442 Volens

1904 1459 2090 1503 autem
2146 1459 2406 1505 constare
2456 1452 2661 1521 palam,
2695 1468 2806 1508 non
2832 1469 2891 1509 se
2919 1455 3270 1514 insidiantem
3298 1461 3482 1532 impe-

1906 1544 2108 1597 ratoris
2138 1542 2329 1598 liberis
2361 1541 2565 1597 bellum
2591 1546 2903 1615 suscepisse
2932 1586 2947 1612 ,
2981 1563 3106 1613 nec,
3132 1551 3179 1605 si
3210 1552 3481 1621 vinceret,

1906 1633 2032 1689 illos
2098 1634 2333 1705 imperio
2388 1636 2614 1705 privare
2668 1638 2954 1705 statuisse,
3018 1638 3114 1694 sed
3179 1642 3367 1710 potius
3414 1645 3484 1698 ab

1905 1725 2152 1797 Augusta
2178 1727 2616 1798 mendaciloqnis
2651 1729 2971 1785 hominibus
3026 1731 3188 1786 iidem
3240 1749 3488 1790 commo-

229 1796 812 1890 παισὶν-ἐπιϐουλεύων
838 1818 1012 1888 ἤρατο
1046 1816 1141 1870 τὸν
1172 1817 1435 1885 πόλεμον,
1464 1815 1558 1869 καὶ
1588 1815 1665 1878 ὡς
1690 1815 1800 1868 οὐδ’

1915 1816 2073 1873 dante
2104 1833 2162 1873 se
2192 1796 2521 1889 oppugnari,
2555 1819 2716 1890 522
2743 1822 2953 1892 Angelo
2990 1834 3216 1893 propter
3249 1825 3488 1883 Thessao

222 1914 279 1965 εἰ
305 1910 640 1980 περιγένοιτο
673 1909 773 1980 τῆς
802 1908 983 1979 ἀρχῆς
1015 1907 1260 1975 ἔγνωκεν
1293 1908 1644 1976 ἀποστερεῖν,
1681 1904 1798 1961 ἀλλ’

228 2006 331 2060 ὕπὸ
364 2004 636 2074 β.σιλίδος
670 2002 876 2073 μᾶλλον
907 2002 1073 2060 αὐτὸς
1108 1999 1431 2069 ἐπολεμήθη
1492 1996 1806 2069 ἀνθρώποις

225 2097 557 2166 πειθομένης
622 2092 1013 2163 συκοφάνταις,
1078 2090 1156 2162 τῷ
1233 2090 1481 2159 ’Δγγέλῳ
1542 2089 1680 2158 πρὸς
1708 2091 1807 2161 τὴν

222 2190 516 2251 Θετταλίας
548 2189 725 2258 ἀρχὴν
779 2184 1182 2257 χρυσόϐουλλον
1236 2183 1430 2251 ποιῶν,
1462 2182 1715 2253 βασιλίδα
1747 2199 1806 2234 τε

224 2282 602 2351 προσέγραψε,
658 2280 754 2330 καὶ
791 2272 1018 2347 βασιλέα
1063 2275 1322 2343 Ἰωάννην
1353 2272 1446 2326 τδν
1476 2274 1616 2337 υἱὸν,
1665 2270 1808 2325 ὥστε

228 2372 490 2439 Ἀγγελόν
526 2387 584 2423 τε
615 2371 712 2422 καὶ
741 2368 1068 2431 Θετταλοὺς,
1115 2366 1217 2436 τὴν
1250 2364 1501 2419 δουλείαν
1525 2380 1586 2417 τε
1612 2364 1807 2418 κάκεί-

223 2481 356 2529 νοις,
382 2462 576 2532 ῶσπερ
607 2464 704 2515 καὶ
736 2461 888 2531 αὐτῷ
910 2460 1219 2529 ὁμολογεῖν,
1244 2452 1341 2511 καὶ
1383 2456 1588 2528 μᾶλλον
1612 2456 1646 2527 ἢ
1674 2456 1809 2533 πρότ-

222 2572 379 2623 τερον
398 2552 671 2607 ὑπείκειν.
710 2553 776 2605 Ὃ
807 2550 904 2604 καὶ
937 2550 1033 2603 ἐπὶ
1061 2549 1260 2616 λέξεως
1307 2545 1455 2619 εἶχεν
1482 2547 1678 2611 οὕτως’
1720 2548 1807 2610 Ὠς

222 2641 479 2694 ἀπόλοιτο
506 2641 535 2691 δ
591 2640 787 2709 φθόνος
838 2640 900 2692 τὸ
935 2637 1156 2699 πάντων
1178 2638 1288 2691 τῶν
1319 2637 1513 2691 κακῶν
1530 2637 1808 2708 χείριστόν

221 2750 286 2787 τε
311 2733 403 2785 καὶ
425 2731 786 2794 ἀδικώτατον,
818 2730 846 2784 ὃ
872 2745 935 2799 γε
957 2729 1149 2794 κακῶς
1171 2730 1204 2800 ἡ
1214 2730 1319 2800 μᾶς
1337 2727 1580 2801 ἀρχῆθεν
1601 2727 1810 2794 ὲξὼσας

219 2828 323 2897 τῆς
358 2826 640 2895 ἀκηράτου
693 2825 907 2895 τρυφῆς
936 2826 1084 2896 χειρὶ
1113 2824 1251 2878 Θεοῦ
1286 2826 1654 2890 πλασθέντας,
1716 2825 1810 2879 καὶ

221 2919 369 2989 λόγῳ
393 2918 746 2996 τεμηθέλτας,
786 2917 831 2971 ὣ
858 2920 955 2988 τῆς
990 2919 1134 2990 ὑπὲρ
1164 2919 1323 2988 λόγον
1355 2920 1603 2990 χάριτος,
1632 2920 1808 2973 καίτοι

223 3013 368 3081 μετὰ
401 3011 501 3081 τὴν
534 3010 626 3064 τοῦ
676 3012 926 3083 χείρονος
980 3013 1201 3083 πεῖραν,
1239 3011 1330 3065 ῖνα
1368 3011 1612 3067 συνελὼν
1644 3013 1807 3076 εἴπω,

1908 1906 1995 1961 lia:
2043 1910 2492 1977 procurationem
2541 1910 2747 1971 bullam
2779 1929 3005 1969 auream
3055 1913 3394 1984 faciundam,
3429 1928 3488 1975 et

1908 1997 2300 2066 imperatricis'
2364 2014 2429 2053 ac
2485 2001 2714 2057 Joannis
2777 2004 2901 2074 ejus
2961 2006 3059 2060 lilii
3136 2008 3488 2078 imperatoris

1908 2091 2133 2145 nomina
2204 2093 2404 2148 ascribi
2459 2097 2715 2160 curavit,
2749 2105 2811 2151 ut
2843 2106 2899 2152 et
2926 2098 3192 2170 Angelus,
3226 2112 3283 2157 et
3316 2103 3490 2159 Thes-

1908 2180 2009 2235 sali
2039 2182 2436 2253 subjectiouem
2461 2199 2616 2255 aeque
2652 2186 2807 2255 ipsis,
2837 2199 2895 2243 ut
2917 2189 3021 2245 sibi
3054 2191 3447 2260 proﬁterentur
3469 2233 3486 2256 .

1909 2273 2193 2344 magisque
2237 2273 2307 2328 de
2358 2284 2562 2331 caetero
2613 2278 2928 2355 subessent.
2959 2281 3114 2335 Bulla
3146 2283 3215 2337 ad
3254 2286 3488 2343 verbum

1909 2362 2026 2418 haec
2054 2374 2173 2417 erat
2201 2363 2277 2436 (8)
2301 2382 2315 2419 :
2341 2365 2559 2423 Utinam
2586 2370 2859 2425 malorum
2913 2373 3161 2428 omnium
3188 2376 3492 2445 pessimum

1909 2455 2425 2528 nequissimumque
2490 2459 2701 2514 invidia
2746 2462 3068 2534 disperiret,
3100 2482 3224 2539 quae
3258 2482 3364 2523 nos
3392 2469 3492 2525 Dei

1911 2563 2076 2602 manu
2115 2549 2298 2612 fictos,
2323 2559 2381 2605 et
2417 2551 2782 2621 intelligentia
2833 2553 3137 2612 honoratos
3170 2560 3226 2627 (ο
3257 2558 3494 2629 inexpli-

1910 2640 2089 2696 cubile
2125 2641 2349 2712 munus)
2383 2642 2525 2698 male
2554 2643 2625 2697 ab
2656 2643 2817 2699 initio
2842 2645 2911 2699 ab
2941 2646 3352 2705 immortalibus
3381 2651 3495 2709 illis

1910 2730 2126 2789 debciis
2153 2735 2391 2803 expulit.
2417 2734 2745 2806 Quanquam
2779 2737 2825 2791 si
2880 2749 3005 2807 post
3057 2750 3282 2810 experta
3324 2743 3493 2806 mala,

1910 2832 1974 2878 ut
2034 2825 2279 2881 breviter
2334 2825 2541 2893 dicam,
2594 2828 2804 2898 justam
2864 2830 3020 2885 illam
3073 2831 3495 2892 damnationem

1912 2918 2075 2971 simul
2137 2933 2617 2988 agnosceremus,
2672 2920 3014 2991 melioraque
3074 2923 3496 2989 meditaremur,

1892 3009 2133 3065 veniam
2164 3009 2373 3079 adepti,
2409 3010 2465 3064 in
2494 3010 2740 3081 priorem
2785 3019 2992 3068 statum
3042 3013 3495 3072 restitueremur.

219 3105 276 3157 εί
306 3104 408 3173 τῆς
436 3103 645 3157 ἐνδίκου
673 3102 979 3174 καταδίκης
1009 3102 1229 3173 ἐκείνης
1258 3100 1401 3174 ἦμεν
1432 3106 1490 3159 ὲν
1516 3105 1810 3174 συναισθή-

1918 3104 1986 3158 At
2006 3119 2175 3167 nunc,
2208 3104 2371 3174 quasi
2402 3103 2473 3157 ob
2505 3103 2800 3159 amentiam
2838 3104 2977 3159 nihil
3004 3105 3229 3161 noxium
3257 3115 3496 3177 operati,
3544 3130 3557 3139 ί

223 3212 332 3261 σει,
366 3196 457 3246 καὶ
486 3193 553 3245 τὰ
585 3192 780 3263 βελτίω
802 3194 1178 3265 ἐμελετῶμεν,
1212 3195 1319 3248 κᾶν
1352 3194 1686 3265 συγγνώμης
1714 3213 1814 3247 τυ-

222 3285 419 3356 χόντες
453 3283 608 3348 αὖθις
639 3285 705 3338 ἂν
725 3280 870 3356 ἦμεν
896 3288 953 3339 ὲν
982 3286 1438 3358 τοῖςπροτέροις.
1472 3285 1608 3341 Νυνὶ
1635 3286 1683 3339 δ’
1706 3285 1815 3339 ῶσ-

222 3392 336 3446 περ
387 3376 526 3447 μήτι
583 3376 822 3445 χαλεπὸν
885 3377 1256 3448 πεπραχότες,
1318 3377 1352 3446 ἢ
1388 3377 1721 3439 πεπονθότες
1752 3377 1813 3442 ἐξ

221 3468 518 3532 ἀϐουλίας,
540 3467 574 3539 ἦ
613 3467 743 3536 γοῦν
766 3468 872 3521 ὑπὸ
898 3468 993 3522 τοῦ
1018 3468 1213 3522 παθεῖν
1238 3466 1506 3537 οῦμενουν
1540 3466 1817 3537 διδαχθέν-

222 3578 317 3623 τες
356 3560 422 3612 τδ
458 3560 527 3611 τὰ
553 3559 741 3613 δέοντα
793 3563 1014 3632 φρονεῖν
1062 3560 1226 3613 οἱονεὶ
1274 3558 1670 3632 παρῃρήμεθα,
1717 3557 1817 3627 πή-

227 3670 385 3724 ματα
440 3653 673 3723 πάσχειν
725 3653 1029 3723 αὐθαίρετα
1075 3654 1262 3716 κακῶς
1317 3653 1653 3724 αἱρεθέντες,
1721 3653 1848 3737 καὶ.

220 3744 423 3804 δεινῶς
476 3744 918 3813 ἐγκαλινδεῖσθαι
951 3744 1039 3798 διὰ
1094 3744 1212 3815 βίον
1239 3746 1351 3807 τοῖς
1382 3744 1459 3817 μὴ
1487 3744 1814 3812 καθήκουσι,

228 3841 337 3894 καὶ
368 3840 467 3908 τῆς
494 3839 617 3911 ῖσης
645 3838 799 3905 ἀξίας
824 3838 963 3908 πρὸς
990 3837 1126 3891 Θεοῦ
1159 3836 1441 3907 τυχόντες,
1476 3838 1571 3891 καὶ
1592 3838 1691 3909 τῆς
1717 3835 1818 3889 αῦ-

223 3936 336 4003 τῆς
366 3934 665 4004 ἠξιωμένοι
722 3933 983 4002 σπουδῆς,
1020 3931 1327 4002 μεμηνότος
1364 3929 1545 3999 δίκην,
1581 3928 1815 3993 ταυτησὶ

228 4028 341 4098 μὲν
364 4026 597 4096 οίκτρῶς
623 4024 1092 4095 ἐκπεπτώκαμεν,
1126 4025 1423 4094 ἀνισότητα
1451 4021 1509 4074 δὲ
1540 4020 1820 4074 πεπόνθα-

227 4117 341 4188 μέν
370 4134 430 4169 τε
462 4118 555 4170 καὶ
607 4119 1007 4188 τετιμήκαμεν.
1061 4117 1193 4170 Δέον
1253 4119 1364 4188 γὰρ
1407 4114 1754 4179 σπουδάζειν,
1782 4113 1816 4182 ἢ

222 4192 330 4263 ἐὸῦ
359 4208 525 4262 αὑτὸν
556 4208 651 4261 ἐπὶ
678 4212 796 4271 τοῖς
846 4208 1100 4277 ἀμείνοσι
1157 4208 1379 4278 δρόμον,
1419 4205 1453 4276 ἦ
1492 4206 1821 4275 φιλονεικεῖν

224 4303 400 4364 ἄλλος
434 4300 591 4354 ἄλλον
616 4301 1001 4372 ὑπερϐαίνειν,
1033 4302 1182 4363 ὅπως
1212 4299 1278 4354 ἂν
1306 4299 1393 4352 ἐπ’
1416 4299 1644 4367 ἀγαθοῖς
1661 4297 1823 4368 ἀλλή-

223 4397 366 4457 λους
398 4393 700 4464 νικῲημεν,
754 4393 1251 4447 τοὺναντίον.ἆπαν
1302 4393 1614 4464 φαινόμεθα
1649 4392 1824 4461 πράτ-

1921 3203 2016 3251 aut
2045 3195 2286 3267 perpessi
2317 3234 2333 3261 ,
2366 3195 2482 3251 sive
2511 3211 2578 3252 ex
2600 3211 2669 3253 eo
2701 3197 2851 3267 quod
2880 3198 3026 3267 passi
3056 3213 3251 3256 sumus
3271 3201 3502 3260 minimo

1920 3287 2092 3355 docti,
2122 3287 2395 3359 judicium
2424 3288 2545 3343 veri
2574 3292 2981 3360 propemodum
3010 3295 3321 3360 amisimus,
3365 3296 3503 3352 dum

1923 3379 2062 3432 mala
2090 3379 2297 3449 perpeti
2330 3379 2771 3450 maleeligimus,
2799 3392 2856 3437 et
2882 3398 3148 3441 accusare
3174 3388 3495 3455 quaerimus.

1908 3463 2159 3541 quorum
2194 3472 2249 3526 in
2282 3472 2393 3525 vita
2425 3472 2641 3527 nullum
2692 3473 2906 3529 crimen
2931 3475 3231 3544 reperitur.
3265 3478 3333 3532 Et
3374 3495 3500 3535 cum

1922 3562 2191 3633 aqualem
2219 3576 2247 3616 a
2276 3563 2388 3618 Deo
2409 3562 2736 3632 dignitatem
2761 3563 2910 3619 inter
2931 3580 3032 3620 nos
3055 3568 3261 3634 sortiti,
3281 3570 3504 3624 eadem-

1924 3670 2033 3728 que
2089 3656 2159 3711 ab
2223 3655 2346 3725 ipso
2385 3670 2518 3711 cura
2551 3658 2762 3729 dignati
2796 3659 2994 3726 simus,
3042 3676 3107 3716 ea
3158 3661 3499 3720 furiosorum
3552 3642 3573 3651 ’

1923 3748 2098 3804 instar
2132 3736 2524 3802 miserabiliter
2551 3747 2899 3810 excidimus,
2938 3756 2998 3803 et
3050 3749 3118 3804 ad
3150 3749 3504 3821 inaequalita-

1924 3847 2035 3893 tem
2068 3836 2299 3919 redacti,
2324 3851 2449 3891 eam
2484 3836 2541 3891 in
2574 3836 2786 3893 honore
2820 3837 3145 3895 habuimus.
3175 3840 3312 3895 Cum
3334 3856 3502 3895 inam-

1924 3946 2031 4001 que
2061 3931 2147 3987 vel
2177 3928 2402 3986 studere
2432 3927 2817 3985 debuissemus
2848 3929 2999 3985 idem
3035 3932 3247 4000 ingredi
3278 3933 3499 3989 virtutis

1927 4021 2294 4086 curriculum,
2314 4019 2401 4075 vel
2419 4019 2782 4088 contendere,
2805 4030 2867 4075 ut
2889 4022 3033 4076 alius
3049 4022 3218 4076 alium
3237 4025 3500 4089 anteiret,

1925 4124 1985 4173 et
2038 4116 2095 4171 in
2124 4114 2289 4171 bonis
2344 4112 2659 4168 actionibus
2721 4126 2826 4168 nos
2892 4122 3088 4169 mutuo
3130 4116 3500 4183 vinceremus,

1928 4222 2154 4279 prorsus
2181 4215 2374 4263 contra
2394 4204 2651 4269 iacimus,
2674 4210 2731 4258 et
2752 4212 3012 4275 tanquam
3041 4207 3233 4262 morbo
3263 4209 3503 4271 qundam

1930 4298 2330 4356 absurdissima
2391 4310 2754 4366 occupamur.
2806 4295 2943 4350 Nam
2977 4311 3045 4351 ex
3085 4297 3274 4353 formae
3303 4310 3506 4355 nostrae

1929 4391 2280 4448 lineamentis
2339 4390 2609 4459 sequitur,
2676 4396 2739 4443 ut
2795 4390 2960 4443 etiam
3008 4390 3298 4446 habilibus
3329 4393 3504 4448 animi

227 4500 447 4548 τοντες,
482 4485 578 4535 καὶ
610 4482 960 4551 συμϐέϐηκεν
995 4482 1132 4553 ἡμῖν
1157 4476 1271 4534 οἷόν
1302 4497 1354 4533 τι
1376 4482 1548 4543 πάθος
1578 4477 1810 4550 ατεχνῶς

1924 4481 2372 4538 excelluerimus.
2405 4479 2471 4534 Et
2500 4481 2629 4550 quia
2660 4478 2836 4551 prima
2875 4481 2966 4534 illa
3024 4495 3268 4550 vereque
3298 4482 3506 4538 beatis-

229 4577 493 4640 ἄτοπον,
525 4575 607 4628 δτι
654 4575 799 4628 κατά
849 4575 980 4637 τοὺς
1038 4578 1141 4646 τῆς
1187 4576 1405 4646 μορφῆς
1463 4574 1821 4643 χαρακτῆρας

232 4671 439 4724 ἔπεστι
498 4668 894 4740 διενηνοχέναι,
956 4669 1050 4721 καὶ
1085 4670 1209 4729 ταῖς
1247 4669 1345 4737 τῆς
1396 4665 1577 4745 ψρχῆς
1615 4663 1816 4731 ἔξεστι.

228 4768 354 4822 Καὶ
402 4765 504 4836 τὴν
557 4763 783 4836 πρώτην
812 4762 1030 4833 ἐκείνην
1087 4764 1180 4816 καὶ
1229 4761 1579 4831 μακαριστὴν
1652 4760 1821 4825 ὅντως

227 4858 596 4929 εὐδαιμονίαν
624 4855 996 4910 ἀποϐαλοῦσιν
1022 4857 1180 4927 ἡμῖν,
1212 4853 1427 4908 δέδοκτο
1447 4854 1558 4906 δεῖν
1588 4852 1673 4921 ἐφ’
1701 4853 1819 4905 ἐτέ-

234 4967 349 5021 ραν
384 4948 678 5019 πολυσχιδῆ
702 4946 1039 5019 τραπέσθαι,
1066 4946 1329 5000 ἀϐέϐαιον
1364 4944 1544 5013 πάντη
1572 4951 1666 4997 καὶ
1700 4944 1824 4997 καθ’

226 5032 449 5110 ἐαυτίῖν
480 5043 903 5105 στασιάζουσαν.
938 5041 1043 5094 Ἦν
1096 5040 1149 5092 εί
1196 5056 1279 5102 τις
1310 5040 1372 5093 οὐ
1401 5038 1593 5100 καλοίη
1617 5037 1826 5109 τύρϐην

225 5135 447 5211 κομιδῆ
506 5132 771 5203 ματαίαν,
822 5133 915 5186 καὶ
943 5130 1176 5202 θόρυϐον
1231 5130 1465 5200 ἀκερδῆ,
1496 5129 1685 5183 τοῦτον
1715 5129 1827 5198 ἐγὼ

225 5226 458 5297 νομίζω
480 5225 660 5279 τελεῖν
681 5225 782 5278 οὐκ
805 5226 884 5287 είς
906 5222 1031 5286 τοὺς
1055 5222 1116 5276 εὖ
1137 5220 1494 5292 φρονοῦντας,
1520 5222 1582 5275 οὐ
1608 5220 1825 5290 φύσεως

1931 4576 2070 4631 sima
2123 4573 2385 4629 felicitate
2434 4572 2617 4626 orbati
2649 4586 2864 4637 sumus,
2917 4570 3098 4626 visum
3125 4580 3210 4627 est
3244 4583 3506 4644 Oporteie

1932 4668 2000 4723 ad
2030 4666 2194 4721 aliam
2232 4664 2618 4734 multiplicem,
2672 4663 3087 4719 inconStantem
3128 4666 3356 4721 omnino
3393 4678 3449 4723 et
3477 4686 3508 4723 ιι

1931 4762 2110 4831 seipsa
2159 4755 2517 4812 dissidentem
2562 4755 2834 4811 converti.
2893 4754 3069 4823 Quam
3115 4758 3162 4835 si
3206 4759 3334 4827 quis
3396 4774 3508 4813 nou

1928 4854 2169 4925 appellet
2193 4849 2382 4906 turbas
2409 4847 2572 4903 valde
2625 4847 2857 4904 stolidas
2892 4850 3319 4921 tumultumque,
3359 4852 3509 4904 hunc

1929 4964 2029 5018 ego
2060 4948 2113 5000 in
2147 4942 2511 5015 prudentibus
2539 4941 2687 4996 haud
2739 4942 3172 5006 numerandum,
3218 4958 3397 5012 neque
3430 4944 3508 4997 illi

1929 5030 2208 5096 naturam,
2261 5031 2357 5087 sed
2389 5044 2614 5101 pravam
2645 5029 2886 5100 aliquam
2915 5031 3251 5085 voluntatem
3312 5029 3371 5084 in
3402 5029 3509 5083 hoc

1930 5126 2183 5183 nocuisse
2214 5124 2432 5192 opinor.
2472 5116 2610 5199 cum
2650 5136 2817 5189 porro
2848 5121 3007 5206 m‘ulti
3040 5120 3204 5192 hujus
3231 5118 3393 5175 dicta
3451 5129 3509 5175 et

1932 5218 2190 5292 legitimae
2220 5213 2505 5271 felicitatis
2556 5211 2776 5267 diversa
2823 5210 3038 5265 ratione
3078 5218 3328 5265 exsortes
3368 5209 3505 5275 sint,

1517 5384 1731 5451 Jacobi
1768 5387 2030 5452 Pontani
2068 5390 2254 5447 notas.

308 5516 399 5587 (8)
449 5515 525 5571 De
568 5530 751 5587 aurea‘
780 5514 926 5569 bulla
969 5513 1229 5587 loquitur,
1273 5510 1342 5565 de
1382 5526 1488 5587 qua
1526 5520 1685 5587 antea
1712 5529 1816 5587 sa:-

227 5583 405 5659 pius';
428 5602 550 5641 eam
574 5587 725 5659 enim
743 5583 1102 5659 imperatores
1121 5583 1344 5645 dabant,
1363 5583 1561 5659 quibus
1585 5583 1817 5659 dandam

227 5652 568 5713 censebant.
618 5652 835 5709 Ntcctas
881 5656 975 5710 lib.
1022 5669 1039 5707 ι
1086 5660 1266 5715 vocat,
1308 5652 1817 5721 ypdtpuotipuepo-

228 5730 308 5798 σή
320 5743 556 5798 μαντον,
592 5725 847 5794 σφραγῖδί
881 5740 938 5774 τε
972 5723 1222 5793 χρυσεία,
1246 5719 1587 5790 καισηρικῷ
1612 5719 1814 5791 νήματι

540 5829 811 5887 Ρηιιοι.
855 5828 972 5883 Gn.
1005 5822 1205 5884 ()Llll.

1926 5516 2163 5584 ἔμπεδον
2182 5551 2198 5575 ,
2247 5510 2459 5584 κόγχης
2471 5577 2481 5584 ι
2493 5505 2846 5584 αναδευμένῳ
2878 5500 3098 5584 αῖματι.
3146 5499 3359 5584 litteras
3386 5516 3514 5582 ,ηι-

1927 5571 2072 5639 ὁὶὶεα
2107 5571 2337 5642 notatas,
2353 5571 2639 5647 sibilloque
2681 5571 2845 5627 a'ureo
2872 5583 2920 5626 et
2944 5571 3118 5647 serico
3133 5571 3228 5647 [ilo
3251 5572 3508 5647 munitas,

1925 5657 2063 5727 quod
2087 5653 2291 5727 conclia:
2304 5640 2563 5727 sanguine
2588 5640 3415 5727 tinctumgrat‘.‘Zona‘rae,'tomi.
3432 5657 3518 5710 In.

1925 5712 2366 5793 χρυσοσήμαντος
2385 5712 2569 5786 γραφὴ
2587 5727 2643 5770 et
2660 5733 2762 5788 χρυ
2774 5714 3060 5774 σόϐουλλος
3082 5712 3271 5783 γραφή
3289 5713 3513 5768 dicitur.

3058 5809 3140 5867 32
