  <div class='ocr_page' id='page_1' title='image "/cluster/home/n/w/nwhite01/storage/ocr_20150623/153/hvd.32044073502643/526.png"; bbox 0 0 3998 6204; ppageno 0'>
   <div class='ocr_carea' id='block_1_1' title="bbox 286 341 414 412">
    <p class='ocr_par' dir='ltr' id='par_1_1' title="bbox 286 341 414 412">
     <span class='ocr_line' id='line_1_1' title="bbox 286 341 414 412; baseline 0.047 -6"><span class='ocrx_word' id='word_1_1' title='bbox 286 341 414 412; x_wconf 80' lang='grc'><strong>1013</strong></span> 
     </span>
    </p>
   </div>
   <div class='ocr_carea' id='block_1_2' title="bbox 1407 346 2383 412">
    <p class='ocr_par' dir='ltr' id='par_1_2' title="bbox 1407 346 2383 412">
     <span class='ocr_line' id='line_1_2' title="bbox 1407 346 2383 412; baseline -0.002 0"><span class='ocrx_word' id='word_1_2' title='bbox 1407 350 1716 412; x_wconf 83' lang='lat' dir='ltr'><strong>HISTOBI</strong></span> <span class='ocrx_word' id='word_1_3' title='bbox 1732 346 1963 409; x_wconf 63' lang='lat' dir='ltr'><strong>ARUM&#39;</strong></span> <span class='ocrx_word' id='word_1_4' title='bbox 1991 347 2227 412; x_wconf 82' lang='lat' dir='ltr'><strong>LIBER</strong></span> <span class='ocrx_word' id='word_1_5' title='bbox 2270 350 2383 411; x_wconf 87' lang='lat' dir='ltr'><strong>Ill.</strong></span> 
     </span>
    </p>
   </div>
   <div class='ocr_carea' id='block_1_3' title="bbox 3364 340 3527 411">
    <p class='ocr_par' dir='ltr' id='par_1_3' title="bbox 3364 340 3527 411">
     <span class='ocr_line' id='line_1_3' title="bbox 3364 340 3527 411; baseline 0 -1"><span class='ocrx_word' id='word_1_6' title='bbox 3364 340 3527 411; x_wconf 65' lang='grc'><strong>’1014</strong></span> 
     </span>
    </p>
   </div>
   <div class='ocr_carea' id='block_1_4' title="bbox 281 462 1874 537">
    <p class='ocr_par' dir='ltr' id='par_1_4' title="bbox 281 462 1874 537">
     <span class='ocr_line' id='line_1_4' title="bbox 281 462 1874 537; baseline 0.003 -18"><span class='ocrx_word' id='word_1_7' title='bbox 281 463 484 519; x_wconf 67' lang='grc' dir='ltr'><strong>ἑκείνου</strong></span> <span class='ocrx_word' id='word_1_8' title='bbox 516 462 656 517; x_wconf 84' lang='grc' dir='ltr'><strong>πάνυ</strong></span> <span class='ocrx_word' id='word_1_9' title='bbox 688 462 983 533; x_wconf 80' lang='grc' dir='ltr'><strong>δεομένων.</strong></span> <span class='ocrx_word' id='word_1_10' title='bbox 1022 463 1287 529; x_wconf 77' lang='grc' dir='ltr'><strong>Βασιλεὺς</strong></span> <span class='ocrx_word' id='word_1_11' title='bbox 1338 466 1399 519; x_wconf 81' lang='grc' dir='ltr'><strong>δὲ</strong></span> <span class='ocrx_word' id='word_1_12' title='bbox 1438 466 1533 519; x_wconf 78' lang='grc' dir='ltr'><strong>καὶ</strong></span> <span class='ocrx_word' id='word_1_13' title='bbox 1575 467 1874 537; x_wconf 79' lang='grc' dir='ltr'><strong>πρότερον.</strong></span> 
     </span>
    </p>
   </div>
   <div class='ocr_carea' id='block_1_5' title="bbox 1975 462 3531 537">
    <p class='ocr_par' dir='ltr' id='par_1_5' title="bbox 1975 463 3531 532">
     <span class='ocr_line' id='line_1_5' title="bbox 1975 463 3531 532; baseline 0.001 -17"><span class='ocrx_word' id='word_1_14' title='bbox 1975 473 2004 518; x_wconf 77' lang='grc' dir='ltr'><strong>ει</strong></span> <span class='ocrx_word' id='word_1_15' title='bbox 2039 472 2173 521; x_wconf 88' lang='lat' dir='ltr'><strong>tunc</strong></span> <span class='ocrx_word' id='word_1_16' title='bbox 2208 480 2238 520; x_wconf 73' lang='grc' dir='ltr'><strong>ιι</strong></span> <span class='ocrx_word' id='word_1_17' title='bbox 2274 464 2642 522; x_wconf 85' lang='lat' dir='ltr'><strong>Tarchaniota</strong></span> <span class='ocrx_word' id='word_1_18' title='bbox 2696 465 3069 522; x_wconf 81' lang='lat' dir='ltr'><strong>inﬂammatus</strong></span> <span class='ocrx_word' id='word_1_19' title='bbox 3129 463 3303 520; x_wconf 88' lang='lat' dir='ltr'><strong>multo</strong></span> <span class='ocrx_word' id='word_1_20' title='bbox 3334 464 3531 532; x_wconf 67' lang='lat' dir='ltr'><strong>magis.</strong></span> 
     </span>
    </p>
   </div>
   <div class='ocr_carea' id='block_1_6' title="bbox 284 553 1849 627">
    <p class='ocr_par' dir='ltr' id='par_1_6' title="bbox 284 553 1849 627">
     <span class='ocr_line' id='line_1_6' title="bbox 284 553 1849 627; baseline 0.001 -20"><span class='ocrx_word' id='word_1_21' title='bbox 284 555 377 625; x_wconf 82' lang='grc' dir='ltr'><strong>μὲν</strong></span> <span class='ocrx_word' id='word_1_22' title='bbox 396 555 453 607; x_wconf 74' lang='grc' dir='ltr'><strong>ὲν</strong></span> <span class='ocrx_word' id='word_1_23' title='bbox 481 554 694 626; x_wconf 80' lang='grc' dir='ltr'><strong>μεγάλῃ</strong></span> <span class='ocrx_word' id='word_1_24' title='bbox 716 553 924 609; x_wconf 83' lang='grc' dir='ltr'><strong>ὲτίθετο</strong></span> <span class='ocrx_word' id='word_1_25' title='bbox 949 555 1274 626; x_wconf 54' lang='grc' dir='ltr'><strong>φροντίδικτδ</strong></span> <span class='ocrx_word' id='word_1_26' title='bbox 1302 554 1440 627; x_wconf 73' lang='grc' dir='ltr'><strong>πρὸς</strong></span> <span class='ocrx_word' id='word_1_27' title='bbox 1460 556 1849 627; x_wconf 80' lang='grc' dir='ltr'><strong>Διδυμότειχον</strong></span> 
     </span>
    </p>
   </div>
   <div class='ocr_carea' id='block_1_7' title="bbox 282 646 1854 717">
    <p class='ocr_par' dir='ltr' id='par_1_7' title="bbox 282 646 1854 717">
     <span class='ocr_line' id='line_1_7' title="bbox 282 646 1854 717; baseline 0 -18"><span class='ocrx_word' id='word_1_28' title='bbox 282 646 555 715; x_wconf 76' lang='grc' dir='ltr'><strong>ἀπαίρειν,</strong></span> <span class='ocrx_word' id='word_1_29' title='bbox 590 648 686 698; x_wconf 72' lang='grc' dir='ltr'><strong>καὶ</strong></span> <span class='ocrx_word' id='word_1_30' title='bbox 714 646 853 699; x_wconf 66' lang='grc' dir='ltr'><strong>τότε</strong></span> <span class='ocrx_word' id='word_1_31' title='bbox 867 647 924 699; x_wconf 75' lang='grc' dir='ltr'><strong>δὲ</strong></span> <span class='ocrx_word' id='word_1_32' title='bbox 951 646 1057 701; x_wconf 77' lang='grc' dir='ltr'><strong>ὑπὸ</strong></span> <span class='ocrx_word' id='word_1_33' title='bbox 1089 646 1184 701; x_wconf 82' lang='grc' dir='ltr'><strong>τοῦ</strong></span> <span class='ocrx_word' id='word_1_34' title='bbox 1225 646 1644 717; x_wconf 82' lang='grc' dir='ltr'><strong>Ταρχανειὼτου</strong></span> <span class='ocrx_word' id='word_1_35' title='bbox 1673 664 1854 717; x_wconf 85' lang='grc' dir='ltr'><strong>παρα-</strong></span> 
     </span>
    </p>
   </div>
   <div class='ocr_carea' id='block_1_8' title="bbox 279 727 1855 810">
    <p class='ocr_par' dir='ltr' id='par_1_8' title="bbox 279 727 1855 810">
     <span class='ocr_line' id='line_1_8' title="bbox 279 727 1855 810; baseline 0.004 -23"><span class='ocrx_word' id='word_1_36' title='bbox 279 736 518 801; x_wconf 76' lang='grc' dir='ltr'><strong>κληθεὶς,</strong></span> <span class='ocrx_word' id='word_1_37' title='bbox 558 737 765 805; x_wconf 82' lang='grc' dir='ltr'><strong>μᾶλλον</strong></span> <span class='ocrx_word' id='word_1_38' title='bbox 789 737 890 809; x_wconf 77' lang='grc' dir='ltr'><strong>τὴν</strong></span> <span class='ocrx_word' id='word_1_39' title='bbox 921 740 1183 794; x_wconf 75' lang='grc' dir='ltr'><strong>ἐπάνοδον</strong></span> <span class='ocrx_word' id='word_1_40' title='bbox 1211 727 1544 804; x_wconf 73' lang='grc' dir='ltr'><strong>ἐπέσπευδε,</strong></span> <span class='ocrx_word' id='word_1_41' title='bbox 1577 742 1671 794; x_wconf 76' lang='grc' dir='ltr'><strong>καὶ</strong></span> <span class='ocrx_word' id='word_1_42' title='bbox 1702 738 1855 810; x_wconf 84' lang='grc' dir='ltr'><strong>Κρά-</strong></span> 
     </span>
    </p>
   </div>
   <div class='ocr_carea' id='block_1_9' title="bbox 277 827 1852 902">
    <p class='ocr_par' dir='ltr' id='par_1_9' title="bbox 277 827 1852 902">
     <span class='ocr_line' id='line_1_9' title="bbox 277 827 1852 902; baseline 0.003 -22"><span class='ocrx_word' id='word_1_43' title='bbox 277 827 376 898; x_wconf 84' lang='grc' dir='ltr'><strong>λην</strong></span> <span class='ocrx_word' id='word_1_44' title='bbox 412 830 505 881; x_wconf 73' lang='grc' dir='ltr'><strong>ἐπὶ</strong></span> <span class='ocrx_word' id='word_1_45' title='bbox 542 830 608 882; x_wconf 73' lang='grc' dir='ltr'><strong>τὰ</strong></span> <span class='ocrx_word' id='word_1_46' title='bbox 651 829 745 884; x_wconf 80' lang='grc' dir='ltr'><strong>ἴσα</strong></span> <span class='ocrx_word' id='word_1_47' title='bbox 777 833 1084 901; x_wconf 80' lang='grc' dir='ltr'><strong>παρεκάλει</strong></span> <span class='ocrx_word' id='word_1_48' title='bbox 1105 848 1121 864; x_wconf 71' lang='grc' dir='ltr'>σ</span> <span class='ocrx_word' id='word_1_49' title='bbox 1149 834 1247 885; x_wconf 73' lang='grc' dir='ltr'><strong>καὶ</strong></span> <span class='ocrx_word' id='word_1_50' title='bbox 1300 830 1721 902; x_wconf 79' lang='grc' dir='ltr'><strong>παρεσκεύαστο</strong></span> <span class='ocrx_word' id='word_1_51' title='bbox 1749 830 1852 902; x_wconf 77' lang='grc' dir='ltr'><strong>ήδη</strong></span> 
     </span>
    </p>
   </div>
   <div class='ocr_carea' id='block_1_10' title="bbox 281 916 1909 997">
    <p class='ocr_par' dir='ltr' id='par_1_10' title="bbox 281 916 1909 997">
     <span class='ocr_line' id='line_1_10' title="bbox 281 916 1909 997; baseline 0.002 -26"><span class='ocrx_word' id='word_1_52' title='bbox 281 923 319 988; x_wconf 76' lang='grc' dir='ltr'><strong>ὴ</strong></span> <span class='ocrx_word' id='word_1_53' title='bbox 354 922 575 990; x_wconf 70' lang='grc' dir='ltr'><strong>στρατιὰ</strong></span> <span class='ocrx_word' id='word_1_54' title='bbox 613 923 645 992; x_wconf 86' lang='grc' dir='ltr'><strong>ἡ</strong></span> <span class='ocrx_word' id='word_1_55' title='bbox 682 922 952 997; x_wconf 78' lang='grc' dir='ltr'><strong>μέλλουσα</strong></span> <span class='ocrx_word' id='word_1_56' title='bbox 981 922 1337 994; x_wconf 80' lang='grc' dir='ltr'><strong>συναίρεσθαι</strong></span> <span class='ocrx_word' id='word_1_57' title='bbox 1366 924 1444 994; x_wconf 81' lang='grc' dir='ltr'><strong>τῷ</strong></span> <span class='ocrx_word' id='word_1_58' title='bbox 1477 921 1688 993; x_wconf 82' lang='grc' dir='ltr'><strong>βασιλεῖ</strong></span> <span class='ocrx_word' id='word_1_59' title='bbox 1716 916 1867 993; x_wconf 66' lang='grc' dir='ltr'><strong>πρὸς</strong></span> <span class='ocrx_word' id='word_1_60' title='bbox 1900 930 1909 940; x_wconf 86' lang='grc'><strong>’</strong></span> 
     </span>
    </p>
   </div>
   <div class='ocr_carea' id='block_1_11' title="bbox 282 1012 1856 1086">
    <p class='ocr_par' dir='ltr' id='par_1_11' title="bbox 282 1012 1856 1086">
     <span class='ocr_line' id='line_1_11' title="bbox 282 1012 1856 1086; baseline 0.003 -23"><span class='ocrx_word' id='word_1_61' title='bbox 282 1012 380 1081; x_wconf 85' lang='grc' dir='ltr'><strong>τὴν</strong></span> <span class='ocrx_word' id='word_1_62' title='bbox 405 1012 684 1067; x_wconf 74' lang='grc' dir='ltr'><strong>ιπάνοδον.</strong></span> <span class='ocrx_word' id='word_1_63' title='bbox 718 1014 828 1067; x_wconf 65' lang='grc' dir='ltr'><strong>Καὶ</strong></span> <span class='ocrx_word' id='word_1_64' title='bbox 852 1012 1275 1086; x_wconf 76' lang='grc' dir='ltr'><strong>Ταρχανειώτης</strong></span> <span class='ocrx_word' id='word_1_65' title='bbox 1298 1013 1399 1084; x_wconf 81' lang='grc' dir='ltr'><strong>μὲν</strong></span> <span class='ocrx_word' id='word_1_66' title='bbox 1425 1012 1648 1083; x_wconf 78' lang='grc' dir='ltr'><strong>βασιλέα</strong></span> <span class='ocrx_word' id='word_1_67' title='bbox 1678 1029 1737 1066; x_wconf 87' lang='grc' dir='ltr'><strong>τε</strong></span> <span class='ocrx_word' id='word_1_68' title='bbox 1761 1012 1856 1067; x_wconf 73' lang='grc' dir='ltr'><strong>καὶ</strong></span> 
     </span>
    </p>
   </div>
   <div class='ocr_carea' id='block_1_12' title="bbox 285 1104 1858 1177">
    <p class='ocr_par' dir='ltr' id='par_1_12' title="bbox 285 1104 1858 1177">
     <span class='ocr_line' id='line_1_12' title="bbox 285 1104 1858 1177; baseline 0.001 -21"><span class='ocrx_word' id='word_1_69' title='bbox 285 1104 407 1167; x_wconf 74' lang='grc' dir='ltr'><strong>τοὺς</strong></span> <span class='ocrx_word' id='word_1_70' title='bbox 438 1106 563 1174; x_wconf 76' lang='grc' dir='ltr'><strong>περὶ</strong></span> <span class='ocrx_word' id='word_1_71' title='bbox 595 1106 760 1160; x_wconf 72' lang='grc' dir='ltr'><strong>αὐτὸν</strong></span> <span class='ocrx_word' id='word_1_72' title='bbox 799 1107 998 1177; x_wconf 82' lang='grc' dir='ltr'><strong>πολλῆς</strong></span> <span class='ocrx_word' id='word_1_73' title='bbox 1032 1107 1320 1177; x_wconf 69' lang='grc' dir='ltr'><strong>ἐμπλήσας</strong></span> <span class='ocrx_word' id='word_1_74' title='bbox 1372 1106 1564 1177; x_wconf 71' lang='grc' dir='ltr'><strong>ἡδονῆς</strong></span> <span class='ocrx_word' id='word_1_75' title='bbox 1597 1109 1693 1159; x_wconf 75' lang='grc' dir='ltr'><strong>καὶ</strong></span> <span class='ocrx_word' id='word_1_76' title='bbox 1722 1121 1858 1175; x_wconf 84' lang='grc' dir='ltr'><strong>προ-</strong></span> 
     </span>
    </p>
   </div>
   <div class='ocr_carea' id='block_1_13' title="bbox 285 1194 1858 1268">
    <p class='ocr_par' dir='ltr' id='par_1_13' title="bbox 285 1194 1858 1268">
     <span class='ocr_line' id='line_1_13' title="bbox 285 1194 1858 1268; baseline 0.004 -24"><span class='ocrx_word' id='word_1_77' title='bbox 285 1194 498 1261; x_wconf 80' lang='grc' dir='ltr'><strong>θυμίας,</strong></span> <span class='ocrx_word' id='word_1_78' title='bbox 535 1195 656 1250; x_wconf 78' lang='grc' dir='ltr'><strong>οὐδὲ</strong></span> <span class='ocrx_word' id='word_1_79' title='bbox 690 1199 800 1268; x_wconf 68' lang='grc' dir='ltr'><strong>γὰρ</strong></span> <span class='ocrx_word' id='word_1_80' title='bbox 848 1195 908 1263; x_wconf 76' lang='grc' dir='ltr'>ἐξ</span> <span class='ocrx_word' id='word_1_81' title='bbox 940 1199 1064 1251; x_wconf 83' lang='grc' dir='ltr'><strong>ὅτου</strong></span> <span class='ocrx_word' id='word_1_82' title='bbox 1113 1198 1371 1268; x_wconf 79' lang='grc' dir='ltr'><strong>βασιλεὺς</strong></span> <span class='ocrx_word' id='word_1_83' title='bbox 1424 1201 1504 1262; x_wconf 80' lang='grc' dir='ltr'><strong>εἰς</strong></span> <span class='ocrx_word' id='word_1_84' title='bbox 1552 1196 1858 1267; x_wconf 83' lang='grc' dir='ltr'><strong>Τριϐαλοὺς</strong></span> 
     </span>
    </p>
   </div>
   <div class='ocr_carea' id='block_1_14' title="bbox 284 1279 1854 1361">
    <p class='ocr_par' dir='ltr' id='par_1_14' title="bbox 284 1279 1854 1361">
     <span class='ocr_line' id='line_1_14' title="bbox 284 1279 1854 1361; baseline 0.002 -23"><span class='ocrx_word' id='word_1_85' title='bbox 284 1279 437 1356; x_wconf 75' lang='grc' dir='ltr'><strong>ἧκεν,</strong></span> <span class='ocrx_word' id='word_1_86' title='bbox 489 1286 790 1358; x_wconf 82' lang='grc' dir='ltr'><strong>ἁξιόχρεὼς</strong></span> <span class='ocrx_word' id='word_1_87' title='bbox 839 1308 923 1353; x_wconf 80' lang='grc' dir='ltr'><strong>τις</strong></span> <span class='ocrx_word' id='word_1_88' title='bbox 971 1289 1189 1343; x_wconf 80' lang='grc' dir='ltr'><strong>οἴκοθεν</strong></span> <span class='ocrx_word' id='word_1_89' title='bbox 1235 1292 1433 1358; x_wconf 83' lang='grc' dir='ltr'><strong>ἀφῖκτο</strong></span> <span class='ocrx_word' id='word_1_90' title='bbox 1482 1289 1621 1361; x_wconf 79' lang='grc' dir='ltr'><strong>πρὸς</strong></span> <span class='ocrx_word' id='word_1_91' title='bbox 1668 1288 1854 1356; x_wconf 81' lang='grc' dir='ltr'><strong>αὐτὸν,</strong></span> 
     </span>
    </p>
   </div>
   <div class='ocr_carea' id='block_1_15' title="bbox 282 1376 1857 1451">
    <p class='ocr_par' dir='ltr' id='par_1_15' title="bbox 282 1376 1857 1451">
     <span class='ocr_line' id='line_1_15' title="bbox 282 1376 1857 1451; baseline 0.003 -23"><span class='ocrx_word' id='word_1_92' title='bbox 282 1376 388 1430; x_wconf 73' lang='grc' dir='ltr'><strong>δέει</strong></span> <span class='ocrx_word' id='word_1_93' title='bbox 415 1378 523 1430; x_wconf 77' lang='grc' dir='ltr'><strong>τῶν</strong></span> <span class='ocrx_word' id='word_1_94' title='bbox 556 1380 899 1449; x_wconf 74' lang='grc' dir='ltr'><strong>κατεχόντων</strong></span> <span class='ocrx_word' id='word_1_95' title='bbox 925 1380 1025 1444; x_wconf 84' lang='grc' dir='ltr'><strong>τὰς</strong></span> <span class='ocrx_word' id='word_1_96' title='bbox 1049 1381 1222 1447; x_wconf 74' lang='grc' dir='ltr'><strong>ὁδοὺς,</strong></span> <span class='ocrx_word' id='word_1_97' title='bbox 1253 1380 1412 1444; x_wconf 76' lang='grc' dir='ltr'><strong>αὖθις</strong></span> <span class='ocrx_word' id='word_1_98' title='bbox 1441 1380 1684 1451; x_wconf 78' lang='grc' dir='ltr'><strong>ἐπανῆκε</strong></span> <span class='ocrx_word' id='word_1_99' title='bbox 1719 1380 1857 1450; x_wconf 73' lang='grc' dir='ltr'><strong>πρὸς</strong></span> 
     </span>
    </p>
   </div>
   <div class='ocr_carea' id='block_1_16' title="bbox 288 1471 1859 1549">
    <p class='ocr_par' dir='ltr' id='par_1_16' title="bbox 288 1471 1859 1549">
     <span class='ocr_line' id='line_1_16' title="bbox 288 1471 1859 1549; baseline 0.001 -26"><span class='ocrx_word' id='word_1_100' title='bbox 288 1471 693 1549; x_wconf 73' lang='grc' dir='ltr'><strong>Διδυμότειχον,</strong></span> <span class='ocrx_word' id='word_1_101' title='bbox 723 1472 995 1527; x_wconf 82' lang='grc' dir='ltr'><strong>διαλαθὼν</strong></span> <span class='ocrx_word' id='word_1_102' title='bbox 1027 1474 1155 1536; x_wconf 72' lang='grc' dir='ltr'><strong>τοὺς</strong></span> <span class='ocrx_word' id='word_1_103' title='bbox 1189 1472 1506 1547; x_wconf 81' lang='grc' dir='ltr'><strong>πολεμίους,</strong></span> <span class='ocrx_word' id='word_1_104' title='bbox 1543 1473 1637 1527; x_wconf 79' lang='grc' dir='ltr'><strong>καὶ</strong></span> <span class='ocrx_word' id='word_1_105' title='bbox 1677 1472 1859 1541; x_wconf 73' lang='grc' dir='ltr'><strong>ἀπήγ-</strong></span> 
     </span>
    </p>
   </div>
   <div class='ocr_carea' id='block_1_17' title="bbox 287 1563 1857 1637">
    <p class='ocr_par' dir='ltr' id='par_1_17' title="bbox 287 1563 1857 1637">
     <span class='ocr_line' id='line_1_17' title="bbox 287 1563 1857 1637; baseline 0.003 -23"><span class='ocrx_word' id='word_1_106' title='bbox 287 1563 441 1629; x_wconf 86' lang='grc' dir='ltr'><strong>γελλε</strong></span> <span class='ocrx_word' id='word_1_107' title='bbox 493 1565 827 1634; x_wconf 65' lang='grc' dir='ltr'><strong>σαςέστερον</strong></span> <span class='ocrx_word' id='word_1_108' title='bbox 871 1564 942 1618; x_wconf 81' lang='grc' dir='ltr'><strong>τὰ</strong></span> <span class='ocrx_word' id='word_1_109' title='bbox 1004 1567 1133 1637; x_wconf 60' lang='grc' dir='ltr'><strong>περ)⁵</strong></span> <span class='ocrx_word' id='word_1_110' title='bbox 1187 1565 1486 1636; x_wconf 71' lang='grc' dir='ltr'><strong>βασιλέως·</strong></span> <span class='ocrx_word' id='word_1_111' title='bbox 1531 1567 1626 1619; x_wconf 78' lang='grc' dir='ltr'><strong>καὶ</strong></span> <span class='ocrx_word' id='word_1_112' title='bbox 1659 1564 1735 1629; x_wconf 82' lang='grc' dir='ltr'><strong>ὡς</strong></span> <span class='ocrx_word' id='word_1_113' title='bbox 1772 1565 1857 1636; x_wconf 76' lang='grc' dir='ltr'><strong>εἴη</strong></span> 
     </span>
    </p>
   </div>
   <div class='ocr_carea' id='block_1_18' title="bbox 290 1656 1859 1729">
    <p class='ocr_par' dir='ltr' id='par_1_18' title="bbox 290 1656 1859 1729">
     <span class='ocr_line' id='line_1_18' title="bbox 290 1656 1859 1729; baseline 0.003 -25"><span class='ocrx_word' id='word_1_114' title='bbox 290 1656 811 1723; x_wconf 68' lang='grc' dir='ltr'><strong>παρεσκευασμένος</strong></span> <span class='ocrx_word' id='word_1_115' title='bbox 880 1657 1179 1727; x_wconf 66' lang='grc' dir='ltr'><strong>ἐπανήκειν</strong></span> <span class='ocrx_word' id='word_1_116' title='bbox 1248 1657 1365 1726; x_wconf 77' lang='grc' dir='ltr'><strong>ἅμα</strong></span> <span class='ocrx_word' id='word_1_117' title='bbox 1420 1659 1647 1729; x_wconf 73' lang='grc' dir='ltr'><strong>στρατιᾷ</strong></span> <span class='ocrx_word' id='word_1_118' title='bbox 1693 1657 1859 1726; x_wconf 82' lang='grc' dir='ltr'><strong>ὀλίγῳ</strong></span> 
     </span>
    </p>
   </div>
   <div class='ocr_carea' id='block_1_19' title="bbox 1956 553 3535 627">
    <p class='ocr_par' dir='ltr' id='par_1_19' title="bbox 1956 553 3535 627">
     <span class='ocr_line' id='line_1_19' title="bbox 1956 553 3535 627; baseline -0.001 -17"><span class='ocrx_word' id='word_1_119' title='bbox 1956 553 2288 626; x_wconf 87' lang='lat' dir='ltr'><strong>Cralemque</strong></span> <span class='ocrx_word' id='word_1_120' title='bbox 2316 555 2385 612; x_wconf 90' lang='lat' dir='ltr'><strong>de</strong></span> <span class='ocrx_word' id='word_1_121' title='bbox 2418 556 2670 613; x_wconf 87' lang='lat' dir='ltr'><strong>subsidio</strong></span> <span class='ocrx_word' id='word_1_122' title='bbox 2706 556 3034 612; x_wconf 72' lang='lat' dir='ltr'><strong>hortabatur</strong></span> <span class='ocrx_word' id='word_1_123' title='bbox 3069 572 3083 608; x_wconf 92' lang='lat'><strong>:</strong></span> <span class='ocrx_word' id='word_1_124' title='bbox 3111 556 3336 627; x_wconf 84' lang='lat' dir='ltr'><strong>jamque</strong></span> <span class='ocrx_word' id='word_1_125' title='bbox 3360 556 3535 624; x_wconf 77' lang='lat' dir='ltr'><strong>c0pite</strong></span> 
     </span>
    </p>
   </div>
   <div class='ocr_carea' id='block_1_20' title="bbox 1954 644 3536 731">
    <p class='ocr_par' dir='ltr' id='par_1_20' title="bbox 1954 644 3536 731">
     <span class='ocr_line' id='line_1_20' title="bbox 1954 644 3536 731; baseline -0.001 -31"><span class='ocrx_word' id='word_1_126' title='bbox 1954 662 2078 716; x_wconf 68' lang='lat' dir='ltr'><strong>quae</strong></span> <span class='ocrx_word' id='word_1_127' title='bbox 2112 660 2238 731; x_wconf 76' lang='lat' dir='ltr'><strong>cum</strong></span> <span class='ocrx_word' id='word_1_128' title='bbox 2301 647 2393 702; x_wconf 92' lang='lat' dir='ltr'><strong>illo</strong></span> <span class='ocrx_word' id='word_1_129' title='bbox 2452 647 2673 703; x_wconf 88' lang='lat' dir='ltr'><strong>abirent</strong></span> <span class='ocrx_word' id='word_1_130' title='bbox 2717 647 3157 708; x_wconf 77' lang='lat' dir='ltr'><strong>instruebantur.</strong></span> <span class='ocrx_word' id='word_1_131' title='bbox 3199 646 3267 700; x_wconf 86' lang='lat' dir='ltr'><strong>Et</strong></span> <span class='ocrx_word' id='word_1_132' title='bbox 3296 644 3536 699; x_wconf 83' lang='lat' dir='ltr'><strong>Tarcha-</strong></span> 
     </span>
    </p>
   </div>
   <div class='ocr_carea' id='block_1_21' title="bbox 1955 732 3538 813">
    <p class='ocr_par' dir='ltr' id='par_1_21' title="bbox 1955 732 3538 813">
     <span class='ocr_line' id='line_1_21' title="bbox 1955 732 3538 813; baseline -0.003 -17"><span class='ocrx_word' id='word_1_133' title='bbox 1955 732 2107 796; x_wconf 86' lang='lat' dir='ltr'><strong>niota</strong></span> <span class='ocrx_word' id='word_1_134' title='bbox 2165 741 2417 812; x_wconf 83' lang='lat' dir='ltr'><strong>quidem,</strong></span> <span class='ocrx_word' id='word_1_135' title='bbox 2460 741 2797 813; x_wconf 84' lang='lat' dir='ltr'><strong>imperatore</strong></span> <span class='ocrx_word' id='word_1_136' title='bbox 2848 741 3057 812; x_wconf 87' lang='lat' dir='ltr'><strong>quique</strong></span> <span class='ocrx_word' id='word_1_137' title='bbox 3091 754 3216 795; x_wconf 83' lang='lat' dir='ltr'><strong>cura</strong></span> <span class='ocrx_word' id='word_1_138' title='bbox 3256 752 3325 793; x_wconf 87' lang='lat' dir='ltr'><strong>eo</strong></span> <span class='ocrx_word' id='word_1_139' title='bbox 3375 746 3538 792; x_wconf 75' lang='lat' dir='ltr'><strong>erant</strong></span> 
     </span>
    </p>
   </div>
   <div class='ocr_carea' id='block_1_22' title="bbox 1942 817 3540 914">
    <p class='ocr_par' dir='ltr' id='par_1_22' title="bbox 1942 817 3540 914">
     <span class='ocr_line' id='line_1_22' title="bbox 1942 817 3540 914; baseline -0.003 -29"><span class='ocrx_word' id='word_1_140' title='bbox 1942 831 2253 914; x_wconf 35' lang='lat' dir='ltr'><strong>fpluritnum</strong></span> <span class='ocrx_word' id='word_1_141' title='bbox 2307 833 2627 891; x_wconf 80' lang='lat' dir='ltr'><strong>exhilaratis</strong></span> <span class='ocrx_word' id='word_1_142' title='bbox 2658 841 2715 889; x_wconf 88' lang='lat' dir='ltr'><strong>et</strong></span> <span class='ocrx_word' id='word_1_143' title='bbox 2763 817 3016 888; x_wconf 67' lang='lat' dir='ltr'><strong>eicitatis</strong></span> <span class='ocrx_word' id='word_1_144' title='bbox 3050 830 3186 903; x_wconf 85' lang='lat' dir='ltr'><strong>(nec</strong></span> <span class='ocrx_word' id='word_1_145' title='bbox 3214 829 3360 886; x_wconf 90' lang='lat' dir='ltr'><strong>enim</strong></span> <span class='ocrx_word' id='word_1_146' title='bbox 3386 826 3540 897; x_wconf 80' lang='lat' dir='ltr'><strong>quis—</strong></span> 
     </span>
    </p>
   </div>
   <div class='ocr_carea' id='block_1_23' title="bbox 1956 919 3536 998">
    <p class='ocr_par' dir='ltr' id='par_1_23' title="bbox 1956 919 3536 998">
     <span class='ocr_line' id='line_1_23' title="bbox 1956 919 3536 998; baseline -0.004 -18"><span class='ocrx_word' id='word_1_147' title='bbox 1956 940 2144 994; x_wconf 90' lang='lat' dir='ltr'><strong>quam,</strong></span> <span class='ocrx_word' id='word_1_148' title='bbox 2174 942 2243 982; x_wconf 84' lang='lat' dir='ltr'><strong>ex</strong></span> <span class='ocrx_word' id='word_1_149' title='bbox 2278 941 2391 998; x_wconf 89' lang='lat' dir='ltr'><strong>quo</strong></span> <span class='ocrx_word' id='word_1_150' title='bbox 2416 925 2484 981; x_wconf 92' lang='lat' dir='ltr'><strong>ad</strong></span> <span class='ocrx_word' id='word_1_151' title='bbox 2518 925 2789 981; x_wconf 82' lang='lat' dir='ltr'><strong>Triballos</strong></span> <span class='ocrx_word' id='word_1_152' title='bbox 2823 925 3059 988; x_wconf 85' lang='lat' dir='ltr'><strong>abierat,</strong></span> <span class='ocrx_word' id='word_1_153' title='bbox 3090 922 3325 994; x_wconf 87' lang='lat' dir='ltr'><strong>alicujus</strong></span> <span class='ocrx_word' id='word_1_154' title='bbox 3353 919 3536 975; x_wconf 78' lang='lat' dir='ltr'><strong>nomi-</strong></span> 
     </span>
    </p>
   </div>
   <div class='ocr_carea' id='block_1_24' title="bbox 1956 1014 3540 1085">
    <p class='ocr_par' dir='ltr' id='par_1_24' title="bbox 1956 1014 3540 1085">
     <span class='ocr_line' id='line_1_24' title="bbox 1956 1014 3540 1085; baseline -0.005 -11"><span class='ocrx_word' id='word_1_155' title='bbox 1956 1019 2045 1074; x_wconf 90' lang='lat' dir='ltr'><strong>nis</strong></span> <span class='ocrx_word' id='word_1_156' title='bbox 2074 1018 2239 1073; x_wconf 87' lang='lat' dir='ltr'><strong>domo</strong></span> <span class='ocrx_word' id='word_1_157' title='bbox 2279 1019 2347 1073; x_wconf 92' lang='lat' dir='ltr'><strong>ad</strong></span> <span class='ocrx_word' id='word_1_158' title='bbox 2374 1033 2525 1085; x_wconf 88' lang='lat' dir='ltr'><strong>eum,</strong></span> <span class='ocrx_word' id='word_1_159' title='bbox 2562 1019 2757 1073; x_wconf 86' lang='lat' dir='ltr'><strong>timore</strong></span> <span class='ocrx_word' id='word_1_160' title='bbox 2799 1017 2917 1071; x_wconf 92' lang='lat' dir='ltr'><strong>vias</strong></span> <span class='ocrx_word' id='word_1_161' title='bbox 2942 1014 3339 1079; x_wconf 82' lang='lat' dir='ltr'><strong>obsidentium,</strong></span> <span class='ocrx_word' id='word_1_162' title='bbox 3368 1026 3540 1067; x_wconf 85' lang='lat' dir='ltr'><strong>vene-</strong></span> 
     </span>
    </p>
   </div>
   <div class='ocr_carea' id='block_1_25' title="bbox 1958 1107 3543 1184">
    <p class='ocr_par' dir='ltr' id='par_1_25' title="bbox 1958 1107 3543 1184">
     <span class='ocr_line' id='line_1_25' title="bbox 1958 1107 3543 1184; baseline -0.005 -17"><span class='ocrx_word' id='word_1_163' title='bbox 1958 1114 2090 1182; x_wconf 88' lang='lat' dir='ltr'><strong>rat),</strong></span> <span class='ocrx_word' id='word_1_164' title='bbox 2124 1111 2575 1184; x_wconf 86' lang='lat' dir='ltr'><strong>Didymotichum</strong></span> <span class='ocrx_word' id='word_1_165' title='bbox 2608 1109 2889 1180; x_wconf 75' lang='lat' dir='ltr'><strong>repetivit,</strong></span> <span class='ocrx_word' id='word_1_166' title='bbox 2919 1107 3321 1170; x_wconf 87' lang='lat' dir='ltr'><strong>hostcslatens,</strong></span> <span class='ocrx_word' id='word_1_167' title='bbox 3345 1113 3403 1162; x_wconf 90' lang='lat' dir='ltr'><strong>et</strong></span> <span class='ocrx_word' id='word_1_168' title='bbox 3426 1119 3543 1172; x_wconf 79' lang='lat' dir='ltr'><strong>quo</strong></span> 
     </span>
    </p>
   </div>
   <div class='ocr_carea' id='block_1_26' title="bbox 1956 1191 3538 1276">
    <p class='ocr_par' dir='ltr' id='par_1_26' title="bbox 1956 1191 3538 1276">
     <span class='ocr_line' id='line_1_26' title="bbox 1956 1191 3538 1276; baseline -0.008 -15"><span class='ocrx_word' id='word_1_169' title='bbox 1956 1206 2080 1261; x_wconf 92' lang='lat' dir='ltr'><strong>loco</strong></span> <span class='ocrx_word' id='word_1_170' title='bbox 2131 1221 2221 1261; x_wconf 87' lang='lat' dir='ltr'><strong>res</strong></span> <span class='ocrx_word' id='word_1_171' title='bbox 2272 1191 2798 1276; x_wconf 39' lang='lat' dir='ltr'><strong>imperatoris&#39;sitaz</strong></span> <span class='ocrx_word' id='word_1_172' title='bbox 2848 1207 3056 1264; x_wconf 88' lang='lat' dir='ltr'><strong>essent,</strong></span> <span class='ocrx_word' id='word_1_173' title='bbox 3089 1199 3365 1270; x_wconf 84' lang='lat' dir='ltr'><strong>pauloque</strong></span> <span class='ocrx_word' id='word_1_174' title='bbox 3411 1203 3538 1266; x_wconf 84' lang='lat' dir='ltr'><strong>post</strong></span> 
     </span>
    </p>
   </div>
   <div class='ocr_carea' id='block_1_27' title="bbox 1957 1289 3537 1357">
    <p class='ocr_par' dir='ltr' id='par_1_27' title="bbox 1957 1289 3537 1357">
     <span class='ocr_line' id='line_1_27' title="bbox 1957 1289 3537 1357; baseline -0.01 -3"><span class='ocrx_word' id='word_1_175' title='bbox 1957 1313 2082 1355; x_wconf 87' lang='lat' dir='ltr'><strong>cum</strong></span> <span class='ocrx_word' id='word_1_176' title='bbox 2114 1296 2333 1352; x_wconf 80' lang='lat' dir='ltr'><strong>auxiliis</strong></span> <span class='ocrx_word' id='word_1_177' title='bbox 2359 1296 2674 1350; x_wconf 81' lang='lat' dir='ltr'><strong>adfuturum</strong></span> <span class='ocrx_word' id='word_1_178' title='bbox 2735 1302 2891 1349; x_wconf 89' lang='lat' dir='ltr'><strong>certo</strong></span> <span class='ocrx_word' id='word_1_179' title='bbox 2939 1289 3235 1346; x_wconf 81' lang='lat' dir='ltr'><strong>nuntiavit.</strong></span> <span class='ocrx_word' id='word_1_180' title='bbox 3278 1290 3537 1357; x_wconf 64' lang='lat' dir='ltr'><strong>Apocaly-</strong></span> 
     </span>
    </p>
   </div>
   <div class='ocr_carea' id='block_1_28' title="bbox 1958 1376 3536 1458">
    <p class='ocr_par' dir='ltr' id='par_1_28' title="bbox 1958 1376 3536 1458">
     <span class='ocr_line' id='line_1_28' title="bbox 1958 1376 3536 1458; baseline -0.01 -12"><span class='ocrx_word' id='word_1_181' title='bbox 1958 1391 2097 1446; x_wconf 89' lang='lat' dir='ltr'><strong>chus</strong></span> <span class='ocrx_word' id='word_1_182' title='bbox 2123 1389 2308 1446; x_wconf 83' lang='lat' dir='ltr'><strong>missis</strong></span> <span class='ocrx_word' id='word_1_183' title='bbox 2338 1389 2533 1458; x_wconf 85' lang='lat' dir='ltr'><strong>legatis</strong></span> <span class='ocrx_word' id='word_1_184' title='bbox 2564 1386 2709 1442; x_wconf 87' lang='lat' dir='ltr'><strong>Crali</strong></span> <span class='ocrx_word' id='word_1_185' title='bbox 2763 1381 3056 1456; x_wconf 79' lang='lat' dir='ltr'><strong>signiﬁcat,</strong></span> <span class='ocrx_word' id='word_1_186' title='bbox 3092 1396 3152 1437; x_wconf 90' lang='lat' dir='ltr'><strong>se</strong></span> <span class='ocrx_word' id='word_1_187' title='bbox 3200 1381 3257 1435; x_wconf 89' lang='lat' dir='ltr'><strong>in</strong></span> <span class='ocrx_word' id='word_1_188' title='bbox 3285 1376 3536 1435; x_wconf 78' lang='lat' dir='ltr'><strong>Macedo-</strong></span> 
     </span>
    </p>
   </div>
   <div class='ocr_carea' id='block_1_29' title="bbox 1961 1469 3536 1554">
    <p class='ocr_par' dir='ltr' id='par_1_29' title="bbox 1961 1469 3536 1554">
     <span class='ocr_line' id='line_1_29' title="bbox 1961 1469 3536 1554; baseline -0.011 -14"><span class='ocrx_word' id='word_1_189' title='bbox 1961 1486 2107 1540; x_wconf 90' lang='lat' dir='ltr'><strong>niam</strong></span> <span class='ocrx_word' id='word_1_190' title='bbox 2156 1485 2563 1554; x_wconf 77' lang='lat' dir='ltr'><strong>navigaturum,</strong></span> <span class='ocrx_word' id='word_1_191' title='bbox 2612 1493 2925 1551; x_wconf 87' lang='lat' dir='ltr'><strong>cupercque</strong></span> <span class='ocrx_word' id='word_1_192' title='bbox 2977 1473 3208 1532; x_wconf 64' lang='lat' dir='ltr'><strong>foederis</strong></span> <span class='ocrx_word' id='word_1_193' title='bbox 3255 1473 3361 1529; x_wconf 86' lang='lat' dir='ltr'><strong>sibi</strong></span> <span class='ocrx_word' id='word_1_194' title='bbox 3407 1469 3536 1541; x_wconf 89' lang='lat' dir='ltr'><strong>qui-</strong></span> 
     </span>
    </p>
   </div>
   <div class='ocr_carea' id='block_1_30' title="bbox 1959 1561 3533 1644">
    <p class='ocr_par' dir='ltr' id='par_1_30' title="bbox 1959 1561 3533 1644">
     <span class='ocr_line' id='line_1_30' title="bbox 1959 1561 3533 1644; baseline -0.009 -15"><span class='ocrx_word' id='word_1_195' title='bbox 1959 1575 2083 1629; x_wconf 89' lang='lat' dir='ltr'><strong>dem</strong></span> <span class='ocrx_word' id='word_1_196' title='bbox 2120 1572 2451 1644; x_wconf 82' lang='lat' dir='ltr'><strong>optatissimi</strong></span> <span class='ocrx_word' id='word_1_197' title='bbox 2493 1569 2731 1626; x_wconf 81' lang='lat' dir='ltr'><strong>faciendi</strong></span> <span class='ocrx_word' id='word_1_198' title='bbox 2780 1583 2947 1625; x_wconf 89' lang='lat' dir='ltr'><strong>causa</strong></span> <span class='ocrx_word' id='word_1_199' title='bbox 2994 1580 3122 1622; x_wconf 90' lang='lat' dir='ltr'><strong>cum</strong></span> <span class='ocrx_word' id='word_1_200' title='bbox 3168 1578 3236 1620; x_wconf 92' lang='lat' dir='ltr'><strong>eo</strong></span> <span class='ocrx_word' id='word_1_201' title='bbox 3271 1561 3533 1632; x_wconf 88' lang='lat' dir='ltr'><strong>colloqui.</strong></span> 
     </span>
    </p>
   </div>
   <div class='ocr_carea' id='block_1_31' title="bbox 1960 1651 3537 1731">
    <p class='ocr_par' dir='ltr' id='par_1_31' title="bbox 1960 1651 3537 1731">
     <span class='ocr_line' id='line_1_31' title="bbox 1960 1651 3537 1731; baseline -0.009 -12"><span class='ocrx_word' id='word_1_202' title='bbox 1960 1663 2148 1719; x_wconf 84' lang='lat' dir='ltr'><strong>Cralcs</strong></span> <span class='ocrx_word' id='word_1_203' title='bbox 2178 1678 2243 1717; x_wconf 79' lang='lat' dir='ltr'><strong>ex</strong></span> <span class='ocrx_word' id='word_1_204' title='bbox 2275 1662 2610 1731; x_wconf 84' lang='lat' dir='ltr'><strong>imperatore</strong></span> <span class='ocrx_word' id='word_1_205' title='bbox 2641 1660 2801 1731; x_wconf 91' lang='lat' dir='ltr'><strong>prius</strong></span> <span class='ocrx_word' id='word_1_206' title='bbox 2844 1659 3067 1730; x_wconf 72' lang='lat' dir='ltr'><strong>quaerit,</strong></span> <span class='ocrx_word' id='word_1_207' title='bbox 3098 1670 3168 1710; x_wconf 86' lang='lat' dir='ltr'><strong>an</strong></span> <span class='ocrx_word' id='word_1_208' title='bbox 3197 1669 3257 1710; x_wconf 88' lang='lat' dir='ltr'><strong>se</strong></span> <span class='ocrx_word' id='word_1_209' title='bbox 3285 1668 3410 1710; x_wconf 91' lang='lat' dir='ltr'><strong>cum</strong></span> <span class='ocrx_word' id='word_1_210' title='bbox 3442 1651 3537 1706; x_wconf 91' lang='lat' dir='ltr'><strong>illo</strong></span> 
     </span>
    </p>
   </div>
   <div class='ocr_carea' id='block_1_32' title="bbox 288 1743 1874 1850">
    <p class='ocr_par' dir='ltr' id='par_1_32' title="bbox 288 1743 1860 1850">
     <span class='ocr_line' id='line_1_32' title="bbox 288 1743 1860 1850; baseline 0.002 -54"><span class='ocrx_word' id='word_1_211' title='bbox 288 1743 534 1850; x_wconf 70' lang='grc' dir='ltr'><strong>ὕστερον.</strong></span> <span class='ocrx_word' id='word_1_212' title='bbox 555 1743 917 1818; x_wconf 76' lang='grc' dir='ltr'><strong>’Ἃπόκαυχος</strong></span> <span class='ocrx_word' id='word_1_213' title='bbox 952 1748 1007 1802; x_wconf 81' lang='grc' dir='ltr'><strong>δὲ</strong></span> <span class='ocrx_word' id='word_1_214' title='bbox 1041 1749 1068 1801; x_wconf 81' lang='grc' dir='ltr'><strong>ὁ</strong></span> <span class='ocrx_word' id='word_1_215' title='bbox 1112 1749 1287 1820; x_wconf 88' lang='grc' dir='ltr'><strong>μέγας</strong></span> <span class='ocrx_word' id='word_1_216' title='bbox 1317 1748 1443 1814; x_wconf 75' lang='grc' dir='ltr'><strong>δοὺε</strong></span> <span class='ocrx_word' id='word_1_217' title='bbox 1471 1749 1608 1818; x_wconf 68' lang='grc' dir='ltr'><strong>πρὸς</strong></span> <span class='ocrx_word' id='word_1_218' title='bbox 1639 1748 1860 1818; x_wconf 49' lang='lat' dir='ltr'><strong>licet).er</strong></span> 
     </span>
    </p>
   </div>
   <div class='ocr_carea' id='block_1_33' title="bbox 1975 1743 3538 1850">
    <p class='ocr_par' dir='ltr' id='par_1_33' title="bbox 1975 1743 3538 1826">
     <span class='ocr_line' id='line_1_33' title="bbox 1975 1743 3538 1826; baseline -0.009 -14"><span class='ocrx_word' id='word_1_219' title='bbox 1975 1750 2220 1826; x_wconf 75' lang='lat' dir='ltr'><strong>congredi</strong></span> <span class='ocrx_word' id='word_1_220' title='bbox 2281 1756 2582 1826; x_wconf 86' lang='lat' dir='ltr'><strong>perm&#39;ttat.</strong></span> <span class='ocrx_word' id='word_1_221' title='bbox 2638 1752 2759 1820; x_wconf 84' lang='lat' dir='ltr'><strong>Quo</strong></span> <span class='ocrx_word' id='word_1_222' title='bbox 2812 1766 2926 1807; x_wconf 89' lang='lat' dir='ltr'><strong>non</strong></span> <span class='ocrx_word' id='word_1_223' title='bbox 2980 1747 3360 1810; x_wconf 85' lang='lat' dir='ltr'><strong>dissuadente,</strong></span> <span class='ocrx_word' id='word_1_224' title='bbox 3424 1743 3538 1798; x_wconf 89' lang='lat' dir='ltr'><strong>imo</strong></span> 
     </span>
    </p>
   </div>
   <div class='ocr_carea' id='block_1_34' title="bbox 292 1833 1863 1911">
    <p class='ocr_par' dir='ltr' id='par_1_34' title="bbox 292 1833 1863 1911">
     <span class='ocr_line' id='line_1_34' title="bbox 292 1833 1863 1911; baseline 0.005 -26"><span class='ocrx_word' id='word_1_225' title='bbox 292 1833 509 1903; x_wconf 74' lang='grc' dir='ltr'><strong>πέμψας</strong></span> <span class='ocrx_word' id='word_1_226' title='bbox 536 1836 723 1905; x_wconf 77' lang='grc' dir='ltr'><strong>ἐδήλου</strong></span> <span class='ocrx_word' id='word_1_227' title='bbox 755 1855 836 1904; x_wconf 87' lang='grc' dir='ltr'><strong>τε,</strong></span> <span class='ocrx_word' id='word_1_228' title='bbox 867 1839 953 1892; x_wconf 86' lang='grc' dir='ltr'><strong>ὃτι</strong></span> <span class='ocrx_word' id='word_1_229' title='bbox 1001 1839 1124 1908; x_wconf 79' lang='grc' dir='ltr'><strong>ἥξει</strong></span> <span class='ocrx_word' id='word_1_230' title='bbox 1176 1839 1340 1893; x_wconf 77' lang='grc' dir='ltr'><strong>ναυσὶ</strong></span> <span class='ocrx_word' id='word_1_231' title='bbox 1385 1841 1522 1909; x_wconf 58' lang='grc' dir='ltr'><strong>πρῒς</strong></span> <span class='ocrx_word' id='word_1_232' title='bbox 1545 1838 1645 1911; x_wconf 83' lang='grc' dir='ltr'><strong>τὴν</strong></span> <span class='ocrx_word' id='word_1_233' title='bbox 1674 1841 1863 1893; x_wconf 84' lang='grc' dir='ltr'><strong>Μακε-</strong></span> 
     </span>
    </p>
   </div>
   <div class='ocr_carea' id='block_1_35' title="bbox 288 1925 1863 2001">
    <p class='ocr_par' dir='ltr' id='par_1_35' title="bbox 288 1925 1863 2001">
     <span class='ocr_line' id='line_1_35' title="bbox 288 1925 1863 2001; baseline 0.004 -24"><span class='ocrx_word' id='word_1_234' title='bbox 288 1925 490 1991; x_wconf 82' lang='grc' dir='ltr'><strong>δονίαν,</strong></span> <span class='ocrx_word' id='word_1_235' title='bbox 530 1929 623 1980; x_wconf 66' lang='grc' dir='ltr'><strong>καὶ</strong></span> <span class='ocrx_word' id='word_1_236' title='bbox 665 1928 743 1992; x_wconf 85' lang='grc' dir='ltr'><strong>ὠς</strong></span> <span class='ocrx_word' id='word_1_237' title='bbox 790 1929 1032 2000; x_wconf 76' lang='grc' dir='ltr'><strong>βούλοιτο</strong></span> <span class='ocrx_word' id='word_1_238' title='bbox 1079 1933 1361 2001; x_wconf 77' lang='grc' dir='ltr'><strong>συντυχεῖν</strong></span> <span class='ocrx_word' id='word_1_239' title='bbox 1391 1930 1541 2000; x_wconf 83' lang='grc' dir='ltr'><strong>αὐτῷ</strong></span> <span class='ocrx_word' id='word_1_240' title='bbox 1583 1930 1863 2001; x_wconf 75' lang='grc' dir='ltr'><strong>συνεήκας</strong></span> 
     </span>
    </p>
   </div>
   <div class='ocr_carea' id='block_1_36' title="bbox 289 2020 1862 2093">
    <p class='ocr_par' dir='ltr' id='par_1_36' title="bbox 289 2020 1862 2093">
     <span class='ocr_line' id='line_1_36' title="bbox 289 2020 1862 2093; baseline 0.005 -24"><span class='ocrx_word' id='word_1_241' title='bbox 289 2020 673 2089; x_wconf 76' lang='grc' dir='ltr'><strong>ποιησόμενος,</strong></span> <span class='ocrx_word' id='word_1_242' title='bbox 704 2023 759 2075; x_wconf 78' lang='grc' dir='ltr'><strong>αἳ</strong></span> <span class='ocrx_word' id='word_1_243' title='bbox 788 2021 1026 2092; x_wconf 82' lang='grc' dir='ltr'><strong>μάλιστα</strong></span> <span class='ocrx_word' id='word_1_244' title='bbox 1054 2022 1267 2075; x_wconf 83' lang='grc' dir='ltr'><strong>ἔσονται</strong></span> <span class='ocrx_word' id='word_1_245' title='bbox 1301 2022 1452 2093; x_wconf 86' lang='grc' dir='ltr'><strong>αύτῷ</strong></span> <span class='ocrx_word' id='word_1_246' title='bbox 1488 2022 1611 2077; x_wconf 83' lang='grc' dir='ltr'><strong>καθ’</strong></span> <span class='ocrx_word' id='word_1_247' title='bbox 1644 2022 1862 2093; x_wconf 80' lang='grc' dir='ltr'><strong>ἡδονήν.</strong></span> 
     </span>
    </p>
   </div>
   <div class='ocr_carea' id='block_1_37' title="bbox 288 2109 1863 2187">
    <p class='ocr_par' dir='ltr' id='par_1_37' title="bbox 288 2109 1863 2187">
     <span class='ocr_line' id='line_1_37' title="bbox 288 2109 1863 2187; baseline 0.003 -25"><span class='ocrx_word' id='word_1_248' title='bbox 288 2109 510 2180; x_wconf 79' lang='grc' dir='ltr'><strong>Κράλης</strong></span> <span class='ocrx_word' id='word_1_249' title='bbox 541 2112 598 2165; x_wconf 84' lang='grc' dir='ltr'><strong>δὲ</strong></span> <span class='ocrx_word' id='word_1_250' title='bbox 636 2114 768 2183; x_wconf 81' lang='grc' dir='ltr'><strong>περὶ</strong></span> <span class='ocrx_word' id='word_1_251' title='bbox 808 2114 906 2183; x_wconf 84' lang='grc' dir='ltr'><strong>τῆς</strong></span> <span class='ocrx_word' id='word_1_252' title='bbox 951 2115 1243 2185; x_wconf 79' lang='grc' dir='ltr'><strong>συντυχίας</strong></span> <span class='ocrx_word' id='word_1_253' title='bbox 1275 2116 1543 2186; x_wconf 75' lang='grc' dir='ltr'><strong>πρότερον</strong></span> <span class='ocrx_word' id='word_1_254' title='bbox 1579 2115 1863 2187; x_wconf 69' lang='grc' dir='ltr'><strong>ἐρόμενος,</strong></span> 
     </span>
    </p>
   </div>
   <div class='ocr_carea' id='block_1_38' title="bbox 287 2204 1867 2277">
    <p class='ocr_par' dir='ltr' id='par_1_38' title="bbox 287 2204 1867 2277">
     <span class='ocr_line' id='line_1_38' title="bbox 287 2204 1867 2277; baseline 0.003 -23"><span class='ocrx_word' id='word_1_255' title='bbox 287 2204 339 2254; x_wconf 84' lang='grc' dir='ltr'><strong>εί</strong></span> <span class='ocrx_word' id='word_1_256' title='bbox 365 2204 673 2275; x_wconf 71' lang='grc' dir='ltr'><strong>ἐπιτρέπει,</strong></span> <span class='ocrx_word' id='word_1_257' title='bbox 710 2206 959 2275; x_wconf 80' lang='grc' dir='ltr'><strong>βασιλέα,</strong></span> <span class='ocrx_word' id='word_1_258' title='bbox 990 2207 1066 2271; x_wconf 84' lang='grc' dir='ltr'><strong>ὡς</strong></span> <span class='ocrx_word' id='word_1_259' title='bbox 1096 2210 1197 2262; x_wconf 87' lang='grc' dir='ltr'><strong>οὐκ</strong></span> <span class='ocrx_word' id='word_1_260' title='bbox 1228 2208 1484 2271; x_wconf 77' lang='grc' dir='ltr'><strong>ἐκώλυεν,</strong></span> <span class='ocrx_word' id='word_1_261' title='bbox 1505 2208 1640 2263; x_wconf 85' lang='grc' dir='ltr'><strong>ἀλλὰ</strong></span> <span class='ocrx_word' id='word_1_262' title='bbox 1665 2207 1867 2277; x_wconf 78' lang='grc' dir='ltr'><strong>μᾶλλον</strong></span> 
     </span>
    </p>
   </div>
   <div class='ocr_carea' id='block_1_39' title="bbox 283 2294 1866 2371">
    <p class='ocr_par' dir='ltr' id='par_1_39' title="bbox 283 2294 1866 2371">
     <span class='ocr_line' id='line_1_39' title="bbox 283 2294 1866 2371; baseline 0.004 -24"><span class='ocrx_word' id='word_1_263' title='bbox 283 2294 546 2362; x_wconf 73' lang='grc' dir='ltr'><strong>ἐνεδίδου,</strong></span> <span class='ocrx_word' id='word_1_264' title='bbox 584 2299 721 2367; x_wconf 75' lang='grc' dir='ltr'><strong>πρὸς</strong></span> <span class='ocrx_word' id='word_1_265' title='bbox 751 2299 1082 2371; x_wconf 71' lang='grc' dir='ltr'><strong>Ἀμφίπολιν</strong></span> <span class='ocrx_word' id='word_1_266' title='bbox 1116 2298 1423 2355; x_wconf 74' lang='grc' dir='ltr'><strong>συντέθειτο</strong></span> <span class='ocrx_word' id='word_1_267' title='bbox 1453 2300 1706 2371; x_wconf 77' lang='grc' dir='ltr'><strong>ἀλλήλοις</strong></span> <span class='ocrx_word' id='word_1_268' title='bbox 1738 2316 1866 2353; x_wconf 88' lang='grc' dir='ltr'><strong>συν-</strong></span> 
     </span>
    </p>
   </div>
   <div class='ocr_carea' id='block_1_40' title="bbox 288 2388 1867 2464">
    <p class='ocr_par' dir='ltr' id='par_1_40' title="bbox 288 2388 1867 2464">
     <span class='ocr_line' id='line_1_40' title="bbox 288 2388 1867 2464; baseline 0.004 -25"><span class='ocrx_word' id='word_1_269' title='bbox 288 2390 494 2456; x_wconf 78' lang='grc' dir='ltr'><strong>τυχεῖν,</strong></span> <span class='ocrx_word' id='word_1_270' title='bbox 530 2388 559 2441; x_wconf 83' lang='grc' dir='ltr'><strong>δ</strong></span> <span class='ocrx_word' id='word_1_271' title='bbox 593 2389 690 2459; x_wconf 75' lang='grc' dir='ltr'><strong>μὲν</strong></span> <span class='ocrx_word' id='word_1_272' title='bbox 747 2394 943 2444; x_wconf 68' lang='grc' dir='ltr'><strong>ναυσὶν</strong></span> <span class='ocrx_word' id='word_1_273' title='bbox 973 2394 1037 2447; x_wconf 74' lang='grc' dir='ltr'><strong>ἐκ</strong></span> <span class='ocrx_word' id='word_1_274' title='bbox 1065 2392 1359 2464; x_wconf 85' lang='grc' dir='ltr'><strong>θαλάττης.</strong></span> <span class='ocrx_word' id='word_1_275' title='bbox 1394 2393 1549 2463; x_wconf 79' lang='grc' dir='ltr'><strong>ῑππῳ</strong></span> <span class='ocrx_word' id='word_1_276' title='bbox 1578 2393 1634 2445; x_wconf 82' lang='grc' dir='ltr'><strong>δὲ</strong></span> <span class='ocrx_word' id='word_1_277' title='bbox 1659 2394 1688 2447; x_wconf 78' lang='grc' dir='ltr'><strong>δ</strong></span> <span class='ocrx_word' id='word_1_278' title='bbox 1718 2391 1867 2463; x_wconf 84' lang='grc' dir='ltr'><strong>Κρά-</strong></span> 
     </span>
    </p>
   </div>
   <div class='ocr_carea' id='block_1_41' title="bbox 288 2479 1868 2556">
    <p class='ocr_par' dir='ltr' id='par_1_41' title="bbox 288 2479 1868 2556">
     <span class='ocr_line' id='line_1_41' title="bbox 288 2479 1868 2556; baseline 0.004 -25"><span class='ocrx_word' id='word_1_279' title='bbox 288 2479 391 2549; x_wconf 77' lang='grc' dir='ltr'><strong>λης</strong></span> <span class='ocrx_word' id='word_1_280' title='bbox 422 2481 482 2545; x_wconf 80' lang='grc' dir='ltr'>ἐξ</span> <span class='ocrx_word' id='word_1_281' title='bbox 515 2482 771 2551; x_wconf 70' lang='grc' dir='ltr'><strong>ἠπείρου.</strong></span> <span class='ocrx_word' id='word_1_282' title='bbox 798 2484 1011 2546; x_wconf 74' lang='grc' dir='ltr'><strong>Σκοπὸς</strong></span> <span class='ocrx_word' id='word_1_283' title='bbox 1047 2484 1103 2537; x_wconf 71' lang='grc' dir='ltr'><strong>δὲ</strong></span> <span class='ocrx_word' id='word_1_284' title='bbox 1141 2479 1212 2555; x_wconf 80' lang='grc' dir='ltr'><strong>ἦν</strong></span> <span class='ocrx_word' id='word_1_285' title='bbox 1248 2487 1345 2556; x_wconf 80' lang='grc' dir='ltr'><strong>τῆς</strong></span> <span class='ocrx_word' id='word_1_286' title='bbox 1372 2486 1664 2555; x_wconf 86' lang='grc' dir='ltr'><strong>συντυχίας</strong></span> <span class='ocrx_word' id='word_1_287' title='bbox 1689 2485 1868 2555; x_wconf 84' lang='grc' dir='ltr'><strong>ἀμφο-</strong></span> 
     </span>
    </p>
   </div>
   <div class='ocr_carea' id='block_1_42' title="bbox 288 2571 1868 2645">
    <p class='ocr_par' dir='ltr' id='par_1_42' title="bbox 288 2571 1868 2645">
     <span class='ocr_line' id='line_1_42' title="bbox 288 2571 1868 2645; baseline 0.004 -24"><span class='ocrx_word' id='word_1_288' title='bbox 288 2571 492 2641; x_wconf 79' lang='grc' dir='ltr'><strong>τέροις,</strong></span> <span class='ocrx_word' id='word_1_289' title='bbox 522 2572 715 2645; x_wconf 78' lang='grc' dir='ltr'><strong>Κράλῃ</strong></span> <span class='ocrx_word' id='word_1_290' title='bbox 748 2572 847 2642; x_wconf 76' lang='grc' dir='ltr'><strong>μὲν</strong></span> <span class='ocrx_word' id='word_1_291' title='bbox 884 2576 932 2627; x_wconf 86' lang='grc' dir='ltr'><strong>εί</strong></span> <span class='ocrx_word' id='word_1_292' title='bbox 960 2574 1182 2629; x_wconf 83' lang='grc' dir='ltr'><strong>δύναιτο</strong></span> <span class='ocrx_word' id='word_1_293' title='bbox 1206 2575 1550 2644; x_wconf 80' lang='grc' dir='ltr'><strong>’Δπὸκαυχον</strong></span> <span class='ocrx_word' id='word_1_294' title='bbox 1572 2574 1665 2627; x_wconf 81' lang='grc' dir='ltr'><strong>τὸν</strong></span> <span class='ocrx_word' id='word_1_295' title='bbox 1692 2575 1868 2641; x_wconf 84' lang='grc' dir='ltr'><strong>μέγαν</strong></span> 
     </span>
    </p>
   </div>
   <div class='ocr_carea' id='block_1_43' title="bbox 289 2661 1869 2737">
    <p class='ocr_par' dir='ltr' id='par_1_43' title="bbox 289 2661 1869 2737">
     <span class='ocr_line' id='line_1_43' title="bbox 289 2661 1869 2737; baseline 0.004 -22"><span class='ocrx_word' id='word_1_296' title='bbox 289 2661 458 2715; x_wconf 83' lang='grc' dir='ltr'><strong>δοῦκα</strong></span> <span class='ocrx_word' id='word_1_297' title='bbox 488 2662 726 2730; x_wconf 81' lang='grc' dir='ltr'><strong>ζωγρεῖν</strong></span> <span class='ocrx_word' id='word_1_298' title='bbox 750 2666 1085 2735; x_wconf 75' lang='grc' dir='ltr'><strong>ἀμυνομένῳ</strong></span> <span class='ocrx_word' id='word_1_299' title='bbox 1129 2665 1223 2720; x_wconf 83' lang='grc' dir='ltr'><strong>τοῦ</strong></span> <span class='ocrx_word' id='word_1_300' title='bbox 1263 2668 1398 2737; x_wconf 81' lang='grc' dir='ltr'><strong>πρὸς</strong></span> <span class='ocrx_word' id='word_1_301' title='bbox 1438 2666 1664 2737; x_wconf 81' lang='grc' dir='ltr'><strong>βασιλέα</strong></span> <span class='ocrx_word' id='word_1_302' title='bbox 1703 2666 1869 2721; x_wconf 68' lang='grc' dir='ltr'><strong>ἕνεκα</strong></span> 
     </span>
    </p>
   </div>
   <div class='ocr_carea' id='block_1_44' title="bbox 288 2754 1870 2828">
    <p class='ocr_par' dir='ltr' id='par_1_44' title="bbox 288 2754 1870 2828">
     <span class='ocr_line' id='line_1_44' title="bbox 288 2754 1870 2828; baseline 0.003 -21"><span class='ocrx_word' id='word_1_303' title='bbox 288 2754 552 2823; x_wconf 73' lang='grc' dir='ltr'><strong>πολέμου·</strong></span> <span class='ocrx_word' id='word_1_304' title='bbox 591 2758 910 2827; x_wconf 77' lang='grc' dir='ltr'><strong>Ἀποκάυχῳ</strong></span> <span class='ocrx_word' id='word_1_305' title='bbox 958 2758 1015 2811; x_wconf 78' lang='grc' dir='ltr'><strong>δὲ</strong></span> <span class='ocrx_word' id='word_1_306' title='bbox 1064 2757 1204 2811; x_wconf 82' lang='grc' dir='ltr'><strong>ὥστε</strong></span> <span class='ocrx_word' id='word_1_307' title='bbox 1247 2758 1471 2828; x_wconf 86' lang='grc' dir='ltr'><strong>Κράλην</strong></span> <span class='ocrx_word' id='word_1_308' title='bbox 1521 2758 1729 2811; x_wconf 78' lang='grc' dir='ltr'><strong>πείθειν</strong></span> <span class='ocrx_word' id='word_1_309' title='bbox 1769 2758 1870 2811; x_wconf 86' lang='grc' dir='ltr'><strong>πό-</strong></span> 
     </span>
    </p>
   </div>
   <div class='ocr_carea' id='block_1_45' title="bbox 291 2846 1870 2920">
    <p class='ocr_par' dir='ltr' id='par_1_45' title="bbox 291 2846 1870 2920">
     <span class='ocr_line' id='line_1_45' title="bbox 291 2846 1870 2920; baseline 0.004 -23"><span class='ocrx_word' id='word_1_310' title='bbox 291 2846 456 2914; x_wconf 68' lang='grc' dir='ltr'><strong>λεμόν</strong></span> <span class='ocrx_word' id='word_1_311' title='bbox 497 2864 555 2899; x_wconf 84' lang='grc' dir='ltr'><strong>τε</strong></span> <span class='ocrx_word' id='word_1_312' title='bbox 606 2849 681 2918; x_wconf 83' lang='grc' dir='ltr'><strong>μὴ</strong></span> <span class='ocrx_word' id='word_1_313' title='bbox 724 2849 859 2920; x_wconf 74' lang='grc' dir='ltr'><strong>πρὸς</strong></span> <span class='ocrx_word' id='word_1_314' title='bbox 898 2849 1061 2903; x_wconf 80' lang='grc' dir='ltr'><strong>αὐτὸν</strong></span> <span class='ocrx_word' id='word_1_315' title='bbox 1099 2853 1294 2917; x_wconf 85' lang='grc' dir='ltr'><strong>κινεῖν,</strong></span> <span class='ocrx_word' id='word_1_316' title='bbox 1339 2850 1705 2917; x_wconf 82' lang='grc' dir='ltr'><strong>Παλαιολόγον</strong></span> <span class='ocrx_word' id='word_1_317' title='bbox 1746 2850 1870 2903; x_wconf 80' lang='grc' dir='ltr'><strong>Ἀν-</strong></span> 
     </span>
    </p>
   </div>
   <div class='ocr_carea' id='block_1_46' title="bbox 290 2938 1871 3013">
    <p class='ocr_par' dir='ltr' id='par_1_46' title="bbox 290 2938 1871 3013">
     <span class='ocr_line' id='line_1_46' title="bbox 290 2938 1871 3013; baseline 0.004 -24"><span class='ocrx_word' id='word_1_318' title='bbox 290 2938 535 3007; x_wconf 77' lang='grc' dir='ltr'><strong>δρὸνικον</strong></span> <span class='ocrx_word' id='word_1_319' title='bbox 566 2940 658 2993; x_wconf 79' lang='grc' dir='ltr'><strong>τὸν</strong></span> <span class='ocrx_word' id='word_1_320' title='bbox 680 2941 932 3011; x_wconf 81' lang='grc' dir='ltr'><strong>γαμϐρὸν</strong></span> <span class='ocrx_word' id='word_1_321' title='bbox 960 2942 1287 3013; x_wconf 82' lang='grc' dir='ltr'><strong>βουλόμενον</strong></span> <span class='ocrx_word' id='word_1_322' title='bbox 1317 2942 1544 3013; x_wconf 85' lang='grc' dir='ltr'><strong>βασιλέα</strong></span> <span class='ocrx_word' id='word_1_323' title='bbox 1581 2942 1871 3011; x_wconf 80' lang='grc' dir='ltr'><strong>Ῥωμαίων</strong></span> 
     </span>
    </p>
   </div>
   <div class='ocr_carea' id='block_1_47' title="bbox 1964 1836 3536 1917">
    <p class='ocr_par' dir='ltr' id='par_1_47' title="bbox 1964 1836 3536 1917">
     <span class='ocr_line' id='line_1_47' title="bbox 1964 1836 3536 1917; baseline -0.008 -15"><span class='ocrx_word' id='word_1_324' title='bbox 1964 1860 2242 1903; x_wconf 87' lang='lat' dir='ltr'><strong>annuente</strong></span> <span class='ocrx_word' id='word_1_325' title='bbox 2277 1848 2484 1917; x_wconf 89' lang='lat' dir='ltr'><strong>potius,</strong></span> <span class='ocrx_word' id='word_1_326' title='bbox 2533 1844 2883 1916; x_wconf 84' lang='lat' dir='ltr'><strong>Amphipolis</strong></span> <span class='ocrx_word' id='word_1_327' title='bbox 2935 1856 3209 1898; x_wconf 88' lang='lat' dir='ltr'><strong>consensu</strong></span> <span class='ocrx_word' id='word_1_328' title='bbox 3256 1836 3536 1907; x_wconf 85' lang='lat' dir='ltr'><strong>deligitur,</strong></span> 
     </span>
    </p>
   </div>
   <div class='ocr_carea' id='block_1_48' title="bbox 1964 1925 3541 2010">
    <p class='ocr_par' dir='ltr' id='par_1_48' title="bbox 1964 1925 3541 2010">
     <span class='ocr_line' id='line_1_48' title="bbox 1964 1925 3541 2010; baseline -0.01 -15"><span class='ocrx_word' id='word_1_329' title='bbox 1964 1953 2074 2010; x_wconf 88' lang='lat' dir='ltr'><strong>quo</strong></span> <span class='ocrx_word' id='word_1_330' title='bbox 2127 1938 2219 1993; x_wconf 90' lang='lat' dir='ltr'><strong>ille</strong></span> <span class='ocrx_word' id='word_1_331' title='bbox 2274 1938 2508 1993; x_wconf 85' lang='lat' dir='ltr'><strong>navibus</strong></span> <span class='ocrx_word' id='word_1_332' title='bbox 2555 1952 2585 1992; x_wconf 93' lang='lat' dir='ltr'><strong>e</strong></span> <span class='ocrx_word' id='word_1_333' title='bbox 2625 1935 2761 1991; x_wconf 91' lang='lat' dir='ltr'><strong>mari</strong></span> <span class='ocrx_word' id='word_1_334' title='bbox 2801 1975 2818 2002; x_wconf 97' lang='lat'><strong>,</strong></span> <span class='ocrx_word' id='word_1_335' title='bbox 2848 1934 2939 1989; x_wconf 88' lang='lat' dir='ltr'><strong>hic</strong></span> <span class='ocrx_word' id='word_1_336' title='bbox 2972 1932 3224 2003; x_wconf 89' lang='lat' dir='ltr'><strong>equitatu</strong></span> <span class='ocrx_word' id='word_1_337' title='bbox 3258 1945 3324 1984; x_wconf 81' lang='lat' dir='ltr'><strong>ex</strong></span> <span class='ocrx_word' id='word_1_338' title='bbox 3359 1925 3541 1983; x_wconf 89' lang='lat' dir='ltr'><strong>conti-</strong></span> 
     </span>
    </p>
   </div>
   <div class='ocr_carea' id='block_1_49' title="bbox 1964 2018 3544 2100">
    <p class='ocr_par' dir='ltr' id='par_1_49' title="bbox 1964 2018 3544 2100">
     <span class='ocr_line' id='line_1_49' title="bbox 1964 2018 3544 2100; baseline -0.01 -11"><span class='ocrx_word' id='word_1_339' title='bbox 1964 2043 2132 2089; x_wconf 92' lang='lat' dir='ltr'><strong>nente</strong></span> <span class='ocrx_word' id='word_1_340' title='bbox 2163 2031 2368 2087; x_wconf 81' lang='lat' dir='ltr'><strong>veniat.</strong></span> <span class='ocrx_word' id='word_1_341' title='bbox 2403 2030 2616 2100; x_wconf 84' lang='lat' dir='ltr'><strong>Scopus</strong></span> <span class='ocrx_word' id='word_1_342' title='bbox 2648 2029 2703 2083; x_wconf 92' lang='lat' dir='ltr'><strong>in</strong></span> <span class='ocrx_word' id='word_1_343' title='bbox 2754 2028 2861 2083; x_wconf 91' lang='lat' dir='ltr'><strong>hoc</strong></span> <span class='ocrx_word' id='word_1_344' title='bbox 2907 2039 3210 2096; x_wconf 86' lang='lat' dir='ltr'><strong>congressu</strong></span> <span class='ocrx_word' id='word_1_345' title='bbox 3246 2030 3368 2077; x_wconf 90' lang='lat' dir='ltr'><strong>erat</strong></span> <span class='ocrx_word' id='word_1_346' title='bbox 3404 2018 3544 2076; x_wconf 90' lang='lat' dir='ltr'><strong>utri-</strong></span> 
     </span>
    </p>
   </div>
   <div class='ocr_carea' id='block_1_50' title="bbox 1965 2110 3541 2196">
    <p class='ocr_par' dir='ltr' id='par_1_50' title="bbox 1965 2110 3541 2196">
     <span class='ocr_line' id='line_1_50' title="bbox 1965 2110 3541 2196; baseline -0.008 -17"><span class='ocrx_word' id='word_1_347' title='bbox 1965 2139 2093 2196; x_wconf 88' lang='lat' dir='ltr'><strong>que,</strong></span> <span class='ocrx_word' id='word_1_348' title='bbox 2119 2110 2265 2178; x_wconf 81' lang='lat' dir='ltr'><strong>Graii</strong></span> <span class='ocrx_word' id='word_1_349' title='bbox 2320 2136 2537 2191; x_wconf 84' lang='lat' dir='ltr'><strong>nempe,</strong></span> <span class='ocrx_word' id='word_1_350' title='bbox 2562 2130 2626 2176; x_wconf 90' lang='lat' dir='ltr'><strong>ut</strong></span> <span class='ocrx_word' id='word_1_351' title='bbox 2664 2117 3057 2190; x_wconf 86' lang='lat' dir='ltr'><strong>Apocauchum</strong></span> <span class='ocrx_word' id='word_1_352' title='bbox 3086 2115 3269 2169; x_wconf 88' lang='lat' dir='ltr'><strong>vivum</strong></span> <span class='ocrx_word' id='word_1_353' title='bbox 3299 2120 3541 2183; x_wconf 85' lang='lat' dir='ltr'><strong>caperet,</strong></span> 
     </span>
    </p>
   </div>
   <div class='ocr_carea' id='block_1_51' title="bbox 1966 2206 3542 2285">
    <p class='ocr_par' dir='ltr' id='par_1_51' title="bbox 1966 2206 3542 2285">
     <span class='ocr_line' id='line_1_51' title="bbox 1966 2206 3542 2285; baseline -0.005 -15"><span class='ocrx_word' id='word_1_354' title='bbox 1966 2217 2010 2271; x_wconf 87' lang='lat' dir='ltr'><strong>si</strong></span> <span class='ocrx_word' id='word_1_355' title='bbox 2046 2224 2253 2285; x_wconf 80' lang='lat' dir='ltr'><strong>posset,</strong></span> <span class='ocrx_word' id='word_1_356' title='bbox 2284 2229 2525 2284; x_wconf 91' lang='lat' dir='ltr'><strong>cumque</strong></span> <span class='ocrx_word' id='word_1_357' title='bbox 2560 2221 2782 2283; x_wconf 82' lang='lat' dir='ltr'><strong>prapter</strong></span> <span class='ocrx_word' id='word_1_358' title='bbox 2825 2211 3031 2267; x_wconf 90' lang='lat' dir='ltr'><strong>bellum</strong></span> <span class='ocrx_word' id='word_1_359' title='bbox 3063 2210 3331 2265; x_wconf 85' lang='lat' dir='ltr'><strong>adversus</strong></span> <span class='ocrx_word' id='word_1_360' title='bbox 3360 2206 3542 2277; x_wconf 84' lang='lat' dir='ltr'><strong>impe-</strong></span> 
     </span>
    </p>
   </div>
   <div class='ocr_carea' id='block_1_52' title="bbox 1969 2297 3545 2371">
    <p class='ocr_par' dir='ltr' id='par_1_52' title="bbox 1969 2297 3545 2371">
     <span class='ocr_line' id='line_1_52' title="bbox 1969 2297 3545 2371; baseline -0.008 -9"><span class='ocrx_word' id='word_1_361' title='bbox 1969 2316 2210 2362; x_wconf 80' lang='lat' dir='ltr'><strong>ratorem</strong></span> <span class='ocrx_word' id='word_1_362' title='bbox 2244 2305 2608 2362; x_wconf 85' lang='lat' dir='ltr'><strong>ulcisceretur</strong></span> <span class='ocrx_word' id='word_1_363' title='bbox 2644 2320 2660 2359; x_wconf 86' lang='lat'><strong>:</strong></span> <span class='ocrx_word' id='word_1_364' title='bbox 2696 2302 3053 2371; x_wconf 85' lang='lat' dir='ltr'><strong>Apocaucho,</strong></span> <span class='ocrx_word' id='word_1_365' title='bbox 3111 2308 3172 2356; x_wconf 89' lang='lat' dir='ltr'><strong>ut</strong></span> <span class='ocrx_word' id='word_1_366' title='bbox 3225 2297 3370 2355; x_wconf 80' lang='lat' dir='ltr'><strong>Crali</strong></span> <span class='ocrx_word' id='word_1_367' title='bbox 3417 2312 3545 2368; x_wconf 88' lang='lat' dir='ltr'><strong>per-</strong></span> 
     </span>
    </p>
   </div>
   <div class='ocr_carea' id='block_1_53' title="bbox 1969 2387 3548 2464">
    <p class='ocr_par' dir='ltr' id='par_1_53' title="bbox 1969 2387 3548 2464">
     <span class='ocr_line' id='line_1_53' title="bbox 1969 2387 3548 2464; baseline -0.008 -9"><span class='ocrx_word' id='word_1_368' title='bbox 1969 2397 2251 2464; x_wconf 87' lang='lat' dir='ltr'><strong>suaderet,</strong></span> <span class='ocrx_word' id='word_1_369' title='bbox 2287 2411 2356 2453; x_wconf 92' lang='lat' dir='ltr'><strong>ne</strong></span> <span class='ocrx_word' id='word_1_370' title='bbox 2398 2412 2484 2461; x_wconf 88' lang='lat' dir='ltr'><strong>se,</strong></span> <span class='ocrx_word' id='word_1_371' title='bbox 2517 2396 2793 2451; x_wconf 89' lang='lat' dir='ltr'><strong>volentem</strong></span> <span class='ocrx_word' id='word_1_372' title='bbox 2843 2391 3222 2449; x_wconf 79' lang='lat' dir='ltr'><strong>Andronicum</strong></span> <span class='ocrx_word' id='word_1_373' title='bbox 3280 2387 3548 2447; x_wconf 77' lang='lat' dir='ltr'><strong>Palteolo-</strong></span> 
     </span>
    </p>
   </div>
   <div class='ocr_carea' id='block_1_54' title="bbox 1956 2483 3547 2562">
    <p class='ocr_par' dir='ltr' id='par_1_54' title="bbox 1956 2483 3547 2562">
     <span class='ocr_line' id='line_1_54' title="bbox 1956 2483 3547 2562; baseline -0.007 -17"><span class='ocrx_word' id='word_1_374' title='bbox 1956 2487 2095 2562; x_wconf 80' lang='lat' dir='ltr'><strong>gum</strong></span> <span class='ocrx_word' id='word_1_375' title='bbox 2136 2504 2610 2561; x_wconf 76' lang='lat' dir='ltr'><strong>generumsuum</strong></span> <span class='ocrx_word' id='word_1_376' title='bbox 2669 2488 3062 2558; x_wconf 88' lang='lat' dir='ltr'><strong>imperatorem</strong></span> <span class='ocrx_word' id='word_1_377' title='bbox 3097 2483 3402 2548; x_wconf 87' lang='lat' dir='ltr'><strong>declarare,</strong></span> <span class='ocrx_word' id='word_1_378' title='bbox 3452 2495 3547 2535; x_wconf 84' lang='lat' dir='ltr'><strong>ar-</strong></span> 
     </span>
    </p>
   </div>
   <div class='ocr_carea' id='block_1_55' title="bbox 1969 2575 3548 2650">
    <p class='ocr_par' dir='ltr' id='par_1_55' title="bbox 1969 2575 3548 2650">
     <span class='ocr_line' id='line_1_55' title="bbox 1969 2575 3548 2650; baseline -0.01 -14"><span class='ocrx_word' id='word_1_379' title='bbox 1969 2580 2074 2636; x_wconf 88' lang='lat' dir='ltr'><strong>mis</strong></span> <span class='ocrx_word' id='word_1_380' title='bbox 2123 2579 2439 2650; x_wconf 89' lang='lat' dir='ltr'><strong>impediret,</strong></span> <span class='ocrx_word' id='word_1_381' title='bbox 2503 2587 2560 2634; x_wconf 88' lang='lat' dir='ltr'><strong>et</strong></span> <span class='ocrx_word' id='word_1_382' title='bbox 2600 2578 3047 2635; x_wconf 83' lang='lat' dir='ltr'><strong>Cantacuzenum</strong></span> <span class='ocrx_word' id='word_1_383' title='bbox 3094 2575 3398 2632; x_wconf 78' lang='lat' dir='ltr'><strong>coerceret,</strong></span> <span class='ocrx_word' id='word_1_384' title='bbox 3443 2580 3548 2622; x_wconf 88' lang='lat' dir='ltr'><strong>nee</strong></span> 
     </span>
    </p>
   </div>
   <div class='ocr_carea' id='block_1_56' title="bbox 1970 2658 3550 2741">
    <p class='ocr_par' dir='ltr' id='par_1_56' title="bbox 1970 2658 3550 2741">
     <span class='ocr_line' id='line_1_56' title="bbox 1970 2658 3550 2741; baseline -0.011 -13"><span class='ocrx_word' id='word_1_385' title='bbox 1970 2674 2025 2729; x_wconf 90' lang='lat' dir='ltr'><strong>in</strong></span> <span class='ocrx_word' id='word_1_386' title='bbox 2061 2672 2435 2727; x_wconf 84' lang='lat' dir='ltr'><strong>Romanorum</strong></span> <span class='ocrx_word' id='word_1_387' title='bbox 2472 2667 2818 2741; x_wconf 86' lang='lat' dir='ltr'><strong>provinciam</strong></span> <span class='ocrx_word' id='word_1_388' title='bbox 2864 2664 3064 2720; x_wconf 82' lang='lat' dir='ltr'><strong>reverti</strong></span> <span class='ocrx_word' id='word_1_389' title='bbox 3104 2663 3333 2725; x_wconf 88' lang='lat' dir='ltr'><strong>sineret,</strong></span> <span class='ocrx_word' id='word_1_390' title='bbox 3378 2658 3550 2728; x_wconf 87' lang='lat' dir='ltr'><strong>impe-</strong></span> 
     </span>
    </p>
   </div>
   <div class='ocr_carea' id='block_1_57' title="bbox 1971 2750 3567 2832">
    <p class='ocr_par' dir='ltr' id='par_1_57' title="bbox 1971 2750 3567 2832">
     <span class='ocr_line' id='line_1_57' title="bbox 1971 2750 3567 2832; baseline -0.011 -9"><span class='ocrx_word' id='word_1_391' title='bbox 1971 2767 2218 2823; x_wconf 91' lang='lat' dir='ltr'><strong>dimento</strong></span> <span class='ocrx_word' id='word_1_392' title='bbox 2261 2763 2520 2819; x_wconf 89' lang='lat' dir='ltr'><strong>videlicet</strong></span> <span class='ocrx_word' id='word_1_393' title='bbox 2560 2761 2809 2820; x_wconf 82' lang='lat' dir='ltr'><strong>futurum</strong></span> <span class='ocrx_word' id='word_1_394' title='bbox 2852 2771 3054 2829; x_wconf 85' lang='lat' dir='ltr'><strong>genero</strong></span> <span class='ocrx_word' id='word_1_395' title='bbox 3098 2754 3166 2810; x_wconf 88' lang='lat' dir='ltr'><strong>ad</strong></span> <span class='ocrx_word' id='word_1_396' title='bbox 3214 2750 3567 2832; x_wconf 46' lang='lat' dir='ltr'><strong>imperium;</strong></span> 
     </span>
    </p>
   </div>
   <div class='ocr_carea' id='block_1_58' title="bbox 1973 2840 3552 2927">
    <p class='ocr_par' dir='ltr' id='par_1_58' title="bbox 1973 2840 3552 2927">
     <span class='ocr_line' id='line_1_58' title="bbox 1973 2840 3552 2927; baseline -0.011 -14"><span class='ocrx_word' id='word_1_397' title='bbox 1973 2861 2109 2915; x_wconf 88' lang='lat' dir='ltr'><strong>alios</strong></span> <span class='ocrx_word' id='word_1_398' title='bbox 2138 2857 2284 2912; x_wconf 88' lang='lat' dir='ltr'><strong>enim</strong></span> <span class='ocrx_word' id='word_1_399' title='bbox 2312 2853 2763 2927; x_wconf 84' lang='lat' dir='ltr'><strong>parvipendebat.</strong></span> <span class='ocrx_word' id='word_1_400' title='bbox 2795 2850 2910 2905; x_wconf 87' lang='lat' dir='ltr'><strong>Hoc</strong></span> <span class='ocrx_word' id='word_1_401' title='bbox 2941 2857 3127 2904; x_wconf 89' lang='lat' dir='ltr'><strong>utrum</strong></span> <span class='ocrx_word' id='word_1_402' title='bbox 3178 2856 3406 2914; x_wconf 87' lang='lat' dir='ltr'><strong>magnus</strong></span> <span class='ocrx_word' id='word_1_403' title='bbox 3435 2840 3552 2897; x_wconf 78' lang='lat' dir='ltr'><strong>dux</strong></span> 
     </span>
    </p>
   </div>
   <div class='ocr_carea' id='block_1_59' title="bbox 1972 2933 3552 3014">
    <p class='ocr_par' dir='ltr' id='par_1_59' title="bbox 1972 2933 3552 3014">
     <span class='ocr_line' id='line_1_59' title="bbox 1972 2933 3552 3014; baseline -0.013 -8"><span class='ocrx_word' id='word_1_404' title='bbox 1972 2966 2162 3007; x_wconf 82' lang='lat' dir='ltr'><strong>revera</strong></span> <span class='ocrx_word' id='word_1_405' title='bbox 2215 2949 2545 3005; x_wconf 89' lang='lat' dir='ltr'><strong>desiderarit</strong></span> <span class='ocrx_word' id='word_1_406' title='bbox 2573 2988 2591 3014; x_wconf 94' lang='lat'><strong>,</strong></span> <span class='ocrx_word' id='word_1_407' title='bbox 2621 2959 2818 3010; x_wconf 89' lang='lat' dir='ltr'><strong>necne,</strong></span> <span class='ocrx_word' id='word_1_408' title='bbox 2857 2940 3054 2998; x_wconf 84' lang='lat' dir='ltr'><strong>Chrele</strong></span> <span class='ocrx_word' id='word_1_409' title='bbox 3085 2939 3143 2993; x_wconf 87' lang='lat' dir='ltr'><strong>in</strong></span> <span class='ocrx_word' id='word_1_410' title='bbox 3189 2936 3295 2991; x_wconf 90' lang='lat' dir='ltr'><strong>hoc</strong></span> <span class='ocrx_word' id='word_1_411' title='bbox 3322 2933 3552 2989; x_wconf 81' lang='lat' dir='ltr'><strong>subscr-</strong></span> 
     </span>
    </p>
   </div>
   <div class='ocr_carea' id='block_1_60' title="bbox 291 3024 1874 3112">
    <p class='ocr_par' dir='ltr' id='par_1_60' title="bbox 291 3031 1870 3104">
     <span class='ocr_line' id='line_1_60' title="bbox 291 3031 1870 3104; baseline 0.004 -21"><span class='ocrx_word' id='word_1_412' title='bbox 291 3031 636 3098; x_wconf 76' lang='grc' dir='ltr'><strong>ἀποφαίνειν,</strong></span> <span class='ocrx_word' id='word_1_413' title='bbox 666 3034 758 3084; x_wconf 73' lang='grc' dir='ltr'><strong>καὶ</strong></span> <span class='ocrx_word' id='word_1_414' title='bbox 793 3033 1019 3103; x_wconf 82' lang='grc' dir='ltr'><strong>βασιλέα</strong></span> <span class='ocrx_word' id='word_1_415' title='bbox 1043 3035 1247 3104; x_wconf 79' lang='grc' dir='ltr'><strong>εἵργειν</strong></span> <span class='ocrx_word' id='word_1_416' title='bbox 1279 3035 1750 3104; x_wconf 75' lang='grc' dir='ltr'><strong>Καντακουζηνδν,</strong></span> <span class='ocrx_word' id='word_1_417' title='bbox 1775 3038 1870 3090; x_wconf 79' lang='grc' dir='ltr'><strong>καὶ</strong></span> 
     </span>
    </p>
   </div>
   <div class='ocr_carea' id='block_1_61' title="bbox 1975 3024 3555 3112">
    <p class='ocr_par' dir='ltr' id='par_1_61' title="bbox 1975 3024 3555 3112">
     <span class='ocr_line' id='line_1_61' title="bbox 1975 3024 3555 3112; baseline -0.013 -13"><span class='ocrx_word' id='word_1_418' title='bbox 1975 3045 2181 3112; x_wconf 89' lang='lat' dir='ltr'><strong>viente,</strong></span> <span class='ocrx_word' id='word_1_419' title='bbox 2237 3051 2691 3109; x_wconf 87' lang='lat' dir='ltr'><strong>secretorumque</strong></span> <span class='ocrx_word' id='word_1_420' title='bbox 2734 3034 2956 3092; x_wconf 91' lang='lat' dir='ltr'><strong>conscio</strong></span> <span class='ocrx_word' id='word_1_421' title='bbox 2994 3031 3149 3103; x_wconf 88' lang='lat' dir='ltr'><strong>prius</strong></span> <span class='ocrx_word' id='word_1_422' title='bbox 3196 3036 3436 3091; x_wconf 89' lang='lat' dir='ltr'><strong>mortuo,</strong></span> <span class='ocrx_word' id='word_1_423' title='bbox 3470 3024 3555 3079; x_wconf 87' lang='lat' dir='ltr'><strong>in-</strong></span> 
     </span>
    </p>
   </div>
   <div class='ocr_carea' id='block_1_62' title="bbox 296 3114 1874 3209">
    <p class='ocr_par' dir='ltr' id='par_1_62' title="bbox 296 3124 1869 3199">
     <span class='ocr_line' id='line_1_62' title="bbox 296 3124 1869 3199; baseline 0.007 -26"><span class='ocrx_word' id='word_1_424' title='bbox 296 3124 373 3192; x_wconf 81' lang='grc' dir='ltr'><strong>μὴ</strong></span> <span class='ocrx_word' id='word_1_425' title='bbox 413 3125 508 3194; x_wconf 75' lang='grc' dir='ltr'><strong>ἑᾷν</strong></span> <span class='ocrx_word' id='word_1_426' title='bbox 537 3126 613 3187; x_wconf 78' lang='grc' dir='ltr'><strong>είς</strong></span> <span class='ocrx_word' id='word_1_427' title='bbox 646 3126 747 3194; x_wconf 86' lang='grc' dir='ltr'><strong>τὴν</strong></span> <span class='ocrx_word' id='word_1_428' title='bbox 793 3126 1081 3196; x_wconf 86' lang='grc' dir='ltr'><strong>Ῥωμαίων</strong></span> <span class='ocrx_word' id='word_1_429' title='bbox 1124 3127 1446 3197; x_wconf 74' lang='grc' dir='ltr'><strong>ἐπανήκειν,</strong></span> <span class='ocrx_word' id='word_1_430' title='bbox 1492 3128 1724 3199; x_wconf 83' lang='grc' dir='ltr'><strong>κώλυμα</strong></span> <span class='ocrx_word' id='word_1_431' title='bbox 1749 3130 1869 3184; x_wconf 81' lang='grc' dir='ltr'><strong>ἐσό-</strong></span> 
     </span>
    </p>
   </div>
   <div class='ocr_carea' id='block_1_63' title="bbox 1975 3114 3556 3209">
    <p class='ocr_par' dir='ltr' id='par_1_63' title="bbox 1975 3114 3556 3209">
     <span class='ocr_line' id='line_1_63' title="bbox 1975 3114 3556 3209; baseline -0.017 -13"><span class='ocrx_word' id='word_1_432' title='bbox 1975 3144 2321 3209; x_wconf 90' lang='lat' dir='ltr'><strong>compertum</strong></span> <span class='ocrx_word' id='word_1_433' title='bbox 2358 3132 2581 3190; x_wconf 90' lang='lat' dir='ltr'><strong>mansit.</strong></span> <span class='ocrx_word' id='word_1_434' title='bbox 2611 3129 2761 3186; x_wconf 82' lang='lat' dir='ltr'><strong>Patri</strong></span> <span class='ocrx_word' id='word_1_435' title='bbox 2792 3126 2998 3198; x_wconf 91' lang='lat' dir='ltr'><strong>quippe</strong></span> <span class='ocrx_word' id='word_1_436' title='bbox 3029 3119 3335 3178; x_wconf 86' lang='lat' dir='ltr'><strong>Andronici</strong></span> <span class='ocrx_word' id='word_1_437' title='bbox 3364 3114 3556 3187; x_wconf 88' lang='lat' dir='ltr'><strong>generi</strong></span> 
     </span>
    </p>
   </div>
   <div class='ocr_carea' id='block_1_64' title="bbox 297 3208 1874 3300">
    <p class='ocr_par' dir='ltr' id='par_1_64' title="bbox 297 3215 1872 3288">
     <span class='ocr_line' id='line_1_64' title="bbox 297 3215 1872 3288; baseline 0.004 -23"><span class='ocrx_word' id='word_1_438' title='bbox 297 3230 458 3281; x_wconf 79' lang='grc' dir='ltr'><strong>μενον</strong></span> <span class='ocrx_word' id='word_1_439' title='bbox 507 3215 748 3286; x_wconf 76' lang='grc' dir='ltr'><strong>γαμϐρῲ</strong></span> <span class='ocrx_word' id='word_1_440' title='bbox 804 3215 939 3286; x_wconf 81' lang='grc' dir='ltr'><strong>πρὸς</strong></span> <span class='ocrx_word' id='word_1_441' title='bbox 987 3217 1087 3286; x_wconf 82' lang='grc' dir='ltr'><strong>τὴν</strong></span> <span class='ocrx_word' id='word_1_442' title='bbox 1136 3216 1334 3287; x_wconf 75' lang='grc' dir='ltr'><strong>ἀρχήν.</strong></span> <span class='ocrx_word' id='word_1_443' title='bbox 1386 3216 1507 3271; x_wconf 83' lang='grc' dir='ltr'><strong>Τῶν</strong></span> <span class='ocrx_word' id='word_1_444' title='bbox 1550 3216 1725 3271; x_wconf 76' lang='grc' dir='ltr'><strong>ἄλλων</strong></span> <span class='ocrx_word' id='word_1_445' title='bbox 1761 3217 1872 3288; x_wconf 74' lang='grc' dir='ltr'><strong>γὰρ</strong></span> 
     </span>
    </p>
   </div>
   <div class='ocr_carea' id='block_1_65' title="bbox 1975 3208 3556 3300">
    <p class='ocr_par' dir='ltr' id='par_1_65' title="bbox 1975 3208 3556 3300">
     <span class='ocr_line' id='line_1_65' title="bbox 1975 3208 3556 3300; baseline -0.017 -11"><span class='ocrx_word' id='word_1_446' title='bbox 1975 3208 2187 3289; x_wconf 81' lang='lat' dir='ltr'><strong>Pheras</strong></span> <span class='ocrx_word' id='word_1_447' title='bbox 2214 3242 2443 3300; x_wconf 86' lang='lat' dir='ltr'><strong>magnus</strong></span> <span class='ocrx_word' id='word_1_448' title='bbox 2465 3225 2576 3281; x_wconf 79' lang='lat' dir='ltr'><strong>dux</strong></span> <span class='ocrx_word' id='word_1_449' title='bbox 2602 3221 2728 3277; x_wconf 86' lang='lat' dir='ltr'><strong>talia</strong></span> <span class='ocrx_word' id='word_1_450' title='bbox 2754 3235 2851 3291; x_wconf 88' lang='lat' dir='ltr'><strong>per</strong></span> <span class='ocrx_word' id='word_1_451' title='bbox 2879 3214 3148 3288; x_wconf 89' lang='lat' dir='ltr'><strong>quosdam</strong></span> <span class='ocrx_word' id='word_1_452' title='bbox 3185 3208 3556 3266; x_wconf 82' lang='lat' dir='ltr'><strong>amicissimos</strong></span> 
     </span>
    </p>
   </div>
   <div class='ocr_carea' id='block_1_66' title="bbox 293 3305 1873 3379">
    <p class='ocr_par' dir='ltr' id='par_1_66' title="bbox 293 3305 1873 3379">
     <span class='ocr_line' id='line_1_66' title="bbox 293 3305 1873 3379; baseline 0.003 -22"><span class='ocrx_word' id='word_1_453' title='bbox 293 3305 482 3358; x_wconf 79' lang='grc' dir='ltr'><strong>οὐδένα</strong></span> <span class='ocrx_word' id='word_1_454' title='bbox 508 3308 745 3361; x_wconf 72' lang='grc' dir='ltr'><strong>ἐποιεῖτο</strong></span> <span class='ocrx_word' id='word_1_455' title='bbox 778 3308 955 3374; x_wconf 73' lang='grc' dir='ltr'><strong>λόγον.</strong></span> <span class='ocrx_word' id='word_1_456' title='bbox 994 3309 1168 3363; x_wconf 72' lang='grc' dir='ltr'><strong>Τοῦτο</strong></span> <span class='ocrx_word' id='word_1_457' title='bbox 1196 3309 1296 3379; x_wconf 86' lang='grc' dir='ltr'><strong>μὲν</strong></span> <span class='ocrx_word' id='word_1_458' title='bbox 1320 3309 1435 3374; x_wconf 84' lang='grc' dir='ltr'><strong>οὖν,</strong></span> <span class='ocrx_word' id='word_1_459' title='bbox 1493 3310 1607 3364; x_wconf 74' lang='grc' dir='ltr'><strong>εῐςε</strong></span> <span class='ocrx_word' id='word_1_460' title='bbox 1656 3311 1873 3379; x_wconf 77' lang='grc' dir='ltr'><strong>ἀληθῶς</strong></span> 
     </span>
    </p>
   </div>
   <div class='ocr_carea' id='block_1_67' title="bbox 295 3382 1875 3471">
    <p class='ocr_par' dir='ltr' id='par_1_67' title="bbox 295 3382 1875 3471">
     <span class='ocr_line' id='line_1_67' title="bbox 295 3382 1875 3471; baseline 0.003 -21"><span class='ocrx_word' id='word_1_461' title='bbox 295 3398 549 3453; x_wconf 74' lang='grc' dir='ltr'><strong>ἐϐούλετο</strong></span> <span class='ocrx_word' id='word_1_462' title='bbox 575 3402 603 3452; x_wconf 83' lang='grc' dir='ltr'>ὁ</span> <span class='ocrx_word' id='word_1_463' title='bbox 631 3400 805 3469; x_wconf 80' lang='grc' dir='ltr'><strong>μέγας</strong></span> <span class='ocrx_word' id='word_1_464' title='bbox 827 3402 972 3466; x_wconf 74' lang='grc' dir='ltr'><strong>δοὺξ.</strong></span> <span class='ocrx_word' id='word_1_465' title='bbox 1008 3402 1117 3455; x_wconf 75' lang='grc' dir='ltr'><strong>εἴτε</strong></span> <span class='ocrx_word' id='word_1_466' title='bbox 1167 3402 1263 3471; x_wconf 81' lang='grc' dir='ltr'><strong>μὴ,</strong></span> <span class='ocrx_word' id='word_1_467' title='bbox 1299 3406 1536 3471; x_wconf 81' lang='grc' dir='ltr'><strong>φανερὸν</strong></span> <span class='ocrx_word' id='word_1_468' title='bbox 1567 3382 1665 3455; x_wconf 71' lang='grc' dir='ltr'><strong>δύκ</strong></span> <span class='ocrx_word' id='word_1_469' title='bbox 1694 3400 1875 3469; x_wconf 76' lang='grc' dir='ltr'><strong>ἐξεγέ-</strong></span> 
     </span>
    </p>
   </div>
   <div class='ocr_carea' id='block_1_68' title="bbox 292 3488 1876 3562">
    <p class='ocr_par' dir='ltr' id='par_1_68' title="bbox 292 3488 1876 3562">
     <span class='ocr_line' id='line_1_68' title="bbox 292 3488 1876 3562; baseline -0.003 -19"><span class='ocrx_word' id='word_1_470' title='bbox 292 3507 438 3557; x_wconf 81' lang='grc' dir='ltr'><strong>νετο,</strong></span> <span class='ocrx_word' id='word_1_471' title='bbox 471 3488 562 3543; x_wconf 77' lang='grc' dir='ltr'><strong>τοῦ</strong></span> <span class='ocrx_word' id='word_1_472' title='bbox 601 3490 731 3561; x_wconf 79' lang='grc' dir='ltr'><strong>περὶ</strong></span> <span class='ocrx_word' id='word_1_473' title='bbox 772 3490 946 3544; x_wconf 72' lang='grc' dir='ltr'><strong>ταῦτα</strong></span> <span class='ocrx_word' id='word_1_474' title='bbox 991 3491 1411 3562; x_wconf 79' lang='grc' dir='ltr'><strong>διακονουμένου</strong></span> <span class='ocrx_word' id='word_1_475' title='bbox 1466 3491 1561 3545; x_wconf 78' lang='grc' dir='ltr'><strong>καὶ</strong></span> <span class='ocrx_word' id='word_1_476' title='bbox 1607 3492 1672 3545; x_wconf 80' lang='grc' dir='ltr'><strong>τὰ</strong></span> <span class='ocrx_word' id='word_1_477' title='bbox 1704 3492 1876 3560; x_wconf 60' lang='lat' dir='ltr'><strong>dirip-</strong></span> 
     </span>
    </p>
   </div>
   <div class='ocr_carea' id='block_1_69' title="bbox 296 3582 1877 3655">
    <p class='ocr_par' dir='ltr' id='par_1_69' title="bbox 296 3582 1877 3655">
     <span class='ocr_line' id='line_1_69' title="bbox 296 3582 1877 3655; baseline 0.001 -20"><span class='ocrx_word' id='word_1_478' title='bbox 296 3587 440 3652; x_wconf 66' lang='grc' dir='ltr'><strong>έητα</strong></span> <span class='ocrx_word' id='word_1_479' title='bbox 464 3583 765 3647; x_wconf 87' lang='grc' dir='ltr'><strong>συνειδότος</strong></span> <span class='ocrx_word' id='word_1_480' title='bbox 789 3584 971 3655; x_wconf 85' lang='grc' dir='ltr'><strong>Χρέλη</strong></span> <span class='ocrx_word' id='word_1_481' title='bbox 1023 3584 1292 3655; x_wconf 84' lang='grc' dir='ltr'><strong>πρότερον</strong></span> <span class='ocrx_word' id='word_1_482' title='bbox 1320 3583 1706 3646; x_wconf 52' lang='grc' dir='ltr'><strong>ἀποθανόντος.</strong></span> <span class='ocrx_word' id='word_1_483' title='bbox 1732 3582 1877 3654; x_wconf 80' lang='grc' dir='ltr'><strong>Πρὸς</strong></span> 
     </span>
    </p>
   </div>
   <div class='ocr_carea' id='block_1_70' title="bbox 294 3675 1879 3747">
    <p class='ocr_par' dir='ltr' id='par_1_70' title="bbox 294 3675 1879 3747">
     <span class='ocr_line' id='line_1_70' title="bbox 294 3675 1879 3747; baseline 0 -20"><span class='ocrx_word' id='word_1_484' title='bbox 294 3678 403 3743; x_wconf 68' lang='grc' dir='ltr'><strong>γὰρ</strong></span> <span class='ocrx_word' id='word_1_485' title='bbox 428 3675 517 3728; x_wconf 81' lang='grc' dir='ltr'><strong>τὸν</strong></span> <span class='ocrx_word' id='word_1_486' title='bbox 546 3675 895 3745; x_wconf 81' lang='grc' dir='ltr'><strong>Ἀνδρονίκου</strong></span> <span class='ocrx_word' id='word_1_487' title='bbox 923 3675 1017 3729; x_wconf 81' lang='grc' dir='ltr'><strong>τοῦ</strong></span> <span class='ocrx_word' id='word_1_488' title='bbox 1045 3675 1301 3747; x_wconf 74' lang='grc' dir='ltr'><strong>γαμϐροῦ</strong></span> <span class='ocrx_word' id='word_1_489' title='bbox 1338 3676 1553 3745; x_wconf 79' lang='grc' dir='ltr'><strong>πατέρα</strong></span> <span class='ocrx_word' id='word_1_490' title='bbox 1584 3677 1640 3727; x_wconf 78' lang='grc' dir='ltr'><strong>ὲν</strong></span> <span class='ocrx_word' id='word_1_491' title='bbox 1677 3676 1879 3746; x_wconf 80' lang='grc' dir='ltr'><strong>Φεραῖς</strong></span> 
     </span>
    </p>
   </div>
   <div class='ocr_carea' id='block_1_71' title="bbox 300 3752 1877 3836">
    <p class='ocr_par' dir='ltr' id='par_1_71' title="bbox 300 3752 1877 3836">
     <span class='ocr_line' id='line_1_71' title="bbox 300 3752 1877 3836; baseline -0.001 -16"><span class='ocrx_word' id='word_1_492' title='bbox 300 3769 329 3820; x_wconf 87' lang='grc' dir='ltr'>ὁ</span> <span class='ocrx_word' id='word_1_493' title='bbox 361 3768 535 3835; x_wconf 81' lang='grc' dir='ltr'><strong>μέγας</strong></span> <span class='ocrx_word' id='word_1_494' title='bbox 561 3766 685 3833; x_wconf 82' lang='grc' dir='ltr'><strong>δοὺξ</strong></span> <span class='ocrx_word' id='word_1_495' title='bbox 713 3768 782 3823; x_wconf 82' lang='grc' dir='ltr'><strong>τὰ</strong></span> <span class='ocrx_word' id='word_1_496' title='bbox 803 3767 1030 3821; x_wconf 85' lang='grc' dir='ltr'><strong>τοιαῦτα</strong></span> <span class='ocrx_word' id='word_1_497' title='bbox 1059 3767 1148 3821; x_wconf 86' lang='grc' dir='ltr'><strong>διά</strong></span> <span class='ocrx_word' id='word_1_498' title='bbox 1175 3784 1340 3821; x_wconf 90' lang='grc' dir='ltr'><strong>τινων</strong></span> <span class='ocrx_word' id='word_1_499' title='bbox 1375 3765 1484 3819; x_wconf 82' lang='grc' dir='ltr'><strong>τῶν</strong></span> <span class='ocrx_word' id='word_1_500' title='bbox 1512 3752 1877 3836; x_wconf 67' lang='grc' dir='ltr'><strong>μάλισταέξ»-</strong></span> 
     </span>
    </p>
   </div>
   <div class='ocr_carea' id='block_1_72' title="bbox 299 3857 1883 3930">
    <p class='ocr_par' dir='ltr' id='par_1_72' title="bbox 299 3857 1883 3930">
     <span class='ocr_line' id='line_1_72' title="bbox 299 3857 1883 3930; baseline -0.001 -17"><span class='ocrx_word' id='word_1_501' title='bbox 299 3859 610 3913; x_wconf 84' lang='grc' dir='ltr'><strong>νουστάτων</strong></span> <span class='ocrx_word' id='word_1_502' title='bbox 640 3859 1024 3928; x_wconf 74' lang='grc' dir='ltr'><strong>ἀπαγγέλλων,</strong></span> <span class='ocrx_word' id='word_1_503' title='bbox 1058 3858 1315 3914; x_wconf 77' lang='grc' dir='ltr'><strong>κάκείνου</strong></span> <span class='ocrx_word' id='word_1_504' title='bbox 1345 3859 1527 3930; x_wconf 83' lang='grc' dir='ltr'><strong>Χρέλη</strong></span> <span class='ocrx_word' id='word_1_505' title='bbox 1565 3857 1883 3927; x_wconf 82' lang='grc' dir='ltr'><strong>διαλεγομέ-</strong></span> 
     </span>
    </p>
   </div>
   <div class='ocr_carea' id='block_1_73' title="bbox 297 3949 1883 4021">
    <p class='ocr_par' dir='ltr' id='par_1_73' title="bbox 297 3949 1883 4021">
     <span class='ocr_line' id='line_1_73' title="bbox 297 3949 1883 4021; baseline -0.001 -18"><span class='ocrx_word' id='word_1_506' title='bbox 297 3968 396 4003; x_wconf 84' lang='grc' dir='ltr'><strong>νου</strong></span> <span class='ocrx_word' id='word_1_507' title='bbox 427 3951 558 4021; x_wconf 78' lang='grc' dir='ltr'><strong>περὶ</strong></span> <span class='ocrx_word' id='word_1_508' title='bbox 594 3950 895 4004; x_wconf 85' lang='grc' dir='ltr'><strong>Μελενίκον</strong></span> <span class='ocrx_word' id='word_1_509' title='bbox 918 3950 1278 4020; x_wconf 88' lang='grc' dir='ltr'><strong>διατρίϐοντι,</strong></span> <span class='ocrx_word' id='word_1_510' title='bbox 1315 3951 1410 4003; x_wconf 75' lang='grc' dir='ltr'><strong>καὶ</strong></span> <span class='ocrx_word' id='word_1_511' title='bbox 1436 3949 1503 4003; x_wconf 83' lang='grc' dir='ltr'><strong>δι’</strong></span> <span class='ocrx_word' id='word_1_512' title='bbox 1541 3951 1752 4004; x_wconf 85' lang='grc' dir='ltr'><strong>ἐκείνου</strong></span> <span class='ocrx_word' id='word_1_513' title='bbox 1781 3950 1883 4012; x_wconf 80' lang='grc' dir='ltr'><strong>τὰς</strong></span> 
     </span>
    </p>
   </div>
   <div class='ocr_carea' id='block_1_74' title="bbox 302 4040 1884 4113">
    <p class='ocr_par' dir='ltr' id='par_1_74' title="bbox 302 4040 1884 4113">
     <span class='ocr_line' id='line_1_74' title="bbox 302 4040 1884 4113; baseline -0.001 -17"><span class='ocrx_word' id='word_1_514' title='bbox 302 4042 501 4112; x_wconf 77' lang='grc' dir='ltr'><strong>Κράλη</strong></span> <span class='ocrx_word' id='word_1_515' title='bbox 535 4042 907 4112; x_wconf 77' lang='grc' dir='ltr'><strong>λαμϐάνοντος</strong></span> <span class='ocrx_word' id='word_1_516' title='bbox 950 4041 1277 4110; x_wconf 64' lang='grc' dir='ltr'><strong>ἀπολογίας,</strong></span> <span class='ocrx_word' id='word_1_517' title='bbox 1310 4040 1463 4104; x_wconf 65' lang='grc' dir='ltr'><strong>αὖοι,</strong></span> <span class='ocrx_word' id='word_1_518' title='bbox 1493 4043 1521 4094; x_wconf 81' lang='grc' dir='ltr'><strong>ὁ</strong></span> <span class='ocrx_word' id='word_1_519' title='bbox 1557 4040 1731 4113; x_wconf 81' lang='grc' dir='ltr'><strong>μέγας</strong></span> <span class='ocrx_word' id='word_1_520' title='bbox 1758 4040 1884 4106; x_wconf 77' lang='grc' dir='ltr'><strong>δοὺξ</strong></span> 
     </span>
    </p>
   </div>
   <div class='ocr_carea' id='block_1_75' title="bbox 304 4132 1884 4209">
    <p class='ocr_par' dir='ltr' id='par_1_75' title="bbox 304 4132 1884 4209">
     <span class='ocr_line' id='line_1_75' title="bbox 304 4132 1884 4209; baseline 0.004 -25"><span class='ocrx_word' id='word_1_521' title='bbox 304 4133 641 4188; x_wconf 75' lang='grc' dir='ltr'><strong>ἐπυνθάνετό</strong></span> <span class='ocrx_word' id='word_1_522' title='bbox 694 4153 754 4189; x_wconf 89' lang='grc' dir='ltr'><strong>τε</strong></span> <span class='ocrx_word' id='word_1_523' title='bbox 798 4139 927 4209; x_wconf 79' lang='grc' dir='ltr'><strong>περὶ</strong></span> <span class='ocrx_word' id='word_1_524' title='bbox 984 4132 1060 4192; x_wconf 85' lang='grc' dir='ltr'><strong>ὧν</strong></span> <span class='ocrx_word' id='word_1_525' title='bbox 1115 4138 1312 4203; x_wconf 75' lang='grc' dir='ltr'><strong>ἐδεῖτο,</strong></span> <span class='ocrx_word' id='word_1_526' title='bbox 1345 4139 1441 4191; x_wconf 75' lang='grc' dir='ltr'><strong>καὶ</strong></span> <span class='ocrx_word' id='word_1_527' title='bbox 1486 4137 1586 4191; x_wconf 84' lang='grc' dir='ltr'><strong>ὅσα</strong></span> <span class='ocrx_word' id='word_1_528' title='bbox 1631 4133 1700 4208; x_wconf 83' lang='grc' dir='ltr'><strong>ἦν</strong></span> <span class='ocrx_word' id='word_1_529' title='bbox 1741 4136 1884 4191; x_wconf 80' lang='grc' dir='ltr'><strong>κατὰ</strong></span> 
     </span>
    </p>
   </div>
   <div class='ocr_carea' id='block_1_76' title="bbox 301 4227 1885 4301">
    <p class='ocr_par' dir='ltr' id='par_1_76' title="bbox 301 4227 1885 4301">
     <span class='ocr_line' id='line_1_76' title="bbox 301 4227 1885 4301; baseline 0.003 -24"><span class='ocrx_word' id='word_1_530' title='bbox 301 4228 545 4301; x_wconf 74' lang='grc' dir='ltr'><strong>γνώμην</strong></span> <span class='ocrx_word' id='word_1_531' title='bbox 585 4227 738 4292; x_wconf 74' lang='grc' dir='ltr'><strong>αὖθις</strong></span> <span class='ocrx_word' id='word_1_532' title='bbox 787 4230 1136 4300; x_wconf 84' lang='grc' dir='ltr'><strong>ἀπεκρίνετο.</strong></span> <span class='ocrx_word' id='word_1_533' title='bbox 1184 4230 1401 4301; x_wconf 79' lang='grc' dir='ltr'><strong>Κράλης</strong></span> <span class='ocrx_word' id='word_1_534' title='bbox 1448 4230 1505 4283; x_wconf 73' lang='grc' dir='ltr'><strong>δὲ</strong></span> <span class='ocrx_word' id='word_1_535' title='bbox 1549 4231 1624 4295; x_wconf 88' lang='grc' dir='ltr'><strong>ὡς</strong></span> <span class='ocrx_word' id='word_1_536' title='bbox 1666 4228 1885 4300; x_wconf 76' lang='grc' dir='ltr'><strong>ἀληθῶς</strong></span> 
     </span>
    </p>
   </div>
   <div class='ocr_carea' id='block_1_77' title="bbox 301 4318 1885 4391">
    <p class='ocr_par' dir='ltr' id='par_1_77' title="bbox 301 4318 1885 4391">
     <span class='ocr_line' id='line_1_77' title="bbox 301 4318 1885 4391; baseline 0.003 -23"><span class='ocrx_word' id='word_1_537' title='bbox 301 4318 565 4384; x_wconf 71' lang='grc' dir='ltr'><strong>τοιαύτην</strong></span> <span class='ocrx_word' id='word_1_538' title='bbox 594 4318 964 4373; x_wconf 64' lang='grc' dir='ltr'><strong>διεϐεϐαιοῦτο</strong></span> <span class='ocrx_word' id='word_1_539' title='bbox 999 4321 1137 4391; x_wconf 71' lang='grc' dir='ltr'><strong>πρὸς</strong></span> <span class='ocrx_word' id='word_1_540' title='bbox 1172 4320 1628 4388; x_wconf 62' lang='grc' dir='ltr'><strong>Καντακουζηνῦν</strong></span> <span class='ocrx_word' id='word_1_541' title='bbox 1657 4321 1749 4374; x_wconf 62' lang='grc' dir='ltr'><strong>τὸν</strong></span> <span class='ocrx_word' id='word_1_542' title='bbox 1784 4319 1885 4390; x_wconf 86' lang='grc' dir='ltr'><strong>βα·-</strong></span> 
     </span>
    </p>
   </div>
   <div class='ocr_carea' id='block_1_78' title="bbox 1974 3299 3555 3389">
    <p class='ocr_par' dir='ltr' id='par_1_78' title="bbox 1974 3299 3555 3389">
     <span class='ocr_line' id='line_1_78' title="bbox 1974 3299 3555 3389; baseline -0.019 -9"><span class='ocrx_word' id='word_1_543' title='bbox 1974 3327 2263 3389; x_wconf 85' lang='lat' dir='ltr'><strong>nuntians,</strong></span> <span class='ocrx_word' id='word_1_544' title='bbox 2299 3333 2476 3389; x_wconf 87' lang='lat' dir='ltr'><strong>eoque</strong></span> <span class='ocrx_word' id='word_1_545' title='bbox 2511 3329 2634 3370; x_wconf 80' lang='lat' dir='ltr'><strong>rum</strong></span> <span class='ocrx_word' id='word_1_546' title='bbox 2681 3311 2902 3375; x_wconf 88' lang='lat' dir='ltr'><strong>Chrele,</strong></span> <span class='ocrx_word' id='word_1_547' title='bbox 2933 3306 3027 3379; x_wconf 90' lang='lat' dir='ltr'><strong>qui</strong></span> <span class='ocrx_word' id='word_1_548' title='bbox 3056 3302 3202 3375; x_wconf 85' lang='lat' dir='ltr'><strong>apud</strong></span> <span class='ocrx_word' id='word_1_549' title='bbox 3228 3299 3555 3358; x_wconf 84' lang='lat' dir='ltr'><strong>Melenicum</strong></span> 
     </span>
    </p>
   </div>
   <div class='ocr_carea' id='block_1_79' title="bbox 1976 3396 3558 3482">
    <p class='ocr_par' dir='ltr' id='par_1_79' title="bbox 1976 3396 3558 3482">
     <span class='ocr_line' id='line_1_79' title="bbox 1976 3396 3558 3482; baseline -0.019 -9"><span class='ocrx_word' id='word_1_550' title='bbox 1976 3416 2256 3477; x_wconf 88' lang='lat' dir='ltr'><strong>manebat,</strong></span> <span class='ocrx_word' id='word_1_551' title='bbox 2322 3418 2543 3482; x_wconf 83' lang='lat' dir='ltr'><strong>agente,</strong></span> <span class='ocrx_word' id='word_1_552' title='bbox 2607 3416 2664 3462; x_wconf 88' lang='lat' dir='ltr'><strong>et</strong></span> <span class='ocrx_word' id='word_1_553' title='bbox 2716 3420 2816 3475; x_wconf 91' lang='lat' dir='ltr'><strong>per</strong></span> <span class='ocrx_word' id='word_1_554' title='bbox 2870 3402 3026 3456; x_wconf 90' lang='lat' dir='ltr'><strong>illum</strong></span> <span class='ocrx_word' id='word_1_555' title='bbox 3071 3396 3247 3453; x_wconf 88' lang='lat' dir='ltr'><strong>Cralis</strong></span> <span class='ocrx_word' id='word_1_556' title='bbox 3290 3403 3558 3463; x_wconf 86' lang='lat' dir='ltr'><strong>responsa</strong></span> 
     </span>
    </p>
   </div>
   <div class='ocr_carea' id='block_1_80' title="bbox 1978 3483 3562 3578">
    <p class='ocr_par' dir='ltr' id='par_1_80' title="bbox 1978 3483 3562 3578">
     <span class='ocr_line' id='line_1_80' title="bbox 1978 3483 3562 3578; baseline -0.019 -13"><span class='ocrx_word' id='word_1_557' title='bbox 1978 3509 2305 3578; x_wconf 88' lang='lat' dir='ltr'><strong>accipiente,</strong></span> <span class='ocrx_word' id='word_1_558' title='bbox 2339 3515 2559 3558; x_wconf 87' lang='lat' dir='ltr'><strong>rursum</strong></span> <span class='ocrx_word' id='word_1_559' title='bbox 2604 3510 2838 3568; x_wconf 90' lang='lat' dir='ltr'><strong>magnus</strong></span> <span class='ocrx_word' id='word_1_560' title='bbox 2863 3493 2974 3549; x_wconf 79' lang='lat' dir='ltr'><strong>dux</strong></span> <span class='ocrx_word' id='word_1_561' title='bbox 3006 3504 3130 3562; x_wconf 78' lang='lat' dir='ltr'><strong>quae</strong></span> <span class='ocrx_word' id='word_1_562' title='bbox 3157 3500 3298 3557; x_wconf 88' lang='lat' dir='ltr'><strong>opus</strong></span> <span class='ocrx_word' id='word_1_563' title='bbox 3325 3492 3445 3539; x_wconf 85' lang='lat' dir='ltr'><strong>erat</strong></span> <span class='ocrx_word' id='word_1_564' title='bbox 3471 3483 3562 3537; x_wconf 83' lang='lat' dir='ltr'><strong>in-</strong></span> 
     </span>
    </p>
   </div>
   <div class='ocr_carea' id='block_1_81' title="bbox 1980 3574 3562 3669">
    <p class='ocr_par' dir='ltr' id='par_1_81' title="bbox 1980 3574 3562 3669">
     <span class='ocr_line' id='line_1_81' title="bbox 1980 3574 3562 3669; baseline -0.019 -14"><span class='ocrx_word' id='word_1_565' title='bbox 1980 3574 2316 3669; x_wconf 79' lang='lat' dir='ltr'><strong>terrogabat,</strong></span> <span class='ocrx_word' id='word_1_566' title='bbox 2351 3602 2409 3650; x_wconf 90' lang='lat' dir='ltr'><strong>et</strong></span> <span class='ocrx_word' id='word_1_567' title='bbox 2455 3593 2546 3648; x_wconf 88' lang='lat' dir='ltr'><strong>ille</strong></span> <span class='ocrx_word' id='word_1_568' title='bbox 2578 3603 2701 3660; x_wconf 68' lang='lat' dir='ltr'><strong>quae</strong></span> <span class='ocrx_word' id='word_1_569' title='bbox 2742 3584 2994 3647; x_wconf 87' lang='lat' dir='ltr'><strong>sentiret,</strong></span> <span class='ocrx_word' id='word_1_570' title='bbox 3028 3580 3216 3635; x_wconf 89' lang='lat' dir='ltr'><strong>denuo</strong></span> <span class='ocrx_word' id='word_1_571' title='bbox 3255 3574 3562 3645; x_wconf 81' lang='lat' dir='ltr'><strong>responde-</strong></span> 
     </span>
    </p>
   </div>
   <div class='ocr_carea' id='block_1_82' title="bbox 1980 3665 3557 3748">
    <p class='ocr_par' dir='ltr' id='par_1_82' title="bbox 1980 3665 3557 3748">
     <span class='ocr_line' id='line_1_82' title="bbox 1980 3665 3557 3748; baseline -0.018 -2"><span class='ocrx_word' id='word_1_572' title='bbox 1980 3691 2093 3746; x_wconf 89' lang='lat' dir='ltr'><strong>bat.</strong></span> <span class='ocrx_word' id='word_1_573' title='bbox 2127 3665 2198 3748; x_wconf 79' lang='lat' dir='ltr'><strong>llt</strong></span> <span class='ocrx_word' id='word_1_574' title='bbox 2229 3696 2414 3742; x_wconf 86' lang='lat' dir='ltr'><strong>autem</strong></span> <span class='ocrx_word' id='word_1_575' title='bbox 2448 3678 2796 3739; x_wconf 80' lang='lat' dir='ltr'><strong>conﬁrmavit</strong></span> <span class='ocrx_word' id='word_1_576' title='bbox 2824 3675 3032 3738; x_wconf 87' lang='lat' dir='ltr'><strong>Crales,</strong></span> <span class='ocrx_word' id='word_1_577' title='bbox 3067 3682 3324 3741; x_wconf 87' lang='lat' dir='ltr'><strong>magnum</strong></span> <span class='ocrx_word' id='word_1_578' title='bbox 3357 3665 3557 3721; x_wconf 91' lang='lat' dir='ltr'><strong>ducctn</strong></span> 
     </span>
    </p>
   </div>
   <div class='ocr_carea' id='block_1_83' title="bbox 1981 3756 3560 3850">
    <p class='ocr_par' dir='ltr' id='par_1_83' title="bbox 1981 3756 3560 3850">
     <span class='ocr_line' id='line_1_83' title="bbox 1981 3756 3560 3850; baseline -0.018 -11"><span class='ocrx_word' id='word_1_579' title='bbox 1981 3791 2172 3839; x_wconf 89' lang='lat' dir='ltr'><strong>contra</strong></span> <span class='ocrx_word' id='word_1_580' title='bbox 2230 3780 2621 3850; x_wconf 86' lang='lat' dir='ltr'><strong>imperatorem</strong></span> <span class='ocrx_word' id='word_1_581' title='bbox 2690 3770 3141 3827; x_wconf 81' lang='lat' dir='ltr'><strong>Cantacuzcnum</strong></span> <span class='ocrx_word' id='word_1_582' title='bbox 3207 3772 3334 3815; x_wconf 85' lang='lat' dir='ltr'><strong>vere</strong></span> <span class='ocrx_word' id='word_1_583' title='bbox 3412 3756 3560 3811; x_wconf 77' lang='lat' dir='ltr'><strong>istuc</strong></span> 
     </span>
    </p>
   </div>
   <div class='ocr_carea' id='block_1_84' title="bbox 1981 3844 3559 3947">
    <p class='ocr_par' dir='ltr' id='par_1_84' title="bbox 1981 3844 3559 3947">
     <span class='ocr_line' id='line_1_84' title="bbox 1981 3844 3559 3947; baseline -0.022 -16"><span class='ocrx_word' id='word_1_584' title='bbox 1981 3883 2194 3947; x_wconf 89' lang='lat' dir='ltr'><strong>petere.</strong></span> <span class='ocrx_word' id='word_1_585' title='bbox 2226 3878 2281 3926; x_wconf 89' lang='lat' dir='ltr'><strong>et</strong></span> <span class='ocrx_word' id='word_1_586' title='bbox 2309 3844 2448 3937; x_wconf 76' lang='lat' dir='ltr'><strong>quid</strong></span> <span class='ocrx_word' id='word_1_587' title='bbox 2483 3852 2933 3932; x_wconf 77' lang='lat' dir='ltr'><strong>respondendum</strong></span> <span class='ocrx_word' id='word_1_588' title='bbox 2964 3860 3114 3911; x_wconf 69' lang='grc' dir='ltr'><strong>(ιςοι</strong></span> <span class='ocrx_word' id='word_1_589' title='bbox 3143 3846 3420 3922; x_wconf 77' lang='lat' dir='ltr'><strong>quaesivit,</strong></span> <span class='ocrx_word' id='word_1_590' title='bbox 3454 3844 3559 3899; x_wconf 75' lang='lat' dir='ltr'><strong>im-</strong></span> 
     </span>
    </p>
   </div>
   <div class='ocr_carea' id='block_1_85' title="bbox 1982 3942 3562 4042">
    <p class='ocr_par' dir='ltr' id='par_1_85' title="bbox 1982 3942 3562 4042">
     <span class='ocr_line' id='line_1_85' title="bbox 1982 3942 3562 4042; baseline -0.022 -16"><span class='ocrx_word' id='word_1_591' title='bbox 1982 3942 2207 4042; x_wconf 81' lang='lat' dir='ltr'><strong>perator.</strong></span> <span class='ocrx_word' id='word_1_592' title='bbox 2234 3966 2490 4020; x_wconf 83' lang='lat' dir='ltr'><strong>hortatus</strong></span> <span class='ocrx_word' id='word_1_593' title='bbox 2530 3966 2637 4023; x_wconf 89' lang='lat' dir='ltr'><strong>est,</strong></span> <span class='ocrx_word' id='word_1_594' title='bbox 2669 3965 2732 4012; x_wconf 90' lang='lat' dir='ltr'><strong>ut</strong></span> <span class='ocrx_word' id='word_1_595' title='bbox 2770 3968 2830 4009; x_wconf 87' lang='lat' dir='ltr'><strong>se</strong></span> <span class='ocrx_word' id='word_1_596' title='bbox 2860 3951 2930 4007; x_wconf 90' lang='lat' dir='ltr'><strong>ab</strong></span> <span class='ocrx_word' id='word_1_597' title='bbox 2970 3949 3064 4005; x_wconf 91' lang='lat' dir='ltr'><strong>illo</strong></span> <span class='ocrx_word' id='word_1_598' title='bbox 3093 3942 3380 4002; x_wconf 92' lang='lat' dir='ltr'><strong>conveniri</strong></span> <span class='ocrx_word' id='word_1_599' title='bbox 3409 3946 3562 4010; x_wconf 79' lang='lat' dir='ltr'><strong>pate.-</strong></span> 
     </span>
    </p>
   </div>
   <div class='ocr_carea' id='block_1_86' title="bbox 1984 4034 3556 4129">
    <p class='ocr_par' dir='ltr' id='par_1_86' title="bbox 1984 4034 3556 4129">
     <span class='ocr_line' id='line_1_86' title="bbox 1984 4034 3556 4129; baseline -0.022 -10"><span class='ocrx_word' id='word_1_600' title='bbox 1984 4034 2161 4127; x_wconf 71' lang='lat' dir='ltr'><strong>rctur,</strong></span> <span class='ocrx_word' id='word_1_601' title='bbox 2191 4073 2301 4129; x_wconf 92' lang='lat' dir='ltr'><strong>quo</strong></span> <span class='ocrx_word' id='word_1_602' title='bbox 2334 4056 2456 4127; x_wconf 86' lang='lat' dir='ltr'><strong>ejus</strong></span> <span class='ocrx_word' id='word_1_603' title='bbox 2488 4053 2543 4107; x_wconf 92' lang='lat' dir='ltr'><strong>in</strong></span> <span class='ocrx_word' id='word_1_604' title='bbox 2579 4066 2640 4107; x_wconf 87' lang='lat' dir='ltr'><strong>se</strong></span> <span class='ocrx_word' id='word_1_605' title='bbox 2684 4046 2893 4104; x_wconf 89' lang='lat' dir='ltr'><strong>invidia</strong></span> <span class='ocrx_word' id='word_1_606' title='bbox 2946 4041 3197 4099; x_wconf 86' lang='lat' dir='ltr'><strong>testatior</strong></span> <span class='ocrx_word' id='word_1_607' title='bbox 3244 4034 3507 4129; x_wconf 75' lang='lat' dir='ltr'><strong>evaderet</strong></span> <span class='ocrx_word' id='word_1_608' title='bbox 3541 4048 3556 4085; x_wconf 89' lang='lat'><strong>:</strong></span> 
     </span>
    </p>
   </div>
   <div class='ocr_carea' id='block_1_87' title="bbox 1985 4118 3563 4208">
    <p class='ocr_par' dir='ltr' id='par_1_87' title="bbox 1985 4118 3563 4208">
     <span class='ocr_line' id='line_1_87' title="bbox 1985 4118 3563 4208; baseline -0.02 -1"><span class='ocrx_word' id='word_1_609' title='bbox 1985 4118 2250 4208; x_wconf 68' lang='lat' dir='ltr'><strong>nimirum</strong></span> <span class='ocrx_word' id='word_1_610' title='bbox 2287 4118 2398 4200; x_wconf 76' lang='lat' dir='ltr'><strong>non</strong></span> <span class='ocrx_word' id='word_1_611' title='bbox 2430 4135 2821 4199; x_wconf 89' lang='lat' dir='ltr'><strong>benevolentia</strong></span> <span class='ocrx_word' id='word_1_612' title='bbox 2877 4146 3007 4202; x_wconf 85' lang='lat' dir='ltr'><strong>erga</strong></span> <span class='ocrx_word' id='word_1_613' title='bbox 3037 4129 3341 4198; x_wconf 81' lang='lat' dir='ltr'><strong>Augustam</strong></span> <span class='ocrx_word' id='word_1_614' title='bbox 3370 4129 3429 4178; x_wconf 87' lang='lat' dir='ltr'><strong>et</strong></span> <span class='ocrx_word' id='word_1_615' title='bbox 3457 4118 3563 4176; x_wconf 78' lang='lat' dir='ltr'><strong>im.-</strong></span> 
     </span>
    </p>
   </div>
   <div class='ocr_carea' id='block_1_88' title="bbox 1985 4212 3565 4315">
    <p class='ocr_par' dir='ltr' id='par_1_88' title="bbox 1985 4212 3565 4315">
     <span class='ocr_line' id='line_1_88' title="bbox 1985 4212 3565 4315; baseline -0.022 -16"><span class='ocrx_word' id='word_1_616' title='bbox 1985 4249 2298 4315; x_wconf 89' lang='lat' dir='ltr'><strong>pcratorem</strong></span> <span class='ocrx_word' id='word_1_617' title='bbox 2326 4235 2498 4292; x_wconf 81' lang='lat' dir='ltr'><strong>ﬁlium</strong></span> <span class='ocrx_word' id='word_1_618' title='bbox 2542 4231 2705 4290; x_wconf 89' lang='lat' dir='ltr'><strong>civile</strong></span> <span class='ocrx_word' id='word_1_619' title='bbox 2734 4229 2841 4284; x_wconf 90' lang='lat' dir='ltr'><strong>hoc</strong></span> <span class='ocrx_word' id='word_1_620' title='bbox 2884 4224 3088 4282; x_wconf 87' lang='lat' dir='ltr'><strong>bellum</strong></span> <span class='ocrx_word' id='word_1_621' title='bbox 3136 4222 3204 4274; x_wconf 77' lang='lat' dir='ltr'><strong>ab</strong></span> <span class='ocrx_word' id='word_1_622' title='bbox 3242 4212 3565 4315; x_wconf 40' lang='lat' dir='ltr'><strong>eo-intlamr</strong></span> 
     </span>
    </p>
   </div>
   <div class='ocr_carea' id='block_1_89' title="bbox 1988 4306 3568 4400">
    <p class='ocr_par' dir='ltr' id='par_1_89' title="bbox 1988 4306 3568 4400">
     <span class='ocr_line' id='line_1_89' title="bbox 1988 4306 3568 4400; baseline -0.023 -10"><span class='ocrx_word' id='word_1_623' title='bbox 1988 4306 2151 4400; x_wconf 73' lang='lat' dir='ltr'><strong>mari,</strong></span> <span class='ocrx_word' id='word_1_624' title='bbox 2189 4328 2285 4385; x_wconf 88' lang='lat' dir='ltr'><strong>sed</strong></span> <span class='ocrx_word' id='word_1_625' title='bbox 2334 4334 2395 4383; x_wconf 92' lang='lat' dir='ltr'><strong>ut</strong></span> <span class='ocrx_word' id='word_1_626' title='bbox 2426 4324 2535 4381; x_wconf 85' lang='lat' dir='ltr'><strong>sibi</strong></span> <span class='ocrx_word' id='word_1_627' title='bbox 2576 4337 2677 4394; x_wconf 88' lang='lat' dir='ltr'><strong>per</strong></span> <span class='ocrx_word' id='word_1_628' title='bbox 2719 4320 2804 4375; x_wconf 81' lang='lat' dir='ltr'><strong>fas</strong></span> <span class='ocrx_word' id='word_1_629' title='bbox 2860 4326 2918 4373; x_wconf 90' lang='lat' dir='ltr'><strong>et</strong></span> <span class='ocrx_word' id='word_1_630' title='bbox 2950 4314 3102 4370; x_wconf 80' lang='lat' dir='ltr'><strong>nefas</strong></span> <span class='ocrx_word' id='word_1_631' title='bbox 3140 4306 3568 4400; x_wconf 46' lang='lat' dir='ltr'><strong>imperium-ac-</strong></span> 
     </span>
    </p>
   </div>
   <div class='ocr_carea' id='block_1_90' title="bbox 305 4392 1874 4515">
    <p class='ocr_par' dir='ltr' id='par_1_90' title="bbox 305 4412 1874 4483">
     <span class='ocr_line' id='line_1_90' title="bbox 305 4412 1874 4483; baseline 0.003 -20"><span class='ocrx_word' id='word_1_632' title='bbox 305 4412 465 4465; x_wconf 73' lang='grc' dir='ltr'><strong>σιλέκ</strong></span> <span class='ocrx_word' id='word_1_633' title='bbox 500 4412 597 4483; x_wconf 76' lang='grc' dir='ltr'><strong>τὴν</strong></span> <span class='ocrx_word' id='word_1_634' title='bbox 634 4415 873 4483; x_wconf 81' lang='grc' dir='ltr'><strong>μεγάλου</strong></span> <span class='ocrx_word' id='word_1_635' title='bbox 905 4415 1094 4477; x_wconf 74' lang='grc' dir='ltr'><strong>δουκδς</strong></span> <span class='ocrx_word' id='word_1_636' title='bbox 1127 4416 1356 4482; x_wconf 78' lang='grc' dir='ltr'><strong>ἀξίωσιν</strong></span> <span class='ocrx_word' id='word_1_637' title='bbox 1388 4416 1566 4481; x_wconf 70' lang='grc' dir='ltr'><strong>εἶναι,</strong></span> <span class='ocrx_word' id='word_1_638' title='bbox 1600 4416 1697 4469; x_wconf 72' lang='grc' dir='ltr'><strong>καὶ</strong></span> <span class='ocrx_word' id='word_1_639' title='bbox 1726 4416 1874 4468; x_wconf 79' lang='grc' dir='ltr'><strong>ὲϐου·</strong></span> 
     </span>
    </p>
   </div>
   <div class='ocr_carea' id='block_1_91' title="bbox 1975 4392 3567 4515">
    <p class='ocr_par' dir='ltr' id='par_1_91' title="bbox 1992 4392 3567 4515">
     <span class='ocr_line' id='line_1_91' title="bbox 1992 4392 3567 4515; baseline -0.023 -32"><span class='ocrx_word' id='word_1_640' title='bbox 1992 4392 2263 4500; x_wconf 81' lang='lat' dir='ltr'><strong>quireret.</strong></span> <span class='ocrx_word' id='word_1_641' title='bbox 2304 4419 2381 4474; x_wconf 84' lang='lat' dir='ltr'><strong>Ita</strong></span> <span class='ocrx_word' id='word_1_642' title='bbox 2407 4392 2598 4474; x_wconf 80' lang='lat' dir='ltr'><strong>Crales</strong></span> <span class='ocrx_word' id='word_1_643' title='bbox 2626 4428 2734 4467; x_wconf 92' lang='lat' dir='ltr'><strong>una</strong></span> <span class='ocrx_word' id='word_1_644' title='bbox 2770 4423 2896 4465; x_wconf 91' lang='lat' dir='ltr'><strong>cum</strong></span> <span class='ocrx_word' id='word_1_645' title='bbox 2923 4406 3311 4463; x_wconf 81' lang='lat' dir='ltr'><strong>Cantacuzcno</strong></span> <span class='ocrx_word' id='word_1_646' title='bbox 3341 4392 3567 4515; x_wconf 43' lang='lat' dir='ltr'><strong>adealy</strong></span> 
     </span>
    </p>
   </div>
   <div class='ocr_carea' id='block_1_92' title="bbox 300 4505 1886 4595">
    <p class='ocr_par' dir='ltr' id='par_1_92' title="bbox 300 4505 1886 4595">
     <span class='ocr_line' id='line_1_92' title="bbox 300 4505 1886 4595; baseline 0.003 -36"><span class='ocrx_word' id='word_1_647' title='bbox 300 4505 517 4595; x_wconf 75' lang='grc' dir='ltr'><strong>λεύετο,</strong></span> <span class='ocrx_word' id='word_1_648' title='bbox 550 4509 577 4561; x_wconf 84' lang='grc' dir='ltr'><strong>ὃ</strong></span> <span class='ocrx_word' id='word_1_649' title='bbox 611 4524 662 4560; x_wconf 89' lang='grc' dir='ltr'><strong>τι</strong></span> <span class='ocrx_word' id='word_1_650' title='bbox 722 4510 832 4561; x_wconf 81' lang='grc' dir='ltr'><strong>δέοι</strong></span> <span class='ocrx_word' id='word_1_651' title='bbox 867 4509 1005 4580; x_wconf 62' lang='grc' dir='ltr'><strong>πρὸς</strong></span> <span class='ocrx_word' id='word_1_652' title='bbox 1045 4509 1220 4563; x_wconf 84' lang='grc' dir='ltr'><strong>ταῦτα</strong></span> <span class='ocrx_word' id='word_1_653' title='bbox 1270 4508 1576 4579; x_wconf 79' lang='grc' dir='ltr'><strong>κρίνεσθαι,</strong></span> <span class='ocrx_word' id='word_1_654' title='bbox 1630 4508 1886 4579; x_wconf 74' lang='grc' dir='ltr'><strong>βασιλεύς</strong></span> 
     </span>
    </p>
   </div>
   <div class='ocr_carea' id='block_1_93' title="bbox 300 4599 1888 4673">
    <p class='ocr_par' dir='ltr' id='par_1_93' title="bbox 300 4599 1888 4673">
     <span class='ocr_line' id='line_1_93' title="bbox 300 4599 1888 4673; baseline 0.003 -21"><span class='ocrx_word' id='word_1_655' title='bbox 300 4616 367 4653; x_wconf 83' lang='grc' dir='ltr'><strong>τε</strong></span> <span class='ocrx_word' id='word_1_656' title='bbox 397 4599 476 4670; x_wconf 84' lang='grc' dir='ltr'><strong>μὴ</strong></span> <span class='ocrx_word' id='word_1_657' title='bbox 510 4601 743 4656; x_wconf 78' lang='grc' dir='ltr'><strong>κωλύειν</strong></span> <span class='ocrx_word' id='word_1_658' title='bbox 774 4602 1184 4669; x_wconf 76' lang='grc' dir='ltr'><strong>συνεϐούλευεν,</strong></span> <span class='ocrx_word' id='word_1_659' title='bbox 1221 4602 1357 4657; x_wconf 80' lang='grc' dir='ltr'><strong>ἀλλὰ</strong></span> <span class='ocrx_word' id='word_1_660' title='bbox 1389 4601 1591 4672; x_wconf 76' lang='grc' dir='ltr'><strong>μᾶλλον</strong></span> <span class='ocrx_word' id='word_1_661' title='bbox 1623 4603 1716 4654; x_wconf 73' lang='grc' dir='ltr'><strong>καὶ</strong></span> <span class='ocrx_word' id='word_1_662' title='bbox 1750 4619 1888 4673; x_wconf 78' lang='grc' dir='ltr'><strong>συμ-</strong></span> 
     </span>
    </p>
   </div>
   <div class='ocr_carea' id='block_1_94' title="bbox 301 4692 1888 4767">
    <p class='ocr_par' dir='ltr' id='par_1_94' title="bbox 301 4692 1888 4767">
     <span class='ocr_line' id='line_1_94' title="bbox 301 4692 1888 4767; baseline 0.001 -23"><span class='ocrx_word' id='word_1_663' title='bbox 301 4692 593 4764; x_wconf 80' lang='grc' dir='ltr'><strong>πράττειν,</strong></span> <span class='ocrx_word' id='word_1_664' title='bbox 654 4695 743 4753; x_wconf 78' lang='grc' dir='ltr'><strong>ἵνα</strong></span> <span class='ocrx_word' id='word_1_665' title='bbox 805 4695 1007 4765; x_wconf 81' lang='grc' dir='ltr'><strong>μᾶλλον</strong></span> <span class='ocrx_word' id='word_1_666' title='bbox 1051 4698 1079 4749; x_wconf 85' lang='grc' dir='ltr'>ὀ</span> <span class='ocrx_word' id='word_1_667' title='bbox 1139 4695 1269 4767; x_wconf 83' lang='grc' dir='ltr'><strong>περὶ</strong></span> <span class='ocrx_word' id='word_1_668' title='bbox 1329 4695 1492 4751; x_wconf 68' lang='grc' dir='ltr'><strong>αὐτὸν</strong></span> <span class='ocrx_word' id='word_1_669' title='bbox 1543 4692 1888 4767; x_wconf 65' lang='grc' dir='ltr'><strong>Ἀποκαύχου</strong></span> 
     </span>
    </p>
   </div>
   <div class='ocr_carea' id='block_1_95' title="bbox 304 4784 1891 4859">
    <p class='ocr_par' dir='ltr' id='par_1_95' title="bbox 304 4784 1891 4859">
     <span class='ocr_line' id='line_1_95' title="bbox 304 4784 1891 4859; baseline -0.002 -21"><span class='ocrx_word' id='word_1_670' title='bbox 304 4786 508 4856; x_wconf 77' lang='grc' dir='ltr'><strong>φθόνος</strong></span> <span class='ocrx_word' id='word_1_671' title='bbox 534 4788 737 4857; x_wconf 88' lang='grc' dir='ltr'><strong>γίνοιτο</strong></span> <span class='ocrx_word' id='word_1_672' title='bbox 768 4789 1004 4857; x_wconf 81' lang='grc' dir='ltr'><strong>φανερός</strong></span> <span class='ocrx_word' id='word_1_673' title='bbox 1025 4806 1040 4821; x_wconf 77' lang='grc' dir='ltr'><strong>ο</strong></span> <span class='ocrx_word' id='word_1_674' title='bbox 1074 4789 1167 4842; x_wconf 69' lang='grc' dir='ltr'><strong>κιι)⁸</strong></span> <span class='ocrx_word' id='word_1_675' title='bbox 1209 4789 1285 4850; x_wconf 84' lang='grc' dir='ltr'><strong>ὼς</strong></span> <span class='ocrx_word' id='word_1_676' title='bbox 1314 4786 1415 4840; x_wconf 82' lang='grc' dir='ltr'><strong>ούκ</strong></span> <span class='ocrx_word' id='word_1_677' title='bbox 1443 4786 1628 4858; x_wconf 77' lang='grc' dir='ltr'><strong>εὐνοίᾳ</strong></span> <span class='ocrx_word' id='word_1_678' title='bbox 1659 4788 1728 4856; x_wconf 78' lang='grc' dir='ltr'><strong>τῇ</strong></span> <span class='ocrx_word' id='word_1_679' title='bbox 1752 4784 1891 4859; x_wconf 73' lang='grc' dir='ltr'><strong>πρδς</strong></span> 
     </span>
    </p>
   </div>
   <div class='ocr_carea' id='block_1_96' title="bbox 305 4879 1888 4953">
    <p class='ocr_par' dir='ltr' id='par_1_96' title="bbox 305 4879 1888 4953">
     <span class='ocr_line' id='line_1_96' title="bbox 305 4879 1888 4953; baseline -0.004 -17"><span class='ocrx_word' id='word_1_680' title='bbox 305 4882 566 4953; x_wconf 88' lang='grc' dir='ltr'><strong>βασιλίδα</strong></span> <span class='ocrx_word' id='word_1_681' title='bbox 596 4884 692 4937; x_wconf 67' lang='grc' dir='ltr'><strong>καὶ</strong></span> <span class='ocrx_word' id='word_1_682' title='bbox 722 4882 950 4949; x_wconf 84' lang='grc' dir='ltr'><strong>βασιλέα</strong></span> <span class='ocrx_word' id='word_1_683' title='bbox 993 4884 1085 4937; x_wconf 76' lang='grc' dir='ltr'><strong>τὸν</strong></span> <span class='ocrx_word' id='word_1_684' title='bbox 1117 4884 1252 4943; x_wconf 67' lang='grc' dir='ltr'><strong>υἱὸν,</strong></span> <span class='ocrx_word' id='word_1_685' title='bbox 1289 4882 1380 4935; x_wconf 75' lang='grc' dir='ltr'><strong>τὸν</strong></span> <span class='ocrx_word' id='word_1_686' title='bbox 1410 4879 1684 4949; x_wconf 69' lang='grc' dir='ltr'><strong>ἐμφύλιον</strong></span> <span class='ocrx_word' id='word_1_687' title='bbox 1710 4880 1888 4949; x_wconf 86' lang='grc' dir='ltr'><strong>κινοίη</strong></span> 
     </span>
    </p>
   </div>
   <div class='ocr_carea' id='block_1_97' title="bbox 302 4971 1888 5045">
    <p class='ocr_par' dir='ltr' id='par_1_97' title="bbox 302 4971 1888 5045">
     <span class='ocr_line' id='line_1_97' title="bbox 302 4971 1888 5045; baseline -0.004 -16"><span class='ocrx_word' id='word_1_688' title='bbox 302 4976 573 5045; x_wconf 79' lang='grc' dir='ltr'><strong>πόλεμον,</strong></span> <span class='ocrx_word' id='word_1_689' title='bbox 605 4975 721 5029; x_wconf 79' lang='grc' dir='ltr'><strong>ἀλλ’</strong></span> <span class='ocrx_word' id='word_1_690' title='bbox 750 4976 898 5045; x_wconf 82' lang='grc' dir='ltr'><strong>αὑτῴ</strong></span> <span class='ocrx_word' id='word_1_691' title='bbox 918 4975 1018 5045; x_wconf 85' lang='grc' dir='ltr'><strong>τὴν</strong></span> <span class='ocrx_word' id='word_1_692' title='bbox 1053 4973 1339 5043; x_wconf 85' lang='grc' dir='ltr'><strong>Ῥωμαίων</strong></span> <span class='ocrx_word' id='word_1_693' title='bbox 1374 4974 1439 5027; x_wconf 79' lang='grc' dir='ltr'><strong>ἐκ</strong></span> <span class='ocrx_word' id='word_1_694' title='bbox 1463 4971 1665 5034; x_wconf 80' lang='grc' dir='ltr'><strong>παντὸς</strong></span> <span class='ocrx_word' id='word_1_695' title='bbox 1685 4971 1888 5041; x_wconf 85' lang='grc' dir='ltr'><strong>τρόπου</strong></span> 
     </span>
    </p>
   </div>
   <div class='ocr_carea' id='block_1_98' title="bbox 305 5052 1890 5140">
    <p class='ocr_par' dir='ltr' id='par_1_98' title="bbox 305 5052 1890 5140">
     <span class='ocr_line' id='line_1_98' title="bbox 305 5052 1890 5140; baseline -0.005 -17"><span class='ocrx_word' id='word_1_696' title='bbox 305 5068 777 5140; x_wconf 83' lang='grc' dir='ltr'><strong>περιποιούμενος</strong></span> <span class='ocrx_word' id='word_1_697' title='bbox 823 5068 1140 5140; x_wconf 79' lang='grc' dir='ltr'><strong>ἡγεμονίαν.</strong></span> <span class='ocrx_word' id='word_1_698' title='bbox 1195 5066 1425 5136; x_wconf 79' lang='grc' dir='ltr'><strong>Κράλης</strong></span> <span class='ocrx_word' id='word_1_699' title='bbox 1477 5052 1577 5135; x_wconf 80' lang='grc' dir='ltr'><strong>μὲν</strong></span> <span class='ocrx_word' id='word_1_700' title='bbox 1627 5060 1720 5118; x_wconf 79' lang='grc' dir='ltr'><strong>οὖν</strong></span> <span class='ocrx_word' id='word_1_701' title='bbox 1772 5061 1890 5133; x_wconf 78' lang='grc' dir='ltr'><strong>ἅμα</strong></span> 
     </span>
    </p>
   </div>
   <div class='ocr_carea' id='block_1_99' title="bbox 307 5158 1893 5238">
    <p class='ocr_par' dir='ltr' id='par_1_99' title="bbox 307 5158 1893 5238">
     <span class='ocr_line' id='line_1_99' title="bbox 307 5158 1893 5238; baseline -0.008 -17"><span class='ocrx_word' id='word_1_702' title='bbox 307 5165 531 5238; x_wconf 85' lang='grc' dir='ltr'><strong>βασιλεῖ</strong></span> <span class='ocrx_word' id='word_1_703' title='bbox 565 5163 642 5234; x_wconf 79' lang='grc' dir='ltr'><strong>τῷ</strong></span> <span class='ocrx_word' id='word_1_704' title='bbox 682 5160 1124 5231; x_wconf 77' lang='grc' dir='ltr'><strong>Καντακουζηνῷ</strong></span> <span class='ocrx_word' id='word_1_705' title='bbox 1162 5160 1220 5212; x_wconf 81' lang='grc' dir='ltr'><strong>ὲν</strong></span> <span class='ocrx_word' id='word_1_706' title='bbox 1260 5160 1374 5218; x_wconf 84' lang='grc' dir='ltr'><strong>τοῖς</strong></span> <span class='ocrx_word' id='word_1_707' title='bbox 1431 5158 1721 5228; x_wconf 79' lang='grc' dir='ltr'><strong>’Δλμυροῖς</strong></span> <span class='ocrx_word' id='word_1_708' title='bbox 1754 5172 1893 5228; x_wconf 82' lang='grc' dir='ltr'><strong>προ-</strong></span> 
     </span>
    </p>
   </div>
   <div class='ocr_carea' id='block_1_100' title="bbox 306 5245 1894 5331">
    <p class='ocr_par' dir='ltr' id='par_1_100' title="bbox 306 5245 1894 5331">
     <span class='ocr_line' id='line_1_100' title="bbox 306 5245 1894 5331; baseline -0.009 -18"><span class='ocrx_word' id='word_1_709' title='bbox 306 5258 775 5331; x_wconf 84' lang='grc' dir='ltr'><strong>σαγορευομένοις</strong></span> <span class='ocrx_word' id='word_1_710' title='bbox 804 5256 1028 5316; x_wconf 84' lang='grc' dir='ltr'><strong>λάκκοις</strong></span> <span class='ocrx_word' id='word_1_711' title='bbox 1048 5249 1544 5322; x_wconf 72' lang='grc' dir='ltr'><strong>ἐστρατοπεδεύετο</strong></span> <span class='ocrx_word' id='word_1_712' title='bbox 1577 5246 1772 5312; x_wconf 64' lang='grc' dir='ltr'><strong>ἐλθὼν,</strong></span> <span class='ocrx_word' id='word_1_713' title='bbox 1797 5245 1894 5300; x_wconf 82' lang='grc' dir='ltr'><strong>καὶ</strong></span> 
     </span>
    </p>
   </div>
   <div class='ocr_carea' id='block_1_101' title="bbox 308 5339 1894 5422">
    <p class='ocr_par' dir='ltr' id='par_1_101' title="bbox 308 5339 1894 5422">
     <span class='ocr_line' id='line_1_101' title="bbox 308 5339 1894 5422; baseline -0.009 -16"><span class='ocrx_word' id='word_1_714' title='bbox 308 5352 618 5422; x_wconf 83' lang='grc' dir='ltr'><strong>περιέμενε</strong></span> <span class='ocrx_word' id='word_1_715' title='bbox 669 5350 760 5403; x_wconf 71' lang='grc' dir='ltr'><strong>τὸν</strong></span> <span class='ocrx_word' id='word_1_716' title='bbox 804 5350 886 5410; x_wconf 87' lang='grc' dir='ltr'><strong>είς</strong></span> <span class='ocrx_word' id='word_1_717' title='bbox 914 5343 1249 5416; x_wconf 77' lang='grc' dir='ltr'><strong>’Δμφίπολιν</strong></span> <span class='ocrx_word' id='word_1_718' title='bbox 1290 5344 1385 5397; x_wconf 74' lang='grc' dir='ltr'><strong>τοῦ</strong></span> <span class='ocrx_word' id='word_1_719' title='bbox 1429 5340 1668 5412; x_wconf 74' lang='grc' dir='ltr'><strong>μεγάλου</strong></span> <span class='ocrx_word' id='word_1_720' title='bbox 1701 5339 1894 5401; x_wconf 79' lang='grc' dir='ltr'><strong>δουκὸς</strong></span> 
     </span>
    </p>
   </div>
   <div class='ocr_carea' id='block_1_102' title="bbox 305 5430 1894 5505">
    <p class='ocr_par' dir='ltr' id='par_1_102' title="bbox 305 5430 1894 5505">
     <span class='ocr_line' id='line_1_102' title="bbox 305 5430 1894 5505; baseline -0.009 -7"><span class='ocrx_word' id='word_1_721' title='bbox 305 5442 637 5498; x_wconf 82' lang='grc' dir='ltr'><strong>κατάπλουν</strong></span> <span class='ocrx_word' id='word_1_722' title='bbox 662 5439 737 5504; x_wconf 83' lang='grc' dir='ltr'><strong>ὡς</strong></span> <span class='ocrx_word' id='word_1_723' title='bbox 767 5441 945 5494; x_wconf 74' lang='grc' dir='ltr'><strong>ἐκεῖσε</strong></span> <span class='ocrx_word' id='word_1_724' title='bbox 973 5437 1351 5505; x_wconf 79' lang='grc' dir='ltr'><strong>συνεσόμενος.</strong></span> <span class='ocrx_word' id='word_1_725' title='bbox 1392 5434 1480 5488; x_wconf 85' lang='grc' dir='ltr'><strong>Ἐν</strong></span> <span class='ocrx_word' id='word_1_726' title='bbox 1512 5431 1791 5497; x_wconf 78' lang='grc' dir='ltr'><strong>Βυζαντίῳ</strong></span> <span class='ocrx_word' id='word_1_727' title='bbox 1836 5430 1894 5483; x_wconf 76' lang='grc' dir='ltr'><strong>δὲ</strong></span> 
     </span>
    </p>
   </div>
   <div class='ocr_carea' id='block_1_103' title="bbox 304 5522 1896 5608">
    <p class='ocr_par' dir='ltr' id='par_1_103' title="bbox 304 5522 1896 5608">
     <span class='ocr_line' id='line_1_103' title="bbox 304 5522 1896 5608; baseline -0.01 -18"><span class='ocrx_word' id='word_1_728' title='bbox 304 5538 366 5590; x_wconf 76' lang='lat' dir='ltr'><strong>oi</strong></span> <span class='ocrx_word' id='word_1_729' title='bbox 398 5536 503 5608; x_wconf 79' lang='grc' dir='ltr'><strong>μὲν</strong></span> <span class='ocrx_word' id='word_1_730' title='bbox 526 5535 676 5590; x_wconf 76' lang='grc' dir='ltr'><strong>ἄλλοι</strong></span> <span class='ocrx_word' id='word_1_731' title='bbox 700 5534 809 5587; x_wconf 84' lang='grc' dir='ltr'><strong>τῶν</strong></span> <span class='ocrx_word' id='word_1_732' title='bbox 833 5530 1235 5601; x_wconf 83' lang='grc' dir='ltr'><strong>εὐγενεστέρων</strong></span> <span class='ocrx_word' id='word_1_733' title='bbox 1263 5526 1358 5581; x_wconf 76' lang='grc' dir='ltr'><strong>καὶ</strong></span> <span class='ocrx_word' id='word_1_734' title='bbox 1380 5526 1615 5595; x_wconf 83' lang='grc' dir='ltr'><strong>μάλιστα</strong></span> <span class='ocrx_word' id='word_1_735' title='bbox 1645 5526 1703 5576; x_wconf 76' lang='grc' dir='ltr'><strong>ὲν</strong></span> <span class='ocrx_word' id='word_1_736' title='bbox 1731 5522 1896 5592; x_wconf 84' lang='grc' dir='ltr'><strong>λόγῳ,</strong></span> 
     </span>
    </p>
   </div>
   <div class='ocr_carea' id='block_1_104' title="bbox 305 5613 1898 5703">
    <p class='ocr_par' dir='ltr' id='par_1_104' title="bbox 305 5613 1898 5703">
     <span class='ocr_line' id='line_1_104' title="bbox 305 5613 1898 5703; baseline -0.011 -19"><span class='ocrx_word' id='word_1_737' title='bbox 305 5626 888 5703; x_wconf 71' lang='grc' dir='ltr'><strong>Καντακουζηνισμδν</strong></span> <span class='ocrx_word' id='word_1_738' title='bbox 925 5625 1030 5677; x_wconf 74' lang='grc' dir='ltr'><strong>ὑπὸ</strong></span> <span class='ocrx_word' id='word_1_739' title='bbox 1071 5621 1312 5694; x_wconf 76' lang='grc' dir='ltr'><strong>μεγάλου</strong></span> <span class='ocrx_word' id='word_1_740' title='bbox 1347 5617 1535 5680; x_wconf 70' lang='grc' dir='ltr'><strong>δουκὺς</strong></span> <span class='ocrx_word' id='word_1_741' title='bbox 1568 5613 1898 5699; x_wconf 64' lang='grc' dir='ltr'><strong>ἐπικληθέν-</strong></span> 
     </span>
    </p>
   </div>
   <div class='ocr_carea' id='block_1_105' title="bbox 302 5705 1899 5793">
    <p class='ocr_par' dir='ltr' id='par_1_105' title="bbox 302 5705 1899 5793">
     <span class='ocr_line' id='line_1_105' title="bbox 302 5705 1899 5793; baseline -0.011 -15"><span class='ocrx_word' id='word_1_742' title='bbox 302 5738 433 5791; x_wconf 65' lang='grc' dir='ltr'><strong>τες,</strong></span> <span class='ocrx_word' id='word_1_743' title='bbox 464 5720 819 5793; x_wconf 73' lang='grc' dir='ltr'><strong>δεσμωτήρια</strong></span> <span class='ocrx_word' id='word_1_744' title='bbox 843 5736 902 5774; x_wconf 85' lang='grc' dir='ltr'><strong>τε</strong></span> <span class='ocrx_word' id='word_1_745' title='bbox 938 5718 1137 5790; x_wconf 71' lang='grc' dir='ltr'><strong>ᾤκουν,</strong></span> <span class='ocrx_word' id='word_1_746' title='bbox 1172 5715 1265 5771; x_wconf 62' lang='grc' dir='ltr'><strong>κοιλ⁸</strong></span> <span class='ocrx_word' id='word_1_747' title='bbox 1309 5710 1566 5783; x_wconf 64' lang='grc' dir='ltr'><strong>οὐδεμιᾶς</strong></span> <span class='ocrx_word' id='word_1_748' title='bbox 1610 5705 1899 5778; x_wconf 77' lang='grc' dir='ltr'><strong>ἀπείρατοι</strong></span> 
     </span>
    </p>
   </div>
   <div class='ocr_carea' id='block_1_106' title="bbox 1991 4486 3566 4580">
    <p class='ocr_par' dir='ltr' id='par_1_106' title="bbox 1991 4486 3566 4580">
     <span class='ocr_line' id='line_1_106' title="bbox 1991 4486 3566 4580; baseline -0.022 -7"><span class='ocrx_word' id='word_1_749' title='bbox 1991 4486 2085 4574; x_wconf 68' lang='lat' dir='ltr'><strong>sos</strong></span> <span class='ocrx_word' id='word_1_750' title='bbox 2128 4515 2309 4580; x_wconf 83' lang='lat' dir='ltr'><strong>lacus,</strong></span> <span class='ocrx_word' id='word_1_751' title='bbox 2362 4518 2424 4565; x_wconf 90' lang='lat' dir='ltr'><strong>ut</strong></span> <span class='ocrx_word' id='word_1_752' title='bbox 2462 4503 2831 4576; x_wconf 88' lang='lat' dir='ltr'><strong>appellantur,</strong></span> <span class='ocrx_word' id='word_1_753' title='bbox 2882 4496 3131 4555; x_wconf 81' lang='lat' dir='ltr'><strong>veniens,</strong></span> <span class='ocrx_word' id='word_1_754' title='bbox 3181 4498 3365 4551; x_wconf 83' lang='lat' dir='ltr'><strong>castra</strong></span> <span class='ocrx_word' id='word_1_755' title='bbox 3415 4486 3566 4550; x_wconf 81' lang='lat' dir='ltr'><strong>facit,</strong></span> 
     </span>
    </p>
   </div>
   <div class='ocr_carea' id='block_1_107' title="bbox 1993 4576 3569 4676">
    <p class='ocr_par' dir='ltr' id='par_1_107' title="bbox 1993 4576 3569 4676">
     <span class='ocr_line' id='line_1_107' title="bbox 1993 4576 3569 4676; baseline -0.019 -15"><span class='ocrx_word' id='word_1_756' title='bbox 1993 4604 2177 4676; x_wconf 86' lang='lat' dir='ltr'><strong>magni</strong></span> <span class='ocrx_word' id='word_1_757' title='bbox 2204 4576 2364 4657; x_wconf 82' lang='lat' dir='ltr'><strong>ducis</strong></span> <span class='ocrx_word' id='word_1_758' title='bbox 2393 4595 2684 4668; x_wconf 88' lang='lat' dir='ltr'><strong>appulsum</strong></span> <span class='ocrx_word' id='word_1_759' title='bbox 2712 4591 2782 4646; x_wconf 90' lang='lat' dir='ltr'><strong>ad</strong></span> <span class='ocrx_word' id='word_1_760' title='bbox 2814 4582 3213 4658; x_wconf 86' lang='lat' dir='ltr'><strong>Amphipolim,</strong></span> <span class='ocrx_word' id='word_1_761' title='bbox 3238 4589 3308 4634; x_wconf 90' lang='lat' dir='ltr'><strong>ut.</strong></span> <span class='ocrx_word' id='word_1_762' title='bbox 3334 4576 3410 4634; x_wconf 87' lang='lat' dir='ltr'><strong>ibi</strong></span> <span class='ocrx_word' id='word_1_763' title='bbox 3440 4593 3569 4676; x_wconf 72' lang='lat' dir='ltr'><strong>eum</strong></span> 
     </span>
    </p>
   </div>
   <div class='ocr_carea' id='block_1_108' title="bbox 1994 4669 3571 4759">
    <p class='ocr_par' dir='ltr' id='par_1_108' title="bbox 1994 4669 3571 4759">
     <span class='ocr_line' id='line_1_108' title="bbox 1994 4669 3571 4759; baseline -0.019 -5"><span class='ocrx_word' id='word_1_764' title='bbox 1994 4669 2389 4758; x_wconf 42' lang='lat' dir='ltr'><strong>con&#39;venturus,</strong></span> <span class='ocrx_word' id='word_1_765' title='bbox 2431 4693 2782 4759; x_wconf 83' lang='lat' dir='ltr'><strong>exspectans.</strong></span> <span class='ocrx_word' id='word_1_766' title='bbox 2838 4680 3004 4753; x_wconf 73' lang='lat'><strong>529</strong></span> <span class='ocrx_word' id='word_1_767' title='bbox 3040 4673 3286 4748; x_wconf 82' lang='lat' dir='ltr'><strong>Byzantii</strong></span> <span class='ocrx_word' id='word_1_768' title='bbox 3314 4687 3447 4727; x_wconf 89' lang='lat' dir='ltr'><strong>vero</strong></span> <span class='ocrx_word' id='word_1_769' title='bbox 3476 4669 3571 4759; x_wconf 77' lang='lat' dir='ltr'><strong>alii</strong></span> 
     </span>
    </p>
   </div>
   <div class='ocr_carea' id='block_1_109' title="bbox 1994 4752 3571 4844">
    <p class='ocr_par' dir='ltr' id='par_1_109' title="bbox 1994 4752 3571 4844">
     <span class='ocr_line' id='line_1_109' title="bbox 1994 4752 3571 4844; baseline -0.02 1"><span class='ocrx_word' id='word_1_770' title='bbox 1994 4789 2065 4844; x_wconf 91' lang='lat' dir='ltr'><strong>de</strong></span> <span class='ocrx_word' id='word_1_771' title='bbox 2122 4783 2411 4841; x_wconf 90' lang='lat' dir='ltr'><strong>nobilitate</strong></span> <span class='ocrx_word' id='word_1_772' title='bbox 2444 4789 2503 4835; x_wconf 91' lang='lat' dir='ltr'><strong>et</strong></span> <span class='ocrx_word' id='word_1_773' title='bbox 2534 4776 2639 4832; x_wconf 86' lang='lat' dir='ltr'><strong>viri</strong></span> <span class='ocrx_word' id='word_1_774' title='bbox 2689 4752 3101 4831; x_wconf 85' lang='lat' dir='ltr'><strong>honoratissimi</strong></span> <span class='ocrx_word' id='word_1_775' title='bbox 3129 4784 3160 4823; x_wconf 91' lang='lat' dir='ltr'><strong>a</strong></span> <span class='ocrx_word' id='word_1_776' title='bbox 3191 4779 3389 4837; x_wconf 84' lang='lat' dir='ltr'><strong>magno</strong></span> <span class='ocrx_word' id='word_1_777' title='bbox 3430 4752 3571 4817; x_wconf 82' lang='lat' dir='ltr'><strong>duce</strong></span> 
     </span>
    </p>
   </div>
   <div class='ocr_carea' id='block_1_110' title="bbox 1993 4856 3568 4940">
    <p class='ocr_par' dir='ltr' id='par_1_110' title="bbox 1993 4856 3568 4940">
     <span class='ocr_line' id='line_1_110' title="bbox 1993 4856 3568 4940; baseline -0.019 -6"><span class='ocrx_word' id='word_1_778' title='bbox 1993 4870 2471 4935; x_wconf 83' lang='lat' dir='ltr'><strong>Cantacuzenismi</strong></span> <span class='ocrx_word' id='word_1_779' title='bbox 2512 4866 2798 4940; x_wconf 87' lang='lat' dir='ltr'><strong>postulati,</strong></span> <span class='ocrx_word' id='word_1_780' title='bbox 2836 4863 3152 4921; x_wconf 82' lang='lat' dir='ltr'><strong>carceribus</strong></span> <span class='ocrx_word' id='word_1_781' title='bbox 3215 4856 3568 4915; x_wconf 77' lang='lat' dir='ltr'><strong>tenebantur,</strong></span> 
     </span>
    </p>
   </div>
   <div class='ocr_carea' id='block_1_111' title="bbox 1994 4942 3571 5030">
    <p class='ocr_par' dir='ltr' id='par_1_111' title="bbox 1994 4942 3571 5030">
     <span class='ocr_line' id='line_1_111' title="bbox 1994 4942 3571 5030; baseline -0.016 -3"><span class='ocrx_word' id='word_1_782' title='bbox 1994 4980 2047 5028; x_wconf 89' lang='lat' dir='ltr'><strong>et</strong></span> <span class='ocrx_word' id='word_1_783' title='bbox 2076 4965 2443 5025; x_wconf 88' lang='lat' dir='ltr'><strong>incommodis</strong></span> <span class='ocrx_word' id='word_1_784' title='bbox 2477 4960 2816 5018; x_wconf 82' lang='lat' dir='ltr'><strong>vexabantur</strong></span> <span class='ocrx_word' id='word_1_785' title='bbox 2837 4956 3118 5030; x_wconf 69' lang='lat' dir='ltr'><strong>omnibus.</strong></span> <span class='ocrx_word' id='word_1_786' title='bbox 3161 4950 3267 5017; x_wconf 84' lang='lat' dir='ltr'><strong>Qui</strong></span> <span class='ocrx_word' id='word_1_787' title='bbox 3295 4956 3479 5001; x_wconf 88' lang='lat' dir='ltr'><strong>autem</strong></span> <span class='ocrx_word' id='word_1_788' title='bbox 3502 4942 3571 5001; x_wconf 77' lang='lat' dir='ltr'><strong>ad</strong></span> 
     </span>
    </p>
   </div>
   <div class='ocr_carea' id='block_1_112' title="bbox 1996 5042 3577 5130">
    <p class='ocr_par' dir='ltr' id='par_1_112' title="bbox 1996 5042 3577 5130">
     <span class='ocr_line' id='line_1_112' title="bbox 1996 5042 3577 5130; baseline -0.019 -12"><span class='ocrx_word' id='word_1_789' title='bbox 1996 5061 2205 5118; x_wconf 88' lang='lat' dir='ltr'><strong>bellum</strong></span> <span class='ocrx_word' id='word_1_790' title='bbox 2235 5060 2286 5115; x_wconf 91' lang='lat' dir='ltr'><strong>ei</strong></span> <span class='ocrx_word' id='word_1_791' title='bbox 2312 5059 2630 5130; x_wconf 84' lang='lat' dir='ltr'><strong>adjumento</strong></span> <span class='ocrx_word' id='word_1_792' title='bbox 2661 5053 2900 5113; x_wconf 83' lang='lat' dir='ltr'><strong>fuerant.</strong></span> <span class='ocrx_word' id='word_1_793' title='bbox 2938 5048 3145 5117; x_wconf 86' lang='lat' dir='ltr'><strong>quique</strong></span> <span class='ocrx_word' id='word_1_794' title='bbox 3176 5042 3577 5130; x_wconf 31' lang='lat' dir='ltr'><strong>faciebanttut</strong></span> 
     </span>
    </p>
   </div>
   <div class='ocr_carea' id='block_1_113' title="bbox 2000 5121 3574 5216">
    <p class='ocr_par' dir='ltr' id='par_1_113' title="bbox 2000 5121 3574 5216">
     <span class='ocr_line' id='line_1_113' title="bbox 2000 5121 3574 5216; baseline -0.02 -11"><span class='ocrx_word' id='word_1_795' title='bbox 2000 5149 2255 5205; x_wconf 88' lang='lat' dir='ltr'><strong>crederet</strong></span> <span class='ocrx_word' id='word_1_796' title='bbox 2313 5121 2660 5216; x_wconf 47' lang='lat' dir='ltr'><strong>im&#39;peratrix,</strong></span> <span class='ocrx_word' id='word_1_797' title='bbox 2709 5140 3153 5195; x_wconf 82' lang='lat' dir='ltr'><strong>Cantacuzenum</strong></span> <span class='ocrx_word' id='word_1_798' title='bbox 3214 5127 3321 5182; x_wconf 89' lang='lat' dir='ltr'><strong>sibi</strong></span> <span class='ocrx_word' id='word_1_799' title='bbox 3388 5121 3574 5179; x_wconf 85' lang='lat' dir='ltr'><strong>moliri</strong></span> 
     </span>
    </p>
   </div>
   <div class='ocr_carea' id='block_1_114' title="bbox 1998 5216 3576 5304">
    <p class='ocr_par' dir='ltr' id='par_1_114' title="bbox 1998 5216 3576 5304">
     <span class='ocr_line' id='line_1_114' title="bbox 1998 5216 3576 5304; baseline -0.02 -8"><span class='ocrx_word' id='word_1_800' title='bbox 1998 5240 2247 5304; x_wconf 90' lang='lat' dir='ltr'><strong>insidias,</strong></span> <span class='ocrx_word' id='word_1_801' title='bbox 2279 5249 2471 5293; x_wconf 88' lang='lat' dir='ltr'><strong>eorum</strong></span> <span class='ocrx_word' id='word_1_802' title='bbox 2513 5231 2711 5304; x_wconf 89' lang='lat' dir='ltr'><strong>partim</strong></span> <span class='ocrx_word' id='word_1_803' title='bbox 2742 5224 3090 5282; x_wconf 82' lang='lat' dir='ltr'><strong>mediocriter</strong></span> <span class='ocrx_word' id='word_1_804' title='bbox 3133 5216 3416 5290; x_wconf 89' lang='lat' dir='ltr'><strong>tangebat,</strong></span> <span class='ocrx_word' id='word_1_805' title='bbox 3454 5221 3511 5268; x_wconf 89' lang='lat' dir='ltr'><strong>et</strong></span> <span class='ocrx_word' id='word_1_806' title='bbox 3543 5226 3576 5265; x_wconf 86' lang='lat' dir='ltr'><strong>a</strong></span> 
     </span>
    </p>
   </div>
   <div class='ocr_carea' id='block_1_115' title="bbox 2000 5306 3575 5405">
    <p class='ocr_par' dir='ltr' id='par_1_115' title="bbox 2000 5306 3575 5405">
     <span class='ocr_line' id='line_1_115' title="bbox 2000 5306 3575 5405; baseline -0.02 -15"><span class='ocrx_word' id='word_1_807' title='bbox 2000 5328 2393 5405; x_wconf 63' lang='lat' dir='ltr'><strong>gubernaculis</strong></span> <span class='ocrx_word' id='word_1_808' title='bbox 2441 5323 2759 5398; x_wconf 80' lang='lat' dir='ltr'><strong>dejicicbat,</strong></span> <span class='ocrx_word' id='word_1_809' title='bbox 2787 5318 2902 5373; x_wconf 84' lang='lat' dir='ltr'><strong>litis</strong></span> <span class='ocrx_word' id='word_1_810' title='bbox 2935 5324 3125 5371; x_wconf 88' lang='lat' dir='ltr'><strong>contra</strong></span> <span class='ocrx_word' id='word_1_811' title='bbox 3173 5310 3233 5367; x_wconf 73' lang='lat' dir='ltr'><strong>s‘e</strong></span> <span class='ocrx_word' id='word_1_812' title='bbox 3284 5306 3575 5364; x_wconf 86' lang='lat' dir='ltr'><strong>materiam</strong></span> 
     </span>
    </p>
   </div>
   <div class='ocr_carea' id='block_1_116' title="bbox 2002 5402 3578 5484">
    <p class='ocr_par' dir='ltr' id='par_1_116' title="bbox 2002 5402 3578 5484">
     <span class='ocr_line' id='line_1_116' title="bbox 2002 5402 3578 5484; baseline -0.02 -3"><span class='ocrx_word' id='word_1_813' title='bbox 2002 5402 2455 5484; x_wconf 71' lang='lat' dir='ltr'><strong>subministrans,</strong></span> <span class='ocrx_word' id='word_1_814' title='bbox 2508 5425 2569 5471; x_wconf 89' lang='lat' dir='ltr'><strong>ut</strong></span> <span class='ocrx_word' id='word_1_815' title='bbox 2619 5426 2744 5469; x_wconf 86' lang='lat' dir='ltr'><strong>cum</strong></span> <span class='ocrx_word' id='word_1_816' title='bbox 2801 5407 2927 5463; x_wconf 88' lang='lat' dir='ltr'><strong>illos</strong></span> <span class='ocrx_word' id='word_1_817' title='bbox 2985 5402 3337 5474; x_wconf 84' lang='lat' dir='ltr'><strong>perdidisset,</strong></span> <span class='ocrx_word' id='word_1_818' title='bbox 3385 5411 3578 5467; x_wconf 75' lang='lat' dir='ltr'><strong>repre—</strong></span> 
     </span>
    </p>
   </div>
   <div class='ocr_carea' id='block_1_117' title="bbox 2002 5493 3573 5574">
    <p class='ocr_par' dir='ltr' id='par_1_117' title="bbox 2002 5493 3573 5574">
     <span class='ocr_line' id='line_1_117' title="bbox 2002 5493 3573 5574; baseline -0.02 -1"><span class='ocrx_word' id='word_1_819' title='bbox 2002 5515 2275 5572; x_wconf 89' lang='lat' dir='ltr'><strong>hensione</strong></span> <span class='ocrx_word' id='word_1_820' title='bbox 2313 5516 2549 5571; x_wconf 86' lang='lat' dir='ltr'><strong>careret,</strong></span> <span class='ocrx_word' id='word_1_821' title='bbox 2578 5502 2738 5574; x_wconf 89' lang='lat' dir='ltr'><strong>quasi</strong></span> <span class='ocrx_word' id='word_1_822' title='bbox 2770 5502 2919 5574; x_wconf 89' lang='lat' dir='ltr'><strong>justc</strong></span> <span class='ocrx_word' id='word_1_823' title='bbox 2946 5502 3043 5550; x_wconf 83' lang='lat' dir='ltr'><strong>eos</strong></span> <span class='ocrx_word' id='word_1_824' title='bbox 3073 5493 3403 5566; x_wconf 88' lang='lat' dir='ltr'><strong>punivisset,</strong></span> <span class='ocrx_word' id='word_1_825' title='bbox 3447 5504 3573 5543; x_wconf 88' lang='lat' dir='ltr'><strong>cum</strong></span> 
     </span>
    </p>
   </div>
   <div class='ocr_carea' id='block_1_118' title="bbox 2003 5581 3578 5665">
    <p class='ocr_par' dir='ltr' id='par_1_118' title="bbox 2003 5581 3578 5665">
     <span class='ocr_line' id='line_1_118' title="bbox 2003 5581 3578 5665; baseline -0.018 -1"><span class='ocrx_word' id='word_1_826' title='bbox 2003 5607 2106 5664; x_wconf 89' lang='lat' dir='ltr'><strong>sibi</strong></span> <span class='ocrx_word' id='word_1_827' title='bbox 2137 5605 2279 5665; x_wconf 87' lang='lat' dir='ltr'><strong>male</strong></span> <span class='ocrx_word' id='word_1_828' title='bbox 2310 5598 2631 5658; x_wconf 87' lang='lat' dir='ltr'><strong>voluissent.</strong></span> <span class='ocrx_word' id='word_1_829' title='bbox 2676 5594 2809 5662; x_wconf 80' lang='lat' dir='ltr'><strong>Quae</strong></span> <span class='ocrx_word' id='word_1_830' title='bbox 2846 5600 2903 5648; x_wconf 91' lang='lat' dir='ltr'><strong>et</strong></span> <span class='ocrx_word' id='word_1_831' title='bbox 2932 5590 3037 5660; x_wconf 86' lang='lat' dir='ltr'><strong>ipsi</strong></span> <span class='ocrx_word' id='word_1_832' title='bbox 3068 5592 3382 5648; x_wconf 86' lang='lat' dir='ltr'><strong>cernentes,</strong></span> <span class='ocrx_word' id='word_1_833' title='bbox 3408 5581 3578 5637; x_wconf 55' lang='lat' dir='ltr'><strong>male.</strong></span> 
     </span>
    </p>
   </div>
   <div class='ocr_carea' id='block_1_119' title="bbox 2005 5674 3577 5772">
    <p class='ocr_par' dir='ltr' id='par_1_119' title="bbox 2005 5674 3577 5772">
     <span class='ocr_line' id='line_1_119' title="bbox 2005 5674 3577 5772; baseline -0.015 -15"><span class='ocrx_word' id='word_1_834' title='bbox 2005 5714 2114 5772; x_wconf 92' lang='lat' dir='ltr'><strong>que</strong></span> <span class='ocrx_word' id='word_1_835' title='bbox 2150 5698 2263 5770; x_wconf 90' lang='lat' dir='ltr'><strong>jam</strong></span> <span class='ocrx_word' id='word_1_836' title='bbox 2308 5695 2361 5749; x_wconf 89' lang='lat' dir='ltr'><strong>in</strong></span> <span class='ocrx_word' id='word_1_837' title='bbox 2398 5690 2645 5745; x_wconf 72' lang='lat' dir='ltr'><strong>futtrum</strong></span> <span class='ocrx_word' id='word_1_838' title='bbox 2682 5687 3014 5753; x_wconf 78' lang='lat' dir='ltr'><strong>ontinantes,</strong></span> <span class='ocrx_word' id='word_1_839' title='bbox 3047 5680 3152 5738; x_wconf 86' lang='lat' dir='ltr'><strong>sibi</strong></span> <span class='ocrx_word' id='word_1_840' title='bbox 3189 5678 3319 5751; x_wconf 86' lang='lat' dir='ltr'><strong>ipsis</strong></span> <span class='ocrx_word' id='word_1_841' title='bbox 3373 5682 3429 5731; x_wconf 86' lang='lat' dir='ltr'><strong>et</strong></span> <span class='ocrx_word' id='word_1_842' title='bbox 3454 5674 3577 5734; x_wconf 70' lang='lat' dir='ltr'><strong>aliis</strong></span> 
     </span>
    </p>
   </div>
  </div>
