3998 6204
550 313 688 380 1025

1711 315 2030 376 JOANNIS
2067 316 2599 379 CANTACUZENI

3572 321 3676 383 ιιισ

550 412 805 501 ingentes
847 440 1066 482 creasse
1094 426 1439 480 calamitates
1469 424 1849 495 intelligebaut
1882 441 1894 476 :
1920 425 2116 494 juvare

2238 427 2606 497 ιακοπραγίας
2628 419 2790 494 ἦσαν.
2822 422 2944 477 Τῶν
2971 421 3027 476 ἃ
3055 420 3201 491 αὐτῷ
3223 425 3559 493 συναραμένων
3577 432 3681 498 πρὸς

549 528 733 574 autem
772 526 968 581 semet,
998 530 1197 588 magno
1233 515 1375 572 duce
1404 516 1585 571 omnia
1611 515 1724 585 jam
1768 529 1872 569 suo
1930 513 2113 569 domi-

546 620 681 665 natu
724 617 965 675 tenente,
998 625 1109 664 non
1167 616 1442 679 poterant.
1510 607 1782 664 Caeterum
1843 605 2111 676 Georgius

547 701 859 769 Chumnus,
890 715 1121 769 magnus
1176 699 1649 768 stratopedarcha,
1685 714 1831 753 unus
1874 698 1943 754 de
1982 698 2112 753 belli

548 790 892 857 auctoribus,
925 791 993 845 ad
1025 791 1423 860 impcratrieem
1472 789 1687 850 adiens.
1726 793 1982 860 magnum
2013 795 2116 844 du-

548 896 669 936 cem
696 881 835 936 clam
865 881 1166 947 accusavit,
1194 880 1288 950 qui
1322 895 1456 950 opes
1488 879 1803 951 reipublicae
1847 880 2117 935 inutiliter

548 971 862 1042 dissiparet,
885 980 938 1026 et
958 972 1023 1026 ad
1048 971 1540 1039 bellum_terrestre
1569 971 1797 1027 classem
1825 970 1962 1025 nihil
1987 985 2115 1040 pro-

548 1063 790 1118 futuram
824 1062 1145 1118 instrueret.
1197 1063 1298 1130 Qui
1339 1064 1489 1119 enim
1519 1064 1712 1119 classis
1745 1072 1940 1118 contra
1975 1063 2118 1118 Cau-

442 1178 455 1188 ~
546 1163 879 1209 tacuzenum
931 1168 1054 1208 cum
1105 1158 1249 1225 apud
1288 1154 1562 1210 Triballos
1608 1161 1944 1219 manentem,
2002 1159 2143 1208 tum’

546 1242 989 1315 Didymoticbum
1020 1248 1213 1301 urbem
1254 1247 1446 1316 procul
1484 1261 1515 1301 a
1542 1246 1677 1302 mari
1707 1255 1970 1302 semotam
2018 1245 2118 1300 ob-

548 1333 815 1389 tinentem
865 1335 1197 1391 dimicaret?
1245 1336 1418 1390 Dabat
1461 1336 1649 1406 itaque
1703 1336 2014 1399 consilium,
2061 1345 2121 1391 ut

551 1426 820 1493 impensis
878 1426 1241 1481 infructuosis
1291 1427 1684 1490 abstineretur,
1738 1436 1793 1482 et
1841 1427 2120 1497 excogita-

549 1528 705 1571 retur
732 1517 1011 1587 quidpiam
1030 1540 1057 1581 ,-
1073 1517 1223 1588 quod
1258 1519 1324 1572 ad
1370 1519 1538 1573 totius
1568 1518 1885 1589 reipublicae
1910 1518 2120 1573 emolu-

551 1612 797 1657 mentum
827 1604 1199 1660 redundaret:
1231 1604 1285 1658 id
1312 1620 1434 1661 esse
1463 1621 1650 1676 pacem
1678 1618 1732 1662 et
1762 1605 1939 1661 lendus
1997 1621 2120 1660 cum

549 1687 961 1754 Cantacuzeno,
997 1690 1145 1760 quod
1178 1691 1474 1746 utilitatem
1504 1708 1776 1747 summam
1813 1692 2119 1762 pollicere—

552 1788 667 1834 tur.
702 1779 836 1834 Tam
862 1781 1184 1851 importuno
1222 1798 1460 1854 namque
1487 1785 1634 1839 bello
1663 1787 1930 1839 adversus
1966 1785 2118 1839 illum

555 1873 846 1938 suscitato,
883 1873 1087 1942 inquit,
1119 1886 1175 1931 et
1206 1874 1613 1931 studiosissime
1643 1877 1796 1933 illato
1836 1877 1975 1931 nihil
2025 1893 2123 1933 nos

553 1962 876 2032 profecisse,
904 1966 999 2019 sed
1031 1980 1158 2020 eum
1203 1968 1384 2021 damni
1416 1978 1699 2037 expertem
1732 1966 1877 2036 apud
1907 1965 2126 2022 Tribal-

554 2055 735 2109 lornm
774 2056 1080 2127 principem
1114 2058 1295 2112 adhuc
1337 2058 1569 2124 haerere,
1602 2073 1833 2128 esseque
1860 2058 1916 2111 in
1953 2057 2124 2112 multa

556 2146 729 2215 gratia
765 2163 779 2198 :
815 2158 871 2201 et
904 2148 1207 2203 exercitum
1254 2148 1554 2213 conscribi,
1585 2150 1834 2219 quicum,
1870 2157 1929 2203 ut
1973 2148 2128 2203 audi-

562 2251 707 2302 mus,
746 2237 1186 2308 Didymoticbum
1224 2237 1533 2294 revertatur
1562 2256 1573 2292 :
1600 2248 1656 2294 et
1688 2239 2129 2310 Didymoticben-
2182 2242 2207 2257 "

564 2342 655 2382 ses
680 2324 753 2384 de
780 2330 963 2386 animo
985 2346 1114 2402 erga
1144 2332 1299 2386 illum
1327 2348 1428 2386 suo
1456 2332 1593 2387 nihil
1616 2331 1917 2396 remittere,
1951 2347 2126 2401 neque

558 2422 704 2476 bello
749 2431 860 2476 tum
907 2425 1222 2495 propinquo
1252 2426 1508 2491 cruciari,
1544 2426 1638 2482 sed
1667 2428 1851 2497 potius
1877 2425 2128 2482 Thracia:

562 2514 790 2571 urbibus
833 2518 1101 2574 universis
1146 2534 1348 2575 nocere
1409 2521 1674 2576 immitius
1709 2536 1874 2591 quam
1926 2520 2131 2575 Cerbe-

558 2625 704 2673 rum,
725 2611 911 2665 omnia
935 2610 1334 2680 depraedantes,
1361 2609 1718 2684 funditusque
1748 2614 2125 2669 devastantes:

558 2701 676 2756 haec
710 2702 843 2757 mihi
868 2717 1212 2774 nequaquam
1240 2719 1271 2758 e
1306 2719 1363 2758 re
1395 2715 1608 2771 nostra,
1650 2720 1825 2775 neque
1868 2706 1923 2758 in
1965 2704 2127 2759 linem

559 2793 764 2846 bonum
808 2793 1056 2849 desitura
1114 2793 1393 2849 videntur.
1427 2794 1605 2861 Quare
1652 2811 1842 2864 pacem
1879 2810 2002 2850 cum
2037 2798 2131 2852 illo

562 2885 973 2953 suscipiendam
1000 2886 1202 2941 sentio.
1230 2886 1390 2943 Nunc
1415 2888 1560 2941 enim
1606 2888 1661 2941 in
1699 2887 1875 2943 aliena
1908 2886 2131 2959 regione

562 2977 846 3046 profugus,
873 2987 929 3031 et
956 2992 1118 3046 opem
1146 2985 1426 3033 externam
1450 2991 1775 3049 exposcens,
1807 2980 1986 3035 obviis
2009 2997 2130 3036 eam

2224 521 2317 572 τὸν
2355 518 2614 587 πόλεμον,
2649 517 2743 569 καὶ
2781 514 3122 568 πεπεικότων
3164 513 3410 584 βασιλίδα,
3435 515 3499 576 ὡς
3521 519 3689 571 ἑπιὸου·

2221 609 2433 663 λεύοιτο
2482 611 2637 681 παρὰ
2688 603 3143 674 Καντακουζηνοῦ
3193 604 3285 658 τοῦ
3337 604 3578 673 βασιλέως,
3610 610 3691 662 τῶν
3740 640 3741 645 η

2212 702 2328 771 ¹μιν
2371 702 2472 771 ἤδη
2505 700 2827 770 παρήπτετο
2857 698 3115 767 μετρίως,
3158 696 3250 749 καὶ
3277 696 3484 769 καθῄρει
3510 699 3597 751 τῶν
3618 702 3691 770 ἀρ-

2224 792 2360 864 χῶν,
2380 791 2637 864 ἀφορμὴν
2661 791 2919 862 παρέχων
2939 788 3041 857 τῆς
3067 789 3197 858 πρὸς
3217 788 3368 841 αὑτὸν
3385 788 3629 858 διαφορᾶςσ
3645 791 3694 842 ἶν’

2222 886 2275 938 εί
2304 884 2636 956 διαφθείρειε
2668 883 2940 952 μηδεμίαν
2972 881 3177 952 μέμψιν
3205 880 3334 950 ἔχοι,
3360 879 3428 943 ὡς
3450 881 3504 933 οὐ
3527 881 3696 944 δικαίως

2221 979 2484 1047 ἀμύνοιτο
2515 978 2749 1041 αὐτοὺς,
2761 977 2966 1040 κακοὺς
3008 994 3074 1029 πε
3086 976 3139 1046 pl.
3163 974 3320 1028 αὐτὸν
3354 975 3695 1043 γεγενημένους.

2223 1069 2348 1124 Τῶν
2379 1068 2437 1121 δὲ
2468 1067 2714 1138 ἔμελλεν,
2748 1067 2786 1123 ἃ
2816 1068 3157 1138 συνορῶντες
3183 1068 3275 1121 καὶ
3305 1067 3448 1121 αὐτοὶ
3471 1068 3552 1121 καὶ
3575 1084 3699 1136 «ovi;-

2212 1160 2328 1231 λράν
2356 1161 2487 1229 περὶ
2520 1160 2629 1212 τῶν
2661 1158 2965 1228 μελλόντων
2994 1158 3099 1229 ήδη
3137 1156 3341 1226 ἔχοντες
3369 1157 3559 1221 ἐλπίδα,
3578 1157 3702 1228 ᾐσθά-

2225 1265 2378 1303 νοντο
2411 1248 2511 1316 μὲν
2532 1248 2607 1312 ὡς
2639 1249 2792 1316 σφίσι
2821 1266 2885 1302 τε
2912 1250 3098 1312 αὐτοῖς
3130 1249 3225 1303 καὶ
3253 1250 3359 1312 τοῖς
3401 1247 3560 1309 ἄλλοις
3585 1248 3704 1313 αιτιοι

2226 1340 2568 1410 κατέστησαν
2604 1341 2857 1410 μεγάλων
2884 1340 3202 1411 συμφορῶν,
3247 1339 3447 1410 βοηθεῖν
3474 1339 3523 1391 δι
3549 1338 3629 1390 οὐκ
3649 1331 3705 1389 εἷο

2224 1449 2319 1502 χον
2347 1433 2581 1497 ἑαυτοῖς,
2622 1431 2805 1486 πάντα
2837 1432 2938 1503 ήδη
2977 1431 3215 1503 μεγάλου
3257 1430 3433 1493 δουκὺς
3476 1430 3551 1497 ὑφ’
3576 1426 3709 1495 ἑαυτῷ

2226 1526 2625 1594 πεποιημένου.
2656 1525 2907 1596 Χοῦμνος
2937 1526 2995 1580 δὲ
3030 1524 3299 1593 Γεὼργιος
3324 1525 3352 1577 ό
3402 1508 3711 1591 μέγαςότρα·

2224 1614 2586 1684 τοπεδάρχης,
2617 1609 2699 1677 εἷς
2730 1612 2806 1667 ῶν
2834 1615 2943 1668 τῶν
2985 1615 3076 1667 τὸν
3116 1613 3349 1683 πόλεμον
3393 1610 3712 1679 κεκινηκότων,

2229 1701 2464 1772 βασιλίδι
2506 1701 2844 1770 προσελθὼν,
2889 1702 3071 1773 ἠρέμα
3130 1702 3498 1771 κατεμέμφετο
3547 1696 3716 1766 μεγάλῳ

2229 1794 2403 1860 δουκὶ,
2433 1794 2509 1857 ὡς
2552 1794 2635 1857 είς
2684 1794 2838 1847 οὐδὲν
2868 1794 2987 1848 δέον
3020 1794 3087 1847 τὰ
3115 1793 3273 1846 κοινά
3320 1790 3716 1849 καταναλίσκοντι,

2230 1884 2326 1939 καὶ
2354 1884 2489 1955 πρὸς
2536 1886 2771 1953 πόλεμον
2801 1884 3118 1956 ὴπειρὼτην
3153 1884 3365 1947 στόλους
3407 1880 3719 1950 ἐξαρτυομένῳ

2232 1976 2403 2047 μηδὲν
2430 1976 2745 2048 ὀνήσοντας.
2774 1975 2917 2047 Πρὸς
2944 1977 2999 2029 τί
3031 1977 3138 2049 γὰρ
3183 1977 3212 2028 ό
3248 1974 3422 2035 στόλος
3466 1968 3720 2024 ἐναντιώσε-

2232 2082 2322 2124 ται
2376 2066 2817 2138 Καντακουζηνῷ
2849 2068 3000 2139 αὐτῷ
3054 2084 3113 2121 τε
3146 2065 3298 2136 παρὰ
3346 2062 3603 2133 Τρισαλοῖς
3639 2059 3721 2111 δντι

2232 2163 2328 2216 καὶ
2358 2162 2739 2230 Διδυμότειχον
2770 2161 3055 2229 κατέχοντι
3075 2158 3235 2212 πόλιν
3269 2154 3481 2227 μακρὰν
3507 2151 3721 2217 θαλάσσης

2232 2254 2579 2326 ᾠκισμένηνς
2613 2250 2965 2305 συνεὸούλευέ
3014 2267 3071 2304 τε
3126 2249 3327 2319 μᾶλλον
3389 2247 3490 2301 τῶν
3528 2244 3725 2297 τοιούτων

2232 2345 2533 2415 ἀπέχεσθαι
2568 2345 2841 2413 άνονήνων
2870 2342 3148 2406 δαπανῶν,
3176 2342 3315 2409 πρός
3343 2356 3458 2392 τινα
3500 2336 3551 2390 δὲ
3579 2334 3723 2405 χωρεῖν

2233 2439 2475 2491 ἐπίνοιαν
2507 2437 2617 2498 τοῖς
2668 2435 2813 2500 ὅλοις
2852 2436 3143 2506 πράγμασι
3208 2433 3564 2487 συνοίσουοαν.
3600 2424 3728 2479 Τοῦτο

2234 2528 2292 2581 δὲ
2342 2525 2505 2593 εἶναι,
2561 2527 2786 2597 εἰρήνην
2838 2525 3090 2580 τίθεσθαι
3142 2525 3282 2594 «pag
3346 2512 3727 2584 Καντακουζηνδν

2236 2624 2332 2677 καὶ
2363 2620 2617 2681 σπονδάε,
2654 2617 2711 2671 αἳ
2746 2618 2981 2687 μάλιστα
3006 2618 3214 2684 δόξειεν
3244 2613 3548 2668 λυσιτελεῖν.
3569 2610 3630 2662 Τὸ
3652 2608 3732 2675 γὰρ

2235 2711 2492 2765 τοσούτου
2519 2711 2757 2780 πολέμου
2789 2711 2926 2781 πρὸς
2960 2712 3124 2764 αὑτὸν
3163 2707 3530 2777 κεκινημένου,
3567 2699 3735 2756 καὶπά-

2238 2822 2337 2873 σης
2373 2804 2613 2872 σπουδῆς
2659 2802 3139 2871 είσενηνεγμένης,
3178 2798 3348 2871 μηδὲν
3384 2800 3519 2868 ἡμᾶς
3557 2789 3735 2861 δυνηθῆ-

2234 2914 2322 2950 ναι
2351 2894 2531 2959 πλέον,
2560 2894 2674 2948 ἀλλ’
2695 2893 2902 2948 ἐκεῖνόν
2928 2909 2985 2946 τε
3017 2891 3209 2961 ἁπαθῆ
3237 2891 3440 2956 κακῶν,
3468 2887 3556 2941 καὶ
3579 2881 3734 2949 πολλῆς

2236 2985 2449 3049 εὐνοίας
2477 2983 2819 3039 ἀπολαύοντα
2846 2981 2997 3052 παρὰ
3029 2981 3108 3053 τῷ
3138 2979 3424 3052 Τριϐαλῶν
3452 2976 3654 3043 δυνάττῃ
3674 2970 3738 3022 εει

563 3066 712 3120 ulnis
753 3066 1136 3137 amplectetur,
1185 3070 1232 3124 si
1289 3070 1570 3124 moderata
1623 3070 2003 3139 petiverimns.
2076 3071 2131 3127 Si

2238 3077 2534 3147 διαμένειν,
2569 3073 3131 3146 παρασκευαζόμενόν
3183 3089 3247 3125 τε
3298 3071 3385 3137 ὡς,
3425 3058 3657 3136 ἀκούομεν
3678 3062 3737 3122 tl:

563 3160 714 3214 domi
753 3160 945 3225 fuerit,
1014 3176 1245 3230 seseque
1306 3163 1769 3228 corroboraverit,
1824 3174 2009 3218 metuo
2060 3179 2130 3219 ne

563 3253 727 3308 nobis
752 3268 873 3308 eam
918 3253 1293 3323 ﬂagitantibus
1336 3254 1451 3324 ipse
1485 3264 1671 3324 neget,
1702 3256 1982 3325 explorata
2038 3272 2133 3327 spe

454 3382 476 3425 ς,
564 3344 816 3399 victoriae
863 3345 1108 3399 conlisus
1153 3343 1429 3399 videlicet.
1490 3344 1811 3415 lmperatrix
1844 3361 1968 3400 eum
2007 3362 2130 3401 cum

563 3437 784 3491 ratione
813 3434 1213 3491 causentientia
1245 3434 1501 3498 suadere,
1533 3446 1589 3489 et
1615 3444 1803 3503 postea
1834 3436 1977 3505 quod
2006 3451 2137 3491 con-

563 3526 901 3582 sultantibus
925 3542 955 3580 e
987 3525 1268 3595 republica
1295 3526 1471 3579 visum
1500 3522 1667 3578 fuerit
1687 3523 1932 3579 facturos
1961 3525 2133 3595 dixit;

564 3618 727 3690 530
762 3618 866 3672 hoc
896 3625 1161 3686 tempore,
1199 3616 1446 3685 impensa
1486 3615 1596 3685 jam
1646 3614 1808 3681 facta,
1845 3616 2134 3687 solutaque

567 3709 871 3764 classiariis
894 3706 1191 3778 stipendio,
1215 3706 1689 3775 abnavigationem
1706 3706 1911 3777 justam
1935 3706 2134 3762 videri.

564 3801 691 3856 llaec
719 3802 805 3856 illa
840 3796 1148 3867 atllrmavit,
1178 3801 1324 3871 quod
1354 3803 1405 3856 ei
1436 3818 1666 3872 magnus
1694 3802 1800 3857 dux
1827 3814 2134 3874 receperat,

564 3898 612 3951 si
645 3895 698 3949 in
737 3893 1108 3948 Macedoniam
1140 3895 1471 3965 navigasset,
1498 3895 1941 3951 Cantacuzenum
2010 3896 2134 3949 vin-

565 3993 714 4039 ctum
761 3984 1149 4049 adducturum,
1196 3984 1425 4054 perinde
1483 3966 1647 4054 (ιυδεῖ
1671 3985 1857 4040 Crales
1896 4000 1955 4041 se
1982 3985 2132 4040 illum

565 4075 896 4129 traditurum
935 4076 1305 4145 promisisset,
1329 4076 1373 4129 si
1407 4076 1642 4144 ipsemet
1672 4076 1736 4130 ad
1769 4089 1828 4130 se
1853 4077 2131 4131 venisset:

568 4177 625 4220 et
664 4166 811 4236 quod
839 4165 1284 4220 Cantacuzenum
1310 4176 1555 4235 tempore
1585 4166 1714 4220 belli
1745 4167 1932 4221 multis
1975 4168 2133 4221 attri-

565 4266 686 4312 tum
722 4256 1159 4322 difﬁcultatibus,
1186 4264 1242 4310 et
1273 4265 1446 4310 matre
1485 4256 1542 4311 in
1572 4271 1797 4311 carcere
1841 4259 2133 4325 exstincta,

567 4351 793 4420 ﬁlioque
824 4349 1136 4404 Andronico
1166 4348 1259 4403 diu
1289 4351 1397 4419 jam
1431 4349 1668 4403 vinculis
1696 4357 1752 4403 et
1773 4349 1897 4404 aliis
1925 4352 2133 4405 incom-

2235 3167 2615 3237 Διδυμότειχον
2659 3166 2956 3235 ἐπανήκειν
2988 3162 3127 3234 μετὰ
3167 3163 3448 3234 στρατιᾶ;.
3471 3157 3593 3219 Τούς
3618 3170 3665 3206 τε
3694 3153 3738 3204 ὲν

2236 3260 2611 3330 Διδυμοτείχῳ
2664 3257 2833 3329 μηδὲν
2872 3257 3089 3325 ὑφεῖναι
3118 3255 3218 3326 τῆς
3264 3257 3342 3318 εἰς
3372 3252 3523 3306 αὑτὸν
3554 3243 3738 3304 εὐνοίας,

2239 3351 2364 3422 μηδ’
2398 3350 2503 3403 ὑπὸ
2548 3348 2641 3402 τοῦ
2702 3350 3131 3419 περιεστηκότος
3180 3346 3426 3417 πολέμου
3482 3336 3738 3405 πιεσθῆναι,

2236 3441 2372 3495 ἀλλὰ
2405 3441 2607 3511 μᾶλλον
2638 3438 2835 3503 αὐτοὺς
2870 3441 2991 3502 ταῖς
3024 3439 3167 3492 κατᾶ
3214 3440 3435 3510 Θρᾴκην
3479 3424 3743 3491 πάσαιςπό-

2236 3535 2376 3597 λεσι,
2407 3532 2689 3602 κερῦέρων
2716 3528 2854 3586 εἶναι
2892 3530 3332 3602 χαλεπωτέρους,
3356 3514 3526 3583 πάντα
3553 3515 3744 3588 διαφθεί-

2243 3608 2437 3693 ροντας
2467 3622 2638 3692 ἄρδην
2666 3624 2761 3677 καὶ
2781 3620 3158 3691 ληϊζομένους,
3187 3621 3253 3673 ού
3280 3620 3416 3689 πρὸς
3441 3616 3581 3687 ἡμῶν
3600 3612 3746 3680 ἔμοιγε

2236 3709 2377 3766 εἶναι
2402 3711 2677 3780 φαίνεται,
2715 3713 2833 3765 οὐδὲ
2862 3713 2997 3784 πρός
3025 3728 3079 3764 τι
3136 3711 3296 3774 τέλος
3349 3709 3525 3780 λήξειν
3566 3698 3744 3770 ἀγαθόν.

2236 3804 2328 3856 Διό
2377 3822 2467 3874 μοι
2526 3806 2623 3859 καὶ
2667 3806 2955 3873 παραινεῖν
2986 3803 3213 3873 ἐπῆλθε,
3267 3799 3507 3855 τίθεσθαι
3537 3796 3622 3866 τὴν
3644 3792 3746 3860 πρὸς

2237 3895 2401 3949 αὑτὸν
2433 3895 2680 3967 εἰρήνην.
2710 3893 2824 3947 Νῦν
2856 3894 2955 3963 μὲν
3003 3896 3109 3965 γὰρ
3146 3895 3437 3965 ὑπερόριος
3460 3893 3513 3944 ὲν
3546 3882 3751 3951 ἀλλοτρίᾳ

2237 3985 2528 4056 διατρίϐων
2550 3987 2645 4039 καὶ
2673 3987 2771 4055 τῆς
2794 3986 2923 4054 παρ’
2945 3984 3149 4054 ἑτέρων
3178 3984 3431 4054 δεόμενος
3463 3976 3748 4047 ἐπικουρίας.

2238 4078 2470 4147 ἑτοίμως
2500 4078 2565 4129 ἂν
2596 4077 2929 4130 ὑπακούσειε
2964 4076 3100 4145 πρὸς
3132 4077 3234 4146 τὴν
3263 4078 3505 4146 εἰρήνην,
3530 4073 3574 4124 εἰ
3597 4068 3751 4134 μέτρια

2238 4167 2548 4236 αἰτοίημεν.
2593 4167 2652 4219 Εί
2684 4166 2730 4218 δ’
2761 4166 2900 4219 οἴκοι
2946 4184 3000 4219 τι
3034 4166 3248 4234 γένοιτο
3277 4167 3371 4220 καί
3398 4180 3534 4225 τινος
3562 4158 3751 4227 εὐπορία

2241 4274 2355 4311 σειε
2402 4256 2710 4326 δυνάμεως,
2758 4257 2975 4310 δέδοικα
3027 4257 3102 4327 μὴ
3154 4257 3425 4329 δεομένων
3472 4254 3613 4324 ἡμῶν
3639 4251 3748 4302 ἀπα·

2237 4349 2476 4401 ναίνοιτο
2506 4346 2689 4412 αὐτὸς,
2715 4341 2802 4398 οἷα
2831 4346 2894 4416 δὴ
2928 4346 3155 4414 βεϐαίας
3189 4345 3296 4416 ἤδη
3323 4345 3419 4399 τοῦ
3452 4340 3751 4412 περιγενήσε-

566 4441 745 4495 modis
791 4440 1011 4507 alllicto,
1042 4441 1419 4510 immensaque
1445 4440 1495 4494 vi
1526 4441 1771 4510 pecunia:
1797 4442 2089 4517 apol’iatutn
2116 4457 2131 4507 ;

2244 4439 2369 4491 σοαι
2421 4438 2578 4506 ἡμῶν
2643 4437 2864 4500 ἐλπίδας
2912 4436 3072 4506 ἔχων.
3129 4436 3355 4501 Βασιλὶς
3411 4439 3465 4491 δὲ
3512 4436 3647 4500 λόγον
3675 4426 3751 4496 μὲν

565 4530 821 4597 pluribus
869 4543 1131 4600 praeterea
1179 4547 1302 4586 cum
1351 4532 1643 4587 insolentia
1687 4542 1738 4586 et
1804 4534 2135 4589 contumelia

568 4625 625 4676 in
670 4622 822 4675 illum
883 4623 1198 4693 designatis,
1251 4635 1308 4679 et
1351 4625 1701 4680 amicissimis
1756 4626 2177 4693 cognatisque”

571 4713 694 4766 aliis
728 4714 838 4766 vita
870 4712 1214 4781 fortunisque
1242 4716 1406 4769 simul
1436 4718 1703 4785 expulsis,
1737 4716 1863 4772 aliis
1919 4733 1983 4771 ex
2013 4717 2138 4771 illu-

579 4800 868 4857 strissimis
900 4810 955 4855 et
984 4802 1262 4870 opulentis
1300 4804 1365 4856 ad
1402 4814 1775 4873 paupertatem
1801 4806 2055 4870 redactis,
2081 4818 2138 4860 et

574 4898 629 4949 iu
663 4894 967 4951 custodiam
1003 4893 1263 4958 detrusis,
1301 4908 1410 4948 non
1444 4895 1603 4950 facile
1641 4896 1708 4951 ad
1742 4912 1928 4966 pacem
1978 4897 2138 4952 incli-

572 4999 859 5049 naturum,
894 4985 991 5041 sed
1034 4983 1440 5040 vindicaturum
1472 5001 1529 5041 se
1558 4987 1735 5042 modis
1766 4988 2046 5047 omnibus.
2082 4996 2139 5042 et

575 5098 673 5150 par
720 5078 840 5150 pari
886 5078 1186 5134 relaturum
1240 5075 1528 5144 cogitaret.
1592 5077 1731 5134 Hine
1782 5080 1847 5133 ad
1908 5079 2137 5132 consilia

577 5173 730 5244 pacis
757 5170 1008 5241 agitanda
1057 5170 1205 5224 lenta
1228 5183 1349 5223 esse
1372 5183 1435 5223 ac
1463 5179 1699 5238 torpere,
1729 5170 1877 5239 quod
1899 5170 2138 5225 laborem

575 5266 798 5317 inanem
831 5267 1070 5330 putaret.
1106 5259 1240 5314 Nam
1275 5259 1594 5329 priusquam
1626 5260 1692 5315 ad
1740 5269 1944 5314 tantam
1995 5260 2139 5314 indi-

576 5357 837 5422 gnitatem
866 5353 1166 5415 veniretur,
1210 5361 1266 5405 et
1310 5352 1395 5407 sui
1448 5352 1597 5405 omni
1636 5352 1960 5406 crudelitate
2012 5369 2140 5407 con-

576 5445 909 5511 tumeliaun
959 5443 1014 5496 in
1064 5457 1190 5496 cum
1227 5441 1718 5504 debaccliarentur,
1751 5456 1859 5509 pra:
1887 5442 2009 5495 aliis
2043 5457 2139 5510 pa-

579 5553 698 5590 cem
734 5551 856 5592 sese
908 5534 1297 5600 concupiscere
1341 5534 1618 5603 complura
1670 5533 1830 5587 dabat
1890 5533 2134 5587 indicia:

581 5627 657 5680 ita
696 5642 919 5695 prorsus
965 5627 1305 5690 existimans,
1357 5628 1476 5696 ejus
1530 5626 1658 5681 odio
1687 5627 1890 5680 bellum
1923 5625 2065 5680 istuc
2109 5641 2138 5678 a

585 5716 854 5786 principio
888 5719 1218 5774 concitatum
1255 5718 1442 5785 fuisse,
1477 5732 1578 5773 nec
1605 5732 1731 5793 cum
1762 5718 1866 5773 sibi
1920 5732 1982 5772 ac
2012 5717 2138 5772 ﬁliis

2240 4529 2433 4598 ἔχοντα
2466 4524 2586 4579 εἷπε
2634 4529 2919 4596 παραινεῖν
2944 4566 2959 4593 ,
2997 4527 3092 4580 καὶ
3133 4526 3368 4600 ὕστερον
3416 4529 3444 4582 ὅ
3483 4544 3533 4580 τι
3561 4525 3620 4578 ἂν
3653 4518 3751 4584 δοκῇ

2238 4620 2543 4673 λυσιτελεῖν
2574 4622 2729 4689 κοινῇ
2769 4619 3143 4689 σκεψαμένους
3176 4621 3440 4690 πράττειν
3466 4636 3477 4647 ο
3524 4617 3578 4670 τὸ
3614 4614 3659 4665 δὲ
3682 4609 3752 4661 νῦν

2241 4712 2386 4781 ἔχον,
2417 4714 2515 4780 τῆς
2543 4711 2793 4779 δαπάνης
2822 4711 2923 4781 ἥδη
2959 4713 3337 4780 γεγενημένης
3365 4714 3459 4765 καὶ
3486 4710 3569 4762 τὸν
3602 4699 3752 4775 μισθὸν
3860 4696 3869 4705 ’

2240 4802 2474 4872 ἑχόντων
2504 4801 2611 4853 τῶν
2634 4801 2955 4871 τριηριτῶν,
2989 4800 3196 4855 δίκαιον
3230 4802 3501 4855 ποιεῖσθαι
3544 4798 3624 4849 τὸν
3651 4790 3753 4848 ἀπὸ·

2240 4892 2432 4944 πλουν.
2466 4890 2652 4945 Ταῦτα
2695 4890 2752 4944 δὲ
2780 4890 2915 4961 αὐτῇ
2943 4891 3183 4961 εἴρηται,
3205 4892 3288 4946 ὅτι
3318 4909 3377 4945 τε
3415 4880 3754 4960 ὲπηγγέλετοῦ

2242 4987 2416 5056 μέγας
2452 4984 2599 5050 δοὺξ,
2628 4984 2677 5037 εἰ
2706 4985 2841 5054 πρὸς
2880 4983 3219 5042 Μακεδονίαν
3260 4983 3609 5038 άποπλεύσειε
3641 4979 3753 5030 Καν-

2240 5076 2574 5145 τακουζηνὺν
2601 5075 2749 5140 ἄξειν
2780 5075 3087 5145 δεσμώτην,
3120 5076 3197 5139 ὡς
3237 5076 3572 5147 παραδώσειν
3614 5072 3752 5137 ίςπίιτ⁸

2244 5168 2533 5237 γελομένου
2558 5165 2772 5236 Κράλη,
2792 5165 2841 5217 εἰ
2864 5164 2997 5235 πρὸς
3015 5165 3179 5217 αὐτὸν
3207 5164 3455 5231 ἀφίκοιτο
3480 5156 3645 5217 αὑτός.
3671 5149 3753 5204 Καὶ

2240 5262 2322 5314 ὅτι
2353 5259 2562 5313 πολλῶν
2595 5258 2696 5328 ἤδη
2730 5257 2840 5310 τῶν
2893 5256 3029 5324 πρὸς
3081 5255 3302 5325 βασιλέα
3350 5238 3750 5311 Καντακουζηνὸν

2241 5351 2349 5403 ὑπὸ
2379 5350 2456 5420 τῷ
2488 5348 2584 5401 τοῦ
2617 5347 2858 5416 πολέμου
2885 5347 3063 5416 χρόνῳ
3089 5345 3467 5413 γεγενημένων
3497 5330 3749 5428 δυσχερῶν,

2243 5441 2338 5492 καὶ
2367 5440 2466 5509 τῆς
2497 5455 2555 5491 τε
2584 5438 2792 5508 μητρὸς
2824 5435 3185 5505 δεσμωτηρίῳ
3215 5429 3653 5495 έναποϐανούσης.
3681 5431 3753 5471 και
3828 5448 3831 5457 ·

2239 5533 2582 5602 Ἀνδρονίκου
2608 5530 2700 5581 τοῦ
2721 5527 2835 5582 υἱοῦ
2865 5528 3032 5580 πολὺν
3053 5527 3151 5597 ἢδη
3182 5527 3370 5597 χρόνον
3390 5521 3599 5591 δεσμοῖς
3614 5526 3751 5583 «(m-

2240 5621 2781 5690 ταλαιπωρήσαντος,
2827 5619 2919 5669 καὶ
2972 5618 3106 5687 άλλη
3143 5616 3380 5670 κακώσει
3412 5608 3753 5681 χρημάτωντι

2243 5714 2486 5783 ἁπεΐρων
2533 5713 2926 5781 ἡρπασμένων,
2969 5713 3063 5765 καὶ
3104 5708 3308 5763 πολλῶν
3352 5706 3560 5760 άτόπων
3606 5694 3763 5751 ἄλλων.
3846 5780 3851 5787 ῑ

3878 1890 3883 1999 η
