3998 6204
571 326 709 397 ῙΟῙΊ

1794 328 2121 391 IOANNIS
2161 322 2693 388 CANTACUZENI

3605 328 3712 394 1020

569 457 679 503 tem
734 447 983 501 Romano
1038 446 1347 516 ademptam
1380 444 1614 516 imperio
1648 442 1911 498 Triballis
1943 441 2133 497 obses-

2264 436 2451 508 ιεγάλη
2482 438 2578 491 καὶ
2606 436 2746 508 καλὴ
2773 436 2959 507 μέλλει
2989 435 3333 508 ἀφαιρεῖσθαι
3364 438 3456 494 ὑπ’»
3487 441 3567 512 τῆς
3594 445 3715 498 mh-

572 539 718 594 suris
746 540 1052 593 necessario
1084 539 1434 601 servituram,
1469 539 1537 591 de
1574 537 1933 591 familiaribus
1966 548 2135 588 unum

571 642 820 701 rogatum
859 632 1028 695 misit,
1086 640 1146 685 ut
1199 631 1303 685 sibi
1361 630 1495 700 ipsis
1533 639 1845 709 parcerent,
1877 641 1978 681 nec
2013 626 2140 680 odio

571 722 630 777 in
678 723 830 776 illum
865 731 1039 777 semet
1072 722 1417 777 atrocissime
1474 722 1771 774 multarent
1811 736 1825 773 :
1859 717 1952 773 sed
1994 731 2141 771 nunc

570 814 678 869 sibi
730 814 1108 882 providerent,
1143 827 1197 868 et
1228 828 1408 882 neque
1455 828 1532 875 se,
1588 826 1765 880 neque
1804 810 2158 894 praesidium;

569 918 749 972 neque
782 903 1097 972 praefectum
1134 904 1444 971 reciperent
1495 920 1509 956 :
1549 900 1926 955 tantummodo
1970 900 2143 969 impe-

572 994 771 1048 ratrice
799 995 977 1055 Anna.
1015 1003 1070 1047 et
1098 996 1217 1065 ejus
1248 994 1361 1049 filio
1389 995 1717 1064 imperatore
1743 993 2058 1056 nominatis,
2086 1006 2144 1047 se

571 1096 794 1151 quoque
833 1083 1026 1137 eadem
1060 1084 1285 1138 honoris
1318 1084 1688 1153 appellatione
1736 1099 1864 1138 cum
1901 1083 2009 1137 illis
2062 1082 2146 1136 di-

570 1180 896 1240 gnarentur,
933 1174 1271 1243 perindeque
1301 1175 1383 1229 sui
1409 1175 1460 1228 in
1492 1174 1831 1229 solemnibus
1861 1174 2145 1230 sacrificiis

573 1263 980 1329 meminissent,
1023 1263 1183 1335 532
1235 1277 1399 1335 atque
1435 1267 1537 1321 hac
1587 1266 1809 1319 demum
1856 1266 1939 1320 via
1996 1266 2145 1320 obsi-

573 1353 738 1407 dione
767 1369 824 1409 se
857 1354 1166 1409 eximerent
1204 1373 1219 1409 :
1250 1354 1524 1411 Triballos
1554 1357 1757 1427 quippe
1791 1367 2016 1431 propter
2046 1357 2147 1410 fte-

572 1442 677 1497 dus
724 1453 780 1497 et
801 1438 1210 1515 jusjurandum,
1238 1460 1347 1513 quo
1372 1462 1429 1500 se
1450 1446 1531 1500 illi
1581 1446 2024 1509 obstrinxisscnt,
2052 1464 2148 1503 eos

520 1562 527 1569 -
571 1533 642 1588 de
682 1546 879 1588 caztero
916 1551 1023 1589 non
1054 1536 1301 1591 la‘suros.
1338 1535 1441 1591 Ubi
1475 1538 1530 1590 in
1562 1537 1848 1591 Thraciam
1898 1539 2145 1600 redierit.

573 1636 633 1681 et
684 1627 899 1696 reliquo
953 1628 1188 1698 imperio
1238 1629 1485 1684 Romano
1538 1626 1743 1699 potitus
1788 1630 1975 1693 fuerit,
2033 1642 2148 1684 tum

578 1719 682 1787 ipsi
718 1734 935 1788 quoque
966 1721 1191 1775 submse
1222 1722 1406 1776 velint.
1450 1722 1544 1777 Sin
1575 1723 1778 1792 aliquid
1814 1722 1882 1777 de
1911 1737 1969 1776 se
2007 1724 2150 1776 Deus
2178 1760 2179 1763 η

576 1811 848 1868 statuerit.
882 1821 936 1865 et
966 1812 1107 1865 inter
1148 1814 1393 1866 homines
1444 1828 1603 1882 agere
1637 1812 1883 1878 desierit,
1919 1822 2029 1866 tum
2064 1814 2147 1867 vel

578 1899 644 1952 ad
695 1899 1078 1968 imperatorem
1131 1902 1435 1956 Romanum
1487 1918 1545 1957 se
1573 1903 1847 1972 applicent
1891 1902 1979 1972 (si
2010 1903 2150 1957 forte

576 1990 648 2042 ab
696 1990 949 2045 hostibus
1000 2006 1097 2046 eos
1145 1992 1385 2047 liberare
1450 1993 1649 2063 queat’)
1684 2035 1699 2061 ,
1729 2004 1822 2049 aut
1875 1994 2171 2051 frumento“

577 2090 635 2159 et
683 2082 894 2152 reliquo
943 2092 1247 2137 commeatu
1318 2086 1724 2154 suppeditante,
1804 2085 2150 2142 obsidionem

581 2166 837 2223 tolerent.
880 2169 1036 2224 Nunc
1063 2185 1131 2225 ne
1159 2170 1296 2225 adeo
1340 2172 1407 2226 de
1438 2182 1610 2227 semet
1644 2186 1959 2230 mercantur
1988 2177 2149 2242 male,

579 2265 640 2311 ut
690 2273 816 2313 eum
846 2260 1010 2315 salvis
1054 2268 1110 2316 et
1149 2261 1516 2318 incolumibus
1570 2280 1663 2335 per
1701 2267 2049 2336 prudentiam
2099 2278 2156 2325 et

578 2349 859 2406 Sclertiam
911 2366 1032 2409 esse
1093 2354 1280 2416 liceat,
1332 2357 1476 2411 ultro
1508 2357 1809 2428 perniciem
1844 2375 1996 2415 suam
2028 2377 2151 2417 cum

582 2442 820 2497 lnstium
877 2445 1046 2499 armis
1090 2446 1158 2500 ad
1210 2462 1271 2502 se
1319 2450 1633 2505 ‘attrabant.
1688 2450 1814 2506 Haec
1858 2453 2155 2522 imperator

586 2530 824 2585 Plrerzeis
853 2534 1138 2601 suadebat,
1182 2544 1239 2591 et
1270 2546 1327 2590 ut
1367 2538 1434 2591 iis
1463 2548 1721 2609 tanquam
1758 2540 1913 2594 valde
1946 2543 2156 2595 condu-

579 2619 835 2676 cibi1ibus
894 2634 1173 2692 parerent,
1226 2628 1471 2697 rogabat.
1530 2629 1740 2696 Quibus
1793 2631 1871 2686 illi
1927 2634 2153 2698 auditis,

578 2713 941 2799 contumelias
989 2722 1044 2768 et
1075 2718 1436 2774 maledictain
1469 2737 1592 2775 cum
1640 2722 1845 2777 affatim
1894 2737 2157 2780 evomunt

578 2796 862 2867 aiuntque,
901 2801 1068 2871 magis
1091 2818 1217 2858 eum
1250 2806 1334 2859 sui
1376 2808 1545 2876 ipsius
1598 2825 1954 2882 suorumque,
1990 2830 2154 2885 quam

582 2888 935 2944 Pheraeorum
985 2894 1146 2948 saluti
1188 2896 1392 2951 debere
1428 2901 1760 2969 prospicere.
1796 2904 1935 2969 Quin
1990 2916 2045 2959 et
2074 2906 2155 2959 le-

582 2987 769 3046 gatum
803 2971 1164 3047 interficiunt.
1207 2970 1409 3057 corpus
1448 2982 1837 3059 quadrifariam
1888 2994 2092 3051 imman
2132 3013 2158 3053 s

585 3067 776 3124 bellua:
811 3070 1124 3141 dissecant;
1178 3088 1362 3145 partes
1414 3079 1639 3137 funibus
1682 3100 1781 3153 per
1827 3093 2008 3143 turres
2034 3103 2157 3143 sus-
2187 3120 2230 3178 ε

585 3160 856 3228 pendunt.
892 3163 1117 3235 indigne
1159 3168 1282 3222 tulit
1314 3170 1634 3240 imperator,
1688 3174 1995 3248 fecisseque
2039 3195 2152 3234 rem

583 3253 926 3311 crudelitatis
957 3266 1012 3312 et
1045 3259 1415 3330 incogitantia:
1480 3265 1695 3333 plenam
1730 3268 2017 3338 judicavit.
2052 3272 2156 3327 Per

585 3346 879 3414 quemdam
911 3347 1202 3420 Georgium
1242 3369 1461 3423 quoque
1484 3355 1617 3412 foris
1669 3359 2033 3430 interceptum
2062 3364 2155 3418 lit-

586 3445 733 3491 teras
764 3437 829 3492 ad
854 3454 950 3494 eos
977 3441 1145 3506 misit,
1187 3444 1388 3512 quibus
1410 3446 1803 3504 immanitatem
1828 3451 1911 3507 eis
1943 3462 1999 3507 et
2027 3470 2158 3509 cnn-

582 3526 692 3580 silii
722 3530 1045 3597 pravitatem
1073 3536 1444 3603 exprobravit,
1471 3538 1922 3612 calamitatesque
1956 3545 2158 3601 multas

584 3619 723 3689 ipsis
755 3621 1133 3691 importandas
1157 3628 1568 3697 praenuntiavit,
1608 3640 1664 3686 et
1707 3641 1837 3688 tunc
1865 3635 1933 3689 ab
1962 3651 2021 3691 se
2061 3637 2160 3691 im-

587 3711 900 3781 ploraturos
927 3715 1219 3783 auxilium,
1250 3720 1469 3787 quando
1506 3721 1612 3778 sibi
1654 3724 1826 3789 aliud,
1861 3742 2025 3796 quam
2064 3744 2160 3783 eo-

584 3817 703 3857 rum
742 3804 916 3859 vicem
956 3804 1166 3872 dolere,
1216 3810 1297 3866 fas
1345 3827 1456 3866 non
1490 3814 1617 3869 erit.
1670 3804 1900 3872 Romani
1945 3834 2159 3876 summa
2198 3860 2213 3875 ι

518 3944 529 3953 .
588 3896 973 3966 desperatione
1020 3902 1495 3968 conflictabantur,
1549 3907 1629 3961 sic
1685 3924 1872 3964 secum
1932 3913 2160 3970 ratioci-

587 3998 813 4044 nantes.
848 3990 987 4058 Quia
1027 3993 1233 4049 Pheraei
1267 4004 1374 4049 tam
1429 3997 1721 4054 nefandqu
1752 4003 1932 4058 scelus
1975 4015 2163 4061 essent

520 4068 547 4095 ”
588 4081 728 4143 ausi.
788 4084 854 4137 ad
906 4084 1068 4139 aliam
1112 4087 1303 4140 urbem
1363 4088 1680 4158 imperatori
1736 4093 1878 4148 viam
1934 4111 2161 4165 prorsus

580 4172 694 4243 jam
724 4174 1041 4243 praeclusam
1070 4192 1212 4251 esse.
1244 4178 1399 4235 Unde
1420 4194 1545 4235 eum
1576 4182 1847 4240 adeuntes
1870 4185 2162 4244 obsecrant

587 4280 658 4319 ne
716 4265 929 4320 diutius
984 4278 1297 4336 cunctetur,
1381 4287 1519 4327 neve
1585 4272 1791 4330 frustra
1849 4276 2163 4336 laborantes

2247 531 2441 596 ορκίας
2503 531 2724 601 ἀνάγκη
2776 530 3070 600 Τριϐαλοῖς
3115 528 3474 596 δουλεύσουσα,
3521 533 3612 586 τῶν
3655 537 3716 588 ol-

2245 622 2408 674 κείων
2469 620 2690 691 πέμψας
2743 622 2879 687 ἕνα,
2938 621 3233 690 παρεκάλει
3275 621 3526 689 φείδεσθαι
3563 626 3718 695 αὐτῶν,

2244 712 2336 765 καὶ
2380 710 2453 782 μὴ
2508 713 2659 781 μίσει
2702 712 2779 782 τῷ
2825 715 2907 775 είς
2953 713 3179 775 ἐκεῖνον,
3228 713 3295 766 τὰ
3339 714 3579 785 ἀνήκεστα
3617 723 3720 787 σφᾶς

2243 805 2442 869 αὐτοὺς
2496 804 2835 859 διατιθέναι·
2887 804 3026 859 ἀλλὰ
3076 805 3170 858 νῦν
3215 806 3311 875 μὲν
3360 808 3587 877 πρόνοιάν
3629 826 3719 863 τινα

2242 894 2424 950 αὐτῶν
2464 896 2761 961 ποιεῖσθαι,
2799 897 2894 950 καὶ
2929 898 3069 968 μήτε
3100 897 3347 967 δέχεσθαι
3376 900 3449 962 είς
3473 898 3559 969 τήν
3588 902 3719 965 πόλιν,

2248 988 2378 1057 μήτ’
2414 988 2600 1053 αὐτὸν,
2657 990 2797 1058 μήτε
2854 991 3119 1059 φρουρὰν,
3175 991 3310 1060 μήτε
3363 991 3723 1061 ήγεμόνα,ἀὶλὰ

2248 1081 2408 1148 μόνον
2430 1080 2531 1146 τῆς
2559 1078 2830 1149 βασιλίδος
2868 1080 3073 1150 ’Ᾱννης
3121 1080 3216 1134 καὶ
3260 1079 3505 1149 βασιλέως
3530 1081 3607 1133 τοῦ
3640 1078 3724 1132 υἱοῦ

2247 1169 2684 1240 φημιζομένων,
2740 1171 3018 1241 εὐφημίας
3078 1172 3172 1224 καὶ
3211 1171 3369 1234 αὐτὶν
3415 1170 3518 1237 ἅμα
3555 1172 3728 1234 ἐκείνοις

2245 1261 2430 1326 ἀξιοῦν
2484 1264 2577 1316 καὶ
2620 1265 2986 1334 μνημονεύειν
3037 1265 3096 1317 ἑν
3145 1264 3381 1327 τελεταῖς
3423 1264 3530 1326 ταῖς
3574 1264 3728 1333 ἱεραῖς.

2252 1357 2347 1406 καὶ
2377 1353 2568 1409 τοῦτον
2619 1355 2712 1406 τὸν
2754 1356 2960 1425 τρόπον
3006 1355 3116 1407 τῶν
3147 1359 3208 1406 ἑκ
3234 1355 3329 1422 τῆς
3354 1355 3631 1424 πολιορκίας
3654 1358 3727 1408 ἀπ-

2247 1446 2605 1500 αλλάττεσθαι
2661 1446 2848 1498 κακῶν
2881 1462 2895 1478 '
2930 1447 3112 1500 οὐκέτι
3144 1446 3253 1515 γὰρ
3284 1447 3598 1516 ἀδικήσουσιν
3621 1448 3733 1500 οὐδὲν

2249 1538 2461 1615 αὐτοὺς
2480 1539 2529 1590 οί
2556 1537 2816 1607 Τρισαλοὶ
2842 1538 2928 1590 διὰ
2951 1540 3078 1599 τοὺς
3101 1539 3295 1608 ὅρκους
3323 1540 3414 1592 καὶ
3450 1540 3645 1601 σπονδᾶς
3665 1542 3734 1602 τὰς

2249 1626 2384 1697 πρὸς
2413 1625 2594 1678 αὐτόν.
2635 1626 3122 1696 Ἀναχωρήσαντος
3174 1627 3231 1680 δὲ
3270 1626 3430 1680 αὐτοῦ
3467 1628 3588 1698 πρὸς
3630 1627 3735 1697 Θρᾴ-

2252 1732 2379 1784 κην,
2414 1715 2482 1769 ἀν
2543 1716 2644 1783 μὲν
2690 1716 2786 1769 καὶ
2819 1719 2919 1786 τῆς
2966 1716 3137 1788 ἄλλης
3192 1718 3364 1789 ἀρχῆς
3402 1718 3616 1781 φαίνοιτο
3645 1717 3737 1769 Ῥω·

2258 1806 2432 1876 μαίων
2462 1806 2757 1876 ἑγκρατὴς,
2790 1806 3037 1860 ὑπείκειν
3069 1810 3166 1862 καὶ
3191 1808 3405 1872 αὐτούς.
3426 1810 3481 1861 El
3509 1808 3561 1861 δέ
3582 1825 3626 1860 τι
3646 1809 3738 1874 περὶ

2258 1894 2687 1965 αὐτοῦ’ὖστερον
2723 1896 3077 1966 βουλεύσαιτο
3127 1900 3156 1953 ό
3199 1899 3327 1962 Θεὸς
3354 1900 3443 1953 καὶ
3473 1899 3683 1952 ἀπόλοιτο
3702 1898 3741 1961 ἐξ

2258 1987 2584 2058 ἀνθρώπων,
2619 1987 2731 2042 τότ’
2788 1988 2891 2059 ήδη
2939 1989 2973 2061 ἢ
3028 1989 3105 2061 τῷ
3162 1990 3484 2061 βασιλεύοντι
3522 1989 3742 2059 Ῥωμαίων

2259 2079 2572 2152 προσέχειν,
2598 2080 2665 2134 ἂν
2683 2080 2908 2152 δύνηται
2927 2084 3253 2154 ἐλευθεροῦν
3272 2084 3373 2137 ἀπὶ
3394 2084 3496 2138 τῶν
3514 2084 3742 2154 πολεμίων,

2258 2173 2292 2241 ἢ
2327 2173 2482 2244 σῖτον
2516 2171 2739 2241 ἔχοντας
2763 2173 2858 2226 καὶ
2888 2174 3056 2244 ἀλλην
3089 2175 3373 2244 ἀφθονίαν,
3402 2174 3657 2244 ὑπομένειν
3677 2174 3745 2244 τήν

2260 2238 2606 2337 πολιορκίαν.
2669 2263 2811 2317 Νυνὶ
2861 2264 2919 2319 δὲ
2978 2238 3053 2335 μή
3106 2238 3253 2319 οῦτω
3284 2266 3463 2341 κακῶς
3504 2238 3619 2336 περὶ
3642 2238 3746 2333 satin

2261 2355 2444 2409 αὐτῶν
2474 2353 2898 2424 βουλεύσασθαι,
2932 2355 3076 2409 ὥστε
3104 2359 3287 2412 ἑκοντὶ
3318 2359 3522 2412 ἑλέσθαι
3545 2358 3604 2410 τὰ
3625 2356 3745 2419 emi,

2261 2444 2356 2498 καὶ
2395 2444 2486 2499 τὸν
2514 2447 2759 2517 πόλεμον
2809 2448 3040 2503 ἑλκῦσαι
3090 2450 3217 2503 κατ’
3247 2451 3423 2505 αὐτῶν
3456 2451 3562 2505 ινδν
3590 2449 3748 2503 συνέσει

2262 2537 2357 2588 καὶ
2388 2537 2640 2608 ἀγχινοίᾳ
2659 2537 3048 2605 διασώζεσθαι.
3077 2541 3298 2594 Βασιλε’
3319 2543 3470 2611 ς’μὲν
3487 2536 3569 2593 οὗν
3584 2537 3751 2592 τοιαῦτα

2260 2629 2507 2693 Φεραίοις
2545 2630 2925 2691 συνεϐούλευε,
2953 2633 3050 2685 καὶ
3079 2633 3370 2688 πείθεσθαι
3399 2633 3557 2685 ἐδεῖτο
3571 2629 3634 2693 ὡς
3663 2645 3752 2682 curo

2261 2720 2470 2774 οίσουσι
2522 2722 2800 2792 μεγάλως.
2848 2724 3079 2778 Ἐκεῖνοι
3111 2725 3171 2779 δὲ
3226 2726 3352 2780 ἐπεὶ
3382 2724 3661 2787 ἀκούσειαν,
3687 2721 3752 2790 βι-

2265 2812 2460 2875 σιλὲως
2492 2814 2589 2883 μὲν
2622 2814 2824 2878 πολλὰς
2854 2814 3043 2887 ὓερεις
3089 2819 3357 2888 κατέχεον
3399 2818 3490 2871 καὶ
3512 2814 3753 2885 λοιδορίας·

2261 2902 2357 2956 καὶ
2418 2903 2622 2974 μᾶλλον
2669 2906 2882 2973 ἔφασαν
2912 2909 3106 2978 ἐκείνῳ
3154 2912 3286 2978 περὶ
3333 2908 3545 2972 ἑαυτοῦ,
3582 2904 3755 2959 καὶτῶν

2263 2993 2533 3046 συνόντων
2570 2993 2890 3065 βουλευτέον
2920 2997 2988 3050 ἂν
3026 3000 3112 3067 εῐη
3154 3002 3264 3070 ὅπη
3299 2996 3760 3070 οωθήσεται,ἢπιτςὶ

2264 3084 2442 3153 ἡμῶν.
2501 3084 2609 3140 Τὸν
2644 3086 2701 3139 δὲ
2741 3087 3087 3159 πρεσϐευτὴν
3133 3091 3538 3159 ἀποσφάξαντες
3567 3090 3643 3142 καὶ
3685 3086 3761 3139 διε-

2261 3176 2452 3238 λόντες
2501 3177 2747 3248 τετραχῆ
2814 3179 3094 3248 θηριωδῶς
3154 3182 3252 3234 καὶ
3306 3178 3672 3252 ἀπανθρώπως,
3711 3177 3760 3229 τὰ

2260 3272 2528 3340 τμήματα
2582 3268 2794 3341 ἀνῆψαν
2827 3271 3149 3335 καλλιμδίοις
3205 3275 3265 3326 ἐν
3318 3274 3430 3335 τοῖς
3476 3274 3685 3341 πύργοις.
3712 3268 3760 3319 ’Δ

2265 3359 2521 3430 βασιλεὺς
2554 3362 2655 3431 μὲν
2684 3363 2836 3417 δεινὰ
2867 3365 3074 3433 ήγείτο,
3108 3366 3210 3419 καὶ
3257 3365 3458 3437 πολλὴν
3485 3365 3583 3418 τῶν
3604 3360 3760 3428 ἀνδρῶν

2262 3452 2667 3523 ἀπανθρωπίαν
2699 3456 3078 3523 κατεγίνωσκε
3107 3457 3205 3509 καὶ
3232 3458 3503 3522 ἀϐουλίαν,
3528 3457 3704 3524 ἔπεμπε
3722 3452 3761 3503 δὲ

2265 3544 2357 3596 καὶ
2392 3545 2696 3614 γράμματα
2731 3546 2916 3610 αὐτοῖς
2947 3547 3036 3600 διά
3069 3565 3217 3611 τινος
3251 3540 3527 3619 Γεωργίου
3555 3548 3644 3613 ἔξω
3670 3543 3761 3597 συλ-

2265 3634 2585 3704 ληφθέντας,
2633 3638 2732 3706 τήν
2782 3655 2841 3690 τε
2887 3638 3148 3708 ὠμότητα
3176 3644 3275 3693 καὶ
3325 3641 3421 3711 τὴν
3467 3636 3759 3692 κακτιόωλίαν

2264 3723 2619 3793 ὀνειδίζοντα,
2677 3728 2776 3781 καὶ
2824 3712 3035 3782 πολλῶν
3091 3736 3581 3800 προαναφωνοῦντα
3624 3724 3762 3780 δεινῶν

2266 3815 2587 3886 ἐπαγωγὴν,
2622 3818 2719 3870 καὶ
2767 3818 2844 3883 ὡς
2883 3822 3005 3873 τότε
3036 3820 3133 3890 τῆς
3171 3821 3303 3891 παρ’
3349 3820 3507 3876 αὐτοῦ
3545 3820 3763 3890 δεήσονται

2266 3907 2611 3978 ἐπικουρίας,
2676 3909 2838 3981 ήνίκα
2914 3910 3042 3983 μηδ’
3094 3912 3250 3980 αὐτῷ
3305 3915 3396 3969 τοῦ
3457 3912 3584 3983 ὑπὲρ
3633 3906 3765 3963 αὐτῶν

2268 3997 2524 4051 ἀνιᾶσθαι
2551 3998 2713 4052 πλέον
2739 4016 2793 4052 τι
2819 3999 3052 4064 ἐξέσται.
3081 4002 3145 4055 Ol
3201 4003 3262 4054 δὲ
3298 4000 3538 4063 συνόιτες
3569 3996 3765 4063 Ῥωμαῖοι
3814 4056 3819 4063 ,

2268 4089 2326 4141 ἑν
2356 4089 2509 4159 πάσῃ
2556 4089 2654 4159 ήδη
2717 4090 3066 4144 καθέστααν
3120 4091 3424 4163 ἀμηχανίᾳ,
3479 4089 3564 4141 καὶ
3615 4086 3766 4150 ἀπθροί

2270 4181 2628 4236 παντάπασιν
2660 4180 2893 4252 ἡγοῦντο
2928 4182 3085 4236 πόλιν
3134 4183 3350 4251 βασιλεῖ
3380 4183 3564 4253 ἑτέραν
3596 4173 3768 4246 προσελ-

2270 4273 2403 4337 θεῖν,
2466 4274 2717 4344 Φεραίων
2768 4274 2998 4327 τοιαῦτα
3023 4275 3462 4345 τετολμηκότων.
3516 4271 3657 4325 Ὅθεν
3699 4264 3767 4317 καὶ

587 4362 803 4425 tempus
826 4366 1111 4413 conterere
1143 4359 1403 4428 patiatur,
1423 4360 1518 4417 sed
1544 4361 1987 4431 Didymotiebum
2012 4367 2159 4423 festi-

2271 4365 2482 4418 ἐδέοντο
2511 4364 2778 4434 βασιλέως
2805 4362 3151 4430 συνελθόντες
3184 4368 3390 4437 μηκέτι
3428 4365 3643 4434 μέλλειν,
3670 4356 3768 4429 μηδὲ

588 4454 718 4500 nent
741 4456 800 4501 ut
822 4462 945 4503 cum
966 4451 1081 4505 suis
1102 4452 1570 4529 commilitonibus
1616 4464 1713 4510 aut
1740 4452 1948 4527 aliquid
1974 4461 2159 4515 nanci-

2270 4457 2621 4529 κατατρίϐειν
2650 4457 2743 4510 τὸν
2772 4457 2965 4529 καιρὸν
2995 4456 3241 4528 ἀνήνυτα
3269 4458 3578 4519 πονοῦντας,
3601 4451 3694 4505 ἀλλ’
3712 4448 3767 4505 εἰς

586 4545 814 4591 arantur
840 4539 991 4603 boni,
1016 4541 1062 4596 si
1118 4558 1206 4598 res
1259 4522 1475 4600 felicius
1509 4545 1669 4601 ibunt
1702 4586 1717 4611 ,
1752 4556 1847 4602 aut
1884 4548 1930 4603 si
1960 4548 2035 4605 ita
2069 4566 2159 4605 ne-

2266 4522 2650 4617 Διδυμότειχον
2710 4522 3051 4614 ἐπείγεσθαι,
3088 4522 3177 4609 ⁷ὡς
3232 4545 3351 4616 ἃμα
3398 4547 3507 4607 τοῖς
3548 4533 3767 4599 οἰκείοιςῆ

587 4641 743 4682 cesso
793 4629 978 4695 fuerit,
1028 4632 1193 4688 simul
1228 4637 1605 4691 occumbant.
1656 4636 1931 4704 Quoniam
1997 4640 2159 4710 igitur

2266 4637 2412 4700 τινὸς
2442 4638 2733 4708 τυγχάνειν
2777 4638 3010 4707 ἀγαθοῦ,
3064 4641 3115 4693 εἰ
3163 4638 3304 4710 πρὸς
3334 4637 3397 4690 τὸ
3423 4635 3611 4705 βέλτιον
3634 4626 3768 4683 αὐτοῖς

587 4720 959 4775 reversionem
1008 4738 1354 4795 summopere
1414 4729 1903 4799 concupiscebam,
1960 4732 2159 4800 placuit

2266 4732 2335 4786 τὰ
2366 4732 2668 4804 πράγματα
2718 4731 2952 4802 χωροίη,
2991 4733 3026 4803 ἢ
3077 4731 3450 4802 ἀποθνήσκειν
3492 4727 3537 4781 εί
3563 4725 3768 4793 διήσετεν.

590 4808 911 4879 imperatori
946 4828 1163 4882 quoque
1185 4831 1374 4870 eorum
1399 4820 1553 4887 sequi
1583 4821 1907 4888 consilium;
1940 4831 1996 4877 et
2021 4823 2168 4877 saluo

518 4950 522 4955 .
590 4908 707 4955 tato
732 4899 911 4966 Crale,
957 4904 1366 4974 assumptisque
1409 4922 1546 4975 quas
1575 4909 1739 4963 dabat
1774 4911 2025 4981 copiolis,
2064 4912 2169 4967 iter

591 4995 852 5063 capessit.
888 4995 1076 5050 Crales
1116 4995 1310 5051 Pheris
1371 4999 1622 5062 relictus,
1663 5015 1854 5072 agrum
1896 5001 2171 5058 deforma~

587 5086 710 5152 bat,
741 5087 1042 5145 etﬂamma
1078 5089 1338 5159 ferroque
1386 5092 1728 5160 devastabat,
1782 5110 1848 5150 ac
1904 5096 2171 5166 perdebat

591 5183 776 5236 omnia
803 5185 1043 5252 penitus.
1094 5184 1398 5255 Imperator
1445 5187 1636 5257 procul
1690 5188 1883 5244 Pheris
1921 5191 2170 5244 animad-

591 5284 838 5338 vertens,
876 5288 1177 5346 sequentes
1225 5293 1285 5333 se
1319 5279 1593 5335 Triballos
1638 5280 1776 5336 nihil
1810 5296 1931 5335 esse
1974 5291 2171 5351 praeter

596 5367 818 5421 turbam
856 5368 1105 5423 inutilem
1132 5371 1485 5441 (fortissimos
1534 5372 1805 5441 siquidem
1853 5371 2039 5428 Crales
2069 5390 2170 5428 an-

596 5466 686 5513 tea
746 5472 1079 5532 segregatos,
1112 5463 1347 5517 urbibus
1397 5478 1535 5534 quas
1579 5464 1776 5519 Chrele
1823 5475 2041 5520 mortuo
2084 5479 2175 5521 ac-

592 5558 844 5615 ceperat,
889 5567 991 5621 pro
1023 5554 1373 5622 praesidiariis
1401 5555 1750 5618 attribuerat,
1787 5555 1948 5627 533
1983 5556 2174 5611 adhee

598 5640 861 5697 dirturna
936 5645 1285 5715 expeditione
1377 5648 1674 5706 exhaustos
1721 5663 1785 5703 ac
1864 5654 2175 5703 maceratos

608 5727 847 5797 (Cralem
879 5734 1082 5805 qu‘ppe
1129 5738 1250 5806 plus
1277 5737 1419 5794 duas
1463 5756 1679 5797 menses
1702 5741 1875 5797 secuti
1912 5735 2170 5809 fuerant),

2280 4827 2489 4881 Ἐδόκει
2520 4826 2619 4897 μὲν
2659 4817 2755 4879 οὖν
2781 4829 2877 4880 καὶ
2911 4824 3126 4894 βασιλεῖ
3152 4829 3267 4889 τοῖς
3298 4823 3515 4877 ἐκείνων
3550 4810 3769 4872 πείθεσθιι

2271 4919 2641 4991 βουλεύμασιν
2697 4918 2842 4972 οὕτω
2894 4918 3291 4987 περιπλείστου
3344 4911 3659 4983 ποιουμένων
3699 4899 3768 4965 τὴν

2270 5011 2551 5067 ἐπάνοδον.
2582 5012 2691 5064 Καὶ
2719 5008 3125 5079 συνταξάμενος
3160 5007 3379 5082 Κράλῃ,
3419 4994 3709 5073 παραλαϐών
3728 5003 3768 5039 τε

2270 5105 2370 5177 τὴν
2421 5104 2685 5174 στρατιὰν
2735 5103 2870 5173 ὅσην
2930 5102 3095 5165 αὐτὸς
3153 5099 3446 5170 παρείχετο
3490 5083 3769 5148 συνέπεσθαι.

2272 5199 2481 5267 εἵλοντο
2512 5196 2653 5250 65°5-
2698 5195 2923 5265 Κράλης
2972 5192 3029 5246 δὲ
3079 5193 3138 5245 ὲν
3165 5192 3362 5261 Φεραῖς
3393 5180 3769 5267 ὑπολειπόμενος.

2275 5266 2467 5353 ἔτεμνε
2496 5282 2596 5353 τὴν
2628 5284 2756 5352 γῆν,
2785 5282 2883 5334 καὶ
2909 5280 3069 5352 ἐδῄου
3097 5280 3274 5333 πάντα
3300 5276 3464 5348 ἀρδην
3487 5266 3770 5366 διαφθείρανο

2275 5374 2539 5437 Βασιλεὺς
2571 5374 2629 5426 δὲ
2660 5373 2782 5427 ἐπεὶ
2807 5373 3020 5441 γένοιτο
3070 5371 3288 5442 μακρὰν
3329 5366 3531 5438 ⁴ιερῶν,
3576 5354 3769 5413 συνιδὼν.

2276 5465 2408 5533 ὡςή
2434 5463 2681 5533 ἑπομένη
2731 5462 2962 5532 στρατιὰ
3009 5462 3120 5517 τῶν
3164 5458 3449 5540 Τρισφλῶγ
3476 5453 3617 5524 alio;

2279 5528 2700 5624 dvdvqrdeslat,
2747 5528 2873 5616 τοὺς
2924 5552 3183 5622 ἀρίστους
3212 5528 3331 5619 νγάῥ
3363 5544 3536 5600 αὐτῶν

2285 5660 2445 5714 μενος
2494 5642 2759 5713 πρότερον
2788 5645 2816 5698 ό
2849 5642 3095 5713 Κρὰλης,
3131 5639 3378 5711 φρουρὰν
3417 5631 3650 5690 κατέλιπε

2284 5708 2523 5804 πόλεσιν,
2539 5708 2614 5800 ῄᾶς
2636 5708 2816 5806 ρέλη
2844 5708 3057 5805 ἔχοντος
3082 5708 3221 5805 μεεά
3240 5708 3338 5799 τήν
3362 5727 3557 5782 ἐκείνου
3573 5708 3774 5776 τελευτὴν
