3998 6204
301 305 431 371 ιοει

1429 317 1482 377 Η
1493 315 1979 378 l'STORIARUM
2021 321 2264 384 LIBER
2308 325 2364 385 I‘I
2377 325 2424 386 Ι.

3411 321 3554 388 1022
3627 393 3630 396 ,

297 424 489 480 ἔλασεν
527 423 715 488 αὐτὸς,
771 425 944 489 ἄλλως
1000 445 1059 482 τε
1102 428 1198 483 καὶ
1256 429 1366 484 τῶν
1429 432 1868 501 ὑπολειφθέντων

1970 450 2228 506 prmterea
2285 441 2550 496 immensa
2602 441 2838 511 quadam
2898 437 3190 493 formidine
3257 440 3548 505 attonitos,

299 517 498 587 χρονίῳ
527 532 588 568 τε
632 517 896 588 στρατείᾳ
945 519 1544 590 τεταλαιπωρηκότωνο
1576 518 1720 592 ἦσαν
1762 523 1872 592 γάρ

299 608 462 661 πλέον
491 607 522 677 ἢ
550 607 672 659 δυσὶ
706 609 975 679 πρότερον
1013 613 1150 680 μησὶ
1179 612 1369 684 Κροίλῃ
1403 614 1662 684 ἑπόμενοι
1693 631 1870 684 στρα-

295 699 613 768 τευομένῳο
647 699 822 762 ἄλλως
850 716 908 752 τε
941 701 1036 754 καὶ
1082 702 1194 755 δέει
1218 703 1432 772 ἀσχέτῳ
1468 704 1870 774 κατεχομένων,

294 793 390 844 καὶ
420 791 752 860 νομιζόντων
778 792 879 844 οὐκ
907 793 988 854 είς
1036 794 1281 864 Θρᾴκην,
1326 794 1443 847 ἀλλ’
1474 795 1554 858 είς
1618 795 1873 864 Πάρθους

296 885 328 953 ἢ
373 883 567 945 Ἰνδοὺς
601 883 1016 952 στρατεύεσθαι,
1055 885 1178 938 ὅθεν
1225 886 1324 938 οὐκ
1379 885 1598 951 ἐξέσται
1651 882 1869 960 μηχανῇ

298 974 532 1044 οὐδεμιᾷ
587 973 770 1026 οἴκαδε
812 975 1156 1042 ἐπανελθεῖν,
1191 978 1285 1029 καὶ
1331 977 1421 1030 διά
1469 977 1630 1032 τοῦτο
1664 962 1756 1031 καὶ
1787 978 1874 1031 ἴπ-

299 1082 436 1127 πους
483 1065 967 1135 πολεμιστηρίους,
1036 1068 1132 1120 καὶ
1176 1068 1338 1134 ὅπλα,
1371 1068 1465 1122 καὶ
1496 1070 1551 1122 εῐ
1574 1086 1627 1121 τι
1676 1069 1873 1137 ἐπεφέ-

296 1173 455 1225 ροντο
486 1157 754 1226 χρήσιμον
790 1157 924 1228 πρὸς
967 1158 1058 1211 τὸν
1093 1159 1353 1230 πόλεμον,
1406 1161 1590 1214 οἴκαδε
1618 1162 1873 1230 ἀποπεμ-

299 1249 532 1311 πόντων,
579 1248 670 1300 ἵνα
725 1247 899 1300 ταῦτα
931 1248 1063 1316 γοῦν
1091 1253 1210 1312 τοῖς
1258 1254 1446 1306 παισὶν
1490 1251 1868 1321 ὑπολειφθείη,

293 1341 368 1400 ὡς
395 1340 623 1392 ἐκείνων
647 1339 1034 1408 ἀπολουμένων
1057 1341 1298 1406 πάντως⁸
1325 1343 1496 1396 ταῦτα
1527 1343 1590 1412 δὴ
1628 1343 1871 1412 συνορῶν

296 1433 324 1482 ὁ
363 1431 637 1500 βασιλεὺς,
693 1433 788 1485 καὶ
840 1431 1163 1502 βουλόμενος
1221 1433 1301 1495 είς
1355 1433 1738 1502 Διδυμότειχον
1795 1433 1870 1504 μὴ

296 1524 472 1585 οὓτως
511 1521 806 1590 ἀφικέσθαι
837 1523 1096 1592 ἀσθενὴς,
1132 1523 1264 1576 ὥσθ’
1296 1524 1399 1586 ὑπο
1430 1524 1742 1587 Βυζαντίων
1776 1527 1873 1579 καὶ

293 1609 458 1679 αὗτὸς
489 1615 906 1685 πολιορκεῖσθαι
929 1630 944 1644 ·
979 1614 1093 1667 οὔτ’
1126 1617 1278 1685 αὐτῷ
1304 1616 1414 1685 γὰρ
1445 1615 1568 1669 οὒτε
1601 1621 1712 1678 τοῖς
1745 1633 1870 1669 συν-

293 1709 414 1760 οῦσι
452 1707 609 1762 τοῦτο
635 1707 870 1776 μάλιστα
903 1707 1201 1760 συνοίσειν·
1236 1707 1506 1777 ἐσκέψατο
1537 1709 1616 1771 είς
1644 1709 1868 1779 Κράλην

297 1801 686 1868 ἀναστρέφειν,
732 1800 824 1852 καὶ
855 1800 1123 1868 στρατιὰν
1169 1799 1467 1870 ἀξιόχρεων
1495 1801 1690 1864 αἰτεῖν,
1723 1801 1866 1854 ὥστε

296 1895 382 1955 είς
438 1892 818 1958 Διδυμότειχον
861 1890 1094 1959 φοϐερὸν
1149 1893 1260 1954 τοῖς
1301 1893 1583 1960 πολεμίοις
1642 1894 1868 1948 ἐλθόντα

293 1977 464 2048 εἶναι,
495 1983 630 2034 ἀλλὰ
667 1982 744 2052 μὴ
788 1983 1255 2051 καταφρονεῖσθαι
1291 1983 1379 2036 διὰ
1413 1985 1512 2055 τὴν
1541 1984 1864 2054 ἀδυναμίαν.

303 2074 460 2126 Ἐπεὶ
485 2072 541 2125 δὲ
577 2072 676 2126 καὶ
718 2073 837 2135 τοῖς
875 2072 1096 2124 συνοῦσι
1133 2072 1426 2140 Ῥωμαίοις
1455 2074 1730 2127 ἐκοινοῦτο
1767 2074 1868 2146 τὴν

293 2164 512 2233 βουλὴν,
550 2165 750 2226 πάντες
776 2162 964 2230 ὥσπερ
996 2166 1058 2216 ἐκ
1085 2163 1432 2234 συνθήματος
1458 2167 1639 2218 πάντα
1665 2166 1868 2236 μᾶλλον

289 2257 502 2324 ἔφασαν
536 2254 814 2322 αἱρεῖσθαι
868 2254 1186 2324 ὑπομένειν.
1240 2256 1336 2308 καὶ
1365 2257 1576 2324 μυρίων
1623 2255 1868 2309 θανάτων

291 2347 668 2417 κατατολμᾷν,
705 2348 738 2418 ἢ
776 2348 856 2408 εἰς
886 2346 984 2418 τὴν
1014 2350 1118 2418 γῆν
1148 2347 1304 2410 αὖθις
1333 2348 1698 2416 ἀναστρέφειν
1732 2349 1867 2420 Τριο

291 2439 494 2491 σα-λῶν.
529 2439 603 2490 Οὐ
642 2439 752 2506 γάρ
783 2439 1033 2508 ἐνόμιζον
1083 2441 1162 2502 είς
1193 2437 1300 2508 γῆν
1331 2439 1700 2508 πορεύσεσθαι
1734 2439 1869 2510 ἡλίῳ

290 2529 808 2599 περιλαμπομένην,
863 2531 955 2582 καὶ
1009 2528 1116 2582 ὑπὸ
1163 2528 1467 2598 ἀνθρώπων
1518 2531 1867 2600 οἰκουμένην,

291 2622 408 2674 ἀλλ’
452 2624 532 2685 είς
592 2620 722 2691 ᾅδου
776 2621 1125 2691 κευθμῶνας,
1168 2623 1263 2675 καὶ
1310 2601 1522 2693 νεκρῶν
1557 2622 1865 2693 διατριϐὰς,

290 2717 380 2768 καῖ
412 2713 544 2767 ἄλλο
584 2715 644 2766 ετ
671 2731 726 2766 τι
775 2713 1226 2784 δυσχερέστερον.
1268 2715 1446 2768 Πολλὰ
1494 2715 1549 2767 δὲ
1603 2715 1868 2785 βασιλέως

290 2807 712 2876 παραινοῦντος.
748 2806 823 2868 ὼς
877 2806 1071 2876 βελτίω
1125 2807 1222 2860 καὶ
1273 2806 1694 2877 λυσιτελέστερα
1743 2807 1871 2876 βου-

286 2898 504 2950 λεύοιτο
540 2898 632 2949 καὶ
660 2898 916 2966 δεομένου
945 2899 1254 2960 πείθεσθαι,
1279 2897 1388 2950 οὐδ’
1411 2899 1600 2968 ἄκροις
1629 2897 1866 2968 παρεδέ-

290 3006 451 3057 χοντο
503 2988 662 3050 ὠσὶν,
721 2989 862 3040 ἀλλά
923 2988 1084 3042 πάνθ’
1131 2990 1234 3043 ὅσα
1291 2989 1355 3042 ἄν
1395 3007 1474 3052 τις
1523 2991 1668 3042 εἴποι
1717 2991 1865 3044 δεινὰ

1975 544 2079 584 nec
2125 529 2181 583 in
2236 529 2547 596 Thraciam,
2576 546 2767 586 verum
2816 530 2882 585 ad
2927 530 3157 584 Parthos
3218 540 3313 583 aut
3356 529 3541 593 ludos,

1975 621 2122 677 unde
2157 623 2323 678 nullis
2358 626 2570 678 artibus
2605 639 2845 693 unquam
2883 622 2948 677 ad
3002 621 3206 690 patrios
3257 621 3400 674 lares
3460 635 3547 674 re-

1973 713 2174 786 pedare
2215 724 2455 782 possent,
2491 716 2783 770 militatum
2821 729 2878 768 se
2910 711 3183 782 prolicisci
3210 710 3544 765 arbitrantes

1975 809 2160 876 (quam
2195 806 2267 860 ob
2300 821 2517 862 causam
2546 818 2602 862 et
2629 821 2804 876 equos
2847 805 3136 864 militares,
3187 812 3242 858 et
3279 818 3454 865 arma,
3486 807 3536 856 et

1974 899 2019 953 si
2061 898 2192 968 quid
2225 898 2367 952 aliud
2423 899 2630 954 militia:
2677 898 2938 952 idoneum
2971 895 3285 964 portabant,
3317 897 3541 949 domum

1974 988 2349 1052 remittebam,
2390 998 2448 1043 ut
2487 989 2622 1058 ipsis
2673 987 2900 1042 omnino
2931 986 3214 1056 perituris,
3253 1000 3317 1039 ea
3349 985 3541 1039 saltem

1973 1078 2077 1133 sibi
2126 1078 2390 1134 haberent
2422 1079 2646 1147 liberi);
2698 1077 2836 1140 lucc,
2899 1077 3143 1146 inquam,
3197 1075 3543 1130 animadver-

1975 1178 2098 1224 tens
2125 1169 2452 1238 imperator,
2482 1169 2785 1238 nolensque
2815 1169 3252 1238 Didymotichum
3279 1167 3358 1221 sic
3387 1165 3566 1230 inlir~_

1974 1277 2097 1316 mus
2139 1261 2427 1324 accedere,
2459 1269 2518 1312 ut
2547 1260 2664 1330 ipse
2697 1275 2918 1328 quoque
2953 1275 2982 1312 a
3018 1258 3294 1330 Byzantiis
3323 1243 3543 1312 obside-

1973 1362 2124 1407 retur
2154 1355 2172 1421 (
2199 1367 2302 1407 nec
2364 1351 2509 1406 enim
2560 1351 2664 1406 sibi
2719 1353 2942 1420 suisque
2973 1351 3025 1404 id
3059 1350 3290 1404 multum
3349 1347 3544 1418 profu-

1975 1445 2205 1515 turum),
2243 1445 2310 1498 ad
2335 1443 2547 1498 Cralem
2577 1445 2758 1499 redire
2779 1451 2830 1498 et
2864 1459 2893 1498 a
2916 1443 3076 1499 Crale
3118 1443 3399 1498 sufficiens
3445 1457 3541 1494 au-

1970 1537 2162 1591 xilium
2217 1544 2404 1604 petere
2447 1534 2725 1604 cogitavit,
2783 1541 2844 1588 ut
2895 1549 3021 1588 cum
3089 1531 3535 1603 Didymotichum

1971 1628 2232 1690 venisset,
2285 1627 2540 1689 hostibus
2587 1625 2804 1688 terrori,
2834 1641 2942 1680 non
2985 1624 3325 1693 contemptui
3375 1630 3537 1678 esset.

1971 1717 2386 1774 Communicata
2421 1734 2480 1772 re
2528 1731 2653 1773 cum
2713 1717 2993 1780 Romanis,
3049 1730 3242 1770 omnes
3268 1715 3421 1769 velut
3470 1714 3541 1769 de

1967 1823 2249 1883 compacto
2305 1823 2644 1880 quaecunque
2705 1806 2886 1876 potius
2941 1821 3002 1860 se
3073 1818 3452 1875 perpessuros.
3483 1813 3543 1858 et

1967 1903 2116 1957 mille
2144 1900 2412 1955 mortibus
2449 1905 2614 1966 caput
2635 1897 2977 1966 objectoros,
3017 1909 3180 1964 quam
3207 1894 3274 1948 ad
3324 1892 3543 1968 Tribal-

1966 1995 2049 2052 los
2089 1995 2362 2050 redituros
2392 1991 2811 2047 confirmarunt.
2862 1989 2984 2044 Non
3041 1989 3189 2043 enim
3216 1987 3281 2042 ad
3336 1996 3536 2040 terra-iu

1968 2103 2088 2157 qum
2124 2085 2253 2142 solis
2283 2085 2450 2138 radiis
2486 2082 2801 2146 vestiretur,
2827 2088 2883 2135 et
2920 2081 2988 2134 ab
3013 2079 3334 2134 hominibus
3387 2079 3540 2132 inco-

1967 2182 2197 2242 leretur,
2266 2176 2362 2231 sed
2411 2175 2478 2228 ad
2516 2173 2816 2227 inferorum
2863 2172 3052 2234 valles,
3103 2170 3382 2238 vitamque
3411 2184 3538 2223 cum

1967 2266 2204 2323 mortuis
2263 2264 2554 2335 agendam,
2609 2270 2667 2316 et
2695 2261 2740 2314 si
2772 2260 2904 2328 quid
2949 2259 3278 2314 inammnius
3333 2272 3396 2311 ac
3443 2257 3542 2310 trin’

1968 2355 2108 2409 stius
2143 2361 2249 2416 est,
2286 2367 2344 2406 se
2370 2363 2689 2404 reversuros
2727 2345 3042 2401 credebant.
3103 2347 3407 2415 Impensius
3436 2361 3541 2398 au-

1970 2455 2078 2500 tem
2115 2444 2369 2498 hortante
2419 2442 2767 2514 imperatore,
2817 2447 2876 2492 ut
2909 2437 3108 2492 melius
3145 2447 3201 2492 et
3232 2437 3422 2490 utilius
3455 2451 3542 2491 sa-

1970 2550 2098 2605 pere
2144 2535 2368 2598 vellent,
2422 2541 2759 2602 roganteque
2817 2537 2873 2582 ut
2935 2537 3214 2598 parerent,
3249 2543 3342 2581 eas
3376 2541 3539 2581 voces

1969 2627 2197 2681 auribus
2229 2632 2564 2684 aversantes,
2589 2621 2768 2675 omnia
2796 2620 2981 2690 gravia
3005 2635 3126 2688 qua:
3149 2619 3257 2673 dici
3287 2627 3536 2688 possunt,

1970 2719 2150 2774 isthoc
2181 2719 2236 2771 in
2263 2715 2535 2796 Triballos
2575 2713 2752 2767 reditu
2791 2713 2998 2767 leviora
3043 2710 3333 2766 ducebant.
3366 2711 3542 2780 Impe-

1971 2825 2120 2868 rator
2150 2825 2274 2866 cum
2328 2809 2634 2880 perieulum
2667 2824 2776 2862 non
2813 2808 3092 2862 modicum
3127 2806 3460 2876 provideret,
3490 2805 3537 2860 si

1970 2906 2087 2961 suis
2121 2916 2229 2959 tam
2271 2918 2459 2973 parum
2495 2902 2756 2972 frugifera
2797 2901 3169 2965 volventibus,
3205 2909 3259 2954 et
3294 2909 3399 2952 tam
3452 2899 3540 2952 in-

1969 2997 2225 3054 consulto
2259 2993 2478 3065 aggredi
2510 2993 2836 3062 parantibus
2861 2993 3286 3060 obsequeretur,
3319 3000 3375 3044 et
3406 2991 3540 3058 quid

291 3081 641 3150 φορητότερα
685 3080 939 3148 ἡγοῦντο,
985 3081 1016 3150 ἢ
1063 3082 1142 3144 είς
1177 3081 1481 3149 Τριϐαλοὺς
1531 3081 1688 3144 αὖθις
1735 3083 1863 3136 ἀνα-

1970 3101 2154 3162 agerct
2189 3089 2446 3152 nesciret,
2480 3086 2927 3155 quandoquidem
2953 3085 3172 3139 flectere
3207 3085 3406 3138 milites
3432 3099 3538 3137 non

291 3174 572 3242 στρέφειν.
610 3173 875 3236 Βασιλεὺς
903 3173 982 3235 δὲ,
1018 3173 1108 3224 τόν
1135 3189 1194 3224 τε
1222 3173 1464 3226 κίνδυνον
1505 3173 1665 3242 ὁρῶν,
1697 3174 1772 3233 ὡς
1804 3175 1865 3227 οὐ

295 3267 491 3335 μικρὸς
523 3267 586 3317 ἐκ
615 3265 712 3318 τοῦ
737 3265 1024 3318 πείθεσθαι
1053 3266 1165 3327 τοῖς
1204 3265 1452 3316 συνοῦσιν
1482 3265 1650 3328 οὕτως
1681 3266 1870 3318 ἅλυσι-

286 3356 440 3425 τῑλῆ.
475 3358 568 3407 καὶ
609 3354 1019 3425 βουλευομένοις
1063 3357 1157 3406 καὶ
1203 3357 1465 3423 πράττει)
1521 3354 1620 3423 ἤδη
1677 3355 1870 3424 ὡρμη-

291 3449 483 3517 μένοις
513 3447 834 3514 ἀλογίστως,
871 3448 899 3498 ὃ
946 3445 1000 3498 τί
1032 3463 1088 3498 τε
1117 3447 1382 3517 χρήσαιτο
1405 3447 1520 3508 τοῖς
1549 3433 1868 3514 πράγμασιν

285 3540 392 3591 οὐκ
443 3537 603 3608 ἔχων,
640 3539 750 3590 τῶν
791 3535 1384 3601 συνόντων,πείθεσθαι
1424 3538 1498 3606 μὴ
1527 3537 1866 3604 δυναμένων,

288 3631 564 3699 πρότερον
616 3631 803 3691 αὐτοῖς
870 3629 1041 3681 πολλὰ
1110 3626 1433 3697 διαλεχθεὶς,
1489 3629 1586 3681 καὶ
1638 3628 1869 3696 φανερὸν

291 3722 554 3790 ποιήσας,
581 3719 655 3782 ὡς
690 3719 778 3772 διά
807 3720 909 3788 τὴν
950 3719 1130 3772 αὐτῶν
1164 3718 1534 3788 μικροψυχίαν
1577 3719 1670 3771 καὶ
1707 3718 1869 3770 ἀϐου-

291 3814 416 3864 λίαν
469 3811 662 3875 ἀνάξια
712 3810 931 3875 ἑαυτοῦ,
986 3813 1089 3862 καὶ
1133 3809 1230 3877 τῆς
1264 3809 1598 3879 στρατηγίας
1632 3809 1727 3862 καὶ
1772 3809 1869 3877 τῆς

294 3904 492 3973 πείρας
531 3906 782 3970 πράττει,
817 3900 1060 3953 ἐπείθετό
1095 3917 1154 3952 τε
1186 3899 1334 3952 ἄκων
1369 3899 1550 3962 αὐτοῖς
1593 3900 1729 3968 πρὸς
1771 3900 1868 3968 τὴν

293 3989 517 4070 βουλὴν,
569 4004 663 4052 καὶ
709 3996 1109 4068 παρεκελεύετο
1156 3996 1408 4068 θαῤῥεῖν,
1462 3995 1537 4058 ὡς
1585 3995 1678 4047 τοῦ
1732 3995 1868 4048 Θειιῦ

293 4089 768 4159 προστησομένου,
817 4087 1008 4157 ὥσπερ
1059 4087 1123 4155 δὴ
1161 4089 1253 4139 καὶ
1297 4087 1484 4138 ἄλλοτε
1519 4085 1779 4148 πολλάκις
1809 4085 1868 4136 ὲν

295 4175 572 4245 κινδύνοις
630 4181 691 4233 οὐ
747 4182 986 4250 μικροῖς,
1034 4181 1125 4232 καὶ
1179 4180 1387 4248 εἴχοντο
1427 4178 1568 4231 ὁδοῦ.
1622 4177 1776 4230 Ἐπεὶ
1813 4178 1868 4230 δὲ

290 4270 440 4344 ἦσαν
475 4269 928 4340 Χριστουπόλεως
980 4270 1040 4322 οὐ
1098 4270 1350 4338 μακρὰν,
1414 4269 1866 4335 περιτυγχάνουσι

302 4361 719 4418 Ῥακυδυτοῦντι
749 4363 813 4413 ἐκ
854 4360 1235 4428 Διδυμοτείχου
1269 4358 1594 4429 ἀφιγμένῳ,
1631 4359 1688 4422 ὃς
1723 4375 1868 4428 παρ.

1971 3193 2206 3257 poterat,
2242 3182 2410 3235 multa
2458 3179 2736 3248 praefatus,
2789 3177 2991 3246 quibus
3042 3177 3263 3246 planum
3301 3176 3449 3236 fecit,
3481 3190 3540 3228 se

1969 3286 2194 3348 proiiter
2243 3273 2454 3326 illorum
2508 3270 2758 3322 imbelles
2805 3271 3020 3322 animos
3069 3276 3124 3321 et
3151 3267 3537 3326 temeritatem,

1973 3370 2194 3437 indigna
2247 3379 2347 3417 suo
2399 3363 2642 3422 nomine,
2677 3361 3114 3428 auctoritateque
3170 3358 3539 3426 imperatoria,

1970 3470 2026 3514 et
2063 3473 2161 3511 usu
2223 3452 2447 3507 militari
2505 3451 2874 3512 committere,
2910 3464 3103 3503 eorum
3155 3448 3428 3502 desiderio
3461 3447 3545 3498 ii.-

1971 3551 2116 3603 vitus
2175 3545 2358 3614 paruit
2395 3582 2410 3605 ,
2446 3542 2768 3600 cohortalis,
2829 3543 2906 3594 uti
2964 3539 3074 3593 Deo
3132 3539 3381 3602 fiderent,
3445 3535 3541 3604 qui

1971 3637 2248 3708 quomodo
2290 3634 2524 3688 antehac
2579 3647 2720 3700 saepe
2775 3631 2828 3684 in
2875 3630 3138 3697 periculis
3190 3644 3298 3682 non
3333 3628 3538 3697 parvis,

1973 3739 2212 3784 tutorem
2261 3741 2317 3780 se
2375 3724 2709 3794 praebiturus
2769 3731 2934 3777 esset.
2976 3722 3156 3790 Atque
3211 3721 3300 3774 his
3352 3719 3538 3781 (lictis,

1971 3829 2151 3888 coepto
2190 3818 2384 3872 itinere
2433 3822 2814 3883 perrexerunt.
2864 3813 2983 3867 Non
3041 3814 3198 3882 longe
3233 3827 3262 3866 a
3292 3811 3541 3865 Chi-isto-

1970 3911 2078 3981 poli
2117 3910 2169 3962 in
2200 3907 2436 3978 peditem
2474 3904 2936 3976 lihacidytuutem
2965 3904 3251 3964 vocabulo,
3288 3903 3544 3972 Didymo-

1973 4002 2118 4056 ticho
2149 4014 2270 4054 cum
2321 3998 2520 4052 litteris
2546 3995 2614 4050 ab
2649 3995 2998 4065 imperatrice
3054 4010 3222 4049 uxore
3263 4001 3316 4046 ct
3359 3992 3544 4060 prasi-

1971 4093 2064 4147 dio
2097 4091 2163 4145 ad
2195 4091 2578 4158 imperatorem
2613 4089 2838 4142 missum
2882 4087 3130 4140 incidunt
3166 4102 3179 4136 :
3229 4085 3429 4154 quibus
3455 4083 3544 4137 lit-

1971 4187 2104 4240 teris
2137 4199 2263 4237 eum
2311 4181 2700 4247 admonebant,
2736 4190 2896 4236 caute
2935 4188 3143 4249 ageret,
3171 4185 3321 4232 etne
3352 4177 3544 4231 incon-

1969 4279 2202 4333 siderate
2233 4276 2300 4330 ad
2347 4291 2444 4332 eos
2493 4275 2726 4338 veniret,
2763 4273 2867 4330 nisi
2925 4288 3148 4342 magnas
3201 4281 3388 4341 totque
3439 4270 3540 4323 ho-

1969 4371 2146 4423 stibus
2200 4382 2361 4437 pares
2394 4367 2578 4436 copias
2631 4365 2949 4423 adduceret.
2983 4363 3343 4432 Palaeologuin
3394 4361 3542 4415 enim

289 4460 407 4525 εἶχε
438 4455 742 4524 γράμματα
778 4452 990 4522 βασιλεῖ
1022 4454 1172 4520 παρά
1210 4449 1482 4518 βασιλίδος
1533 4451 1632 4518 τῆς
1678 4466 1864 4517 γυναι-

1975 4467 2427 4529 protostratorcm
2460 4471 2582 4509 cum
2617 4455 2861 4524 peditatu
2892 4452 3055 4524 534
3079 4462 3135 4507 et
3161 4452 3404 4521 equitatu
3433 4465 3544 4504 ncn

290 4549 412 4613 κὸς,
443 4545 541 4598 καὶ
586 4545 696 4597 τῶν
738 4545 914 4597 ἄλλων
957 4546 1066 4595 τῶν
1099 4545 1156 4596 ὲν
1188 4540 1575 4610 Διδυμοτείχῳ,
1609 4539 1871 4608 φυλάττε-

292 4639 426 4692 σθαι
479 4635 893 4706 παραινοῦντα,
951 4635 1047 4686 καὶ
1104 4633 1180 4704 μὴ
1236 4634 1662 4702 ἀπερισκέπτως
1736 4630 1872 4699 πρὸς

292 4731 498 4792 αὐτοὺς
558 4731 782 4798 χωρεῖν,
819 4729 866 4779 εί
922 4727 995 4795 μὴ
1029 4725 1258 4794 δύναμιν
1308 4724 1432 4792 ἄγει
1477 4723 1741 4793 μεγάλην,
1777 4722 1872 4774 καὶ

293 4821 437 4889 πρὸς
488 4819 766 4880 τοιούτους
816 4818 1114 4887 ἀξιόχρεων
1151 4817 1466 4886 πολεμίους.
1513 4815 1872 4884 Πρωτοστρά-

294 4931 414 4980 τωρ
433 4912 540 4980 γὰρ
558 4915 584 4962 ὁ
609 4909 999 4976 Παλαιολόγος,
1020 4909 1219 4979 πολλὴν
1242 4908 1390 4977 ἄγων
1413 4907 1677 4978 στρατιὰν
1699 4907 1872 4975 πεζήν

297 5021 359 5057 ’τε
417 5005 509 5056 καὶ
544 5003 778 5071 ἱππικὴν
809 5003 866 5054 ὲν
898 5001 1247 5071 Περιθεωρίῳ
1284 4999 1869 5068 στρατοπεδευόμενος,

292 5095 395 5164 τὴν
437 5094 605 5148 αὑτοῦ
638 5094 823 5163 ἄφιξιν
856 5097 1145 5165 περιμένει
1187 5094 1262 5157 ὡς
1301 5094 1670 5163 μαχούμενος.
1707 5093 1870 5146 Ἀπό-

295 5187 502 5254 καυχός
557 5203 616 5238 τε
653 5189 682 5239 ό
732 5186 1231 5256 παρακοιμώμενος
1296 5185 1437 5254 ἔχων
1491 5186 1870 5256 ἑϐδομήκοντα

287 5281 540 5348 τριήρεις
593 5281 652 5332 ἐν
711 5273 798 5340 αῖς
849 5278 1220 5331 κατέπλευσεν
1265 5280 1344 5342 είς
1392 5279 1740 5348 Ἀμφίπολιν,
1781 5280 1868 5329 ὲν-

294 5369 477 5420 scr-30a
515 5369 611 5421 xci.
641 5369 805 5430 αὐτὸς
858 5370 1127 5437 ἐφορμεῖο
1165 5368 1292 5437 περὶ
1319 5361 1392 5420 ὧν
1425 5367 1542 5422 δέον
1581 5367 1871 5436 βουλευσά-

216 5519 226 5530 .
296 5475 460 5528 μενον
513 5461 680 5512 αὑτὸν
709 5463 992 5528 πράττειν,
1036 5461 1063 5512 ὃ
1131 5478 1184 5511 τι
1233 5461 1299 5513 ἂν
1349 5461 1479 5528 δοκῇ
1541 5458 1866 5526 συμφέρειν.

291 5549 616 5615 Συρλὸἐϐηκε
651 5549 707 5602 δέ
737 5569 788 5603 τι
819 5551 948 5619 περὶ
976 5550 1046 5603 τὰ
1075 5551 1380 5620 γράμματα
1441 5550 1625 5602 ἐκεῖνα
1655 5547 1870 5614 θαυμα-

294 5640 423 5692 στδν
473 5641 570 5692 καὶ
623 5643 720 5712 τῆς
767 5643 903 5697 Θεοῦ
954 5647 1084 5714 περὶ
1131 5646 1220 5697 τὸν
1264 5644 1492 5714 βασιλέα
1539 5641 1868 5711 κηδεμονίας

295 5732 568 5803 (ξανερῶς.
606 5733 693 5798 Ὠς
724 5735 830 5806 γὰρ
872 5737 925 5788 ἐν
962 5737 1238 5806 Βυζαντίῳ
1271 5737 1535 5808 ἐμηνύθη,
1580 5736 1652 5798 ὡς
1701 5752 1863 5806 21p:-

1972 4549 2237 4603 mediocri
2290 4548 2356 4602 ad
2399 4545 2808 4601 Peritheorium
2866 4546 3080 4604 sedere.
3132 4553 3189 4598 et
3249 4543 3541 4596 adventum

1971 4641 2092 4709 ejus
2123 4640 2189 4692 ad
2227 4637 2630 4708 confligendum
2660 4645 3000 4705 exspectare.
3058 4634 3138 4689 lbi
3185 4634 3350 4688 etiam
3401 4633 3547 4701 Apo-

1971 4730 2237 4785 cnuchum
2269 4744 2392 4782 cum
2423 4727 2744 4782 triremibus
2792 4724 3159 4796 septuaginta,
3185 4723 3389 4794 quibus
3413 4722 3546 4775 Ani-

1973 4819 2238 4889 phipolim
2281 4817 2650 4887 navigaverat,
2705 4818 2759 4872 in
2819 4825 2980 4886 portu
3019 4826 3186 4879 stare,
3239 4814 3308 4868 de
3344 4813 3545 4882 quibus

1973 4927 2132 4984 capto
2164 4911 2398 4966 consilio
2436 4911 2617 4966 facere
2648 4910 2867 4982 debeat,
2903 4907 3049 4978 quod
3087 4905 3348 4977 prodesse
3385 4902 3543 4956 vide~

1971 5005 2141 5059 bitur.
2171 5003 2327 5058 Circa
2371 5004 2582 5058 litteras
2625 5012 2808 5056 autem
2869 5001 2990 5054 illas
3015 4996 3340 5053 admirabile
3382 4993 3544 5062 quid-

1973 5098 2140 5168 piam,
2176 5105 2232 5151 et
2263 5112 2426 5166 quam
2470 5096 2768 5164 imperator
2820 5093 2932 5147 Deo
2970 5105 3115 5145 curm
3154 5097 3317 5154 esset,
3370 5085 3548 5140 mani-

1969 5191 2168 5245 festum
2205 5189 2463 5244 indicium
2501 5187 2704 5243 evenit.
2740 5186 2808 5241 Ut
2843 5185 2990 5239 enim
3023 5182 3267 5254 Byzantii
3331 5179 3548 5236 intelle-

1923 5319 1926 5322 -
1972 5293 2120 5338 ctum
2148 5289 2249 5343 est,
2275 5282 2450 5350 ipsum
2481 5293 2606 5332 cum
2636 5276 2874 5330 exercitu
2905 5291 2972 5329 ex
3004 5273 3260 5328 Triballis
3283 5273 3545 5343 Didymo-

1975 5378 2182 5432 tichum
2210 5377 2496 5434 reveaire;
2536 5382 2592 5427 et
2633 5379 2999 5440 protostrator
3033 5369 3350 5423 universum
3384 5366 3546 5437 pedi-

1977 5480 2147 5522 tatum
2203 5467 2623 5535 equitatumque
2655 5463 2885 5520 ducens.
2927 5462 3140 5530 magnis
3178 5461 3368 5530 utique
3414 5473 3547 5514 cum

1974 5560 2185 5613 viribus
2221 5557 2624 5613 Peritheorium
2663 5553 2889 5610 devenit
2918 5573 2932 5620 ;
2961 5561 3019 5609 et
3049 5553 3413 5623 Apocauehus
3443 5566 3550 5606 eo-

1973 5651 2096 5702 ilcin
2154 5639 2464 5717 Amphipoli
2499 5662 2624 5701 cum
2673 5646 3017 5717 septuaginta
3071 5645 3303 5702 navibus
3341 5643 3542 5698 eadem

1973 5740 2038 5794 dc
2087 5751 2248 5791 causa
2300 5735 2582 5807 appulsus,
2633 5751 2755 5792 cum
2807 5735 2930 5791 aliis
2989 5734 3159 5806 copiis
3206 5734 3310 5789 sibi
3354 5749 3547 5802 αξιοι
