3998 6204
571 343 709 409 ιοξῑι

1754 333 2080 396 JOANNIS
2115 331 2639 392 CANTACUZENI

3606 333 3709 410 Ῑίιὲί,

564 457 848 519 etandum,
880 456 1224 526 reditumque
1282 454 1628 525 imperatoris
1665 447 2136 510 intercludendum

2247 446 2361 498 τιὰν
2387 443 2525 516 ἔχων
2557 447 2622 499 ἐκ
2647 444 2930 517 Τρισαλῶν
2975 444 3224 514 βασιλεὺς
3264 446 3290 499 ὁ
3339 447 3711 514 Καντακουζηνδς

468 605 495 621 ,
565 550 801 604 censuit.
825 549 1110 619 Dispositis
1131 557 1311 604 autem
1340 563 1438 618 per
1463 547 1689 611 viam,ut
1711 560 1828 599 mos
1844 552 2138 610 est,custo—

544 640 732 694 edibus
772 641 837 694 ad
869 639 1297 710 intercipiendos
1323 640 1417 708 qui
1463 640 1608 692 inter
1632 637 2137 707 Didymotichenses

568 740 625 786 et
645 731 1030 801 imperatorem
1055 739 1446 792 commearent,
1473 731 1565 798 qui
1594 730 1733 784 hanc
1757 729 2036 798 epistolam
2063 727 2140 782 fe-

571 823 726 879 rebat
753 825 1258 892 comprehensus,et
1282 823 1347 876 ad
1371 830 1818 892 protostratorem
1844 820 2139 890 perductus

573 915 750 984 deque
793 915 994 970 litteris
1023 915 1390 977 examinatus,
1437 914 1638 969 habere
1677 929 1736 969 se
1767 914 1980 968 litteras
2011 927 2141 968 con-

574 1005 751 1059 fessus
800 1014 904 1070 est,
951 1006 1245 1074 statimque
1294 1006 1557 1082 porrexit,
1591 1005 1792 1074 quibus
1843 1006 2140 1074 imperator

576 1097 891 1166 rogabatur,
925 1110 992 1150 ue
1025 1111 1133 1166 qua
1184 1098 1336 1150 illum
1371 1105 1679 1151 moraretur
1722 1095 2002 1165 segnities,
2043 1095 2139 1153 sed

570 1182 639 1234 ad
662 1197 758 1236 eos
787 1183 1084 1238 advolaret.
1121 1183 1255 1237 Nam
1285 1185 1379 1253 qui
1429 1192 1613 1239 essent
1666 1185 2036 1254 Didymotichi
2085 1187 2140 1242 in

575 1271 832 1338 praesidio
861 1271 1072 1340 equites
1111 1284 1166 1328 et
1199 1273 1432 1342 pedites,
1467 1274 1583 1328 loca
1613 1275 1861 1330 Thraciae
1900 1275 2143 1347 depopu-

575 1362 714 1416 latos
752 1363 956 1417 victum
1011 1364 1115 1418 sibi
1194 1379 1561 1434 comparasse.
1609 1365 1874 1422 Similiter
1923 1369 2144 1439 opifices

577 1463 634 1506 et
672 1455 829 1516 alios,
876 1462 1144 1523 quotquot
1192 1470 1450 1509 manuum
1498 1457 1685 1512 labore
1729 1460 1893 1513 vitam
1947 1461 2145 1516 transi-

578 1553 790 1610 gerent,
822 1544 1078 1599 alimonia
1126 1545 1445 1600 abundare:
1477 1548 1673 1603 mediis
1727 1549 1941 1606 civibus
2002 1552 2144 1608 nihil

580 1648 690 1701 quo
719 1649 777 1688 se
808 1635 953 1689 alant
1007 1635 1372 1706 undecunque
1405 1649 1717 1709 suppetere,
1753 1649 1808 1697 et
1839 1656 1933 1698 eos
1961 1643 2145 1714 inopia

579 1738 746 1792 supra
774 1726 993 1780 modum
1026 1728 1217 1796 premi.
1253 1731 1628 1787 Precabantur
1655 1733 1824 1800 igitur
1851 1735 2144 1805 imperato-

583 1830 698 1868 rcm
747 1816 1066 1884 imperatrix
1092 1819 1290 1886 conjux
1336 1829 1392 1874 et
1435 1820 1553 1886 alii,
1607 1822 1872 1878 citissime
1917 1825 2143 1892 rediret,

582 1920 694 1974 quo
723 1907 991 1962 adventus
1021 1909 1140 1975 ejus
1171 1911 1318 1964 cives
1365 1919 1515 1966 tanto
1547 1912 1686 1967 malo
1715 1913 1938 1968 levaret.
1968 1915 2150 1972 Lectis

582 1995 782 2050 litteris
827 2005 1210 2064 protostrator,
1265 1999 1488 2054 curioso
1560 2001 1820 2055 nimirum
1868 2010 1922 2056 et
1964 2004 2150 2058 solerti

583 2083 843 2149 facinore,
895 2102 1031 2140 auro
1083 2088 1210 2141 dato
1271 2098 1326 2143 et
1373 2090 1683 2159 promissis,
1715 2107 1772 2148 se
1809 2093 1863 2146 in
1897 2093 2048 2148 illum
2095 2104 2152 2150 et

584 2176 806 2229 domum
857 2178 975 2247 ejus
1046 2179 1439 2250 (Selybrianus
1505 2192 1688 2236 autem
1759 2184 1916 2255 erat)
1987 2185 2152 2241 bene.

586 2265 748 2320 ﬁcum
812 2268 1081 2335 futurum,
1136 2273 1429 2340 persuadet
1467 2274 1770 2339 tabellario,
1830 2285 1889 2330 ut
1944 2276 2151 2347 episto-

585 2359 693 2412 lam
735 2360 876 2414 illam
928 2377 1026 2441 suo
1079 2364 1349 2419 arbitratu
1402 2374 1457 2420 et
1509 2367 1670 2422 modo
1745 2369 2147 2439 transcriptam,

588 2467 689 2519 pro
721 2466 848 2506 vera
889 2462 943 2507 et
993 2469 1248 2523 germana
1298 2457 1486 2512 uxoris
1531 2459 1760 2527 epistola
1789 2460 1857 2513 ad
1883 2460 2155 2514 Cantacu-

588 2559 782 2597 zcnum
815 2555 1084 2614 apportet,
1119 2561 1182 2601 ac
1220 2547 1286 2603 de
1318 2549 1461 2603 facto
1494 2550 1630 2604 nihil
1675 2550 1842 2606 dicat.
1884 2552 2035 2607 Facit
2062 2553 2153 2608 ille

586 2636 731 2702 quod
767 2637 1074 2705 petebatur,
1103 2647 1158 2692 et
1186 2648 1553 2707 protostrator
1601 2657 1913 2712 quanquam
1965 2644 2155 2699 nolens

586 2725 903 2794 imperatori
971 2729 1198 2798 ejusque
1236 2731 1500 2785 exercitui
1535 2734 1866 2788 commodat.
1908 2733 1977 2790 Ut
2006 2735 2152 2790 enim

589 2817 813 2870 recitata
871 2828 975 2884 est,
1042 2827 1097 2873 et
1137 2819 1559 2877 Cautacuzenici
1636 2823 1704 2878 de
1769 2824 2154 2880 insidiantibus

586 2907 692 2959 sibi
732 2909 906 2976 copiis
934 2919 1327 2978 cognoverunt,
1361 2927 1480 2967 esse
1516 2914 1704 2968 multis
1746 2915 1998 2984 partibus
2039 2916 2154 2971 suis

587 2998 846 3066 majores,
900 3001 1186 3070 modisque
1256 3003 1512 3059 omnibus
1564 3005 1833 3071 valentes,
1887 3007 2152 3062 militibus

586 3089 860 3144 veteranis
913 3100 1228 3148 constantes
1265 3093 1496 3157 scilicet,
1529 3096 1638 3149 Deo
1687 3096 1753 3151 de
1781 3113 1908 3151 cura
1933 3113 2056 3168 erga
2092 3113 2150 3154 se
2179 3123 2222 3182 ρ

585 3189 640 3233 et
675 3183 962 3237 aversione
999 3184 1150 3247 mali,
1183 3193 1347 3254 atque
1375 3187 1540 3240 etiam
1578 3188 1914 3257 imperatrici
1942 3191 2010 3245 de
2037 3201 2152 3246 stu-

587 3271 678 3324 dio
705 3281 756 3327 et
783 3273 1150 3331 sollicitudine
1176 3291 1301 3346 erga
1331 3276 1480 3346 ipsos
1505 3280 1705 3348 gratias
1746 3281 1990 3350 ingentes
2030 3298 2155 3352 ege-

589 3373 737 3428 runt,
792 3373 847 3418 et
907 3366 980 3420 ob
1027 3367 1200 3438 majus
1251 3369 1581 3437 periculum,
1641 3370 1800 3441 535
1849 3389 1970 3441 qua:
2001 3374 2152 3443 prius

584 3459 772 3516 odiosa
839 3471 893 3515 et
926 3462 1098 3516 invisa
1140 3472 1317 3526 erant,
1349 3464 1604 3520 facillima
1641 3473 1698 3521 et
1740 3465 2028 3521 utilissima
2059 3469 2150 3538 ju-

585 3552 850 3618 dicantes,
882 3553 1026 3608 haud
1058 3570 1200 3626 aegre
1225 3566 1376 3612 retro
1402 3557 1706 3613 redierunt.
1733 3557 1824 3614 Sic
1848 3558 2151 3628 imperator

586 3659 709 3696 cum
738 3645 852 3698 suis
880 3645 1182 3715 improviso
1210 3649 1518 3704 discrimini
1541 3661 1784 3719 ereptus,
1816 3666 1881 3704 ex
1912 3651 2149 3706 hostium

584 3736 829 3804 nequitia
892 3739 1128 3794 fructum
1190 3741 1335 3810 cepit
1399 3742 1763 3798 uberrimum.
1817 3744 1884 3797 At
1925 3759 2152 3813 magnus

583 3827 717 3893 dux,
751 3838 811 3882 ut
839 3831 1052 3900 accepit
1075 3846 1202 3886 eum
1241 3833 1534 3887 ducentem
1583 3849 1802 3889 manum
1854 3835 2149 3890 admodum

582 3917 997 3992 despicabilem,
1029 3929 1083 3975 et
1115 3931 1377 3991 superatu
1409 3921 1746 3982 facillimam.
1794 3934 2018 3994 propter
2063 3927 2152 3980 lit-

586 4016 730 4061 teras
761 4023 789 4061 a
821 4025 1021 4079 genero
1076 4027 1176 4066 suo
1235 4013 1547 4068 immutatas
1591 4016 1906 4079 revertisse,
1964 4025 2150 4085 aperte

585 4102 938 4165 succensuit,’
958 4101 1268 4170 acriterque
1300 4102 1581 4157 hominem
1615 4104 1907 4176 increpuit,
1933 4107 2024 4175 qui
2054 4121 2149 4176 per

582 4190 870 4245 stultitiam
925 4205 1078 4246 suam
1131 4193 1278 4248 hosti
1328 4194 1646 4263 profuisset.
1719 4198 1796 4250 Ac
1875 4197 2029 4251 multi
2081 4198 2150 4252 de

556 4281 900 4349 .ApOcauchi
935 4283 1175 4338 factione
1221 4285 1385 4339 etiam
1425 4285 1480 4339 in
1533 4287 1738 4342 crimen
1774 4288 1987 4342 violatae
2023 4289 2147 4342 fidei

581 4381 1037 4440 protostratorcm
1099 4375 1387 4440 vocabant,
1445 4376 1705 4432 scientem
1765 4381 2147 4450 volentemque

2243 531 2402 600 αὖθις
2430 537 2788 607 ἐπανέρχοιτο
2823 537 2900 599 είς
2930 536 3321 606 Διδυμὸτειχον,
3354 540 3715 609 πρωτοστράτωρ

2243 639 2302 676 τε
2329 624 2620 694 συμπάσης
2650 625 2820 693 πεζῆς
2855 626 2948 677 καί.
2995 625 3225 695 ἱππικῆς
3253 625 3510 694 δυνάμεως
3539 644 3717 698 στρατη·

2243 715 2357 785 γῶν
2387 715 2592 786 πολλὴν
2644 716 2782 786 ἔχων
2813 716 3040 786 δύναμιν
3068 719 3148 780 είς
3185 717 3526 785 Περιθεώριον
3550 719 3717 786 ἀφίκεο,

2245 807 2338 860 καὶ
2375 808 2708 878 Ἀπόκαυχος
2791 807 3119 878 μέγαςδοῦξ
3155 807 3210 871 ἐξ
3259 808 3598 877 Ἀμφιπόλεως
3617 815 3719 873 “rei;

2246 897 2620 969 ἐϐδομήκοντα
2673 901 2864 952 ναυσὶν
2895 900 3253 969 ἀναστρέφων
3302 902 3395 968 τῆς
3436 900 3583 969 citi};
3604 901 3722 955 ἕνεκα

2247 989 2448 1054 αίτίας,
2493 990 2634 1058 ἔγνω
2668 991 2779 1042 δεῖν
2827 991 3144 1060 περιμένειν
3193 991 3282 1044 καὶ
3329 990 3478 1052 αὐτὸς
3520 990 3634 1059 μετά
3653 992 3722 1060 τῆς

2247 1081 2416 1152 ἄλλης
2448 1084 2731 1151 στρατιᾶς,
2763 1082 2857 1138 καὶ
2891 1081 3103 1152 βασιλεῖ
3146 1082 3242 1152 τὴν
3271 1081 3508 1134 ἐπάνοδον
3532 1081 3722 1136 κωλύειν.

2247 1173 2370 1226 Τῶν
2398 1173 2532 1227 ὁδῶν
2569 1174 2625 1227 δὲ
2653 1174 2728 1236 ὡς
2757 1173 2878 1237 ἔθος
2901 1173 3343 1242 φυλαττομένων,
3376 1172 3454 1224 ἵνα
3496 1171 3559 1240 μὴ
3584 1171 3726 1223 λανθά-

2248 1279 2390 1316 νοιεν
2436 1264 2500 1316 ἐκ
2542 1263 2927 1333 Διδυμοτείχου
2981 1262 3012 1332 ἢ
3071 1261 3338 1333 βασιλέως
3375 1261 3496 1330 πρὸς
3527 1260 3726 1329 ἀλλήλους

2249 1352 2636 1422 ἀφικνούμενοι
2661 1369 2827 1415 τινες,
2857 1355 2885 1406 ὁ
2916 1353 2986 1405 τὰ
3011 1352 3312 1421 γράμματα
3342 1349 3562 1418 κατέχων
3586 1349 3727 1409 nine,

2253 1437 2560 1507 συνελήφθη
2595 1436 2690 1492 καὶ
2720 1439 2860 1509 ἢχθη
2901 1439 3036 1508 πρὸς
3065 1438 3541 1508 πρωτοστράπορω
3566 1439 3731 1506 enipeu-

2251 1526 2490 1597 νώμενος
2522 1528 2579 1581 δὲ
2627 1530 2755 1599 περὶ
2797 1517 3169 1600 γραμμάτων,
3203 1531 3463 1600 ὡμολόγει
3491 1530 3630 1598 ἐχειν.
3669 1531 3734 1581 καὶ

2253 1619 2547 1690 παρείχετο
2598 1618 2794 1682 εὐθιῖς·
2829 1620 2896 1674 τὰ
2943 1620 2998 1673 δέ
3050 1619 3220 1673 ἐδεῖτο
3277 1619 3524 1689 βασιλέως
3565 1621 3734 1686 τάχιστα

2251 1711 2408 1781 ἥκειν
2461 1709 2597 1781 πρὸς
2637 1711 2833 1775 αὐτοὺς
2870 1712 2963 1765 καὶ
3012 1711 3086 1781 μὴ
3122 1700 3409 1780 ῥᾳθυμεῖν.
3441 1711 3550 1763 Τῶν
3589 1712 3674 1777 γὰρ
3699 1713 3736 1760 ἐν

2184 1791 2617 1872 ΒΔιδυμοτείχῳ
2671 1802 2732 1854 τὸ
2785 1801 2886 1870 μὲν
2947 1802 3338 1873 στρατιωτικὸν
3387 1803 3556 1864 ἱππεῖς
3597 1819 3644 1852 τε
3670 1800 3736 1852 aut

2253 1891 2406 1956 πεζοὶ
2451 1892 2518 1945 τὰ
2565 1893 2704 1946 κατὰ
2738 1892 2963 1963 Θρᾴκην
2997 1894 3170 1964 χωρία
3206 1894 3504 1962 ληϊζόμενοι
3543 1893 3738 1959 ἀφορμὰς

2249 1984 2344 2038 τοῦ
2379 1984 2495 2054 βίου
2521 1984 2824 2038 ἐποιοῦντο.
2867 1984 3100 2054 Ὁμοίως
3128 1985 3188 2037 δὲ
3221 1985 3316 2037 καὶ
3355 1983 3653 2053 χειροτέχναι
3675 1983 3738 2033 καὶ

2249 2072 2400 2129 ἄλλοι
2432 2074 2578 2135 ὅσοις
2619 2075 2647 2126 ὁ
2681 2072 2796 2139 βίος
2825 2090 2891 2143 ην
2924 2076 2987 2125 ἐκ
3023 2073 3134 2126 τῶν
3180 2067 3382 2143 χειρῶν
3410 2071 3657 2132 πονοῦντες
3676 2070 3739 2121 καὶ

2249 2165 2638 2235 ἐργαζόμενοι,
2685 2165 2877 2229 διέζων
2929 2165 3035 2218 τῶν
3085 2165 3403 2234 ἀναγκαίων
3431 2161 3736 2231 εὐποροῦντες.

2251 2261 2312 2313 Ol
2346 2260 2498 2328 μέσοι
2529 2259 2585 2312 δὲ
2612 2259 2719 2312 τῶν
2757 2258 2992 2311 πολιτῶν
3051 2258 3193 2310 πάνυ
3226 2257 3494 2328 κραταιῶς
3523 2255 3738 2315 ἐπιέζοντο

2251 2351 2354 2404 ὑπὸ
2382 2351 2588 2415 ἐνδείας
2636 2351 2909 2421 μηδεμίαν
2955 2351 3254 2419 οὐδαμόθεν
3287 2351 3534 2419 εὐπορίαν
3562 2348 3738 2416 ἔχοντες.

2252 2441 2351 2496 Διά
2383 2442 2557 2497 ταῦτα
2584 2441 2680 2497 οὖν
2713 2444 2924 2497 ἐδέοντο
2967 2443 3235 2513 βασιλέως
3282 2442 3483 2512 βασιλίς
3525 2458 3576 2493 τε
3597 2441 3624 2508 ἡ
3647 2437 3742 2505 γυνὴ

2241 2534 2576 2605 δμοίως-καὶ
2599 2536 2847 2598 meum,
2875 2539 3104 2605 τάχιστα
3137 2531 3456 2605 ἐπανήκειν,
3481 2533 3545 2594 ὡς
3571 2533 3652 2600 τῆς
3675 2530 3743 2582 αὖ·

2251 2627 2344 2679 τοῦ
2404 2629 2699 2697 ἐπιδημίας
2767 2630 2881 2690 τοῖς
2934 2627 3181 2690 πολίταις
3245 2627 3502 2696 ἐσομένης
3554 2623 3746 2694 μεγάλω

2250 2718 2549 2786 συμφορῶν
2603 2716 2944 2785 ἀπαλλαγῆς.
3001 2718 3450 2788 Πρωτοστράτωρ
3479 2715 3530 2766 δὲ
3562 2714 3662 2766 ἐπεὶ
3699 2710 3746 2761 τὰ

2251 2809 2562 2879 γράμματα
2597 2810 2827 2877 ἀνέγνω,
2878 2810 3179 2881 περίεργόν
3221 2828 3273 2862 τι
3317 2808 3476 2877 δῆθεν
3512 2805 3653 2859 ποιῶν
3685 2802 3748 2856 καὶ

2252 2902 2536 2970 ἀγχινοίας
2567 2901 2739 2966 ἀξιον,
2777 2901 2962 2954 ἔπειθε
2991 2901 3081 2953 τὸν
3129 2903 3356 2968 ἄγοντα,
3393 2899 3592 2970 χρυσίον
3620 2914 3749 2964 παρει-

2254 2996 2545 3064 σχόμενος,
2585 2996 2680 3046 καὶ
2731 2992 2896 3046 αὑτὸν
2945 2993 3419 3062 ἐπαγγειλάμενος
3455 2992 3538 3043 καὶ
3573 2987 3750 3046 οἰκείους

2253 3084 2316 3139 εὖ
2356 3086 2604 3156 ποιήσειν
2635 3099 2650 3116 ο
2675 3083 3042 3155 Σηλυϐριανὸς
3081 3086 3194 3154 γὰρ
3218 3081 3285 3155 ἦν
3310 3101 3325 3115 ·
3356 3084 3491 3136 ῶστε
3528 3081 3587 3133 τά
3619 3078 3751 3148 γράμ-

2257 3195 2403 3248 ματα
2435 3177 2858 3248 μεταγραφέντα
2957 3174 3108 3246 αὑτῷ
3155 3175 3353 3239 ἐδόκει,
3389 3167 3751 3236 Καντακονζηνῷ

2254 3270 2531 3339 ἀγαγόντα
2563 3270 2893 3340 παρασχεῖν,
2929 3268 3102 3338 μηδὲν
3134 3267 3539 3335 ἀπαγγείλαντα
3564 3265 3652 3314 τῶν
3674 3271 3752 3323 etp-

2255 3362 2568 3431 γασμένων,
2599 3361 2714 3414 ἀλλ’
2742 3362 2815 3423 ὡς
2846 3361 2974 3414 ὄντα
3007 3359 3284 3431 βασιλίδος
3320 3361 3415 3429 τῆς
3445 3354 3682 3426 γυναικός.
3709 3348 3750 3400 Ὃ

2257 3453 2358 3522 μὲν
2403 3450 2496 3506 οὖν
2527 3453 2704 3506 ἐποίει
2731 3452 2871 3505 κατά
2897 3452 2966 3505 τά
3008 3452 3448 3522 κεκελευσμένα,
3483 3451 3567 3502 καὶ
3595 3459 3754 3511 πρωτο-

2255 3544 2507 3613 στράτωρ
2535 3543 2685 3598 ἄκων
2717 3543 2970 3614 ὠφέλησε
3019 3543 3249 3613 βασιλέα
3295 3561 3353 3596 τε
3397 3544 3485 3595 καὶ
3529 3542 3636 3603 τοὺς
3663 3536 3754 3605 περὶ

2254 3634 2437 3689 αὐτόν.
2483 3633 2570 3694 Ὠς
2599 3633 2708 3702 γὰρ
2734 3635 2802 3684 τά
2853 3649 2915 3686 τε
2958 3633 3272 3703 γράμματα
3308 3632 3667 3700 ἀνεγινώσκ;το
3689 3626 3755 3679 καὶ

2253 3725 2450 3794 ἤκουον
2516 3725 2648 3794 περὶ
2701 3723 2802 3792 τῆς
2855 3723 3252 3796 ἐνεδρευούσης
3287 3726 3538 3795 στρατιᾶς
3578 3722 3619 3773 οἱ
3661 3716 3756 3782 περὶ

2255 3811 2502 3884 βαςιλέα,
2529 3815 2604 3878 ὡς
2638 3814 3060 3868 πολλαπλασίων
3096 3832 3155 3867 τε
3206 3816 3390 3869 αὐτῶν
3429 3816 3508 3884 είη
3551 3814 3632 3865 καὶ
3671 3809 3754 3866 τοῖς

2253 3909 2420 3959 πᾶσιν
2448 3908 2758 3977 ἐρρωμένη,
2786 3902 2876 3960 οἶα
2907 3907 2970 3977 δὴ
3000 3905 3153 3959 οὔπω
3201 3909 3329 3977 χθὲς
3359 3909 3452 3960 καὶ
3493 3903 3658 3974 πρώην
3679 3900 3755 3950 τῶν

2251 3997 2439 4050 οἰκιῶν
2462 3997 2541 4065 είς
2567 3996 2666 4065 τὴν
2700 3998 2996 4067 στρατείαν
3022 3998 3360 4064 ἐξελθόντες,
3387 3997 3500 4066 Θεῷ
3525 4013 3578 4047 τε
3605 3990 3757 4066 πολλὰς

2249 4087 2564 4157 ὡμολόγουν
2593 4090 2822 4158 χάριτας
2843 4089 2941 4158 τῆς
2963 4090 3044 4151 είς
3078 4090 3282 4154 αὐτοὺς
3315 4089 3558 4158 προνοίας
3581 4080 3756 4137 καὶτῶν

2251 4177 2516 4231 κινδύνων
2536 4179 2634 4246 τῆς
2666 4179 3012 4248 ἀπαλλαγῆς,
3034 4182 3130 4233 καὶ
3197 4180 3431 4248 βασιλίδι
3460 4181 3548 4248 τῆς
3577 4172 3756 4240 σπουδῆς

2251 4271 2348 4321 καί⁵
2375 4268 2476 4338 τῆς
2515 4269 2797 4339 φροντίδος
2852 4271 2953 4337 τῆς
3009 4273 3138 4341 περὶ
3186 4273 3408 4337 αὐτοὺς,
3458 4271 3546 4322 καὶ
3586 4269 3756 4334 ἄσμενοι

2250 4359 2635 4431 ὑπέστρεφον,
2697 4362 2790 4415 τοῦ
2854 4361 3107 4432 μείζονος
3170 4363 3426 4416 κινδύνου
3471 4362 3534 4414 τὰ
3577 4352 3756 4424 δυσχερῆ

583 4463 987 4528 Cantacuzeno,
1028 4467 1116 4520 cui
1147 4467 1361 4520 occulte
1394 4468 1664 4530 studeret.
1702 4470 1973 4539 profuisse
2018 4487 2149 4527 con-

2254 4451 2520 4522 πρότερον
2560 4452 2656 4506 καὶ
2703 4453 3035 4525 δυσάρεστα,
3065 4455 3242 4524 ῥᾷστα
3275 4456 3373 4508 καὶ
3406 4451 3755 4506 λυσιτελέστατα

583 4551 882 4606 ﬁrmantes.
941 4553 992 4606 ls
1046 4569 1178 4608 vero
1232 4555 1549 4623 juramento
1606 4556 1954 4626 interposito,
2012 4561 2150 4615 nihil

579 4640 848 4708 ejusmodi
876 4656 933 4696 se
963 4643 1202 4697 voluisse
1234 4645 1614 4710 asseverabat,
1643 4647 1737 4702 sed
1763 4647 1912 4702 velut
1941 4650 2150 4704 caelesti

589 4729 822 4798 quadam
857 4732 906 4784 vi
937 4747 1005 4786 eo
1037 4733 1330 4802 impulsum
1349 4752 1490 4802 esse,
1515 4754 1640 4793 cum
1671 4750 1888 4809 putaret
1919 4757 1976 4796 se
2004 4742 2152 4796 Can-

585 4835 910 4876 tacuzenum
945 4838 1066 4877 cum
1108 4816 1404 4881 numeroso
1453 4829 1840 4886 adventantem
1900 4834 2148 4888 exercitu

581 4915 963 4984 decepturum,
997 4915 1040 4970 si
1067 4916 1117 4971 ei
1151 4917 1443 4973 terrefacto
1501 4923 1871 4978 reversionem
1923 4941 2149 4994 persua-

580 5005 763 5059 sisset.
820 5007 944 5060 llzec
976 5005 1042 5060 ad
1082 5007 1230 5062 hunc
1266 5008 1489 5063 modum
1533 5019 1651 5066 acta
1693 5025 1843 5078 sunt,
1871 5025 1928 5069 et
1954 5016 2151 5072 (latim—

581 5110 831 5150 cuzeuus
869 5099 934 5149 ad
960 5095 1174 5151 Cralem
1204 5111 1262 5151 se
1291 5100 1515 5168 recepit.
1553 5101 1914 5169 Apocauchus
1945 5105 2151 5176 Byzauo

578 5188 718 5240 tium
765 5202 986 5241 cursum
1038 5180 1268 5249 reflexit.
1315 5205 1479 5259 quem
1520 5191 1707 5246 incolae
1751 5196 1936 5248 multis
1999 5198 2150 5264 plau-

579 5279 736 5334 sibus
767 5290 822 5334 et
854 5280 1121 5334 encomiis
1150 5280 1513 5348 admirandis,
1551 5293 1903 5351 servatorem,
1943 5303 2149 5356 propu-

577 5382 886 5436 gnatorem,
918 5371 1268 5426 liberatorem
1304 5375 1613 5428 vocitantes
1641 5387 1998 5446 exceperunt.
2023 5378 2146 5433 Cir-

574 5474 928 5528 cumquaque
961 5468 1075 5513 tum
1129 5461 1269 5515 fama
1309 5463 1644 5530 percrebuit,
1705 5465 2146 5520 Cantacuzenum

574 5565 648 5601 ne
698 5549 992 5604 audentem
1048 5552 1266 5620 quidem
1327 5555 1543 5629 obtueri
1606 5570 1860 5624 magnum
1927 5557 2144 5620 ducem,

576 5641 868 5709 desperata
920 5643 1096 5699 salute
1140 5645 1454 5710 revertisse,
1511 5655 1566 5700 et
1613 5647 1676 5699 ad
1710 5657 1958 5702 sanctum
1993 5662 2146 5699 mon-

577 5739 691 5784 lctu
771 5732 842 5787 ibi
904 5749 1090 5790 revera
1146 5736 1472 5790 monachum
1534 5739 1904 5806 professurum
1983 5740 2142 5812 [abire

2255 4544 2545 4612 φαίνεσθαι
2577 4544 2883 4606 ποιοῦντος.
2909 4544 3067 4598 Οὕτω
3101 4547 3203 4612 μὲν
3234 4544 3328 4600 οὖν
3360 4543 3595 4616 βασιλεύς
3615 4558 3663 4592 τε
3688 4536 3754 4588 καὶ

2251 4639 2300 4689 οί
2327 4637 2462 4705 ἀμφ’
2487 4638 2648 4690 αὐτὸν
2685 4637 3108 4708 ἀπροσδοκήτων
3139 4639 3401 4709 ἐρῤύοντο
3433 4635 3680 4692 κινδύνων,
3706 4629 3751 4678 ἐκ

2256 4728 2352 4797 τῆς
2377 4729 2524 4797 παρὰ
2552 4727 2666 4781 τῶν
2710 4728 2984 4796 πολεμίων
3017 4730 3284 4798 πονηρίας
3338 4728 3560 4799 μέγιστα
3597 4720 3756 4790 ὠφελη-

2256 4820 2459 4884 θέντες.
2515 4820 2573 4872 '0
2608 4822 2781 4889 μέγας
2821 4821 2876 4873 δὲ
2905 4821 3027 4883 δοὺξ
3054 4821 3383 4890 πυθόμενος,
3411 4820 3481 4882 ὡς
3514 4819 3634 4870 πάνυ
3659 4808 3757 4880 φαῦσ

2253 4913 2352 4980 λην
2383 4915 2533 4978 ἄγων
2578 4915 2861 4980 στρατιὰν,
2895 4913 2990 4964 καὶ
3029 4913 3083 4973 ἐς
3112 4913 3178 4964 τά
3213 4910 3451 4981 μάλιστα
3475 4905 3756 4976 εὐεπιχείρη·

2251 5021 2341 5065 τος
2389 5002 2486 5067 ὣν,
2514 5004 2908 5074 ἀναστρέψειεν
2939 5006 3002 5055 ἐκ
3031 5005 3141 5056 τῶν
3182 5005 3544 5074 γραμμάτων,
3577 4999 3608 5052 ἃ.
3633 5008 3754 5062 μετα·

2255 5096 2534 5162 ποιήσειεν
2572 5097 2599 5148 ὁ
2633 5094 2904 5164 γαμϐρὸς,
2949 5094 3151 5164 πολλὴν
3185 5096 3338 5166 αὐτῷ
3379 5095 3546 5160 ἐπῆγε
3576 5086 3753 5159 μέμψιν.

2250 5185 2345 5237 καὶ
2378 5185 2643 5253 ὠργίζετο
2677 5183 2950 5253 φανερῶς,
2980 5185 3060 5235 ὅτι
3097 5182 3210 5236 τὺνο
3231 5184 3426 5252 ἐχθρὸν
3455 5181 3510 5244 ἐξ
3548 5171 3754 5230 ἀϐουλίας

2249 5276 2573 5345 ὠφελήσειε.
2621 5274 2816 5327 Πολλοὶ
2863 5274 2920 5326 δὲ
2981 5274 3073 5327 καὶ
3120 5275 3230 5327 τῶν
3279 5275 3344 5326 ea
3398 5273 3484 5325 ίσα
3520 5263 3752 5339 ᾑρημένων

2259 5368 2608 5438 ’Λποκαύχῳ,
2640 5369 2734 5421 καὶ
2761 5367 3017 5430 ἀπιστίας
3053 5367 3514 5439 πρωτοπράτορα
3538 5357 3753 5428 ἐγράφον⁶

2248 5479 2332 5525 το,
2357 5461 2433 5522 ὡς
2460 5462 2602 5513 ἑκὼν
2631 5457 2772 5512 εἷναι
2816 5459 3271 5540 Καντακουζηνὸν
3299 5456 3614 5526 ὠφελήσειεν
3641 5449 3751 5512 iqu-

2251 5556 2526 5626 ριξόμενοι
2552 5553 2741 5623 κρύφα
2771 5553 2840 5606 τὰ
2873 5555 3082 5608 ἐκείνου
3119 5551 3415 5641 ᾑρημέννςο
3465 5547 3524 5598 Ὃ
3545 5542 3588 5594 δ’
3612 5543 3751 5641 afaf“

2248 5644 2641 5708 δ;ε6ε6αιοῦτο,
2691 5644 2767 5707 ὡς
2818 5645 2973 5698 οὐδὲν
3026 5643 3173 5711 αὐτῷ
3219 5638 3461 5695 το.οὗτον
3502 5638 3750 5690 anitatem}.

2254 5736 2369 5790 ἀλλ’
2405 5737 2594 5807 ὥσπερ
2621 5736 2724 5790 ὑπό
2750 5754 2887 5800 τινος
2916 5737 3177 5807 ἀγόμενος
3201 5735 3475 5804 δυνάμεως
3499 5725 3751 5797 κρείττονος
