3998 6204
257 350 392 420 1041

1396 360 1931 428 HISTORIARUM
1971 355 2200 426 LIBER
2219 364 2352 429 ‘lll.

3355 343 3504 440 me
3572 320 3582 325 ’

252 470 554 534 δουλεύειν,
593 470 810 542 βασιλεῖ
851 471 906 526 δέ
950 472 1156 546 μᾶλλον
1203 475 1430 531 εὐνοεῖν.
1471 477 1734 540 Βασιλεὺς
1761 475 1820 530 δέ

1945 491 1983 530 ιο
2008 475 2341 547 adjnnxerit.
2373 469 2719 551 Amplectens
2747 465 3038 542 consilium
3062 487 3359 558 imperator
3381 500 3492 544 sta-

253 559 527 624 ἀκούσας,
581 559 872 634 ὑπερήσθη
913 563 1013 633 μὲν
1060 566 1156 618 ἐπὶ
1208 566 1321 630 τοῖς
1351 566 1696 636 εἰρημένοις,
1727 565 1848 617 καὶ-

252 651 360 705 τῶν
385 652 600 704 πολλῶν
633 653 933 708 ἀνέπνευσα
964 656 1312 726 φροντίδων,
1339 655 1400 710 τὸ
1447 656 1604 709 Θείον
1652 655 1822 710 αὐτοῦ

249 742 518 812 πρόνοιάν
558 760 680 796 τινα
725 747 1058 816 πεποιῆσθαι
1101 748 1327 818 οἰηθεὶς,
1361 749 1457 802 καὶ
1497 753 1594 804 τὸν
1654 751 1844 820 ἄνδρα·

250 836 390 899 πρδς
421 834 653 886 τοιαῦτα
701 842 1074 907 κεκινηκέναι.
1116 841 1323 910 Ἤρετό
1375 858 1434 893 τε
1497 825 1566 896 εί
1594 845 1718 907 τοὺς
1765 847 1824 899 ἐν

249 924 397 994 λόγῳ
439 925 674 993 μάλιστα
727 927 916 998 εξδείη,
973 929 1329 1001 Βερῤοιωτῶν
1387 933 1484 986 καὶ⁵
1534 935 1672 1005 πρὸς
1730 933 1825 997 οὓς

250 1032 407 1078 τινας
459 1016 639 1069 αὐτῶν
673 1018 1033 1087 συμϐουλεύει
1075 1020 1332 1091 γράφειν,
1367 1021 1461 1076 τοῦ
1504 1022 1582 1084 δέ,
1617 1023 1826 1086 πάντας

253 1105 356 1174 μὲν
388 1106 588 1159 εἰδέναι
629 1108 940 1177 εἰρηκότος,
972 1110 1098 1172 τοὺς
1132 1111 1390 1179 ἀρίστους
1428 1111 1485 1164 δὲ
1525 1110 1825 1182 ἐκλεξαμέ-

249 1211 371 1261 νου,
404 1195 656 1250 ἐπείθετό
695 1214 754 1250 τε
790 1199 818 1250 ὀ
874 1198 1131 1270 βασιλεὺς
1153 1239 1170 1263 ,
1214 1201 1290 1261 ὡς
1323 1203 1502 1264 καλῶς
1538 1202 1826 1272 βεϐουλευ-

251 1287 424 1357 μένῳ,
458 1289 552 1341 καὶ
590 1287 830 1359 ἔγραφεν
869 1289 1088 1345 αὐτίκα.
1118 1275 1437 1362 ’Δρμπενος
1473 1293 1529 1346 δὲ
1573 1294 1828 1348 συνεϐού-

247 1379 406 1433 λευεν
432 1380 483 1432 εί
526 1381 744 1434 δύναιτο
770 1382 867 1436 καὶ
899 1383 1126 1454 Κράλην
1151 1384 1362 1452 πείθειν
1401 1386 1644 1440 ἐνδοῦναι
1675 1387 1825 1458 αύτῷ

245 1471 345 1526 καὶ
393 1471 644 1541 φανερῶς
683 1471 824 1542 ὑπὲρ
852 1475 1019 1527 αὐτοῦ
1056 1475 1404 1546 διαλεχθῆναι
1439 1478 1824 1550 Μρῤοιὼταις·

249 1561 466 1630 βασιλεῖ
488 1581 548 1616 τε
583 1565 693 1635 γὰρ
725 1565 794 1618 τὰ
827 1567 1062 1636 μέγιστα
1089 1567 1468 1640 λυσιτελήσειν
1493 1571 1554 1624 τὸ
1592 1572 1822 1639 τοιοῦτο,

248 1655 345 1707 καὶ
367 1655 518 1724 αύτῷ
551 1656 648 1723 τὴν
668 1661 962 1728 συντυχίαν
996 1661 1204 1731 μηδένα
1229 1662 1476 1717 κίνδυνον
1510 1663 1736 1734 ὕστερον
1760 1667 1827 1720 ἂν

249 1747 576 1816 ἐπαγαγεῖν,
609 1751 658 1802 εἰ
691 1751 722 1818 ὴ
765 1751 920 1816 πόλις
973 1755 1323 1825 προσχωροίη
1361 1757 1595 1825 βασιλεῖ.
1641 1760 1826 1814 Ἐπεί-

1933 563 2029 662 tim
2062 564 2129 618 ad
2175 565 2388 622 Cralem
2436 571 2580 637 adit,
2629 587 2764 662 nuru
2824 573 2983 646 555
3035 578 3318 632 Arbenum
3367 579 3497 633 Ber-

1932 653 2142 709 rhmam
2171 656 2390 713 mittere
2413 658 2545 713 velit
2576 653 2984 729 percunctatur.
3013 663 3130 730 Quo
3155 665 3357 728 aiente,
3385 663 3500 719 Vo-

1930 744 2107 800 lebam
2159 756 2211 803 et
2269 751 2384 818 ipse
2437 749 2506 804 ad
2563 765 2659 807 eos
2718 753 2983 822 scribere,
3042 757 3246 827 inquit,
3293 767 3496 825 eosque

1930 850 2112 902 orare,
2139 837 2217 892 uti
2249 854 2336 893 me
2380 840 2436 894 in
2490 843 2680 899 urbem
2721 845 3096 902 admitterent.
3138 847 3243 903 Sed
3283 862 3494 902 mecum

1933 934 2208 994 repetens,
2240 943 2351 997 quo
2380 940 2539 1000 pacto
2602 934 2840 1004 legatum
2892 951 3072 991 meum
3121 937 3330 992 Phenei
3369 946 3498 992 ante

1938 1018 2321 1085 tractaverint,
2359 1036 2522 1091 quem
2543 1025 3020 1090 contrucidarunt,
3055 1037 3236 1098 empto
3285 1027 3495 1089 destiti.

1935 1104 2202 1177 timuique
2233 1123 2302 1163 ne
2354 1110 2522 1165 alium
2567 1112 2620 1168 in
2684 1115 2862 1170 simile
2899 1116 3100 1170 malum
3140 1117 3492 1187 conjicerem.
3537 1152 3540 1168 ς

1937 1194 2274 1253 Hortabatur
2326 1201 2511 1270 itaque
2569 1203 2806 1270 Cralem,
2862 1214 2922 1260 ut
2969 1206 3087 1273 ipse
3139 1207 3318 1275 potius
3397 1221 3499 1276 pro

1933 1300 1994 1342 se
2043 1289 2332 1351 scriberet.
2393 1303 2448 1345 et
2493 1292 2667 1347 nihilo
2749 1297 2931 1350 minus
3003 1295 3227 1351 Arbeno
3265 1297 3498 1352 manda-

1935 1389 2045 1444 ret,
2080 1391 2141 1435 ut
2166 1381 2212 1435 is
2245 1383 2531 1438 amborum
2560 1385 2703 1438 inter
2731 1400 2790 1440 se
2815 1385 3026 1441 foedera
3066 1387 3276 1441 sancita
3318 1387 3497 1456 palam

1935 1471 2226 1535 indicaret,
2257 1482 2312 1528 et
2340 1475 2441 1544 ipsi
2489 1476 2655 1531 etiam
2696 1476 2964 1548 voluptati
3019 1476 3265 1532 futurum
3295 1516 3308 1540 ,
3341 1479 3386 1532 si
3427 1477 3498 1531 ad

1933 1563 2374 1620 Cantacuzennm
2399 1581 2457 1622 se
2487 1569 2855 1639 aggregarint.
2877 1566 3092 1626 Crales.
3111 1581 3177 1623 eo
3230 1567 3500 1627 dictante.

1933 1669 2072 1722 quas
2090 1655 2194 1710 sibi
2237 1658 2556 1714 commodas
2594 1659 2847 1736 duceret,
2889 1656 3101 1714 exarari
3135 1659 3346 1714 litteras
3379 1673 3502 1728 per-

1937 1745 2106 1811 misit,
2185 1747 2511 1818 Arbenoque
2570 1753 2881 1821 praecepit,
2971 1766 3072 1820 pro
3169 1750 3504 1820 imperatore

253 1840 382 1922 θετό
421 1857 479 1892 τε
503 1842 530 1893 ό
561 1841 817 1911 βασιλεὺς
844 1822 1062 1911 αὐτίκα,
1098 1822 1612 1922 καὶ-πρδςνΚράλην
1639 1852 1829 1921 ἐλθὼν,

1945 1837 2080 1905 apud
2102 1837 2452 1894 Berrhaeotas
2481 1839 2798 1905 dissereret,
2832 1842 3072 1911 illosque
3093 1841 3338 1906 doceret,
3370 1839 3505 1896 Cra-

249 1919 608 1997 ἐτὲυνθάνετο,
666 1938 714 1987 εί
761 1936 1008 2006 βούλοιτο
1064 1940 1202 2010 πρὸς
1264 1919 1532 2013 Βέρῤοῗιαν
1567 1919 1832 2015 *πέμπειν

253 2024 591 2094 ’Δρμπενον.
630 2027 736 2080 Τοῦ
786 2030 843 2083 δὲ
890 2030 1246 2100 συνθεμένου,
1294 2034 1652 2106 Ἐϐουλόμην,
1707 2035 1830 2092 εἷπε

249 2115 486 2185 γράφειν
509 2119 600 2170 καὶ
626 2120 784 2183 αύτδς
816 2123 911 2175 καὶ
939 2127 1224 2195 παραινεῖν
1253 2125 1332 2189 εἰς
1361 2126 1460 2198 τὴν
1503 2128 1660 2181 πόλιν
1680 2128 1832 2200 δέχε-

253 2205 404 2258 σθαι.
461 2206 688 2262 Ἐννοῶν
736 2211 791 2264 δὲ
837 2207 928 2266 οἷα
986 2214 1246 2282 δράσειαν
1288 2217 1508 2286 ⁴ῢεραῖῖοι
1553 2218 1646 2274 τὸν
1703 2236 1836 2289 πρε-

253 2297 521 2352 σδεύοντα
553 2303 932 2372 ἀπεκτονότες,
960 2306 1096 2376 πρὸς
1133 2307 1232 2378 τὴν
1255 2309 1599 2380 ἐπιχείρησιν
1623 2311 1834 2381 ἀμϐλύ-

253 2387 440 2440 νεσθαι
472 2431 488 2455 ,
521 2389 773 2466 δεδοικὼς
823 2394 899 2465 μὴ
942 2395 1040 2450 καὶ
1085 2398 1232 2469 ἀλλῳ
1263 2399 1375 2452 τῶν
1410 2401 1598 2453 κακῶν
1629 2403 1834 2472 ὁμοίων

254 2476 424 2534 αίτιος
444 2485 713 2549 καταστῇ.
737 2483 1104 2539 Συνεὸούλευέ
1135 2504 1194 2539 τε
1232 2489 1432 2557 μᾶλλον
1464 2491 1698 2560 γράφειν
1740 2491 1838 2546 αύ-

256 2565 346 2628 τδς
376 2569 517 2639 ὑπὲρ
549 2571 734 2626 αὑτοῦ·
770 2573 888 2644 ἄμα
917 2576 973 2629 δέ
1038 2579 1134 2630 καὶ
1170 2579 1461 2651 Ἀρμπένῳ
1519 2582 1838 2653 ἐπιτρέπειν

256 2659 625 2743 Βερροιώταις
646 2667 743 2729 τὰς
771 2669 908 2738 πρὸς
938 2670 1201 2740 ἀλλήλους
1229 2671 1413 2724 αὐτῶν
1433 2673 1708 2742 συνθήκας
1738 2677 1834 2730 καὶ

257 2751 386 2815 τοὺς
405 2753 601 2821 ὅρκους
623 2760 889 2828 φανεροὺς
921 2764 1115 2827 ποιεῖν,
1151 2764 1247 2815 καὶ
1278 2763 1352 2825 ὡς
1377 2764 1465 2834 εἴη
1487 2767 1682 2821 κανσοὶ
1701 2768 1839 2836 πρὸς

259 2841 458 2914 ἡδονὴν
506 2845 570 2898 τὸ
599 2855 942 2920 προσχωρεῖν
976 2853 1176 2930 αύτοὺς
1210 2854 1380 2924 αὐτῷ.
1438 2855 1497 2910 ὀ
1549 2857 1626 2923 δέ,
1654 2861 1720 2912 τὰ
1743 2860 1840 2930 μὲν

260 2934 569 3020 γράμματα
588 2939 888 3008 ἐπέτρεπεν
904 2927 1063 2996 aestv
1084 2946 1490 3016 ὑπαγορεύοντα
1508 2927 1837 3020 γράφεσθαι,

263 3019 352 3074 οἷα
385 3025 449 3077 ἂν
478 3026 610 3097 δοκῇ
637 3030 784 3101 αὐτῷ
822 3032 1142 3102 συμφέρειν.
1171 3037 1482 3104 Ἀρμπενον
1508 3041 1563 3092 δὲ
1592 3019 1841 3093 ἐκέλευεν

264 3115 410 3188 ὺπέρ
430 3117 690 3187 βασιλέως
726 3123 1085 3195 Βερῤοιώταιξ
1109 3126 1470 3196 διαλέγεσθαι,
1495 3131 1590 3184 καὶ
1610 3133 1841 3205 φανερὸν

269 3211 454 3273 αὐτοῖς
483 3215 782 3280 notet-1.6);
803 3219 956 3270 οὐδὲν
1005 3221 1190 3286 ἡγοῖτο
1244 3222 1524 3292 διαφέρειν
1572 3223 1722 3294 αὐτῷ
1781 3243 1840 3277 τε

273 3306 620 3373 προσχωρεῖν
650 3307 742 3358 καὶ
783 3307 1010 3376 βασιλεῖ.
1037 3309 1196 3363 Οὕτω
1250 3312 1349 3380 μέν
1408 3308 1501 3366 οὖν
1539 3315 1570 3381 ἡ
1630 3315 1843 3367 ἐπίνοια

267 3397 455 3456 αὐτοῖς
512 3403 592 3462 είς
630 3401 782 3463 τέλος
819 3403 966 3470 ἥκει.
1014 3403 1334 3473 Ἀρμπενος
1383 3404 1440 3456 δὲ
1475 3405 1554 3465 εἰς
1583 3403 1842 3475 Βέρῤοιαν

267 3483 466 3552 ἐλθὼν,
495 3493 564 3545 τά
593 3510 651 3546 τε
689 3493 884 3566 Κράλῃ
911 3493 1223 3563 γράμματα
1249 3495 1546 3563 παρείχετο
1578 3494 1844 3562 ἀναγινώ-

227 3567 234 3572 ί
270 3583 504 3637 σκεσθαι
532 3585 616 3637 ἐπ’
663 3586 979 3654 ἐκκλησίας,
1001 3586 1095 3637 καὶ
1123 3587 1188 3638 τὰ
1220 3585 1484 3654 βασιλέως
1512 3588 1623 3646 τοῖς
1653 3589 1842 3658 ἐπιτη-

267 3673 438 3735 δείοις
489 3673 671 3743 κρύφα
709 3674 954 3728 διεδίδου.
999 3675 1333 3744 Βερῤοιῶται
1364 3676 1420 3730 δέ
1445 3681 1540 3730 καὶ
1573 3676 1840 3747 πρότερον

273 3765 381 3832 μὶν
404 3765 468 3816 τὰ
503 3764 766 3833 βασιλέως
797 3767 1084 3838 ᾑρημένοι,
1107 3767 1161 3820 ot’
1190 3783 1248 3819 τε
1284 3767 1495 3838 ἄριστοι
1518 3768 1714 3838 ὁμοίως
1752 3767 1846 3820 καὶ

270 3857 300 3908 ὁ
323 3856 385 3924 δῇ
396 3872 496 3925 μσς
517 3853 678 3926 ἦσαν,
703 3858 798 3910 καὶ
821 3859 942 3911 τότε
965 3857 1021 3910 δέ
1045 3857 1151 3911 ὑπὸ
1178 3856 1271 3911 τοῦ
1295 3859 1587 3929 Τρισαλῶν
1608 3858 1844 3924 πολέμου

271 3947 608 4015 πιεζόμενοι,
649 3949 849 4011 πολλὰς
877 3951 986 4022 γάρ
1033 3952 1217 4013 αὐτοῖς
1277 3952 1373 4005 καλ⁸
1421 3952 1666 4020 συνεχεῖς
1695 3951 1849 4004 ἐποι-

269 4039 433 4090 οῦντο
483 4039 582 4101 τὰς
632 4041 878 4108 ἐφόδους,
911 4044 1004 4096 καὶ
1035 4043 1225 4105 κακῶς
1256 4042 1476 4096 ἐποίουν
1530 4042 1628 4112 τὴν
1660 4043 1847 4112 χώραν

269 4130 607 4199 ληϊζόμενοι,
647 4134 739 4186 καὶ
769 4134 1100 4203 συνορῶντες
1136 4135 1261 4206 ἤδη,
1307 4135 1380 4197 ὡς
1425 4135 1484 4189 ἐν
1512 4134 1628 4204 χρῷ
1663 4135 1846 4188 κινδύο

270 4241 370 4276 νου
411 4223 715 4278 καθεστᾶσι
756 4226 1034 4279 δουλεύειν
1053 4227 1347 4296 Τριϐαλοῖς
1380 4227 1846 4295 ἀναγκαζόμενοι,

268 4314 454 4375 ἄλλως
481 4331 541 4367 τε
572 4316 666 4367 καὶ
693 4316 798 4368 ὑπὸ
815 4316 922 4369 τῶν
949 4317 1186 4385 ἀρίστων
1206 4315 1548 4384 ἐναγόμενοι,
1580 4315 1718 4385 πλὴν
1741 4317 1848 4386 γάρ

268 4406 474 4473 ὀλίγων
488 4407 555 4458 τὰ
575 4407 836 4475 βασιλέως
850 4404 988 4476 ἦσαν
1013 4408 1210 4468 πάντες
1232 4407 1519 4477 ᾑρημένοι,
1547 4407 1849 4477 ἐψηφίσαν-

1940 1925 2046 1980 lem
2081 1927 2339 1982 arbitrari
2371 1969 2386 1992 ,
2413 1929 2553 1985 nihil
2593 1931 2886 1999 interesse,
2938 1932 3014 1987 ad
3053 1934 3253 2003 ipsum,
3306 1948 3376 1987 an
3434 1933 3502 1987 ad

1939 2015 2093 2070 illum
2128 2032 2186 2083 se
2227 2021 2563 2075 conferrent.
2605 2023 2696 2077 Sic
2730 2021 2840 2078 illis
2865 2032 3242 2078 commentum
3281 2023 3504 2078 ex‘ani-

1940 2109 2012 2165 mi
2047 2111 2318 2165 sententia
2341 2112 2632 2180 processit.
2655 2114 2919 2170 Arbenus-
2937 2115 3258 2171 Berrhoeam
3289 2115 3503 2186 ingres-

1940 2211 2055 2263 sus,
2095 2197 2276 2254 Cralis
2315 2200 2528 2257 litteras
2559 2203 2615 2257 in
2669 2215 2941 2260 conventu
2987 2205 3297 2261 recitandae
3343 2206 3503 2261 exhi-

1941 2283 2034 2342 bet
2105 2289 2687 2361 etaliasimperatoris
2709 2296 2924 2354 occulte
2973 2311 3072 2366 per
3101 2296 3224 2365 ejus
3259 2297 3505 2352 [autores

1940 2376 2169 2446 spargit.
2205 2377 2539 2435 Berrhoeotae
2569 2391 2622 2436 et
2648 2392 2807 2438 antea
2852 2383 2926 2439 ab
2962 2385 3294 2456 imperatore
3342 2384 3504 2440 mini-

1943 2484 2030 2523 me
2058 2469 2245 2532 alieni,
2281 2471 2572 2540 optimates
2597 2488 2752 2542 teque
2780 2489 2844 2529 ac
2867 2475 3064 2546 vulgus
3100 2483 3158 2532 et
3183 2485 3312 2532 tunc
3333 2492 3362 2532 a
3387 2477 3505 2531 Tri-

1947 2559 2102 2614 ballis
2127 2561 2301 2629 pressi
2330 2561 2548 2633 (crebro
2571 2563 2741 2629 enim,
2791 2565 3250 2636 continenterque
3285 2581 3382 2622 eos
3423 2568 3505 2621 in-

1943 2655 2264 2722 cursabant,
2296 2663 2348 2715 et
2372 2672 2560 2729 agrum
2596 2657 3044 2728 populationibus
3083 2659 3340 2714 infestum
3376 2658 3504 2714 red-

1944 2748 2189 2818 debant),
2221 2759 2278 2805 et
2305 2750 2685 2822 Iintelligentes
2741 2760 3028 2821 praeterea,
3079 2751 3216 2807 nihil
3281 2751 3507 2822 propius

1943 2854 2087 2902 esse,
2125 2827 2290 2908 quam
2328 2849 2389 2896 ut
2417 2839 2785 2896 Triballorum
2803 2841 3017 2913 jugum,
3041 2841 3292 2912 quamvis
3320 2843 3511 2908 nolen-

1946 2938 2026 2985 tes
2065 2929 2372 2999 perferant:
2403 2931 2470 2985 ad
2493 2931 2608 2987 haec
2636 2931 2704 2986 ab
2727 2931 3085 3002 optimatibus
3114 2932 3331 3001 impulsi
3349 2933 3509 3002 (prae-

1950 3029 2032 3077 ter
2067 3031 2295 3092 paucos.
2343 3021 2612 3090 siquidem
2657 3037 2851 3078 omnes
2905 3024 3226 3093 imperatori
3259 3023 3509 3077 adhtere-

1951 3111 2121 3182 bant),
2182 3112 2232 3168 ei
2273 3112 2512 3167 reditum
2557 3114 2905 3169 decernunt:
2963 3113 3228 3185 illicoque
3281 3113 3507 3186 legatos.

1944 3204 2010 3259 de
2044 3205 2380 3274 primoribus
2404 3205 2627 3276 quidem
2666 3205 3065 3279 Alteroperem,
3115 3207 3186 3264 de
3213 3209 3372 3279 plebe
3417 3208 3512 3264 Al-

1943 3291 2190 3362 leluiam,
2220 3296 2287 3351 de
2314 3295 2508 3352 ordine
2557 3297 2884 3354 clericorum
2920 3299 3118 3369 Syrum
3149 3300 3414 3371 deligunt,
3449 3315 3513 3355 ac

1945 3403 2045 3458 per
2068 3402 2164 3443 eos
2200 3397 2396 3456 rogant
2444 3389 2518 3442 uti
2550 3389 2616 3443 ad
2655 3404 2713 3444 se
2736 3399 3083 3460 approperet.
3131 3391 3320 3462 Legati
3373 3391 3513 3446 anti-
3599 3427 3603 3430 -

1945 3495 2105 3550 quam
2127 3480 2365 3534 civitatis
2395 3481 2450 3534 in
2492 3480 2642 3534 illum
2688 3480 3126 3537 benevolentiam
3155 3494 3440 3553 exponunt
3461 3498 3516 3540 et

1944 3571 2064 3626 eam
2124 3571 2267 3624 inter
2319 3571 2436 3625 haec
2495 3586 2645 3624 arma
2730 3572 2911 3626 civilia
2961 3572 3129 3627 animi
3189 3574 3514 3643 pependisse

1944 3664 2174 3733 ejusque
2211 3661 2505 3716 adventum
2531 3672 2838 3732 exoptasse,
2869 3664 2958 3718 cui
2992 3678 3052 3718 se
3089 3663 3292 3720 dedere
3315 3706 3330 3731 ,
3357 3675 3414 3719 et
3445 3665 3512 3720 ad

1953 3753 2157 3808 bellant
2193 3753 2510 3822 adiumento
2535 3768 2654 3807 esse
2688 3754 3081 3824 percupierint.
3115 3753 3390 3821 Quoniam
3415 3771 3516 3808 au-

1948 3853 2056 3900 tem
2085 3860 2322 3899 suorum'
2345 3843 2658 3914 proditione
2691 3847 2744 3898 in
2782 3844 2897 3900 haec
2944 3845 3242 3900 infortunia
3292 3846 3515 3901 incidis-

1947 3945 2048 4001 set,
2076 3945 2132 3990 et
2161 3935 2314 3990 exsul
2335 3936 2398 3989 ad
2420 3934 2690 3991 Triballos
2730 3935 2979 4001 abiisset,
3025 3936 3292 4008 cogitasse
3331 3940 3514 3995 statim

1949 4043 1977 4082 a
2021 4028 2292 4098 principio
2346 4028 2412 4082 ad
2442 4027 2634 4082 urbem
2668 4043 2822 4083 suam
2877 4028 3030 4083 illum
3082 4043 3387 4090 accersere,
3419 4031 3516 4084 sed

1951 4121 2167 4183 timore,
2196 4134 2266 4174 ne
2298 4119 2367 4173 ob
2389 4117 2443 4172 id
2472 4118 2524 4173 in
2547 4120 2908 4175 calamitatem
2938 4120 3386 4176 miserabiliorem
3425 4122 3520 4178 de-

1951 4213 2285 4276 volveretur,
2312 4212 2468 4265 Crale
2495 4222 2720 4282 promer
2771 4212 3056 4277 invidiam,
3090 4219 3144 4268 et
3187 4224 3514 4284 occupatam

1951 4302 2229 4356 civitatem
2266 4302 2496 4358 insidias
2530 4302 2578 4356 ei
2639 4304 3003 4368 instructuro,
3048 4303 3317 4358 hactenus
3355 4306 3516 4374 quic-

1952 4391 2120 4446 visse.
2159 4392 2340 4452 Nunc,
2397 4395 2523 4461 quia
2548 4392 2778 4462 occasio.
2832 4394 3065 4458 venerit,
3125 4399 3180 4446 et
3224 4392 3409 4448 Crales
3465 4394 3517 4448 id

269 4514 334 4549 το
361 4499 462 4566 τὴν
494 4496 754 4566 βασιλέως
789 4497 1015 4550 κάθοδον
1041 4513 1055 4527 ο
1111 4496 1310 4550 αὐτίκα
1354 4513 1414 4547 τε
1447 4496 1680 4566 ᾑροῦντο
1713 4497 1840 4567 πρέ‹

1951 4482 2253 4551 approbare
2279 4483 2548 4547 videatur,
2583 4485 2772 4538 venire
2830 4485 2997 4554 ipsos,
3049 4494 3108 4538 ut
3162 4500 3286 4539 eum
3344 4486 3520 4540 multo

271 4589 449 4650 σϐεις,
475 4590 538 4640 ἐκ
564 4588 664 4658 μὲν
694 4588 804 4640 τῶν
825 4589 1082 4658 ἀρῖστων,
1118 4588 1528 4656 Ἀστραπήρην,
1556 4585 1650 4640 τοῦ
1673 4587 1734 4655 δή
1745 4604 1845 4655 μου

267 4682 353 4745 δὲ,
373 4681 742 4752 Ἀ).λη).ούῖαν’
773 4683 836 4733 ἐκ
869 4680 977 4734 τῶν
1002 4680 1438 4748 κατειλεγμένων
1475 4678 1532 4731 δέ
1557 4678 1635 4744 τῷ
1663 4678 1852 4748 κλήρῳ

269 4775 378 4836 τῆς
423 4773 720 4842 ἐκκλησίας
747 4813 762 4838 ,
804 4771 974 4843 Σύρον
1007 4772 1420 4839 ὠνομασμένον*
1469 4771 1563 4823 καὶ
1603 4767 1850 4837 ἔπεμπον

270 4863 417 4931 ⁶πρὸς
467 4863 708 4932 βασιλέα,
733 4866 965 4933 τάχιστα
992 4864 1237 4934 δεόμενοι
1266 4863 1424 4931 ἥκειν
1459 4860 1598 4930 πρὸς
1626 4857 1848 4922 αὐτούς.

270 4957 340 5005 0t
380 4955 639 5023 πρέσϐεις
670 4955 726 5007 δὲ
769 4955 892 5008 ἐπεὶ
920 4950 1074 5026 ἦκον,
1109 4955 1210 5023 τήν
1257 4969 1318 5005 τε
1363 4953 1602 5022 ἀρχαίαν
1634 4949 1850 5002 εὔνοιαν

270 5043 377 5109 τῆς
411 5043 618 5104 πόλεως
649 5043 866 5113 ἐδήλουν
917 5041 1162 5111 βασιλεῖ,
1199 5041 1292 5092 καὶ
1339 5039 1412 5101 ὡς
1466 5037 1559 5091 τοῦ
1610 5036 1851 5105 πολέμου

270 5132 435 5184 τοῦδε
482 5134 575 5186 τοῦ
631 5133 957 5201 συγγενικοῦ
993 5130 1286 5199 Ῥωμαίοις
1332 5128 1722 5198 κεκινημένου,
1757 5142 1853 5195 με-

193 5272 218 5294 ,
273 5225 481 5291 τέωροι
516 5225 670 5278 αὐτοὶ
706 5222 866 5298 ἦσαν,
904 5227 995 5278 καὶ
1042 5224 1140 5295 τὴν
1181 5222 1345 5276 αὑτοῦ
1401 5220 1692 5292 ἐπιδημίαν
1721 5221 1855 5292 ἦγον

272 5319 351 5370 δι’
405 5318 608 5387 εὐχῆς,
650 5320 741 5370 καὶ
795 5315 1066 5386 πρόθυμοι
1112 5312 1254 5386 ἦσαν
1314 5311 1463 5381 αὑτῷ
1522 5312 1856 5382 προσνέμειν

278 5408 538 5472 ἑαυτοὺς,
574 5410 668 5461 καὶ
695 5407 786 5461 τὸν
825 5410 1063 5475 πόλεμον
1090 5401 1651 5474 συγκατεργάζεσθαι.
1701 5399 1854 5451 Ἐπεὶ

277 5503 339 5553 δὲ
368 5504 434 5552 ἐκ
459 5499 747 5569 προδοσίας
774 5500 884 5552 τῶν
921 5499 1187 5552 συνόντων
1233 5494 1477 5565 συμϐαίη
1534 5494 1660 5556 περὶ
1691 5492 1854 5545 αὐτὸν

279 5589 354 5640 τὰ
398 5590 663 5658 δυσχερῆ,
715 5588 809 5642 καὶ
840 5587 986 5640 ἐλθοι
1016 5585 1308 5656 ὑπερόριος
1354 5584 1489 5652 πρὸς
1530 5580 1852 5652 Τριϐαλοὺς,

288 5680 534 5746 μάλιστα
587 5681 685 5749 μὲν
727 5677 1103 5748 βεϐουλῆσθαι
1165 5675 1329 5738 εὐθὺς
1385 5675 1624 5745 ἐξαρχῆς
1653 5673 1731 5735 εἰς
1760 5673 1856 5741 τὴν

286 5772 449 5822 πιλιν
502 5772 912 5839 προκαλεῖσθαι,
961 5769 1264 5832 δεδοικότας
1315 5766 1371 5822 δὲ
1429 5768 1503 5837 μὴ
1549 5767 1636 5820 διὰ
1686 5764 1857 5817 ταῦτα

1951 4589 2076 4629 cum
2115 4576 2336 4644 gaudio,
2375 4575 2672 4645 laetitiaque
2705 4576 3000 4644 accipiant.
3024 4575 3261 4631 Proinde
3303 4586 3523 4632 moveat

1949 4666 2019 4720 ab
2058 4680 2117 4720 se
2152 4680 2352 4729 moras,
2385 4683 2524 4723 neve
2571 4669 2625 4723 in
2676 4668 2825 4723 aliud
2871 4677 3085 4738 tempus
3140 4668 3388 4734 diii'erat,
3449 4685 3519 4724 ne

1951 4756 2076 4824 quis
2126 4771 2285 4810 casus
2345 4772 2459 4811 rem
2510 4767 2679 4812 totam
2753 4757 3023 4813 disturbet
3087 4765 3252 4828 atque
3289 4767 3520 4812 evertat.

1952 4847 2255 4915 Imperator
2284 4849 2490 4903 civitati
2517 4848 2584 4904 dc
2621 4849 2725 4904 hac
2748 4866 2876 4920 erga
2919 4865 2977 4903 se
3015 4848 3180 4921 546
3213 4851 3518 4911 voluntate,

1954 4948 2010 4993 et
2062 4941 2352 5008 separatim
2414 4941 2602 5008 legatis
2633 4943 2702 4996 de
2766 4943 3010 5012 ipsorum
3051 4957 3176 5010 erga
3228 4956 3288 4994 se
3339 4941 3522 4995 studio

1955 5030 2252 5090 honoriﬁce
2277 5031 2476 5101 gratias
2499 5033 2631 5103 agit,
2668 5034 2922 5102 Cralique
2996 5048 3262 5087 summam
3300 5033 3520 5101 legatio-

1956 5129 2041 5180 nis
2089 5125 2401 5179 renuntiat:
2472 5125 2567 5194 qui
2631 5126 2963 5188 admiratus,
3021 5141 3127 5179 non
3154 5125 3320 5178 etiam
3372 5125 3545 5179 Ber-‘

1956 5218 2190 5280 rhmam,
2235 5225 2292 5270 ut
2335 5217 2574 5288 reliquas
2617 5219 2779 5273 urbes
2805 5259 2820 5284 ,
2865 5219 3031 5274 verba
3066 5217 3135 5272 de
3189 5217 3524 5287 imperatore

1960 5310 2077 5364 ﬁeri
2113 5310 2375 5373 vetuisse,
2428 5311 2543 5380 ipse
2590 5323 2811 5380 quoque
2853 5327 2970 5366 rem
2998 5313 3064 5366 ad
3113 5309 3320 5368 exitum
3351 5307 3526 5363 dedu-

1958 5401 2497 5470 cendamjndicavit.
2535 5401 2738 5456 Helena
2770 5417 2902 5457 vero
2926 5405 3128 5475 conjnx
3169 5415 3308 5458 mire
3366 5401 3530 5455 sollic-

1958 5489 2088 5553 cita,
2153 5492 2546 5557 imperatorem
2601 5491 2919 5555 admonere,
2987 5509 3053 5548 ne
3116 5491 3524 5562 opportunitati

1958 5579 2200 5637 deesset,
2246 5577 2341 5632 sed
2379 5579 2636 5633 omnibus
2677 5581 3018 5652 postpositis,
3057 5583 3404 5638 Berrhaaam.
3437 5584 3525 5638 sui

1956 5672 2094 5740 juris
2144 5669 2323 5723 facere
2395 5669 2570 5724 solum
2618 5675 2998 5731 contenderet.
3082 5653 3524 5750 Diciymotichum

1965 5760 2168 5825 redire,
2201 5775 2321 5815 esse
2357 5761 2407 5815 id
2442 5761 2662 5831 quidem
2696 5767 3062 5823 necessarium
3099 5787 3112 5826 :
3146 5779 3528 5840 verumtamen
