3998 6204
356 253 495 319 1065

1509 252 2042 324 lllSTORlARUM
2092 266 2321 326 LIBER
2359 255 2469 327 Ill.

3448 272 3584 337 1066

352 371 537 440 λεμεῖν
564 371 719 440 ἡμῖν,
756 372 836 433 εἰς
862 369 1120 424 τοσοῦτον
1150 371 1403 435 ἀίουλίας
1433 372 1611 443 ἥξετε,
1669 377 1745 438 ὡς
1777 377 1917 446 μετὰ

2026 391 2122 431 tam
2151 378 2286 432 bene
2314 379 2380 433 de
2414 388 2465 432 te
2491 378 2746 434 meritum
2807 388 2862 435 et
2889 381 3297 450 quodammodo
3329 387 3582 442 condito-

355 466 555 531 πεῖραν
594 462 805 515 πολλῶν
834 461 1075 532 ἀνιαρῶν
1099 463 1336 530 ετσεσθε,
1361 465 1435 526 ὡς
1473 465 1681 534 βέλτιον
1707 463 1774 538 ἦν
1801 467 1922 520 πεί.

356 554 546 608 Θεσθαι
583 555 737 622 ἡμῖν,
795 553 925 623 πρὶν
969 556 1050 616 είς
1079 555 1254 609 ταῦτα
1281 556 1460 626 ἥκειν.
1509 557 1843 628 Βερῤοιῶται
1866 557 1921 609 δὲ

290 650 300 657 ’
358 646 562 716 φανερά
599 646 678 714 τῷ
714 646 925 715 βασιλεῖ
953 647 1216 716 πρότερον
1269 649 1598 718 ποιήσαντες
1632 650 1701 704 τὰ
1734 651 1924 718 γράμ-

357 755 524 806 ματα,
553 737 720 789 Οὐδὲν
752 737 1090 806 θαυμαστὸν,
1123 738 1482 808 ἀντέγραφον,
1519 739 1842 810 Ἀπόκαυχε,
1876 741 1926 793 εί

353 828 448 880 τοῦ
482 829 654 880 πολλά
686 829 1137 899 εὐηργετηκότος.
1171 832 1265 882 καὶ
1317 831 1520 900 τρόπον
1543 832 1667 884 τινὰ
1709 832 1928 900 δεδημιο

352 921 688 988 ουργτ,κότος
719 921 812 971 καὶ
850 920 1013 982 αὐτὸς
1064 921 1489 986 κατεξαναστάς,
1537 921 1728 990 ὥσπερ
1781 924 1808 974 ὁ
1833 921 1924 975 τοῦ

352 1011 582 1079 ψεύδους
629 1011 815 1082 πατὴρ
841 1012 935 1063 καὶ
971 1010 1067 1072 σὸς
1098 1011 1452 1076 διδάσκαλος,
1494 1011 1633 1064 κατὰ
1661 1009 1796 1064 Θεοῦ
1829 1011 1925 1064 τοῦ

355 1099 751 1168 πεποιηκότος,
805 1102 900 1154 καὶ
974 1100 1343 1169 βλασφημίας,
1375 1101 1544 1170 ἀφίης
1615 1098 1925 1154 κατάύτοῦ

356 1192 578 1254 πολλάς.
608 1193 713 1246 Καὶ
751 1195 859 1261 γὰρ
914 1194 1166 1257 κάκεῖνος
1211 1193 1353 1247 κατά
1411 1191 1570 1247 Θεοῦ.
1628 1193 1762 1246 Οὐδὲ
1818 1193 1926 1262 γὰρ

354 1285 498 1336 κατὰ
527 1284 696 1338 τᾶλλα
749 1285 1027 1355 βασκάνου
1083 1285 1178 1339 καὶ
1224 1285 1461 1356 πονηροῦ
1502 1285 1752 1355 δαίμονᾶς
1784 1301 1926 1348 τινος

354 1377 602 1444 ἀποδέεις
639 1379 746 1431 τῶν
777 1379 1172 1450 ἑξητασμένων
1206 1381 1300 1433 ἐπὶ
1328 1379 1530 1448 φθορᾷ,
1561 1380 1792 1448 αῖμασιν
1830 1378 1925 1430 ἀν-

358 1467 596 1539 θρώπων
630 1467 833 1539 χαίρων
867 1471 961 1524 καὶ
997 1469 1398 1541 στρεϐλώσεσι,
1437 1470 1530 1523 καὶ
1571 1469 1782 1539 τρυφὴν
1807 1485 1928 1521 ποι-

353 1559 584 1629 ούμενος
607 1559 704 1623 τὰς
727 1559 810 1612 ἑτέ
821 1578 930 1630 ρων
949 1561 1256 1631 συμφοράς.
1290 1564 1354 1616 Ἀ
1386 1563 1485 1632 μὲν
1509 1558 1603 1615 οῦν
1619 1561 1924 1631 γέγραφας,

353 1651 600 1720 ἀκριϐῶς
635 1650 817 1721 ἔχεται
856 1650 951 1704 τοῦ
981 1652 1136 1721 φίλου
1180 1653 1410 1722 ψεύδους
1446 1672 1460 1685 '
1495 1653 1589 1707 καὶ
1615 1653 1804 1706 τούτου
1826 1654 1926 1722 χά-

359 1758 466 1811 ριν,
492 1740 568 1804 ὠς
621 1740 832 1792 πολλῶν
864 1741 989 1805 ἀξια
1036 1741 1348 1813 βαράθρων,
1381 1743 1790 1814 ἀπεῤῥίψαμεν.
1827 1743 1922 1795 Ἓν

356 1834 415 1886 δὲ
453 1833 609 1902 μόνον
662 1832 1076 1902 πεισθησόμεθα
1105 1833 1376 1904 ἀκριὸῶς,
1424 1833 1486 1885 ού
1513 1833 1655 1886 κατὰ
1690 1834 1794 1903 τὴν
1821 1834 1921 1903 σὴν

357 1926 616 1988 διάνοιαν,
661 1924 776 1978 ἀλλ’
808 1925 884 1988 ὼς
916 1925 1050 1995 ἡμῖν
1091 1925 1383 1993 προσήκει.
1450 1923 1683 1977 Βασιλέα
1717 1925 1828 1995 γὰρ
1862 1925 1922 1976 ού

357 2018 518 2084 μόνον
547 2017 696 2086 πάσῃ
725 2017 952 2084 δυνάμει
996 2015 1297 2085 καθέξομεν
1349 2013 1479 2083 παρ’
1502 2016 1736 2080 ἑαυτοῖς,
1787 2014 1923 2068 ἀλλά

356 2110 453 2162 καὶ
481 2109 621 2178 ὑπὲρ
644 2108 897 2176 δύναμιν,
927 2111 974 2160 εί
1002 2102 1113 2161 οἶόν
1139 2123 1200 2160 τε
1228 2109 1424 2160 εἰπεῖν·
1456 2107 1654 2176 δεῆσαν
1674 2107 1731 2159 δὲ
1763 2123 1926 2176 στρα-

301 2267 306 2269 _
353 2201 535 2253 τεύειν
580 2203 665 2268 ἐφ’
693 2201 857 2269 ὑμᾶς,
890 2201 986 2253 καὶ
1058 2198 1214 2253 αὐτοὶ
1245 2197 1586 2268 πνεψὸμεθα
1635 2199 1727 2252 καὶ
1761 2216 1924 2250 συνα-

351 2292 704 2362 γωνιούμεθα
759 2290 1076 2362 προθύμως.
1131 2291 1193 2344 El
1229 2289 1284 2343 δέ
1312 2307 1461 2358 ,ποτε
1524 2289 1769 2360 συμϐαίη
1811 2290 1927 2344 δια.-

351 2385 549 2453 στῆναι
580 2385 675 2436 καὶ
703 2385 816 2446 τοῖς
839 2381 1109 2451 σώμασιν,
1144 2381 1257 2434 ἀλλ’
1285 2380 1345 2433 οὐ
1389 2382 1505 2444 ταῖς
1539 2381 1802 2443 διανοίαις
1828 2381 1924 2434 καὶ

349 2477 430 2548 τῷ
469 2475 778 2546 βουλομένῳ
805 2475 906 2544 τῆς
931 2473 1137 2543 ψυχῆς.
1195 2471 1456 2535 Ἐκείνοις
1482 2471 1590 2542 γὰρ
1621 2471 1761 2525 οὕτω
1802 2489 1927 2525 συν-

353 2568 621 2638 εσόμεθα,
683 2567 760 2629 ὡς
808 2565 900 2618 καὶ
929 2565 1148 2635 νύκτωρ
1195 2565 1290 2618 καὶ
1365 2565 1483 2633 μεθ’
1510 2563 1724 2634 ἡμέραν
1772 2563 1926 2618 οὐδὲν

347 2659 481 2716 an;
517 2657 718 2728 μᾶλλον
759 2655 1037 2725 προύργου
1072 2648 1456 2724 ποιησόμενοι,
1505 2653 1538 2723 ἢ
1570 2654 1668 2722 τῆς
1717 2655 1925 2708 ἐκείνου

352 2756 496 2826 πρὸς
523 2755 671 2824 ἡμᾶς
711 2751 1007 2821 εὐμενείας
1061 2749 1199 2813 aeto:
1228 2748 1484 2817 φανῆναι.
1536 2746 1656 2799 Τῶν
1685 2747 1926 2800 ἀπειλῶν

349 2848 410 2899 δὲ
461 2847 567 2899 τῶν
642 2844 750 2898 σῶν
807 2841 1062 2896 τοσοῦτον
1126 2840 1410 2910 ἀπέχομεν
1475 2837 1925 2908 ἐπιστρέφεσθαι,

350 2936 482 2990 ὥστ’
510 2935 660 3005 αὐτῷ
704 2951 786 2987 σοι
847 2931 1219 3004 παραινοῦμεν
1266 2929 1466 3000 μᾶλλον
1496 2927 1593 2998 τὴν
1647 2929 1756 2982 ἀπὸ
1789 2928 1926 2982 Θεοῦ

2024 483 2138 520 rem
2165 477 2316 521 tuum
2342 477 2395 523 et
2419 469 2556 538 ipse,
2581 470 2724 525 sicut
2749 471 3014 526 mendacii
3046 482 3204 542 pater
3251 485 3306 530 et
3335 479 3590 548 magiSIer

2027 567 2152 616 tuus
2200 568 2393 613 contra
2446 560 2618 615 Deum
2673 561 3058 618 tabricatorem
3109 579 3290 630 suum,
3329 567 3587 638 iusurgis,

2027 656 2246 716 tamque
2284 648 2576 705 immodice
2626 652 2934 709 maledictis
2976 668 3102 708 eum
3159 654 3420 721 incessis;
3463 675 3587 712 nam

2025 748 2079 793 et
2116 739 2204 793 ille
2237 740 2429 796 Deum.
2463 742 2650 812 Neque
2676 759 2808 798 vero
2841 755 3035 799 caetera
3075 746 3261 802 invido
3292 749 3478 818 aliquo
3536 764 3592 806 et

2028 829 2266 897 maligno
2298 829 2567 893 daemone,
2599 845 2664 887 ex
2697 833 2762 887 iis
2789 835 2882 900 qui
2917 834 2983 888 ad
3013 835 3240 889 exitium
3269 837 3593 894 mortaﬁbus

2027 919 2434 988 importandum
2464 922 2746 977 exercitati
2775 934 2921 989 sunt,
2948 924 3177 981 inferior
3203 942 3283 985 es.
3306 929 3591 998 sanguine,

2026 1010 2294 1065 tortuosis
2325 1011 2555 1066 fallaciis
2587 1014 2855 1082 gaudens,
2890 1023 2946 1071 et
2991 1016 3223 1071 aliorum
3256 1019 3594 1076 calamitates

2026 1115 2127 1170 pro
2157 1101 2375 1156 deliciis
2400 1102 2632 1157 habens.
2661 1102 2791 1170 Quae
2825 1105 2990 1174 igitur
3017 1108 3314 1178 scripsisti,
3339 1124 3596 1180 expresse

2026 1207 2152 1245 cum
2182 1192 2489 1255 mendacio,
2529 1194 2676 1264 quod
2725 1195 2822 1250 tibi
2871 1196 3104 1254 amicum
3151 1204 3256 1262 est,
3307 1201 3596 1268 conjuncta

2027 1288 2156 1333 sunt
2187 1297 2200 1333 :
2235 1281 2468 1351 ideoque
2493 1298 2578 1346 ea,
2607 1293 2665 1336 ut
2699 1286 2886 1341 multis
2925 1286 3090 1356 digna
3125 1288 3418 1348 barathris.
3450 1289 3601 1359 abje-

2032 1371 2230 1426 cimus.
2258 1372 2436 1429 Unum
2472 1374 2872 1441 tantummodo,
2914 1392 3023 1431 non
3054 1378 3273 1448 quidem
3307 1393 3373 1434 ex
3415 1390 3598 1434 mente

2028 1472 2140 1524 tua,
2176 1455 2272 1517 sed
2302 1472 2362 1517 ut
2392 1479 2493 1519 uos
2525 1466 2707 1529 decet,
2759 1467 3164 1536 praestabimus.
3205 1466 3596 1538 Imperatorem

2027 1553 2298 1646 siquidem
2350 1570 2458 1610 non
2519 1557 2697 1624 solum
2748 1572 2850 1627 pro
2909 1557 3142 1621 viribus,
3187 1558 3282 1612 sed
3329 1570 3387 1614 et
3434 1575 3600 1630 supra

2029 1645 2198 1711 vires,
2229 1645 2274 1700 si
2303 1647 2408 1702 dici
2445 1656 2643 1717 potest,
2682 1649 2824 1718 apud
2857 1663 2958 1704 nos
2995 1649 3377 1705 retinebimus.
3413 1649 3518 1716 Qui
3551 1651 3600 1706 si

2031 1737 2085 1789 in
2118 1751 2218 1791 vos
2244 1753 2395 1791 arma
2429 1740 2687 1804 moverit,
2737 1756 2844 1795 una
2893 1755 3211 1811 sequemur,
3254 1757 3602 1813 pugnamque

2030 1825 2226 1893 cupide
2277 1841 2652 1896 capessemus.
2707 1829 2863 1896 Quod
2919 1829 2964 1884 si
3012 1831 3234 1899 quando
3277 1833 3602 1902 corporibus

2025 1930 2128 1970 nos
2162 1915 2398 1988 disjungi
2428 1919 2738 1990 contigerit,
2770 1921 3060 1990 sententiis
3084 1933 3233 1978 certe
3305 1933 3364 1978 et
3401 1925 3601 1979 volun-

2030 2005 2237 2060 tatibus
2273 2023 2384 2062 non
2421 2009 2699 2081 continget
2733 2028 2748 2063 :
2786 2013 2988 2082 quibus
3019 2013 3156 2068 adeo
3192 2014 3598 2084 copulahimur,

2030 2105 2089 2149 ut
2133 2097 2249 2151 dies
2291 2097 2596 2170 noctesque
2644 2102 2852 2158 nullum
2909 2105 3085 2176 majus
3130 2120 3312 2175 opera:
3362 2106 3598 2175 pretium

2025 2186 2272 2244 facturos
2321 2191 2722 2260 existimemus,
2779 2211 2945 2266 quam
2991 2198 3036 2251 si
3090 2213 3191 2252 nos
3240 2199 3359 2269 ejus
3412 2215 3599 2254 amore

2029 2277 2225 2346 dignos
2250 2280 2614 2348 praebeamus.
2638 2283 2771 2339 Tuis
2799 2294 2980 2340 autem
3006 2285 3170 2340 minis
3197 2302 3370 2357 usque
3392 2303 3461 2343 eo
3486 2304 3598 2344 non

2029 2385 2338 2439 movemur,
2385 2383 2442 2426 ut
2483 2383 2535 2430 te
2581 2375 2757 2445 ipsum
2796 2377 3080 2433 hortemur
3105 2379 3307 2448 potius,
3352 2379 3597 2434 divinam

2030 2464 2294 2520 ultionem
2327 2474 2568 2532 metuas,
2601 2477 2654 2522 et
2690 2468 2789 2523 tibi
2831 2484 2894 2525 ac
2934 2468 3062 2525 liliis
3104 2470 3212 2524 tuis
3251 2470 3494 2540 insignes
3541 2471 3597 2525 in

2029 2559 2131 2614 hac
2161 2560 2271 2615 vita
2299 2576 2576 2617 aerumnas
2621 2571 2907 2632 exspectes
2960 2582 2974 2618 :
3021 2565 3113 2634 qui
3168 2581 3273 2619 non
3327 2564 3491 2619 modo
3539 2565 3597 2619 in

2029 2652 2442 2721 imperatorem,
2499 2653 2596 2707 sed
2646 2654 2700 2707 in
2752 2655 3030 2709 Romanos
3081 2656 3366 2710 universos
3419 2670 3598 2725 usque

2028 2743 2193 2798 hodie
2247 2743 2707 2800 sceleratissimus
2749 2745 3046 2813 exstiteris,
3093 2755 3150 2801 et
3193 2756 3316 2816 post
3361 2755 3597 2802 mortem

2031 2844 2299 2904 tormenta
2328 2836 2470 2905 apud
2503 2835 2730 2904 inferos,
2769 2853 2892 2907 quae
2954 2837 3278 2901 latronibus.
3319 2839 3599 2910 plagiariis

2028 2941 2087 2983 et
2125 2927 2436 2994 homicidis,
2481 2929 2658 2998 qualis
2701 2937 2760 2983 tu
2808 2946 2889 2996 es,
2940 2931 3240 2986 constituta
3292 2942 3440 2987 sunt.
3486 2933 3598 3002 Nec

351 3031 510 3099 δίκην
555 3027 874 3090 δεδοικέναι,
936 3025 1031 3078 καὶ
1057 3025 1152 3076 νῦν
1207 3040 1268 3077 τε
1336 3022 1579 3092 μεγάλας
1633 3023 1920 3092 συμφορὰς

2026 3018 2176 3072 enim
2203 3019 2561 3073 obliviscetur
2588 3019 2857 3075 Dominus
2883 3020 3065 3076 facere
3093 3021 3394 3076 vindictam
3422 3022 3475 3076 in
3501 3039 3600 3078 tta-

351 3120 676 3188 ἐκδέχεσθαι
716 3119 895 3187 σαυτῷ
929 3135 988 3170 τε
1023 3116 1118 3170 καὶ
1155 3115 1368 3180 παισὶν,
1409 3115 1579 3178 οὕτως
1620 3114 1924 3169 ἀδικώτατα

351 3213 412 3264 οὗ
442 3212 570 3280 περὶ
604 3209 827 3280 βασιλέα
863 3211 1040 3277 μόνον,
1077 3208 1212 3261 ἀλλὰ
1253 3211 1404 3278 κοινῇ
1439 3207 1569 3277 περὶ
1620 3207 1925 3276 Ῥωμαίους

353 3304 449 3355 καὶ
474 3301 825 3371 διανοηθέντι,
858 3302 952 3354 καὶ
982 3300 1269 3368 πράττοντι
1339 3297 1468 3369 ἄχρι
1495 3298 1612 3362 νῦν,
1661 3299 1755 3352 καὶ
1785 3299 1923 3368 μετᾶ

349 3394 630 3464 τελευτὴν,
659 3392 758 3463 τὴν
785 3395 841 3446 ὲν
863 3391 991 3464 ᾅδου
1024 3389 1343 3460 καταδίκην,
1370 3390 1404 3460 ἢ
1427 3389 1676 3459 λησταῖς,
1706 3389 1798 3442 καὶ
1827 3391 1922 3442 άν-

347 3487 758 3555 δραποδισταῖς,
817 3485 908 3537 καὶ¹
960 3480 1229 3550 φονεῦσιν,
1278 3474 1390 3544 οἷος
1443 3479 1920 3548 σὺ,ἠτοίμασται.

351 3577 429 3629 αὖ
461 3579 568 3648 γὰρ
592 3575 909 3647 ἐπιλήσεται
975 3573 1179 3644 Κύριος
1213 3572 1308 3625 τοῦ
1367 3570 1595 3640 ποιῆσαι
1645 3569 1922 3637 ἐκδίκησιν

351 3673 412 3722 ὲν
446 3672 556 3732 τοῖς
587 3668 819 3732 ἔθνεσιν,
852 3665 1122 3735 ὲλεγμοὺς
1157 3666 1216 3717 ὲν
1242 3665 1352 3725 τοῖς
1366 3663 1538 3726 λαοῖς,
1567 3661 1729 3731 ἡμεῖς
1758 3660 1815 3714 δὲ
1846 3661 1922 3723 ὡς

352 3762 544 3815 δίκαιά
575 3777 633 3813 τε
683 3760 819 3830 ὁμοῦ
875 3760 970 3811 καὶ
1026 3755 1375 3827 συμφέροντα
1421 3753 1586 3808 πᾶσιν
1635 3754 1919 3825 ᾑρημένοι,

351 3855 451 3922 οὐχ
479 3855 561 3906 ὅτι
614 3849 904 3922 τιμωρίας,
938 3848 1079 3903 ἀλλά
1133 3849 1228 3902 καὶ
1261 3845 1502 3917 ἀμοιϐὰς
1544 3846 1654 3899 τῶν
1701 3846 1920 3916 τρόπων

353 3944 689 4015 ἑκδεχόμεθα
731 3942 884 4012 παρὰ
913 3938 1072 3995 Θεοῦ.
1142 3937 1380 3992 Τοιαῦτα
1438 3937 1539 4007 μὲν
1579 3937 1921 4006 ἀντέγραφον

356 4037 506 4107 αὐτῷ
542 4038 592 4090 οῖ
629 4034 986 4106 Βερροιῶται.
1033 4032 1276 4094 Ἐκεῖνος
1307 4029 1364 4082 δὲ
1404 4030 1527 4082 ἐπεὶ
1567 4029 1664 4099 τῆς
1693 4027 1918 4099 πρώτης

353 4131 548 4198 πείρας
579 4126 980 4194 ἀπετύγχανεν,
1031 4123 1301 4192 ἐτράπετο
1347 4123 1442 4174 ἐπὶ
1503 4120 1782 4189 δευτέραν,
1820 4120 1918 4173 καὶ

355 4218 702 4273 ’Λλουσιανδν
769 4233 892 4270 τινα
951 4213 1238 4284 δεσμώτην
1281 4212 1665 4281 κατεχόμενον,
1727 4211 1802 4271 ὡς
1849 4211 1918 4264 τὰ

354 4309 813 4380 Καντακουζηνοῦ
872 4307 968 4361 τοῦ
1019 4305 1283 4377 βασιλέως
1333 4304 1627 4375 ᾑρημένον,
1709 4303 1916 4371 ἀγαθὸν

2033 3111 2292 3176 tionibus,
2322 3121 2376 3165 et
2417 3111 2828 3182 increpationes
2867 3113 2924 3166 in
2966 3113 3205 3184 pepulis.
3236 3113 3346 3169 Nos
3379 3123 3594 3182 contra,

2029 3206 2124 3275 qui
2153 3207 2421 3276 justitiam
2450 3222 2577 3263 cum
2613 3208 2849 3264 utilitate
2883 3219 3195 3279 spectamus
3223 3208 3278 3264 in
3316 3211 3594 3276 omnibus,

2027 3313 2137 3352 non
2162 3297 2340 3353 solum
2379 3313 2598 3368 poenam
2630 3300 2860 3362 nullam,
2891 3303 2987 3355 sed
3015 3307 3164 3356 recte
3203 3301 3472 3356 factorum
3509 3318 3598 3356 re-

2028 3389 2468 3443 munerationem
2495 3389 2678 3458 potius
2699 3404 2730 3444 a
2751 3389 2866 3444 Deo
2887 3399 3287 3458 exspectamus.
3319 3388 3596 3446 Hactenus

2026 3481 2387 3534 Berrhmotae.
2420 3479 2785 3548 Apocauchus
2819 3479 3000 3548 primo
3041 3488 3242 3534 conatu
3275 3479 3593 3546 frustratus,

2024 3571 2262 3625 alterum
2291 3569 2562 3634 adhibuit,
2595 3575 2652 3624 et
2677 3569 3000 3624 Alusianum
3025 3569 3340 3639 quemdam,
3366 3579 3426 3624 ut
3451 3569 3597 3625 Can-

2027 3661 2275 3716 tacuzeni
2339 3661 2602 3731 partium,
2656 3658 2896 3714 vinculis
2939 3657 3245 3727 detentum,
3300 3661 3592 3730 probatum

2023 3750 2392 3819 sagittarium,
2428 3749 2707 3804 venationi
2741 3747 3012 3815 deditum,
3049 3757 3108 3804 et
3153 3749 3207 3804 in
3248 3764 3313 3805 ea
3354 3757 3473 3804 arte
3513 3748 3594 3804 fa-

2023 3841 2215 3896 cienda
2239 3842 2620 3903 excellentem,
2657 3847 2870 3896 montes
2912 3854 3112 3894 aureos
3145 3840 3246 3909 ipsi
3316 3849 3373 3894 et
3402 3840 3591 3912 generi

2021 3935 2141 4003 ejus
2183 3931 2463 4002 pollicitus
2509 3931 2746 3996 induxit,
2797 3939 2856 3986 ut
2901 3931 3090 3986 furtim
3135 3931 3330 4002 sagitta
3377 3947 3590 3988 veneno

2020 4025 2156 4078 illita
2181 4023 2317 4094 (26),
2350 4023 2609 4093 qualibus
2645 4023 2788 4078 inter
2820 4023 3134 4079 venandum
3176 4024 3252 4078 uti
3282 4038 3589 4079 consueve-

2023 4127 2127 4184 rat,
2166 4119 2556 4188 imperatorem
2589 4116 2930 4182 vulneraret,
2968 4115 3171 4187 jubens
3198 4115 3498 4179 conlidere,
3527 4129 3588 4171 se

2021 4211 2302 4280 negotium
2339 4209 2457 4264 sine
2488 4207 2709 4278 negotio
2755 4207 3158 4264 confecturum.
3189 4205 3351 4278 560
3377 4206 3589 4262 Audie-

2023 4310 2109 4357 rat
2138 4301 2289 4358 enim
2330 4303 2773 4356 Cantacuzenum
2806 4299 2909 4356 sub
2938 4309 3156 4355 noctem
3202 4300 3256 4354 in
3291 4301 3414 4356 loco
3454 4314 3591 4372 quo-

353 4362 728 4475 τοξείας
763 4403 914 4466 ὄντα,
951 4362 1148 4470 θήιραις
1183 4362 1290 4467 γὰρ
1317 4362 1624 4466 nexam-ro,
1643 4396 1737 4450 καὶ
1757 4362 1917 4466 ἀκρι-

2026 4395 2148 4450 dam
2179 4397 2371 4464 aperto
2399 4392 2579 4450 solere
2611 4391 2935 4456 consistere,
2979 4389 3165 4462 ibique
3207 4401 3360 4447 veste
3409 4362 3589 4462 posita

353 4499 463 4560 ϐὡς
499 4495 767 4566 ὲξήσκητο
797 4492 927 4562 περ)⁸
954 4493 1149 4556 ταῦτα,
1177 4492 1394 4542 ἔπεισεν
1428 4483 1487 4541 εὖ
1521 4488 1772 4557 ποιήσειν
1791 4487 1918 4540 πολ-

2026 4487 2087 4542 ιι)
2119 4485 2310 4540 ιτειίνο
2334 4483 2518 4540 calore
2545 4496 2745 4552 corpus
2789 4481 3137 4552 refrigerare,
3171 4479 3226 4535 in
3257 4495 3368 4550 quo
3401 4491 3590 4550 posset

352 4590 421 4640 λα
453 4583 914 4652 ἐπαγγειλάμενος
949 4581 1110 4634 αὐτὸν
1141 4581 1234 4633 καὶ
1286 4580 1464 4647 γένος,
1498 4579 1546 4630 εἰ
1597 4577 1742 4646 βέλει
1773 4577 1918 4646 τρώ-

2026 4578 2306 4635 commode
2336 4577 2472 4647 peti.
2511 4574 2687 4644 Atque
2709 4573 2827 4628 haec
2861 4570 3228 4642 sagittarium,
3267 4585 3369 4628 nec
3401 4571 3585 4642 ipsum
3633 4613 3650 4631 ς

353 4696 469 4732 σειε
529 4678 699 4744 λάθρα
731 4675 958 4745 βασιλέα
1020 4671 1334 4742 δηλητηρίῳ
1410 4671 1778 4740 κεχρισμένω,
1837 4663 1919 4732 οἷς

351 4767 588 4838 χρῆσθαι
633 4765 822 4818 εἴωθεν
849 4767 945 4816 ἐπὶ
977 4761 1162 4832 θηρίᾳ.
1202 4761 1440 4830 Παρῄνει
1467 4776 1525 4812 τε
1557 4759 1806 4829 θαρρεῖν,
1841 4757 1918 4820 ὼς

354 4861 530 4928 ῥᾷστα
583 4859 676 4910 καὶ
705 4857 802 4910 σὺν
825 4855 1000 4907 οὐδενὶ
1025 4855 1172 4922 πόνῳ
1207 4853 1267 4904 τὸ
1303 4852 1532 4921 πρᾶγμα
1561 4850 1914 4904 διανύσαντα.

252 4984 255 4985 ν
356 4952 562 5002 ἰικουε
589 4953 696 5019 γάρ
727 4949 968 5019 ,βασιλέα
1015 4943 1468 5013 Καντακουζηνὸν
1524 4943 1774 4996 εἰωθέναι
1815 4942 1916 5010 μά-

2019 4669 2124 4724 loci
2174 4669 2448 4740 ignarum,
2495 4664 2748 4720 docebat.
2791 4661 2896 4728 Qui
2945 4675 3166 4717 carcere
3199 4661 3370 4718 levari
3419 4662 3588 4718 vehe-

2022 4767 2236 4813 menter
2261 4757 2514 4828 cupiens,
2545 4753 3054 4825 promissarumque
3079 4753 3456 4822 prastantiam
3485 4755 3587 4811 be-

2023 4851 2345 4905 neticiorum
2377 4854 2664 4919 reputans,
2709 4857 2934 4915 operam
2972 4841 3239 4897 condixit.
3268 4842 3586 4900 Berrhmant

2022 4941 2323 5009 ingressus,
2357 4949 2518 4993 nocte
2545 4937 2832 5008 ingruente
2875 4933 2944 4989 ad
2988 4933 3170 4989 locum
3215 4933 3447 4999 accedit,
3476 4933 3585 4990 im~

1579 5107 1796 5169 Jacobi
1828 5107 2091 5170 Pontani
2119 5113 2304 5168 notae.

433 5239 549 5306 (26)
573 5237 698 5293 Fuit
717 5236 824 5291 hoc
850 5235 975 5288 olim
1005 5233 1058 5285 in
1102 5227 1608 5306 nter-e_qttil)_t_tstiant
1635 5229 1908 5300 gentibus.

356 5300 444 5365 De
462 5300 616 5364 Mihis
650 5307 940 5374 IEthiopiar
968 5303 1184 5374 populis
1225 5300 1387 5353 Silius
1416 5301 1553 5352 libro
1583 5315 1646 5374 ιιι
1683 5315 1700 5354 :

837 5369 1425 5434 l—-——'-—_sceterataque
1455 5369 1620 5421 succis

499 5445 710 5514 Spicula
743 5446 990 5510 dirigere,
1025 5451 1071 5494 et
1097 5443 1295 5510 ferrum
1318 5441 1581 5506 infamare
1608 5455 1824 5493 veneno.

426 5518 696 5587 Virgilius.
720 5514 1020 5588 tx,A§neid
1051 5526 1068 5563 :
1393 5536 1422 5588 Δο
1443 5579 1472 5588 Η

434 5579 753 5642 Υαηῖαιοτεηι
784 5587 1032 5651 Amycum
1066 5597 1084 5634 :
1118 5598 1218 5650 quo
1245 5597 1346 5632 non
1383 5579 1594 5647 felicior
1623 5579 1761 5631 alter

429 5659 628 5727 Ungere
658 5655 766 5708 tela
797 5669 977 5714 manu,
1009 5653 1306 5719 ferrumque
1339 5665 1551 5701 armare
1581 5664 1794 5703 veneno.

675 5751 940 5809 PATROL.
998 5747 1112 5807 Gn.
1159 5745 1362 5805 CLlll.

2023 5227 2400 5368 Ειῆῦὲῗιέᾳξιε
2432 5298 2783 5368 magnanima
2812 5296 3071 5357 viderant,
3093 5249 3312 5351 Ismare,
3335 5295 3510 5358 gentes

2095 5368 2319 5438 Vulnera
2344 5370 2663 5438 dirigere,el
2693 5368 2928 5438 calamos
2957 5377 3170 5415 armare
3191 5375 3402 5413 veneno.

2032 5437 2181 5492 Adde
2215 5436 2520 5502 Horatium,
2550 5437 2652 5489 ode
2682 5436 2771 5492 ἓξ.
2802 5436 2893 5487 lib.
2928 5447 2943 5487 l
2973 5451 2987 5488 :

2202 5509 2318 5562 Non
2347 5516 2457 5575 eget
2494 5506 2670 5575 Mauri
2691 5504 3028 5571 jncnlis,‘nec
3055 5517 3206 5564 arcu,

2210 5577 2318 5630 Nec
2357 5574 2623 5628 uenenatis
2649 5575 2866 5640 gravida
2896 5575 3103 5639 sagittis

2383 5643 2542 5697 Fusce
2565 5641 2836 5713 pharetra.

3219 5734 3295 5793 3’s
