3998 6204
379 287 514 352 1069

1559 287 2107 351 HiS'l‘ORlAiiUM
2149 284 2384 348 LIBER
2427 285 2545 348 lli.

3505 282 3646 349 10Ἲο

373 409 433 462 έν
456 403 830 478 Θεσσαλονίκη
896 403 1082 476 κρύφα
1112 403 1478 476 διαλέγεσθαι,
1509 405 1604 460 καὶ
1630 405 1966 476 διαφθείρειν

2079 418 2273 474 eosque
2295 412 2744 473 corrumperent,
2771 401 2920 473 quod
2942 399 3146 471 alioqui
3174 399 3321 472 longi
3381 401 3654 472 temporis

375 499 504 562 τοὺς
573 498 840 562 συνόντας
884 498 1116 569 βασιλεῖ,
1173 496 1258 567 ἐφ’
1291 491 1372 563 οἷς
1418 497 1616 553 πολλοῦ
1660 515 1722 552 τε
1761 498 1956 570 χράνου

377 591 473 644 καὶ
516 589 774 660 μεγάλων
801 588 1085 660 δεήσονται
1145 590 1544 659 ἀναλωμάτων,
1599 589 1634 661 ἢ
1684 591 1734 643 εί
1784 590 1960 644 ταῦτα

369 681 608 752 δυσχερῆ
643 679 734 734 διά
766 678 867 751 τὴν
893 680 1104 736 ἔνδειαν
1144 680 1254 734 τῶν
1295 682 1618 752 χρημάτων,
1649 699 1963 753 παρασκευ-

371 773 681 843 ασαμένους
717 772 856 826 ίέναι
887 773 976 825 ἐπ’
1019 774 1246 838 ἐκεῖνον,
1269 773 1345 838 ὡς
1382 776 1439 826 ἐν
1468 773 1643 846 ταύτῃ
1689 776 1755 844 τῇ
1811 774 1958 844 μάχῃ

374 870 509 937 περὶ
540 865 652 918 τῶν
684 863 823 918 ὅλων
855 863 1350 934 διαγωνισαμένους
1385 865 1524 934 πρὸς
1552 863 1738 920 αὐτόν.
1788 863 1961 916 Ἐιεϊ-

374 973 467 1010 νον
498 955 610 1028 γὰρ
640 955 842 1010 είδέναι
876 957 978 1009 οὐκ
1007 956 1075 1010 άν
1104 956 1556 1026 ἀποστησάμενον
1597 956 1698 1025 τῆς
1761 955 1963 1026 μάχης.
2010 1015 2021 1027 ,

374 1047 494 1100 οὐδὲ
552 1045 932 1115 ὕπομενοῦντα
1008 1045 1210 1116 τειχῶν
1295 1045 1447 1107 ἐντὸς
1523 1044 1964 1117 πολιορκεῖσθαι,

379 1135 484 1191 κᾶν
509 1136 676 1206 είδείη
709 1137 804 1189 καὶ
836 1135 1151 1204 σαφέστατα
1182 1133 1404 1206 ἐκείνην
1436 1133 1538 1206 τὴν
1593 1134 1806 1206 ἡμέραν
1864 1151 1967 1204 μα-

375 1229 605 1298 χόμενος
636 1226 948 1292 πεσεῖσθαι,
1009 1226 1242 1297 μάλιστα
1298 1225 1766 1296 ἐπαγγειλάμενον
1831 1229 1968 1295 μετά

374 1317 570 1388 τρίτην
605 1319 820 1388 ἡμέραν
849 1319 943 1371 ἐπὶ
974 1317 1034 1371 τδ
1059 1317 1337 1389 ἡμέτερον
1382 1317 1539 1388 ἥξειν
1598 1317 1968 1388 στρατόπεδον

379 1410 744 1481 μαχούμενον.
777 1411 840 1463 Οί
875 1411 975 1481 μὲν
1011 1409 1106 1464 οὖν
1155 1411 1306 1466 ἄλλοι
1337 1411 1536 1474 πάντες
1591 1410 1964 1481 συνεπεψηφί·

386 1502 562 1568 ζοντο,
601 1501 695 1556 καὶ
725 1502 836 1556 οὐδ’
863 1503 1020 1558 αὐτοί
1041 1521 1095 1556 τι
1122 1503 1328 1556 τούτων
1359 1503 1528 1574 χωρὶς
1551 1502 1814 1574 πράττειν
1838 1504 1972 1571 ἔφα-

385 1613 486 1650 σαν
519 1595 797 1664 προσῆκον
821 1588 980 1650 εἶναί.
1029 1595 1134 1666 Tt}
1151 1595 1372 1666 μεγάλῳ
1397 1596 1453 1650 δὲ
1481 1594 1632 1648 δουκὶ
1685 1594 1720 1662 ἦ
1772 1611 1830 1646 τε
1865 1594 1968 1662 μά-

329 1754 336 1761 ,
378 1705 451 1758 χη
489 1688 697 1761 φοϐερὰ
721 1688 921 1753 ἐδόκει,
948 1687 1044 1742 καὶ
1073 1690 1134 1742 rb
1165 1687 1464 1760 διατρίϐειν
1499 1690 1556 1742 ἐν
1595 1685 1968 1757 Θεσσαλονίκῃ

2066 505 2122 550 et
2180 495 2462 575 immodici
2519 504 2775 558 sumptus
2832 509 2922 550 res
2971 493 3157 549 futura
3207 492 3300 559 sit,
3333 492 3418 548 vel
3466 493 3512 548 si
3545 493 3654 548 hoc

2065 586 2290 643 diiticile
2319 587 2594 652 videatur,
2627 603 2753 643 cum
2796 586 3050 658 pecuniis
3102 586 3207 657 ipsi
3253 585 3649 649 dcstituantur,

2073 694 2194 733 sese
2225 679 2279 732 itt
2318 694 2446 734 eunt
2499 688 2846 749 comparent,
2883 687 2940 734 et
2970 693 3083 734 uno
3121 677 3312 749 praelia
3342 676 3412 733 de
3438 693 3650 732 summa

2069 772 2286 841 imperii
2335 787 2460 826 cum
2512 787 2580 826 eo
2632 771 2919 826 dimicent.
2949 770 3125 826 Nosse
3171 769 3317 824 enim
3371 785 3449 832 se,
3500 769 3653 823 illum

2075 879 2312 933 pugnam
2340 879 2448 917 non
2481 861 3007 933 subterfugiturum,
3043 878 3225 932 neque
3257 875 3317 915 se
3348 861 3494 914 intra
3531 876 3656 914 ntu-

2070 955 2162 1008 rus
2221 952 2460 1009 obsideri
2487 967 2799 1024 passurum,
2824 953 3041 1009 etiamsi
3081 953 3174 1008 illo
3205 952 3326 1023 ipso
3358 951 3452 1006 die
3473 965 3532 1006 se
3562 966 3657 1006 Ca-

2071 1061 2260 1098 surum
2286 1043 2729 1114 exploratissime
2751 1045 2914 1109 sciat,
2945 1045 3180 1099 maxime
3207 1058 3332 1099 cum
3366 1051 3491 1112 post
3512 1043 3657 1097 diem

2073 1137 2296 1189 tertium
2323 1137 2389 1188 ad
2432 1150 2624 1190 eorum
2673 1147 2850 1191 castra
2887 1145 3180 1191 venturum
3239 1136 3655 1190 enniiicturum-

2071 1243 2180 1296 que
2206 1227 2543 1298 promiserit.
2576 1228 2676 1283 ilic
2701 1228 2789 1283 alii
2822 1243 3017 1286 omnes
3044 1229 3306 1286 assentiri
3369 1237 3424 1283 et
3451 1230 3656 1283 contir-

2073 1334 2260 1383 mare,
2320 1318 2484 1374 aliter
2537 1319 2837 1390 quidquam
2891 1322 2976 1392 agi
3039 1321 3268 1375 minime
3329 1321 3655 1375 convenire.

2081 1410 2276 1480 Magno
2321 1420 2510 1467 autem
2546 1411 2674 1467 duci
2710 1419 2766 1466 et
2797 1413 2966 1467 armis
3000 1427 3336 1468 concurrere
3364 1413 3657 1479 horribile,

2071 1514 2126 1558 et
2150 1503 2554 1560 Thessalonica:
2586 1504 2681 1559 diu
2721 1504 2953 1570 haerere,
2987 1505 3200 1574 magnis
3234 1519 3299 1560 ac
3328 1504 3660 1559 necessariis

2073 1595 2349 1650 delectum
2374 1596 2692 1668 sumptibus
2711 1595 3082 1662 intolerabile,
3106 1603 3162 1650 et
3187 1595 3334 1650 nulla
3359 1611 3418 1650 re
3438 1597 3659 1665 penitus

2076 1688 2310 1759 alicujus
2355 1690 2614 1744 momenti
2652 1697 2966 1758 perpetrata
3003 1688 3226 1753 reverti,
3262 1687 3502 1742 infamia
3543 1687 3660 1757 ple-

329 1769 350 1815 ἶ
391 1782 583 1850 χρόνον
641 1781 814 1834 πολὺν
866 1781 954 1835 διὰ
993 1781 1053 1835 τὸ
1095 1781 1204 1835 τῶν
1243 1779 1639 1850 ἀναλωμάτων,
1683 1775 1759 1834 ὧν
1799 1779 1968 1832 ἐδεῖτο

2079 1795 2207 1832 num
2273 1779 2578 1835 videbatur.
2639 1780 2832 1835 Potius
2899 1788 3082 1834 tamen
3136 1778 3529 1834 declinandum
3588 1791 3660 1832 ex

382 1871 582 1942 πλῆθος
607 1874 708 1926 οὐκ
736 1872 982 1940 ἀνεκτὸν,
1019 1874 1115 1926 καὶ
1159 1873 1223 1927 τὸ
1272 1873 1440 1944 μηδὲν
1485 1873 1622 1936 ὅλως
1675 1871 1970 1934 δοκοῦντας

384 1959 532 2031 ἀξιον
592 1965 754 2034 λόγου
811 1966 1159 2038 πεπραχότας
1224 1965 1587 2038 ἀναστρέφειν
1652 1965 1969 2035 αἴσχιστον.

401 2056 686 2110 Ἐϐούλετο
710 2056 767 2110 δὲ
799 2056 1035 2125 μάλιστα
1063 2057 1124 2111 τό
1159 2074 1216 2110 τε
1248 2055 1674 2110 διακινδυνεύειν
1700 2055 1840 2125 πρὸς
1871 2055 1968 2124 βα-

388 2147 542 2201 σιλέα
573 2148 982 2218 παραιτεῖσθαι,
1017 2147 1111 2201 καὶ
1137 2147 1438 2218 πρόσχημά
1471 2164 1520 2200 τι
1551 2141 1789 2213 εὐδοξίας
1822 2145 1971 2215 ἔχον-

381 2257 454 2293 τα
501 2240 840 2294 ἐπανελθεῖν.
898 2239 1222 2311 Μονομάχος
1289 2239 1346 2292 δὲ
1398 2239 1496 2306 τῆς
1539 2237 1704 2291 αὐτοῦ
1739 2237 1972 2300 διανοίας

381 2332 939 2403 καταστοχασάμενος
983 2329 1190 2395 καλῶς,
1224 2329 1390 2401 ἡρετο
1434 2331 1484 2383 εί
1530 2327 1628 2382 καὶ
1681 2328 1841 2393 αὐτὸς
1872 2329 1969 2380 αὐ-

380 2427 493 2488 τοῖς
528 2423 770 2494 βούλοιτο
800 2425 1038 2478 συνεῖναι
1066 2423 1159 2476 καὶ
1193 2423 1546 2493 στρατηγεῖν,
1581 2419 1676 2476 τοῦ
1708 2421 1766 2474 δὲ
1813 2422 1971 2474 ἀπει-

381 2518 654 2588 παμένου,
683 2515 917 2582 Οὐκοῦν,
955 2514 1215 2586 ἔφασκεν,
1254 2516 1303 2568 εί
1336 2516 1432 2568 καὶ
1463 2515 1549 2567 σοὶ
1582 2512 1848 2578 συνδοκεῖ,
1874 2514 1972 2581 τὴν

384 2608 650 2681 στρατιάν
687 2607 827 2679 ἔχων
874 2605 1059 2672 αὐτὸς,
1118 2604 1453 2674 ἐλευσόμεθα
1498 2605 1630 2678 ἄχρι
1684 2605 1969 2677 Βερῤοίαῖ,

384 2703 480 2755 καὶ
514 2702 655 2772 μήτε
706 2699 1315 2770 στρατοπεδευσάμενοι
1345 2697 1536 2766 ἐγγὺς,
1570 2697 1710 2767 μήτε
1743 2697 1851 2750 τῶν
1877 2697 1968 2749 in.

383 2810 500 2847 πων
529 2792 853 2857 ἀποϐάντες,
888 2791 1025 2845 ἀλλά
1080 2789 1278 2861 μικρὸν
1323 2788 1786 2860 ἐνδιατρίψαντες,
1816 2789 1881 2842 τά
1889 2807 1970 2857 ιι-

387 2903 488 2940 στα
518 2887 969 2956 άναχωρὴσομεν.
1002 2881 1158 2935 Οὕτω
1196 2883 1304 2953 γὰρ
1355 2881 1457 2952 τήν
1489 2899 1548 2934 τε
1604 2880 1786 2952 μάχην
1835 2883 1970 2951 ἡμῖν

384 2977 656 3030 ἐκκλίνειν
702 2977 986 3048 περιέσται
1012 2989 1026 3004 ⁶
1055 2974 1117 3028 οὐ
1153 2973 1264 3046 γάρ
1305 2976 1530 3044 ἀρκέσει
1572 2989 1637 3043 γε
1699 2976 1728 3026 ὁ
1782 2974 1972 3044 χρόνος

386 3073 502 3133 τοῖς
535 3067 820 3138 πολεμίοις
870 3065 1456 3140 παρασκευασαμένοις
1505 3065 1741 3129 ἐπιέναι,
1767 3066 1868 3139 τήν
1908 3081 1969 3117 τε

389 3161 606 3227 ἀδοξίαν
670 3159 1074 3232 ἀποτρίϐεσθαι
1137 3161 1250 3222 τοῖς
1315 3157 1594 3229 πολεμιοις
1660 3156 1971 3224 ἐπελθοῦσι,

385 3254 484 3308 καὶ
519 3253 1100 3325 ποιήσασντειχήρεις.
1135 3249 1295 3307 Οὕτω
1329 3251 1430 3322 μὲν
1459 3249 1553 3306 οὖν
1575 3251 1604 3304 ὁ
1649 3250 1975 3322 Μονομάχος

387 3342 571 3402 είπενο
607 3345 807 3419 ἀρίστη
841 3345 898 3399 δὲ
933 3343 1013 3414 τῷ
1050 3342 1272 3418 μεγάλῳ
1301 3342 1457 3396 δουκὶ
1499 3343 1758 3413 ἐφαίνετο
1781 3343 1814 3412 ἡ
1835 3343 1977 3412 γνώ.

393 3455 494 3510 μη,
530 3439 629 3493 καὶ
681 3435 1054 3509 ἐπεψηφίζετο
1110 3436 1332 3501 αὐτίκα,
1369 3435 1467 3489 καὶ
1517 3436 1912 3506 ὲχειροτονεϊτο
1947 3435 1978 3486 ὁ

389 3530 716 3602 Μονομάχος
752 3529 847 3582 ἐπὶ
879 3529 1018 3584 πᾶσι
1044 3527 1372 3601 στρατηγός.
1415 3527 1516 3590 ⁸ος
1568 3525 1673 3597 την
1694 3543 1756 3579 τε
1803 3525 1977 3596 πεζὴν

389 3622 512 3694 ἅμα
553 3621 648 3675 καί⁸
676 3621 777 3692 τὴν
812 3620 1042 3693 ἱππικὴν
1087 3619 1376 3691 Ῥωμαίων
1407 3618 1548 3690 ἔχων
1598 3618 1853 3689 δύναμιν,
1880 3617 1975 3685 ἑγ-

391 3715 495 3782 γῦς
528 3711 728 3782 τειχῶν
757 3712 979 3780 ἐγένετο
1006 3711 1294 3784 Βερῤοίας,
1353 3711 1482 3766 ὅσον
1505 3709 1582 3783 μὴ
1604 3709 1716 3766 ἀπὸ
1743 3709 1840 3764 τοῦ
1865 3709 1977 3763 τεί-

391 3822 522 3875 χους
557 3803 887 3875 βάλλεσθαιο
928 3803 989 3857 τὸ
1047 3802 1321 3872 Περσικὸν
1372 3803 1431 3856 δὲ
1477 3801 1829 3857 διεσκέδαστο
1883 3801 1978 3854 ἐπὶ

392 3893 724 3964 λεηλασίαν⁸
758 3895 854 3947 καὶ
880 3895 938 3946 ὲν
965 3892 1154 3964 ἡμέρα
1205 3893 1305 3964 μιᾷ
1361 3893 1462 3965 τὴν
1527 3893 1657 3962 περὶ
1715 3891 1979 3964 Βέρῤοιαν

394 3988 616 4042 ἃπασαν
650 3985 850 4055 έπῆλθε
895 3985 1022 4055 γῆν,
1080 3985 1176 4038 καὶ⁹
1229 3984 1300 4038 τά
1361 3983 1600 4053 μέγιστα
1654 3983 1975 4038 ὲκάκωσενο

395 4079 716 4151 ἀνθρώπους
748 4097 809 4133 τε
837 4079 950 4149 γὰρ
1002 4076 1468 4150 ἠνδραποδίσαντο
1511 4079 1608 4130 καὶ
1651 4075 1979 4130 ἀπέκτειναν

359 4172 650 4240 .πολλοὺς,
678 4173 771 4226 καὶ
797 4171 1164 4242 βοσκημάτων
1210 4169 1420 4242 ήλασαν
1469 4167 1698 4237 ἀγέλας,
1749 4169 1845 4220 καὶ
1899 4169 1979 4220 οἰ-

346 4291 362 4356 j
398 4264 527 4326 κίας
549 4262 863 4332 ὶνέπρησαν
886 4260 988 4324 τὰς
1015 4261 1110 4314 ἐπὶ
1133 4260 1232 4322 τάς
1277 4258 1495 4329 κώμας,
1521 4259 1615 4356 καὶ
1655 4257 1766 4356 ταῖς
1800 4256 1978 4356 ἄλλων

349 4349 365 4422 Ῑ
397 4358 498 4409 ὅσα
531 4357 802 4426 προσήκει
826 4353 1146 4425 πολεμίους,
1174 4351 1388 4415 οὐδενὸς
1431 4349 1693 4420 ἠμέλουν.
1714 4349 1980 4410 Βασιλεὺς

2078 1870 2340 1925 conﬂictu
2371 1870 2680 1941 periculum
2706 1912 2721 1938 ,
2756 1878 2814 1926 et
2851 1886 2977 1926 cum
3007 1870 3238 1946 obtentu
3271 1870 3505 1940 quodam
3537 1870 3658 1940 glo-

2079 1965 2172 2018 riae
2206 1963 2599 2018 revertendum
2655 1963 3055 2018 constituebat.
3101 1963 3498 2017 Monomachus
3537 1964 3660 2034 ejus

2075 2054 2442 2124 cogitationes
2462 2054 2781 2124 conjectura
2801 2053 2941 2108 bene
2966 2063 3273 2117 assecutus,
3309 2052 3505 2123 ecquid
3525 2052 3660 2122 ipsis

2074 2145 2268 2198 adesse
2313 2155 2369 2198 et
2414 2160 2618 2199 munus
2671 2144 2835 2200 ducis
2888 2144 3039 2215 iungi
3122 2145 3662 2214 veilet,percuncta-

2077 2238 2257 2290 batur.
2295 2235 2416 2300 Quo
2445 2237 2747 2302 abnuente,
2779 2237 2952 2309 igitur
2994 2237 3038 2292 si
3070 2236 3290 2307 probas,
3314 2235 3514 2305 inquit,
3552 2249 3654 2305 ego

2073 2330 2376 2384 exercitum
2409 2329 2604 2384 ducam
2631 2372 2646 2395 ,
2698 2339 2753 2384 et
2800 2329 2892 2384 ubi
2922 2329 3241 2385 Berrhosam
3287 2330 3608 2384 venerimus
3633 2367 3652 2392 ,

2077 2435 2253 2490 neque
2289 2419 2520 2491 propius
2551 2429 2732 2474 eastra
2784 2420 3121 2488 locabimus,
3165 2435 3347 2490 neque
3381 2419 3450 2474 ab
3500 2419 3660 2490 equis

2074 2511 2499 2574 descendemus.
2549 2512 2646 2567 sed
2696 2514 2922 2584 paulum
2971 2511 3172 2568 ibidem
3207 2512 3428 2579 morati,
3475 2512 3660 2566 statim

2075 2604 2400 2660 recedemus
2435 2621 2448 2657 :
2478 2604 2559 2660 sic
2585 2607 2735 2660 enim
2765 2603 2989 2659 dabitur
3021 2604 3180 2659 nobis
3214 2603 3464 2674 praelium
3484 2601 3662 2658 declio

2077 2709 2208 2748 nare
2240 2695 2374 2766 (non
2408 2694 2556 2748 enim
2601 2704 2820 2765 tempus
2854 2695 2999 2750 hosti
3053 2694 3120 2749 ad
3149 2710 3212 2750 se
3275 2693 3661 2748 instruendum

2077 2801 2286 2856 nosque
2343 2785 2687 2842 invadendos
2730 2786 2995 2857 suiiiciet)
3025 2796 3082 2842 et
3127 2786 3439 2859 ignominiae
3481 2787 3662 2841 labem

2078 2877 2366 2947 repellere,
2398 2885 2598 2948 utpote
2632 2877 2726 2948 qui
2783 2877 2851 2934 ad
2903 2877 3093 2934 hostes
3148 2875 3569 2943 accesserimus,
3607 2884 3667 2932 et

2078 2965 2222 3020 intra
2265 2983 2452 3022 muros
2487 2983 2545 3022 se
2586 2976 2770 3024 tenere
2790 2969 3153 3040 coegerimus.
3186 2967 3451 3040 562$ic
3479 2968 3668 3022 Mono-

2081 3059 2327 3124 macbus,
2347 3061 2506 3132 cujus
2524 3061 2797 3116 sententia
2818 3061 3122 3118 delectatus
3138 3077 3368 3133 magnus
3391 3060 3520 3121 dux.
3542 3075 3664 3116 eam

2091 3153 2348 3222 protinus
2369 3153 2713 3224 approbavit,
2730 3163 2787 3209 et
2810 3153 3124 3212 declaratus
3136 3163 3220 3211 est
3246 3153 3363 3226 ipse
3379 3156 3665 3226 copiarum

2079 3239 2396 3308 imperator,
2434 3241 2860 3314 Rcrrhmamque
2880 3259 3003 3300 cum
3018 3245 3264 3315 peditatu
3292 3245 3456 3300 simul
3507 3246 3665 3318 equi-

2083 3341 2316 3403 tatuque
2344 3334 2592 3391 Romano
2617 3335 2871 3403 tendens,
2899 3351 2967 3392 eo
2989 3351 3163 3408 usque
3179 3338 3662 3410 appropinquat-it,

2081 3435 2139 3477 ut
2167 3432 2321 3478 extra
2349 3425 2442 3479 teli
2477 3425 2684 3496 jactum
2717 3436 2886 3482 esset.
2927 3427 3108 3484 Persa
3135 3429 3400 3484 continuo
3427 3431 3494 3485 ad
3523 3446 3668 3501 pras-

2079 3517 2202 3571 dam
2234 3520 2513 3584 conversi,
2556 3533 2668 3573 uno
2701 3519 2792 3575 die
2828 3528 3004 3576 totum
3053 3537 3245 3592 agrum
3279 3525 3492 3582 circum
3533 3529 3667 3585 Ber-

2084 3615 2294 3664 rhmam
2327 3609 2585 3664 maximis
2601 3625 2728 3666 cum
2753 3611 3102 3669 detrimentis
3119 3613 3495 3674 devastarunt.
3526 3621 3664 3677 Nam

2080 3711 2137 3757 et
2170 3700 2359 3757 multis
2392 3701 2680 3772 iugulatis,
2711 3717 2938 3775 magnos
2974 3705 3323 3776 captivorum
3354 3713 3663 3779 pecudum.

2080 3811 2188 3866 que
2210 3809 2403 3867 greges
2427 3796 2755 3866 abegerunt,
2779 3805 2834 3851 et
2850 3795 3062 3852 aedibus
3078 3803 3318 3870 pagatim
3344 3803 3662 3860 incendium
3761 3781 3766 3784 l

2084 3888 2410 3952 intulerunt,
2437 3888 2776 3957 reliquorum
2793 3888 3034 3958 denique
3052 3891 3318 3960 omnium,
3339 3908 3460 3964 quae
3478 3894 3665 3954 hostes

2082 3978 2281 4044 solent,
2323 3979 2463 4033 nihil
2499 3979 2883 4048 neglexerunt.
2939 3981 3250 4052 imperator
3302 3984 3562 4042 Berrhma
3595 3988 3664 4044 ad

2079 4071 2501 4128 Monomachum
2557 4081 2614 4127 et
2651 4071 2820 4129 duces
2875 4060 3042 4129 misso
3094 4074 3275 4145 legato
3305 4116 3320 4143 ,
3373 4078 3665 4135 stultitiam

2085 4163 2193 4218 illis
2219 4162 2600 4233 exprobravit,
2629 4163 2774 4234 quod
2798 4179 2924 4220 cum
2949 4175 3159 4222 tantum
3185 4182 3218 4223 e
3244 4167 3510 4226 Romanis
3531 4171 3666 4238 solis

2085 4255 2355 4310 haberent
2387 4255 2710 4321 exercitum,
2753 4257 2960 4327 quique
3013 4274 3114 4329 per
3162 4275 3223 4317 se
3269 4262 3408 4332 ipsis
3459 4265 3664 4334 opponi

2086 4357 2292 4417 posset,
2325 4348 2482 4418 quasi
2519 4362 2585 4403 eo
2611 4348 2758 4404 haud
2787 4350 3119 4416 sufﬁciente,
3160 4353 3327 4408 etiam
3369 4355 3662 4424 Barbaros,

397 4445 456 4499 δὲ
493 4447 557 4498 ὲκ
588 4444 853 4517 Βερροίας
881 4444 1020 4516 πρὸς
1066 4443 1398 4514 Μονομάχον
1440 4439 1664 4511 πέμψας
1714 4439 1975 4512 πρεσϐευ⁴

2087 4438 2155 4493 ad
2177 4442 2504 4494 atrociorem
2529 4439 2797 4496 Romanis
2821 4441 2987 4497 rebus
3012 4441 3226 4498 cladem
3249 4445 3665 4518 injungendatn,

352 4530 520 4636 ξτὴν,
556 4539 763 4609 πολλὴν
833 4536 1014 4591 αὐτῶν
1061 4531 1457 4604 ἀγνωμοσύνην
1508 4530 1829 4603 κατηγόρει,
1895 4531 1978 4586 ὅτι

363 4621 670 4700 ξτοσαύτην
700 4630 928 4698 ἄγοντες
970 4627 1260 4697 Ῥωμαίων
1277 4623 1550 4696 ’στρατιὰν
1583 4623 1678 4676 καὶ
1702 4621 1830 4678 καθ’
1853 4623 1980 4677 ἐαυ-

397 4725 498 4795 τὴν
554 4721 864 4792 δυναμένην
921 4718 1336 4774 ἀντιτάττεσθαι
1389 4715 1632 4786 αὐτῷ,οἰ
1669 4714 1714 4768 δ’
1793 4714 1980 4784 ὥσπερ

400 4818 503 4871 οὐκ
537 4816 754 4879 ἐκείνης
787 4812 1130 4884 ὲξαρκούσης
1186 4811 1321 4882 πρὸς
1343 4809 1437 4863 τὸν
1484 4807 1742 4878 πόλεμον,
1771 4808 1980 4878 ἐπήγα-

405 4926 500 4976 γον
525 4905 676 4974 αύτῷ
699 4905 794 4959 καὶ
838 4904 965 4968 τοὺς
1015 4902 1346 4975 βαρϐάρους,
1379 4900 1468 4956 ἵνα
1497 4899 1698 4972 μᾶλλον
1748 4899 1819 4953 τὰ
1852 4899 1979 4954 Ῥω-

405 5003 581 5071 μαίων
645 4998 1058 5070 διαφθείρωσιν.
1107 4996 1316 5050 Ἐκεῖνο
1347 4997 1535 5066 μέντοι
1581 4995 1688 5066 χρὴ
1740 4994 1983 5058 σκοπεῖν,

401 5097 548 5156 ὅπως
581 5090 856 5163 μηδεμίαν
887 5089 1038 5159 αἰοτῷ
1083 5086 1297 5158 μέμψιν
1329 5085 1558 5158 ὕστερον
1583 5085 1884 5154 ἐπάγωσιν,
1919 5082 1986 5137 ἂν

403 5188 515 5247 τοις
541 5183 673 5254 παρ’
705 5181 888 5236 αὐτῶν
926 5181 1227 5253 ἡργμένοις
1265 5178 1416 5243 τέλος
1454 5178 1770 5250 ἑπιθήσειεν
1804 5176 1986 5243 αὑτός.

425 5274 808 5344 Επηγγέλλετό
829 5291 884 5326 τε
907 5271 1421 5343 παρεσκευασμένος
1449 5266 1588 5324 εἶναι
1606 5270 1740 5341 πρὸς
1766 5268 1864 5338 τὴν
1888 5268 1991 5338 μά-

403 5386 506 5439 χην
533 5366 600 5440 ἢν
635 5367 794 5439 μόνον
823 5366 858 5434 ἡ
886 5363 1194 5435 προθεσμία
1248 5363 1393 5434 ἡξει.
1457 5363 1516 5416 ⁸0
1545 5361 1590 5414 δ’
1635 5361 1990 5433 ἀπεκρίνατο,

404 5461 537 5530 παρ’
572 5459 722 5530 αὐτῷ
761 5454 902 5511 εἶναι
928 5457 1192 5527 πράττειν
1217 5455 1319 5509 ὅσα
1371 5456 1439 5510 ἀν
1485 5453 1619 5525 δοκῇ
1675 5453 1992 5518 λυσιτελεῖν,

405 5551 593 5622 ὥσπερ
625 5551 762 5622 δῆτα
784 5551 880 5604 καὶ
902 5550 1057 5603 αὐτοὶ
1103 5546 1349 5601 ποιοῦσιν
1367 5563 1383 5579 ⁸
1407 5545 1536 5618 ἀχρι
1559 5547 1617 5600 δέ
1665 5547 1836 5618 μέσης
1860 5545 1998 5616 ἡμέ-

411 5657 512 5717 ρας
539 5645 658 5696 ὲκεί
689 5643 1038 5714 περιμείνας,
1093 5640 1382 5720 ἱστάμενος
1440 5639 1547 5712 πρὸ
1608 5641 1716 5693 τῶν
1775 5637 1995 5709 τειχῶν,

407 5733 756 5806 ἀναστρέψας
785 5733 1021 5803 ἢλαυνεν
1048 5731 1228 5787 ὀπίσω
1258 5732 1358 5802 τῆς
1387 5729 1601 5804 ἡμέρας
1650 5731 1713 5785 τὸ
1761 5729 1949 5784 λοιπόν
1977 5745 1992 5762 ο

2038 4581 2048 4589 .
2080 4530 2182 4586 sibi
2208 4529 2744 4586 adduxissent.iilud
2779 4543 2964 4587 tamen
2988 4533 3259 4603 viderent,
3293 4553 3363 4594 ne
3395 4554 3454 4594 se
3477 4553 3668 4611 postea

2081 4622 2533 4685 criminarentur,
2572 4622 2618 4677 si
2649 4623 2765 4693 ipse
2792 4624 2862 4678 ab
2893 4625 3003 4681 illis
3035 4625 3296 4685 inchoata
3339 4631 3662 4697 absolverit.
3718 4617 3720 4620 r

2086 4713 2561 4784 promittebatque
2618 4714 2685 4768 ad
2744 4723 3025 4774 certamen
3051 4730 3304 4788 paratum
3353 4721 3492 4788 fore,
3540 4741 3666 4780 cum

2086 4807 2322 4876 primum
2350 4806 2468 4862 dies
2495 4810 2800 4877 praestituta
2833 4809 3119 4866 adfuisset.
3149 4813 3450 4884 Respondit
3477 4816 3669 4873 Mono-

2089 4901 2338 4963 n:achus.
2373 4899 2428 4954 in
2461 4899 2579 4971 ejus
2611 4900 2884 4956 arbitratu
2925 4904 3093 4958 situm
3144 4920 3290 4971 esse,
3334 4905 3517 4963 facere
3541 4926 3664 4978 quae

2088 4991 2193 5046 sibi
2239 4989 2548 5044 conducere
2597 5000 2773 5060 putet,
2801 4991 3079 5062 quomodo
3128 4993 3392 5050 nimirum
3445 5005 3500 5050 et
3559 4999 3662 5069 ipsi

2089 5084 2312 5141 faciant.
2354 5083 2528 5140 Porro
2568 5099 2695 5139 cum
2749 5085 2863 5140 illic
2897 5100 3072 5155 usque
3119 5086 3176 5140 in
3208 5089 3496 5145 meridient
3538 5103 3666 5150 ante

2092 5193 2279 5232 muros
2326 5177 2741 5242 constitissent,
2796 5177 3067 5247 reliquum
3123 5178 3232 5234 diei
3279 5180 3332 5234 in
3381 5182 3667 5242 redeundo

2093 5277 2418 5343 posuerunt,
2443 5280 2498 5326 et
2531 5280 2690 5326 nocte
2714 5271 2803 5325 illa
2823 5277 3175 5341 quieverunt,
3197 5273 3358 5328 simul
3395 5275 3666 5338 Barbarus

2095 5381 2124 5420 a
2183 5365 2541 5438 populatione
2592 5365 2874 5421 redituros
2930 5368 3332 5435 praestolantes.
3388 5370 3665 5430 Postridie

2097 5459 2380 5514 castellum
2411 5459 2564 5530 juxta
2590 5455 2834 5527 Pydnam
2854 5495 2870 5520 ,
2898 5456 2986 5510 cui
3023 5455 3325 5526 imperator
3347 5461 3665 5530 prmsidium

2100 5549 2456 5619 imposuerat,
2485 5546 2664 5614 primo
2689 5547 2894 5617 impetu
2921 5547 3170 5617 capiunt,
3203 5550 3257 5602 in
3279 5567 3390 5621 quo
3416 5564 3668 5623 repertus

2098 5648 2183 5693 est
2219 5637 2386 5693 etiam
2419 5635 2750 5692 Theodorus
2780 5639 3189 5708 Pepagomenus
3218 5655 3248 5696 e
3277 5644 3542 5700 ministris
3568 5649 3672 5700 im-

2105 5728 2394 5803 peratoris,
2415 5742 2578 5800 quem
2598 5729 2754 5800 jussu
2777 5731 2953 5804 magni
2975 5731 3135 5788 ducis
3151 5735 3402 5808 vestibus
3417 5749 3665 5808 exutum,
