3998 6204
419 365 555 429 1οἿ3

1550 366 2091 428 ῙῘΙΞΤΟΙΗΑΒΠΜ
2137 369 2368 430 LIBER
2406 370 2514 429 III.

411 497 495 541 ως
528 465 838 546 γράμματα
867 473 1078 538 δέξαιτο
1108 474 1202 526 καὶ
1237 474 1335 544 τὴν
1359 467 1674 544 πρεσϐείαν,
1705 475 1852 530 κόνιν
1891 475 1990 548 μὲν

2098 479 2232 535 duce
2273 481 2596 550 imperatum
2627 483 2765 538 erat,
2798 483 2857 529 ut
2895 470 2988 544 qui
3026 473 3079 528 in
3111 472 3294 529 Asiam
3333 473 3651 542 transirem,

403 568 708 639 κατεκέατο
753 567 854 637 τῆς
882 565 1144 636 κεφαλῆς,
1174 567 1268 620 καὶ
1306 566 1425 636 Θεῷ
1472 567 1673 631 πολλὰς
1719 567 1987 638 ὡμολόγει

406 664 644 734 Χάριτας
673 659 775 729 τῆς
832 659 1095 727 ἀγγελίας
1115 675 1132 692 ⁸
1159 654 1228 729 ἦν
1259 660 1368 730 γὰρ
1418 658 1682 730 πρότερον
1736 661 1988 729 ἀκηκοὼς

405 755 483 817 ὡς
511 752 962 823 Καντακουζηνὺς
991 755 1018 805 ὁ
1071 752 1328 821 βασιλεὺς
1373 753 1716 825 τελευτήσειε
1776 754 1987 823 διατρί-

408 846 522 899 ϐων
548 830 680 916 περὶ
707 845 1034 914 Τριϐαλούς·
1059 845 1201 899 οὕτω
1243 845 1353 916 γὰρ
1383 839 1453 917 ἦν
1511 847 1987 918 προστεταγμένον

409 937 516 992 ὑπὸ
542 937 782 1008 μεγάλου
811 938 1023 1003 δευκδς,
1049 940 1175 1002 τοὺς
1209 941 1301 992 ἐπὶ
1328 938 1426 1010 τὴν
1477 939 1659 992 Ἀσίαν
1688 939 1989 993 διαϐαίνον-

406 1046 508 1091 τας
539 1030 603 1081 ἐκ
639 1027 983 1096 συνθήματος
1016 1030 1223 1091 πάντας
1287 1030 1489 1097 λέγειν·
1518 1031 1718 1084 αὐτίκα
1768 1049 1826 1084 τε
1880 1049 1986 1084 πα-

412 1120 781 1189 ρασκευάζετο
810 1121 995 1173 στόλον
1024 1120 1180 1186 νεῶν,
1203 1121 1369 1191 ὀλίγῳ
1415 1122 1649 1176 δεουσῶν
1673 1125 1984 1178 διακοσίων.

407 1210 521 1266 Καὶ
548 1212 576 1262 ὸ
608 1210 783 1279 μέγας
809 1209 934 1274 δοῦξ
971 1211 1094 1264 ἐπεὶ
1152 1212 1364 1280 ἀγνοεῖν
1395 1213 1464 1266 τὰ
1511 1193 1851 1284 γεγενημένα
1888 1216 1989 1268 οὐκ

409 1300 556 1370 ἐνῆν,
587 1300 795 1352 πολλῶν
837 1300 1085 1356 Ἀσίαθεν
1107 1301 1205 1374 τὴν
1253 1305 1610 1375 παρασκευὴν
1638 1305 1733 1358 τοῦ
1799 1307 1988 1361 στόλου

408 1389 810 1460 ἀγγελλόντων,
861 1391 1159 1461 πρεσϐείαν
1206 1395 1270 1447 ἐκ
1308 1394 1706 1466 θεσσαλονίκης
1755 1399 1991 1452 ἐποιεῖτο

405 1482 549 1549 πρὸς
581 1482 808 1552 Ἀμοῦρ,
841 1482 936 1535 καὶ
962 1483 1219 1554 χρήματα
1241 1484 1310 1538 τὰ
1353 1485 1452 1555 μὲν
1476 1486 1670 1552 ἐδίδου,
1701 1487 1770 1541 τά
1803 1488 1860 1541 δὲ
1891 1489 1985 1542 καὶ

411 1571 798 1641 ἐπηγγέλλετο,
824 1576 871 1626 εί
908 1573 983 1644 μὴ
1021 1575 1258 1644 πόλεμον
1297 1576 1472 1647 κινοίη
1503 1576 1639 1645 πρὸς
1671 1578 1851 1644 αὐτὸν,
1883 1597 1989 1649 μη·-

408 1661 467 1714 δὲ
496 1663 815 1735 συμμαχοίη
843 1664 1304 1738 Καντακουζηνῷ.
1336 1669 1395 1722 ’0
1419 1669 1463 1721 δ’
1489 1669 1864 1740 ἀπεπέμψατο
1891 1671 1990 1741 τὴν

413 1754 735 1822 πρεσϐείαν,
789 1754 1026 1809 ἀδύνατα
1066 1759 1308 1827 φάμενος
1375 1759 1583 1814 αἰτεῖν·
1643 1761 1806 1815 αὑτὸν
1881 1763 1990 1831 γάρ

385 1848 582 1898 ,παντὶ
641 1847 820 1900 σθένει
867 1851 1251 1919 συμμαχήσειν
1301 1851 1531 1920 βασιλεῖ.
1595 1853 1877 1922 Δεομένων
1931 1854 1987 1907 δὲ

419 1936 839 2006 τῶν.πρέσ6εων
869 1939 936 1993 τά
997 1940 1144 2010 δῶρα
1201 1941 1478 2011 δέχεσθαι,
1535 1945 1592 1996 ού
1639 1944 1986 2010 κατεδέξατο,

416 2024 772 2097 ἀνελευθέρου
804 2029 982 2097 φήσας
1012 2025 1151 2084 εἷναι
1178 2033 1272 2084 καὶ
1298 2033 1546 2102 χρήμασι
1567 2033 1984 2104 δεδουλωμένου,

417 2116 514 2169 νῦν
547 2116 647 2186 μὲν
681 2119 865 2186 φιλίας
894 2121 1058 2174 ἕνεκα
1127 2121 1277 2191 δῶρα
1325 2123 1612 2190 φαίνεσθαι
1675 2125 1984 2195 δεχόμενον,

415 2205 642 2274 ὕστερον
693 2207 750 2260 δέ
779 2209 948 2279 ὀλίγῳ
994 2210 1375 2280 πολεμοῦντα.
1419 2213 1988 2282 Παρασκευασάμενις

414 2296 474 2350 ει
501 2298 557 2349 ἐν
576 2297 786 2368 βραχεῖ,
811 2302 904 2352 tul.
924 2301 1182 2370 χρήματά
1201 2319 1262 2354 τε
1280 2303 1450 2355 πολλὰ
1482 2304 1601 2366 ταῖς
1633 2305 1818 2357 ναυσὶν
1841 2305 1989 2358 ἐνθέο

421 2404 602 2455 μενος,
636 2391 732 2442 καὶ
763 2391 832 2443 τά
871 2392 1006 2445 ἀλλα
1033 2394 1342 2462 ἐπιτήδεια,
1381 2394 1455 2456 ὡς
1483 2396 1744 2465 χρονίσων
1774 2396 1855 2460 είς
1889 2396 1987 2466 τὴν

415 2473 688 2541 βασιλέως
754 2477 1096 2547 συμμαχίαν,
1147 2481 1378 2551 ἀνήγετο
1453 2484 1518 2536 ἐκ
1569 2484 1841 2555 Σμύρνης,
1895 2487 1989 2540 καὶ

419 2564 686 2632 προῆλθεν
718 2566 876 2636 ἄχρις
904 2567 1156 2634 ΕὑϐοὲαΤ,
1195 2573 1388 2642 καιροῦ
1434 2571 1610 2642 τυχὼν
1641 2577 1944 2646 ἐπιτηδείου
1969 2594 1984 2608 ·

418 2654 639 2724 ἀνέμων
666 2657 722 2708 δὲ
754 2661 870 2711 ἐκεῖ
901 2662 1252 2715 πνευσάντων
1317 2665 1592 2729 ἐναντίων,
1622 2665 1833 2735 ἔμεινεν
1894 2668 1988 2720 ἐπὶ

421 2746 624 2816 συχνὰς
651 2749 882 2819 ἡμέρας.
904 2753 1038 2815 Δοὺξ
1057 2753 1111 2806 δὲ
1137 2755 1165 2807 ὁ
1187 2754 1360 2824 μέγας
1385 2757 1506 2808 ἐπεὶ
1524 2757 1681 2824 μάθοι
1711 2759 1834 2820 τοὺς
1858 2759 1987 2829 βαρ-

423 2836 628 2906 ϐάρους
661 2841 934 2904 ἐπιόντας,
971 2842 1062 2894 δύο
1093 2843 1202 2896 τῶν
1223 2847 1494 2915 τριήρεων
1524 2848 1580 2900 ἐν
1622 2848 1990 2924 Θεσσαλονίκῃ

422 2930 762 2995 καταλιπὼν,
796 2933 1104 2987 ἀπέπλευσε
1127 2938 1250 2992 ταῖς
1286 2938 1584 3002 ἐπιλοίποις
1615 2940 1693 3001 εἰς
1726 2938 1990 3000 Βυζάντι-

421 3037 504 3085 ον,
530 3021 712 3086 δείσας
738 3025 812 3093 μὴ
835 3024 941 3076 ὑπό
999 3042 1057 3077 τε
1110 3025 1219 3079 τῶν
1260 3026 1552 3097 βαρϐάρων
1590 3031 1680 3080 καὶ
1726 3028 1992 3098 βασιλέως

2088 588 2154 628 ex
2209 571 2514 641 composito
2554 582 2745 622 omnes
2789 582 2917 622 eum
2966 580 3245 621 rumorem
3304 578 3644 636 spargerent.

2088 666 2205 721 Mox
2255 663 2417 734 paulo
2464 661 2647 716 minus
2699 659 2964 714 ducentas
2999 672 3168 712 naves
3221 656 3446 714 instruit
3491 666 3657 734 atque

2087 732 2268 810 ornat.
2301 737 2524 824 Magnus
2558 752 2688 814 dux,
2720 751 2866 820 quod
2899 749 3072 802 latere
3103 763 3211 802 non
3246 754 3500 817 poterant
3534 732 3659 816 quae

2091 849 2314 914 ﬁebant,
2339 863 2466 902 cum
2499 845 2656 900 multi
2684 861 2749 900 ex
2788 843 2912 897 Asia
2952 841 3254 905 venientes,
3291 839 3359 893 de
3396 848 3656 908 apparatu

2088 939 2182 992 illo
2233 945 2540 1000 narrarent,
2575 933 2965 990 Thessalonica
3006 931 3217 998 legatos
3265 928 3330 983 ad
3367 928 3657 1006 Amurium

2088 1031 2278 1093 mittit,
2315 1028 2572 1097 pecunias
2622 1028 2757 1081 alias
2808 1025 2862 1078 in
2911 1039 3155 1094 praesens
3203 1021 3386 1087 otI‘ert,
3420 1021 3555 1076 alias
3604 1019 3659 1073 in

2089 1126 2334 1176 futurum
2386 1119 2638 1188 spondet,
2675 1118 2720 1170 si
2767 1117 2936 1171 armis
2983 1122 3178 1168 contra
3213 1128 3270 1167 se
3299 1121 3355 1168 et
3401 1111 3661 1167 societate

2089 1228 2214 1266 cum
2235 1211 2619 1266 Cantacnzcno
2645 1208 2940 1264 abstineat.
2961 1203 3122 1276 564
3135 1203 3450 1273 Respondet
3471 1202 3541 1256 Pe
3552 1217 3660 1262 rsa,

2091 1313 2276 1374 petere
2306 1302 2430 1356 illos
2460 1317 2582 1371 qua
2608 1299 2724 1353 ﬁeri
2755 1305 3055 1367 nequeant,
3087 1311 3147 1350 se
3177 1294 3439 1350 omnibus
3477 1292 3661 1347 nervis

2091 1399 2478 1466 imperatorem
2532 1391 2870 1462 adiuturum.
2921 1388 3263 1458 Rogantibus
3321 1385 3538 1456 legatis,
3599 1391 3660 1437 ut

2091 1501 2320 1542 munera
2378 1485 2677 1554 acciperet,
2720 1483 3019 1545 recusavit,
3070 1481 3216 1549 quod
3263 1477 3502 1532 hominis
3540 1491 3662 1530 esse

2091 1579 2375 1634 illiberalis
2400 1585 2456 1632 et
2487 1575 2733 1645 pecuniae
2767 1573 3058 1628 servientis
3093 1570 3327 1634 diceret,
3361 1585 3509 1624 nunc
3541 1568 3662 1637 qni-

2093 1674 2218 1729 dem
2258 1671 2513 1726 amicitia:
2548 1683 2711 1724 causa
2764 1668 2906 1722 dona
2939 1665 3210 1734 accipere,
3247 1671 3302 1718 et
3335 1677 3444 1717 non
3491 1661 3664 1714 multo

2093 1773 2217 1836 post
2249 1763 2541 1818 donantem
2580 1761 2748 1816 armis
2780 1768 2987 1829 petere.
3023 1754 3183 1812 Brevi
3229 1763 3412 1809 autem
3457 1754 3663 1807 instrn-

2095 1867 2235 1922 ctus,
2279 1854 2581 1926 grandique
2630 1853 2863 1922 pecunia
2927 1857 2984 1904 et
3036 1854 3344 1904 commeatu
3381 1844 3437 1898 in
3494 1858 3663 1896 naves

2095 1948 2386 2019 impositis,
2421 1953 2608 2015 utpote
2633 1944 2725 1998 diu
2754 1958 2877 1997 cum
2913 1942 3246 2011 imperatore
3274 1937 3392 2007 opis
3423 1933 3662 1990 ferendae

2094 2054 2518 2113 permansurus,
2569 2035 2799 2107 Smyrna
2848 2034 3034 2097 solvit,
3077 2040 3134 2087 et
3180 2031 3418 2086 secunda
3462 2038 3661 2096 tempe-

2095 2144 2236 2190 state
2271 2129 2536 2186 Eubaaam
2576 2126 2821 2188 devenit,
2851 2124 2943 2179 ubi
2994 2123 3171 2178 ventis
3223 2121 3517 2177 contrariis
3543 2135 3664 2173 sur—

2094 2223 2371 2295 gentibus,
2405 2236 2499 2289 per
2546 2217 2665 2271 dies
2702 2231 2808 2270 non
2864 2228 3071 2286 paucos
3115 2211 3386 2268 subStitit.
3437 2209 3662 2276 Magnus

2097 2317 2234 2376 dux.
2289 2312 2488 2367 infesto
2523 2307 2891 2362 Barbarorum
2924 2305 3159 2360 adventu
3196 2303 3262 2358 ad
3313 2317 3371 2357 se
3429 2300 3660 2371 perlato.

2095 2408 2396 2464 formidans
2433 2417 2501 2458 ne
2548 2409 2604 2456 et
2651 2399 2720 2454 ab
2769 2399 2896 2461 illis,
2925 2408 2980 2452 et
3015 2395 3084 2451 ab
3126 2395 3455 2465 imperatore
3489 2391 3664 2446 Thes-

2095 2499 2351 2556 salonica:
2399 2496 2767 2558 obsideretur,
2799 2491 3012 2546 duabus
3063 2489 3172 2544 illic
3221 2486 3538 2541 triremibus
3575 2499 3663 2537 re-

2095 2591 2264 2653 lictis,
2321 2605 2445 2644 cum
2495 2585 2710 2641 caeteris
2746 2583 3065 2655 Byzantium
3116 2579 3352 2649 trajecit.
3403 2575 3665 2631 Amurius

2097 2701 2229 2741 vero
2260 2683 2436 2739 ventis
2465 2678 2711 2736 adversis
2743 2677 2796 2732 in
2823 2675 3030 2731 Enbma
3078 2681 3342 2738 retentus,
3377 2669 3663 2724 miriﬁcam

2101 2778 2285 2832 animo
2343 2772 2633 2829 tristitiam
2673 2768 2944 2838 capiebat,
2977 2779 3142 2835 quem
3200 2773 3457 2817 eventum
3487 2757 3663 2827 quod-

2102 2867 2226 2922 dam
2247 2880 2353 2919 non
2371 2860 2631 2917 mediocri
2663 2858 3038 2927 indignatione
3069 2852 3385 2922 complevit.
3407 2851 3447 2903 E
3479 2849 3664 2904 Pteleo

2099 2969 2338 3026 namque
2375 2960 2531 3020 capta
2561 2964 2722 3014 nave,
2752 2957 2807 3002 et
2840 2946 3072 3016 captivis
3102 2944 3170 2998 ad
3213 2958 3340 2998 eum
3389 2938 3662 2997 adductis.

2101 3024 2411 3102 sciscitatus
2457 3049 2544 3095 est
2595 3037 2641 3093 si
2668 3035 2799 3107 quid
2831 3034 2899 3089 de
2941 3034 3273 3102 imperatore
3306 3033 3552 3082 nossent.
3585 3024 3665 3077 [Ili

421 3113 480 3221 ἐν
511 3113 879 3221 minimum
909 3115 1268 3188 πολιορκοῖτο.
1313 3117 1521 3190 ’Δμοὺρ
1567 3118 1626 3172 δὲ
1659 3119 1858 3192 Εὐϐοίᾳ
1901 3121 1989 3172 ἐν’

2100 3142 2427 3198 memorant,
2463 3146 2521 3187 se
2551 3130 2620 3185 de
2668 3125 2896 3182 advenis
2944 3117 3525 3179 Thessalonicensibus
3571 3129 3667 3167 au~

417 3202 714 3275 δ;ατρί6ων
736 3206 824 3258 διὰ
859 3207 966 3266 τῶν
989 3209 1208 3278 ἀνέμων
1248 3208 1349 3280 τὴν
1377 3213 1716 3277 ἀντίπνοιαν,
1771 3214 1992 3283 ἐδυσχέ-

423 3315 611 3371 ραινεν
642 3299 740 3353 ούκ
774 3301 1014 3364 ἀνεκτῶς
1036 3317 1052 3332 ·
1081 3303 1296 3371 συμϐὰν
1323 3304 1380 3356 δέ
1406 3321 1459 3356 τι
1515 3304 1611 3356 καὶ
1666 3305 1874 3374 ἕτερον,
1931 3305 1992 3358 οὗ

424 3391 662 3460 μετρίως
691 3391 905 3445 ἔπειθεν
933 3394 1284 3458 ἀγανακτεῖν.
1317 3394 1412 3448 Ἐκ
1441 3396 1548 3463 γὰρ
1585 3395 1814 3448 Πτελεοῦ
1847 3395 1996 3448 πλοίο

421 3499 485 3534 ου
509 3482 928 3553 συλληφθέντος,
974 3483 1070 3537 καὶ
1120 3485 1229 3538 τῶν
1282 3485 1653 3555 αἰχμαλώτων
1706 3488 1994 3556 ἀγομένων

425 3571 563 3640 πρὸς
596 3574 780 3639 αὑτὸν,
809 3575 1140 3628 ἐπυνθάνετο
1193 3576 1249 3628 εἴ
1280 3594 1332 3630 τι
1384 3577 1576 3630 εἰδεῖεν
1608 3579 1734 3642 περὶ
1774 3578 1992 3648 βασιλέ-

427 3677 522 3723 ως·
558 3662 607 3713 οἰ
635 3659 681 3714 δ’
709 3662 938 3727 ἔφασαν,
971 3667 1057 3719 ὅτι
1084 3665 1248 3718 τινῶν
1269 3667 1332 3718 ἐκ
1360 3666 1763 3735 Θεσσαλονίκης
1821 3670 1993 3736 ἀφιγ-

431 3753 612 3820 μένων
639 3752 777 3822 πρὸς
807 3755 971 3808 αὐτὸν
991 3757 1085 3811 καὶ
1112 3756 1388 3824 πύθοιντο,
1422 3757 1496 3821 ὡς
1544 3761 1572 3811 ὁ
1635 3758 1806 3827 μέγας
1845 3759 1992 3822 δοὺξν

361 3843 364 3846 ’
425 3843 626 3912 πολλὴν
655 3843 804 3912 ἀγων
833 3843 1060 3915 δύναμιν
1090 3847 1324 3918 ίππικην
1349 3863 1409 3900 τε
1458 3847 1575 3918 ἅμα
1633 3837 1731 3902 καὶ
1792 3847 1992 3918 πεζὴν,
2026 3905 2049 3925 κ

427 3936 520 3986 καὶ
543 3934 756 4003 Πέρσας
818 3936 960 3990 κατὰ
1000 3938 1339 4007 συμμαχίαν,
1376 3937 1587 4010 βασιλεί
1632 3940 1710 4009 τῷ
1774 3940 1994 3994 Καντα-

427 4028 680 4097 κουζηνῷ
703 4029 1186 4100 ἐπιστρατεύσειεν
1214 4032 1328 4086 δντι
1351 4035 1410 4089 ἐν
1440 4033 1674 4106 Βερῤοίᾳ
1697 4051 1711 4066 ο
1731 4035 1894 4088 πλέον
1939 4034 1996 4087 δέ

434 4119 601 4191 μηδὲν
626 4121 844 4175 ειδέναι.
880 4122 938 4174 ’0
967 4121 1047 4187 δὲ,
1081 4126 1146 4178 ἐκ
1179 4123 1288 4176 τῶν
1314 4124 1623 4194 λεγομένων
1673 4125 1999 4197 στοχαζόμε-

430 4230 522 4276 νος
539 4216 597 4266 ἐν
617 4213 788 4281 ἀγῶνι
816 4212 954 4268 εῖναι
1020 4214 1266 4284 βασιλέα,
1329 4216 1532 4283 μᾶλλον
1589 4218 1993 4288 ἐδυσχέραινεν,

428 4305 515 4358 ὃτι
562 4305 638 4374 μὴ
680 4305 890 4375 ταχέως
937 4301 1054 4376 εῐχε
1105 4306 1357 4376 βοηθεῖν·
1386 4307 1451 4358 ἐκ
1487 4307 1596 4360 τῶν
1651 4309 1887 4377 ἀρίστων
1939 4308 1998 4362 δέ

427 4395 541 4449 τῶν
571 4396 796 4466 Περσῶν
821 4396 1118 4467 ἐκκλησίαν
1149 4395 1526 4467 συναθροίσας,
1567 4397 1664 4462 καὶ
1711 4396 1998 4468 παρελθὼν

2098 3229 2270 3290 disse.
2298 3237 2555 3294 magnum
2593 3220 2790 3275 ducem
2842 3215 3047 3288 ingenti
3090 3213 3340 3274 equitum
3398 3205 3671 3279 peditum-

2097 3337 2206 3391 que
2237 3331 2491 3381 numero,
2521 3310 2795 3382 adjunctis
2825 3308 2955 3362 item
2991 3304 3196 3369 Persis,
3233 3302 3288 3356 in
3334 3300 3669 3357 Cantacuze-

2099 3390 2230 3465 num
2283 3407 2426 3475 apud
2465 3402 2785 3459 Berrbmam
2831 3397 3224 3466 profecturum,
3256 3392 3395 3446 nihil
3434 3390 3668 3459 amplius

2098 3497 2453 3567 comperisse.
2486 3494 2748 3548 Amurius
2801 3487 2932 3542 hinc
2970 3485 3251 3553 colligens,
3277 3481 3390 3549 jam
3437 3493 3562 3532 eum
3611 3480 3664 3531 in

2102 3588 2284 3643 medio
2326 3582 2535 3639 versari
2597 3578 2919 3639 certamine.
2967 3572 3352 3629 vehementius
3411 3568 3665 3626 indoluit,

2101 3679 2246 3752 quod
2303 3677 2354 3732 ei
2409 3684 2619 3728 mature
2673 3681 2997 3725 succurrere
3056 3679 3163 3720 non
3219 3669 3427 3733 posset.
3454 3659 3663 3715 Deinde

2101 3772 2420 3842 optimatum
2468 3779 2690 3820 suorum
2720 3767 3050 3816 conventum
3098 3757 3228 3827 egit,
3263 3762 3426 3823 atque
3458 3753 3512 3805 in
3547 3767 3667 3805 me-

2101 3840 2253 3918 dium
2287 3868 2631 3928 progressus,
2679 3851 2781 3904 hac
2811 3847 3056 3904 oratione
3088 3858 3221 3900 usus
3255 3851 3357 3898 est.
3391 3842 3509 3896 Meo
3540 3840 3666 3909 qui-

2101 3949 2224 4006 dem
2273 3945 2479 4019 judicio
2511 3954 2772 4013 perquam
2817 3949 3007 4002 amens
3062 3943 3121 3988 et
3147 3932 3378 4003 ignavus
3432 3928 3524 3992 sit,
3571 3927 3665 3995 qui

2103 4041 2183 4098 rei
2233 4017 2534 4110 cujuspiam
2579 4038 2834 4100 suscepta
2860 4026 3180 4088 ‘voluntate,
3223 4038 3334 4076 non
3386 4019 3570 4074 omnia
3614 4017 3665 4068 ei

2102 4129 2402 4204 postponit,
2457 4138 2634 4194 neque
2685 4120 2754 4176 ad
2791 4118 3092 4174 deliberata
3134 4111 3464 4185 perficienda
3517 4123 3665 4163 sum.

2104 4200 2246 4280 lnam
2269 4217 2679 4277 contentionem
2712 4213 2959 4268 adhibet.
2992 4208 3126 4264 Nam
3157 4207 3202 4262 si
3243 4205 3389 4259 factu
3442 4200 3664 4272 quidem

2103 4312 2358 4368 facillima
2388 4321 2743 4380 aggressurus
2775 4305 2867 4369 sit,
2911 4300 3307 4371 impedimento
3352 4302 3534 4349 autem
3571 4292 3670 4344 ali-

2104 4419 2213 4474 quo
2253 4401 2458 4465 oblato,
2499 4409 2593 4451 aut
2640 4394 2865 4450 omnino
2927 4393 3204 4457 desperet,
3237 4395 3332 4440 aut
3387 4382 3669 4438 eniollitm

433 4485 597 4549 αὐτὸς
622 4488 702 4550 είς
731 4487 952 4557 μέσους,
978 4486 1127 4551 ἔλεξε
1156 4488 1336 4540 τοιάδε
1357 4503 1372 4517 ·
1405 4486 1610 4558 Πολλὴν
1651 4489 1837 4543 ἄνοιαν
1887 4487 1992 4557 ἐγὼ

2103 4495 2357 4565 negligat,
2403 4500 2459 4545 et
2513 4504 2695 4543 rerum
2766 4486 2972 4540 exitum
3022 4488 3367 4549 esspectans,
3421 4476 3665 4539 laborem

431 4578 532 4630 καὶ
573 4578 864 4647 ἀνανδρίαν
915 4579 1124 4633 ἐκείνου
1171 4575 1662 4650 καταψηφισαίμην
1717 4581 1803 4643 ἂν,
1851 4566 2007 4643 δστιξ

429 4669 528 4722 ἐπί
561 4687 613 4723 τι
641 4669 989 4740 ὡρμημένος,
1044 4671 1120 4741 μὴ
1175 4670 1349 4723 πάντα
1377 4669 1606 4741 δεύτερα
1655 4673 1860 4741 ῆγοιτο,
1890 4688 1997 4741 μη-

427 4759 693 4815 δὶπᾶσαν
744 4761 990 4827 φαίνοιτο
1039 4759 1276 4830 σπουδὴν
1333 4761 1796 4830 ἐπιδεικνύμενος,
1856 4761 1996 4816 ὥστε

323 4843 327 4846 ’
429 4849 587 4917 ἄγειν
617 4849 696 4911 εἰς
720 4849 880 4919 ἔργον
903 4851 970 4902 τά
999 4848 1400 4918 βεϐουλευμένα
1418 4864 1434 4880 ·
1463 4853 1510 4905 εί
1544 4851 1652 4923 γὰρ
1682 4853 1860 4920 μέλλοι
1886 4855 2000 4916 τοίς

433 4940 536 5009 μὲν
564 4942 628 4993 ἐκ
660 4939 756 4993 τοῦ
805 4940 1003 5011 ῥᾴστου
1064 4947 1500 5013 περιγινομένοις
1552 4945 1872 5014 ἐπιχειρεῖν,
1933 4943 1999 4998 ἂν

429 5030 489 5084 δέ
515 5047 568 5082 τι
599 5029 876 5102 συμϐαίνῃ
905 5029 1157 5100 κώλυμα,
1183 5030 1216 5100 ἢ
1242 5031 1590 5086 παντάπασιν
1607 5033 1995 5103 ἀπαγορεύειν,

434 5120 715 5188 ἢάμελεῖν
764 5121 1217 5199 μαλακιζόμενον,
1252 5121 1346 5174 καὶ
1397 5123 1713 5192 περιμένειν
1745 5125 1843 5193 τὴν
1893 5126 1999 5178 ἀπὸ

435 5211 546 5264 τῶν
574 5212 918 5282 πραγμάτων
943 5212 1169 5266 ἔκϐασιν
1205 5211 1547 5267 ἀποκνοῦντα
1579 5214 1713 5284 πρὸς
1743 5216 1870 5277 τοὺς
1901 5214 2000 5266 πό-

437 5319 581 5368 νους,
606 5303 759 5357 οὐδὲν
781 5303 970 5357 διοίσει
992 5303 1100 5357 τῶν
1129 5303 1364 5369 πολλῶν,
1390 5303 1512 5356 οὐδὲ
1538 5305 1679 5372 μέγα
1702 5321 1754 5358 τι
1784 5308 1879 5358 καὶ
1913 5305 2000 5358 λό-

437 5411 535 5462 γου
567 5395 716 5459 ἄξιον
740 5395 1136 5466 κατορθώσειεν
1193 5393 1256 5448 ἄν
1290 5411 1420 5448 ποτε
1442 5394 1528 5448 ’ἂν
1547 5395 1602 5447 δὲ
1630 5396 1725 5448 καὶ
1746 5395 1874 5467 περί
1916 5413 2001 5449 τι·

436 5503 541 5538 νων
589 5485 840 5555 μεγάλων
883 5482 979 5560 ᾖη
1030 5485 1391 5555 ἐπιχείρησις,
1435 5488 1526 5539 καὶ
1579 5488 1610 5554 ἡ
1678 5488 2001 5558 παρασκευὴ

438 5575 734 5646 θαυμασία,
771 5577 866 5630 καὶ
929 5578 1202 5648 μεγάληη
1253 5577 1490 5644 δαπάνη,
1533 5577 1721 5629 ἔπειτα
1775 5578 2002 5647 ἀϐουλίᾳ.

435 5665 533 5720 τοῦ
563 5668 874 5738 στρατη·ίοῦ
902 5668 995 5722 καὶ
1017 5667 1270 5739 ἀτολμίᾳ,
1307 5669 1474 5738 μηδὲν
1524 5669 1671 5731 ἄξιον
1738 5670 1938 5737 ἑαυτῆς
1963 5672 1995 5740 ή

434 5757 665 5825 στρατιά
688 5759 868 5828 ἐκείνη
904 5759 1140 5832 πράττῃ,
1171 5760 1231 5812 οὐ
1276 5763 1423 5829 παρὰ
1451 5761 1558 5813 τῶν
1594 5760 1764 5813 ἄλλων
1816 5760 1998 5829 μόνον,

2105 4584 2446 4643 reformidet.
2488 4579 2618 4634 nihil
2650 4593 2678 4631 a
2710 4577 2871 4646 vulgo
2913 4573 3153 4636 diﬁc-ret,
3184 4583 3362 4638 neque
3414 4581 3668 4637 magnum

2102 4675 2384 4747 quidpiam
2439 4682 2495 4726 et
2529 4667 2891 4725 memorabile
2916 4679 3154 4735 unquam
3198 4675 3464 4732 prospere
3493 4670 3670 4726 geret.

2102 4768 2159 4822 Si
2218 4781 2348 4820 vero
2414 4762 2582 4816 ardua
2645 4759 2914 4830 quaedam,
2967 4755 3169 4824 insigni
3233 4759 3517 4822 apparatu,
3567 4763 3670 4799 nec

2103 4873 2266 4928 parva
2316 4856 2563 4924 impensa
2604 4847 2861 4905 tentanda
2912 4847 3044 4911 sint,
3077 4856 3133 4900 et
3160 4845 3392 4898 stultitia
3425 4855 3488 4894 ac
3523 4839 3668 4890 timi-

2103 4948 2274 5005 ditate
2320 4946 2475 5000 ducis
2506 4942 2641 4997 nihil
2668 4953 2728 4995 se
2776 4940 3002 5009 dignum
3055 4936 3334 4991 exercitus
3361 4933 3450 4985 ille
3482 4931 3664 4990 faciat,

2105 5052 2210 5094 non
2265 5037 2332 5091 ab
2364 5036 2486 5089 aliis
2529 5031 2711 5094 modo,
2739 5029 2836 5085 sed
2887 5031 2954 5082 ah
2987 5026 3124 5097 ipsis
3181 5024 3345 5079 etiam
3403 5021 3669 5074 mili-tibus

2103 5127 2366 5184 cenviciis
2425 5131 2586 5195 atque
2615 5121 2830 5194 probris
2857 5119 3042 5173 multis
3063 5130 3171 5169 non
3201 5113 3478 5168 immerito
3502 5127 3670 5180 appe-

2105 5231 2272 5287 tatur,
2308 5219 2452 5290 quod
2505 5215 2742 5272 imbellis
2788 5224 2844 5268 et
2893 5209 3267 5271 effeminatus,
3301 5214 3356 5261 et
3388 5205 3666 5265 laudibus,

2101 5321 2159 5366 et
2185 5312 2424 5380 praemiis
2451 5309 2716 5364 factorum
2748 5319 2844 5359 eos
2872 5298 3193 5370 privaverit.
3224 5297 3446 5361 Materia
3480 5293 3665 5362 igitur.

2103 5412 2160 5457 et
2184 5402 2336 5474 quasi
2381 5405 2760 5470 argumentum
2799 5391 2960 5462 565
3001 5390 3164 5460 hujus
3213 5397 3413 5441 nostra:
3441 5385 3670 5453 expedi-

2106 5492 2274 5547 tionis
2297 5492 2398 5543 alia
2430 5490 2576 5543 nulla
2601 5495 2704 5548 est,
2743 5500 2904 5550 quam
2937 5480 3258 5552 imperatori
3283 5477 3670 5533 Cantacuzeno

2107 5582 2495 5638 communibus
2527 5581 2692 5634 armis
2729 5593 2794 5631 ex
2852 5575 3059 5629 invidia
3100 5591 3130 5628 ιι
3189 5569 3452 5628 Romanis
3497 5583 3672 5638 oppu-

2107 5682 2293 5743 gnato,
2323 5681 2378 5726 et
2425 5680 2548 5724 ante
2593 5671 2686 5724 diu
2721 5667 2865 5738 apud
2916 5667 3188 5721 Triballos
3229 5662 3480 5734 profugo.
3521 5676 3668 5716 nunc

2109 5763 2294 5818 divina
2357 5763 2644 5833 adiuvante
2701 5759 2946 5833 potentia
3007 5761 3060 5812 in
3115 5757 3292 5812 solum
3341 5756 3666 5814 Bouianum,

3515 357 3656 423 lOT-I
3765 364 3770 369 ’
