3998 6204
442 295 581 384 1075_
1601 309 1932 370 JOANNIS
1970 311 2501 376 CANTACUZENI
2750 372 2756 378 .
2834 321 2839 328 ’
3493 318 3602 384 ιοῖϐ

439 376 629 465 ιηυιῖἱε
658 410 912 478 urbibus,
933 421 990 471 et
1025 416 1202 486 spatio
1227 432 1336 472 non
1374 418 1610 487 modico,
1642 431 1701 475 ιιι
1727 423 1928 483 fcrtur.
1957 423 1995 476 ir

2117 425 2252 480 ἀλλὰ
2283 429 2378 480 καὶ
2403 428 2531 499 παρ’
2555 428 2736 484 αὐτῶν
2773 422 2849 485 ὧν
2879 431 3022 500 ἄγει,
3056 433 3218 488 πολλὰ
3261 434 3443 499 δίκαιος
3475 437 3606 492 λοιδο-

436 511 760 568 potestatem
807 522 960 561 suam
1041 507 1276 565 redactis
1343 512 1662 576 revertenti,
1709 514 1995 568 subvenire

2109 519 2320 588 ρεῖσθαι
2337 522 2426 574 καὶ
2455 522 2931 594 περιυϐρίζεσοαι,
2979 505 3064 578 δτι
3087 528 3150 596 τῇ
3185 527 3407 598 σφετέρᾳ⁵
3423 529 3612 602 ἀτολμίᾳ

437 600 603 658 atque
637 593 915 662 epitulari.
950 594 1186 668 Contigit
1222 608 1403 654 autem
1433 601 1578 670 quod
1632 601 1904 669 videmus,
1940 603 1995 656 il-

2106 608 2213 662 τῶν
2242 611 2304 664 ὲκ
2331 612 2439 664 τῶν
2467 611 2644 681 ἔργων
2668 613 2905 666 ἐπαίνων
2957 614 3051 668 καὶ
3083 616 3187 668 τῶν
3231 617 3390 670 ἄθλων
3419 635 3510 669 των
3531 621 3614 672 ἀτιδ

437 680 553 735 lum
587 697 617 736 e
646 695 832 774 nostra
867 687 1071 741 virtute
1105 691 1314 744 nullum
1344 693 1554 760 cepisse
1585 693 1913 759 subsidium,
1950 704 1995 748 el

2106 701 2213 753 τῶν
2236 701 2410 754 πόνων
2433 703 2627 766 αὐτοὺς
2645 705 2955 774 ἀποστερεῖ.
2987 704 3052 760 Ἡ
3075 706 3171 775 μὲν
3191 706 3280 761 οὖν
3301 708 3521 770 ὑπόθεσις
3536 714 3614 778 τῆς

439 788 542 827 nos
575 774 849 832 incassum
904 797 964 834 ac
998 783 1196 837 frustra
1231 794 1432 839 tantam
1462 785 1856 855 navigationem
1881 804 1995 842 cutn

2107 791 2383 860 ἡμετέρας
2441 794 2732 862 στρατείας
2819 774 3085 866 ταυτησὶί
3121 796 3338 862 οὐδεμία
3384 798 3458 859 τίς
3501 774 3617 851 ἐστιν

441 865 918 936 tantoimpendio
964 872 1292 928 instituisse.
1326 872 1432 928 Pro
1471 875 1561 929 illo
1618 875 1786 945 igitur
1835 877 1995 931 diuti-

2109 883 2292 950 ἑτέρα,
2326 883 2358 948 ἢ
2398 883 2613 952 βασιλεῖ
2645 886 2724 956 τῷ
2756 865 3197 958 Καντακουζηνῷ
3219 889 3369 958 ἥκειν
3402 888 3484 940 ἐπὶ
3507 905 3620 954 ouu-

439 969 587 1018 care,
647 961 924 1026 quomodo
970 965 1164 1031 quavis
1217 966 1386 1020 animi
1432 970 1758 1024 remissione
1803 972 1995 1041 jucun-

2112 973 2284 1044 μαχίᾳ
2321 973 2426 1026 ὑπὸ
2468 973 2764 1044 Ῥωμαίων
2816 979 2968 1048 κοινῇ
3011 978 3393 1048 πολεμουμένῳ
3416 979 3493 1032 διὰ
3519 979 3622 1044 9G6-

437 1045 585 1109 dius,
616 1059 668 1104 et
705 1049 991 1141 'egrcgitim
1044 1055 1214 1112 decus
1258 1060 1418 1113 nobis
1477 1063 1995 1133 admirationequ

2108 1082 2220 1128 νον,
2275 1066 2372 1119 καὶ
2405 1067 2674 1137 πρότερον
2710 1066 2810 1135 μὲν
2841 1045 3031 1138 χρόνον
3082 1045 3182 1138 ήδη
3217 1045 3377 1122 πολὺν
3404 1070 3484 1120 ἐπὶ
3519 1070 3622 1138 Τρι-

436 1139 597 1210 longe
624 1139 840 1214 lateque
874 1149 1298 1206 conciliaturum
1339 1153 1432 1216 sit,
1476 1169 1570 1209 vos
1614 1169 1834 1224 quoque
1862 1154 1995 1208 facta

2109 1157 2310 1221 δαλοὺς
2343 1157 2625 1229 ὑπερορίῳ
2663 1159 3030 1230 διατρίψαντι,
3065 1161 3181 1214 νυνὶ
3209 1160 3264 1214 δὲ
3301 1161 3392 1230 ἤδη
3412 1160 3528 1212 Θεοῦ
3550 1161 3620 1213 τοῦ

437 1234 560 1300 ipso
590 1238 924 1291 attestamini
958 1253 972 1303 ;
1007 1241 1368 1309 cupidissime
1415 1244 1562 1298 enim
1619 1243 1766 1298 haud
1812 1260 1995 1300 coactu

2111 1250 2353 1320 μεγάλου
2398 1249 2534 1321 πρὸς
2565 1253 2664 1322 τὴν
2706 1252 3001 1322 Ῥωμαίων
3053 1255 3376 1323 ἐπανήκοντι
3409 1269 3621 1321 συναιρο-

437 1337 560 1378 meo
607 1325 838 1393 profecti
887 1345 1129 1393 meeum,
1161 1333 1270 1387 imo
1300 1343 1359 1388 ut
1397 1335 1573 1406 majus
1618 1336 1751 1406 quid
1803 1336 1995 1400 dicam1

2111 1341 2299 1410 μένου,
2359 1343 2454 1397 καὶ
2487 1343 2675 1406 πόλεις
2738 1342 2946 1407 πολλάς
3001 1344 3098 1400 καὶ
3128 1348 3308 1415 χώραν
3340 1345 3432 1397 οὒκ
3451 1345 3622 1412 ὀλίγην,

439 1429 526 1469 me
588 1417 656 1471 ad
713 1417 856 1475 hanc
905 1422 1302 1491 profectionem
1355 1426 1458 1496 ipsi
1515 1427 1787 1482 cohortati
1848 1428 1995 1484 estis.

2107 1432 2182 1495 ὡς
2209 1431 2503 1502 ἀκούομεν,
2530 1435 2621 1502 ὑφ’
2647 1434 2825 1505 ἑαυτῷ
2858 1436 3238 1506 πεποιημένῳ.
3272 1435 3539 1504 Συμϐαίνει
3561 1434 3625 1497 δὲ,

436 1505 702 1576 Equidem
733 1512 878 1580 quod
909 1514 974 1568 ad
1008 1530 1094 1568 me
1123 1517 1338 1582 attinet,
1372 1533 1548 1588 neque
1592 1519 1782 1588 gloria:
1812 1535 1995 1583 causa,

2108 1524 2298 1594 ὥσπερ
2326 1524 2562 1596 ὁρῶμεν,
2589 1525 2796 1580 ἐκεῖνόν
2825 1543 2884 1578 τε
2932 1527 3087 1580 οὐδὲν
3117 1527 3274 1597 ἡμῶν
3304 1526 3627 1580 ἀπολελαυκέο

442 1618 621 1672 neque
651 1619 838 1660 amore
888 1618 1129 1677 quaestus
1174 1625 1271 1678 pro
1303 1626 1368 1665 eo
1399 1611 1617 1665 labores
1672 1626 1734 1665 ac
1764 1611 1995 1682 pericula

2108 1631 2196 1668 ναι
2251 1615 2351 1686 τῆς
2402 1617 2710 1684 δυνάμεως,
2758 1619 2854 1671 καὶ
2879 1619 3031 1688 ἡμᾶς
3081 1619 3211 1688 είκῆ
3258 1619 3350 1671 καὶ
3381 1618 3534 1688 μάτην
3555 1618 3628 1670 τὸν

439 1695 591 1750 adire
623 1695 748 1751 volo
782 1714 796 1751 :
829 1698 922 1753 sed
954 1716 1039 1755 me
1073 1702 1450 1771 potentissima
1482 1702 1729 1772 quaedam
1771 1703 1995 1759 necessi‘

2110 1707 2363 1761 τοσοῦτον
2409 1709 2580 1762 πλοῦν
2639 1710 2735 1763 καὶ
2789 1709 2889 1780 τὴν
2925 1710 3179 1780 δαπάνην
3221 1710 3542 1780 πεποιῆσθαι.
3573 1711 3631 1762 Τὸ

439 1788 575 1844 tudo
623 1802 801 1860 urget.
836 1803 896 1846 ut
945 1793 1012 1848 ab
1048 1809 1112 1846 eo
1150 1811 1259 1850 non
1307 1811 1467 1852 secus
1503 1807 1670 1870 atque
1701 1814 1731 1852 a
1771 1813 1857 1852 me
1892 1800 1995 1868 ipsi

2115 1800 2215 1871 μὲν
2240 1795 2334 1854 οὖν
2364 1801 2506 1870 ὑπὲρ
2539 1802 2749 1854 ἐκείνου
2777 1801 3136 1868 κινδυνεύειν,
3169 1801 3244 1862 ὡς
3264 1801 3523 1872 ῥᾳστώνης
3544 1801 3632 1854 τιά-

438 1878 628 1935 hostes
674 1882 1012 1951 propulsem,
1047 1893 1102 1938 et
1136 1895 1399 1952 quantum
1451 1886 1506 1940 in
1553 1901 1638 1941 me
1673 1896 1777 1952 est,
1804 1903 1902 1956 pro
1939 1888 1995 1941 it-

2112 1909 2210 1961 σης
2238 1892 2411 1963 ἥδιον,
2443 1894 2538 1946 καὶ
2575 1892 2775 1964 πολλὴν
2807 1895 2940 1964 ημῖν
2973 1894 3116 1947 οἴσει
3149 1893 3250 1963 τὴν
3282 1892 3525 1958 εὐδοξίαν,
3554 1894 3631 1946 καὶ

441 1968 550 2024 lius
579 1969 688 2025 vita
714 1971 846 2025 mihi
873 1972 1197 2027 charissima
1237 1989 1596 2045 propugnem.
1628 1976 1746 2030 Non
1777 1976 1923 2030 enim
1948 1988 1995 2031 ul

2109 1985 2170 2038 τδ
2228 1983 2608 2054 θαυμάζεσθαι
2669 1984 2822 2055 παρὰ
2875 1985 3118 2049 πάντων,
3157 1987 3250 2039 καὶ
3284 1987 3432 2054 ὑμεῖς
3476 1985 3630 2054 ἔργοις

437 2063 621 2128 multi,
662 2063 1012 2133 imperatoris
1040 2067 1251 2122 amicus
1297 2067 1490 2122 audire
1537 2077 1828 2125 contentus
1861 2085 1995 2134 sum.

2109 2076 2299 2141 what;
2320 2078 2442 2146 ἐμοὶ
2475 2079 2948 2150 συμμαρτυρεῖτε.
2988 2078 3378 2148 Προθυμέτατα
3404 2077 3501 2146 γὰρ
3529 2093 3630 2127 συν·

433 2154 532 2211 sed
562 2155 638 2211 ita
678 2171 802 2210 smn
833 2158 886 2210 ei
923 2157 1352 2228 conglutinatus,
1385 2172 1446 2214 ut
1478 2161 1525 2215 si
1561 2176 1685 2216 eum
1725 2163 1995 2234 quidpiam

2108 2167 2534 2237 εστρατεύσατε,
2595 2169 2688 2221 καὶ
2742 2170 2844 2221 οὐκ
2890 2165 3331 2238 ἀναγκαζόμενοι
3384 2165 3467 2230 ὑεῖ]
3495 2163 3627 2235 ἐμοῦ,

431 2249 718 2304 infandum
753 2250 866 2320 pati
903 2250 1271 2324 contingeret.
1305 2251 1468 2308 vitam
1501 2271 1603 2324 ego
1635 2272 1854 2326 quoque
1884 2257 2004 2312 sine

432 2339 527 2395 illo
578 2342 859 2398 insuavem
919 2344 1050 2398 mihi
1113 2354 1170 2400 et
1191 2345 1448 2402 acerbam
1508 2356 1782 2417 putarem.
1828 2349 2005 2418 Atque

431 2433 600 2505 hujus
651 2436 860 2491 amoris
906 2451 1040 2507 ergo
1098 2438 1415 2508 imperatori
1473 2438 1811 2506 Andronico,
1861 2439 2006 2494 bello

429 2527 632 2583 Lesbio
693 2538 750 2584 et
798 2529 1137 2596 Phoceensi,
1189 2546 1298 2586 non
1347 2545 1523 2601 pauco
1582 2541 1827 2601 tempore.
1879 2547 2002 2587 cum

431 2619 654 2675 auxiliis
678 2620 848 2684 adfui,
872 2630 927 2677 et
959 2636 1103 2677 anno
1149 2622 1397 2693 proxime
1431 2624 1714 2693 superiore
1745 2625 2004 2680 trecentis

433 2712 710 2784 octoginta
764 2713 998 2769 navibus
1044 2713 1098 2768 in
1155 2713 1449 2770 Thraciam
1498 2713 1798 2781 transmisi,
1836 2715 2004 2780 bella-

431 2813 593 2858 turus
641 2805 929 2874 quibusvis
983 2806 1330 2872 mortalibus,
1388 2816 1446 2863 et
1499 2807 1696 2862 damna
1750 2808 2003 2862 illaturus

433 2897 640 2963 omnia,
658 2897 838 2966 quoad
869 2897 1019 2953 illum
1050 2900 1103 2953 in
1129 2898 1287 2954 sedes
1307 2915 1432 2956 suas
1454 2900 1794 2967 reducerem,
1815 2916 2004 2969 quem-

432 2987 730 3042 admodum
785 3004 880 3045 vos
937 2990 1326 3055 recordamini,
1362 3007 1502 3061 quos
1555 3001 1687 3047 tunc
1726 2993 1998 3047 commili-

2106 2259 2222 2312 ἀλλ’
2246 2260 2297 2312 εί
2327 2261 2410 2313 δεῖ
2430 2277 2483 2313 τι
2515 2261 2608 2314 καὶ
2641 2261 2828 2329 μεῖζον
2874 2262 3075 2324 εἰπεῖν,
3107 2261 3202 2312 ἐπὶ
3232 2259 3385 2312 τοῦτό
3408 2275 3468 2328 με
3500 2256 3628 2310 αὐτοὶ

2107 2351 2573 2422 παρακαλοῦντες.
2616 2352 2756 2419 Ἐγὼ
2785 2351 2864 2415 δὲ,
2905 2351 2966 2404 τό
2996 2369 3060 2420 γε
3094 2352 3177 2413 είς
3225 2351 3322 2420 ἐμὲ
3368 2345 3508 2420 ἧκον,
3533 2348 3630 2400 οὔτε

2105 2444 2351 2510 εὐδοξίας
2374 2445 2554 2516 χάριν,
2584 2443 2707 2497 οὔτε
2735 2443 2962 2513 κέρδους
2988 2442 3134 2504 τινδς
3163 2442 3426 2512 ἐπιθυμίᾳ
3446 2442 3498 2493 τδ
3517 2439 3632 2508 ὑπὲρ

2104 2538 2316 2592 ἐκείνου
2349 2539 2536 2590 πονεῖν
2589 2535 2684 2590 καὶ
2720 2534 3058 2598 κινδυνεύειν
3090 2534 3339 2604 ᾗρημαι·
3371 2532 3476 2585 ἀλλ’
3495 2534 3633 2596 ὰνὲιγ-

2107 2648 2209 2701 κην
2237 2629 2345 2700 έχω
2375 2629 2558 2699 πάσης
2615 2626 2950 2698 βιαιοτέραν,
2988 2625 3183 2696 ὥσπερ
3237 2626 3371 2694 ὑπὲρ
3428 2620 3632 2693 έμάυτοῦ

2105 2721 2410 2794 ἀμύνεσθαι
2449 2721 2578 2784 τοὺς
2602 2719 2877 2783 ἐπιόντας,
2911 2717 3009 2772 καὶ
3033 2717 3134 2786 τῆς
3160 2717 3324 2786 φίλης
3351 2712 3632 2782 ἀντέχεσθαι

2105 2814 2252 2883 ζωῆς
2287 2812 2452 2882 μέχρι
2481 2812 2575 2865 καὶ
2609 2808 2705 2863 τοῦ
2731 2809 2984 2865 δυνατοῦ.
3018 2808 3092 2862 Oti
3116 2809 3230 2878 γάρ
3257 2807 3437 2876 ὥσπερ
3464 2806 3510 2858 οἱ
3531 2803 3634 2856 πολ-

2104 2905 2190 2958 λοὶ
2242 2906 2304 2957 τδ
2359 2901 2628 2973 βασιλέως
2677 2901 2831 2966 φίλος
2879 2898 3386 2970 προσαγορεύεσθαι
3444 2895 3633 2963 εἱλόμην

2109 2997 2287 3067 μόνον,
2323 2994 2441 3049 ἀλλ’
2478 2993 2651 3055 οὕτως
2677 2990 2828 3061 αὑτῷ
2852 2990 3183 3058 συντέτηκα,
3207 2985 3404 3042 ὥστ”εί
3425 2983 3634 3053 συμϐαίη

436 3089 592 3134 tones
645 3079 933 3134 ducebam.
965 3080 1122 3136 Nunc
1174 3097 1238 3136 ea
1296 3091 1381 3137 est
1430 3098 1615 3137 rerum
1663 3084 1911 3139 conditio
1943 3095 1995 3139 ul

2107 3090 2214 3144 τῶν
2245 3086 2564 3158 ἀνηκέστων
2593 3087 2800 3140 ἐκεῖνόν
2831 3102 2885 3137 τι
2937 3083 3155 3149 παθεῖν,
3192 3083 3416 3136 ἀϐίωτον
3463 3077 3635 3148 ἡγησόο

431 3185 534 3226 nos
573 3170 797 3240 quidem
838 3186 868 3225 a
903 3172 1080 3226 ventis
1124 3171 1213 3227 hic
1263 3173 1471 3228 delenti
1509 3173 1792 3238 fcriemnr,
1832 3176 1920 3231 ille
1969 3192 1996 3231 a

429 3262 718 3328 nontanis,
747 3273 806 3317 ut
849 3263 1028 3329 aiunt,
1057 3263 1394 3320 obsideatur.
1427 3267 1632 3321 Vereor
1676 3275 1881 3330 autem,
1930 3283 1998 3322 ne

433 3352 581 3423 quod
631 3354 683 3408 ei
735 3355 938 3408 mnium
999 3355 1304 3410 insanabile
1365 3335 1670 3428 contingat.
1720 3359 1997 3413 Credihiie

431 3443 580 3499 enint
621 3454 727 3510 est,
767 3444 920 3499 illum
949 3454 1006 3501 et
1036 3446 1266 3516 pecunia
1297 3462 1482 3516 egere,
1511 3457 1566 3502 et
1597 3448 1851 3504 hostibus
1896 3448 1998 3502 im-

429 3551 616 3604 parem
649 3551 793 3603 esse,
829 3537 1033 3608 quippe
1069 3538 1164 3608 qui
1191 3553 1386 3594 recens
1411 3555 1580 3608 vagus
1613 3548 1668 3593 et
1698 3540 1850 3595 exsul
1876 3555 1996 3595 esse

427 3629 676 3696 desierit,
702 3638 757 3683 et
787 3631 875 3684 cui
911 3629 977 3684 ad
1009 3629 1413 3686 contrahendas
1435 3632 1623 3701 copias
1661 3647 1860 3701 genere
1891 3648 1996 3686 nu-

427 3737 690 3793 meroque
739 3722 924 3778 ﬁrmas
953 3723 1192 3792 spatium
1231 3722 1506 3779 sufﬁciens
1564 3739 1674 3778 non
1730 3723 1994 3779 conceda-

427 3825 540 3868 tur.
588 3814 787 3870 Hostes
817 3826 1000 3872 autem
1040 3827 1266 3885 propter
1301 3815 1710 3870 multitudinem
1742 3826 1798 3871 et
1825 3817 1995 3871 armis

425 3923 550 3960 enm
594 3917 822 3976 possunt
869 3923 1084 3978 cogere.
1131 3917 1189 3963 et
1246 3908 1478 3977 pecunia
1518 3908 1822 3963 exercitum
1875 3910 1995 3980 ejus

427 4009 802 4056 transversum
847 4015 1032 4069 agere,
1105 4014 1229 4056 cum
1259 3999 1533 4060 aerarium
1573 4002 1626 4054 in
1681 4000 1992 4070 Apocanchi

427 4094 682 4147 manilius
709 4092 803 4160 sit,
835 4092 929 4162 qui
968 4101 1025 4147 ut
1074 4092 1460 4160 imperatorem
1494 4099 1730 4158 evertat,
1772 4092 1994 4161 profuse

426 4181 746 4250 largitiones
795 4180 960 4236 faciet
990 4198 1004 4236 :
1038 4180 1202 4252 566
1233 4181 1384 4235 novit
1421 4180 1693 4250 siquidem
1737 4182 1990 4252 explora-

423 4271 660 4336 tissime,
693 4271 788 4326 illo
824 4271 975 4326 salvo
1025 4269 1252 4324 intidem
1305 4279 1362 4324 et
1410 4269 1683 4324 incertum
1733 4270 1836 4326 sibi
1884 4271 1994 4325 Ro-

2106 3199 2266 3254 μενος
2297 3184 2389 3236 τὸν
2413 3181 2527 3253 βίον
2551 3179 2644 3234 καὶ
2674 3179 2860 3240 αὑτός.
2899 3177 3009 3230 Καὶ
3031 3177 3120 3229 διά
3137 3175 3343 3244 ταύτην
3368 3173 3461 3243 τὴν
3481 3168 3634 3238 φιλίαν

2103 3271 2317 3340 βασιλεῖ
2365 3287 2425 3324 τε
2491 3270 2570 3340 τῷ
2614 3267 2938 3340 Ἀνδρονίκῳ
2971 3264 3110 3334 πρὸς
3157 3266 3251 3318 τὸν
3277 3264 3417 3318 κατὰ
3455 3259 3632 3314 Λέσϐον

2101 3366 2196 3418 καὶ
2242 3362 2498 3424 Φωκαίας
2550 3360 2788 3430 πόλεμον
2843 3358 3267 3426 συνεπολέμησα
3318 3351 3635 3438 χρόνοννούκ

2098 3455 2311 3524 ὀλίγον·
2345 3452 2442 3508 καὶ
2489 3454 2756 3522 πρότερον
2815 3451 2931 3513 ὲνδς
2979 3450 3135 3513 ἔτους
3196 3451 3516 3518 ὀγδοήκοντα
3559 3442 3637 3495 καὶ

2100 3548 2448 3619 τριακοσίαις
2480 3545 2642 3596 ναυσὶ
2659 3541 2848 3610 διέϐην
2875 3541 2968 3594 ἐπὶ
2986 3540 3238 3611 Θρᾴκην,
3269 3541 3487 3609 γνώμην
3519 3537 3636 3605 ἔχων

2099 3641 2174 3704 ὡς
2205 3641 2341 3693 πᾶσι
2373 3637 2719 3708 μαχούμενος
2762 3633 3096 3704 ἀνθρώποις,
3138 3635 3240 3687 καὶ
3272 3635 3448 3687 πᾶσαν
3482 3631 3637 3683 κάκω-

2099 3747 2181 3784 σιν
2234 3730 2397 3782 οἴσων
2447 3727 2542 3780 καὶ
2595 3727 2778 3792 αὐτὸς,
2835 3726 2997 3795 ἄχρις
3047 3724 3113 3777 ἂν
3147 3724 3288 3795 πρὸς
3323 3725 3418 3795 τὴν
3459 3719 3637 3776 οἰκείαν

2096 3819 2458 3889 ἐπαναγάγω,
2489 3819 2680 3889 ὥσπερ
2709 3819 2824 3872 ῐστε
2845 3821 2937 3870 καὶ
2970 3818 3124 3870 αὐτοὶ
3155 3816 3636 3886 συστρατευόμενοι.
3673 3803 3680 3812 ’

2095 3916 2232 3970 Νυνὶ
2263 3916 2321 3968 δὲ
2354 3917 2413 3969 ὲν
2445 3913 2621 3983 τούτῳ
2681 3913 2992 3979 καθέστηκε
3019 3911 3088 3965 τά
3141 3912 3449 3982 πράγματα
3501 3907 3634 3976 ἡμῖν,

2095 4007 2228 4062 ἄηθ’
2256 4008 2401 4076 ἡμᾶς
2437 4005 2537 4075 μὲν
2572 4006 2676 4058 ὑπὸ
2700 4003 2808 4056 τῶν
2843 4003 3065 4071 ἀνέμων
3090 4001 3332 4054 ἐνταῦθα
3369 3994 3638 4066 κατεχομέ-

2096 4118 2218 4163 νους
2245 4100 2564 4170 ἀπράκτους
2636 4091 2802 4162 εἶναι,
2843 4096 3049 4149 ἐκεῖνον
3089 4093 3145 4146 δὲ
3210 4092 3314 4145 ὑπὸ
3359 4087 3634 4157 Ῥωμαίων.

2093 4191 2164 4255 ὡς
2194 4192 2486 4260 ἀκούομεν,
2542 4190 2979 4259 πολιορκεῖσθαι.
3028 4184 3258 4238 Δέδοικα
3307 4183 3363 4236 δὲ
3395 4174 3466 4251 μὴ
3492 4178 3574 4232 καί
3594 4191 3636 4228 τι

2091 4285 2204 4338 τῶν
2237 4284 2556 4354 ἀνηκέστων
2607 4281 2790 4351 συμϐῇ
2823 4281 2952 4345 περὶ
3007 4277 3191 4330 αὐτόν.
3247 4275 3407 4336 Εἰκὸς
3435 4275 3534 4341 γάρ
3557 4267 3637 4321 καὶ

421 4375 711 4416 manorum
757 4358 1097 4416 dominatum
1150 4359 1290 4425 fore,
1346 4358 1493 4428 quod
1529 4359 1823 4429 optimates
1873 4363 1992 4416 uni-

421 4453 564 4476 ---Α
601 4452 667 4476 ,1.
700 4452 792 4476 211-
849 4468 1007 4476 -.-Αηα
1058 4451 1122 4476 ,ιι
1162 4466 1219 4476 ..Α
1267 4451 1380 4476 ...υ-2
1425 4451 1695 4476 Μ-..Α1Α-ι
1756 4450 1848 4476 ΕΞ..
1900 4452 1989 4476 HI-

2097 4374 2395 4446 χρημάτων
2454 4374 2702 4441 ἀπορεῖν,
2765 4373 2880 4472 καὶ.
2894 4372 3168 4476 στρςατιᾶξ
3203 4369 3496 4476 ἀξιομάχου
3520 4362 3636 4476 πρὸξ

419 4453 566 4509 versi
599 4452 796 4509 abillo
843 4468 1009 4523 quam
1057 4451 1125 4506 ab
1160 4466 1221 4507 se
1267 4451 1383 4521 regi
1425 4451 1717 4506 mavolent.
1756 4450 1852 4506 Sin
1900 4452 1992 4507 ille

419 4560 750 4616 quacunque
781 4545 1002 4600 tandem
1032 4545 1248 4601 ratione
1270 4560 1302 4600 e
1333 4544 1472 4601 vivis
1515 4545 1764 4602 sublatus
1795 4545 1987 4613 fuerit,

421 4635 641 4690 tinuum
660 4645 718 4691 et
744 4635 943 4691 stabile
974 4651 1034 4691 se
1060 4651 1285 4708 regnum
1313 4635 1383 4690 de
1415 4645 1613 4692 caetero
1648 4637 1987 4704 habiturum,

420 4740 529 4795 qua
573 4724 644 4780 de
683 4739 850 4780 causa
899 4733 1074 4778 totum
1115 4725 1370 4780 aerarium
1408 4727 1634 4796 prodige
1676 4727 1986 4783 exhauriet.

418 4817 552 4884 Quae
599 4817 787 4873 omnia
829 4831 931 4872 nos
966 4826 1096 4872 ante
1145 4817 1339 4872 oculos
1385 4829 1674 4887 ponentes,
1725 4819 1988 4874 auxilium

421 4920 701 4966 maturare
734 4924 834 4981 par
865 4919 971 4966 est.
1008 4907 1135 4965 Sive
1165 4909 1314 4964 enim
1360 4908 1614 4964 hostibus
1647 4911 1862 4968 cinctus
1895 4928 1990 4982 pe-

417 5000 581 5055 rierit
611 5001 930 5071 imperator,
962 4999 1101 5056 nihil
1149 4999 1261 5054 erit
1285 4999 1430 5068 quod
1461 4999 1528 5052 ad
1563 4999 1843 5056 tristitiam
1885 5001 1988 5058 do-

417 5090 703 5164 loremque
749 5102 1000 5149 nostrum
1049 5092 1176 5147 addi
1220 5092 1417 5160 possit,
1461 5101 1660 5162 praster
1696 5093 1801 5147 hoc
1842 5096 1987 5164 quod

421 5185 626 5251 passim
679 5185 842 5242 nobis
887 5187 1028 5241 male
1073 5178 1438 5250 dictitabitur,
1479 5184 1634 5254 quasi
1682 5186 1896 5252 ignavia
1934 5195 1990 5242 et

415 5281 728 5336 effeminata
756 5279 992 5350 quadam
1021 5277 1254 5333 mollitie
1278 5277 1346 5331 ad
1380 5277 1597 5332 labores
1620 5278 1989 5346 sufferendos,

416 5375 656 5430 amicum
709 5371 954 5428 inimicis
1002 5371 1413 5442 prodiderimus
1449 5387 1463 5423 :
1497 5370 1612 5424 sive
1655 5370 1774 5424 sine
1829 5372 1988 5428 nobis

417 5469 597 5522 \ictor
625 5465 888 5529 evaserit,
917 5464 1177 5534 majorem
1201 5463 1384 5535 gloriae
1412 5471 1621 5534 partem
1645 5463 1984 5521 amittemus.
2039 5461 2047 5465 ’

418 5559 556 5612 Cum
621 5558 803 5612 ventis
857 5558 1043 5628 itaque
1102 5556 1420 5622 contrariis,
1472 5565 1530 5610 et
1590 5549 1801 5611 tumido
1843 5558 1988 5612 insa-

418 5649 717 5718 nienteque
767 5649 960 5717 pelago
1012 5662 1277 5717 pugnare,
1335 5656 1521 5716 aperte
1570 5646 1870 5703 furentium
1929 5660 1985 5704 et

418 5751 649 5800 mortem
706 5741 995 5812 inglorium
1041 5741 1405 5812 quaerentium
1434 5751 1539 5799 est.
1581 5741 1848 5810 Quocirca
1880 5761 1981 5801 nec

2099 4464 2227 4527 τοὺς
2254 4462 2547 4532 πολεμίους
2576 4461 2702 4532 ἄρτι
2725 4462 2789 4512 ὲκ
2819 4459 2922 4529 τῆς
2949 4460 3159 4528 πλάνης
3183 4461 3538 4530 ἐπανήκοντα,
3555 4449 3636 4504 καὶ

2097 4559 2198 4611 οὐκ
2219 4554 2581 4627 ἐξαρκοῦντος
2612 4553 2708 4605 τοῦ
2743 4553 2939 4623 καιροῦ
2971 4553 3104 4623 πρὸς
3121 4553 3181 4606 τὸ
3200 4553 3429 4622 δύναμιν
3452 4549 3636 4614 κτήσα-

2098 4647 2222 4700 σθαι
2247 4645 2494 4716 βεϐαίαν.
2531 4645 2594 4696 0i
2627 4643 2883 4713 πολέμιοι
2919 4643 2976 4696 δὲ
3035 4645 3132 4697 καὶ
3161 4644 3348 4706 ὅπλοις
3381 4637 3635 4711 βιάζεσθαι

2092 4739 2328 4792 δύναιντ’
2351 4737 2416 4790 ἀν
2440 4736 2592 4799 ὅντες
2613 4734 2823 4800 πολλοὶ,
2849 4735 2944 4788 καὶ
2966 4737 3212 4806 χρήμασι
3244 4736 3372 4798 τοὺς
3402 4733 3636 4790 συνόντας

2091 4829 2450 4899 διαφθείρειν.
2493 4827 2603 4884 τῶν
2633 4827 2831 4880 κοινῶν
2886 4825 3182 4897 Ῥωμαίοις
3236 4827 3530 4897 χρημάτων
3557 4819 3636 4873 ὑπ’

2092 4922 2340 4988 ἐξουσίαν
2393 4918 2720 4990 ’Δποκαύχῳ
2775 4917 2857 4972 ττι
2911 4921 3136 4990 μεγάλῳ
3160 4921 3316 4978 δουκὶ
3363 4917 3634 4986 κειμένων,

2093 5016 2188 5068 καὶ
2219 5014 2396 5066 πάντα
2428 5011 2764 5065 άναλώσοντι
2791 5013 3047 5080 ἀφειδῶς,
3087 5012 3176 5065 ἴνα
3200 5013 3364 5080 μόνον
3396 5008 3636 5081 βασιλέως

2092 5105 2435 5176 περιγένοιτο
2459 5121 2474 5137 ο
2526 5099 2636 5156 οἶδε
2693 5105 2800 5176 γὰρ
2828 5107 3166 5175 σαφέστατα,
3220 5104 3297 5166 ὡς
3321 5106 3423 5169 ἕως
3460 5105 3551 5172 μὲν
3578 5100 3634 5151 iv

2092 5190 2300 5260 ἐκεῖνος
2323 5198 2511 5268 περιῇ,
2549 5197 2778 5259 ἄπιστος
2810 5198 2958 5268 αύτῷ
2990 5196 3099 5250 τῶν
3146 5197 3431 5267 Ῥωμαίων
3459 5198 3489 5264 ἠ
3523 5195 3634 5263 ἠγε-

2095 5291 2253 5357 μονία
2277 5290 2373 5343 καὶ
2407 5289 2732 5359 ἀμφίϐολος,
2759 5290 2977 5343 πάντων
3006 5289 3116 5342 τῶν
3138 5290 3376 5359 ἀρίστων
3404 5277 3633 5341 ὑπ’ἐκεί-

2091 5397 2184 5433 νου
2239 5381 2442 5450 μᾶλλον
2497 5381 2840 5450 αίρουμένων
2893 5381 3181 5450 ἄρχεσθαι.
3245 5381 3346 5432 ’Δν
3374 5378 3418 5431 δ’
3447 5377 3631 5433 ἐκεῖνος

2089 5473 2278 5544 τρόπῳ
2304 5474 2366 5543 δή
2406 5489 2511 5526 τινι
2546 5473 2605 5537 ἐξ
2627 5472 2723 5525 ἀνο
2734 5472 2933 5542 ρώπων
2954 5473 3178 5543 οἴχοιτο,
3212 5471 3434 5541 βεϐαίαν
3453 5471 3526 5532 είς
3551 5465 3631 5517 τδν

2089 5564 2281 5617 ἔπειτα
2311 5562 2462 5632 αύτῷ
2485 5563 2755 5633 ἐσομένην
2785 5563 2979 5631 χρόνον
3005 5564 3106 5631 τὴν
3135 5561 3329 5632 ἀρχὴν,
3355 5559 3421 5612 δι’
3447 5558 3482 5612 ἃ
3506 5571 3630 5623 cup.-

2090 5653 2310 5707 πάντων
2345 5653 2649 5724 χρημάτων
2673 5653 2979 5725 ἁφειδήσει.
3017 5655 3083 5706 ’Δ
3105 5657 3282 5704 πάντα
3310 5647 3624 5709 ἐννοοῦντας,

2087 5748 2310 5816 ταχεῖαν
2347 5745 2622 5801 ποιεῖσθαι
2681 5748 2778 5818 τὴν
2832 5745 3083 5817 βοήθειαν
3115 5747 3410 5816 προσῆκον.
3443 5743 3534 5794 Ἀν
3569 5750 3619 5786 τε
