3998 6204
315 354 477 427 1077

1446 356 2006 422 HISTORIARUM
2046 358 2281 423 LIBER
2324 362 2438 422 Ill.

3420 360 3557 427 1078

311 472 426 545 γὰρ
455 467 727 540 ἀπόληται
757 463 1012 541 βασιλεὺς
1035 468 1141 525 ὑπὸ
1158 468 1271 524 τῶν
1292 468 1574 541 πολεμίων
1596 461 1884 540 περίσχόν-

1987 461 2084 524 v'os
2109 469 2189 527 ad
2208 478 2421 527 tantum
2455 467 2761 542 periculum
2796 468 3112 551 adeundum
3145 469 3427 534 adhortor,
3458 456 3554 524 seu!

311 578 444 625 των,
464 561 727 632 οὐδεμίαν
765 561 897 632 ἡμίν
947 560 1191 632 ἀθυμίας
1242 560 1339 614 καλ⁸
1359 558 1541 631 λύπης
1570 557 1883 630 ὑπερδολὴν

312 653 549 724 ἐλλείψει
576 652 714 726 πρὸς
744 652 825 724 τῷ
858 652 956 708 καὶ
978 652 1166 718 κακῶς
1199 651 1428 707 ἀκούειν
1478 651 1586 707 ὐπὸ
1636 651 1882 716 πάντων,

308 749 394 803 ὅτι
421 746 683 819 ἀνανδρίᾳ
709 746 806 800 καὶ
830 745 1076 817 μαλακίᾳ
1098 747 1166 819 τῇ
1192 746 1322 818 περὶ
1340 746 1471 810 τοὺς
1492 745 1691 810 πόνους
1713 761 1884 800 κατα-

309 839 639 911 προδέδοται
663 840 779 902 τοῖς
810 839 1095 910 πολεμίοις
1132 840 1268 912 ἡμῖν
1293 842 1322 896 ό
1347 838 1525 910 φίλος.
1564 841 1666 895 ’Λν
1691 855 1753 893 τε
1784 855 1899 893 πε·-

311 932 597 1005 ριγένηται
649 930 809 1003 ἡμῶν
859 931 1053 1004 χωρὶς,
1106 932 1169 985 τὸ
1222 932 1410 1003 μεῖζον
1440 931 1540 1001 τῆς
1570 931 1885 1002 φιλοτιμίας

309 1021 707 1095 παρῃρήμεθα.
741 1021 817 1076 Τὸ
852 1021 953 1094 μὲν
999 1019 1094 1079 οὖν
1124 1025 1265 1096 πρὸς
1298 1024 1534 1095 ἀνόμους
1564 1024 1882 1080 ἀντιπνέον-

311 1131 429 1179 τας,
462 1114 558 1168 καὶ
586 1113 863 1169 θάλασσαν
898 1114 1213 1180 ἔξοιδοῦσαν
1244 1116 1342 1170 καὶ
1378 1119 1718 1189 μαινομένην
1746 1119 1885 1175 ἀπο-

318 1206 609 1277 ἰάχεσθαι,
667 1204 1131 1278 μελαγχολώντων
1190 1207 1378 1277 σαφῶς
1406 1206 1501 1262 καὶ
1525 1206 1887 1262 θανατώντων

313 1282 405 1352 δάι’
448 1297 677 1369 οὐδεμιᾷ
736 1297 1042 1370 φιλοτιμίᾳ.
1092 1298 1261 1353 Ὀθεν
1294 1299 1415 1354 ούδὶ
1466 1300 1604 1372 πρὸς
1630 1298 1887 1354 τοσοῦτον

312 1387 561 1455 κίνδυνον
586 1386 919 1444 ἀποδύεσθαι
957 1389 1104 1460 ὑμᾶς
1154 1389 1389 1457 κελεύω,
1450 1371 1645 1461 ἑτέραν
1688 1389 1747 1445 δὲ
1780 1389 1887 1458 ὐφο
1911 1371 1927 1389 ’

311 1479 596 1552 ηγήσομαι
626 1479 813 1548 αὐτὸς,
843 1481 1130 1554 πύκν’μὲν
1149 1482 1331 1554 ὀλίγον
1359 1482 1611 1555 ἔχουσαν,
1633 1483 1888 1538 εὐκλειαν

310 1572 369 1627 δὲ
392 1572 483 1626 καὶ
506 1571 751 1639 εὐδοξίαν
779 1572 1110 1644 ἀκροτάτην.
1131 1573 1319 1645 Τριῶν
1344 1574 1452 1647 γὰρ
1476 1575 1587 1629 τῶν
1611 1575 1887 1645 μεγίστων

306 1662 581 1733 δείγματα
610 1665 746 1736 ἡμῖν
795 1664 1103 1734 ὲξενεγκείν
1136 1666 1375 1743 ὲξέστειι,
1417 1666 1642 1738 ἀνδρίας
1695 1667 1792 1721 καὶ
1810 1667 1889 1722 δι-

309 1753 607 1826 καιοσύνης
654 1753 752 1810 καὶ
807 1756 1149 1827 φρονήσεως.
1200 1757 1276 1811 Τὸ
1333 1759 1433 1829 μὲν
1481 1759 1592 1829 γάρ
1621 1758 1728 1812 ὐπὸ
1775 1759 1886 1814 τῶν

313 1845 535 1916 ἀνέμων
562 1846 659 1902 καὶ
688 1845 966 1919 θαλάσσης
996 1848 1379 1919 κωλυομένους
1412 1850 1608 1922 ἑτέραν
1640 1852 1887 1924 ἐξευρεῖν

312 1937 433 1991 ὁδὸν
460 1937 530 1992 δι’
561 1931 632 2010 ἧς
658 1937 796 2009 ἡμίν
849 1939 1115 2011 ἀνυσθείη
1172 1942 1236 1996 τὸ
1268 1943 1654 2013 προκείμενον,
1686 1946 1889 2018 φρονή-

313 2046 456 2097 σεως
477 2031 701 2098 δικαίως
719 2032 787 2088 ἀν
809 2050 893 2100 τις
912 2033 1113 2106 τιθείη.
1141 2037 1503 2107 Δικαιοσύνης
1520 2038 1599 2104 δὲ,
1627 2037 1688 2092 τὸ
1710 2040 1889 2094 πάντα

310 2125 577 2195 χρήματα
618 2125 937 2196 ἡγήσασθαι
977 2127 1207 2199 δεύτερα
1244 2129 1345 2200 τῆς
1394 2128 1491 2184 τοῦ
1531 2130 1687 2200 φίλου
1713 2148 1889 2204 σωτη-

315 2216 463 2287 ρίας.
507 2217 756 2289 Ἀνδρίας
807 2218 853 2272 δ’
887 2218 993 2286 ὅτι,
1039 2220 1101 2272 οὐ
1154 2222 1220 2291 τῇ
1274 2220 1402 2292 περὶ
1443 2222 1545 2293 τὴν
1573 2220 1887 2295 ὁδοιπορίαν

310 2301 480 2360 οὖσαν
522 2308 747 2379 μακρὰν
800 2313 1166 2380 ταλαιπωρία,
1229 2310 1346 2365 οὐθ’
1399 2312 1483 2366 δτι
1542 2313 1630 2368 διὰ
1678 2315 1888 2370 πολλῶν

309 2397 508 2463 ἐθνῶν,
534 2399 585 2452 oi
619 2399 907 2468 μέλλουσιν
933 2404 1067 2474 ἡμῖν
1099 2404 1420 2474 μαχεῖσθαι,
1455 2405 1650 2462 διιέναι
1673 2408 1891 2479 μέλλον-

310 2508 429 2559 τες,
464 2492 788 2563 ἀπέστημεν
819 2492 913 2547 τοῦ
942 2494 1157 2559 δέοντος
1191 2498 1659 2567 καταπλαγέντες.
1693 2500 1759 2554 Τί
1794 2496 1888 2555 οὖν

313 2585 468 2638 ἐστιν
494 2583 525 2638 δ
553 2584 718 2654 λιτω;
755 2584 846 2650 Ὦς
879 2586 1000 2640 ἐπεὶ
1029 2588 1150 2653 ταῖς
1181 2591 1372 2642 ναυσὶν
1392 2590 1766 2662 ἀδυνατοῦμεν
1809 2596 1917 2658 εἰς·

311 2672 663 2750 Μακεδονίαν
723 2673 1008 2746 ἔρχεσθαι,
1062 2678 1267 2742 ταύτας
1302 2680 1402 2749 μὲν
1455 2681 1531 2744 ὼς
1579 2684 1889 2754 ἀχρήστους

311 2764 567 2820 ἐνταυθοῖ
598 2766 731 2836 πυρὶ
784 2770 1221 2840 καταπιμπρᾷν·
1281 2773 1482 2836 αὐτοὺς
1541 2772 1599 2827 δι
1645 2775 1716 2829 τὰ
1744 2776 1889 2831 ὅπλα

311 2849 542 2921 ιχοντας
564 2851 702 2906 ίέναι
733 2852 821 2907 διὰ
852 2854 951 2923 τῆς
989 2855 1222 2927 ἠπείρου
1254 2859 1392 2927 πρ³ς
1427 2859 1679 2929 βασιλέα.
1717 2862 1889 2918 Τοῦτο

309 2941 423 3011 γὰρ
454 2939 649 3011 ικείνῳ
674 2958 736 2995 τε
761 2944 1011 3015 μεγάλην
1033 2947 1174 3000 οίσει
1196 2948 1296 3020 τὴν
1316 2949 1612 3019 ὠφέλειαν,
1632 2955 1727 3008 καὶ
1750 2956 1887 3027 ἡμῖν

308 3032 414 3104 τὴν
438 3032 689 3099 εὐδοξίαν
706 3036 765 3088 οὐ
786 3037 1015 3109 μικράν.
1042 3038 1117 3092 Οὐ
1148 3039 1255 3112 χρὴ
1279 3042 1337 3095 δὲ
1357 3043 1425 3096 τὰ
1442 3045 1502 3097 ἐν
1529 3045 1679 3117 μέσῳ
1703 3048 1886 3103 σκῶλα

309 3128 408 3179 καὶ
440 3126 856 3198 προσκόμματα
883 3129 1269 3203 λογιζομένους
1314 3135 1578 3192 ἀποκνεῖν
1608 3140 1745 3211 πρδς
1795 3141 1888 3197 τδν

311 3216 502 3286 ἀγῶνα
533 3235 550 3252 ’
578 3219 756 3285 οὐδεὶς
807 3221 919 3293 γάρ
974 3240 1105 3278 ποτε
1158 3226 1523 3298 ἀνακείμενος
1553 3232 1648 3285 καὶ
1674 3233 1890 3306 ῥέγχων

307 3309 574 3385 τρόπαιον
594 3311 829 3384 ἔστησεν
851 3315 961 3370 ἀπὸ
984 3318 1093 3370 τῶν
1121 3319 1400 3390 πολεμίων
1420 3338 1435 3353 ·
1479 3324 1619 3378 ἀλλὰ
1648 3328 1785 3397 πρὶς
1829 3329 1890 3383 τὸ

306 3403 422 3456 τῶν
450 3404 631 3459 ⁴ιιιόνων
657 3407 812 3471 τέλος
850 3408 1083 3481 ἀφορᾷν,
1139 3411 1216 3476 ὡς
1251 3413 1455 3484 πολλὴν
1502 3418 1637 3471 οίσει
1671 3426 1763 3472 καὶ
1797 3438 1890 3490 με·

310 3495 490 3567 γάλην
515 3496 616 3568 τὴν
636 3498 970 3570 φιλοτιμίαν.
1004 3500 1185 3555 Ταῦτα
1215 3504 1312 3573 μὲν
1341 3501 1436 3560 οὖν
1465 3509 1588 3578 ἐμοὶ
1619 3509 1807 3566 δίκαιά
1828 3529 1886 3566 τε

308 3588 459 3656 εδοξε
512 3591 606 3644 καὶ
661 3592 1012 3663 συμφέροντα
1045 3594 1203 3664 όμοῦ.
1238 3597 1347 3650 Καὶ
1372 3599 1536 3663 αὐτός
1583 3618 1641 3654 τε
1674 3605 1802 3676 ποιή
1844 3625 1889 3660 ω

309 3678 552 3749 πρῶτος,
601 3681 699 3735 καὶ
728 3685 844 3747 τοίς
889 3683 1068 3750 ἄλλοις
1119 3689 1531 3760 συμδουλεύσω.
1564 3695 1628 3751 Ei
1660 3696 1716 3749 δέ
1745 3716 1889 3753 τισιν

310 3769 495 3841 ὑμῶν,
520 3771 660 3845 πρὸς
684 3772 747 3826 τὸ
767 3775 878 3829 τῶν
893 3775 1075 3830 πόνων
1095 3779 1190 3832 καὶ
1220 3780 1333 3834 τῶν
1351 3782 1617 3839 κινδύνων
1639 3786 1885 3858 ἀφορῶσι

311 3865 568 3956 μέγεθος,
616 3866 679 3921 οὐ
713 3868 951 3936 μάλιστα
1014 3870 1165 3926 δοκεῖ
1208 3877 1472 3942 τοιούτοις
1503 3881 1886 3956 ἐπιχειρητέον

306 3951 474 4022 εῖναι,
496 3959 614 4014 ἀλλ’
633 3961 747 4030 ἐγὼ
772 3962 990 4034 πρῶτος
1016 3966 1117 4036 τήν
1138 3983 1195 4020 τε
1219 3968 1353 4023 ναῦν
1380 3951 1673 4044 ἐμπρήσω,
1692 3951 1795 4031 καὶ
1821 3979 1887 4033 τὰ

306 4050 453 4106 ὅπλα
473 4052 616 4124 ἔχων
641 4054 934 4126 βαδιοῦμαι
952 4077 964 4088 θ
993 4060 1286 4130 συνέψεται
1304 4063 1359 4116 δὲ
1391 4068 1484 4120 καὶ
1512 4069 1660 4132 ὅστις
1713 4070 1889 4127 εἵλετο

304 4145 431 4214 ipsi.
462 4148 923 4215 συγκινδυνεύειν.
957 4150 1021 4205 Oi
1045 4152 1101 4205 δὲ
1129 4155 1329 4227 λοιπὴ,
1360 4157 1457 4223 τὰς
1488 4159 1620 4225 ναῦς
1642 4160 1883 4234 ἔχοντες,

308 4236 339 4290 ὃ
367 4253 423 4291 τι
455 4239 610 4307 φίλον
646 4240 779 4308 ύμῖν
810 4243 907 4296 καὶ
955 4242 1233 4310 λυσιτελὲς
1266 4249 1432 4317 δοκεῖ,
1473 4253 1695 4309 ποιεῖτε.
1727 4255 1885 4312 Οὕτω

302 4329 447 4398 πρὸς
475 4330 600 4395 τοὺς
632 4332 693 4387 ἐν
717 4333 862 4387 τέλει
898 4335 1009 4388 τῶν
1041 4337 1268 4409 Περσῶν
1313 4340 1519 4412 ’Δμούρ
1552 4343 1879 4418 διαλεχθείς,

304 4422 522 4521 sti-vsa;
557 4424 656 4493 μὲν
683 4423 905 4521 ἔπεισεν
936 4427 1237 4521 ’ῶςὶδᾉίκαιά
1279 4451 1337 4486 τε
1363 4436 1502 4504 ὁμοῦ
1536 4438 1633 4493 καὶ
1662 4438 1880 4496 λυσιτε-
1914 4462 1961 4521 υ

302 4510 508 4568 λοῦντα
563 4514 943 4585 συμϐουλεύει.
1008 4519 1228 4575 Εἴλοντο
1275 4523 1330 4577 δὲ
1389 4524 1656 4596 ἑξήκοντα
1712 4534 1875 4603 μόνον

304 4604 572 4675 ναύαρχοι
601 4608 1044 4673 συγκινδυνεύειν
1078 4613 1218 4679 μετὰ
1250 4614 1359 4668 τῶν
1389 4618 1796 4690 πληρωμάτων.
1820 4633 1881 4685 Oi

301 4693 360 4746 δὲ
389 4695 544 4748 ἄλλοι
578 4698 940 4766 ἰσχυρίζοντο,
972 4701 1048 4764 ὡς
1076 4703 1246 4776 ὀλίγῳ
1277 4706 1508 4779 ὕστερον
1538 4715 1741 4783 οὐρίων
1791 4739 1883 4773 τύ-

302 4787 498 4879 χόντες
537 4788 646 4842 τῶν
678 4788 900 4860 ἀνέμων
928 4792 1244 4851 ἐλεύσονται
1281 4802 1360 4860 εἰς
1385 4801 1483 4870 τὴν
1512 4803 1880 4879 Μακεδονίαν,

264 4947 281 4964 θ
302 4878 465 4943 αὖθις
488 4879 567 4951 τῷ
592 4882 851 4955 σατράπῃ
886 4885 1258 4955 συνεσόμενοι.
1308 4889 1465 4945 Οὐτω
1503 4894 1602 4964 μὲν
1629 4895 1724 4950 οὖν
1774 4899 1885 4953 ὲδέ-

237 4998 263 5060 ,ν
302 4969 464 5025 δοκτο
501 4976 679 5044 κοινῇ,
706 4976 802 5028 καὶ
827 4977 891 5029 ὲκ
914 4977 1013 5045 τῆς
1062 4978 1292 5047 Εὐϐοίας
1339 4985 1421 5047 είς
1479 4987 1580 5058 τὴν
1615 4989 1880 5063 Λοκρίδος

305 5064 574 5134 παράλιον
603 5065 873 5132 ιλθόντες,
901 5070 950 5123 ei
981 5069 1131 5125 ἄλλοι
1189 5074 1289 5143 μὲν
1343 5078 1623 5149 ἡσύχαζον
1668 5083 1729 5135 ἐν
1757 5086 1879 5149 ταῖς

307 5158 521 5220 ναυσὶν,
558 5156 766 5230 ’Δμοὺρ
798 5159 856 5213 δι
905 5163 1002 5216 καὶ
1053 5164 1105 5217 oi
1164 5165 1433 5237 ἑξήκοντα
1467 5171 1751 5243 ναύαρχοι,
1786 5173 1879 5239 οὓς

301 5243 416 5298 εδει
448 5248 586 5316 πρὸς
609 5248 672 5302 τδ
702 5251 964 5324 τόλμημα
1012 5256 1372 5328 συναίρεσθαι
1405 5262 1623 5333 ἐκείνῳ,
1650 5265 1880 5320 ἀνελκύ-

308 5351 504 5401 σαντες
558 5339 659 5405 τάς
718 5342 871 5409 ναῦς,
920 5347 1018 5400 καὶ
1057 5347 1197 5401 ὅπλα
1251 5363 1314 5401 τε
1343 5350 1735 5421 ἀναλαϐόντες,
1783 5357 1879 5409 καὶ

301 5426 512 5501 ἄλευρα
571 5433 960 5506 ἐπιφερόμενοι
1011 5433 1094 5504 οἷς
1148 5440 1378 5511 ἔμελλον
1405 5443 1875 5516 διατραφήσεσθαι

302 5523 445 5590 πρὸς
466 5526 565 5592 τὴν
591 5525 711 5579 ὁδόν
731 5543 746 5558 ο
784 5530 878 5582 καὶ
910 5530 1116 5603 ’Ᾱμοὺρ
1140 5534 1305 5599 αύτδς
1319 5538 1433 5598 τοῖς
1461 5535 1644 5601 ἄλλοις
1671 5537 1875 5608 ὁμοίως

1982 562 2147 617 aliam
2181 561 2577 620 demonstrabo
2604 564 2773 627 viam,
2799 579 2923 635 qua:
2969 578 3094 618 eum
3144 576 3314 633 parvo
3365 564 3556 618 lahnre

1983 666 2254 709 summam
2315 654 2557 711 nominis
2634 655 3010 711 celebritatem
3094 654 3558 725 splendoremque

1985 743 2255 802 continet.
2304 743 2494 801 Trium
2556 756 2797 817 namque
2856 748 3125 802 virtutum
3192 734 3554 803 maximarum

1985 834 2316 892 documenta
2353 836 2513 893 nobis
2552 838 2718 893 edere
2759 837 2969 903 licebit,
2999 838 3361 900 fortitudinis.
3392 839 3559 910 justi-

1987 929 2078 986 tia‘.
2129 939 2296 1001 atque
2330 930 2658 1000 prudentiae.
2691 932 2824 987 Nam
2858 949 2890 987 ιι
2924 934 3103 989 ventis
3126 943 3182 989 et
3212 934 3348 989 mari
3385 934 3560 987 inter-

1986 1020 2171 1077 elusos
2233 1021 2383 1077 aliud
2426 1022 2532 1078 iter
2578 1022 2874 1090 invenisse,
2905 1038 3016 1093 quo
3059 1023 3126 1078 ad
3180 1024 3341 1079 linem
3399 1024 3560 1078 nobis

1986 1100 2330 1186 propositum
2379 1116 2785 1185 perveniamus,
2826 1116 3132 1186 prudentiae
3174 1118 3385 1186 Optimo
3432 1116 3559 1187 jure

1985 1205 2316 1262 aseribatur.
2343 1205 2582 1262 iustitia:
2609 1216 2818 1268 autem.
2848 1223 2937 1263 res
2989 1223 3184 1264 omnes
3232 1224 3345 1278 prae
3377 1209 3560 1264 salute

1987 1299 2149 1355 amici
2179 1298 2620 1368 contempsisse;
2656 1298 2988 1367 fortitudini,
3021 1300 3168 1370 quod
3200 1315 3301 1355 nec
3344 1298 3561 1355 itineris
3624 1294 3645 1313 ‘

1987 1393 2133 1463 longi
2181 1391 2433 1447 molestia
2476 1405 2541 1446 ac
2592 1389 3003 1462 defatigatione.
3037 1408 3139 1449 nec
3185 1393 3418 1448 transitu
3464 1407 3565 1463 per

1988 1485 2190 1540 multas
2233 1492 2444 1556 gentes.
2472 1497 2594 1553 quae
2631 1480 2794 1538 nobis
2846 1498 2903 1537 se
2966 1497 3301 1553 opposrturze
3351 1496 3562 1550 essent,

1987 1574 2224 1646 perculsi
2257 1583 2421 1642 atque
2450 1573 2811 1652 consternati,
2847 1587 2876 1626 a
2913 1580 3064 1626 recto
3094 1571 3310 1627 tramite
3357 1569 3565 1625 cilicio-

1988 1679 2096 1734 que
2117 1661 2511 1718 deﬂexi-rimus.
2546 1660 2687 1729 Quid
2717 1661 2884 1732 igitur
2915 1660 3014 1716 tibi
3047 1661 3179 1716 vis?
3207 1662 3354 1717 dicet
3402 1661 3560 1731 quis-

1991 1756 2161 1825 piam.
2236 1755 2306 1812 Ut
2350 1754 2611 1825 quoniam
2662 1754 2717 1808 in
2772 1768 2899 1809 oras
2948 1752 3280 1809 Macedoniae
3330 1751 3566 1809 navibus

1991 1847 2192 1904 deferri
2226 1862 2335 1902 non
2387 1863 2701 1917 possumus,
2747 1862 2843 1903 eas
2894 1847 2985 1904 hic
3027 1855 3287 1919 tanquam
3340 1847 3566 1903 inutiles

1990 1957 2429 2006 conerememus,
2465 1942 2568 2013 ipsi
2600 1957 2726 1998 cum
2758 1943 2928 1998 armis
2961 1957 3061 2013 per
3090 1942 3462 2000 continentem
3499 1942 3567 1996 ad

1991 2036 2377 2107 imperatorem
2429 2035 2769 2105 gradiamur,
2802 2034 2950 2106 quod
2982 2034 3059 2118 illi
3113 2050 3379 2106 perquam
3449 2033 3568 2089 fru-

1990 2137 2266 2190 ctuosum.
2299 2129 2458 2185 nobis
2491 2143 2622 2184 vero
2668 2130 2964 2201 gloriosum
3005 2129 3289 2185 acciderit.
3326 2130 3439 2185 Nec
3467 2129 3571 2185 im-

1989 2219 2304 2289 pedimenta
2360 2227 2417 2274 et
2468 2218 2802 2275 oﬂendicula
2860 2220 2914 2273 in
2980 2220 3162 2276 medio
3216 2220 3569 2276 occurrentia

1989 2310 2414 2381 perpendentes,
2459 2311 2528 2366 ab
2587 2310 2692 2366 hoc
2745 2310 2938 2366 labore
2997 2311 3268 2366 tit-terreri
3323 2320 3568 2381 oportet;

1990 2404 2116 2473 quis
2162 2402 2309 2459 enim
2346 2418 2585 2474 unquam
2630 2403 2902 2458 recubans
2931 2405 3181 2474 supinus,
3208 2413 3263 2459 et
3302 2412 3566 2469 stertens,

1989 2496 2058 2551 de
2102 2496 2353 2552 hostibus
2397 2489 2662 2566 imparem
2726 2497 2939 2553 erexit?
2970 2498 3063 2552 sed
3136 2497 3259 2553 finis
3314 2496 3565 2553 laborum

1991 2595 2119 2642 ante
2151 2586 2341 2642 oculos
2389 2586 2680 2643 habendus
2705 2597 2809 2654 est,
2843 2603 3005 2658 quem
3055 2588 3328 2659 plurimus
3355 2598 3410 2645 et
3447 2590 3568 2645 exi-

1992 2680 2137 2735 mius
2182 2680 2359 2736 bonos
2398 2679 2777 2736 comitabitur.
2833 2680 2959 2737 llaec
2983 2696 3086 2752 ego
3116 2682 3265 2755 justa
3311 2692 3367 2738 et
3412 2683 3566 2739 utilia

1990 2767 2203 2834 censui,
2231 2764 2487 2838 factoque
2525 2768 2646 2839 ipso
2673 2782 2764 2825 me
2796 2767 2995 2825 ducem
3048 2778 3105 2824 et
3133 2785 3415 2826 suasorem
3445 2770 3568 2825 aliis

1989 2859 2282 2915 exhibebo.
2315 2859 2471 2926 Quod
2521 2861 2565 2916 si
2622 2860 2952 2932 quihusdam
2989 2870 3233 2917 vestrum
3291 2863 3568 2934 magnitu-

1990 2950 2176 3007 dinem
2229 2951 2481 3006 laborum
2554 2951 3036 3023 periculorumque
3065 2951 3567 3015 considerantibus.

1990 3044 2217 3101 minime
2243 3043 2385 3099 istuc
2426 3043 2858 3115 aggrediuudum
2890 3043 3125 3111 videtur,
3155 3059 3257 3116 ego
3288 3060 3420 3108 sane
3460 3045 3571 3116 prio

1915 3131 1962 3194 C
1993 3151 2118 3193 mus
2151 3136 2331 3192 navim
2365 3135 2601 3192 ﬂammis
2629 3151 2880 3202 exuram,
2905 3144 2960 3191 et
2994 3138 3230 3208 arreptis
3262 3138 3430 3192 armis
3464 3137 3574 3192 iter

1995 3230 2284 3294 invadam;
2307 3240 2590 3300 sequetur,
2617 3228 2778 3300 567
2821 3230 3139 3301 quicunque
3180 3229 3445 3286 adversus
3473 3246 3568 3286 ca-

1992 3337 2088 3377 sus
2122 3321 2450 3392 participare
2483 3334 2696 3375 mecum
2738 3320 2975 3375 voluerit
3004 3338 3020 3388 ;
3059 3323 3240 3377 cteteri
3271 3322 3440 3378 salvis
3470 3338 3567 3378 na-

1990 3414 2153 3468 vibus
2199 3413 2345 3479 quod
2379 3411 2668 3481 placuerit,
2700 3421 2755 3467 et
2795 3428 2861 3467 ex
2912 3429 3013 3468 usu
3057 3412 3452 3483 iudicaverint,
3487 3413 3569 3469 fa-

1990 3507 2129 3560 ciant
2165 3506 2309 3559 licet.
2361 3503 2451 3559 Sic
2493 3504 2686 3559 Persas
2734 3503 3009 3573 primores
3041 3506 3242 3561 all'atus
3275 3506 3563 3568 Auturius.

1990 3596 2151 3651 fidem
2184 3594 2313 3651 fecit
2346 3609 2406 3650 se
2442 3610 2660 3665 aequum
2713 3605 2771 3651 et
2806 3594 2938 3650 utile
2971 3595 3286 3651 consulere.
3314 3597 3383 3651 At
3413 3597 3562 3653 enim

1988 3702 2098 3741 non
2132 3685 2256 3755 plus
2281 3683 2557 3754 sexaginta
2587 3683 2846 3739 navarehi
2879 3681 3006 3740 cum
3036 3685 3335 3742 classiariis
3387 3690 3560 3742 remi-

1989 3775 2148 3847 gibus
2179 3774 2256 3828 illi
2304 3789 2364 3829 se
2410 3774 2687 3840 associare
2730 3771 3141 3843 instituerunt;
3170 3775 3370 3846 reliqui
3403 3776 3563 3834 brevi

1989 3866 2168 3937 spatio
2209 3866 2301 3921 ubi
2351 3874 2578 3921 ventum
2615 3865 3129 3936 propitiumessent
3166 3868 3336 3934 nacti,
3371 3868 3427 3925 in
3453 3868 3567 3925 Ma-

1988 3957 2277 4016 cedoniam
2314 3974 2539 4014 cursum
2579 3950 2913 4025 direct’uros,
2957 3974 3291 4031 rursumque
3337 3975 3461 4016 cum
3495 3976 3564 4017 eo

1988 4050 2203 4106 futuros
2255 4059 2661 4106 asseverarunt.
2697 4050 2991 4121 Postquam
3041 4051 3189 4106 inter
3237 4051 3363 4107 illos
3414 4066 3567 4108 com-
3638 4122 3643 4131 '

1988 4142 2230 4199 muniter
2271 4142 2344 4197 ita
2377 4142 2658 4205 convenit,
2690 4158 2759 4199 ex
2806 4143 3017 4200 Euboea
3063 4143 3129 4199 ad
3187 4143 3436 4201 Locridis
3475 4145 3567 4199 lit-

1988 4242 2109 4291 tora
2151 4234 2339 4299 delati,
2382 4234 2471 4289 alii
2504 4234 2561 4290 in
2610 4234 2845 4290 navibus
2888 4245 3333 4307 permanserunt,
3393 4236 3567 4291 Amu-

1987 4327 2107 4382 rius
2133 4334 2341 4387 autem.
2374 4332 2430 4380 et
2461 4324 2739 4396 sexaginta
2767 4326 3050 4393 navarehi,
3084 4344 3223 4405 quos
3253 4329 3389 4384 tanti
3430 4328 3564 4385 faei-

1987 4418 2143 4475 noris
2175 4427 2460 4474 consortes
2500 4415 2579 4471 illi
2622 4432 2742 4474 esse
2774 4418 3090 4490 Oportebat,
3119 4418 3409 4475 subductis
3458 4437 3562 4474 na-

1986 4509 2147 4582 vigiis
2185 4519 2243 4566 et
2267 4509 2437 4564 armis
2480 4509 2797 4580 assumptis,
2834 4518 3256 4580 commeatuque
3310 4512 3365 4566 in
3416 4492 3577 4567 viam,

1984 4603 2331 4673 deprompto,
2389 4601 2546 4673 juxta
2612 4602 2768 4657 littus
2823 4612 3242 4672 pernoctarunt,
3286 4613 3347 4660 ut
3400 4582 3581 4660 mane.

1982 4697 2190 4752 exustis
2238 4695 2348 4751 illis
2406 4695 2737 4753 Berrbmam.
2781 4697 2887 4753 iter
2951 4708 3330 4769 capesserent.
3388 4699 3583 4783 Nocte,

1982 4803 2147 4858 porro
2195 4787 2308 4854 illa,
2340 4801 2464 4841 cum
2505 4786 2652 4841 venti
2700 4787 2977 4845 luctantes
3024 4790 3351 4857 cessissent,
3380 4802 3438 4848 et
3472 4807 3576 4849 sem

1982 4877 2149 4955 eundi
2178 4877 2473 4947 spirarcnt,
2498 4877 2754 4934 deductis
2788 4879 2991 4944 denuo,
3017 4897 3155 4951 quas
3181 4882 3560 4938 subduxerunt

1984 4968 2241 5035 navibus,
2264 4979 2319 5024 et
2338 4968 2569 5024 sublatis
2585 4970 2741 5038 velis,
2767 4985 2959 5027 omnes
2982 4973 3145 5027 simul
3163 4973 3252 5029 die
3280 4975 3556 5045 sequenti,

1983 5070 2203 5131 portum
2261 5076 2370 5115 non
2404 5061 2596 5131 procul
2627 5062 3019 5118 Thessalonica
3065 5063 3289 5135 Clopam
3318 5066 3559 5135 appella-

1985 5159 2126 5218 tum,
2203 5158 2519 5216 tenuerunt,
2572 5151 2769 5222 partim
2828 5151 2976 5222 quod
3034 5168 3289 5226 maguum
3360 5155 3558 5210 ducem

1984 5247 2394 5304 Thessalonica:
2416 5247 2613 5318 degere
2637 5245 3062 5312 arbitrarentur,
3093 5249 3407 5320 vellentque
3431 5265 3559 5327 cum
3584 5240 3585 5243 “

1982 5353 2074 5405 eo,
2129 5339 2176 5394 si
2234 5346 2481 5410 possent,
2528 5336 2721 5392 navale
2765 5337 3012 5407 praelium
3058 5337 3312 5405 miseere,
3357 5340 3560 5410 partim

1986 5431 2132 5504 quod
2178 5434 2409 5486 adversa
2460 5446 2554 5484 ora
2601 5428 2815 5483 Botimm
2862 5428 3200 5499 importuosa
3246 5440 3411 5493 esset,
3442 5441 3590 5505 tan-4

1987 5532 2212 5592 tamque
2252 5521 2487 5576 classem
2516 5518 2708 5575 eodem
2741 5519 2861 5573 loco
2897 5516 3151 5588 nequiret
3183 5517 3447 5587 recipere.

302 5618 495 5681 πᾶσιν,
522 5619 818 5689 ηὐλίσαντο
843 5624 1010 5679 αὐτοῦ
1049 5628 1147 5697 τὴν
1176 5627 1351 5683 νύκτα
1414 5630 1571 5699 παρὰ
1609 5633 1703 5684 τὸν
1760 5633 2047 5701 αἰγιαλὸν”
2110 5634 2184 5699 ὡς
2242 5636 2358 5704 ἅμα
2416 5632 2492 5686 ἔω
2517 5631 2615 5696 τὰς
2663 5631 2792 5695 ναῦς
2843 5632 3251 5703 ἐμπρήσαντες.
3319 5634 3417 5702 τῆς
3478 5634 3566 5709 είς

297 5710 568 5781 Βέῤῥθιαν
601 5711 834 5781 ἔχωνται
869 5716 1166 5788 φερούσης·
1198 5718 1310 5789 Τῆς
1375 5723 1570 5785 νυκτὸς
1608 5723 1665 5777 δὲ
1693 5724 1909 5794 ἐκείνης
1948 5729 2056 5781 τῶν
2121 5730 2383 5782 ἐναντίων
2444 5727 2772 5797 πνευμάτων
2824 5725 3210 5799 παυσαμένων,
3260 5726 3460 5799 ούρίων
3498 5728 3558 5781 δὲ

298 5809 774 5876 ὶπιπνενσάντων,
809 5810 903 5876 τὰς
934 5811 1365 5887 ἀνειλκυσμένας
1403 5817 1858 5886 καθελκύσαντες,
1909 5825 1999 5877 καί
2031 5826 2145 5897 ἅμα
2213 5822 2412 5888 πάσαις
2465 5823 2700 5892 ἄραντες

2754 5821 2921 5890 iniu,
2974 5827 3051 5887 εἰς
3119 5825 3218 5894 τὴν
3260 5825 3556 5895 ὑστεραίαν
