3998 6204
218 230 368 294 1089

1357 228 1907 294 HISTORIARUM
1951 226 2187 296 LIBER
2233 238 2349 300 III.

3333 253 3472 319 1030

209 339 534 408 ἀναγκαίως
564 336 657 392 καὶ
696 339 859 407 αὐτὸς
903 343 1101 412 ὲχὼρει
1132 343 1264 415 πρὸς
1291 345 1386 396 τὸν
1413 345 1672 411 πόλεμον,
1698 342 1782 396 καῖ

1898 343 2005 399 lam
2038 360 2190 416 spem
2224 352 2376 418 pacis
2432 352 2753 423 faciebant,
2805 363 3118 419 necessario
3152 374 3208 420 et
3250 366 3366 436 ipse
3403 369 3470 424 ad

205 433 524 503 ἡνᾶγκαξεν
553 433 706 502 αὐτῷ
737 434 838 496 τὰς
884 435 1067 499 πόλεις
1101 438 1448 506 προσχωρεῖν
1491 435 1525 504 ἡ
1560 434 1795 498 ἑκούσας

204 527 239 596 ἢ
276 525 631 596 βιαζομένας.
677 525 919 580 Βασιλίδι
971 527 1029 579 δὲ
1078 527 1289 600 Είρὴνῃ
1329 529 1388 579 ἐν
1428 526 1795 597 Διδυμοτείχῳ

208 618 382 687 μηδὲν
403 618 590 689 ἕτερον
612 618 742 689 περὶ
769 618 1038 688 βασιλέως
1068 620 1420 691 πεπυσμένη,
1438 620 1522 673 ὅτι
1549 619 1624 690 μὴ
1656 619 1794 691 πρὸς

204 711 480 781 Βέρῤοεαν
534 709 808 780 διατρίϐει
851 713 1357 782 προσχωρήσασαν,
1391 712 1737 780 ἀπήγγελλεν
1765 715 1794 766 ὁ

205 801 504 872 ἀρχιερεὺς
550 801 958 873 Διδυμοτείχου,
993 803 1078 856 δτι
1113 803 1368 873 βασιλεὺς
1399 804 1488 873 εἴη
1521 807 1621 874 τῆς
1651 804 1796 858 Χαλ-

203 894 422 963 κηδέων
449 892 666 959 ἐπιϐὰς,
698 894 793 948 καὶ
841 895 1161 949 ἐπιστεύετο
1201 897 1425 952 αὐτίκα.
1472 891 1658 959 Ἦσαν
1683 897 1792 965 γὰρ

204 986 360 1039 οὐδὲν
392 986 589 1055 μικρὸν
609 986 738 1056 περὶ
757 986 969 1040 ἐκείνου
992 987 1357 1058 πεπυσμένοι,
1377 988 1494 1042 ἀλλ’
1512 987 1588 1052 ὡς
1613 987 1792 1041 πάντα

202 1081 272 1132 τὰ
307 1079 542 1148 ἐσόμενα
573 1077 736 1132 είδότι
765 1079 1060 1150 προσεῐχον
1089 1079 1360 1147 ἀκριὸὦς.
1384 1081 1493 1133 Καὶ
1521 1075 1665 1150 ἦσαν
1695 1080 1788 1133 εὐ-

203 1171 302 1232 θὺς
332 1171 391 1221 ὲν
424 1170 638 1240 κρότοις
673 1173 767 1224 καὶ
795 1171 1036 1242 ἑορταῖς,
1070 1171 1166 1225 καὶ
1193 1173 1292 1242 τῆς
1327 1172 1590 1226 ἐπανόδου
1630 1172 1790 1243 βασι-

199 1261 344 1324 λέως
379 1261 581 1324 πολλὰς
627 1262 748 1333 Θεῷ
776 1263 1058 1334 προσῆγον
1087 1263 1187 1326 τὰς
1219 1262 1597 1333 εὐχαριστίας.
1639 1262 1788 1316 Μετὰ

200 1356 399 1425 τρίτην
433 1354 490 1408 δὲ
524 1354 741 1424 ἡμέραν
785 1355 846 1420 ἐξ
889 1356 1126 1422 ἐκείνου,
1159 1356 1252 1408 καὶ
1296 1358 1326 1409 ὁ
1357 1356 1658 1420 Μουζάλων
1682 1352 1785 1427 ἧκε

203 1447 361 1517 παρὰ
399 1447 664 1518 βασιλέως
706 1448 802 1500 καὶ
845 1431 1158 1520 ἀπήγγελλε
1198 1449 1376 1503 πάντα
1407 1449 1482 1510 ὡς
1519 1449 1740 1515 ἐγένετο
1768 1463 1785 1480 ·

203 1539 303 1592 καὶ
333 1538 496 1591 πάλιν
521 1533 663 1604 ἦσαν
697 1539 756 1590 ὲν
787 1540 910 1602 ταῖς
939 1540 1156 1608 ὁμοίαις
1191 1539 1406 1610 ἑορταῖς
1429 1539 1532 1609 ἤδη
1573 1537 1788 1608 βεὸαιό-

202 1646 387 1700 τερον.
417 1628 629 1690 Γλάὸας
654 1628 713 1681 δὲ
747 1629 1023 1696 Γεώργιος
1059 1627 1117 1692 ὃς
1149 1629 1258 1681 τῶν
1284 1631 1363 1690 είς
1401 1629 1786 1700 Διδυμότειχον

200 1719 556 1787 τεταγμένων
583 1717 774 1788 ἄρχειν
802 1711 884 1779 εἷς
906 1713 995 1788 ἦν,
1030 1716 1202 1770 ἐλθὼν
1227 1718 1362 1787 πρὸς
1380 1721 1472 1770 τὸν
1497 1720 1781 1789 ἀρχιερέα,

201 1807 375 1877 εὐχὴν
409 1806 526 1878 ᾔτει
566 1807 699 1877 παρ’
733 1805 923 1871 αὐτοῦ,
952 1808 1026 1870 ὡς
1054 1809 1133 1871 είς
1167 1808 1393 1878 βασιλέα
1418 1809 1745 1880 ἀφιξόμενις
1766 1825 1782 1842 ο

199 1897 504 1950 δεδοικέναι
534 1898 644 1968 γάρ
699 1898 774 1968 μὴ
825 1899 956 1967 πρὶν
991 1901 1202 1953 ἐκεῖνον
1251 1903 1550 1970 ἐπανήκειν
1602 1903 1787 1956 τελευ-

196 1991 398 2058 τήσας,
427 1992 522 2058 τῆς
551 1988 778 2060 ἡδίστης
827 1990 1002 2059 ρψεως
1043 1991 1306 2062 βασιλέως
1337 1993 1689 2064 ἀποστερηθῇ
1720 2010 1733 2024 ·
1755 1996 1786 2046 ὁ

195 2080 248 2134 δ’
272 2082 547 2150 ἐπέτρεπε
590 2083 690 2152 μὲν
741 2083 876 2153 πρὸς
923 2085 1130 2140 ἐκεῖνον
1183 2085 1516 2154 ἀφικέσθαι,
1549 2088 1782 2158 παρῄνει

193 2174 258 2230 δὲ
294 2175 540 2246 θαρρεῖν,
589 2175 665 2238 ὡς
697 2174 891 2244 ὖψεται
936 2175 1185 2246 βασιλέα,
1215 2178 1313 2230 καὶ
1360 2179 1439 2240 εἰς
1471 2180 1630 2248 τήνδε
1686 2181 1784 2250 τὴν

195 2265 361 2319 πόλιν
391 2267 760 2336 επανὴκοντα,
807 2267 904 2320 καὶ
939 2267 1078 2336 πρός
1111 2285 1266 2332 τινας
1304 2268 1611 2338 ὑπηρεσίας
1651 2274 1786 2340 χρή-

197 2375 360 2430 σιμος
390 2361 584 2426 ἐκείνῳ
619 2358 800 2412 ἔσται.
835 2361 996 2413 Μετὰ
1027 2359 1085 2414 δέ
1105 2378 1227 2414 τινα
1267 2361 1463 2432 χρόνον
1493 2361 1656 2430 ἡνίκα
1688 2363 1784 2417 καὶ

195 2451 367 2505 αὑτὸν
397 2451 523 2522 ἡδὴ,
556 2451 694 2520 πρὸς
733 2452 800 2503 τὰ
835 2453 1050 2505 ἐκεῖθεν
1091 2453 1457 2522 δικαιωτὴρια
1488 2452 1780 2522 κληθέντα,

195 2541 724 2613 παρασκευάζεσθαι
775 2543 870 2596 καὶ
921 2543 1105 2606 αὑτὸν,
1133 2544 1208 2606 ὡς
1245 2544 1385 2613 μετὰ
1417 2545 1612 2612 μικρὸν
1645 2545 1781 2598 itm-

194 2635 458 2703 λείψοντα
482 2633 545 2687 τδ
590 2634 690 2705 ζῇν
715 2652 730 2666 ·
760 2634 903 2687 οὕτω
943 2636 1051 2704 γὰρ
1099 2632 1237 2688 εἶναι
1277 2636 1597 2704 δεδογμένον
1628 2638 1780 2706 παρὰ

195 2725 343 2795 Θεῷ.
365 2724 552 2778 Ταῦτα
593 2724 692 2792 μὲν
732 2723 847 2791 οὗν,
877 2724 1068 2796 ὥσπερ
1112 2725 1597 2796 είρηται,ὔστερον
1641 2730 1780 2784 ἀπέ-

196 2819 377 2870 6αινε.
407 2817 686 2878 Βασιλέως
714 2817 768 2870 δὲ
815 2807 1182 2890 Περιθεώριον
1215 2819 1655 2891 πολιορκοῦντος,
1684 2821 1780 2876 καὶ

191 2908 480 2977 κλίμακας
525 2909 618 2960 καὶ
671 2910 924 2977 μηχανὰς
957 2911 1464 2976 κατασκευάζοντος
1506 2913 1641 2983 πρὸς
1680 2913 1778 2982 τὴν

1903 438 2110 495 bellum
2157 441 2655 502 administrandum
2699 449 3021 509 incumbere
3046 494 3063 520 ,
3102 467 3160 511 et
3197 461 3362 514 urbes
3405 462 3471 514 ad

1898 531 2238 589 deditionem
2279 536 2528 593 volentes
2571 541 2933 613 nolentesque
2979 560 3199 616 cogere.
3234 548 3474 618 lmpera-

1896 625 2024 680 trici
2071 640 2204 681 vero
2257 628 2624 698 Didymoticbi
2655 648 2782 688 eum
2836 636 2984 700 aliud
3041 638 3108 692 de
3139 638 3560 710 imperatores,

1896 717 2098 772 marito
2126 718 2265 773 nihil
2285 723 2666 792 comperisset,
2704 726 2810 780 nisi
2847 727 2992 796 apud
3025 729 3344 784 Berrhmam
3380 747 3474 785 ur-

1895 807 2022 862 bem
2082 807 2394 864 dedititiam
2462 826 2622 879 esse,
2678 815 2975 886 episcopus
3033 820 3310 873 nuntiavit
3360 822 3472 890 jam

1895 895 2248 954 Cbalcidicen
2301 902 2648 970 pervenisse,
2679 905 2769 960 cui
2799 908 2982 961 statim
3021 908 3281 979 adjuncta
3314 911 3472 976 fides,

1893 988 2346 1059 quandoquidem
2397 992 2538 1046 nihil
2589 1008 2697 1048 non
2746 1009 3003 1065 maguum
3056 998 3126 1054 de
3155 1015 3222 1054 eo
3268 1000 3473 1056 sentie-

1893 1077 2050 1145 bant,
2107 1090 2163 1135 et
2204 1090 2264 1136 ut
2294 1092 2657 1139 venturorum
2687 1088 2938 1141 omnium
2972 1091 3208 1159 provido
3237 1093 3474 1160 diligen-

1897 1179 1981 1225 ter
2036 1172 2424 1232 attendebant.
2498 1175 2751 1246 Aguntur
2820 1194 2946 1232 mox
3006 1181 3195 1246 ferite,
3249 1184 3472 1251 plausus

1892 1263 2090 1330 edunt,
2119 1275 2178 1320 et
2210 1265 2452 1320 reditum
2477 1267 2829 1335 imperatoris
2859 1272 2968 1327 Deo
2995 1274 3254 1343 impensae
3285 1285 3470 1342 gratu-

1891 1356 2096 1411 lantur.
2145 1358 2276 1413 Post
2299 1358 2446 1414 diem
2491 1363 2713 1416 tertium
2747 1363 3001 1419 Muzalon
3033 1367 3101 1420 ab
3133 1368 3466 1437 imperatore

1890 1450 2214 1510 adveniens.
2251 1453 2436 1506 omnia
2463 1463 2525 1507 ut
2577 1466 2729 1524 gesta
2781 1465 2940 1510 erant
2983 1461 3295 1524 recensuit;
3344 1477 3466 1515 Iur-

1890 1558 2128 1614 sumque
2192 1545 2344 1600 feriae
2380 1556 2437 1601 et
2475 1546 2699 1616 quidem
2757 1550 3110 1604 constantius
3156 1552 3466 1605 celebratur.

1888 1634 2157 1706 Gecrgius
2181 1645 2364 1690 autem
2387 1637 2605 1700 Glabas,
2633 1654 2776 1693 unus
2801 1639 3188 1710 prmfectorum
3220 1643 3464 1720 praesidii

1891 1727 2413 1798 Didymmiehensis,
2442 1730 2762 1799 episcopum
2788 1732 3149 1798 conveniens,
3178 1741 3237 1786 ut
3259 1733 3362 1787 sibi
3396 1734 3465 1788 ad

1889 1821 2280 1889 imperatorem
2331 1822 2648 1892 profecturo
2685 1823 2825 1878 bene
2875 1806 3193 1894 precaretur
3223 1827 3466 1896 petebat,

1887 1912 2034 1981 quod
2063 1929 2122 1967 se
2152 1913 2348 1968 timere
2365 1913 2590 1970 'diccret
2615 1930 2683 1969 ne
2711 1925 2837 1970 ante
2869 1915 3020 1971 illius
3049 1917 3279 1971 reditum
3321 1934 3469 1972 mor-

1889 2015 2037 2068 tuus,
2065 2005 2393 2060 suavissimo
2413 2007 2533 2076 ejus
2552 2016 2776 2074 aspectu
2802 2011 3138 2076 privaretur.
3163 2009 3468 2077 Episcopus

1885 2112 2011 2151 eum
2040 2098 2310 2165 proficisci
2338 2098 2612 2166 permisit,
2636 2097 2891 2154 hortatus
2914 2099 3060 2154 bono
3086 2106 3232 2155 esset
3254 2101 3464 2168 animo,

1888 2190 2130 2242 visurum
2161 2189 2573 2258 imperatorem,
2593 2198 2648 2243 et
2677 2188 2899 2258 quidem
2927 2190 2980 2244 in
3005 2206 3067 2243 ea
3091 2192 3203 2260 ipsa
3230 2192 3383 2249 urbe.
3409 2201 3466 2246 et

1886 2279 1940 2334 in
1967 2281 2294 2348 quihusdam
2322 2279 2704 2335 {unctionibus
2732 2280 2943 2336 utiliter
2964 2283 3012 2337 ei
3034 2281 3196 2353 575I
3228 2283 3466 2337 inservi-

1887 2382 2096 2427 turmn.
2143 2373 2436 2443 lnlerjecto
2459 2382 2643 2428 autem
2673 2373 2944 2428 nonnullo
2973 2383 3245 2444 tempore.
3290 2375 3382 2430 ubi
3404 2392 3466 2432 se

1883 2465 2089 2520 viderit
2115 2465 2181 2518 ad
2217 2465 2352 2519 illud
2373 2465 2598 2520 caeleste
2630 2465 2872 2520 tribunal
2901 2479 3218 2532 evocatum,
3250 2484 3466 2538 praepa-

1883 2569 1971 2611 ret
2002 2556 2246 2610 animum
2277 2565 2334 2610 ut
2367 2557 2532 2626 paulo
2574 2565 2700 2626 post
2743 2558 2863 2626 ipse
2894 2573 3118 2628 quoque
3163 2559 3467 2614 mortalita-

1887 2657 1996 2702 tem
2031 2646 2354 2714 expleturus
2391 2663 2405 2700 :
2437 2646 2520 2701 sic
2545 2646 2692 2700 enim
2714 2645 2895 2700 visum
2932 2646 3063 2701 Deo.
3112 2646 3235 2702 llmc
3257 2656 3316 2700 ut
3341 2661 3465 2716 pro-

1883 2737 2132 2792 nuntiata
2157 2746 2311 2802 sunt,
2338 2735 2412 2788 ita
2441 2745 2766 2790 evenerunt.
2794 2735 3130 2804 Imperatore
3157 2747 3340 2793 autem
3365 2737 3467 2792 Pe-

1882 2828 2210 2883 rithcorium
2269 2826 2595 2891 obsidente,
2627 2827 2920 2896 scalasque
2957 2835 3010 2882 et
3061 2828 3342 2883 machinas
3384 2829 3456 2882 ad

1885 2932 2071 2971 muros
2124 2915 2526 2986 oppugnandos
2575 2927 2954 2983 comparante,
3017 2916 3223 2971 Sancta
3257 2917 3370 2972 Pax
3406 2926 3464 2972 et

189 2998 580 3070 τειχομαχίαν,
607 3001 675 3052 τὰ
708 3001 768 3052 ὲν
792 3003 859 3071 τῇ
891 3001 1123 3072 Μερόπῃ
1156 3002 1394 3072 φρούρια
1424 3004 1779 3076 προσεχώρη-

1885 3006 2160 3062 Pobisdus
2213 3005 2437 3060 castella
2491 3005 2744 3074 Meropes
2809 3005 2922 3074 (29)
2971 3021 3031 3060 se
3079 3007 3461 3071 tradiderunt,

195 3107 323 3157 σαν,
357 3092 477 3159 ἡτε
532 3090 689 3160 ’Δγία
723 3093 916 3162 εἰρήνη
970 3096 1545 3163 προσαγορευόμενον,
1593 3098 1690 3149 καὶ
1753 3100 1780 3152 ὁ

198 3182 484 3247 Ποὸισδός.
549 3185 658 3238 Καὶ
709 3185 958 3248 ἐλθόντες
1026 3187 1164 3257 πρὸς
1226 3187 1474 3258 βασιλέα,
1531 3191 1780 3260 ἡγεμόνα

198 3276 414 3330 ἐδέοντο
462 3277 650 3340 αὐτοῖς
709 3263 1150 3348 παρασχεθῆναι,
1185 3281 1285 3334 σὺν
1336 3284 1548 3345 τούτοις
1593 3283 1650 3336 δὲ
1683 3283 1780 3336 καὶ

192 3369 382 3438 ἕτεροι
431 3369 664 3439 νομάδες
695 3370 756 3423 τὸ
800 3371 932 3423 αὐτὸ
976 3372 1253 3435 οἰκοῦντες
1286 3373 1412 3442 ὅρος
1455 3375 1511 3426 ἐν
1557 3375 1778 3443 κώμαις

189 3460 527 3532 ἀτειχίστοις
549 3477 562 3490 ·
588 3461 638 3514 οἶ
670 3462 758 3515 διὰ
787 3462 892 3532 τὴν
922 3463 1059 3533 πρὸς
1083 3464 1317 3519 Βασιλέα
1345 3467 1581 3520 εὖνοιαν·
1612 3463 1776 3539 (ἦσαν

195 3551 304 3624 γὰρ
339 3553 435 3606 καὶ
470 3553 734 3623 πρότερον
767 3553 860 3606 ὑπ’
889 3556 1098 3608 ἐκεῖνον
1142 3559 1471 3626 τεταγμένοι
1513 3558 1776 3627 βασιλέως

201 3644 550 3714 ’Δνδρονίκου
571 3645 649 3696 ἔτι
678 3645 1000 3715 περιόντος),
1027 3647 1134 3700 τῶν
1164 3648 1342 3701 ἄλλων
1369 3650 1573 3719 πρῶτοι
1601 3667 1776 3717 παρε-

189 3735 440 3803 γένοντο,
465 3736 558 3787 καὶ
592 3739 856 3807 παρεῖχον
890 3739 1115 3801 ἑαυτοὺς
1136 3738 1357 3802 ἑκόντες
1385 3741 1616 3810 βασιλεῖ.
1646 3743 1778 3795 Σκε-

189 3826 453 3896 πτομένῳ
476 3828 534 3880 δὲ
567 3828 696 3897 περὶ
728 3829 909 3881 αὐτῶν
959 3831 1094 3902 πρὸς
1153 3832 1181 3883 ὃ
1229 3850 1282 3884 τι
1341 3836 1624 3903 χρὴσαι-ιο.
1679 3833 1778 3888 καὶ

184 3917 316 3970 τίνα
348 3918 700 3987 ὲπιστήσειεν
733 3921 971 3991 ἄρχοντα
1000 3923 1205 3985 αὐτοῖς,
1237 3923 1415 3976 ἐδόκει
1459 3924 1570 3976 δεῖν
1596 3925 1777 3993 Μομι-

184 4010 362 4080 τζίλῳ
395 4011 495 4081 τὴν
527 4008 702 4082 ἀρχὴν
727 4011 910 4065 αὐτῶν
944 4014 1230 4082 παρέχειν,
1275 4015 1334 4066 οὐ
1383 4015 1544 4082 μόνον
1587 4015 1676 4069 διὰ
1714 4016 1776 4067 τὸ

185 4101 468 4172 ὁμόφυλον
509 4103 739 4172 νομίσας
770 4104 1146 4158 διακείσεσθαι
1178 4106 1328 4176 αὐτῷ
1355 4105 1619 4169 εὐνοϊκῶς
1646 4107 1776 4170 τοὺς

182 4196 420 4265 νομίδας
445 4195 709 4259 ἐκείνους,
744 4195 859 4249 ἀλλ’
890 4199 972 4250 ὅτι
1021 4199 1115 4251 καὶ¹
1147 4197 1413 4268 εὐψυχίας
1444 4201 1540 4252 καὶ
1568 4198 1775 4268 τόλμης

1882 3112 2117 3166 quorum
2152 3096 2347 3152 incolae
2375 3096 2662 3151 venientes
2690 3097 3008 3165 prazfcetum
3035 3097 3140 3152 sibi
3172 3099 3286 3152 dari
3307 3113 3462 3168 roga-

1883 3190 2032 3242 bant.
2063 3187 2406 3244 Dedideruut
2437 3202 2638 3243 secum
2664 3187 2774 3243 illis
2830 3197 2887 3243 et
2924 3188 3018 3242 alii
3044 3189 3269 3258 quidam
3307 3203 3464 3260 agre-

1879 3297 2014 3349 διες,
2041 3282 2106 3336 ad
2138 3282 2388 3337 eumdem
2427 3291 2669 3336 montem
2695 3281 2845 3336 vicos
2866 3282 2986 3335 sine
3010 3273 3183 3336 muris
3211 3282 3463 3336 habitan-

1881 3383 1984 3434 tes.
2016 3374 2108 3442 qui
2164 3383 2391 3444 propter
2424 3373 2858 3443 propensionem
2893 3388 3019 3442 crga
3069 3373 3460 3442 imperatorem

1883 3466 2010 3538 (sub
2039 3479 2106 3518 eo
2129 3465 2276 3518 enim
2305 3472 2491 3529 antea,
2518 3464 2648 3518 vivo
2672 3463 2854 3518 adhuc
2880 3464 3200 3518 Andronico
3226 3465 3464 3534 impera-

1882 3565 2027 3620 tore,
2081 3556 2474 3625 militaverant)
2506 3571 2618 3624 prte
2656 3555 2870 3610 caeteris
2911 3555 2974 3606 ad
3007 3568 3133 3608 eum
3163 3566 3461 3608 venerunt.

1850 3635 1979 3703 .Cui
2017 3645 2277 3716 cogitanti
2318 3644 2454 3713 quid
2489 3643 2571 3698 eis
2599 3644 2807 3714 negotii
2848 3643 3175 3723 imponeret,
3207 3649 3264 3696 et
3291 3657 3454 3710 quem

1879 3740 2204 3812 praeﬁceret,
2248 3737 2609 3791 Momitzilum
2639 3735 2922 3805 praeﬁcere
2961 3735 3189 3803 placuit,
3235 3748 3346 3786 non
3371 3748 3460 3788 so-

1879 3833 1994 3888 lum
2036 3830 2166 3900 quia
2206 3837 2429 3898 propter
2465 3827 2915 3882 communionem
2965 3825 3146 3896 gentis
3190 3823 3456 3879 rusticani

1879 3924 1957 3978 illi
1988 3938 2114 3978 eum
2146 3918 2485 3989 complexuri
2513 3925 2721 3980 essent,
2749 3915 2844 3971 sed
2867 3915 3014 3985 quod
3039 3915 3204 3971 etiam
3229 3915 3283 3968 in
3319 3929 3457 3982 prte-

1875 4014 1951 4069 lio
2008 4011 2219 4066 nullum
2275 4024 2306 4062 a
2347 4023 2408 4064 se
2466 4006 2932 4076 magnanimitatis
2983 4019 3049 4060 ac
3111 4004 3456 4060 fortitudinis

1875 4104 2118 4160 cilicium
2165 4100 2472 4158 desiderari
2514 4109 2820 4168 pateretur,
2848 4097 2915 4151 ad
2951 4097 3329 4167 praedandum,
3364 4111 3452 4150 ra-

1875 4196 2254 4267 piendumque
2301 4191 2822 4248 exercitatissimus.
2873 4189 3002 4243 Erat
3060 4189 3208 4244 enim
3253 4202 3454 4260 genere

190 4287 335 4357 πρὸς
363 4288 466 4349 τὰς
501 4288 680 4358 μάχας
709 4288 864 4342 οὐδὲν
895 4288 1112 4341 ἐνέλιπε
1133 4303 1147 4319 ο
1195 4289 1292 4342 καὶ
1324 4290 1464 4359 πρὸς
1515 4289 1774 4361 λῃστείας

1883 4286 2106 4351 blaesus,
2139 4292 2196 4337 et
2224 4290 2448 4353 propter
2487 4295 2583 4335 eas
2609 4294 2748 4349 quas
2780 4277 2894 4332 dixi
2921 4286 3068 4333 artes
3098 4276 3449 4348 profligatus,

198 4348 294 4433 καὶ
317 4348 806 4450 Ῠὰρπαγὰςῃᾶριστα
831 4379 1126 4450 ὲξήσκητο.
1147 4376 1258 4433 Ἦν
1287 4348 1396 4452 γὰρ
1432 4348 1496 4452 δὴ
1523 4348 1774 4450 ὁηΜομιζ

1883 4378 1944 4432 ad
1978 4348 2258 4431 Romanos
2379 4348 2755 4442 applicaverat
2776 4408 2792 4434 ,
2825 4384 3063 4437 eumque
3097 4369 3453 4423 Andronicus

199 4469 380 4534 τζίλος
407 4461 562 4532 οὗτος
623 4468 682 4523 τὺ
711 4472 868 4536 γένος
901 4470 1000 4538 μὲν
1039 4470 1249 4534 Μυσὸς,
1294 4470 1382 4523 διὰ
1425 4471 1481 4523 δὲ
1522 4470 1778 4542 λῃστείας

201 4560 294 4612 καὶ
342 4559 597 4626 ἁρπαγὰς
633 4558 848 4612 ἐκεῖθεν
899 4559 1135 4622 ἐλαθεὶς,
1185 4559 1321 4628 πρὸς
1379 4560 1690 4627 Ῥωμαίους
1717 4577 1776 4611 τε

196 4650 435 4717 ἐγένετο,
471 4650 564 4702 καὶ
611 4650 717 4721 ὐ-πὸ
765 4649 1030 4719 βασιλέως
1092 4650 1436 4721 Ἀνδρονίκου
1465 4652 1576 4712 τοῖς
1611 4667 1766 4720 στραα

194 4741 421 4803 τιὼταις
460 4717 783 4812 κατελέχθηξ
843 4743 1066 4813 Χαίρων
1114 4743 1171 4796 δὲ
1218 4717 1306 4796 αεὶ
1367 4743 1650 4814 λῃστείαις
1681 4717 1774 4794 καὶ

199 4832 373 4885 πολλά
414 4833 513 4902 τὴν
553 4833 772 4887 Μυσίαν
826 4834 1152 4903 κακουργῶν
1181 4833 1268 4886 διὰ
1297 4833 1358 4886 τὸ
1392 4832 1630 4903 μάλιστα
1674 4832 1774 4902 ἑμ-

199 4941 394 4994 πειρον
429 4925 540 4976 τῶν
571 4925 754 4978 τόπων
784 4919 951 4989 εἶναι,
985 4927 1281 4994 παρηνεῖτο
1325 4924 1426 4993 μὲν
1472 4923 1640 4977 πολλὰ
1671 4923 1776 4976 ὑπὸ

192 5015 306 5068 τῶν
325 5016 394 5068 τὰ
421 5014 652 5084 μεθόρια
679 5016 779 5086 τῆς
797 5016 998 5070 Μυσῶν
1025 5018 1120 5071 καὶ
1153 5014 1447 5085 Ῥωμαίων
1478 5015 1777 5086 ἡγεμονίας

193 5107 475 5175 ἀρχόντων
516 5109 592 5178 μὴ
625 5109 852 5163 τοιαῦτα
905 5110 1235 5179 κακουργεῖν
1284 5108 1529 5162 σπονδῶν
1573 5109 1774 5172 οὐσῶν,

192 5200 295 5249 καὶ
325 5197 565 5266 πόλεμον
608 5200 802 5255 κινεῖν.
842 5199 903 5254 Ὅ
931 5202 988 5255 δὲ
1041 5201 1102 5253 οὐ
1143 5201 1286 5254 πάνυ
1339 5198 1619 5252 πείθεσθαι
1645 5200 1774 5271 ἡδύ-

189 5305 328 5341 νατο
357 5305 371 5322 ⁸
401 5291 518 5343 ἀλλ’
547 5292 641 5344 ὲπί
673 5309 797 5346 τινα
825 5294 1018 5365 χρόνον
1056 5293 1367 5364 ἡσυχάζων,
1413 5293 1527 5354 τοῖς
1564 5293 1774 5363 ὁμοίοις

188 5381 364 5435 πάλιν
403 5383 703 5455 ἐπεχείρει.
761 5385 986 5439 Μέλλων
1030 5385 1087 5438 δὲ
1136 5385 1236 5456 ἡδη
1272 5383 1375 5454 τῆς
1433 5385 1772 5453 κακουργίας

1876 4471 2178 4539 imperator
2232 4467 2286 4519 in
2337 4464 2522 4518 album
2576 4462 2813 4516 militum
2865 4460 3146 4514 retulerat.
3175 4459 3278 4525 Qui
3322 4474 3449 4514 cum

1876 4559 2092 4632 praedis
2140 4557 2375 4626 agundis
2421 4569 2640 4622 semper
2684 4552 3074 4616 delectaretur,
3119 4559 3176 4605 et
3203 4551 3405 4605 himsia:
3431 4589 3450 4615 ,

1879 4660 2070 4720 utpote
2111 4649 2360 4702 locorum
2414 4644 2807 4714 peritissimus,
2851 4657 2958 4695 non
2998 4657 3190 4710 parum
3242 4640 3453 4694 incom-

1882 4743 2134 4797 modaret
2160 4780 2176 4805 ,
2239 4753 2380 4807 saepe
2435 4737 2762 4792 monebatur
2795 4734 2864 4788 ab
2897 4736 2984 4790 his
3027 4736 3121 4805 qui
3155 4734 3449 4789 Messorem

1877 4834 2367 4900 Romanorumque
2397 4828 2652 4884 confiniis
2689 4829 2909 4883 tuendis
2954 4827 3353 4897 pra‘erant,'ne
3394 4826 3447 4880 in

1877 4925 2086 4981 foedere
2114 4920 2429 4991 huiusmodi
2458 4920 2727 4975 maleﬁcia
2765 4920 3105 4990 designaret,
3145 4923 3200 4972 ει
3243 4918 3449 4970 bellum

1878 5018 2146 5073 irritaret.
2181 5013 2427 5080 Quorum
2461 5013 2694 5068 vocibus
2727 5013 2818 5068 ille
2863 5027 2970 5066 non
3016 5010 3236 5080 penitus
3274 5023 3450 5076 expu-

1878 5108 2176 5181 gnabatur,
2227 5104 2324 5160 sed
2374 5105 2444 5160 ad
2503 5115 2720 5174 tempus
2767 5105 3084 5174 quiescens,
3135 5101 3448 5180 intermissa

1880 5199 2183 5272 repetebat.
2215 5197 2444 5268 Jamque
2475 5198 2744 5254 scelerum
2787 5211 3011 5250 suorum
3043 5193 3275 5264 pretium
3308 5193 3448 5246 latuo

1875 5294 1997 5357 rus,
2039 5290 2301 5360 quoniam
2342 5296 2400 5345 et
2430 5287 2615 5345 Moesis
2645 5296 2871 5356 propter
2906 5284 3195 5339 latrocinia
3233 5284 3451 5337 invisus

1872 5396 2010 5450 erat,
2037 5391 2094 5440 et
2144 5383 2406 5439 Romanis
2456 5396 2582 5436 eum
2617 5376 3092 5450 comprehendere
3133 5376 3447 5433 volentibus

1423 5515 1639 5576 Jacobi
1683 5517 1947 5580 Pontani
1984 5526 2169 5578 notae.

266 5643 378 5716 (29)
405 5643 616 5718 Merope
646 5645 742 5717 fuit
775 5663 882 5702 una
901 5663 971 5702 ea:
1008 5646 1306 5718 provinciis,
1333 5660 1422 5699 seu
1463 5640 1756 5713 regionibus
1797 5635 2041 5700 Thraciw'
2057 5645 2191 5700 sicut
2219 5642 2479 5713 Rhodope.
