3998 6204
308 230 342 296 J
354 234 464 298 G93

1454 241 2002 303 lllSTOltIARUM
2048 243 2278 304 LIBER
2322 244 2436 304 Ill.

3425 259 3566 324 1096

313 351 427 424 ρῶς
459 348 562 421 μὲν
596 351 1015 410 ἀντιτάττεσθαι
1048 357 1295 429 πρδςτὴν
1327 362 1585 431 στρατιὰν
1613 364 1710 433 τὴν
1747 365 1857 434 Περ

1995 363 2145 429 bant,
2182 368 2304 422 aliis
2325 384 2423 437 pro
2450 367 2710 424 facultate
2735 369 3116 434 consulebant,
3150 385 3216 424 ne
3245 371 3312 425 ab
3340 381 3473 442 fpsts
3498 375 3563 428 αι’

310 443 473 511 σικὴν
520 442 620 495 οὐκ
671 437 813 514 ἦσαν
857 445 1090 502 δυνατοί.
1146 451 1468 520 Πέμψαντες
1524 455 1580 508 δὲ
1633 459 1860 528 στρατιὰ

1993 453 2438 510 Cantacuzenum
2469 457 2786 512 deﬁcerent.
2808 455 3121 528 Sphranzes
3151 437 3436 529 itaqneput
3459 463 3566 516 im-

314 531 449 599 πρὸς
500 531 600 600 τὴν
645 531 950 602 Ἀδριανοῦ,
984 535 1286 608 ἐφρούρουν
1331 532 1593 611 ὧνῆρχεν
1618 545 1646 596 6
1676 543 1864 614 Σφραν

1990 553 2298 613 peratorem
2335 548 2748 602 Stenimachum
2805 549 3029 604 tendere
3076 550 3367 617 intellexit.
3411 563 3564 610 ratus

309 625 464 693 τζὴς,
516 623 753 708 μαλιστα
810 625 921 677 τῶν
953 629 1030 693 ιὲν
1077 633 1142 699 τῇ
1199 625 1392 702 Θράκῃ
1447 633 1657 686 πόλεων
1714 635 1886 704 μείζω

318 714 414 764 καὶ
447 715 883 783 ἀναγκαιοτέραν
906 716 1073 772 οὖσαν
1103 734 1118 752 ⁸
1154 723 1248 774 καὶ
1277 722 1388 776 τῶν
1408 723 1582 776 ἄλλων
1607 726 1886 781 ἐποιοῦντο

309 802 566 866 πρόνοιαν
633 802 732 872 ὅση
787 803 1007 877 δυνατὴ.
1065 806 1206 861 ὥστε
1261 811 1338 881 μὴ
1391 814 1688 883 ἀποστῆναι
1748 817 1886 886 πρὸς

310 893 772 963 Καντακουζηνὺν
813 895 905 950 τὸν
938 898 1167 966 βασιλέα
1200 902 1294 955 ἀπ’
1326 904 1528 959 αὐτῶν.
1561 908 1891 982 Σφραντζὴς.

305 978 402 1035 οὖν
437 983 740 1053 πυθόμενος
788 989 914 1057 περί
975 988 1259 1058 βασιλέως,
1309 992 1386 1056 ὡς
1431 978 1883 1067 ἐπιστρατεύσειε

309 1071 654 1140 Στενιμάχῳ,
705 1075 799 1126 καὶ
843 1076 1074 1145 νομίσας
1120 1080 1196 1143 ὡς
1254 1083 1342 1154 εἴη
1389 1083 1614 1139 δυνατὸν
1670 1088 1879 1143 ἐκείνου

305 1163 539 1225 ἀπόντος
573 1163 730 1234 ἄχρις
776 1166 1023 1240 ἐπανήξει
1055 1171 1126 1225 τὰ
1187 1175 1319 1244 περὶ
1365 1177 1748 1249 Διδυμότειχον
1776 1198 1882 1235 κα⁴

306 1254 563 1308 χώσαντα
597 1251 751 1344 aget;
802 1262 885 1323 είς
930 1261 1367 1332 ’Δὸριανούπολιν
1403 1269 1597 1334 ἐλθεῖν,
1633 1280 1880 1344 παραλα-

305 1342 424 1396 ϐὼν
451 1346 612 1407 ὅσους
642 1342 801 1418 ἦγεν,
832 1345 997 1420 ἦλθεν
1038 1353 1128 1406 ἐπὶ
1154 1354 1556 1428 Διδυμότειχον.
1591 1342 1800 1432 Συνέϐη
1822 1363 1880 1416 δὲ

304 1435 405 1503 τῆς
429 1436 597 1508 αὐτῆς
626 1437 778 1509 ὥρας
810 1443 906 1495 καὶ
937 1442 1161 1513 βασιλέα
1188 1447 1253 1500 ὲκ
1286 1449 1384 1519 τῆς
1417 1451 1641 1522 Μόῤῥας
1667 1454 1880 1525 ἐπανή-

312 1543 433 1580 κειν
457 1529 597 1598 μετὰ
626 1531 726 1601 τὴς
756 1537 1040 1604 στρατιᾶς,
1073 1538 1165 1591 καὶ
1194 1541 1493 1611 γενομένης
1529 1545 1875 1618 συμπλοκῆς,

297 1619 358 1670 oi
389 1619 610 1684 πλείους
634 1622 736 1690 μὲν
777 1627 885 1677 τῶν
913 1626 1251 1684 ἐπελθόντων
1298 1631 1513 1698 ἔπεσον,
1559 1635 1654 1690 καὶ
1702 1637 1875 1690 ἑάλω-

305 1713 411 1764 αάν
436 1729 581 1774 τινες
617 1713 791 1783 ὀλίγοι
813 1733 827 1747 ·
860 1718 1098 1772 ἀπέθανε
1122 1721 1177 1775 δὲ
1202 1724 1294 1776 καὶ
1323 1729 1648 1795 στρατηγός.
1669 1728 1722 1781 Ἀ
1735 1731 1875 1799 μοὺρ

305 1801 366 1854 δὲ
396 1804 486 1855 καὶ
517 1806 678 1868 αὐτὸς
729 1803 894 1878 ἦλθεν
919 1813 978 1863 ὲν
1027 1811 1142 1882 χρῷ
1188 1814 1435 1868 κινδύνου
1490 1818 1610 1870 κατ’
1662 1821 1875 1890 ἐκείνην

302 1895 408 1963 τὴν
438 1897 635 1966 μάχην.
683 1899 920 1963 Ἐκεῖνος
951 1905 1087 1973 γὰρ,
1156 1907 1336 1959 καίτοι
1369 1911 1565 1978 μικρὸν
1591 1911 1688 1980 τῆς
1716 1913 1872 1964 νόσου

299 1986 521 2054 ῥαΐσας,
553 1988 627 2051 ὡς
671 1991 892 2058 ἐγένετο
939 1995 971 2063 ἡ
1007 1997 1290 2068 συμπλοκὴ
1333 1999 1441 2052 τῶν
1473 2002 1871 2070 στρατοπέδων,

297 2077 668 2146 ὁπλισάμενος
699 2080 896 2152 ἐχώρει
938 2085 1086 2152 μετὰ
1125 2087 1233 2139 τῶν
1272 2090 1591 2157 προτάκτων
1623 2108 1635 2118 ’
1663 2097 1871 2156 κοντοῖς

294 2168 361 2219 ἑὲ
424 2170 532 2222 τῶν
585 2171 858 2244 πολεμίων
920 2179 1069 2245 τρισὶ
1121 2180 1452 2249 περιτυχὼν,
1515 2186 1666 2252 παρὰ
1715 2184 1872 2250 δόξαν

292 2261 554 2329 διεσώθη,
592 2264 729 2334 πρὸς
751 2265 848 2327 τὰς
882 2266 1093 2334 πληγὰς
1120 2269 1230 2322 τῶν
1264 2271 1446 2323 ὃπλων
1478 2273 1866 2344 ἀντισχόντων,

291 2353 396 2402 καὶ
427 2354 626 2416 πολλὰς
654 2355 922 2425 ὡμολόγει
963 2357 1170 2429 βασιλεῖ
1192 2361 1418 2431 χάριτας
1451 2367 1548 2435 τῆς
1572 2367 1866 2436 σωτηρίας.

293 2441 546 2496 Είωθότα
588 2445 694 2513 γὰρ
762 2448 946 2503 ὃπλων
999 2451 1267 2521 μάχεσθαι
1315 2457 1502 2524 χωρὶς,
1559 2457 1870 2527 ὁβασιλεὺς

293 2533 538 2604 ἡμέραις
571 2537 780 2606 ὀλίγαις
833 2542 1101 2612 πρότερον
1139 2548 1238 2614 τῆς
1277 2547 1483 2617 μάχης,
1522 2549 1755 2619 παρῄνει
1791 2553 1866 2622 μὴ

294 2625 584 2696 ἄφρακτον
642 2633 868 2686 εἰσιέναι
902 2637 980 2698 εἰς
1027 2636 1125 2698 τὰς
1184 2639 1386 2706 μάχας,
1417 2641 1467 2692 εί
1517 2643 1591 2711 μὴ
1628 2642 1869 2711 βούλοιτο

291 2719 538 2772 θανάτου
564 2723 735 2786 αἴτιος
773 2727 1109 2796 καταστῆναι
1138 2729 1316 2799 ἑαυτῷ
1343 2747 1355 2760 ο
1383 2733 1493 2802 ὅσῳ
1533 2735 1640 2803 γὰρ
1671 2735 1736 2788 ἄν
1783 2753 1866 2800 τις

287 2812 618 2880 ἀγωνίζοιτο
705 2816 973 2888 εὐψύχως,
1062 2819 1300 2892 τοσούτῳ
1379 2829 1622 2878 πεσεῖται
1694 2829 1867 2897 ῥᾷστα

289 2907 479 2978 πληγῇ
525 2926 630 2961 τινι
681 2910 1011 2981 περιτυχὼν,
1043 2914 1135 2966 καὶ
1184 2917 1585 2985 κατεργασθεὶς
1614 2921 1812 2990 ῥᾳδίως
1845 2938 1861 2953 ·

286 2991 338 3065 ᾧ
371 3002 464 3050 καὶ
529 3001 871 3071 πειθόμενος,
922 3005 1099 3058 καίτοι
1145 3008 1376 3072 ἄνοπλος
1415 3011 1505 3062 τὸν
1559 3011 1723 3065 ῖππον
1744 3016 1860 3067 ἐπι·
1887 3042 1933 3104 C

291 3088 418 3153 ϐὰς,
461 3089 614 3153 αὖθις
658 3094 1027 3163 ἀναστρέψας,
1064 3098 1403 3167 ἀνελάμϐανε
1455 3102 1522 3156 τὰ
1557 3103 1717 3168 ὅπλα,
1753 3109 1862 3159 τῶν

292 3180 559 3248 βασιλέως
619 3185 995 3253 παραινέσεων
1056 3187 1339 3257 μνησθείς.
1396 3192 1636 3246 Βασιλίδι
1685 3193 1745 3248 δὲ
1791 3199 1858 3266 τῇ

284 3270 489 3343 Ἀννῃ,
523 3274 618 3326 καὶ
647 3279 980 3347 πατριὰρχῃ,
1023 3283 1112 3331 καὶ
1160 3281 1378 3352 μεγάλῳ
1409 3284 1559 3337 δουκὶ
1623 3287 1716 3338 καὶ
1749 3291 1864 3350 τοῖς

289 3363 473 3426 ἄλλοις
510 3368 622 3428 τοῖς
665 3369 722 3418 ὲν
753 3368 916 3431 τέλει,
940 3371 1110 3426 ἐδόκει
1147 3373 1256 3426 δεῖν
1324 3377 1458 3445 πρὸς
1511 3377 1860 3448 Ἀλέξανδρον

287 3453 588 3521 πρεσϐείαν
621 3459 893 3512 ποιεῖσθαι
929 3461 1018 3514 τὸν
1051 3463 1250 3515 Μυσῶν
1270 3464 1516 3534 βασιλέα,
1544 3467 1684 3524 ὥστε
1718 3487 1858 3538 συμ-

287 3545 489 3611 μαχεῖν
541 3547 725 3610 αὐτοῖς
779 3550 872 3603 ἐπὶ
921 3553 1376 3624 Καντακουζηνὸν
1450 3559 1542 3611 τὸν
1603 3558 1854 3628 βασιλέα.

297 3634 535 3690 Ἐκάκου
567 3639 675 3708 γὰρ
708 3641 740 3709 ἡ
769 3641 876 3694 τῶν
911 3643 1132 3713 Περσῶν
1165 3647 1396 3716 στρατιὰ
1429 3648 1523 3701 καὶ
1563 3649 1662 3718 τὴν
1705 3651 1857 3704 ὲκεί-

286 3745 378 3779 νου
407 3744 422 3759 ·
455 3729 482 3778 6
511 3729 565 3782 δὲ
599 3731 889 3801 ὑπέσχετο,
921 3736 987 3787 ἂν
1029 3737 1220 3805 μισθὸν
1251 3739 1401 3810 αὑτῴ
1434 3742 1718 3812 παρέχωσι
1754 3744 1858 3813 τῆς

287 3822 602 3891 συμμαχίας
645 3824 742 3886 τὰς
814 3825 958 3879 κατὰ
1006 3828 1339 3900 Στενίμαχον
1397 3837 1492 3887 καὶ
1545 3835 1857 3901 Τζέπαιναν

288 3911 473 3974 πόλεις
511 3912 602 3965 καὶ
649 3913 872 3983 μείζους
911 3917 1004 3969 καὶ
1044 3917 1320 3986 ἐλάττους,
1361 3924 1457 3978 καὶ
1490 3927 1588 3993 τὴν
1633 3927 1857 3990 ταύταις

286 4002 755 4073 ὲγκαθιδρυμένην
785 4009 1066 4074 στρατιάν.
1130 4004 1310 4066 Ἦσαν
1343 4013 1398 4068 δὲ
1449 4015 1627 4082 ἐννέα,
1663 4020 1694 4088 ἡ
1722 4019 1858 4082 Τζέ-

284 4109 461 4145 παινα
506 4095 601 4148 καὶ
651 4097 679 4148 6
744 4099 1076 4169 Κροῖζιμδς,
1121 4102 1150 4172 ἡ
1203 4106 1558 4174 Περιστίτζκ,
1618 4112 1650 4180 ή
1716 4112 1850 4178 ἁγία

286 4181 634 4256 ’1ουστίνι,ή
702 4188 1151 4256 Φιλιπποὺπολις,
1220 4196 1375 4260 πόλις
1427 4199 1708 4270 θαυμασία
1763 4204 1854 4256 καὶ

283 4279 522 4348 μεγάλη,
565 4283 592 4334 ὀ
645 4282 994 4354 Στενίμαχος,
1045 4289 1073 4340 6
1118 4287 1323 4353 ’Δετδς,
1384 4295 1412 4346 6
1462 4295 1769 4362 Μπέαδνος,
1825 4299 1853 4350 6

1989 650 2048 691 se
2076 651 2254 704 posse,
2285 651 2351 692 eo
2381 639 2630 704 absente,
2651 655 2839 710 agrum
2881 640 3418 710 Didymoticlteusem
3465 643 3564 698 de-

1986 727 2238 796 pnedari,
2278 737 2335 782 et
2401 730 2814 798 Adrianopolim
2881 733 3106 796 reverti,
3169 748 3234 785 co
3298 735 3561 802 quantuni

1986 830 2253 888 quantum
2306 822 2540 876 habebat
2592 822 2827 876 militum
2889 823 3140 878 adduxit.
3173 823 3377 877 Eadem
3427 825 3560 878 hora

1987 909 2282 980 imperator
2307 912 2536 968 fortuito
2564 927 2628 967 ex
2656 913 2874 968 Morrha
2905 930 3028 968 cum
3058 915 3175 969 suis
3205 916 3368 978 redit,
3394 915 3563 970 facto-

1984 1013 2090 1066 que
2124 987 2405 1063 eonﬁictu,
2462 1003 2649 1071 plures
2698 1002 2764 1056 de
2813 1003 3212 1072 praedatoribus
3255 1009 3558 1068 cazduntur,

1982 1090 2192 1160 aliquot
2239 1093 2556 1161 capiuntur,
2599 1095 2707 1148 dux
2747 1096 2866 1164 ipse
2896 1096 3251 1151 interﬁcitur.
3299 1097 3562 1152 Amurius

1983 1189 2097 1235 tum
2126 1183 2177 1236 in
2206 1193 2455 1238 extremo
2496 1185 2814 1241 discrimine
2853 1198 3106 1242 versatus
3155 1181 3260 1242 est.
3286 1188 3420 1242 Nam
3453 1189 3556 1243 etsi

1979 1289 2010 1326 e
2039 1275 2228 1329 morbo
2251 1291 2444 1344 parum
2478 1277 2651 1331 adhuc
2679 1294 2735 1332 se
2754 1279 3154 1344 conﬁrmasset,
3174 1296 3352 1350 pugna
3380 1290 3556 1349 empta

1979 1380 2133 1418 arma
2167 1365 2366 1430 induit,
2397 1375 2451 1420 ct
2501 1368 2552 1421 in
2591 1369 2816 1437 primam
2852 1372 3026 1424 aciem
3064 1371 3351 1440 processit,
3383 1372 3558 1425 acti-i-

1979 1453 2081 1508 bus
2106 1454 2285 1509 contis
2316 1455 2538 1524 petitus,
2571 1467 2768 1526 praeter
2815 1458 3127 1527 opinionem
3157 1499 3172 1523 ,
3207 1461 3374 1512 armis
3408 1460 3556 1513 ride-

1977 1545 2104 1600 licet
2122 1546 2332 1601 vulneri
2366 1549 2771 1613 resistentibus,
2806 1560 3054 1604 servatus
3077 1561 3183 1613 est,
3210 1550 3518 1619 singulares
3538 1580 3550 1589 ·

1977 1652 2084 1705 que
2143 1639 2459 1707 imperatori
2515 1642 2583 1696 de
2648 1642 2824 1696 salute
2895 1642 3098 1712 gratias
3147 1641 3278 1712 egit.
3315 1641 3545 1695 Solitum

1906 1718 1950 1776 Β
1979 1729 2125 1783 enim
2161 1745 2407 1800 pugnare
2457 1748 2568 1786 non
2621 1734 2988 1798 obarmatum,
3020 1735 3317 1802 imperator
3367 1735 3555 1804 paucis

1979 1831 2104 1875 ante
2134 1821 2329 1876 diebus
2361 1823 2740 1887 admonuerat,
2767 1840 2834 1878 ne
2868 1840 2978 1878 non
3005 1826 3251 1877 munitus
3265 1825 3548 1878 certamini

1975 1927 2034 1963 se
2089 1913 2359 1976 crederet,
2423 1915 2525 1968 nisi
2586 1915 2975 1970 mortem‘sibi
3028 1930 3310 1970 accersere
3364 1916 3547 1970 vellet.

1974 2001 2191 2068 Quanto
2227 2005 2375 2058 enim
2405 2006 2530 2075 quis
2551 2007 2720 2061 armis
2746 2023 2853 2061 non
2883 2016 3058 2062 tectus
3107 2008 3426 2078 generosius
3465 2009 3551 2060 di-

1975 2095 2277 2159 micaverit,
2300 2107 2450 2151 tanto
2485 2097 2704 2152 facilius
2728 2098 2913 2152 letbali
2945 2099 3102 2169 plaga
3137 2101 3546 2155 occulriturum.
3611 2085 3618 2092 ’

1971 2184 2142 2255 Cujus
2174 2188 2562 2242 admonitionis
2587 2204 2817 2252 memor,
2850 2193 3070 2244 tametsi
3114 2207 3316 2260 equum
3359 2191 3542 2244 nudus

1971 2276 2325 2340 ascendisset,
2375 2293 2631 2332 reversus
2689 2294 2809 2333 sese
2864 2279 3193 2334 obarmavit.
3228 2281 3381 2334 Anna
3409 2297 3543 2334 vero

1972 2368 2316 2432 imperati-ix,
2348 2377 2404 2424 et
2432 2369 2769 2438 patriarcha,
2803 2371 2930 2425 item
2977 2387 3215 2437 magnus
3255 2373 3386 2436 dux,
3420 2373 3535 2424 reli-

1969 2459 2172 2528 quique
2203 2461 2480 2530 principcs
2511 2462 2716 2532 legatos
2749 2463 2815 2516 ad
2846 2462 3218 2518 Alexandrum
3245 2463 3545 2519 Moesorum

1969 2564 2153 2619 regem
2186 2551 2502 2617 mittendos,
2530 2568 2767 2623 eumque
2796 2555 2863 2607 ad
2889 2555 3174 2623 suppetias
3201 2564 3388 2609 contra
3402 2555 3516 2609 Can

1970 2645 2292 2694 tacuzenum
2323 2642 2579 2697 ferendas
2620 2643 2961 2697 invitandum
2990 2643 3332 2715 judicarunt.
3362 2646 3542 2699 Persa-

1969 2731 2237 2798 siquidem
2270 2733 2434 2786 etiam
2465 2734 2684 2788 illorum
2717 2735 2854 2789 ﬁnes
2871 2735 3248 2790 incursabant.
3285 2735 3523 2806 Spopon-

1967 2825 2066 2887 dit,
2102 2827 2147 2878 si
2198 2826 2302 2879 sibi
2334 2826 2667 2882 Steniinaclii
2712 2838 2767 2883 et
2798 2829 3042 2898 praenae
3090 2830 3324 2900 majores
3365 2831 3540 2885 mino-

1969 2932 2163 2985 resque
2207 2918 2368 2972 nrbes
2407 2933 2534 2974 eum
2588 2935 2774 2974 earum
2805 2921 3072 2990 praesidiis
3101 2921 3404 2976 mercedem
3439 2924 3540 2977 da-

1968 3018 2110 3067 rent,
2152 3017 2309 3060 erant
2375 3020 2555 3064 autem
2616 3027 2812 3067 novem
2845 3031 2858 3064 :
2890 3012 3143 3082 Zepaena,
3175 3016 3542 3080 Creelzimus,

1969 3097 2271 3163 Pcristitza,
2302 3111 2486 3152 saneta
2520 3099 2755 3164 Justina,
2792 3101 3188 3172 Philippopolis
3221 3109 3237 3174 (
3266 3106 3394 3160 urbs
3423 3109 3540 3162 exi-

1965 3190 2071 3244 mia
2093 3201 2147 3243 et
2192 3191 2432 3259 ampla),
2477 3193 2880 3258 Slcnimaclius,
2916 3199 3104 3262 Actus,
3141 3198 3408 3262 Bcadnus,
3435 3200 3541 3255 Co-

1962 3283 2188 3336 smicus.
2221 3283 2495 3337 Numerus
2553 3286 2787 3340 militum
2840 3302 2937 3356 per
2971 3287 3078 3342 hoc
3123 3289 3536 3359 dispertitorum

1963 3373 2115 3442 prius
2149 3373 2253 3426 fuit
2279 3375 2426 3427 mille
2445 3376 2729 3447 quingenti
2757 3394 2772 3441 ;
2799 3388 2914 3432 tum
2946 3396 3076 3434 vero
3105 3381 3247 3437 bello
3285 3385 3535 3439 Romano

1961 3465 2209 3534 plurimis
2242 3465 2457 3522 deletis.
2488 3468 2648 3534 paulo
2699 3468 2844 3524 infra
2899 3474 3045 3527 mille
3083 3480 3536 3545 numerabantur,

1962 3569 2154 3609 omnes
2189 3554 2286 3608 viti
2317 3556 2623 3619 fortissimi,
2645 3559 2738 3626 qui
2769 3558 2932 3628 upilis
2953 3563 3231 3631 Romanis,
3263 3578 3536 3638 quotquot

1962 3647 2278 3710 militarent,
2311 3647 2478 3700 animi
2511 3651 2888 3716 magnitudine
2933 3654 3230 3722 quidquam
3262 3659 3535 3714 concede-

1960 3746 2103 3791 rent.
2136 3735 2392 3790 Petitioni
2424 3737 2715 3792 Alexandri
2748 3743 3153 3810 promptissime
3189 3746 3529 3801 satisfactum

1957 3835 2042 3882 est
2071 3843 2086 3880 :
2114 3828 2406 3882 timebatur
2433 3828 2678 3891 enim,ne
2703 3839 2759 3884 et
2787 3829 2894 3885 illis
2917 3832 3133 3901 oppidis
3147 3834 3534 3907 Cantaeuleno

1957 3919 2390 3983 adhaerentibus,
2422 3920 2610 3975 hostes
2640 3936 2738 3990 pro
2763 3922 3120 3992 adjutricibus
3167 3935 3227 3980 et
3263 3929 3532 3998 subjectis

1958 4019 2274 4078 paterentur
2299 4026 2312 4074 ;
2337 4019 2393 4064 et
2421 4011 2567 4065 velut
2593 4025 2660 4065 ex
2707 4014 3115 4082 comparatione
3161 4017 3530 4072 Alexandrum

1957 4101 2188 4166 socium,
2219 4116 2383 4170 quam
2450 4101 2737 4156 bellantem
2795 4092 3059 4159 adversus
3101 4123 3160 4162 se
3194 4107 3530 4164 Cantacuae-

1954 4208 2087 4246 num
2141 4192 2524 4260 imperatorem
2583 4193 2828 4248 futurum
2889 4197 3182 4264 malebant.
3209 4199 3370 4270 577
3433 4202 3527 4257 Sic

1955 4285 2120 4338 etiam
2148 4294 2312 4351 atque
2339 4284 2503 4338 etiam
2549 4285 2888 4351 labombant,
2915 4288 2959 4342 si
2991 4291 3204 4358 superis
3233 4293 3432 4360 placet,
3458 4310 3529 4348 ne

283 4369 568 4433 Κόσνικος.
621 4372 858 4442 Στρατιὰ
922 4376 978 4428 δὲ
1061 4379 1326 4451 πρότερον
1379 4383 1478 4452 μὲν
1537 4385 1678 4455 ὑπὲρ
1726 4388 1851 4452 τοὺς

1964 4375 2025 4429 ile
2060 4376 2292 4444 imperio
2349 4375 2595 4431 Romano
2649 4377 2944 4434 diminutio
2996 4380 3172 4437 ﬁeret.
3228 4384 3524 4454 Postquam

277 4463 675 4526 πεντακοσίους
735 4465 828 4517 καὶ
861 4467 1064 4536 χιλίους
1095 4465 1234 4540 ἦσαν
1268 4487 1283 4502 ο
1313 4472 1436 4525 τότε
1482 4474 1539 4527 δὲ
1594 4477 1698 4530 ὑπὸ
1754 4478 1849 4531 τοῦ

299 4546 614 4617 Ῥωμαϊκοῦ
643 4550 882 4620 πολέμου
917 4553 1184 4609 κάκείνων
1219 4557 1650 4630 διεφθαρμένων,
1687 4563 1852 4636 ὀλίγῳ

276 4641 501 4703 πλείους
551 4641 738 4710 χιλίων
782 4637 922 4714 ἦσαν
951 4683 968 4706 ,
1034 4649 1236 4712 πάντες
1287 4653 1693 4722 μαχιμώτατοι,
1759 4659 1853 4710 καὶ

272 4732 509 4784 οὐδένων
529 4732 706 4785 ἄλλων
735 4733 843 4786 τῶν
878 4735 1028 4804 παρὰ
1073 4739 1369 4806 Ῥωμαίοις
1401 4747 1851 4815 στρατευομένων

272 4824 592 4894 λειπόμενοι
650 4827 730 4888 είς
776 4827 1064 4897 εὐψυχίαν.
1097 4831 1164 4883 Ol
1215 4833 1294 4898 δὲ,
1332 4835 1408 4897 ὼς
1463 4837 1725 4892 ἐπύθοντο
1752 4839 1850 4912 τὴν

268 4914 502 4978 ἀξίωσιν
527 4916 902 4988 Ἀλεξάνδρου,
947 4921 1266 4990 παρείχοντο
1311 4927 1697 4994 προθυμότατα
1749 4935 1848 4996 τὰς

269 5003 480 5069 πόλεις,
505 5004 802 5071 δείσαντες,
839 5007 916 5070 ὼς
955 5009 1124 5089 ἔοικε,
1186 5014 1262 5083 μὴ
1299 5017 1741 5091 Καντακουζηνῴ
1770 5021 1847 5091 τῷ

272 5094 489 5164 βασιλεί
539 5099 808 5151 κάκείνων
847 5102 1260 5170 προσθεμένων,
1305 5108 1601 5178 πολεμίους
1649 5113 1846 5183 ἔχωσιν

188 5224 205 5237 .
271 5187 403 5242 ἀντὶ
463 5192 772 5260 συμμάχων
829 5193 922 5246 καὶ
985 5194 1278 5262 ὑπηκόωνο
1312 5201 1408 5252 καὶ
1463 5203 1539 5265 ὡς
1592 5207 1649 5257 ὲν
1711 5224 1839 5274 συγ-

263 5281 455 5348 κρίσει
513 5283 951 5352 προτιμήσαντες
1013 5283 1362 5359 Ἀλέξανδρον
1430 5295 1634 5361 μᾶλλον
1694 5297 1840 5367 ἔχειν

272 5367 568 5438 σύμμαχον
605 5371 885 5438 ἐσόμενον,
938 5372 970 5441 ἢ
1011 5371 1102 5426 τδν
1135 5377 1478 5447 πολεμοῦντα
1521 5383 1838 5438 Καντακου-

265 5459 436 5527 ζηνὸν
463 5461 554 5512 τὸν
584 5459 830 5530 βασιλέα.
862 5463 1018 5518 Οὕτω
1053 5469 1232 5520 πᾶσαν
1265 5470 1642 5527 ἐπεδείκνυντο
1669 5493 1839 5529 σπου-

261 5547 366 5618 δὴν
417 5553 510 5600 καὶ
544 5549 856 5621 προθυμίαν
898 5552 1038 5623 ὑπὲρ
1070 5557 1176 5609 τῶν
1216 5555 1501 5627 Ῥωμαίων
1532 5561 1629 5630 τὴν
1661 5563 1835 5636 ἀρχὴν

1955 4467 2262 4521 Alexander
2302 4471 2463 4523 urbes
2496 4471 2728 4539 accepit,
2754 4469 2830 4524 illi
2861 4487 2986 4526 eum
3008 4488 3072 4528 ex
3094 4476 3270 4542 pactis
3288 4492 3526 4532 conven-

1955 4559 2026 4613 tis
2057 4575 2216 4629 opem
2249 4570 2503 4629 poscunt.
2539 4561 2651 4615 Rex
2684 4561 2954 4620 afﬁrmare
2980 4581 3039 4620 se
3066 4581 3174 4620 non
3216 4583 3374 4636 posse
3398 4585 3524 4624 suc-
3617 4625 3620 4627 _

1953 4666 2212 4711 currere,
2269 4652 2514 4719 quandiu
2556 4653 2730 4706 Persa:
2771 4654 2824 4707 in
2864 4653 3096 4710 Thracia
3143 4670 3524 4724 versarentur,

1953 4757 2092 4810 quos
2145 4741 2191 4794 si
2221 4758 2330 4810 quo
2353 4742 2516 4796 modo
2547 4743 2613 4796 ad
2640 4743 2822 4798 Asiam
2871 4747 3222 4815 repetendam
3252 4753 3524 4821 perpulis-

1952 4842 2092 4896 sent,
2135 4843 2250 4886 tum
2283 4835 2504 4888 deruunt
2541 4835 2755 4890 infestis
2791 4836 2961 4908 signis
2995 4839 3048 4892 in
3083 4839 3522 4896 Cantacuzenum

1951 4919 2553 4994 cupidissimeiturum.
2591 4925 2702 4982 Hoc
2770 4944 2936 4997 porro
2983 4931 3143 4985 aliam
3185 4934 3520 4987 molitionem

1948 5026 2003 5070 et
2033 5033 2140 5070 non
2185 5017 2407 5086 vulgare
2457 5019 2699 5074 studium
2742 5022 3076 5090 postulabat.
3125 5025 3517 5079 Verumtamen

1948 5124 2072 5162 cum
2108 5107 2239 5175 quid
2275 5108 2420 5160 aliud
2451 5119 2676 5177 agerent
2710 5097 2821 5163 non
2875 5111 3144 5168 vidi-rent.
3185 5114 3236 5164 in
3273 5114 3392 5182 ejus
3429 5130 3520 5164 vo-

1947 5196 2159 5250 luntate
2203 5197 2658 5267 conquieverunt,
2707 5209 2762 5253 ct
2817 5201 2954 5254 clam
3001 5203 3392 5267 submiserunt,
3423 5220 3520 5274 per
3581 5204 3594 5217 '

1944 5301 2085 5357 quos
2113 5304 2234 5342 cum
2266 5288 2491 5344 Amm-io
2523 5291 2917 5358 colloquentes,
2953 5292 3244 5347 immanem
3277 5297 3326 5349 ei
3351 5313 3518 5364 pecu-
3613 5353 3628 5362 .

1941 5382 2088 5434 niam
2117 5380 2344 5448 polliciti
2376 5392 2522 5442 sunt,
2553 5385 2598 5436 si
2627 5382 2759 5450 ipsis
2782 5384 3075 5438 obsecutus
3092 5385 3310 5439 domum
3352 5403 3512 5441 rena-

1940 5474 2171 5544 vigaret.
2213 5473 2318 5528 Ubi
2367 5475 2511 5542 quod
2546 5474 2801 5529 volebant
2838 5492 2946 5530 non
2996 5477 3378 5546 impetrarunt.
3417 5478 3510 5534 illo

1941 5566 2066 5620 talia
2085 5566 2351 5634 promissa
2372 5566 2566 5620 inanes
2581 5567 2872 5621 verborum
2900 5571 3164 5639 strepitus
3192 5579 3504 5641 reputante,

265 5642 347 5712 μὴ
373 5642 751 5698 ἐλασσοῦσθαι.
779 5644 949 5725 ἧἘπεὶ
987 5646 1173 5716 μέντοι
1251 5650 1348 5714 τὰς
1408 5652 1585 5719 πόῖιαις
1626 5651 1834 5728 εἶχενιό

1964 5657 2069 5712 lias
2100 5655 2324 5712 insidias
2357 5665 2706 5728 occeperunt,
2765 5672 2821 5716 et
2854 5661 3282 5719 Maurommaten
3319 5677 3510 5736 quem-
