3998 6204
558 254 703 329 1095

1746 245 2072 307 IOANNIS
2090 241 2623 305 CANTACUZENI

3595 238 3699 308 ιοιι

557 381 683 436 dam
707 367 1265 439 Philadelphienscm.
1302 375 1465 432 quem
1497 359 1915 416 Gantacuzenus
1939 357 2007 412 ad
2064 357 2152 411 di-

2277 344 2899 425 .Auga;5pog,&1tﬁtou‘l
2925 340 3183 416 οὗτσιτὴν
3209 348 3494 418 συμμαχίαν
3510 352 3706 419 suam

557 479 811 524 mensum
844 461 899 516 in
931 459 1050 514 dies
1081 456 1311 513 Amurio
1340 450 1695 524 praebendum
1751 449 2141 512 constituerat,

561 553 862 623 promissis
887 547 1194 605 .uberrimis
1245 539 1483 613 aggressi
1538 545 1687 602 sunt,
1720 543 1781 590 ut
1831 535 2013 604 aliqua
2046 548 2141 587 ra-

2248 447 2553 518 συνθήκας.
2613 443 2672 498 '0
2701 444 2747 495 δ’
2781 443 2991 510 ἔφασκε
3029 438 3105 509 μὴ
3138 439 3405 513 δύνασθαι,
3451 441 3582 512 ἄχρις
3605 445 3708 501 ενοι

2247 538 2457 610 Πέρσαι
2486 533 2864 605 ἐνδιατρίϐωσι
2906 535 2974 603 τῇ
3009 531 3197 604 Θράκῃ
3221 547 3237 565 ·
3268 530 3330 585 ἀν
3381 532 3435 585 δέ
3470 549 3557 587 τινι
3576 537 3709 608 τρόπῳ

566 621 713 702 tione
744 643 928 699 Persis
947 639 1274 695 reditioncm
1307 634 1364 688 in
1399 631 1581 687 Asiam
1615 629 1993 700 persuaderet,
2018 640 2146 681 cum

2279 629 2507 681 ύνωνται
2541 626 2752 679 πείθειν
2784 623 3089 694 ἀποχωρεῖν
3107 624 3185 685 είς
3212 622 3306 703 τὴν
3332 621 3518 689 Ἀσίαν,
3537 625 3621 679 τότ’
3641 628 3713 700 ἤδη

563 740 791 806 propter
823 745 941 784 eam
974 724 1310 780 functionem
1367 719 1502 787 ipsis
1526 718 1636 787 jam
1671 714 1962 770 familiaris
1989 712 2145 765 vide-

566 833 813 887 retur,et
843 819 987 891 quod
1018 815 1239 871 Persice
1269 812 1616 880 loquebatur,
1651 808 1815 861 etiam
1848 806 1917 859 ab
1958 805 2149 858 iisdem

571 932 674 987 pro
716 912 980 967 benevolo
1029 908 1349 960 haberetur.
1385 900 1485 955 Hic
1545 900 1869 953 diuturnam
1908 913 1939 951 a
1976 898 2152 966 patria

572 1007 871 1064 absentiam
908 1002 1014 1067 illis
1061 997 1343 1051 molestam
1404 1009 1525 1047 esse
1560 991 1885 1061 conjiciens,
1924 990 2154 1044 ducibus

571 1094 917 1165 potissimum
956 1087 1241 1142 exercitus
1300 1082 1591 1137 consilium
1622 1080 1715 1133 dat
1749 1095 1856 1133 non
1891 1090 2182 1147 oportere~

571 1198 679 1241 tam
711 1183 1011 1253 longinquo
1046 1189 1290 1246 tempore
1322 1173 1637 1229 domesticis
1685 1171 1970 1242 neglectis,
2004 1184 2156 1238 pere-

570 1294 662 1350 gre
695 1277 862 1329 vitam
895 1273 1151 1326 miseram
1185 1267 1435 1337 exigere,
1459 1266 1550 1319 sed
1570 1264 1731 1318 simul
1756 1277 1948 1316 omnes
1982 1262 2151 1315 Amu-

574 1369 714 1422 rium
739 1363 1056 1426 convenire,
1099 1361 1167 1414 ab
1193 1373 1370 1426 eoque
1418 1356 1654 1411 reditum
1693 1354 1960 1423 flagitare,
2004 1367 2158 1406 asse-

586 1456 890 1526 Verareque
924 1469 982 1509 se
1022 1456 1073 1505 in
1108 1451 1310 1505 exteris
1346 1449 1484 1503 locis
1541 1448 1685 1501 ultra
1740 1444 1849 1499 non
1883 1460 2045 1513 posse
2075 1444 2158 1497 vi-

573 1566 723 1611 vere,
756 1560 879 1600 cum
942 1541 1240 1597 domestica
1297 1538 1684 1609 procuratione
1731 1536 1962 1590 maxime
2014 1534 2161 1588 indic»

575 1647 736 1708 geaat
787 1633 943 1689 llaud
976 1633 1123 1687 enim
1172 1647 1237 1685 ea
1282 1630 1601 1684 conditione
1632 1629 1741 1681 huc
1765 1627 2065 1697 profectos,
2096 1631 2160 1678 ut

2250 718 2693 790 Καντακουζηνῷ
2716 717 3172 786 ἐπιστρατεύσειν
3202 715 3571 786 προθυμότατα.
3592 720 3711 775 Τοῦτο

2255 814 2352 882 μὲν
2380 808 2474 866 οὖν
2515 811 2716 882 ἐτέρας
2771 806 2949 863 ἐδεῖτο
3010 810 3370 880 παρασκευῆς,
3396 809 3490 864 ’καὶ
3530 829 3716 884 πραγμα-

2249 902 2402 965 τείας
2426 903 2487 955 οὐ
2515 901 2617 970 τῆς
2643 899 2937 970 τυχούσης.
2965 899 3157 968 Ὅμως
3184 899 3281 952 οὐκ
3313 899 3502 968 ἔχοντες
3523 900 3607 971 ὅτῳ
3624 905 3717 974 χρη.

2253 1010 2436 1047 σονται
2482 992 2680 1061 ἑτέρῳ,
2747 991 3066 1061 ἐτράπησαν
3121 991 3207 1043 ἐπὶ
3256 990 3424 1057 τοῦτο,
3477 993 3555 1045 καὶ
3590 994 3719 1064 κρύφα

2252 1085 2731 1153 προσπέμποντες,
2748 1084 3057 1151 διελέγοντο
3103 1082 3271 1152 Ἀμοὺ
3279 1100 3326 1150 ρ,
3346 1084 3569 1153 χρήματα
3590 1084 3723 1138 δώσειν

2254 1176 2722 1247 ἐπαγγελλόμενοι
2750 1174 2946 1240 πολλὰ,
2986 1175 3036 1228 εί
3066 1174 3381 1244 πειθόμενος
3424 1174 3577 1238 αὐτοῖς
3597 1176 3725 1230 eiul:

2253 1262 2685 1338 ἀναχωρήσειεν.
2730 1267 2818 1329 Ὠς
2848 1267 2903 1320 δὲ
2927 1267 3080 1320 οὐδὲν
3101 1267 3207 1320 τῶν
3238 1266 3623 1336 βεϐουλευμένων
3640 1267 3729 1337 ³ηδῦ-

2257 1376 2419 1413 ναντο
2451 1360 2659 1423 ἀνύειν,
2689 1358 2792 1422 τὰς
2825 1359 3080 1422 τοιαύτας
3131 1358 3448 1428 ὑποσχέσεις
3480 1358 3647 1427 ψόφους
3670 1374 3731 1410 κερ

2256 1452 2383 1513 νοὺς
2412 1449 2626 1503 ἐκείνου
2649 1448 3032 1519 λογισομένου,
3052 1450 3140 1518 ἐφ’
3163 1450 3352 1519 ἑτέραν
3378 1432 3633 1519 ἐτράποντο
3652 1450 3732 1502 ἐπι·

2258 1535 2477 1606 ϐουλήν.
2521 1536 2629 1589 Καὶ
2674 1536 3098 1608 Μαυρομμάτην
3155 1540 3281 1593 τινὰ
3329 1540 3390 1592 ἐκ
3429 1538 3733 1606 Φιλαδελςείες

2258 1627 2407 1693 ὅντα,
2447 1626 2505 1691 ὃς
2535 1627 2643 1681 ὑπὸ
2667 1627 3128 1695 Καντακουζηνοῦ
3167 1630 3261 1682 τοῦ
3291 1614 3537 1699 βασιλέως
3552 1630 3736 1698 προσετέα

578 1730 961 1795 imperatorem
997 1730 1261 1791 perpetuo
1304 1726 1732 1783 assectarentur,
1776 1716 1873 1773 sed
1922 1725 1982 1771 ut
2025 1731 2153 1771 cum

2277 1735 2430 1772 :ax-ro
2456 1718 2556 1789 τὴν
2610 1717 2734 1772 καθ’
2761 1720 2980 1790 ἡμέραν
3019 1720 3131 1773 τῶν
3170 1720 3477 1791 ἐπιτηδείων
3512 1720 3666 1790 χρείαν
3685 1719 3735 1789 τῷ

578 1821 627 1869 ei
667 1809 938 1883 quantum
990 1810 1183 1864 liceret
1236 1809 1485 1863 subsidio
1536 1808 1790 1871 fuissent,
1817 1806 2038 1858 domum
2066 1820 2155 1859 re-

579 1913 845 1958 mearent.
874 1901 1031 1955 Nunc
1074 1915 1182 1953 non
1209 1914 1399 1968 parum
1430 1898 1523 1952 diu
1552 1906 1695 1952 totos
1726 1897 1937 1951 scilicet
1964 1894 2155 1950 decem

485 2041 497 2051 .
582 2009 799 2050 menses
830 1994 884 2047 in
922 1991 1039 2046 solo
1079 1991 1330 2046 Romano
1358 1990 1602 2046 haesisse.
1633 1988 1789 2055 Quod
1836 1988 1880 2043 si
1910 2001 2006 2042 eos
2031 1987 2158 2042 diu-

582 2090 692 2142 tius
732 2089 972 2142 retinere
1006 2096 1318 2148 conaretur,
1349 2070 1417 2137 nc
1433 2083 1898 2152 obtemperarent,
1926 2078 2162 2133 ulterio-

582 2194 808 2249 remque
868 2192 1076 2234 moram
1138 2176 1308 2229 litere
1383 2180 1792 2228 aversarentur.
1871 2171 2157 2225 Amurium

581 2273 784 2342 quippe
810 2272 1067 2327 statuisse
1095 2268 1284 2323 tandiu
1316 2267 1406 2321 hic
1430 2265 1575 2336 apud
1602 2266 1995 2334 imperatorem
2024 2277 2158 2333 per-

579 2380 860 2428 severare,
881 2362 1063 2432 quoad
1093 2375 1218 2415 eum
1245 2359 1505 2413 hostibus
1535 2357 1873 2427 superiorem
1891 2354 2161 2418 eﬂ‘eeerit,

586 2464 644 2508 et
669 2457 726 2508 in
761 2455 863 2509 hoc
886 2455 1003 2509 solo
1050 2453 1278 2505 multam
1316 2464 1505 2505 curam
1561 2462 1906 2511 consumere,
1929 2446 2161 2501 salutem

588 2561 843 2599 suorumx
888 2545 1127 2599 militum
1186 2542 1555 2611 laborumque
1616 2540 1947 2594 levationem
2025 2535 2165 2591 nihil

586 2639 742 2708 pensi
786 2638 1012 2691 habere.
1048 2634 1105 2688 Si
1142 2635 1433 2704 penuriam
1490 2632 1716 2686 navium
1761 2629 1964 2698 quibus
2006 2628 2059 2680 in
2095 2625 2168 2681 Α-

588 2730 722 2781 siam
765 2726 1037 2797 trajiciant
1064 2722 1350 2786 obtendat,
1376 2735 1435 2776 se
1466 2720 1587 2774 illos
1607 2733 1681 2797 ex,
1710 2719 1812 2772 ista
1845 2715 2168 2771 diﬂicultate

588 2796 1012 2887 explicaturum,
1054 2813 1314 2884 Byzantio
1363 2810 1571 2866 ete’nim
1621 2796 1934 2877 complures
1974 2805 2167 2868 affore,

587 2911 789 2979 quibus
813 2923 963 2962 mare
994 2907 1386 2960 transmittant.
1422 2901 1499 2956 Ad
1530 2903 1648 2957 haec
1676 2901 1905 2971 gratiam
1939 2898 2045 2952 illis
2074 2898 2171 2951 ha-

2271 1810 2484 1881 ’Λμοὺρ
2536 1810 2915 1880 ἀποπληροῦν,
2945 1811 3136 1865 τοῦτον
3169 1812 3235 1883 δὴ
3271 1811 3478 1865 ἔπεισαν
3498 1812 3739 1880 ὑποσχέσεσι

2260 1902 2529 1971 μεγάλαις
2557 1901 2658 1971 τὴν
2691 1902 2923 1971 Περσῶν
2967 1904 3236 1974 στρατιὰν
3270 1904 3450 1976 τρόπῳ
3480 1905 3536 1973 δή
3557 1920 3643 1956 rw:
3665 1904 3739 1955 πεί-

2258 1990 2374 2044 θειν
2405 1992 2708 2061 ἀναχωρεῖν
2736 1992 2875 2062 πρὸς
2908 1991 3009 2063 τὴν
3037 1992 3271 2050 οἰκείαν.
3315 1991 3382 2047 '0
3410 1992 3480 2056 δέ,
3504 1994 3592 2065 ήδη
3612 1992 3743 2063 ἐπιτή-

2257 2077 2404 2140 δειός
2451 2095 2510 2131 τε
2550 2074 2690 2132 εἶναι
2753 2081 2994 2150 Πέρσαις
3022 2081 3202 2136 δοκῶν
3250 2082 3337 2135 διά
3373 2083 3462 2152 τὴν
3487 2083 3739 2154 ὑπηρεσίαν,

2259 2169 2438 2232 ἄλλως
2492 2169 2542 2222 θ’
2569 2171 2652 2223 ὅτι
2701 2172 2796 2224 καὶ
2857 2174 3116 2242 περσιστὶ
3187 2174 3567 2244 διαλεγόμενος,
3608 2173 3740 2235 εὔνους

2261 2259 2448 2322 αὐτοῖς
2466 2259 2660 2325 ἐδόκει,
2719 2261 3122 2332 στοχαζόμενος
3187 2264 3265 2329 ὡς
3327 2266 3556 2335 ἄχθοιντο
3592 2267 3658 2319 διά
3682 2266 3748 2334 τὴν

2262 2350 2491 2419 χρονίαν
2531 2349 2640 2403 τῶν
2688 2351 2881 2405 οἰκιῶν
2923 2353 3260 2424 ἀποδημίαν,
3325 2357 3635 2410 συνεϐούλευε
3672 2357 3748 2418 τοῖς

2262 2441 2591 2510 ἡγουμένοις
2653 2442 2894 2512 μάλιστα
2959 2447 3071 2507 τοῖς
3135 2449 3426 2516 στρατιᾶς,
3503 2449 3637 2510 ὡςοῦ
3668 2447 3750 2499 δέον

2264 2529 2409 2582 οὓτω
2434 2530 2688 2585 τοσοῦτον
2718 2533 2906 2602 χρόνον
2961 2534 3340 2607 ταλαιπωρεῖν
3382 2537 3471 2590 ἐπὶ
3515 2538 3602 2607 τῆς
3626 2537 3751 2607 ξένης,

2266 2621 2657 2701 ἀμελήσαντας
2695 2625 2806 2677 τῶν
2832 2613 2997 2691 οίκοι,
3028 2626 3146 2678 ἀλλ’
3191 2628 3309 2697 ἅμα
3358 2630 3549 2692 πάντας
3585 2629 3754 2699 προσελ-

2269 2711 2461 2776 θόντας
2488 2713 2583 2783 τῷ
2615 2713 2829 2784 ’Δμοὺρ
2876 2710 3088 2769 δεῖσθαι
3116 2719 3254 2789 περὶ
3286 2719 3541 2774 ’ἐπανόδου
3561 2736 3577 2753 ο
3609 2719 3757 2790 ἰσχυρί-

2269 2801 2461 2865 ζεσθαι
2488 2820 2547 2856 τε
2576 2804 2655 2869 ὡς
2693 2806 2880 2860 οὐκέτι
2899 2808 3136 2864 δύναιντ’
3179 2809 3252 2864 ἂν
3290 2813 3382 2866 ἐπὶ
3407 2814 3503 2882 τῆς
3532 2811 3659 2882 ξένης
3680 2813 3757 2864 δισ-

2268 2895 2499 2965 τρίόειν,
2538 2897 2648 2950 τῶν
2699 2898 2838 2953 οἴκοι
2889 2902 3128 2971 μάλιστα
3187 2902 3500 2973 ἐπιμελείας
3538 2904 3755 2974 δεομένην.

591 3000 787 3059 bitutn,
830 3006 883 3050 et
914 2996 1203 3066 pecuniam
1237 3005 1615 3066 quantnopus
1648 2995 1718 3045 sit
1757 2989 2165 3058 suppeditatum

2277 2985 2345 3037 οὐ
2378 2987 2489 3057 γὰρ
2522 2989 2614 3040 ἐπὶ
2639 2988 2850 3053 τούτοις
2876 2992 3113 3048 ἐνταῦθα
3146 2997 3476 3066 ἀφικέσθαι,
3503 2997 3619 3051 ὥστε
3644 2997 3758 3066 μέχρι

591 3091 683 3143 iri.
717 3090 779 3143 lli
798 3099 955 3142 erant
989 3088 1241 3142 hortatus
1278 3085 1707 3148 Maurommatis,
1734 3084 1827 3153 qui
1860 3097 1960 3135 nec
1991 3082 2165 3136 Persi:

2277 3078 2477 3139 παντὸς
2520 3082 2764 3136 συνεῖναι
2816 3061 3215 3152 saansaan"
3246 3061 3762 3160 ἐπιμαχησαντσςδσον

591 3181 980 3248 displiCebant.
1041 3180 1207 3250 578
1275 3179 1353 3230 Ad
1416 3185 1688 3245 satrapam
1768 3174 1935 3244 igitur
2010 3188 2173 3226 suum

593 3271 817 3334 adeunt,
874 3283 1039 3338 super
1084 3271 1266 3324 reditu
1315 3281 1416 3321 suo
1462 3265 1931 3335 quemadmodum
1964 3280 1995 3318 a
2028 3264 2172 3318 Mau-

595 3369 863 3415 rommate
912 3361 1093 3415 edocti
1135 3362 1377 3423 fuerant,
1415 3359 1583 3411 verba
1639 3356 1867 3411 faciunt.
1913 3355 2176 3410 Amurius

597 3452 873 3522 principio
901 3467 969 3507 eo
998 3466 1253 3508 sermone
1287 3449 1642 3504 vehementer
1669 3449 2086 3518 obstupescere,
2117 3458 2176 3503 et

596 3542 809 3606 mirari,
835 3543 929 3610 qtti
954 3541 1056 3597 ista
1086 3556 1182 3597 eos
1203 3539 1460 3611 cogitatio
1491 3540 1769 3594 subiisset.
1792 3539 1998 3595 Deinde
2037 3537 2174 3594 eniti

599 3642 658 3687 ut
683 3634 804 3688 illos
833 3634 898 3687 ad
930 3637 1319 3704 imperatorem
1360 3646 1524 3701 porro
1553 3630 1922 3703 adjuvandum
1971 3630 2176 3684 retine-

596 3733 679 3777 ret
710 3741 725 3777 :
755 3723 1116 3778 necessariam
1174 3724 1322 3778 enim
1383 3737 1575 3777 eorum
1628 3737 1751 3778 esse
1802 3722 2172 3791 praesentiam,

596 3814 691 3883 qui
722 3815 768 3869 si
805 3815 1152 3882 recesserint,
1180 3830 1276 3885 per
1296 3831 1434 3884 quos
1461 3806 1733 3885 praecipue
1761 3814 2172 3879 defenderetur,

499 3940 505 3947 -
600 3906 785 3960 hostes
821 3920 947 3959 mox
990 3906 1279 3960 confertim
1334 3908 1598 3976 impetum
1651 3907 1707 3961 in
1752 3921 1878 3962 eum
1912 3905 2173 3960 facturos.

599 3996 704 4050 Sed
735 3996 840 4050 hoc
870 4005 986 4051 erat
1018 3997 1249 4052 nebulas
1278 3997 1670 4061 diverberare;
1715 3999 1891 4067 palam
1939 4011 2176 4066 namque

600 4084 1019 4153 proﬁtebantur,
1055 4086 1159 4139 nisi
1201 4100 1327 4140 cum
1361 4086 1494 4154 ipsis
1517 4087 1748 4154 patriam
1797 4095 2090 4155 repeteret,
2117 4100 2177 4140 se

2275 3168 2511 3234 εξεστινι
2549 3168 2707 3236 αὖθις
2744 3174 3128 3247 ἀναστρέφειν.
3176 3168 3317 3234 Νυνὶ
3363 3180 3418 3234 δὲ
3473 3178 3593 3234 εἶναι
3627 3180 3676 3231 οὐ
3700 3194 3765 3247 με·

2274 3258 2429 3329 τρίαν
2461 3260 2558 3330 τὴν
2576 3261 2862 3331 διατριϐὴν
2883 3266 2974 3345 ἐπὶ
2989 3265 3124 3319 δέκα
3168 3272 3337 3338 μησὶν
3364 3269 3420 3322 ἐν
3446 3270 3507 3338 τῇ
3545 3264 3764 3335 Ῥωμαίων

2276 3352 2646 3420 γεγενημένην
2677 3364 2692 3382 ⁸
2723 3353 2789 3423 ἢν
2818 3354 3133 3429 δ’ἐπιχειρῇ
3158 3362 3254 3413 καὶ
3283 3357 3458 3425 αὖθις,
3483 3358 3678 3428 lacent,
3700 3370 3767 3407 κε·

2273 3439 2476 3507 τέκεινρ
2524 3441 2642 3495 ἀλλ’
2674 3443 2832 3513 ὖμεῖς
2861 3447 2935 3517 μὴ
2962 3448 3241 3514 πείθεσθε,
3288 3450 3404 3503 ἀλλ’
3423 3445 3764 3518 ἀπαγορεῦσαι

2277 3533 2530 3604 φανερῶς
2555 3535 2656 3606 τὴν
2688 3537 2952 3592 ἐπιπλέον
2972 3540 3287 3614 διατριϐήν.
3313 3540 3509 3613 ’Δμοὺρ
3534 3542 3627 3611 γὰρ
3646 3537 3769 3598 οὕτως

2274 3624 2534 3691 ἔγνωκεν,
2569 3627 2646 3691 ὡς
2671 3629 2912 3685 ἐνταῦθα
2973 3635 3342 3704 συνεσόμενος
3372 3634 3589 3705 βασιλεῖ,
3617 3631 3699 3688 ἕως
3726 3627 3770 3680 ἂν

2274 3716 2383 3768 τῶν
2410 3718 2687 3789 πολεμίων
2722 3715 3128 3797 παρασκευάσῇ
3162 3726 3560 3799 περιγενέσθαι,
3588 3723 3666 3778 καὶ
3684 3720 3773 3773 τοῦ·

2275 3824 2368 3860 του
2395 3809 2561 3876 μόνου
2592 3811 2794 3883 πολλὴν
2826 3817 3065 3869 ποιεῖται
3101 3819 3200 3888 τὴν
3251 3819 3523 3890 φροντίδα.
3556 3812 3773 3882 Σωτηρίας

2273 3899 2331 3953 δὲ
2363 3901 2517 3970 ὑμῶν
2551 3905 2647 3957 καὶ
2706 3906 2997 3978 ἀνακωχῆς
3052 3909 3160 3962 τῶν
3198 3911 3376 3964 πόνων
3432 3910 3580 3979 λόγος
3602 3904 3736 3965 οὔδείῖ
3762 3914 3773 3930 ⁵

2279 3988 2347 4042 ἂν
2373 3988 2431 4042 δὲ
2463 3993 2597 4043 νεῶν
2622 3993 2861 4063 ἀπορίαν
2908 3999 3326 4070 προφασίζηται
3384 4004 3439 4054 ἐν
3467 3994 3550 4060 αἷς
3567 3988 3776 4051 ἀποπλεύ-

2277 4097 2409 4150 σητε
2442 4085 2524 4146 εἷς
2558 4083 2769 4154 Ἀσίαν,
2800 4088 2909 4155 ἐγὼ
2943 4088 3073 4160 ὑμῖν
3101 4092 3200 4144 καὶ
3237 4092 3445 4163 ταύτην
3476 4091 3568 4161 την
3602 4083 3778 4154 ἀπορίαν

600 4174 920 4243 Byzantium
965 4175 1244 4244 profectos
1279 4175 1462 4244 (unde
1495 4177 1603 4246 jam
1631 4176 1973 4242 accepissent
2012 4176 2165 4231 tidem

2277 4170 2445 4226 λύσω.
2493 4172 2590 4229 Ἐκ
2626 4176 2925 4240 Βυζαντίου
2991 4182 3098 4253 γὰρ
3148 4183 3467 4238 ἐλεύσονται
3508 4178 3691 4241 πολλοὶ,
3733 4174 3774 4225 ἐν

603 4265 901 4332 publicam,
937 4280 1047 4334 quo
1110 4266 1291 4319 securi
1344 4267 1581 4335 essent)
1616 4266 1747 4320 inde
1775 4266 1829 4320 in
1866 4266 2165 4337 Bithyniam

2279 4260 2366 4327 αἷς
2400 4268 2801 4336 περαιώσεσθε,
2844 4271 2981 4343 πρὸς
3008 4273 3084 4343 τῷ
3115 4276 3212 4328 καὶ
3247 4276 3410 4347 χάριν
3438 4272 3657 4333 ἐκείνους
3682 4264 3777 4334 ὑμῖν

600 4356 898 4419 soluturos,
922 4363 1046 4423 post
1073 4370 1172 4424 per
1194 4355 1508 4426 Phrygiam,
1535 4363 1590 4409 et
1615 4349 1830 4410 Cariam
1866 4357 1921 4409 in
1966 4356 2165 4411 Ioniam

2282 4353 2479 4427 εἰδέναι
2511 4394 2527 4420 ,
2598 4359 2692 4411 καὶ
2740 4362 3001 4432 χρήματα
3072 4367 3456 4437 παρασχέσθαι
3529 4363 3615 4432 τῆς
3683 4359 3771 4410 ἀπ’

603 4456 885 4500 venturos.
917 4447 1239 4518 Interrogati
1263 4462 1500 4517 quonam
1533 4447 1615 4501 usi
1646 4447 1876 4513 arbitro,
1905 4463 2000 4503 seu
2022 4449 2165 4518 paci-

2288 4446 2604 4514 χωρήσειας.
2653 4449 2897 4505 Τοιαῦτα
2958 4470 3019 4507 τε
3073 4456 3306 4528 παρῄνει
3357 4457 3452 4511 καὶ
3472 4452 3654 4515 ἔπειθε,
3677 4444 3781 4502 κστᾶ

600 4532 827 4589 fleatore
859 4549 984 4588 cum
1020 4537 1297 4607 Byzantiis
1320 4536 1497 4592 fmdus
1525 4536 1880 4607 pepigissent,
1914 4539 2035 4607 ejus
2067 4552 2166 4592 no-

602 4639 724 4677 men
755 4640 813 4679 se
846 4626 1092 4681 edituros
1123 4638 1481 4697 negaverunt,
1524 4629 1745 4697 quando
1794 4629 1843 4682 ei
1893 4628 2165 4681 silentium

2277 4630 2659 4698 προσελθόντες
2687 4631 2915 4706 Ἀμοὺρ,
2946 4639 3075 4708 περὶ
3110 4639 3207 4709 τῆς
3239 4639 3496 4693 ἐπανόδου
3520 4634 3781 4700 διελέγοντο.

2278 4538 2510 4607 γνώμην
2537 4539 2667 4595 ὄντα
2695 4546 2792 4594 καὶ
2819 4544 3021 4609 αὐτοῖς.
3058 4516 3168 4599 Καί
3317 4547 3556 4618 σφετέρῳ
3584 4538 3779 4610 σατράη
3890 4516 3891 4559 ἰ

597 4717 923 4785 juraverint.
960 4718 1039 4770 Ad
1081 4718 1390 4786 quindenos
1450 4721 1673 4773 omnino
1705 4719 1823 4773 dies
1876 4721 2158 4779 Amurius,

601 4820 726 4859 cum
762 4807 944 4861 Persis
979 4808 1325 4862 continenter
1371 4816 1582 4880 agendo
1655 4812 2060 4880 laborandoque
2104 4826 2174 4865 ne

602 4894 658 4948 in
710 4895 893 4950 Asiam
942 4900 1269 4966 cogitarent,
1308 4902 1670 4968 consumpsit.
1702 4900 1805 4955 Ubi
1843 4914 1902 4954 se
1944 4899 2175 4954 mortuis

601 4979 986 5042 concinnatum
1012 4987 1167 5051 vidit,
1200 5003 1463 5058 perquam
1516 4990 1686 5045 tristis
1721 4991 2040 5061 imperatori
2060 5007 2176 5046 om-

601 5077 694 5130 nia
717 5079 991 5146 exposuit,
1023 5078 1196 5132 Deum
1215 5087 1446 5135 testatur
1476 5096 1534 5137 se
1560 5083 1783 5152 quidem
1805 5084 1871 5137 ad
1904 5084 2086 5153 ipsum
2110 5098 2175 5138 eo

485 5164 499 5179 ‘
579 5180 770 5235 .scopo
801 5170 1038 5233 venisse,
1058 5176 1120 5222 ut
1140 5178 1267 5224 ante
1291 5174 1501 5225 exitum
1532 5173 1659 5227 belli
1688 5173 1850 5241 hujus
1879 5173 1947 5227 ab
1972 5188 2040 5226 eo
2066 5188 2174 5226 non

599 5257 930 5323 discederet,
986 5273 1041 5315 et
1090 5277 1188 5317 eos
1244 5263 1538 5329 delegisse,
1575 5279 1713 5333 quos
1745 5266 1797 5317 in
1829 5264 2024 5332 primis
2050 5279 2178 5332 pro-

600 5356 723 5417 pter
752 5352 1059 5405 animorum
1091 5354 1144 5405 in
1176 5367 1235 5407 se
1267 5354 1693 5422 propensionem
1726 5353 1905 5408 cuivis
1933 5355 2177 5423 periculo

604 5454 767 5506 pares
791 5441 1007 5496 futuros
1029 5443 1377 5513 speravisset.
1413 5444 1570 5500 Nunc
1587 5460 1810 5514 prorsus
1832 5455 2022 5500 contra
2051 5461 2180 5501 eve-

604 5528 767 5583 nisse.
802 5532 1116 5597 Exercitum
1173 5536 1320 5590 enim
1373 5551 1402 5591 a
1435 5536 1796 5591 clandestinis
1848 5538 2176 5607 quibusdam

592 5614 965 5686 imperatricis
1018 5622 1326 5681 fautoribus
1389 5636 1733 5698 corruptum,
1760 5637 1817 5685 et
1859 5628 1927 5684 ad
1974 5629 2178 5697 patrias

2273 4718 2462 4791 ὥσπερ
2509 4723 2613 4775 ὑπὸ
2642 4726 3054 4797 Μαυρομμάτου
3113 4729 3493 4800 ἐδιδάχθησαν.
3528 4726 3704 4795 ’Δμοὺρ
3743 4717 3781 4770 δέ

2276 4811 2473 4880 πρῶτα
2524 4814 2625 4878 μὲν
2667 4813 3046 4886 ἐξεπέπληκτο
3099 4817 3295 4882 δεινῶς
3323 4821 3450 4882 τοὺς
3482 4818 3672 4884 λόγους,
3715 4807 3782 4861 καὶ

2279 4902 2590 4973 ἐθαύμαζεν
2616 4906 2738 4961 ὅθεν
2754 4908 2835 4972 είς
2846 4909 3070 4964 τοιαῦτα
3093 4912 3440 4981 προαχθεῖεν.
3469 4910 3673 4963 Ἔπειτα
3691 4903 3780 4955 ἐπ’

2277 4996 2446 5065 χείρει
2474 4998 2708 5065 πείθειν,
2748 4998 2825 5063 ὡς
2871 5001 2990 5054 δέον
3020 5002 3100 5056 ἔτι
3135 5004 3458 5074 περιμένειν
3498 4990 3781 5064 ἐπικουροὗό-

2277 5103 2373 5148 τας
2399 5086 2647 5156 βασιλεῖ’
2681 5091 2988 5156 ἀναγκαίαν
3035 5094 3144 5163 γὰρ
3185 5090 3330 5146 εἶναι
3376 5095 3475 5164 τὴν
3512 5089 3672 5145 αὐτῶν
3706 5098 3778 5134 ﬂ'

2283 5176 2525 5246 ρουσίαν,
2558 5179 2769 5232 πολλῶν
2806 5183 3012 5236 αὐτίκα
3056 5185 3491 5255 ἐπικεισομένων
3542 5177 3776 5247 πολεμίων

2279 5269 2344 5321 ἀν
2382 5270 2536 5322 αὐτοὶ
2568 5272 2913 5342 ἀναχωρῶσι,
2951 5277 3186 5343 μάλιστα
3211 5276 3282 5329 δι’
3309 5248 3506 5339 αὐτοὺς
3562 5263 3777 5343 ἀμυνομέ·

2279 5377 2410 5413 νων·
2446 5362 2576 5434 ἤνυε
2628 5364 2686 5416 δὲ
2724 5365 2897 5421 οὐδέν.
2937 5368 3185 5437 Ἔφασαν
3224 5371 3338 5439 γάρ
3395 5364 3702 5436 ἀναφανδὸν,
3727 5355 3777 5413 ὡς

2282 5455 2332 5504 εἰ
2375 5459 2448 5522 μὴ
2479 5455 2723 5525 βούλοιτο
2765 5459 2861 5512 σὺν
2894 5462 3081 5524 αὐτοῖς
3112 5465 3368 5539 κάκεῖνος
3398 5461 3581 5514 οἴκαδε
3620 5458 3779 5519 ἀναχυ·
3890 5476 3891 5539 η

2276 5548 2416 5613 ιρεῖνο
2471 5548 2588 5600 ἀλλ’
2638 5550 2795 5604 αὐτοὶ
2824 5553 2959 5621 πρὸς
2993 5552 3286 5617 Βυζάντιον
3331 5554 3591 5614 ἐλθόντεςσ
3622 5547 3777 5600 πίστεις

2282 5634 2388 5706 γὰρ
2450 5637 2636 5691 λαϐεῖν
2676 5643 2888 5695 ἐκεῖθεν
2945 5642 3039 5698 τοῦ
3101 5647 3172 5715 μὴ
3230 5642 3670 5712 ἐπιϐουλευθῆναι
3715 5621 3780 5684 ὑπ’
