3998 6204
638 283 778 350 10>ί9

1804 283 2130 345 JOANNIS
2170 282 2705 348 CANTACUZENI

3666 296 3770 353 11W

629 410 793 459 ceant
824 417 840 456 :
870 397 1099 471 reliquis
1133 395 1798 454 convenientcrlahorum
1835 396 2049 452 meritis
2074 412 2210 468 pra:-

2323 398 2449 453 σθαι
2477 402 2568 455 καὶ
2597 400 2754 464 δίκας
2780 402 3062 466 ἀπαιτεῖν,
3092 398 3224 456 ἀλλά
3253 399 3372 466 τούς
3403 396 3489 470 μὲν
3522 401 3684 465 αίτίους
3703 401 3772 472 τῆς

630 497 740 552 mia
779 493 1164 566 persolven'da,
1200 501 1347 548 utet
1375 490 1650 561 supplicio
1681 489 2060 559 improborum
2094 498 2209 544 ter-

630 597 770 654 reat,
803 597 860 642 et
882 585 1265 642 benelicentize
1295 583 1480 639 studio
1510 582 1648 638 alios
1675 586 1740 636 ad
1775 597 1832 637 se
1868 580 2207 652 diligendum

630 679 856 734 alliciat.
891 677 1155 732 Amurius
1183 675 1459 754 extempl-0
1483 682 1659 744 paret,
1687 682 1742 728 et
1778 673 1846 727 de
1879 671 2212 727 admonitio-

629 786 700 826 ne
728 770 1047 841 imperatori
1075 769 1277 839 gratias
1300 769 1432 838 agit,
1462 767 1671 836 legatos
1702 765 1768 819 ad
1803 764 2209 835 imperatricem

630 863 813 918 denuo
845 861 914 915 de
948 873 1082 930 pace
1112 869 1294 914 actum
1337 857 1528 912 mittit.
1561 856 1929 926 Apocauclius
1979 869 2212 926 magnus

629 951 743 1007 dux
789 960 846 1006 et
908 951 1132 1020 collegas
1157 949 1226 1004 de
1255 963 1391 1018 pace
1419 947 1584 1003 silent
1613 947 1858 1017 penitus,
1886 946 2214 1000 Amuriutn'

628 1060 738 1117 que
770 1045 1009 1114 primum
1062 1039 1498 1111 reprehendunt,
1529 1038 1677 1109 quod
1723 1048 1962 1108 satrapa,
1992 1046 2051 1092 et
2101 1045 2210 1091 tam

626 1146 845 1207 potens,
875 1143 1041 1203 atque
1072 1132 1217 1203 apud
1250 1131 1528 1186 Romanos
1553 1133 1708 1202 juxta
1743 1145 1808 1185 ac
1850 1129 2121 1185 barbaros
2155 1128 2211 1184 in

627 1238 778 1284 tanta
813 1226 1200 1289 admiratione,
1253 1224 1511 1294 mancipii
1547 1225 1722 1280 instar
1763 1223 2211 1279 Cantacuzenum

627 1331 914 1389 sequatur,
954 1316 1164 1373 tamdiu
1211 1317 1264 1370 in
1295 1316 1459 1371 terris
1495 1317 1801 1386 peregrinis
1843 1313 2032 1379 miser,
2062 1314 2213 1368 nullo

626 1411 800 1474 lucro,
835 1425 962 1464 cum
998 1407 1297 1480 ignominia
1327 1415 1514 1460 autem
1576 1421 1811 1470 summa,
1879 1419 2004 1476 quae
2054 1405 2212 1459 illum

627 1503 894 1558 scientem
921 1501 1310 1568 volentemque
1343 1498 1646 1568 cooperuit.
1685 1497 1806 1554 Jam
1838 1496 1972 1552 illud
2007 1495 2214 1567 turpis-

626 1593 830 1649 simum
875 1607 997 1647 esse
1060 1590 1225 1661 580
1259 1591 1408 1662 quod
1461 1600 1516 1646 et
1557 1590 1810 1646 satellitis
1847 1590 2028 1644 locum
2065 1587 2211 1659 apud

623 1689 1067 1745 Cantacuzenum
1105 1695 1292 1739 tenere
1318 1700 1426 1738 non
1447 1683 1758 1748 erubuerit,
1791 1683 1856 1738 ad
1889 1683 2048 1754 cujus
2071 1695 2214 1752 prai-

627 1781 830 1838 torium
859 1787 1026 1833 noctu
1066 1776 1371 1843 excubarit,
1397 1785 1455 1830 ut
1487 1777 1604 1845 ipse
1639 1775 1788 1830 omni
1820 1785 1966 1831 metu
2000 1776 2216 1830 solutus

590 1869 593 1880 ’
625 1880 905 1930 sterteret.
945 1871 1072 1926 Hac
1125 1868 1295 1940 igitur
1349 1868 1483 1924 tanti
1511 1868 1671 1938 plena
1717 1867 2009 1924 dedecoris
2034 1867 2080 1922 si
2109 1866 2214 1938 ipsi

625 1972 777 2036 grata
803 1963 936 2028 sint,
978 1977 1081 2016 nec
1106 1959 1237 2024 sibi,
1261 1959 1395 2032 quid
1422 1963 1476 2016 ei
1499 1959 1707 2016 fmdum
1743 1968 1910 2030 atque
1929 1959 2215 2030 indignum

625 2054 838 2111 accidat
869 2067 1016 2108 cura:
1045 2051 1319 2106 luturum.
1355 2051 1516 2107 Nunc
1549 2051 1593 2106 si
1629 2059 1738 2106 tam
1767 2051 1914 2122 longi
1946 2050 2216 2122 temporis

627 2144 682 2198 in
709 2152 900 2198 extero
932 2140 1052 2196 solo
1093 2141 1461 2196 incommodis
1493 2142 1747 2208 satiatus,
1786 2141 1856 2197 ad
1883 2141 2044 2198 sedes
2088 2155 2217 2196 suas

627 2230 828 2286 reverti
869 2231 1250 2301 concupiscat.
1289 2244 1350 2285 se
1397 2245 1620 2300 quoque
1655 2230 1836 2300 ipsum
1871 2231 1925 2285 in
1972 2231 2076 2286 hoc
2105 2245 2214 2285 non

626 2320 824 2387 leviter
875 2319 1192 2391 adjuturos.
1247 2319 1376 2375 Sive
1445 2321 1596 2376 enim
1650 2337 1748 2388 per
1799 2321 2110 2394 Bithyniam
2161 2331 2216 2378 et

625 2411 916 2483 Phrygiam
946 2411 1002 2465 in
1044 2411 1252 2466 Ioniam
1281 2411 1364 2466 ire
1406 2420 1584 2481 paret,
1613 2421 1790 2467 tututn
1823 2415 1930 2470 iter
1963 2430 2062 2484 per
2085 2412 2215 2470 ιιι-ι-

626 2502 963 2572 lespontutn,
995 2511 1090 2558 aut
1145 2517 1244 2572 per
1296 2499 1500 2557 fretum
1545 2503 1906 2575 Byzantinum
1935 2506 2214 2576 praestitu-

630 2607 752 2660 ros;
804 2595 920 2647 sive
979 2603 1126 2648 recta
1174 2593 1230 2646 in
1290 2607 1446 2646 suam
1483 2593 1824 2663 provinciam
1861 2594 2213 2666 abnavigare,

631 2685 887 2740 triremes
939 2697 996 2739 et
1049 2684 1155 2739 alia
1194 2683 1411 2754 navigia
1449 2683 1702 2752 daturos,
1742 2701 1865 2755 quas
1906 2686 2214 2742 exercitum

632 2776 944 2846 deportent.
979 2775 1043 2830 Et
1075 2775 1206 2846 quia
1243 2791 1470 2833 necesse
1500 2777 1720 2843 habeat,
1745 2779 1913 2834 etiam
1939 2778 2214 2850 stipendia

631 2867 748 2922 suis
776 2879 887 2922 tam
937 2868 1034 2923 diu
1067 2867 1337 2924 militibus
1381 2869 1614 2934 solvere,
1643 2879 1911 2940 quantum
1949 2871 2215 2926 debeatur

629 2959 944 3030 largiturus.
974 2959 1100 3015 llec
1127 2975 1357 3030 magnus
1383 2959 1494 3015 dux
1537 2961 1719 3030 legato
1767 2961 2074 3030 respondit.
2112 2961 2215 3017 Ve-

634 3052 1047 3108 rumenimvero
1101 3051 1374 3107 barbarus
1446 3053 1658 3108 domini
1722 3053 2210 3124 reprehensionem

635 3161 742 3198 non
786 3145 992 3208 ferens,
1042 3143 1316 3199 Videmini
1347 3143 1503 3208 mihi,
1539 3146 1741 3216 inquit,
1781 3155 1995 3200 tantum
2025 3147 2212 3204 odisse

634 3237 858 3301 multos,
883 3235 1115 3306 diligere
1142 3235 1438 3290 neminem.
1465 3235 1622 3302 Quod
1640 3237 1688 3292 si
1715 3253 1877 3294 secus
1900 3249 2067 3305 esset,
2099 3255 2210 3296 non

634 3328 710 3380 ita
739 3328 805 3380 ad
839 3326 1119 3381 machinas
1167 3335 1224 3382 et
1261 3326 1494 3381 insidias
1521 3338 1714 3384 contra
1759 3330 1949 3387 hostes
1994 3334 2215 3404 excogi-

635 3419 826 3474 tandas
867 3417 1109 3488 expediti
1143 3418 1366 3484 essetis,
1411 3417 1602 3489 lingua
1651 3421 1788 3492 largi
1821 3422 1888 3478 ad
1923 3434 2213 3481 contume—

628 3511 758 3577 lias,
785 3525 850 3564 ac
897 3510 944 3564 si
981 3507 1103 3563 ideo
1161 3523 1284 3562 eam
1329 3509 1708 3578 possideretis,
1745 3519 1802 3565 et
1833 3528 1998 3566 omne
2038 3530 2212 3584 genus

531 3633 558 3658 ο
631 3602 998 3672 nequitiarum
1047 3609 1388 3666 exercentes,
1446 3601 1747 3656 amicorum
1803 3613 1987 3659 autem
2022 3606 2208 3661 ollicia

629 3693 882 3750 l‘unditus
926 3692 1256 3747 nescientes.
1289 3692 1407 3746 Prze
1456 3693 1651 3746 horum
1688 3708 1883 3764 magna
1931 3696 2208 3766 imperitia

633 3788 916 3841 dominum
951 3800 1134 3839 meum
1169 3785 1246 3840 rei
1299 3785 1585 3856 cujusdam
1633 3786 1848 3842 servilis
1878 3797 1934 3842 cl
1965 3789 2210 3860 ingloria

629 3878 950 3943 accusastis,
979 3878 1124 3947 quod
1154 3877 1548 3947 imperatorem
1572 3885 1702 3956 ante
1733 3879 1850 3950 ejus
1885 3879 2212 3936 tabernacu-

630 3969 745 4028 lum
779 3968 1080 4032 excubans,
1133 3968 1203 4023 ah
1253 3968 1692 4034 insidiatorii.tis,
1723 3969 1818 4040 qui
1867 3972 2026 4026 multi
2051 3981 2210 4028 erant

628 4062 975 4126 custodierit,
995 4063 1175 4116 victus
1197 4059 1412 4114 Scilicet
1431 4076 1618 4116 amore
1646 4061 1815 4128 illius,
1845 4073 1900 4118 et
1919 4067 2208 4122 allectioue

628 4152 744 4206 sola
778 4151 1024 4206 omnium
1053 4148 1408 4203 allectionum
1440 4150 1866 4220 jucundissima,
1897 4164 1954 4210 et
1989 4155 2058 4211 ab
2086 4172 2209 4211 om-

630 4245 796 4299 nibus
820 4243 1129 4314 expetenda
1166 4241 1454 4297 subactus.
1490 4241 1851 4315 lnterrogaho
1885 4258 2073 4304 autem
2116 4267 2211 4308 vos

631 4346 754 4392 uter
784 4334 980 4390 melius
1028 4333 1098 4388 de
1137 4333 1360 4400 decoro,
1389 4343 1447 4390 et
1488 4333 1556 4390 de
1607 4337 1761 4406 justo
1807 4348 1863 4393 et
1905 4337 2210 4398 honoriﬁco

2319 491 2614 557 αὐθαδείας
2641 494 2843 567 μέτρια
2871 491 3147 561 κολάζειν,
3177 494 3264 547 ἵνα
3285 493 3356 564 μὴ
3379 494 3679 565 παράδειγμα
3697 497 3772 558 τοῖς

2311 581 2498 648 ἄλλοις
2523 585 2782 652 γίνωνται
2804 587 3219 656 ἀναισχυντίας,
3243 585 3364 650 τούς
3386 586 3438 639 δέ
3459 586 3642 650 λοιποὺς
3658 587 3772 650 ἀξίως

2316 674 2652 744 ἀμείϐεσθαι
2705 677 2813 730 τῶν
2861 678 3063 740 πόνων,
3121 678 3208 732 ἵνα
3231 673 3322 749 ντῇ
3382 694 3437 730 τε
3484 678 3665 730 κολάσει
3702 678 3772 730 τῶν

2313 766 2653 833 ἀγνωμόνων
2683 769 2917 840 ἐκφοϐῇ,
2947 769 3042 823 καὶ
3065 770 3130 838 τῇ
3165 768 3292 839 περὶ
3313 767 3407 830 τὰς
3425 769 3691 836 εὐεργεσίας
3712 787 3773 835 ct-

2313 854 2536 927 λοτιμίᾳ
2565 859 2703 929 πρὸς
2736 858 2953 914 εὖνοιαν
2991 859 3308 930 ἐφέλκηται.
3352 859 3407 914 ’0
3449 861 3535 922 μὲν
3573 855 3649 913 οὐν
3676 862 3775 913 lui-

2316 946 2438 1002 θετο
2465 949 2708 1017 αὐτίκα,
2763 952 2860 1005 καὶ
2907 953 3006 1020 τῆς
3056 952 3422 1024 παραινέσεως
3470 953 3775 1022 εὐχαριστήσας

2316 1036 2565 1106 βασιλέα,
2599 1041 2900 1112 πρεσϐείαν
2929 1041 3147 1114 ἔπεμπε
3179 1043 3310 1114 πρὸς
3347 1042 3588 1113 βασιλίδα,
3612 1047 3684 1096 καί
3705 1044 3774 1096 διε·

2316 1131 2506 1199 λέγετο
2539 1133 2669 1202 περὶ
2711 1133 2940 1204 είρήνης
2969 1130 3147 1199 αὖθις.
3199 1134 3518 1204 ’Δπόκαυχος
3545 1135 3632 1188 δέό
3660 1136 3776 1203 μέγας

2313 1221 2441 1288 δοὺξ
2500 1223 2644 1292 μετὰ
2679 1223 2790 1276 τῶν
2834 1225 3209 1294 συναρχόντων
3240 1224 3367 1294 περὶ
3403 1222 3492 1293 μὲν
3520 1227 3600 1293 τῆς
3626 1224 3777 1292 εἰρήνης

2315 1313 2510 1366 οὐδένα
2534 1313 2693 1382 λόγον
2735 1316 3088 1386 ἐποιήσαντο,
3126 1315 3267 1370 ἀλλὰ
3301 1315 3505 1387 πρῶτον
3529 1316 3608 1386 μὲν
3634 1317 3776 1367 ἐκείνου

2315 1405 2682 1477 κατηγόρουν,
2715 1407 2796 1460 ὅτι
2833 1407 3121 1477 σατράπης
3151 1407 3250 1472 ὢν,
3291 1409 3383 1461 καὶ
3420 1407 3619 1476 δύναμιν
3645 1407 3776 1458 rosci-

2315 1515 2419 1568 την
2446 1500 2808 1571 κεκτημένος,
2846 1503 2938 1554 καὶ
2971 1505 3126 1572 παρὰ
3161 1501 3438 1572 Ῥωμαίων
3465 1499 3548 1553 καὶ
3573 1499 3776 1570 βαρϐάρων

2316 1589 2630 1660 τιμώμενος
2686 1592 2985 1660 τοσοῦτον,
3042 1593 3239 1662 ὥσπερ
3301 1591 3601 1662 ἀνδράποδον
3652 1592 3810 1643 ἐπατοο

2319 1681 2784 1755 Καντακουζηνῷ,
2817 1685 3075 1738 τοσοῦτον
3121 1683 3313 1756 χρόνον
3357 1685 3444 1736 ἐπὶ
3491 1683 3623 1752 ξένης
3659 1681 3777 1734 ταλαι-

2244 1751 2291 1812 Β
2324 1772 2545 1844 πωρῶν,
2569 1751 2877 1845 ἐπὶ-κέρδει
2921 1775 3023 1845 μὲν
3055 1751 3258 1838 οὐδενὶ,
3291 1774 3467 1844 ἀδοξίᾳ
3493 1773 3545 1825 δὲ
3583 1751 3778 1840 ius“

2317 1866 2723 1939 περιϐέϐληκεν
2771 1869 2938 1922 αὐτὸν
2987 1868 3152 1927 ἐκών.
3199 1867 3274 1922 Ἰδ
3321 1869 3375 1923 δέ
3413 1868 3472 1938 δὴ
3510 1866 3778 1938 μέγιστονᾱι

2315 1959 2410 2012 καὶ
2458 1959 2764 2032 δορυφόρου
2815 1961 2978 2026 τάξιν.
3019 1962 3246 2032 ἐπέχειν
3299 1961 3394 2013 οὐκ
3443 1959 3651 2031 ᾐσχύνθη
3694 1955 3779 2024 uti;

2316 2052 2802 2123 Καντακουζηνδν,
2851 2053 2970 2108 ἀλλ’
2996 2055 3089 2107 ἐπὶ
3120 2055 3224 2126 τὴν
3252 2053 3458 2106 ἐκείνου
3491 2052 3662 2121 σκηνὴν
3681 2048 3781 2118 lyr}-

2318 2157 2501 2213 μενος,
2533 2143 2848 2216 ἁγρυπνοίη
2911 2143 3154 2215 νύκτωρ,
3209 2145 3287 2208 ὼς
3342 2145 3407 2198 ἂν
3453 2144 3631 2204 ἐκεῖνος
3667 2140 3779 2211 ῥέπῃ

2319 2233 2488 2304 μηδὶν
2519 2235 2877 2305 ὑφορώμενος
2900 2235 3097 2290 δεινόν.
3132 2234 3322 2290 Ταῦτα
3353 2235 3447 2307 μὲν
3471 2233 3556 2288 οὖν
3576 2233 3639 2295 εις
3659 2230 3780 2284 τοιοῦ-

2315 2340 2410 2376 τον
2439 2324 2662 2390 ἀδοξίας
2693 2325 2899 2394 ἄγοντα
2931 2326 3122 2392 αὐτὸν,
3159 2329 3210 2380 εί
3257 2327 3410 2396 φίλον
3437 2325 3608 2394 ἐκείνῳ
3631 2319 3780 2374 τοιαῦτα

2317 2415 2637 2484 ὑπομένειν.
2701 2417 2814 2472 οὐδ’
2837 2419 3024 2480 αὐτοῖς
3083 2419 3347 2489 μελήσειν
3390 2417 3510 2488 περὶ
3537 2414 3619 2484 τῆς
3641 2411 3781 2466 ἐκείνου

2318 2505 2551 2578 ὔΰρεως.
2586 2507 2727 2562 Νυνὶ
2754 2509 2813 2562 δέ
2849 2511 2900 2564 εί
2939 2510 3193 2580 ἀρκοῦσα
3228 2510 3406 2575 ἔδοξεν
3434 2511 3465 2580 ἠ
3491 2508 3573 2560 ἐπὶ
3606 2502 3781 2559 τοσοῦτον

2314 2601 2507 2671 χρόνον
2536 2601 2632 2654 ἐπὶ
2672 2605 2771 2672 τῆς
2808 2603 2968 2673 ξένης
3000 2603 3355 2674 ταλαιπωρία
3396 2603 3484 2656 καὶ
3510 2599 3652 2653 δέοιτο
3673 2598 3783 2648 ἐταν-

2316 2692 2491 2746 ελθεῖν
2517 2693 2654 2764 πρὸς
2681 2693 2780 2764 τὴν
2801 2695 3036 2759 οἰκείαν,
3071 2692 3433 2764 ξυλλήψεσθαι
3473 2691 3562 2744 οὐκ
3584 2689 3702 2754 ὀλίγα
3722 2684 3783 2735 ui

2317 2781 2541 2845 αὐτούς.
2571 2783 2697 2837 tam
2728 2785 2838 2854 γὰρ
2859 2785 3234 2848 διὰλΒιΘυνίας
3281 2787 3375 2840 καὶ
3407 2781 3616 2853 Φρυγίας
3639 2775 3784 2844 Win

2299 2891 2302 2894 ‘
2328 2873 2540 2929 Ἰωνίαν
2578 2875 2829 2945 βούλοιτο
2860 2875 3060 2940 ἐλθεῖν,
3097 2877 3233 2931 ἀδεᾶ
3265 2877 3357 2930 τὸν
3389 2877 3540 2946 πόρον
3569 2867 3784 2936 παρασχεῖν

2316 2967 2514 3031 αὐτοὺς
2543 2967 2637 3020 ἐπὶ
2673 2968 2766 3020 τὸν
2809 2967 3227 3038 Ἑλλήσποντον,
3257 2969 3292 3040 ἠ
3312 2969 3401 3020 τὸν
3426 2965 3552 3020 κατὰ
3575 2966 3624 3016 τὸ
3650 2958 3784 3021 893v-
3892 3043 3893 3046 η

2317 3075 2436 3111 τιον
2465 3057 2751 3130 πορθμόν
2806 3059 2918 3112 εἴτε
2967 3060 3132 3112 ναυσὶ
3191 3061 3329 3129 πρὸς
3366 3058 3460 3128 τὴν
3497 3054 3668 3110 οἰκείαν
3698 3054 3785 3103 ἀτο-

2317 3147 2575 3213 πλεῦσαι,
2631 3148 2886 3218 τριήρεις
2916 3147 3322 3219 παρασχέσθαι
3377 3152 3464 3202 καὶ
3505 3145 3615 3205 ναῦς
3658 3142 3786 3207 ἐτέρας

2317 3240 2419 3310 τὴν
2457 3241 2726 3311 στρατιὰν
2775 3241 3154 3311 δυνησομένας
3205 3240 3568 3308 ὐποδέξασθαι.
3613 3234 3785 3290 Ἑπιὶδὲ

2312 3333 2474 3403 Χρεία
2532 3333 2627 3387 καὶ
2666 3333 2972 3405 χρημάτων
3027 3333 3182 3405 αὐτῷ
3231 3334 3542 3405 ἀμείϐεσθαι
3587 3333 3687 3392 τοὺς
3728 3327 3784 3378 ἐπὶ

2312 3422 2569 3478 τοσοῦτον
2597 3425 2750 3495 αὐτῷ
2791 3425 2986 3496 χρόνον
3035 3427 3575 3497 συστρατευομένους,
3606 3418 3786 3490 παρέξειν

2316 3509 2418 3563 ὃσα
2443 3509 2480 3564 δ.
2512 3509 2788 3581 συμϐῶσι.
2824 3511 3065 3565 Τοιαῦτα
3111 3513 3212 3582 μὲν
3237 3516 3266 3566 ό
3299 3515 3463 3583 μέγας
3501 3510 3610 3576 δούξ
3631 3505 3788 3575 ἀτειρε-

2312 3618 2444 3654 νατο
2478 3603 2614 3672 πρὸς
2635 3601 2734 3671 τὴν
2764 3603 3082 3672 πρεσϐείαν.
3129 3605 3188 3658 Ὀ
3216 3603 3486 3676 βάρϐαρος
3510 3605 3560 3658 δὲ
3597 3601 3702 3673 πρὸς
3725 3599 3786 3667 τὴν

2315 3692 2458 3746 κατὰ
2484 3693 2579 3746 τοῦ
2615 3693 2882 3748 δεσπότου
2933 3698 3278 3768 κατηγορίαν
3324 3695 3618 3768 βουλόμενος
3645 3692 3787 3745 ἐνίπι-

2315 3786 2694 3852 σθαι,Δοκεῖτε
2729 3805 2844 3858 μοι,
2873 3787 3003 3856 ἔφη,
3024 3789 3276 3860 πολέμιοι
3305 3766 3460 3862 μόνον
3487 3785 3607 3843 slva:
3627 3785 3785 3842 πολλῶν

2313 3879 2457 3948 φίλοι
2488 3879 2544 3933 δὲ
2573 3880 2803 3944 οὐδενός.
2827 3883 2890 3934 Ei
2922 3881 3030 3953 γὰρ
3059 3883 3135 3954 μὴ
3173 3883 3334 3938 τοῦτο
3362 3879 3446 3955 ἦν,
3482 3883 3568 3936 οὐκ
3596 3881 3648 3933 ἂν
3671 3877 3787 3934 οὕτως

2312 3967 2410 4038 ἦτε
2447 3973 2673 4043 πόριμοι
2696 3975 2942 4044 μηχανὰς
2979 3975 3079 4044 μὲν
3107 3977 3201 4029 καὶ
3232 3975 3516 4039 ἐπιϐουλὰς
3537 3970 3788 4040 ἐξευρίσκειν

2315 4065 2456 4118 κατὰ
2480 4064 2589 4118 τῶν
2621 4065 2923 4134 πολεμίων,
2957 4070 3024 4137 τῇ
3061 4084 3120 4120 τε
3168 4068 3385 4139 γλώττῃ
3419 4072 3658 4138 χρώμενοι
3679 4063 3786 4128 ἄγει·

2318 4155 2426 4216 δῶς
2467 4155 2604 4226 πρὸς
2635 4155 2844 4226 ὕϐρεις.
2886 4155 3077 4228 ὥσπερ
3123 4159 3210 4213 διὰ
3258 4157 3414 4213 τοῦτο
3443 4156 3622 4226 ταύτην
3654 4165 3788 4216 κεκτη-

2315 4246 2494 4316 μένοι,
2529 4247 2624 4300 καὶ
2659 4248 2838 4300 πᾶσαν
2886 4247 3055 4318 ἀλλην
3107 4249 3534 4316 ἐπιδεικνύμενοι
3576 4240 3782 4309 πονηρίαν.
3884 4283 3885 4305 η

2311 4336 2420 4390 τῶν
2441 4336 2498 4389 δὲ
2528 4337 2701 4404 φίλοις
2728 4336 3116 4407 προσηκόντων
3139 4339 3492 4406 ἐπιστάμενοι
3511 4335 3654 4388 οὐδέν.
3676 4327 3785 4382 Ὅθεν

627 4428 828 4494 sensit,
853 4435 1071 4496 satrapa
1101 4425 1362 4481 dominus
1386 4441 1564 4493 meus,
1596 4428 1690 4498 qui
1722 4446 1790 4486 ex
1827 4433 2069 4487 amicitia
2091 4447 2207 4489 tan-

2313 4427 2418 4481 ὐπδ
2448 4430 2548 4498 τῆς
2586 4427 2727 4496 ἄγαν
2783 4429 2908 4500 περὶ
2961 4427 3134 4481 ταῦτα
3189 4429 3448 4498 ἀπειρίας
3480 4427 3565 4482 καὶ
3600 4418 3784 4488 eam:

631 4527 746 4572 tum
766 4533 865 4587 pro
887 4517 1220 4587 imperatore
1243 4517 1492 4572 laborem
1525 4530 1583 4575 et
1619 4519 1862 4578 dedecus
1889 4526 2206 4593 capessivit.

630 4622 690 4665 ut
721 4612 923 4674 dicitis,
949 4627 1016 4664 an
1049 4626 1146 4665 vos
1177 4612 1272 4680 qui
1301 4612 1682 4681 compluribus
1725 4624 1780 4669 et
1809 4616 2210 4672 excellentibus

629 4702 908 4757 beneﬂciis
933 4704 1002 4754 ab
1029 4716 1096 4754 eo
1121 4702 1328 4766 allecti,
1355 4703 1555 4758 deinde
1585 4707 1830 4760 omnium
1852 4707 2003 4762 velut
2024 4707 2206 4773 obliti,

627 4810 726 4865 per
752 4791 1170 4863 improbitatem
1215 4801 1270 4847 et
1300 4795 1500 4864 ingrati
1539 4797 1709 4852 animi
1747 4799 1963 4866 vitium,
2001 4800 2114 4856 imo
2150 4809 2208 4856 et

635 4905 734 4958 per
761 4887 1066 4943 calumnias
1106 4893 1164 4940 et
1197 4887 1584 4958 sycophantias
1639 4891 1847 4948 bellum
1899 4877 2218 4961 excitastis,‘

627 4981 772 5052 quod
799 4994 972 5050 usque
1005 4980 1171 5036 hodie
1203 4989 1284 5034 tot
1310 4980 1468 5036 malis
1496 4996 1594 5038 vos
1618 4986 1939 5052 cumulavit,
1961 4996 2014 5041 et
2033 5003 2208 5058 quan-

630 5084 745 5127 tum
785 5087 1050 5142 auguror,
1079 5071 1332 5142 pluribus
1361 5073 1688 5128 cumulabit.
1733 5075 1848 5131 Nec
1877 5077 1982 5132 hoc
2012 5079 2203 5134 saltem

628 5164 1086 5230 animadvertitis,
1111 5174 1170 5218 ut
1193 5165 1374 5221 insani
1401 5165 1674 5228 videlicet,
1709 5169 1986 5235 quomodo
2009 5185 2205 5226 carnes

628 5266 841 5313 vestras
869 5255 973 5326 ipsi
1019 5253 1318 5312 devoretis.
1351 5255 1432 5309 An
1466 5255 1675 5309 clarum
1725 5263 1832 5318 est,
1863 5257 2042 5325 ipsum
2077 5259 2204 5328 qni-

627 5349 758 5404 dem
825 5347 1126 5417 ingenuum
1213 5356 1273 5401 et
1347 5345 1786 5414 magnanimum,
1838 5349 2204 5418 gerendarque

629 5426 884 5493 amicitia:
909 5451 1022 5492 non
1052 5437 1367 5507 imperitum
1392 5436 1596 5490 imitari
1624 5437 1993 5502 voluisse,vos
2018 5450 2203 5493 autem

628 5531 1162 5601 improbissimorum
1196 5546 1259 5585 ac
1290 5531 1614 5586 stolidarum
1669 5545 1871 5596 mores,
1932 5540 1987 5584 et
2032 5547 2201 5588 unutn

601 5598 889 5702 \dunt‘axat
914 5639 1024 5678 non
1053 5623 1192 5678 male
1219 5623 1481 5689 scientes,
1513 5621 1736 5693 quosvis
1771 5637 2090 5694 oppugnare
2143 5633 2201 5678 et

624 5714 956 5783 interﬁcere,
987 5715 1121 5770 nulli
1156 5724 1336 5772 autem
1366 5717 1668 5784 prodesse?
1703 5716 1804 5774 llic
1832 5732 2062 5787 magnus
2090 5716 2199 5772 dux

2310 4518 2576 4570 δεσπότου
2609 4520 3031 4589 κατηγορήκατε
3076 4519 3319 4584 ἀδοξίαν.
3354 4521 3433 4575 (“ﬁt
3472 4522 3591 4588 πρὸς
3615 4519 3692 4586 τὴν
3719 4515 3787 4583 βε·
3882 4553 3883 4560 η

2311 4607 2506 4670 σιλέως
2561 4608 2772 4680 σκηνὴν
2826 4609 3032 4675 ἐλθὼν,
3093 4613 3204 4666 ἀπὺ
3258 4613 3368 4668 τῶν
3417 4608 3784 4666 ἐπιϐουλευόντων

2309 4700 2525 4753 πολλῶν
2555 4700 2724 4754 ὄντων
2757 4703 3058 4770 ἀγρυπνῶν
3097 4705 3423 4772 ἐφύλαττεν,
3472 4706 3563 4760 ὐπὸ
3591 4704 3668 4772 τῆς
3701 4697 3784 4764 περὶ

2306 4792 2540 4862 βασιλέα
2609 4795 2926 4863 ἡττώμενος
2971 4796 3212 4864 εὐνοίας,
3265 4798 3361 4850 καὶ
3393 4797 3544 4852 πάθει
3573 4795 3690 4864 μόνῳ
3713 4788 3782 4840 τῶν

2308 4885 2530 4939 πάντων
2562 4885 2750 4938 παθῶν
2779 4886 2980 4957 ἡδίστῳ
3007 4904 3065 4940 τε
3099 4889 3215 4958 ἅμα
3242 4891 3337 4941 καὶ
3363 4888 3573 4958 ζηλωτῴ
3598 4882 3781 4938 ﬁsticula-
3880 4877 3881 4915 ί

2310 4977 2494 5046 μένος.
2543 4976 2835 5046 Ἐρωτήσω
2881 4977 2938 5031 δέ
2992 4979 3156 5048 ὑμᾶς,
3185 4980 3268 5040 τίς
3321 4981 3519 5050 βέλτιον
3546 4978 3649 5046 περί
3674 4969 3775 5024 τετὸ

2308 5072 2589 5140 προσῆκον
2625 5071 2722 5123 καὶ
2749 5071 2809 5138 τδ
2837 5070 3049 5128 δίκαιον
3084 5073 3181 5124 καὶ
3217 5073 3354 5142 πρὸς
3383 5070 3661 5142 φιλοτιμίαν
3679 5063 3778 5117 ἔσσυο

2307 5164 2560 5230 λεύσατο,
2595 5165 2880 5236 σατράπης
2942 5167 2970 5218 ό
3017 5166 3145 5236 ἐμὸς
3200 5166 3484 5230 δεσπότης,
3530 5165 3583 5227 ὃς
3623 5165 3698 5229 τῆς
3729 5158 3776 5213 εἷς
3878 5149 3879 5221 ί

2305 5256 2536 5326 βασιλέα
2577 5259 2744 5312 ἕνεκα
2797 5255 2980 5327 φιλίας
3034 5257 3287 5310 τοσοῦτον
3343 5257 3509 5310 εἵλετο
3552 5253 3683 5306 πόνον
3718 5244 3774 5298 κει

2305 5349 2652 5414 ἁδοξίαν,,ὡς
2683 5349 2844 5417 ὑμεῖς
2873 5364 3033 5417 φατε,
3065 5349 3098 5418 ἢ
3141 5349 3300 5418 ὑμεῖς
3327 5349 3374 5400 oi
3403 5345 3594 5398 πολλῶν
3620 5339 3694 5393 καὶ
3713 5349 3775 5402 με·

2307 5441 2490 5509 γάλων
2552 5440 2987 5504 ἀπολελαυκότες
3048 5440 3312 5510 βασιλέως
3362 5433 3772 5509 εὐεργετημάτων
3876 5445 3877 5472 1

2307 5535 2500 5587 ἔπειτα
2549 5533 2769 5587 πάντων
2822 5531 3013 5601 ὥσπερ
3057 5530 3481 5599 ἐπιλελησμένοι,
3523 5527 3605 5578 καὶ
3636 5517 3772 5579 πολλὴν

2311 5623 2709 5694 ἐπιδειξάμενοι
2747 5607 3142 5693 ἀγνωμοσύνην
3171 5624 3262 5675 καὶ
3309 5617 3624 5690 ἀχαριστίαν,
3649 5604 3772 5661 6min.-

2310 5719 2428 5781 λαῐς
2481 5715 2822 5788 χρησάμενοι
2877 5714 2971 5768 καὶ
3034 5715 3430 5783 συκοφαντίαις,
3472 5709 3552 5762 τὸν
3607 5700 3773 5762 πόλεμον

3844 5549 3876 6071 1
