3998 6204
631 331 764 390 11θί

1819 326 2139 387 JOANNIS
2179 323 2704 389 CANTACUZENI

3646 330 3747 390 110i

627 453 731 495 ret.
763 440 931 494 Nocte
968 439 1022 492 in
1048 438 1170 492 vico
1201 438 1418 493 deserto
1450 437 1638 505 paucis
1664 435 1841 491 adhuc
1872 437 2194 489 \‘ictniarum

2172 451 2194 488 ιι
2232 439 2280 494 Α
2309 435 2417 487 τῶν
2443 437 2690 506 Περσῶν,
2716 435 2972 499 ἐϐάδιζεν
3002 434 3080 498 εἰς
3106 432 3486 503 Κουμουτζηνά,
3526 434 3596 488 διὰ
3614 436 3660 489 τδ
3682 457 3751 508 μη.

630 532 917 602 parietinis
964 529 1308 584 exstantibus
1371 536 1711 583 manserunt.
1782 527 1983 582 Eadem
2037 535 2199 581 nocte

629 625 919 678 Persarum
948 621 1193 690 peditum
1228 636 1419 674 manus
1455 637 1520 675 ex
1550 619 1676 674 Asia
1704 619 1768 671 ad
1798 618 1987 672 eadem
2013 617 2199 671 littora

573 741 576 744 ι
632 710 1004 780 populationis
1035 725 1166 778 ergo
1217 710 1535 778 appellitur.
1591 708 1950 778 Egredientes
1996 707 2060 760 ad
2110 723 2202 760 cu-

631 801 864 854 stodiam
913 803 1132 854 navium
1170 812 1434 854 centenos
1467 800 1806 869 relinquunt,
1854 799 1944 852 alii
1978 799 2201 853 circiter

633 891 782 943 mille
831 901 1044 956 raptum
1088 890 1317 943 vadunt.
1372 891 1512 943 Cum
1555 905 1622 944 eo
1661 888 2077 960 processissent,
2109 885 2200 940 ubi

637 984 932 1048 imperatur
972 981 1347 1049 pernoctabat,
1383 981 1502 1035 foco
1537 982 1818 1035 luculento
1856 981 2042 1049 procul
2075 994 2206 1033 con-

631 1081 840 1140 specto,
881 1074 1110 1140 prepius
1158 1072 1224 1126 ad
1265 1073 1445 1127 locum
1478 1074 1831 1142 pededentim
1878 1083 1933 1128 et
1989 1087 2204 1126 summo

632 1163 874 1218 silentio.
912 1171 970 1214 ut
1002 1164 1262 1226 laterent,
1293 1164 1584 1228 accedunt,
1618 1174 1956 1234 speculatum
2004 1163 2202 1217 videli-

633 1263 741 1314 Cct,
777 1254 1002 1328 quintam
1051 1254 1117 1306 ad
1171 1270 1358 1323 pyram
1409 1255 1555 1308 illam
1609 1256 1870 1309 mortales
1900 1265 2105 1319 essent,
2147 1255 2202 1308 id

631 1343 780 1412 quod
811 1345 911 1412 ipsi
945 1353 1134 1411 postea
1159 1351 1544 1396 narraverunt.
1577 1344 1643 1398 Et
1669 1360 1797 1398 ecce
1827 1345 2018 1398 vident
2044 1359 2205 1398 exer-

633 1436 835 1496 citum,
893 1449 1014 1497 suo,
1070 1442 1129 1486 ut
1177 1436 1462 1501 putabant,
1519 1435 1690 1488 multo
1741 1435 2202 1489 numerosiorem.

633 1525 787 1578 Illico
817 1507 1010 1577 timore
1044 1523 1447 1593 corripiuntur,
1492 1541 1560 1579 ne
1595 1525 1703 1579 illis
1755 1534 1904 1579 tanto
1956 1525 2206 1595 pluribus

637 1629 751 1670 rem
808 1614 1199 1679 sentientibus,
1257 1630 1381 1667 cum
1433 1615 1537 1684 ipsi
1598 1615 1666 1669 ad
1709 1617 2070 1670 resistendum
2125 1615 2207 1668 in-

636 1705 777 1758 ﬁrmi
809 1714 1016 1769 essent,
1056 1704 1182 1758 victi
1211 1705 1655 1760 conciderentur.
1684 1707 1814 1760 Post
1852 1707 1944 1760 ubi
1978 1722 2036 1761 se
2066 1722 2204 1760 non-

635 1797 765 1850 dum
787 1796 985 1850 sentiri
1010 1797 1542 1864 animadverterunt,
1562 1799 1964 1868 quadripartito
1989 1799 2206 1867 agmine

634 1889 836 1942 castris
872 1889 1252 1950 circumdatis,
1302 1887 1548 1958 undique
1593 1890 1659 1944 de
1704 1891 2007 1959 improviso
2053 1892 2104 1942 in
2145 1889 2207 1942 il-

637 1979 722 2033 Ios
779 1996 992 2034 trruere
1043 1981 1409 2036 constituunt.
1451 1981 1760 2036 Credebant
1806 1982 1952 2034 enim
2000 1982 2208 2050 impetu

633 2069 920 2138 inopinato
965 2077 1388 2134 consternatos,
1437 2071 1691 2139 quamvis
1744 2070 1930 2139 plures
1982 2069 2205 2136 forent,

636 2171 1012 2230 superaturos.
1079 2157 1302 2213 Barbari
1350 2159 1519 2229 igitur
1587 2160 1875 2214 consilium
1940 2159 2212 2229 explican-

643 2262 746 2316 tes,
779 2261 959 2305 castra
993 2251 1245 2321 cingunt,
1281 2251 1347 2304 ad
1400 2251 1691 2305 invadendi
1726 2252 1954 2328 signum.
1986 2252 2205 2306 intenti.

635 2343 706 2396 At
739 2357 868 2396 vero
916 2342 1028 2394 dux
1073 2342 1354 2403 arbitrari,
1398 2357 1531 2396 ‘cum
1581 2344 1747 2396 tantis
1778 2343 1950 2412 copiis
1983 2358 2088 2396 non
2131 2343 2207 2397 ita

640 2446 848 2489 temere
878 2435 1278 2499 dimicandum,
1310 2434 1529 2504 quando
1553 2449 1652 2489 nec
1677 2435 1846 2500 unde,
1867 2450 1971 2488 nec
1991 2445 2208 2504 quanta:

639 2523 856 2580 tandem
907 2527 1039 2592 sint,
1072 2527 1203 2580 satis
1247 2534 1481 2580 constet.
1522 2527 1667 2580 Duos
1724 2526 1790 2579 ad
1836 2528 2206 2596 propinquum

642 2628 697 2671 et
743 2627 933 2670 notum
986 2617 1096 2672 illis
1145 2616 1350 2670 fontem
1401 2626 1658 2686 aquatum
1711 2617 1898 2684 mittit,
1935 2617 2207 2686 simulque

637 2708 867 2762 mandat
911 2715 970 2762 ut
995 2726 1023 2761 e
1050 2708 1246 2761 castris
1280 2708 1543 2776 aliquem,
1579 2708 1621 2760 si
1662 2708 1897 2777 possint,
1929 2709 2205 2778 captivum

637 2797 934 2860 adducant,
979 2812 1045 2850 ex
1080 2812 1189 2865 quo
1237 2798 1373 2850 certi
1419 2796 1699 2866 quippiam
1750 2797 1817 2850 de
1868 2816 1932 2850 co
1960 2799 2206 2854 exercitu

637 2889 980 2958 cxsoulpaut.
1014 2887 1200 2940 Militis
1227 2887 1513 2954 cujusdam
1555 2890 1808 2942 servulus
1848 2887 1916 2953 ad
1947 2888 2206 2943 haurien-

637 2980 768 3032 dum
816 2978 1051 3040 aet-edit,
1103 2978 1320 3031 barbari
1360 2988 1585 3047 propter
1634 2979 1838 3034 fontem
1886 2980 1939 3032 in
1987 2981 2206 3034 insidiis

2236 1765 2283 1823 B

2311 526 2504 594 δεμίαν
2534 529 2588 578 ἐν
2621 526 2698 595 τῷ
2725 526 2927 595 μεταξὺ
2977 525 3244 594 πολεμίων
3277 523 3565 578 ὑποπτεύειν
3604 527 3752 592 ἔξοδον.

2322 617 2478 668 Ἐπεὶ
2500 618 2554 670 δὲ
2589 618 2881 684 ἐπεγένετο
2925 618 2958 687 ἡ
2986 617 3099 680 νὺξ,
3134 615 3411 684 ηὐλίσαντο
3441 616 3624 669 ἐπίτινι
3644 618 3755 688 κώμη

2308 705 2572 776 ἀοικήτῳ,
2596 706 2828 774 λείψανα.
2861 705 2959 774 τῆς
2992 706 3223 775 ἀρχαίας
3254 706 3505 765 συνοικίας
3533 705 3654 772 ὀλίγα
3674 710 3756 760 τινὰ

2309 795 2529 867 ἐχούσῃ.
2583 795 2787 861 Συνέϐη
2818 794 2873 846 δέ
2899 793 2998 863 τῆς
3027 795 3190 860 αὐτῆς
3222 793 3403 856 νυκτὸς
3425 796 3642 864 στρατιὰν
3661 797 3755 865 Περ·

2310 885 2419 937 σῶν
2465 885 2639 954 πεζὴν
2681 883 2806 954 ἀρτι
2867 885 3263 955 περαιωθεῖσαν
3313 885 3372 936 ἐκ
3423 884 3512 951 τῆς
3539 884 3756 947 Ἀσίαςὺιὶ

2309 972 2480 1041 λείαν,
2512 977 2627 1038 τοῖς
2666 975 2789 1029 ἐκεῖ
2839 977 3102 1042 αἰγιαλοῖς
3136 977 3402 1046 προσχεῖν·
3448 974 3675 1029 ἀποϐᾶσαν
3703 977 3756 1040 δὲ,

2308 1067 2400 1118 ἐπὶ
2433 1066 2534 1135 μὲν
2569 1066 2680 1120 τῶν
2718 1067 2852 1119 νεῶν
2875 1067 2976 1136 τὴν
3001 1065 3249 1134 φυλακὴν
3303 1065 3478 1118 ἐκατδν
3506 1066 3756 1130 καταλιπεῖν,

2305 1160 2436 1220 τοὺς
2469 1159 2786 1221 ἐπιλοίπους
2813 1159 2868 1211 δέ
2898 1159 3056 1222 ὄντας
3088 1159 3217 1226 περὶ
3247 1158 3462 1229 χιλίους,
3496 1158 3573 1209 ἐπί
3614 1158 3685 1228 τὴν
3699 1159 3758 1210 λε.

2306 1251 2538 1320 ηλασίαν
2593 1250 2850 1315 ἐξελθεῖν
2887 1251 3214 1320 γενομένους
3266 1248 3320 1301 δέ
3370 1247 3486 1300 ἔνθα
3528 1247 3760 1316 ηὐλίζετοὸ

2308 1340 2581 1407 βασιλεὺς,
2641 1345 2733 1393 καὶ
2784 1339 3068 1410 πόρρωθεν
3094 1337 3344 1408 ἡμμένην
3394 1338 3550 1407 πυρὰν
3605 1336 3760 1397 idem,

2309 1433 2486 1484 ἐλθεῖν
2515 1434 2606 1484 ἐπὶ
2641 1433 2700 1484 τὸ
2721 1433 2941 1502 χωρίον,
2994 1434 3176 1485 πᾶσαν
3211 1431 3545 1497 ποιουμένους
3578 1429 3761 1500 πρόνοια.

2306 1523 2663 1593 ἀγνοηθῆναι,
2704 1524 2842 1576 ὥστε
2879 1523 3348 1590 κατασκέψασθαι,
3399 1523 3573 1584 οἵτινες
3630 1517 3761 1573 εἰενοξ

2309 1615 2584 1684 χρώμενοι
2614 1616 2808 1684 ἐκείνῳ
2833 1614 2911 1684 τῷ
2940 1614 3093 1683 πυρὶ,
3117 1613 3258 1666 οὕτω
3273 1613 3376 1682 γὰρ
3404 1612 3544 1664 αὐτοὶ
3563 1612 3763 1682 διηγοῦντο

2313 1705 2561 1772 ὕστερον.
2599 1706 2750 1757 Ἐπεὶ
2794 1705 2851 1757 δὲ
2905 1706 3154 1772 ἐγένοντο
3208 1706 3386 1772 ἐγγὺς,
3438 1703 3650 1774 στρατιὰν
3682 1703 3763 1754 tta-.-

2313 1798 2510 1866 πλήθει
2543 1798 2946 1867 ὑπερέχουσαν,
2977 1797 3052 1860 ὡς
3071 1796 3249 1861 ἔδοξεν
3283 1796 3450 1850 αὐτῶν
3473 1795 3604 1849 πολύ.
3648 1795 3762 1854 Erilli;

2313 1889 2416 1957 μὲν
2448 1888 2542 1942 οὖν
2565 1890 2732 1959 εἰσῄει
2752 1889 2868 1949 δέος
2899 1889 2973 1958 μὴ
3003 1887 3348 1958 αἰσθομένοις
3395 1890 3554 1948 αὐτοῖς
3575 1886 3763 1941 τοσούτοις

2309 1979 2481 2043 οῦσιν,
2507 1980 2604 2050 οὐχ
2656 1973 2759 2032 οἷοί
2788 1997 2844 2032 τε
2869 1973 3001 2032 ὦσιν
3027 1982 3324 2048 ἀντισχεῖν,
3367 1978 3488 2031 ἀλλὰ
3521 1975 3765 2045 διαφθαρῶσι

2311 2070 2694 2139 κρατηθέντες.
2751 2071 2982 2124 Ἔπειτα
3042 2071 3117 2132 ὼς
3159 2071 3445 2141 ᾐσθάνοντο
3486 2067 3764 2135 ἀγνοηθένιες.

2309 2163 2698 2216 ἐϐουλεύσαντο
2745 2161 3044 2231 διελόμενοι
3079 2162 3319 2231 τετραχῆ
3349 2163 3434 2212 καὶ
3486 2155 3766 2228 περιελθόντες

2310 2254 2371 2307 τὸ
2398 2253 2777 2323 στρατόπεδον,
2813 2250 3176 2321 προσϐάλλειν
3193 2251 3598 2320 ,ἀπροσδοκήτοις
3633 2261 3769 2297 πανταο

2309 2344 2487 2416 χὸθεν.
2523 2345 2784 2415 Οίηθῆναι
2811 2344 2920 2413 γάρ
2959 2343 3047 2396 διὰ
3069 2343 3128 2396 τδ
3165 2342 3550 2412 ἀπροσδόκητον
3574 2335 3769 2402 actuali;-

2311 2437 2509 2502 ξαντας
2533 2436 2920 2507 περιγενέσθαι
2944 2437 3038 2488 καὶ
3067 2434 3328 2488 πλειόνων
3355 2433 3529 2486 ὅντων.
3559 2433 3608 2483 οι
3628 2427 3768 2499 βάρϐα-

2313 2548 2396 2602 ροι
2435 2531 2534 2600 μέν
2593 2526 2685 2582 οὖν
2730 2529 2947 2580 ἐποίουν
3001 2526 3142 2580 κατά
3193 2526 3261 2578 τά
3316 2523 3675 2596 βεϐουλευμένα,
3713 2519 3770 2569 χαί

2310 2621 2707 2692 περιεκάθηντο
2733 2621 2794 2673 τὸ
2822 2621 3208 2691 στρατοπεδον,
3235 2619 3574 2687 ἀναμένοντες
3620 2613 3664 2664 τὸ
3687 2611 3769 2660 σύν-

2309 2713 2480 2782 θημα.
2505 2713 2594 2782 Τῷ
2620 2712 3016 2782 στρατηγοῦντι
3067 2712 3122 2765 δέ
3184 2710 3364 2764 αὐτῶν
3420 2710 3570 2762 ἐδόκει
3598 2708 3657 2776 μὴ
3683 2704 3771 2771 πρὸς

2305 2805 2575 2873 τοσαύτην
2608 2804 2888 2873 στρατιὰν,
2911 2803 3052 2855 οὕτω
3092 2800 3510 2856 διακινδυνεύειν
3538 2795 3770 2864 ἀγνοοῦντα.

2305 2895 2428 2964 ὅθεν
2450 2910 2509 2946 τε
2543 2895 2629 2963 εἴη
2665 2893 2756 2945 καὶ
2799 2894 2890 2946 τὸν
2925 2893 3182 2963 ἀριθμὸν,
3241 2895 3335 2947 καὶ
3380 2892 3578 2960 πέμψας
3606 2889 3677 2940 δύο
3706 2886 3773 2937 τῶν

2308 2987 2600 3056 βαρϐάρων
2629 2985 2763 3054 πρὸς
2801 2983 2862 3036 τὸ
2896 2984 3040 3054 ὕδωρ
3095 2984 3321 3054 (ᾔδεσαν
3372 2985 3474 3054 γὰρ
3521 2982 3655 3035 οὖσαν
3698 2979 3775 3028 ἐκεῖ

640 3072 878 3122 latentes
920 3070 985 3120 ad
1034 3082 1159 3120 eum
1209 3068 1502 3120 tenendum
1530 3066 1688 3137 583
1719 3068 2030 3136 prosiliunt.
2080 3068 2198 3134 Quo

2193 3090 2198 3118 ν
2229 3090 2272 3150 ο
2301 3074 2530 3146 πηγὴν),
2560 3075 2808 3129 ἐκέλευον
2836 3076 2882 3127 εἰ
2903 3073 3149 3127 δύναιντο
3176 3078 3288 3128 τῶν
3313 3077 3373 3127 ἐκ
3395 3073 3481 3126 τοῦ
3506 3067 3772 3138 στρατοπέδω

640 3157 768 3225 fuga
800 3157 1010 3223 elapso,
1046 3156 1173 3209 duci
1222 3156 1365 3224 quod
1415 3157 1714 3218 acciderat,
1757 3164 1816 3208 ut
1842 3157 1952 3225 jam
1995 3157 2201 3226 proditi

640 3253 970 3300 memorant.
1003 3245 1141 3299 Tum
1171 3261 1300 3299 vero
1331 3245 1583 3300 barbaris
1610 3247 1798 3301 multis
1820 3248 2074 3317 partibus
2107 3266 2204 3302 nu-

638 3349 795 3388 mero
849 3333 1208 3402 superiores,
1261 3343 1316 3386 et
1378 3334 1495 3387 solo
1551 3346 1774 3403 aspectu
1830 3334 2202 3390 formidabiles

641 3433 1048 3494 apparuerunt.
1076 3424 1256 3489 Quare
1284 3425 1446 3478 etiam
1487 3439 1832 3494 nequaquam
1867 3424 2205 3482 adoriundos

636 3516 978 3581 sentiebant,
1007 3515 1137 3569 boni
1172 3515 1501 3579 consulturi,
1537 3516 1583 3568 si
1629 3515 1758 3569 inde
1801 3529 2028 3585 corpora
2063 3518 2204 3572 inte-

541 3649 547 3656 .
637 3624 730 3676 gra
787 3608 1093 3662 auferrent.
1155 3606 1342 3676 Itaque
1389 3608 1527 3660 nihil
1583 3617 1936 3673 attentantes,
1988 3609 2200 3663 abitum

636 3700 1009 3754 Romanorum
1054 3700 1467 3767 exspectabant.
1510 3699 1811 3767 Imperator
1858 3701 2101 3754 caculam
2141 3701 2204 3755 il-

635 3789 751 3844 lum
805 3802 954 3847 metu
1004 3791 1298 3848 attonitum
1348 3800 1753 3856 occurrentem,
1797 3798 1853 3844 et
1899 3805 2007 3860 quo
2042 3798 2202 3859 pacto

637 3883 785 3952 apud
833 3883 1040 3937 fontem
1091 3885 1271 3953 ipsum
1305 3884 1527 3952 quidam
1561 3882 1794 3938 insecuti
1838 3892 2024 3938 essent
2057 3883 2201 3938 refe-

636 3981 873 4038 tentem,
921 3973 1393 4041 alﬁrmantemque
1432 3973 1625 4028 Persas
1672 3989 1829 4038 esse,
1885 3985 1943 4029 ut
1987 3987 2201 4046 speetro

638 4061 827 4129 aliquo
871 4064 1202 4131 exagitatum
1245 4063 1476 4124 dimisit,
1517 4063 1714 4132 jubens
1747 4064 1858 4118 Deo
1905 4067 2203 4122 matutinos

639 4151 876 4222 hymnos
921 4153 1246 4221 depromere
1277 4153 1412 4222 (50),
1445 4153 1718 4221 siquidem
1744 4154 1854 4224 jam
1898 4155 2204 4214 dilucesce-

640 4243 756 4296 bat.
807 4243 880 4297 lis
914 4245 1178 4298 absolutis
1223 4259 1398 4313 equos
1432 4246 1833 4309 conscendunt,
1869 4248 1992 4303 loco
2037 4266 2200 4306 exce-

639 4335 798 4397 dunt,
825 4335 1026 4404 quibus
1061 4335 1215 4388 malis
1248 4335 1478 4404 proximi
1511 4334 1741 4390 fuissent
1787 4351 2014 4406 prorsus
2048 4339 2202 4409 igno—

2306 3165 2715 3234 συλλαμϐάνειν
2789 3165 2930 3230 τινὰ,
2986 3165 3128 3217 ὥστε
3191 3164 3322 3234 παρ’
3347 3165 3500 3218 αὐτοῦ
3545 3181 3588 3214 τι
3632 3161 3776 3229 βέϐαιον

2303 3273 2432 3324 περι
2451 3256 2546 3325 τῆς
2575 3257 2827 3324 στρατιᾶς
2842 3255 3053 3325 μαθεῖν.
3072 3257 3135 3308 Ol
3158 3257 3262 3324 μὲν
3287 3254 3380 3310 οὖν
3394 3255 3551 3315 οὕτως
3569 3254 3776 3322 ἐνήδρευον

2304 3348 2439 3413 πρὸς
2465 3349 2528 3417 τῇ
2549 3351 2720 3417 πηγῇ·
2739 3347 2950 3400 παιδίου
2971 3347 3027 3400 δὲ
3054 3347 3171 3410 ἐνὸς
3191 3347 3304 3401 τῶν
3355 3347 3550 3418 βασιλεῖ
3579 3344 3774 3399 συνόντων

2304 3437 2546 3500 ἐλθόντος
2569 3439 2661 3488 ἐπὶ
2689 3438 2751 3490 τὸ
2769 3437 3099 3506 ἀρύσασθαι,
3118 3438 3393 3508 ὥρμησαν
3417 3439 3510 3506 μέν
3526 3436 3568 3487 ol
3589 3430 3776 3505 βάρϐαρα

2304 3531 2624 3602 κατασχεῖν.
2651 3529 2741 3600 Μὴ
2767 3529 3087 3599 δυνηθέντες
3115 3529 3172 3582 δέ
3204 3531 3294 3585 διά
3322 3530 3382 3583 τὸ
3411 3527 3658 3598 διαδράναι
3681 3523 3776 3592 φυγῇ

2304 3622 2681 3692 χρησάμενον,
2729 3621 2866 3689 πρὸς
2898 3619 2987 3671 τὸν
3036 3623 3347 3690 στρατηγὸν
3395 3619 3632 3677 ἐλθόντες,
3656 3614 3779 3676 ἀπῆγε

2304 3712 2495 3779 γελλον
2527 3712 2586 3762 τὸ
2611 3709 2824 3779 συμϐἀν
2857 3709 2932 3772 ὡς
2960 3709 3063 3780 ἤδη
3091 3710 3458 3781 ἐγνωσμένον.
3503 3709 3614 3770 Τοῖς
3640 3702 3780 3776 βαρϐά-

2306 3817 2419 3871 ροις
2471 3799 2528 3852 δὲ
2577 3801 2700 3851 τότε
2753 3799 2954 3870 μᾶλλον
3009 3800 3189 3864 ἔδοξεν
3227 3804 3260 3870 ὴ
3291 3801 3511 3872 στρατιά
3553 3797 3708 3867 πλήθει
3741 3808 3778 3842 τε

2303 3892 2484 3945 αὐτῶν
2515 3890 2862 3961 ὑπερέχουσα
2915 3890 3100 3962 πολλῷ
3142 3893 3241 3946 καὶ
3293 3892 3402 3947 ἀπὸ
3444 3893 3598 3963 μόνης
3638 3885 3781 3957 φοϐερά

2301 3983 2399 4054 τῆς
2436 3982 2636 4054 ὅψεως,
2685 3982 2826 4036 ὥστε
2866 3985 2962 4038 καὶ
3013 3985 3396 4052 ἀπεγίνωσκον
3443 3986 3500 4036 τὺ
3531 3985 3608 4036 διὰ
3654 3980 3780 4048 μάχης

2303 4078 2486 4139 αὐτοῖς
2507 4077 2667 4141 ἰέναι,
2687 4077 2970 4146 ἀγαπητὸν
2991 4076 3288 4146 ἡγούμενοι
3311 4077 3378 4130 ἂν
3399 4076 3593 4130 ἐκεῖθεν
3614 4068 3779 4127 ἀπαθεῖς

2303 4168 2492 4221 κακῶν
2521 4166 2908 4235 ἀπαλλαγῶσι,
2939 4171 3036 4220 καὶ
3059 4167 3358 4237 ἡσύχαζον,
3387 4169 3480 4235 τὴν
3511 4162 3780 4232 ἀναχώρησιν

2303 4261 2692 4328 περιμένοντες
2747 4262 2844 4329 τῆς
2891 4262 3169 4332 στρατιᾶς.
3221 4262 3482 4324 Βασιλεὺς
3525 4260 3578 4313 δέ
3618 4254 3713 4309 ἐπεὶ
3744 4249 3782 4302 εδ

2305 4350 2520 4402 παιδίον
2559 4350 2828 4420 τεθορυϐη
2838 4353 2995 4420 μένον
3025 4351 3178 4406 ἐλθὸν
3207 4353 3564 4423 ἀπήγγελλεν,
3597 4348 3660 4410 ὡς
3686 4342 3794 4413 πρδς·

641 4435 843 4479 rantes.
880 4425 1034 4478 Ilaud
1070 4427 1304 4479 multum
1356 4429 1629 4495 progressi
1666 4428 1961 4481 tumultum
1995 4430 2202 4484 clamo-

2201 4466 2202 4471 η
2234 4409 2276 4463 D
2307 4445 2376 4513 τῇ
2410 4448 2562 4514 πηγῇ
2601 4409 2851 4498 atoma};
2875 4445 2982 4498 ὑπό
3009 4463 3194 4512 τινων,
3238 4409 3453 4517 Πέρσας
3495 4409 3780 4504 δέστούςδίὼ·

642 4531 841 4584 resque
871 4515 1160 4570 Persarum
1189 4533 1218 4570 e
1247 4517 1503 4572 tentoriis
1541 4518 1865 4573 exaudiunt.
1898 4520 2202 4590 Imperator

640 4605 707 4658 de
733 4607 994 4660 comitatu
1041 4622 1141 4660 suo
1187 4608 1327 4662 duos
1361 4610 1552 4664 Persas
1601 4612 1791 4678 mittit,
1834 4611 1929 4680 qui
1977 4617 2202 4682 pr0pius

641 4696 836 4763 pedem
870 4696 1070 4760 ferant,
1098 4708 1152 4749 et
1177 4699 1399 4766 quinam
1427 4702 1558 4766 sint,
1592 4715 1658 4756 ex
1687 4703 1820 4772 Ipsis
1845 4715 2199 4772 cognoscant.

640 4776 754 4840 Illis
784 4789 834 4839 in
869 4786 969 4841 bos
1003 4789 1442 4856 incurrentibus,
1479 4793 1618 4846 alter
1650 4796 1886 4863 capitur,
1919 4797 2058 4850 alter
2089 4799 2207 4851 vul-

643 4887 872 4931 neratus
899 4877 1062 4944 redit,
1099 4893 1163 4932 ac
1201 4880 1424 4934 nuntiat
1462 4884 1870 4939 multitudinem
1912 4902 2032 4941 esse
2078 4887 2209 4941 Pcr-

640 4983 751 5031 sas,
783 4977 840 5022 et
869 4968 1093 5038 quidem
1126 4983 1401 5040 magnam,
1435 4973 1582 5041 quod
1613 4975 2205 5043 neseissent.Barbari,

640 5075 764 5112 cum
818 5059 886 5114 de
931 5060 1148 5128 captivo
1197 5061 1525 5117 didicissent
1582 5063 2029 5121 Cantacuzenum
2093 5070 2205 5126 illic

640 5151 1034 5221 quinquaginta
1083 5153 1347 5208 duntaxat
1379 5153 1650 5210 militibus
1700 5155 1963 5226 stipatum
2007 5158 2201 5226 fuisse,

2311 4550 2504 4594 κοντας
2549 4531 2688 4587 εἶναι
2731 4535 3002 4605 οἰηθῆναι,
3034 4537 3095 4589 τὸ
3126 4537 3227 4606 μὲν
3264 4538 3608 4608 ἀπεπέμψατο
3635 4536 3692 4596 ὡς
3715 4531 3784 4584 ὑπὸ

2313 4626 2596 4693 φάσματος
2630 4642 2772 4690 τινος
2830 4628 3304 4698 ἐκπεπληγμένον.
3365 4631 3596 4683 Ἑκέλευε
3629 4627 3673 4679 δὲ
3698 4621 3782 4682 τοὺς

2313 4716 2571 4780 ἑωθινοὺς
2621 4715 2824 4785 ὕμνους
2857 4717 3016 4787 ᾄδειν
3048 4718 3186 4788 Θεῷ,
3217 4720 3324 4790 ήδη
3357 4721 3463 4791 γὰρ
3497 4720 3612 4787 περί
3646 4715 3783 4784 ὄρθρον

2307 4803 2376 4877 ἦν
2407 4809 2439 4876 ἡ
2471 4807 2588 4872 νύξ.
2635 4808 2789 4862 Ἐπεὶ
2837 4808 2894 4860 δὲ
2942 4811 3138 4862 ἐκεῖνοι
3180 4811 3482 4877 ἐτελοῦντο,
3526 4812 3620 4863 τῶν
3656 4808 3780 4859 {nam

2307 4893 2596 4958 ἐπιϐάντες
2627 4893 2936 4966 ἀνεχώρουν
2979 4896 3074 4949 τοῦ
3102 4901 3329 4968 χωρίου,
3363 4900 3522 4970 μηδὲν
3551 4898 3644 4951 τῶν
3679 4907 3782 4958 περι·

2307 4983 2542 5050 σχόντων
2586 4983 2770 5035 κακῶν
2806 4984 3031 5047 εἰδότες.
3076 4985 3216 5055 Ἤδη
3249 4985 3306 5039 δὲ
3343 4988 3490 5048 ὄντες
3515 4984 3572 5035 ού
3604 4979 3776 5052 μακρὰν.

2305 5071 2541 5139 θορύϐου
2561 5072 2759 5140 ἢκουον
2787 5075 2880 5126 καὶ
2897 5074 3214 5144 ἀλαλαγμοῦ
3237 5076 3458 5145 Περσῶν
3483 5074 3560 5142 ἐφ’
3579 5066 3632 5124 οὗ
3649 5072 3782 5134 mw

2302 5163 2493 5215 τοπεδε
2503 5162 2656 5215 ύοντο
2679 5163 2901 5232 χωρίου.
2928 5163 3190 5230 Βασιλεὺς
3209 5167 3265 5222 δὲ
3289 5164 3506 5236 πέμψας
3525 5165 3634 5222 τοὺς
3652 5156 3780 5210 συνόν-

1896 5299 2110 5359 Jacobi
2149 5301 2412 5364 Pontani
2441 5311 2627 5365 notia.

720 5418 830 5490 (30)
879 5416 1154 5490 Nusquam
1197 5419 1372 5473 minor
1423 5419 1583 5490 hodie
1613 5458 1630 5485 ,
1691 5435 1850 5490 quam
1908 5421 1960 5474 in
2009 5425 2204 5479 castris

642 5487 864 5558 pietatis
903 5487 1140 5558 ducitur,
1169 5491 1304 5541 ratio
1336 5505 1348 5539 :
1385 5503 1484 5558 nec
1512 5489 1679 5542 ullum
1709 5487 1872 5558 'peu-e
1899 5506 2070 5558 genus
2101 5494 2200 5547 ho-

643 5557 848 5608 minum
897 5559 1079 5633 minus
1119 5557 1287 5610 Deum
1320 5557 1486 5626 colit,
1537 5567 1632 5611 aut
1684 5557 1918 5633 gravius
1946 5564 2197 5624 oII'endit,

641 5639 802 5690 quam
839 5625 1058 5677 milites.
1474 5625 1477 5626 ⁷
1687 5625 1710 5633 τ
2164 5668 2175 5678 .

718 5690 890 5743 Nulla
921 5694 1046 5744 ﬁdes
1073 5697 1342 5763 pietasque
1363 5697 1505 5763 viris,
1541 5698 1630 5764 qui
1675 5707 1847 5751 castra
1884 5710 2191 5768 sequuntur.

2311 5427 2380 5481 At
2411 5428 2540 5500 olim
2571 5428 2772 5500 dabant
2798 5445 3014 5500 operam
3055 5434 3238 5496 duces.
3272 5442 3329 5487 ut
3383 5430 3644 5500 caelestem
3671 5431 3777 5500 “Ml

2309 5499 2562 5564 precibus
2593 5497 2914 5568 imploraret
2945 5514 3235 5567 exercitus,
3287 5512 3342 5557 et
3379 5514 3581 5554 omnem
3606 5497 3779 5568 vietor}?

2306 5581 2460 5633 spem
2495 5568 2544 5620 in
2577 5565 2693 5643 Deo
2720 5583 2966 5643 poneret.
3003 5587 3109 5624 non
3137 5573 3188 5625 in
3221 5565 3423 5643 'viribus
3457 5565 3777 5643 etaruiissulh

2303 5650 2412 5703 quo
2451 5640 2726 5706 pertinent
2751 5640 2912 5693 etiam
2940 5643 3120 5710 hymni
3145 5642 3411 5696 matutini.
