3998 6204
243 325 387 391 1105

1388 326 1931 390 ΗΙΞΤΟΒΙᾹΒΠΜ
1967 331 2201 392 LIBER
2243 334 2362 396 ΙΙΙ.

3346 341 3479 406 1106

235 459 338 504 τας
365 439 460 494 δύο
500 410 743 511 Πέρσας.
774 441 996 496 ἐκέλευε
1040 438 1268 511 πλησίον
1301 440 1626 511 γενομένους
1672 459 1807 513 μαν-

1917 443 2386 516 obstupescentes,
2417 448 2603 504 divina
2625 464 2752 505 eum
2776 458 3099 522 protegente
3124 452 3346 509 dextera
3372 467 3480 510 tam

234 533 446 597 θάνειν,
484 531 682 595 οῖτινες
729 528 843 585 εἶεν
904 529 1038 605 παρ’
1069 532 1273 587 αὐτῶν.
1314 532 1434 586 Τῶν
1482 533 1540 586 δὲ
1578 533 1804 604 ἐπιδρα-

237 625 471 691 μόντων,
501 624 530 675 ι
555 622 744 692 ιτιρος
775 622 877 692 μὲν
921 622 1065 677 ιάλω
1116 622 1225 676 τῶν
1261 623 1620 693 πεμφθέντων
1634 606 1660 654 ὀ
1692 626 1720 677 ό
1751 624 1809 677 δι

233 713 426 775 λοιπὸς
473 713 1016 783 τετραυματισμένος
1066 713 1403 779 επανελθὼν,
1457 715 1808 785 ἀπήγγελλεν

232 805 316 867 ὡς
349 805 437 874 εἴη
468 805 697 874 στρατια
729 802 952 873 Περσῶν
989 804 1181 874 πολλὴ,
1206 806 1545 877 ἀγνοουμένη
1582 808 1675 860 ὑπ’
1715 807 1811 861 αύ-

222 893 372 947 .·τῶν·
411 896 461 947 οί
504 895 602 963 μέν
651 911 733 947 τοι
769 894 1040 965 βάρϐαροι
1088 896 1240 965 παρὰ
1287 895 1385 950 τοῦ
1440 898 1809 968 κρατηθέντος

236 984 484 1051 γνόντες,
516 985 591 1047 ὡς
623 984 711 1049 εῐη
756 983 1013 1053 βασιλεὺς
1045 987 1074 1037 ό
1108 984 1564 1056 Καντακουζηνδς
1609 993 1808 1060 πεντη-

234 1093 408 1130 κοντα
446 1076 639 1143 μόνους
669 1073 820 1143 ἄγων
843 1077 1209 1145 στρατιώτας.
1248 1076 1639 1145 ἐξεπλήττοιιτό
1663 1097 1720 1132 τε
1748 1080 1810 1134 τὸ

232 1166 632 1236 γεγενημένον,
655 1166 752 1218 καὶ
781 1166 915 1218 Θεὸν
940 1163 1112 1235 ᾤοντο
1135 1168 1300 1221 αὑτοῦ
1330 1170 1487 1238 χεῖρα
1518 1169 1809 1241 ὑπερέχειν

235 1258 338 1311 καὶ
394 1255 621 1327 ῥύεσθαι
663 1254 805 1308 οὕτω
836 1256 1103 1309 κινδᾶνων
1133 1257 1409 1326 χαλεπῶν.
1452 1258 1714 1322 Βασιλεὺς
1750 1257 1809 1312 δὲ

234 1347 397 1402 οὐδὲν
454 1348 614 1401 πλέον
675 1349 871 1416 μαθεῖν
922 1349 1304 1418 δεδυνημένος,
1350 1351 1384 1422 ἢ
1436 1353 1518 1406 ὅτι
1564 1352 1810 1425 Περσικὴ

234 1442 475 1513 στρατιὰ
502 1444 537 1514 ἡ
569 1442 876 1496 ἐπελθοῦσα
929 1438 1023 1513 ἦν,
1064 1438 1229 1514 ἦλθεν
1281 1445 1362 1507 είς
1408 1445 1810 1514 Κουμουτζηνὰ

236 1534 380 1602 πρὸς
434 1534 524 1586 τδν
578 1535 715 1588 υίόν.
774 1533 885 1587 Καὶ
938 1535 1207 1604 ὁμιλήσας
1267 1534 1368 1588 ὅσα
1410 1534 1540 1599 ἔδει,
1598 1538 1805 1608 ταχέως

235 1623 649 1694 ἐπανέστρεψαν
701 1626 783 1687 είς
836 1625 899 1678 τδ
945 1626 1325 1695 στρατόπεδον.
1404 1627 1707 1682 Ἐπανιόντι
1750 1628 1808 1681 δὲ

234 1713 538 1782 ἠγγέλλετο
570 1713 644 1776 ὡς
675 1716 741 1767 ὲκ
770 1714 1067 1780 Βυζαντίου
1091 1715 1240 1784 ψιλοὶ
1268 1716 1485 1782 τοξόται
1512 1719 1572 1771 ιν
1609 1736 1807 1788 πεντη-

1909 536 2119 591 exitiali
2172 540 2422 608 periculo
2461 550 2713 611 ereptum
2770 555 3133 599 censuerunt.
3176 545 3483 615 Imperator

1909 643 2037 683 cum
2070 629 2196 699 plus
2239 632 2546 701 comperire
2583 647 2695 687 non
2741 633 3032 703 potuisset.
3073 651 3239 705 quam
3286 636 3483 694 Persas

1909 730 1967 774 et
2032 721 2322 791 pradones
2366 738 2511 790 esse,
2563 723 2905 781 Cumutzena
2957 728 3023 781 ad
3080 727 3253 781 [ilium
3306 730 3482 790 venit.

1909 827 2148 882 quocum
2184 830 2306 885 quae
2348 827 2566 886 tempus
2609 818 2867 873 monebat
2915 819 3251 885 collocutus,
3300 808 3483 876 castra

1909 918 2037 959 mox
2062 905 2305 975 repetiit.
2339 907 2398 962 In
2438 907 2638 963 itinere
2673 908 2881 964 certior
2927 909 3006 973 tit,
3045 910 3309 978 Byzantio
3336 911 3484 966 levis

1910 1003 2209 1051 armaturae
2254 998 2586 1067 sagittarios,
2630 998 2887 1055 Threicio
2933 1001 3192 1068 adjuncto
3235 1003 3480 1071 peditatu

1912 1086 1981 1140 ad
2026 1084 2347 1141 Asomatum
2397 1088 2683 1143 castellum
2731 1090 3155 1160 expugnandum
3212 1090 3484 1160 quinqua-

1910 1174 2064 1244 ginta
2146 1190 2430 1230 remorum
2511 1177 2777 1232 actuariis
2860 1189 3100 1247 quatuor
3174 1182 3478 1236 advenisse.

1910 1264 2114 1321 Statuit
2186 1266 2356 1335 igitur
2426 1266 2879 1323 Asomatensibus
2943 1284 3067 1322 cum
3132 1271 3249 1326 suis
3312 1272 3478 1340 quin-

1910 1360 2170 1429 quaginta
2222 1359 2524 1427 comitibus
2572 1374 2921 1416 succurrere.
2972 1362 3170 1417 Hostes
3222 1364 3340 1417 viso
3379 1378 3477 1431 ap-

1910 1450 2404 1518 pr0pinquantium
2466 1449 2631 1519 globo
2691 1450 2748 1504 in
2828 1451 3023 1505 collem
3101 1450 3479 1520 confugientes

1908 1538 2300 1594 setuebantur.
2337 1538 2696 1608 lmperatoria
2716 1538 2915 1592 cohors
2955 1539 3042 1593 bis
3071 1547 3130 1593 et
3166 1548 3248 1593 ter
3273 1541 3481 1609 impetu

1907 1629 2052 1684 facto
2102 1630 2219 1701 (illo
2267 1638 2525 1695 vetante,
2586 1629 2735 1699 quod
2792 1630 3058 1685 adversus
3125 1629 3480 1699 prudentiam

1910 1721 2204 1776 militarem
2262 1729 2588 1791 pugnarent,
2619 1720 2881 1791 quoniam
2929 1722 3235 1775 adversarii
3289 1731 3485 1776 natura

236 1803 517 1874 κοντόροις
549 1804 843 1873 τέσσαρσιν
894 1804 1164 1869 ἐλθόντες,
1212 1810 1304 1859 καὶ
1348 1806 1549 1877 ἑτέρων
1598 1811 1661 1862 ὲκ
1709 1810 1807 1879 τῆς

1917 1812 2022 1867 1οοί
2042 1812 2431 1866 muniebantur
2460 1812 2596 1883 (51),
2614 1820 2670 1866 et
2693 1813 2999 1867 subeuntes
3017 1812 3229 1866 crebris
3248 1811 3483 1865 telorum

234 1896 461 1970 Θρᾴκης
481 1897 884 1966 ιπιγενομίνων
907 1898 1111 1963 πεζῶν,
1132 1890 1447 1968 Ἀσῶματον
1476 1903 1533 1955 τὸ
1550 1902 1809 1975 φρούριον

240 1987 606 2055 πολιορκοῖεν.
646 1988 853 2043 Ἐδόκει
885 1990 949 2059 δὴ
977 1987 1071 2044 οὖν
1099 1992 1218 2060 ἅμα
1260 1995 1374 2056 τοῖς
1408 1993 1630 2046 συνοῦσι
1681 2012 1810 2047 πεν-

234 2081 501 2148 τήκοντα,
540 2081 755 2153 βοηθεῖν
784 2083 876 2135 ἐπὶ
910 2084 1038 2147 τοὺς
1070 2084 1132 2137 τὸ
1163 2084 1425 2153 φρούριον
1451 2085 1808 2155 πολιορκοῦν-

237 2188 365 2233 τας.
402 2170 633 2226 Ἐκεῖνοι
656 2173 715 2228 δι
742 2174 869 2227 ἐπεὶ
899 2174 1162 2230 ιπιοῢσαν
1195 2170 1337 2230 εἶδον
1381 2177 1481 2248 τὴν
1522 2179 1805 2248 στρατιὰν,

224 2264 262 2313 ίὲ
274 2266 339 2315 πὶ
362 2264 641 2333 γεωλόφου
670 2266 817 2329 τινὸς
834 2266 1108 2336 ἠμύνοντο
1130 2268 1466 2333 ἀνελθόντες·
1494 2273 1588 2324 καί
1608 2273 1656 2324 οί
1681 2273 1811 2342 περὶ

239 2353 473 2422 βασιλέα
511 2356 594 2419 δὶς
620 2358 716 2411 καὶ
759 2359 878 2427 τρὶς
906 2346 1380 2429 ἐπιχειρήσαντες,
1426 2362 1639 2415 ἐκείνου
1670 2364 1812 2417 ἀπαμ-

238 2444 570 2514 γορεύοντος
597 2447 687 2502 διὰ
714 2447 774 2500 τὸ
808 2448 885 2518 μὴ
909 2448 1185 2518 μάχεσθαι
1218 2451 1355 2519 μετὰ
1381 2454 1648 2516 συνέσεως
1681 2471 1811 2524 πρε-

236 2535 456 2604 πούσης
489 2542 820 2609 στρατιώτῃ,
859 2540 961 2593 οὐκ
1011 2540 1360 2611 ἠδυνήθησαν
1415 2546 1687 2614 κρατῆσαι
1720 2545 1809 2600 διὰ

232 2626 347 2693 τὴν
370 2627 434 2678 ὲκ
465 2625 558 2680 τοῦ
588 2628 755 2680 τόπου
786 2628 1117 2698 ὀχυρότητα,
1158 2631 1253 2683 καὶ
1278 2630 1340 2682 τὸ
1370 2631 1676 2700 ἀμύνεσθαι
1709 2633 1808 2685 αύ-

235 2716 373 2777 τοὺς
397 2718 512 2779 τοῖς
542 2716 721 2785 βέλεσι
777 2721 1013 2787 συχνοῖς.
1055 2719 1142 2783 Ὠς
1170 2719 1227 2772 δὲ
1253 2722 1715 2791 ἐτρωματίζοντο
1760 2724 1811 2777 οῖ

233 2820 307 2859 τε
340 2805 500 2861 ῖπποι
551 2808 646 2861 καὶ
680 2809 731 2862 οί
785 2810 1146 2879 στρατιῶται,
1199 2811 1452 2866 εκίλευεν
1493 2815 1521 2866 ὀ
1559 2812 1811 2884 βασιλεὺς

239 2898 481 2953 ἕπεσθαι
514 2900 680 2970 αύτῷ,
720 2902 770 2955 εί
823 2901 1101 2970 βούλοιντο
1152 2906 1376 2974 κρατεῖν
1423 2905 1535 2957 τῶν
1593 2909 1810 2961 ἀντιτε-

238 2990 536 3059 ταγμὶνων
557 3005 575 3036 ε
624 2994 719 3046 καὶ
766 2993 988 3049 δδόκουν
1033 2995 1338 3066 ἀναχωρεῖν
1392 2998 1807 3064 καταλιπόντες.

1910 1902 2152 1971 jactibus
2180 1902 2534 1973 repellebant)
2569 1903 2635 1957 iis
2667 1903 2832 1971 potiri
2867 1918 2977 1956 non
3009 1904 3290 1957 valebant.
3344 1903 3482 1956 Cum

1917 1991 2085 2062 igitur
2135 2002 2193 2048 et
2248 1992 2399 2062 equi,
2447 2002 2503 2047 et
2554 1992 2758 2046 milites
2816 1992 3262 2057 vulnerarentur,
3314 1991 3488 2047 edixit

1917 2083 2219 2152 imperator
2272 2099 2331 2139 se
2391 2092 2805 2152 sequerentur,
2858 2082 2904 2136 si
2966 2083 3173 2137 vellent
3236 2082 3483 2138 vincere.

1917 2172 2057 2242 Ergo
2087 2188 2145 2229 se
2175 2173 2286 2228 illis
2312 2172 2518 2228 relictis
2545 2174 2698 2228 abire
2724 2173 3009 2228 simulant.
3041 2172 3240 2226 Hostes
3264 2187 3373 2226 non
3396 2173 3487 2226 iu-

1917 2265 2133 2319 tellecta
2185 2264 2420 2331 fallacia,
2482 2265 2696 2334 ratique
2752 2280 2849 2321 eos
2877 2278 3074 2335 pugna:
3117 2261 3483 2331 desperantes

1916 2356 2226 2419 discedere,
2282 2357 2423 2411 colle
2457 2356 2704 2425 degressi
2758 2370 2925 2411 naves
2956 2363 3177 2426 petunt.
3210 2354 3351 2409 Tum
3387 2355 3486 2423 qui

1915 2449 2139 2503 abibant
2165 2450 2420 2504 conversi
2449 2449 2506 2504 in
2543 2464 2639 2505 eos
2668 2464 2827 2520 teque
2856 2462 3052 2518 campo
3084 2447 3267 2503 statim
3300 2447 3489 2502 incur-

1917 2547 2068 2603 runt,
2103 2541 2305 2594 multus
2337 2540 2621 2606 occidunt,
2652 2540 2845 2609 paucis
2873 2547 3024 2609 terga
3052 2538 3337 2601 dantibus,
3367 2552 3488 2592 ma-

1912 2631 2089 2700 jorem
2120 2637 2329 2698 partem
2364 2630 2608 2698 capiunt.
2645 2628 2811 2700 5“
2858 2629 3158 2698 Imperator
3206 2627 3264 2681 in
3312 2635 3488 2682 castra

1918 2718 2325 2790 Trajanopolim
2360 2733 2635 2783 reversus,
2666 2727 2951 2788 postquam
2977 2727 3034 2772 et
3072 2733 3266 2772 manus
3299 2717 3417 2783 illa,
3453 2734 3486 2772 ιι

1916 2823 2026 2877 qua
2070 2820 2255 2874 noctu,
2310 2817 2371 2862 ut
2425 2807 2634 2864 dictum
2696 2818 2804 2873 est,
2852 2808 3062 2863 obsessi
3124 2808 3340 2862 luerant
3418 2807 3487 2861 ad

1915 2900 2205 2956 Amurium
2240 2913 2298 2954 se
2328 2897 2581 2963 contulit,
2610 2913 2733 2968 quae
2757 2898 2863 2955 sibi
2896 2900 3230 2964 evenissent,
3262 2907 3318 2952 et
3348 2910 3485 2967 quo-

1916 2993 2080 3049 modo
2100 3006 2231 3049 cum
2281 2994 2401 3051 suis
2438 2993 2731 3059 universis,
2795 2993 2906 3049 Deo
2948 2995 3211 3060 secundo,
3252 2994 3489 3049 manife-

254 3078 490 3134 Ἐκεῖνοι
514 3082 571 3136 δι
601 3084 663 3136 οὔ
696 3083 998 3148 συνιδόντες
1029 3084 1129 3155 τήν
1159 3086 1402 3157 ἀπάτην,
1434 3090 1527 3143 καὶ
1553 3091 1804 3160 νομίσαν-

1917 3091 2062 3140 ειιιιη
2097 3082 2400 3139 discrimen
2447 3084 2735 3150 evasisset,
2798 3085 3074 3140 narravit.
3135 3084 3340 3141 Omnes
3389 3101 3488 3155 pro

241 3187 341 3263 τες
372 3171 703 3263 απειπόντας
729 3175 827 3243 τὴν
858 3174 995 3243 πρὸς
1025 3176 1223 3240 αὐτοὺς
1270 3178 1454 3263 μάχην
1482 3181 1809 3252 ἀναχωρειν,

242 3260 343 3311 τοῦ
379 3262 543 3324 λόφου
568 3264 947 3330 κατελθόντες,
976 3265 1221 3336 ἐχώρουν
1240 3268 1333 3321 ιπι
1360 3260 1460 3332 τὰς
1490 3270 1643 3335 ναῦς·
1676 3274 1726 3325 οἱ
1754 3274 1813 3326 δὲ

242 3352 449 3406 ιύτίκα
479 3354 899 3423 ἐπιδραμόντες,
937 3359 1072 3412 trusi;
1118 3358 1255 3429 πρὸς
1307 3359 1368 3411 τὸ
1419 3360 1601 3413 πεδίον
1646 3358 1810 3433 ἦσαν,

242 3442 578 3497 ἀπέκτεινάν
605 3460 666 3498 τε
700 3445 801 3499 ούκ
834 3446 1074 3514 ὀλίγους,
1111 3448 1207 3500 καὶ
1244 3448 1373 3511 τοὺς
1399 3448 1684 3513 πλείστους
1714 3452 1813 3504 αὺ-

246 3535 365 3605 τῶν
401 3529 563 3600 εἷλον,
616 3536 815 3605 ὀλίγων
869 3539 1035 3593 τινῶν
1078 3539 1366 3608 διαφυγεῖν
1417 3540 1814 3611 δεδυνημινων.

245 3624 518 3688 Βασιλεὺς
541 3626 599 3679 δι
622 3628 702 3691 είς
723 3629 784 3683 τὸ
806 3628 1176 3698 ,στρατόπεδον
1206 3631 1345 3699 πρὸς
1378 3631 1816 3700 Τραϊανούπολιν

248 3714 589 3781 επανελθὼν,
621 3718 745 3771 ἐπεὶ
773 3720 868 3772 καὶ
897 3720 931 3788 ή
962 3720 1194 3790 στρατιὰ
1223 3719 1410 3790 εκείνη
1451 3723 1486 3792 ἡ
1513 3726 1817 3797 περικαθη-

248 3804 394 3874 μένη
421 3806 518 3875 τῆς
544 3807 757 3871 νυκτὸς,
789 3807 978 3878 ὥσπερ
1016 3811 1229 3881 εῖρητο,
1264 3805 1366 3881 ἧκε
1407 3812 1545 3882 πρὸς
1584 3815 1811 3888 ’Δμοὺρ,

248 3897 527 3966 γνωρίσας
554 3895 646 3952 οῖα
674 3899 915 3969 συμϐαίη
944 3900 1075 3971 περὶ
1108 3901 1292 3968 αὐτὸν,
1316 3902 1413 3956 καὶ
1445 3903 1593 3969 ὅπως
1618 3907 1680 3960 tu
1706 3924 1819 3962 κιν-

246 3991 424 4044 δύνων
454 3991 703 4062 φανερῶν
755 3992 861 4045 ὑπὸ
891 3992 1029 4046 Θεοῦ
1067 3993 1292 4065 ρυσθείη
1337 3994 1500 4058 αὑτός
1531 4010 1591 4049 τε
1623 4000 1717 4051 καὶ
1763 3998 1816 4053 ot

247 4083 386 4147 περὶ
413 4083 574 4137 αὑτὸν
596 4082 857 4146 ἅπαντες,
881 4082 1082 4146 πολλὰς
1098 4082 1414 4153 ὡμολόγουν
1440 4087 1669 4157 χάριτας
1695 4087 1817 4159 Θεῷ

245 4172 353 4243 τῆς
385 4173 657 4244 σωτηρίας
689 4175 784 4228 καὶ
831 4174 931 4243 τῆς
963 4175 1223 4245 προνοίας
1253 4176 1355 4246 τῆς
1409 4178 1539 4247 περὶ
1588 4179 1814 4242 αύτούς.

250 4265 499 4335 ιιαρῄνει
523 4282 585 4318 τε
617 4266 647 4318 ό
673 4265 927 4335 βασιλεὺς
961 4268 1074 4329 τοῖς
1106 4266 1325 4321 συνοῦσι
1354 4269 1624 4339 μηδέποτε
1671 4273 1814 4341 ἁμε-

247 4358 373 4410 λείν
399 4359 498 4425 τῆς
548 4358 819 4428 φυλακῆς,
849 4358 1088 4424 μάλιστα
1124 4358 1340 4423 νυκτὸς,
1385 4360 1521 4437 τοῖς.
1545 4361 1820 4434 συμϐεϐη-

1917 3187 2111 3227 eorum
2137 3172 2316 3229 salute
2374 3172 2577 3229 divina:
2609 3173 2969 3243 providentiae
3000 3175 3206 3245 gratias
3235 3183 3489 3246 egerunt.

1918 3264 2257 3320 Hortabatur
2285 3272 2472 3319 autem
2498 3280 2628 3321 suos
2656 3265 2955 3336 imperator
2986 3282 3057 3322 ne
3086 3281 3326 3333 unquam
3353 3265 3492 3337 vigi-

1918 3354 2045 3421 lias,
2076 3355 2385 3423 praesertim
2417 3358 2730 3420 {nocturnas
2769 3357 3133 3427 negligerent,
3152 3348 3492 3414 recentissi-

1918 3457 2117 3512 moque
2135 3442 2385 3511 exemplo
2402 3443 2468 3495 ad
2486 3443 2956 3501 conﬁrmationem
2979 3444 3253 3499 utebatur.
3278 3444 3415 3498 Nam
3437 3446 3487 3500 si

1920 3532 2023 3602 ipsi
2045 3548 2155 3587 nou
2183 3529 2454 3587 conﬁsind
2498 3531 2903 3602 Trajanopolim
2928 3533 3279 3595 metantibus,
3306 3538 3488 3602 neque

1919 3618 1988 3674 iis
2013 3618 2108 3688 qui
2136 3618 2494 3675 Cumutzenis
2520 3627 2679 3674 erant
2708 3634 2837 3674 cum
2885 3618 3017 3683 lilio,
3042 3635 3144 3689 pro
3178 3635 3259 3685 se,
3297 3630 3358 3675 ut
3389 3637 3489 3690 par

1919 3709 2117 3774 fuerat,
2165 3710 2431 3765 excubias
2460 3710 2729 3779 egissent,
2771 3711 2827 3764 in
2876 3725 3065 3766 casum
3107 3713 3489 3782 hujuscemodi

1920 3802 2258 3858 deventuros
2287 3817 2396 3857 non
2434 3800 2626 3866 fuisse,
2666 3816 2777 3871 quo
2813 3802 2914 3857 nisi
2948 3803 3090 3857 Deus
3120 3804 3354 3875 benigne
3390 3823 3489 3861 eos

1921 3893 2301 3963 respexisset,
2344 3890 2506 3962 digna
2566 3890 2824 3961 lacrymis
2878 3892 3255 3961 pertulissent.
3307 3895 3489 3965 Atque

1922 3984 2040 4038 haec
2066 3982 2170 4038 isto
2216 3980 2380 4037 modo
2428 3982 2804 4051 contigerunt.
2854 3982 3117 4038 Amurius
3139 3994 3199 4038 ut
3226 3985 3490 4055 Byzantio

1924 4074 2175 4129 triremes
2203 4073 2270 4127 ad
2303 4072 2504 4128 Euam
2533 4087 2658 4127 cum
2693 4072 2910 4142 triginta
2952 4072 3019 4126 de
3049 4074 3165 4128 suis
3191 4073 3488 4143 siluerunt,

1920 4164 2200 4236 pollicitus
2233 4164 2573 4235 imperatori,
2605 4163 2922 4233 quindecim
2946 4164 3148 4221 diebus
3174 4167 3489 4223 subsidium

1924 4255 2247 4320 missurum,
2284 4266 2342 4309 et
2366 4270 2425 4310 se
2453 4269 2673 4324 quoque
2706 4255 2884 4319 brevi,
2914 4254 3234 4312 domesticis
3265 4258 3494 4313 ordina-

1926 4346 1995 4403 tis
2026 4356 2193 4417 atque
2224 4345 2565 4416 compositis,
2604 4360 2977 4412 reversurum,
3007 4361 3334 4417 semperque
3363 4363 3491 4403 cum

254 4449 383 4503 κόσι
416 4447 827 4518 παραδείγμασι
855 4448 1182 4518 χρωμένοις.
1214 4448 1278 4501 El
1304 4446 1416 4517 γὰρ
1447 4435 1525 4520 μή
1556 4450 1814 4524 θαρροῦν-

1926 4456 2017 4503 eo,
2064 4440 2244 4496 donec
2300 4438 2503 4493 bellum
2563 4435 2803 4498 ﬁniatur,
2856 4452 3202 4505 mansurum,
3232 4439 3493 4510 dictaque

254 4554 353 4599 τες
387 4536 546 4591 αὐτοὶ
570 4538 704 4601 *τοῖς
731 4553 790 4590 τε
820 4540 879 4590 δν
913 4536 1189 4607 Τραϊανοῦ
1242 4538 1825 4610 στρατοπεδευομένοις

255 4629 487 4691 καὶτοῖς
518 4630 578 4681 δν
597 4628 1042 4698 Κουμουτζηνοῖς
1073 4628 1212 4698 μετὰ
1240 4628 1336 4683 τοῦ
1355 4628 1474 4684 υίοῦ
1499 4631 1601 4701 τὴν
1620 4634 1828 4704 προσή-

258 4728 469 4766 κουσαν
497 4714 708 4768 ἑαυτῶν
735 4714 1024 4769 ιποιοῦντο
1057 4716 1328 4789 φυλακὴν,
1357 4719 1458 4773 ούκ
1474 4719 1542 4779 ἂν
1565 4721 1829 4785 τοιούτοις

255 4803 628 4873 περιέπιπτον
649 4806 941 4871 κινδύνοις,
958 4801 1032 4862 ὧν
1054 4809 1104 4860 εί
1129 4808 1205 4877 μὴ
1226 4807 1357 4872 Θεδς
1383 4810 1614 4882 ἐρρύετο
1634 4811 1828 4879 φιλαν-

255 4891 523 4960 θρώποις,
543 4894 648 4951 κᾶν
672 4894 1004 4958 πεπονθότες
1032 4891 1172 4965 ἦσαν
1199 4895 1326 4962 ἄξια
1347 4896 1618 4967 δακρύων.
1638 4897 1824 4953 Ταῦτα

267 4980 373 5049 μὲν
404 4980 498 5036 οὖν
546 4982 639 5036 τὸν
668 4983 874 5053 τρόπον
909 4983 1097 5038 τοῦτον
1135 4984 1463 5056 συνηνέχθη.
1506 4986 1713 5058 ’Δμοὺρ
1766 4988 1826 5042 δὶ

261 5073 394 5124 ἐπεὶ
426 5071 490 5124 αῖ
537 5088 596 5125 τε
641 5072 1011 5142 Βυζαντίηθεν
1045 5074 1294 5144 τριήρεις
1331 5069 1491 5147 ἧκον,
1541 5080 1635 5143 καὶ
1672 5078 1826 5149 τριά-

260 5177 435 5215 κοντα
474 5162 538 5214 ἐκ
596 5162 706 5216 τῶν
764 5164 1044 5233 σφετέρων
1093 5165 1175 5226 εἰς
1228 5164 1330 5234 τὴν
1376 5162 1559 5230 Δῐνον,
1617 5168 1828 5237 βασιλεῖ

261 5252 737 5323 ἐπαγγειλάμενος
776 5255 835 5306 ιν
877 5254 1269 5309 πεντεκαίδεκα
1313 5255 1555 5329 ἡμέραις
1586 5258 1826 5329 πέμψειν

1922 4533 2124 4597 salute,
2178 4532 2327 4587 illico
2376 4529 2556 4583 solvit.
2605 4527 2750 4582 Intra
2802 4527 2943 4599 dies.
2975 4529 3241 4584 tredecim
3290 4531 3496 4587 adsunt

1923 4624 2095 4695 copiae
2120 4638 2259 4693 quas
2288 4620 2633 4691 promiserat.
2664 4619 2877 4674 Amurii
2901 4619 3163 4677 discessio
3190 4624 3362 4678 multa
3388 4624 3491 4678 im-

1925 4715 2163 4783 peratori
2198 4710 2542 4767 incommoda
2565 4725 2854 4781 generasse
2882 4711 2995 4766 visa
3019 4721 3125 4781 est,
3158 4730 3282 4782 quae
3308 4724 3494 4775 tamen

1925 4805 2048 4872 ipsa
2102 4803 2473 4872 postmodum,
2527 4816 2693 4872 quam
2733 4801 2780 4856 is
2818 4802 2931 4857 Deo
2973 4818 3121 4861 curae
3161 4816 3328 4871 esset,
3378 4822 3491 4865 nou

1924 4894 2035 4950 levi
2092 4895 2421 4949 documento
2469 4891 2593 4947 fuit.
2627 4890 2909 4948 Triremes
2950 4908 3187 4963 namque
3243 4907 3487 4965 quatuor

1924 5000 2093 5056 supra
2123 4985 2317 5055 viginti
2351 4984 2560 5040 Latina:
2595 4998 2725 5040 cum
2760 4984 3101 5041 Rhodiorum
3151 4995 3209 5040 et
3252 4988 3491 5045 aliorum

1923 5075 2292 5148 quorumdam
2362 5076 2642 5132 instructae
2708 5074 2994 5145 Smyrnam
3065 5076 3488 5146 adnavigarunt,

1924 5166 2325 5236 castellumque
2363 5166 2415 5220 in
2445 5173 2604 5234 portu
2633 5174 2922 5234 ceperunt,
2958 5174 3014 5219 et
3043 5180 3212 5220 naves
3243 5166 3491 5222 Persicas

1925 5258 2241 5329 complures
2286 5264 2639 5314 exusserunt.
2670 5253 2934 5308 Amurius
2966 5268 3229 5324 praesens,
3264 5270 3330 5311 ac
3360 5259 3490 5312 totis

1498 5413 1711 5476 Jacobi
1740 5417 2005 5479 Pontani
2033 5422 2219 5478 notae.

342 5555 456 5628 (3|)
511 5556 805 5614 Docuimus
858 5557 1010 5625 alibi,
1071 5564 1351 5628 quantam,
1384 5557 1825 5628 commoditatem

261 5627 493 5696 tgalmret
536 5628 589 5681 in
625 5628 808 5693 praelia
861 5629 1011 5685 locus
1037 5630 1300 5696 superior.
1332 5627 1521 5682 Livius
1558 5628 1653 5681 lib.
1697 5643 1769 5682 vn
1806 5645 1853 5682 τ,

265 5694 376 5749 Pm
393 5706 472 5749 ter
496 5698 733 5750 virtutem
767 5698 905 5751 locus
943 5694 1142 5768 quoque
1172 5698 1396 5767 adjuvit,
1432 5705 1486 5751 ut
1513 5698 1623 5770 pila
1648 5698 1824 5751 omnia

1925 5560 2195 5633 hastaque
2231 5569 2332 5633 non
2360 5562 2614 5633 tamquam
2643 5569 2710 5608 ex
2747 5571 2896 5633 aqua
2930 5558 3116 5633 missa,
3155 5576 3292 5614 vana
3323 5562 3484 5633 (quod

1925 5622 2233 5703 plerumque
2260 5623 2339 5689 ﬁt)
2359 5626 2603 5677 caderent
2634 5640 2653 5677 :
2677 5626 2769 5679 sed
2797 5622 2977 5681 omnia
3014 5627 3210 5685 librata
3237 5622 3485 5703 ροιὶᾶεη-

1926 5700 2023 5751 bus
2059 5694 2359 5766 ﬁgerentur.
