3998 6204
321 294 463 360 1109

1447 275 1992 376 uts'ronunuu
2036 314 2269 375 LIBER
2311 315 2423 376 ιιι.

3423 315 3560 379 lilii

315 409 530 504 ἐκεῖνον
549 406 817 478 ἄρασθαι.
845 405 954 465 Ἦν
1000 411 1110 483 γὰρ
1139 415 1239 487 ήδη
1288 417 1346 469 ἐν
1386 418 1532 490 λόγῳ
1568 422 1676 504 τινὶ
1717 423 1744 474 ὁ
1774 424 1884 477 Μο-

1989 426 2138 481 tione
2165 425 2332 496 igitur
2357 427 2713 496 temperabat,
2749 425 2892 497 quod
2935 443 3098 482 manu
3127 437 3182 484 et
3211 429 3377 482 armis
3413 429 3564 482 inex-

199 500 208 509 '
317 498 584 566 μιτζίλος,
609 500 706 552 καὶ
724 500 960 572 δύναμιν
983 505 1453 578 περιϐεϐλημένος
1485 498 1706 582 ίκανήν.
1727 513 1884 568 Οῦτω

315 588 416 654 μὲν
447 584 543 640 οὖν
571 590 598 638 ὁ
634 589 870 659 πόλεμος
915 595 1253 665 πανταχόθεν
1286 595 1514 664 βασιλέα
1543 601 1883 670 περιΐστατο,

313 679 411 731 καὶ
441 679 778 733 ὑποπτεύειν
792 683 942 735 δεινά
961 685 1160 755 εἰσῄει.
1188 687 1358 760 Αύτὺς
1383 689 1440 742 δὲ
1458 691 1648 762 ὥσπερ
1669 692 1884 758 εῐωθεν,

322 771 412 821 ἀεὶ
467 771 607 839 πρὸς
656 773 782 833 τοὺς
836 772 1114 837 κινδύνους
1173 778 1594 849 μεγαλοψυχῶν,
1641 781 1736 834 καὶ
1782 781 1892 835 τῶν

312 857 506 910 δεινῶν
539 861 637 921 τάς
668 861 938 932 ἐπιφορὰς
968 861 1188 932 ὁμαλῶς
1218 866 1316 919 καὶ
1367 869 1558 938 πράως
1591 869 1888 937 διαφέρων,

317 953 455 1018 πρὸς
490 949 592 1018 μιν
628 952 982 1022 Ἀλέξανδρον
1003 953 1092 1006 τὸν
1114 956 1318 1009 Μυσῶν
1340 957 1564 1027 βασιλέα
1584 959 1892 1030 πρεσϐείαν

313 1043 578 1107 ἐποιεῖτο,
613 1045 708 1096 καὶ
747 1046 983 1116 παρῄνει
1015 1047 1246 1118 ἡσυχίαν
1279 1049 1457 1117 ἄγειν,
1497 1050 1572 1112 ὡς
1603 1051 1662 1102 ού
1701 1050 1882 1120 πολλῷ

313 1131 548 1202 ὕστερον
579 1135 776 1204 ἐκείνῳ
824 1139 1000 1192 αἰτίου
1036 1141 1334 1208 συμφορῶν
1376 1141 1588 1194 πολλῶν
1623 1143 1718 1195 τοῦ
1749 1143 1892 1212 πρὸς

312 1224 482 1277 αὑτὸν
519 1227 762 1295 πολέμου
823 1231 1219 1299 γενησομένου.
1277 1232 1447 1294 Αὐτὸς
1493 1232 1550 1284 δὲ
1595 1233 1890 1302 γενόμενος

313 1314 454 1383 πρὸς
487 1317 586 1385 τὴν
632 1317 1004 1391 Χαλκηδικὴν,
1059 1321 1157 1392 τὴν
1217 1321 1517 1391 Γρατιανοῦ
1573 1323 1734 1376 πόλιν
1765 1326 1892 1376 επο-

310 1403 521 1472 λιόρκει
561 1400 726 1459 οὖσαν
769 1408 831 1459 ού
885 1409 1150 1479 μεγάλην,
1197 1409 1554 1484 ὀχυρωτάτην
1591 1411 1672 1474 δὲ,
1719 1411 1784 1464 ἔκ
1829 1429 1890 1464 τε

314 1492 534 1558 φύσεως
560 1493 657 1546 τοῦ
677 1496 845 1549 τόπου
878 1497 973 1551 καὶ
999 1499 1108 1552 τῶν
1137 1500 1334 1569 τειχῶν
1367 1485 1464 1569 τῆς
1505 1504 1882 1574 κατασκευῆςο

312 1584 493 1645 ἄλλως
546 1587 604 1654 δὲ
647 1589 866 1658 εὐφυῶς
908 1590 1044 1657 πρὸς
1081 1591 1260 1646 πάντα
1281 1592 1540 1661 ἔχουσαν.
1569 1593 1667 1647 καὶ
1694 1595 1887 1664 ὥσπερ

317 1679 655 1746 μητρόπολιν
684 1677 852 1734 οὖσαν
883 1683 981 1749 τῆς
1030 1682 1402 1752 Χαλκηδικῆς.
1450 1683 1595 1752 Πρὸς
1651 1686 1751 1754 μὲν
1787 1685 1882 1740 οῦν

310 1769 674 1839 τειχομαχίαν
730 1771 830 1825 οὐκ
883 1773 1200 1844 ἐπεχείρειθ
1261 1776 1379 1847 ᾔδει
1430 1778 1538 1847 γὰρ
1600 1779 1876 1833 ἀνάλωτον
1915 1753 1954 1809 Β

309 1859 506 1922 ὅπλοις
533 1863 630 1912 καὶ
675 1862 876 1931 χειρῶν
920 1863 1011 1935 βίᾳ
1041 1867 1328 1936 ἐσομένην·
1370 1867 1668 1936 δεσμωτῶν
1696 1870 1754 1922 δὲ
1783 1871 1885 1924 οὐκ

309 1947 512 2016 ὀλίγων
541 1952 606 2003 ἐκ
657 1952 768 2004 τῶν
820 1954 1055 2009 πολιτῶν
1105 1957 1163 2008 ὲν
1214 1960 1280 2028 τῇ
1333 1958 1541 2027 ταύτης
1591 1962 1916 2031 ἀκροπόλει¹

308 2043 743 2111 φρουρουμένων
762 2045 850 2098 διὰ
869 2046 968 2115 τὴν
989 2049 1126 2117 πρὸς
1159 2051 1370 2102 ἐκεῖνον
1392 2048 1627 2114 εὔνοιαν,
1655 2053 1884 2122 πέμψας

309 2132 522 2201 κρύφα,
551 2133 825 2202 διελέγετο
862 2138 1066 2202 αὐτοῖς,
1091 2139 1140 2191 εί
1185 2139 1458 2206 δύναιντο,
1500 2144 1886 2212 κρατήσαντες

1991 519 2340 587 pugnabilem
2367 519 2553 573 sciret.
2583 518 2643 572 In
2691 520 2848 588 cujus
2876 533 3007 572 arce
3038 533 3163 572 cum
3195 519 3349 572 multi
3390 520 3558 580 cives,

1994 607 2139 675 quod
2192 608 2271 662 illi
2319 607 2461 677 bene
2498 608 2716 674 vellent,
2763 607 2928 663 vincti
2981 617 3324 670 tenerentur,
3356 625 3451 677 per
3482 609 3561 660 in-

1995 674 2332 748 ternuntium
2379 695 2520 749 clam
2556 709 2682 749 cum
2713 695 2780 749 iis
2811 696 2945 766 egit,
2979 705 3040 749 ut
3071 695 3114 750 si
3149 674 3395 765 possent,
3435 711 3562 750 arce

1991 783 2170 852 potiti,
2202 785 2391 840 urbem
2426 785 2532 840 sibi
2587 787 2891 840 traderent.
2945 785 3288 840 l‘romittunt
3328 786 3560 856 impigre

1991 889 2050 928 se
2081 885 2396 939 conaturos,
2451 884 2507 931 et
2559 884 2823 930 tesseram
2865 876 2984 930 sive
3037 877 3278 946 signum,
3315 880 3457 933 unde
3503 887 3561 931 et

1991 966 2140 1034 ipsos
2187 965 2302 1033 jam
2345 980 2485 1034 opus
2515 966 2756 1036 aggredi,
2806 975 2862 1019 et
2923 979 2982 1020 se
3027 966 3289 1020 accersiri
3348 976 3555 1028 nosset,

1991 1064 2154 1110 noctu
2188 1055 2408 1124 quidem
2445 1057 2717 1112 sublatam
2749 1055 2921 1110 facem
2955 1054 3090 1127 (32),
3124 1055 3288 1126 586
3317 1054 3558 1108 interdiu

1990 1155 2176 1200 autem
2211 1145 2420 1200 lumum
2459 1146 2827 1201 constituunt.
2862 1145 2974 1200 Hae
3010 1145 3077 1199 de
3107 1160 3272 1199 causa
3317 1144 3561 1213 impera-

1992 1246 2078 1292 tor
2111 1253 2424 1308 quanquam
2471 1238 2726 1292 hostibus
2759 1237 3004 1308 undique
3034 1236 3374 1292 instantibus
3411 1237 3561 1290 obsi—

1991 1329 2208 1382 (tionem
2234 1329 2546 1391 continuat,
2581 1337 2638 1382 et
2663 1327 2922 1382 omnibus
2953 1332 3108 1396 inque
3145 1328 3404 1382 resistere
3431 1341 3560 1381 eon-

1989 1420 2184 1474 tendit.
2215 1420 2371 1476 Circa
2405 1419 2548 1474 idem
2585 1428 2821 1488 tempus,
2874 1419 3111 1488 paulove
3143 1427 3268 1486 post
3299 1433 3410 1486 quo
3447 1418 3561 1472 haec

1990 1510 2218 1573 ﬁebant,
2269 1509 2448 1563 Latini
2494 1509 2782 1579 Smyrnam
2812 1517 3050 1578 quatuor
3083 1517 3138 1562 ct
3167 1501 3358 1576 viginti
3393 1508 3559 1561 trire-

1988 1599 2169 1654 mibus
2217 1600 2538 1655 invaserunt
2591 1608 2645 1654 et
2690 1607 3093 1668 expugnarunt.
3147 1598 3214 1652 Et
3247 1612 3371 1652 cum
3413 1597 3558 1666 apud

1990 1687 2270 1751 Pallenen,
2315 1687 2382 1742 ad
2413 1696 2633 1758 portum
2677 1688 2971 1757 quemdam
3005 1685 3276 1755 indigenis
3310 1685 3558 1757 Longum

1981 1777 2334 1846 appellatum,
2387 1793 2554 1832 naves
2602 1779 2848 1833 Persicas
2895 1776 3180 1845 sexaginta
3227 1775 3441 1830 delatas
3469 1791 3560 1831 re-

1983 1869 2240 1930 scissent,
2276 1868 2330 1922 in
2386 1882 2484 1923 eos
2527 1883 2692 1923 cursu
2730 1869 2963 1931 directo,
2995 1870 3186 1922 vacuis
3215 1868 3371 1939 potiti
3407 1879 3556 1924 sunt.

1982 1960 2162 2015 Persae
2210 1959 2482 2030 siquidem
2530 1959 2708 2014 navali
2755 1961 2944 2030 pra-lio
2993 1960 3260 2024 imbelles,
3293 1971 3454 2016 terrae
3486 1977 3548 2016 se

1983 2049 2301 2114 credentes,
2335 2065 2504 2105 naves
2547 2054 2600 2104 in
2653 2051 2770 2105 solo
2803 2051 3192 2116 destitui-rant,
3225 2055 3429 2122 quibus
3459 2053 3562 2107 La-

1984 2140 2083 2194 tini
2113 2139 2397 2194 subductis
2429 2149 2486 2194 et
2541 2141 2801 2196 crematis
2838 2153 3206 2197 recesserunt.
3253 2143 3433 2198 Persae
3461 2159 3558 2198 na-

307 2223 412 2289 τῆς
443 2224 811 2292 ἀκροπόλεως,
839 2228 1191 2296 παραδιδόναι
1223 2229 1321 2300 τὴν
1361 2231 1515 2284 πόλιν
1536 2249 1547 2262 ·
1582 2233 1678 2286 καὶ
1707 2235 1877 2302 ιπηγ-

1985 2233 2145 2286 vibus
2194 2239 2468 2293 carentes,
2522 2231 2937 2291 Cherronesum
2975 2233 3220 2288 Thraciae
3271 2249 3368 2303 per
3424 2248 3558 2288 con-

307 2312 569 2378 γέλλοντο
597 2317 695 2369 καὶ
722 2303 878 2370 αύτολ
915 2320 1214 2389 προθύμως
1248 2321 1505 2388 ὑπελθεῖν
1544 2323 1644 2393 τὴν
1673 2322 1879 2393 ἐπιχεί-

1985 2323 2244 2377 tinentem
2299 2321 2590 2388 eundum,
2664 2331 2721 2376 et
2796 2323 2925 2378 inde
2997 2325 3219 2378 navium
3297 2325 3557 2378 facultate

306 2421 497 2473 ρησιν,
534 2408 628 2459 καὶ
661 2407 913 2479 σύνθημα
941 2411 1040 2480 τῆς
1066 2411 1255 2477 ἐφόδου
1282 2411 1494 2478 ἔδοσαν,
1529 2413 1722 2476 νυκτὸς
1777 2415 1877 2483 μὲν

1985 2409 2392 2480 suppeditante,
2447 2410 2504 2465 in
2559 2411 2744 2466 Asiam
2798 2411 2904 2467 sibi
2960 2411 3341 2482 trajiciendum
3369 2412 3557 2467 existi-

299 2499 552 2566 φρυκτὸν
580 2499 842 2570 ἀνίσχειν,
874 2503 1091 2572 ἡμέρας
1120 2505 1176 2556 δὲ
1213 2505 1419 2558 καπνδν
1459 2506 1731 2558 δεικνύειν
1771 2509 1874 2576 τῆς
1983 2513 2222 2558 mantnt.

304 2591 708 2659 ἐπιχειρήσεως
760 2595 1008 2662 σημεῖον.
1063 2596 1162 2648 Διά
1218 2596 1424 2667 ταύτην
1479 2598 1579 2665 μὲν
1629 2593 1722 2652 οὖν
1768 2596 1866 2668 τὴν
1901 2594 2084 2651 αἰτίαν
2137 2597 2166 2648 ὁ
2213 2594 2490 2666 βασιλεὺς,
2525 2594 2703 2649 καίτοι
2731 2596 3159 2668 περιρῤεόμενος
3209 2593 3556 2664 πανταχόθεν

301 2681 416 2733 ὑπὸ
478 2681 572 2735 τοῦ
621 2684 897 2754 πολέμου,
943 2686 1044 2738 οὐκ
1098 2686 1354 2741 ἀνίστατο
1395 2689 1457 2740 ἐκ
1493 2687 1596 2758 τῆς
1658 2685 1996 2757 πολιορκίας,
2049 2686 2168 2739 ἀλλ’
2231 2685 2560 2754 ἐφιλονείκει
2621 2689 2759 2758 πρὸς
2824 2687 3007 2742 πάντα
3054 2687 3554 2743 ἀντικαθίστασθαι

301 2765 533 2846 ὁμοίως.
576 2781 700 2848 Ὑφ’
747 2781 805 2834 ὃν
852 2783 909 2833 δε
949 2783 1120 2834 ταῦτα
1174 2783 1365 2852 χρόνον
1399 2784 1658 2846 ἐτελεῖτο.
1693 2784 1787 2837 καὶ
1833 2784 1867 2855 ή
1903 2781 2173 2850 Δατινικὴ
2208 2780 2439 2852 δύναμις
2503 2782 2538 2853 ἢ
2571 2781 2740 2851 ὀλίγῳ
2770 2780 2999 2852 ὕστερον
3025 2781 3332 2835 ἐπελθοῦσα
3389 2783 3555 2850 ἔκρα-

299 2885 444 2938 ⁸τησε
475 2873 824 2942 τειχομαχία,
857 2873 916 2925 ἐν
945 2874 1210 2945 τέσσαρσι
1264 2875 1362 2927 καλ⁵
1416 2877 1589 2929 εῐκοσι
1618 2877 1874 2947 τριήρεσι
1912 2861 2044 2942 περὶ
2075 2874 2364 2945 Παλλήνην
2426 2877 2778 2944 πεπυσμένοι
2845 2873 2987 2942 πρός
3019 2891 3140 2926 τινα
3180 2873 3380 2942 λιμένα
3414 2874 3556 2938 Λογο

295 2964 406 3028 γὴν
461 2963 738 3032 ιγχωρίως
794 2967 1344 3035 προσαγορευόμενον
1400 2967 1531 3031 ναῦς
1601 2968 1866 3038 ἑξήκοντα
1906 2968 2174 3036 ἐφορμεῖν
2206 2966 2503 3036 Περσικὰς,
2535 2965 2797 3018 ἐπέθεντό
2852 2981 2912 3017 τε
2948 2964 3044 3017 καὶ
3105 2965 3419 3034 ἐκράτησαν
3455 2963 3554 3015 αύ-

297 3053 419 3104 τῶν
440 3055 634 3108 κενῶν.
661 3055 734 3108 Τὸ
760 3057 870 3126 γὰρ
897 3056 1186 3126 Περσικὸν,
1225 3057 1300 3127 μὴ
1361 3059 1661 3129 δυνάμενον
1717 3057 2208 3114 ἀντικαθίστασθαι
2258 3058 2397 3128 πρὸς
2436 3055 2772 3126 ναυμαχίαν,
2810 3057 2911 3120 τάς
2967 3054 3098 3118 ναῦς
3143 3055 3553 3119 καταλιπόντες,

296 3145 629 3208 διεσώζοντο
667 3148 748 3210 εἰς
789 3147 890 3218 τὴν
936 3149 1060 3217 γῆν.
1094 3149 1316 3204 Λατῖνοι
1367 3151 1425 3204 δὲ
1473 3150 1874 3216 ἀνελκύσαντες
1913 3151 2012 3214 τάς
2041 3149 2175 3214 ναῦς
2207 3150 2304 3204 καὶ
2333 3151 2474 3222 πυρὶ
2506 3148 2876 3220 παραδόντες,
2935 3145 3272 3216 ἀνεχώρουν.
3303 3145 3366 3198 Oi
3419 3145 3555 3216 Πέρ-

302 3256 401 3293 σαι
435 3239 490 3293 δὲ
535 3239 960 3311 ἀπολειφθέντες
993 3244 1202 3316 ἀπορίᾳ
1253 3245 1411 3311 νεῶν,
1465 3247 1711 3314 ἔγνωσαν
1758 3247 1870 3300 δεῖν
1908 3248 2006 3301 ἐπὶ
2044 3246 2394 3318 Χερρόνησον
2438 3243 2541 3316 τῆς
2604 3244 2831 3315 Θρᾴκης
2877 3241 2966 3296 διὰ
2999 3241 3099 3311 τῆς
3129 3239 3361 3312 ἠπείρου
3422 3240 3556 3294 ἀνα-

291 3337 528 3409 χωρεῖν,
587 3337 664 3403 ὡς
703 3338 914 3394 ἐκεῖθεν
954 3340 1034 3404 είς
1073 3339 1262 3394 Ἀσίαν
1303 3342 1745 3414 περαιωσόμενοι
1779 3343 2192 3415 εὐπορήσαντες
2226 3340 2381 3395 νεῶν.

1695 3497 1928 3597 CAPUT
1968 3539 2158 3596 LXIX.

299 3614 603 3689 Persarum
633 3643 680 3690 et
714 3633 1072 3706 Triballorum
1107 3642 1392 3706 certamen.
1430 3635 1605 3691 Persa:
1631 3645 1752 3690 astu
1783 3637 2016 3706 quodam
2055 3637 2290 3706 vincunt,
2329 3642 2378 3689 et
2419 3644 2577 3706 pacta
2619 3637 2851 3690 mercede
2895 3633 3550 3706 Cantacusenoserviunt.

381 3705 772 3776 Gratianopolis
807 3708 1036 3774 capitur.
1070 3705 1337 3776 Quomodo
1367 3705 1664 3776 Angelitzes
1694 3702 1969 3776 prtifeclus
2004 3702 2666 3776 pecuniam-suppeditarit
2700 3721 2824 3776 non
2889 3705 3172 3776 modicam.
3221 3702 3551 3776 Obititsepi-

377 3776 518 3840 scopi
551 3771 1043 3844 Didymotichensis.
1075 3774 1378 3829 Alexander
1400 3771 1586 3830 Missus
1620 3771 1882 3830 Mo'rrham

382 3845 534 3914 fugit.
579 3843 787 3914 Legatis
822 3847 1100 3914 respondet

1985 3771 2205 3845 gressus,
2251 3771 2589 3842 imperatoris
2636 3775 2864 3828 adventu
2908 3775 3113 3838 audito,
3137 3782 3287 3826 trans
3321 3771 3553 3826 Hebrum

380 3987 604 4056 Κράλης
634 3986 693 4040 δὲ
741 3987 800 4040 ιν
848 3985 1016 4058 Ζίχνᾳ.
1051 3987 1630 4058 ἐστρατοπεδευμένος,
1686 4003 1876 4058 ωσπερ

2049 3985 2167 4040 1am
2223 3997 2359 4040 vero
2400 3983 2587 4040 Cralcs
2633 3983 2756 4038 lixis
2795 3981 2936 4052 apud
2982 3981 3224 4036 Zicbnas
3275 3980 3550 4040 tentoriis.

299 4080 536 4148 ἔφημεν,
569 4080 661 4132 ἐπὶ
705 4078 784 4147 τῷ
841 4077 1278 4150 Καντακουζηνῷ
1338 4077 1419 4147 τῷ
1470 4077 1684 4148 βασιλεῖ
1721 4078 1880 4130 πολε-

1985 4094 2088 4149 quo
2117 4091 2242 4130 cum
2285 4075 2670 4131 Cantacuzeno
2714 4074 3070 4144 conﬂigeret.
3125 4072 3552 4128 utdemonstra-

303 4175 457 4242 μεῖν,
495 4172 618 4224 ἐπεὶ
667 4169 894 4223 πύθοιτο
948 4169 1010 4223 τὸ
1068 4171 1198 4238 περὶ
1227 4170 1353 4232 τοὺς
1388 4169 1604 4238 Πίρσας
1637 4168 1876 4236 συμϐὰν,

1985 4179 2090 4224 tum
2117 4177 2221 4231 est,
2260 4176 2320 4221 ut
2355 4167 2424 4222 de
2455 4167 2748 4222 Persarum
2781 4173 3007 4231 eventu,
3039 4172 3096 4220 et
3131 4164 3252 4218 illac
3283 4164 3336 4217 in
3366 4161 3546 4217 Cher-

301 4265 406 4316 καὶ
428 4262 504 4325 ὡς
530 4262 617 4314 διά
656 4262 754 4329 τῆς
784 4261 955 4330 αὐτῆς
984 4259 1106 4314 όδοῦ
1143 4261 1236 4314 ἐπὶ
1279 4260 1626 4331 Χερρόνησον
1658 4259 1882 4329 μέλλουο

1985 4271 2228 4313 ronesum
2261 4256 2366 4310 iter
2404 4255 2646 4309 facturos
2668 4253 2898 4318 audivit,
2935 4253 3166 4309 delectis
3196 4253 3265 4306 de
3300 4253 3549 4307 exercitu

303 4371 399 4408 σιν
428 4354 586 4419 ἰέναι,
616 4355 676 4406 τὸ
716 4355 1010 4423 κράτιστον
1041 4350 1142 4420 τῆς
1180 4352 1312 4420 περὶ
1343 4349 1508 4402 αὐτὸν
1537 4347 1894 4419 ἀπολεξάμεο.

301 4463 404 4508 νος
435 4448 714 4516 στρατιᾶς,
738 4446 832 4498 καὶ
873 4442 1180 4515 στρατηγὸν
1221 4442 1407 4504 αὐτοῖς
1440 4443 1746 4510 ἐπιστήσας
1786 4443 1880 4493 τὸν

300 4511 667 4608 εὐψυχίαδιαὶ
697 4535 872 4607 τόλμῃ
923 4511 1020 4588 καὶ
1070 4511 1344 4603 Ῠιμπειρίᾳ
1397 4533 1505 4586 τῶν
1560 4533 1692 4604 παρ’
1731 4531 1883 4603 αὐτῷ

299 4627 555 4680 δυνατῶν
605 4625 869 4680 δοκοῦντα
931 4626 1220 4695 ὑπερέχειν
1268 4623 1622 4692 Πρεάλιμπον
1668 4622 1886 4693 ὠνομα-

304 4717 510 4786 σμένον
533 4717 786 4769 ικέλευσε
815 4716 1225 4782 συμπλέκεσθαι
1253 4718 1364 4777 τοῖς
1391 4708 1884 4785 βαρϐάροις,οἶπερ

305 4807 384 4862 ἂν
413 4807 738 4876 συντύχωσι,
767 4809 862 4861 καὶ
887 4809 1026 4880 πρός
1058 4825 1182 4860 τινα
1224 4807 1386 4860 τόπον
1428 4804 1770 4875 Στεφανιανά
1798 4804 1886 4857 λε-

1976 4362 2078 4402 suo
2123 4347 2464 4408 fortissimis,
2511 4345 2749 4415 datoque
2786 4346 2896 4401 illis
2941 4347 3221 4415 duce,qui
3263 4345 3545 4415 praestanti

1977 4440 2162 4494 animo
2203 4450 2258 4496 et
2303 4457 2405 4495 usu
2438 4441 2582 4494 inter
2617 4455 2876 4510 proceres
2897 4439 3265 4495 Triballorum
3298 4439 3546 4494 eminere

1978 4530 2292 4595 videbatur,
2342 4531 2714 4601 Prealimpum
2773 4532 3066 4599 vocabulo,
3113 4547 3238 4586 cum
3288 4531 3545 4586 barbaris

1978 4619 2160 4675 obviis
2187 4635 2364 4689 pugna
2396 4619 2683 4674 decertare
2703 4622 2887 4690 jussit.
2922 4620 3111 4698 Itaque
3153 4621 3274 4676 loco
3301 4619 3539 4689 quodam

1979 4711 2346 4782 Stephaniana
2376 4711 2525 4766 dicto
2574 4713 2627 4766 in
2677 4727 2775 4767 eos
2822 4712 3157 4778 incidentes,
3202 4712 3271 4766 ad
3301 4726 3537 4782 pugnaui

1979 4805 2388 4874 aggrediuntur.
2447 4805 2646 4867 Persae,
2699 4814 2758 4858 ut
2805 4805 2858 4860 in
2909 4805 3442 4884 planitie_equitum
3480 4805 3551 4858 ti-

1544 4990 1762 5054 Jacobi
1802 4990 2070 5053 Pontani
2103 4997 2288 5052 notae.

385 5115 498 5186 (32)
527 5116 650 5189 Dari
687 5127 856 5172 noctu
912 5118 1126 5189 signum
1162 5116 1380 5189 ignibus
1396 5116 1605 5189 _jact_is.
1663 5123 1756 5168 aut
1788 5113 1869 5168 la-

303 5184 655 5242 cib'us’elatis
681 5189 940 5241 usitatum
963 5184 1057 5241 'est
1107 5184 1333 5240 militiae.
1391 5185 1483 5239 Sic
1511 5184 1770 5239 Sinonem
1807 5193 1864 5237 et

305 5257 570 5311 Helenam
593 5256 799 5311 Graecis
825 5256 1038 5310 dedisse
1069 5257 1286 5324 signum
1317 5255 1548 5324 navibus
1571 5253 1865 5324 redeundi,

304 5333 369 5380 et
413 5324 628 5392 Troiam
671 5326 1010 5394 occupandi.
1053 5322 1383 5394 auctor_est_
1437 5322 1866 5394 Trypbiodorus.

308 5396 711 5516 hizdvfrsibus,
752 5391 830 5449 ut'
851 5393 1074 5463 quidem
1111 5409 1142 5448 a
1177 5392 1452 5464 Xylandro
1501 5391 1691 5446 Latine
1740 5398 1870 5444 sunt

308 5479 370 5516 re
453 5479 554 5516 II:

306 5463 513 5518 redditi
541 5481 554 5515 :

387 5531 534 5584 Ilicet
568 5530 978 5600 Aiacidtejuxta
1004 5531 1221 5585 sublime
1252 5529 1547 5600 sepulcrum

386 5600 635 5654 Exhibuit
663 5597 867 5669 signum
891 5601 1082 5654 lucenti
1105 5597 1351 5668 lampade
1380 5597 1558 5652 Graiis

385 5670 688 5734 .als'sonidvs,
743 5672 903 5724 tacita
932 5671 1234 5739 monuitque
1261 5683 1530 5724 recurrere
1563 5674 1748 5722 classe.

2050 5113 2286 5184 Pervigil
2319 5117 2433 5184 ipsa
2467 5117 2632 5170 etiam
2667 5133 2695 5170 e
2723 5117 2857 5171 celso
2879 5117 3112 5184 formosa
3136 5115 3300 5169 cubili

2049 5183 2322 5255 Earpureo
2343 5183 2518 5238 socios
2539 5187 2751 5255 hortata
2783 5195 2858 5239 est
2881 5183 3146 5255 Tyndaris
3177 5185 3288 5251 igni

1977 5250 2052 5306 De
2074 5250 2278 5308 Helena
2309 5268 2564 5324 expresse
2588 5253 2820 5308 atlirmat
2849 5250 3014 5324 etiam
3040 5253 3186 5307 Maro
3202 5250 3353 5324 libro
3373 5267 3425 5307 vt
3449 5269 3475 5305 :-

2497 5325 2770 5391 ﬂammam
2795 5323 2963 5376 media
2988 5324 3102 5392 ipsa
3127 5322 3330 5376 tenebat

2047 5391 2339 5463 Ingentem,
2367 5402 2415 5446 et
2443 5408 2649 5463 summa
2677 5392 2889 5463 Danaos
2915 5408 2978 5463 ea:
3011 5392 3398 5463 arce'vocabat.

1978 5459 2186 5516 Arabes
2217 5477 2434 5530 quoque
2463 5460 2763 5530 adventum
2805 5459 3044 5530 hostium
3093 5463 3322 5515 interdiu
3367 5461 3542 5525 l'umo,

1974 5539 2137 5584 noctu
2171 5529 2296 5600 igne
2338 5529 2670 5600 signiﬁcasse
2713 5535 2944 5583 testatur
2978 5529 3271 5584 Frontinus
3321 5530 3416 5584 lib.
3479 5545 3546 5595 ιι,

1974 5613 2096 5668 cap.
2125 5600 2176 5654 5.
