3998 6204
362 228 501 317 tm

1482 259 2025 327 HISTORIARUM
2069 265 2303 327 LIBER
2348 269 2462 330 III.

3454 279 3591 349 Ilii

356 366 783 429 ἐπιδεικνύντες.
841 367 1030 438 ὥσπερ
1062 363 1130 440 ἦν
1184 372 1614 441 συντεθειμένον.
1657 373 1917 436 Βασιλεὺς

2021 377 2170 443 tatis,
2201 386 2256 433 et
2285 379 2638 471 Optimatibus
2666 384 2887 454 quidem
2917 386 3122 458 ubique
3164 390 3357 459 pulsis,
3397 391 3451 448 in
3473 406 3594 471 can-

274 494 285 505 .
358 460 414 511 δὲ
447 461 568 511 ἐπεὶ
593 462 655 512 τὸ
680 460 930 529 σύνθημα
982 457 1144 526 εἶδεν,
1176 462 1343 526 ὀξέως
1377 464 1769 534 ἐπιϐοηθήσας,
1804 460 1917 517 εἷλε

356 552 457 618 τὴν
481 552 636 603 πόλιν
665 553 728 603 ἐκ
760 552 858 622 τῆς
888 551 1063 622 ἄκρας
1082 568 1097 582 ·
1129 555 1225 607 καὶ
1250 555 1319 607 τά
1341 571 1400 607 τε
1421 555 1559 609 ἄλλα
1580 555 1745 626 ἥσθη,
1775 554 1918 609 οὕτω

359 642 515 695 πῦλιν
542 642 712 713 καλὴν
732 645 967 715 ἀπονητὶ
996 645 1087 697 καὶ
1118 647 1285 716 χωρὶς
1319 647 1579 702 κινδύνων
1605 646 1914 718 κατασχὼν,

356 737 453 786 καὶ
481 736 783 804 χρημάτων
835 736 1146 806 εὐπόρησεν
1193 737 1293 790 οὐκ
1324 737 1541 805 ὀλίγων,
1568 732 1645 792 ὧν
1684 738 1919 809 μάλιστα

358 827 544 880 ἐδεῖτο.
583 824 937 896 Ἀγγελίτζης
958 828 1065 899 γάρ
1090 846 1175 894 τις
1205 831 1268 883 ὲκ
1292 831 1400 885 τῶν
1425 831 1643 900 φαύλων
1670 834 1765 885 καὶ
1788 832 1924 898 ἀσή-

359 935 476 988 μων
504 918 755 980 πολιτῶν,
789 919 1057 991 πρότερον
1086 922 1441 975 ὑπωπτεύετο
1474 923 1745 994 θησαυρὸν
1783 940 1923 995 χρη-

360 1007 551 1078 μάτων
581 1010 907 1080 εὑρηκέναι·
942 1012 1136 1082 ἀδήλου
1175 1014 1230 1067 δὲ
1267 1014 1418 1078 δντος
1447 1015 1542 1069 τοῦ
1576 1016 1921 1088 πράγματος,

358 1099 535 1162 οτιδεῖς
558 1099 824 1170 ἠνώχλει·
862 1102 1002 1155 κατὰ
1032 1102 1087 1155 δὲ
1114 1103 1205 1156 τὸν
1241 1106 1429 1174 χρόνον
1464 1108 1655 1160 τούτου
1690 1108 1783 1160 τοῦ
1817 1109 1925 1161 δει-

360 1188 453 1239 νοῦ
484 1188 741 1260 πολέμου,
778 1191 857 1255 εις
896 1193 1206 1247 τούναντίον
1248 1195 1394 1249 ἅπαν
1432 1198 1539 1250 τῶν
1584 1199 1924 1268 πραγμάτων

361 1281 835 1350 περιτραπέντων,
873 1284 965 1336 καὶ
993 1285 1102 1337 τῶν
1153 1286 1252 1354 μὲν
1280 1286 1518 1356 ἀρίστων
1550 1286 1924 1358 ἐκϐληθέντων

358 1372 455 1425 καὶ
481 1372 817 1443 εἰργομένων
843 1375 1181 1445 ἁπανταχοῦ,
1227 1377 1505 1448 ἀρχόντων
1536 1380 1591 1431 δὲ
1632 1379 1741 1435 τῶν
1782 1382 1926 1451 φαύ-

356 1458 487 1521 λων,
518 1462 612 1512 καὶ
641 1461 761 1516 οὐδὲ
795 1460 1021 1532 ἄμεινον
1047 1464 1157 1516 τῶν
1183 1463 1393 1517 πολλῶν
1421 1465 1804 1537 διακειμένων,
1830 1472 1923 1523 καὶ

353 1554 383 1603 6
419 1552 771 1623 ’Δγγελίτζης
809 1547 962 1618 οὗτος
994 1555 1175 1626 ἄρχων
1200 1555 1500 1627 ἀπεδείχθη
1549 1558 1647 1627 τῆς
1691 1558 1923 1630 Γρατια-

353 1641 448 1692 νοῦ
476 1641 559 1695 διὰ
610 1640 669 1694 τὸ
719 1641 856 1711 πρὸς
884 1642 1338 1713 Καντακουζηνδν
1389 1646 1481 1698 τὸν
1522 1644 1743 1716 βασιλέα
1780 1649 1920 1714 ἔθος.

2016 477 2308 535 roremque
2352 469 2650 536 conjectis,
2709 472 2874 544 588
2925 477 3204 546 praefectis
3256 489 3438 535 autem
3492 469 3594 538 im-

2018 554 2205 622 probis
2260 571 2325 610 ac
2372 556 2512 612 nihil
2565 574 2595 613 a
2643 562 2785 630 vulgi
2829 564 3145 622 conditione
3186 568 3586 643 diﬂ'erentibus,

2017 644 2183 697 etiam
2221 647 2530 716 Angelitzes
2561 649 2663 706 iste
2691 654 2981 722 praal'ectus
3006 654 3429 730 Gratianopolis,
3463 676 3594 731 pro-

2018 743 2142 803 pter
2166 735 2354 804 odium
2386 740 2533 808 quod
2562 741 2616 796 in
2638 741 3105 803 'Cantacuzenum
3137 738 3387 818 gerebat,
3443 753 3598 807 desi-

2019 835 2215 892 guatus
2244 838 2345 883 est.
2396 830 2533 885 Tum
2590 836 2940 897 occasionem
2968 849 3181 905 nactus,
3233 841 3443 896 divitiis
3476 841 3588 899 suis

2023 916 2101 968 uti
2134 916 2238 971 l'rui
2274 920 2460 989 coepit,
2492 929 2546 974 et
2596 925 2742 993 quod
2779 927 2931 994 prius
2967 930 3336 999 suspiciosum
3373 940 3491 986 erat
3520 928 3592 988 de

2022 1006 2303 1073 thesauro,
2353 1019 2480 1065 tunc
2512 1013 2666 1082 plane
2704 1032 2896 1072 verum
2942 1020 3219 1088 apparuit.
3257 1022 3591 1092 lmperatore

2023 1107 2202 1152 autem
2254 1099 2388 1155 urbe
2420 1103 2615 1172 potito,
2668 1107 2795 1175 quia
2845 1125 2956 1163 rem
3007 1106 3144 1165 adeo
3166 1111 3279 1179 jam
3314 1114 3590 1184 vulgatam

2023 1203 2218 1260 negare
2251 1207 2360 1246 non
2388 1193 2611 1261 licebat,
2653 1197 2850 1254 ablatis
2884 1201 3142 1257 omnibus
3159 1204 3332 1273 copiis
3360 1205 3476 1275 ejus
3508 1205 3595 1260 fa-

2025 1280 2356 1348 miliaribus,
2382 1282 2559 1353 iisque
2597 1301 2706 1340 non
2756 1290 3010 1355 modicis,
3040 1291 3266 1361 insuper
3301 1294 3366 1348 de
3402 1294 3592 1349 occule

2028 1380 2136 1425 tata
2176 1373 2409 1440 pecunia
2443 1375 2807 1444 examinatus,
2859 1395 2977 1432 eam
3020 1390 3075 1435 et
3104 1383 3334 1435 multam
3364 1384 3583 1452 quidem

2028 1470 2253 1537 protulit
2286 1488 2299 1523 :
2337 1486 2457 1540 quae
2497 1470 2835 1540 imperatori,
2876 1481 2988 1526 tum
3039 1473 3103 1526 ad
3152 1473 3285 1528 alias
3315 1472 3590 1542 impensas

2029 1560 2393 1624 necessarias,
2426 1572 2551 1615 tum
2585 1562 2651 1615 ad
2702 1562 2964 1618 solvenda
2991 1562 3172 1617 Persis
3203 1563 3467 1633 promissa
3496 1562 3587 1618 sti-

2030 1648 2225 1715 pendia
2256 1649 2499 1703 sutl‘ecit.
2530 1649 2643 1704 Sub
2677 1651 2820 1705 idem
2855 1636 3068 1722 tempus
3101 1637 3393 1722 episcopus
3426 1652 3588 1722 Didy-

352 1734 565 1804 Καιροῦ
592 1734 645 1788 δὲ
676 1736 1107 1807 τυχὼν,“ὲχρῆτο
1152 1737 1230 1804 τῷ
1280 1738 1515 1810 πλούτῳ,
1557 1743 1651 1794 καὶ
1689 1747 1920 1814 φανερδς

2029 1738 2386 1793 motiehcusis
2454 1741 2691 1794 animam
2745 1719 3059 1807 amisitpet
3105 1719 3195 1798 die
3245 1740 3436 1813 quinto
3467 1746 3588 1814 post

351 1822 424 1897 ἦν
463 1824 620 1895 ἔχων,
658 1825 848 1897 ὥσπερ
877 1827 1231 1882 ὑπωπτεύετο
1265 1831 1357 1884 τὸν
1397 1831 1696 1904 θησαυρόν.
1745 1838 1925 1890 Κατα-

356 1919 578 1988 σχόντος
604 1918 658 1971 δὲ
689 1920 787 1989 τὴν
815 1920 971 1972 πόλιν
997 1920 1283 1990 βασιλέως,
1318 1923 1437 1975 ἐπεὶ
1474 1922 1549 1995 μὴ
1589 1925 1718 1990 ὲξῆν
1747 1928 1927 1999 ἀρνεῖ-

354 2010 508 2076 σθαι,
548 2010 641 2063 τοῦ
686 2010 1015 2080 πράγματος
1063 2010 1207 2066 οὕτω
1238 2014 1478 2082 φανεροῦ
1523 2021 1920 2088 γεγενημένου,

355 2101 500 2168 μετά
530 2102 589 2154 τὸ
617 2102 920 2167 πάντασὸσα
948 2096 1015 2174 ἦν
1047 2104 1102 2153 ὲν
1133 2105 1197 2173 τῇ
1224 2104 1370 2173 οἰκίᾳ
1403 2105 1767 2177 ἀφαιρεθῆναι
1792 2110 1921 2163 ὅντα

349 2192 456 2244 οὐκ
480 2191 659 2260 ὀλίγα,
693 2193 786 2246 καὶ
814 2194 939 2262 περὶ
970 2190 1078 2245 τῶν
1104 2195 1498 2267 κρυπτομένων
1517 2197 1805 2267 ὴρευνὶτο,
1831 2203 1924 2254 καὶ

352 2281 667 2350 παρέσχετο
700 2281 893 2336 πολλὰ.
932 2284 997 2336 Ἀ
1034 2283 1299 2355 ἐξήρκεσε
1336 2283 1549 2354 βασιλεῖ
1579 2289 1715 2358 πρός
1743 2308 1801 2343 τε
1827 2291 1921 2345 ἄλ-

347 2372 454 2436 λας
485 2373 730 2437 δαπάνας
762 2376 1087 2441 ἀναγκαίας,
1121 2378 1216 2429 καὶ
1262 2378 1399 2447 πρὸς
1439 2379 1499 2432 τὸ
1532 2380 1772 2450 Πέρσαις
1811 2388 1923 2446 τοῖς

353 2464 670 2534 συμμάχοις
706 2465 1000 2519 ἀποδοῦναι
1048 2465 1106 2518 ὃν
1143 2467 1413 2537 ὑπέσχετο
1447 2470 1660 2539 μισθόν.
1702 2470 1837 2525 Ὑπὸ
1866 2473 1922 2527 δὲ

350 2555 448 2609 τὸν
507 2557 695 2626 χρόνον
731 2557 940 2622 τοῦτον,
974 2557 1068 2609 καὶ
1117 2560 1143 2610 6
1190 2559 1575 2630 Διδυμοτείχου
1639 2562 1921 2635 ἐτεθνήκει

349 2646 671 2716 ἀρχιερεύς.
706 2646 940 2718 Πέμπτῃ
964 2646 1020 2701 δὲ
1049 2646 1235 2718 ἡμέρᾳ
1266 2650 1406 2718 μετὰ
1443 2650 1544 2720 τὴν
1590 2653 1800 2705 ἐκείνου
1828 2672 1918 2707 τε-

347 2741 574 2811 λευτὴν,
609 2745 703 2798 καὶ
731 2743 946 2812 Γραϐὰς
971 2744 999 2796 6
1048 2744 1374 2814 Σκουτέριος
1403 2745 1706 2816 ἐτεθνήκει,
1733 2747 1919 2816 ὥσπερ

346 2830 426 2906 ἦν
447 2836 476 2889 6
512 2836 800 2906 ἀρχιερεὺς
826 2834 1199 2907 προειρηκὼς,
1232 2836 1261 2888 6
1290 2837 1528 2904 μάλιστα
1558 2838 1796 2908 ἐλύπησε
1828 2839 1920 2892 τὸν

349 2925 610 2995 βασλέα.
633 2921 743 2980 Ἦν
776 2928 883 2996 γὰρ
917 2927 1044 2997 περὶ
1071 2927 1281 2980 ἐκεῖνον
1302 2926 1503 2997 πολλὴν
1536 2928 1634 2999 τὴν
1664 2929 1798 2982 αἰδῶ
1825 2929 1918 2982 καὶ

347 2994 421 3069 τὸ
448 3016 609 3079 σέϐας
646 2994 1009 3084 κεκτημένος,
1047 3015 1392 3086 Ἀλέξανδρος
1422 2994 1481 3071 δέ
1529 3021 1556 3071 6
1588 2994 1794 3073 Μυσῶν
1822 3019 1916 3090 βα-

350 3107 560 3172 claim,
580 3108 701 3161 ἐπεὶ
722 3108 770 3163 οί
795 3106 1247 3175 Καντακουζηνοῦ
1265 3106 1358 3160 τοῦ
1380 3107 1645 3179 βασιλέως
1661 3111 1914 3182 πρέσϐεις

343 3194 490 3271 ἧκον
518 3199 654 3270 πρὸς
681 3199 863 3261 αὐτὸν,
894 3201 988 3251 καὶ
1012 3197 1353 3268 ἀπήγγελλον
1375 3199 1444 3251 τὰ
1467 3200 1564 3268 τῆς
1593 3201 1925 3271 πρεσϐείας,’

345 3290 514 3359 λόγον
568 3292 666 3360 μὶν
698 3290 884 3345 οὐδένα
931 3292 1225 3362 ἐποιήσατο
1289 3292 1428 3359 πρὸς
1486 3293 1555 3346 τὰ
1606 3294 1909 3364 είρημένα’

347 3382 614 3451 στρατιὰν
646 3381 703 3435 δὲ
747 3383 910 3452 ἔχων,
944 3377 1103 3453 ἦλθεν
1143 3383 1267 3453 ἄχρι
1300 3383 1546 3454 Μόρῤας,
1576 3384 1647 3435 τὰ
1678 3386 1796 3437 ἐκεῖ
1822 3401 1915 3437 πο-

343 3471 558 3540 λίχνια,
612 3471 662 3522 εί
705 3470 941 3531 δύναιτο,
985 3472 1471 3543 παραστησόμενος
1526 3473 1744 3540 ὑπήκοα
1782 3473 1913 3524 δντα

346 3560 584 3630 βασιλεῖ.
618 3562 713 3614 Ἕν
742 3562 797 3613 δὲ
824 3560 1001 3614 αὐτῶν
1030 3562 1471 3631 Ὑπερπυράκιον
1501 3560 1907 3631 ὠνομασμένον,

343 3651 448 3702 καὶ
493 3650 621 3719 πρὶν
652 3652 858 3701 ἐκεῖνον
888 3650 1066 3720 ἣκειν,
1115 3650 1352 3719 ἄρχοντα
1388 3651 1723 3714 εἰσεδέξαντο
1772 3668 1913 3721 πεμ-

344 3740 554 3805 φθέντα
580 3740 730 3809 παρὰ
758 3740 1129 3812 ⁹Λλεξᾶ.δρου,
1165 3740 1389 3811 ἔμελλον
1411 3741 1465 3793 δὲ
1496 3742 1588 3793 καὶ
1628 3742 1872 3812 φρουράν
1895 3757 1910 3773 ο

339 3829 381 3884 ἃ.
416 3831 563 3900 παρά
594 3830 701 3884 τῶν
748 3826 1033 3902 πρέσϐεων
1070 3828 1257 3902 μαθὼν
1288 3830 1315 3884 6
1354 3829 1630 3902 βασιλεὺς,
1673 3832 1790 3886 ἐπεὶ
1818 3833 1914 3887 καὶ

338 3925 379 3994 ὴ
424 3923 649 3992 στρατιά
693 3924 874 3995 παρῆν
910 3924 943 3994 ἠ
993 3925 1258 3994 Περσικὴ,
1292 3926 1386 3977 καὶ
1438 3926 1566 3994 περὶ
1598 3921 1689 3976 τοῦ
1721 3923 1912 3994 Κράλη

341 3998 703 4083 ἐπυνθάνετο,
732 4019 805 4081 ὡς
836 4017 1229 4087 ἀναστρέψειεν
1245 4018 1327 4081 είς
1354 4016 1450 4089 τὴν
1479 4017 1686 4071 οίκείαν
1712 4017 1800 4069 διὰ
1815 4015 1913 4087 τὴν

342 4105 565 4174 πληγὴν
592 4107 691 4177 τῆς
722 4106 1002 4176 στρατιᾶς,
1032 4105 1268 4175 εὔθυμος
1296 4107 1611 4176 γενόμενος,
1644 4107 1737 4159 καὶ
1764 4107 1915 4159 Ματ-

341 4198 503 4251 θαίον
534 4197 624 4251 τὸν
656 4197 770 4249 υἱὸν
807 4197 1047 4267 ἄρχοντα
1092 4194 1191 4265 τῆς
1228 4211 1288 4247 τε
1324 4194 1627 4266 Γρατιανοῦ
1659 4195 1753 4246 καὶ
1804 4194 1912 4248 τῶν

340 4287 546 4353 ἄλλων,
572 4286 627 4341 αἶ
650 4288 878 4358 ὑπήκοοι
903 4282 1043 4359 ἦσαν
1062 4287 1118 4340 ὲν
1141 4288 1205 4357 τῇ
1232 4286 1546 4357 Χαλκηδικῇ
1567 4286 1908 4354 καταλιπὼν,

2026 1824 2224 1880 Glabas
2254 1828 2564 1890 Scuterius.
2595 1839 2654 1884 ut
2686 1832 2774 1885 ille
2806 1832 3155 1900 przedixcrat.
3183 1834 3259 1888 Ex
3291 1833 3445 1888 obitu
3471 1834 3587 1904 cpi-

2026 1917 2177 1986 scopi
2214 1918 2511 1988 imperator
2548 1937 2800 1990 magnum
2851 1923 3032 1977 animo
3069 1922 3310 1976 dolorem
3359 1922 3590 1993 accepit,

2016 2008 2322 2077 plurimum
2373 2010 2519 2064 enim
2573 2010 2749 2067 virum
2782 2012 3139 2068 reverebatur
3188 2023 3242 2067 et
3282 2025 3467 2069 sancte
3491 2029 3590 2069 ve-

2028 2099 2342 2154 nerabatur.
2388 2103 2697 2158 Alexander
2736 2104 3027 2159 Moesorum
3069 2122 3185 2170 rex,
3239 2115 3314 2160 ut.
3340 2117 3591 2163 oratores

2023 2188 2386 2246 Cantacuzeni
2414 2193 2543 2262 quid
2576 2194 2854 2248 venissent
2887 2205 3280 2261 exposuerunt,
3316 2198 3455 2251 nihil
3503 2212 3592 2251 ra-

2024 2281 2248 2349 spondit
2277 2298 2290 2333 :
2343 2298 2466 2336 eum
2506 2284 2748 2355 egercilu
2780 2293 2960 2339 autem
3003 2284 3274 2339 Morrham
3304 2286 3582 2357 ingressus

2022 2381 2125 2432 est,
2181 2370 2436 2438 oppidula
2492 2371 2604 2425 illic
2652 2372 2965 2441 imperatori
3004 2374 3273 2445 subjecta,
3304 2375 3349 2429 si
3381 2384 3589 2445 posset,

2023 2460 2370 2516 subacturus.
2404 2462 2586 2518 Unum
2646 2479 2810 2533 porro
2849 2463 2914 2518 de
2953 2464 3081 2529 illis,
3126 2464 3587 2537 Hyperpyracium

2023 2557 2270 2622 nomine,
2326 2557 2489 2612 etiam
2545 2570 2672 2613 ante
2727 2558 3021 2612 Alexandri
3068 2561 3364 2613 adventum
3397 2561 3586 2631 praefe-

2021 2655 2168 2700 ctum
2205 2648 2272 2700 ab
2306 2662 2372 2701 eo
2424 2647 2651 2702 missum
2704 2657 3043 2717 susceperat,
3094 2658 3148 2703 et
3202 2660 3317 2703 erat
3367 2665 3587 2721 quoque

2022 2737 2334 2808 praesidium
2367 2748 2778 2813 suscepturum.
2834 2738 3159 2808 Imperator,
3189 2751 3247 2794 ut
3277 2741 3383 2794 hoc
3410 2758 3475 2796 ex
3515 2743 3593 2796 Ιεο

2021 2832 2158 2901 gatis
2187 2831 2400 2898 didicit,
2429 2834 2556 2903 quia
2591 2845 2645 2888 et
2674 2830 2955 2887 Persicum
2985 2833 3293 2889 subsidium
3321 2834 3584 2899 habebat,

2020 2932 2076 2976 et
2106 2922 2317 2978 Cralem
2348 2934 2571 2993 propter
2598 2926 2810 2994 plagam
2841 2935 3119 2994 acceptam
3157 2925 3210 2979 in
3244 2926 3584 2995 provinciam

2021 3030 2296 3070 reversum
2327 3014 2595 3079 audierat,
2631 3016 2914 3082 hilaratus,
2941 3016 3189 3071 blattbaso
3225 3018 3336 3073 lilio
3372 3015 3585 3073 Gratia-

2012 3104 2237 3174 nopolis
2284 3105 2625 3175 aliarumque
2661 3106 2877 3160 urbium
2921 3106 3322 3183 in,Cbalcidica
3351 3109 3459 3165 sibi
3495 3126 3589 3179 pa-

2023 3194 2261 3248 rentium
2328 3195 2589 3265 praefecto
2657 3196 2892 3263 relicto,
2961 3199 3015 3254 in
3069 3188 3344 3256 hl'orrham
3391 3212 3582 3268 contra

2022 3283 2219 3340 Moesos
2254 3296 2517 3354 quantum
2553 3287 2752 3355 potuit,
2801 3292 3134 3358 properavit.
3194 3292 3270 3345 Eo
3302 3293 3582 3349 intellecto

2019 3373 2349 3443 Alexander,
2402 3377 2663 3446 quoniam
2697 3379 2813 3433 acie
2839 3382 3094 3437 resistere
3130 3384 3415 3452 nequibat,
3447 3386 3586 3438 mira

2020 3464 2365 3520 festinatione
2400 3475 2454 3520 et
2487 3468 2846 3537 incomposite
2903 3479 3067 3539 atque
3120 3471 3346 3525 confuse
3402 3473 3587 3529 llebro

2022 3556 2271 3620 transito,
2308 3566 2482 3611 castra
2519 3556 2671 3621 fecit,
2723 3567 2983 3626 tanquam
3028 3557 3254 3614 ﬂumine
3288 3561 3585 3630 imperato-

2022 3661 2135 3700 rem
2174 3646 2508 3714 impedituro
2552 3648 2780 3712 scilicet,
2812 3664 2881 3704 ne
2924 3649 3045 3703 illos
3068 3664 3257 3705 secu-n
3289 3667 3586 3709 conserere

2021 3738 2655 3808 manus-compelleret.
2725 3742 3008 3797 Submersi
3056 3751 3184 3797 sunt
3239 3743 3294 3798 in
3348 3746 3586 3802 transitu

2023 3832 2228 3885 milites
2261 3832 2470 3900 aliquot
2533 3842 2591 3887 et
2621 3835 2742 3903 equi
2770 3836 3083 3902 complures
3117 3854 3130 3890 :
3165 3836 3395 3892 sarcina:
3446 3838 3579 3894 item

2020 3931 2077 3977 et
2133 3922 2516 3992 impedimenta
2566 3940 2675 3978 non
2728 3924 2786 3979 in
2832 3924 3055 3980 ﬂumine
3103 3928 3286 3994 modo,
3325 3930 3419 3985 sed
3480 3930 3582 3988 hac

2020 4011 2182 4064 etiam
2215 4010 2281 4064 de
2321 4027 2489 4065 causa
2534 4015 2755 4077 amissa,
2791 4014 2938 4083 quod
2969 4015 3023 4070 in
3064 4015 3352 4087 principiis
3384 4021 3451 4073 ab
3481 4019 3583 4074 im-

2019 4111 2274 4171 peratore
2302 4103 2492 4169 locati,
2522 4102 2722 4159 Mmsos
2755 4104 2940 4174 adhuc
2978 4116 3348 4172 transeuntes,
3380 4126 3409 4165 a
3430 4121 3582 4186 tergo

2019 4193 2155 4262 ipsis
2178 4194 2443 4248 instantes
2463 4196 2853 4265 perurgebant.
2879 4196 3340 4269 Ilyperpyracium
3370 4212 3581 4271 autem,
3668 4234 3673 4238 -

2019 4284 2299 4353 prmiecto,
2342 4300 2505 4354 quem
2555 4285 2861 4341 Alexander
2919 4287 3250 4355 instituerat,
3300 4294 3463 4348 simul
3514 4311 3579 4351 ac

339 4383 423 4443 ὡς
451 4374 562 4449 εἶχε
590 4379 812 4449 τάχους,
840 4378 973 4449 πρὸς
1005 4381 1231 4451 Μύρραν
1259 4380 1352 4431 ἐπὶ
1377 4379 1501 4441 τοὺς
1530 4378 1751 4441 Μυσοὺς
1780 4380 1914 4448 ἐχώ-

2021 4373 2361 4443 imperatoris
2387 4375 2680 4429 adventum
2701 4375 2911 4432 audivit
2933 4378 3094 4448 fugae.
3114 4380 3241 4459 quia
3259 4392 3495 4450 poterat,
3519 4401 3577 4441 se

342 4489 460 4543 ρει.
491 4471 823 4541 Δίσθόμενος
856 4471 912 4524 δὲ
957 4471 1322 4540 Ἀλέξανδρος,
1356 4470 1481 4523 ἐπεὶ
1517 4469 1592 4539 μὴ
1626 4469 1912 4523 ἀντικαθί-

2021 4467 2331 4527 mandante,
2361 4475 2638 4535 receptum
2670 4476 2773 4521 est.
2825 4467 3137 4523 Alexander
3172 4488 3337 4541 porro
3368 4473 3578 4543 legatos

341 4562 584 4617 σταοθαι
614 4562 843 4633 ἠδύνατο
900 4562 1037 4633 πρδς
1090 4566 1293 4633 μάχην,
1329 4561 1534 4632 σπουδῇ
1589 4561 1758 4631 πολλῇ
1802 4560 1912 4614 διέ-

2021 4566 2139 4604 mox
2186 4566 2451 4621 responso
2503 4554 2656 4619 dato,
2714 4554 2970 4624 factoque
3022 4558 3229 4617 [cedere
3273 4562 3575 4630 dimittens,

340 4656 500 4707 ϐαινε
555 4656 647 4708 τὸν
697 4654 901 4724 Ἕϐρον
943 4652 1195 4716 ἀτάκτως
1248 4652 1343 4706 καὶ
1394 4650 1762 4721 πεφυρμένος,
1821 4652 1913 4704 καὶ

2021 4641 2326 4712 addensque
2357 4644 2493 4699 nihil
2531 4662 2590 4701 se
2622 4663 2719 4717 per
2744 4650 3005 4722 injuriam
3036 4655 3397 4720 commisisse,
3428 4657 3575 4726 quod

339 4747 836 4817 ἐστρατοπεδεύετο
867 4746 1002 4810 ἐκεῖ,
1038 4745 1112 4805 ὡς
1144 4743 1237 4797 τοῦ
1280 4740 1530 4815 ποταμοῦ
1570 4741 1911 4805 κωλύσοντος

2021 4737 2307 4803 imperator
2349 4736 2548 4792 merito
2586 4738 2905 4811 ulciscatur,
2938 4744 2995 4799 in
3045 4761 3269 4817 regnum
3324 4763 3483 4802 suum
3519 4763 3578 4802 se

274 4904 279 4905 ν
341 4839 573 4909 βασιλέα
636 4839 715 4908 μὴ
775 4836 1181 4908 συμπλέκεσθαι
1229 4836 1432 4898 αὐτοῖς.
1493 4834 1801 4889 Ἀπώλοντο
1853 4832 1910 4886 δὲ
2010 4829 2245 4897 recepit.

340 4931 491 4987 κατὰ
517 4930 605 4986 τὸν
652 4931 837 5001 πόρον,
888 4925 1216 4997 στρατιῶταί
1268 4944 1325 4979 τε
1378 4926 1574 4995 ὀλίγοι,
1612 4925 1708 4978 καὶ
1753 4925 1913 4977 ἵπποι
1946 4922 2208 4989 πλεῖστοι,
2244 4923 2340 4977 καὶ
2401 4922 2702 4978 ἀποσκευαί
2725 4941 2739 4957 ο
2770 4926 2832 4977 ού
2876 4926 3037 4995 μόνον
3072 4926 3175 4979 ὑπὸ
3202 4926 3315 4980 τοῦκ
3329 4928 3574 4997 ῥείθρου,

339 5029 463 5084 ἀλλ’
489 5028 572 5081 ὅτι
610 5027 704 5081 καὶ
733 5027 783 5079 oi
812 5028 868 5077 ἐν
904 5025 1227 5096 προτάκτοις
1276 5023 1380 5076 ὑπὸ
1424 5004 1689 5091 βῦιλέως
1745 5020 2071 5089 τεταγμένοι
2094 5019 2176 5072 ἔτι
2198 5019 2307 5073 τῶν
2368 5020 2572 5103 Μυσῶν
2594 5020 2973 5076 διαϐαινόντων
3032 5022 3309 5075 ἐπέκειντο
3369 5022 3573 5084 αὐτοῖς.

352 5119 804 5190 ’Υπερπυράκιον
837 5116 895 5169 δὲ
958 5116 1113 5179 αὖθις
1152 5115 1462 5170 ἀνεσώσατο
1516 5116 1545 5167 6
1569 5113 1849 5184 βασιλεὺς,
1896 5112 1990 5166 τοῦ
2027 5110 2179 5181 παρὰ
2224 5111 2575 5185 Ἀλεξάνδρου
2630 5116 2888 5183 ἄρχοντος
2928 5114 3211 5183 διαδράναι
3257 5113 3577 5184 δυνηθέντος

340 5215 468 5285 ἅμα
512 5212 589 5284 τῷ
651 5211 917 5267 πυθέσθαι
963 5212 1184 5282 βασιλέα
1254 5212 1476 5283 ἥκοντα.
1520 5210 1865 5280 Ἀλέξανδρος
1914 5209 1971 5262 δὲ
2010 5212 2120 5272 τοῖς
2175 5207 2435 5278 βασιλέως
2491 5209 2785 5280 πρέσϐεσιν
2839 5209 3039 5262 αὐτίκα
3080 5210 3448 5281 χρηματίσας,
3481 5213 3589 5266 καὶ

337 5310 568 5377 θέμενο,
599 5305 855 5370 σπονδὰς,
889 5305 1162 5375 ἐξέπεμψε
1229 5305 1395 5375 μηδὲν
1440 5303 1754 5374 ἠδικηκέναι
1786 5301 2133 5373 είρηκὼς,δι’
2160 5302 2188 5355 ὅ
2218 5302 2443 5368 δικαίως
2475 5304 2761 5373 ἀμυνεῖται
2796 5301 3070 5373 βασιλεὺς,
3102 5303 3194 5354 καὶ
3242 5301 3588 5374 ἀνέστρεφω

340 5401 429 5462 είς
460 5398 558 5468 τὴν
586 5398 822 5452 οἰκείαν.
