3998 6204
589 284 722 349 1115

1762 287 2089 351 JOANNIS
2125 289 2654 352 CANTACUZENI

3615 295 3712 364 1116

1896 445 2058 517 περ
2091 443 2318 500 CAPUT
2360 444 2522 502 Lxx.

584 532 906 589 Momitzilus
956 544 1060 590 tres
1108 553 1265 592 naues
1293 537 1534 591 Persicas
1566 539 1755 592 exurit.
1797 539 1974 592 Persa:
2024 537 2214 602 reliqui
2269 540 2464 600 socios,

2543 557 2635 594 nos
2668 539 2732 594 ab
2783 537 2962 593 eodem
2999 537 3185 592 occisos
3242 536 3367 606 {also
3405 537 3718 606 intellexerant,

656 605 835 679 ulcisci
874 607 1080 679 ardent.
1111 605 1408 673 Imperator
1435 607 1498 660 de
1531 609 1810 679 improviso
1840 607 2241 679 superueniente
2271 605 2579 679 Momitsilo,
2615 626 2868 679 magnum
2917 607 3027 660 adit
3061 605 3432 679 periculum._et_
3455 611 3544 661 suis
3573 610 3721 678 fugien-

656 675 808 734 tibus,
843 686 1029 748 contra
1060 678 1384 748 insequentes
1406 675 1618 748 sirenae
1667 693 1722 729 se
1775 675 2028 746 defendit.
2062 675 2367 748 Lantzareti
2400 677 2628 744 ﬁdelitas
2666 675 2790 748 ergo
2822 678 3089 730 dominum
3128 692 3289 748 quam
3319 675 3519 743 ﬁdeliter
3546 675 3722 730 nam.

655 746 1142 817 raturimperator.
1196 745 1521 817 Momitzilns
1550 747 1768 816 despota
1813 745 1874 800 ab
1923 746 2258 815 imperatrice
2296 757 2529 806 creatur,
2565 749 2650 800 cui
2696 745 2902 801 ueniam
2946 747 3137 816 petenti
3174 746 3446 812 imperator
3482 749 3668 817 ignoscit,
3689 758 3723 800 et

652 813 765 878 eius
797 815 1107 883 dignitatem
1137 825 1313 884 auget.
1344 815 1522 870 Persa:
1551 832 1615 870 ea:
1645 813 1800 887 pacto
1830 813 2127 870 missionem
2155 821 2359 885 petunt,
2389 825 2438 868 et
2473 817 2530 870 in
2548 818 2738 871 'Asiam
2772 813 3127 871 reuertantur.

660 951 955 1020 Imperator
1002 965 1124 1004 cum
1185 960 1239 1005 ct
1274 952 1639 1006 Alexandrum
1680 950 1986 1006 snbmotum
2025 964 2146 1004 esse

2319 949 2581 1013 Βασιλεὺς
2603 950 2660 1003 δὲ
2691 949 2944 1020 ἀσμένως
2970 939 3469 1017 ἀποσκευασάμενος
3508 950 3584 1000 καὶ
3613 950 3719 1002 Ἀλέ-

583 1042 880 1112 gauderet,
941 1041 1371 1109 lleracleenses,
1436 1042 1780 1112 imperatoris
1835 1042 2153 1097 adolescen-

585 1133 654 1186 tis
711 1131 984 1185 studiosos
1042 1131 1299 1184 invadere
1366 1133 1609 1200 parabat,
1666 1146 1790 1185 cum
1832 1129 2155 1185 Momitzilus

581 1239 612 1277 a
649 1223 920 1293 Byzantiis
945 1223 1000 1276 in
1037 1236 1162 1276 eum
1190 1224 1456 1288 irritatus,
1489 1232 1548 1276 ut
1595 1222 2154 1298 Didymoticbnmre-

582 1315 795 1367 venisse
844 1314 1118 1383 cognovit,
1173 1313 1459 1367 Abderitas
1484 1313 1702 1372 invasit.
1766 1314 1858 1368 ubi
1907 1313 2153 1384 quinde-

581 1404 688 1456 cim
720 1419 886 1458 naves
920 1405 988 1457 ab
1040 1403 1265 1456 Amurio
1317 1404 1380 1456 ad
1440 1404 1822 1472 imperatorem
1873 1405 2156 1475 suppetias

585 1496 766 1548 missze
797 1496 1016 1549 stabant
1046 1495 1099 1547 in
1129 1495 1333 1558 littore,
1359 1509 1492 1563 quas
1518 1495 1734 1548 ducenti
1759 1495 2154 1567 quinquaginta

585 1585 764 1638 Persae
783 1585 1186 1649 custodiebant,
1227 1584 1450 1652 reliquis
1495 1584 1888 1652 imperatorem
1917 1601 2154 1655 sequen-

586 1681 753 1733 tibus.
797 1677 872 1730 Ex
925 1677 1010 1731 his
1071 1677 1395 1731 Momitzilns
1427 1677 1519 1730 illo
1563 1677 1768 1746 impetu
1823 1679 2005 1731 bostili
2046 1689 2155 1733 tres

591 1769 861 1834 incendit,
893 1755 1062 1822 nemo
1091 1777 1269 1822 tamen
1311 1767 1598 1820 Persarum
1627 1769 1852 1821 interiit.
1893 1768 2032 1822 Tum
2068 1786 2154 1825 re-

586 1860 768 1928 liquis,
791 1861 881 1928 qui
915 1859 1058 1928 apud
1114 1860 1502 1928 imperatorem
1546 1868 1707 1912 erant
1736 1857 1936 1922 Persis,
1967 1860 2154 1914 nescio

584 1949 707 2015 quis
734 1950 1028 2013 nuntiavit,
1063 1949 1418 2003 Momitzilum
1467 1965 1636 2003 naves
1674 1950 1739 2002 ad
1790 1967 1952 2004 unam
1989 1966 2154 2005 exus-

584 2041 742 2103 sisse,
770 2049 824 2095 ct
848 2041 1102 2095 custodes
1134 2042 1224 2093 ad'
1253 2056 1422 2095 unum
1454 2041 1832 2106 obtruncasse,
1879 2042 2153 2097 neminem

583 2131 820 2202 cti'ugere
875 2132 1139 2202 potuisse.
1191 2131 1295 2198 Qui
1359 2133 1607 2202 protinus
1663 2148 1812 2186 arma
1871 2134 2155 2202 capientes

583 2235 708 2274 cum
741 2221 942 2276 adoriri
996 2221 1323 2292 gestiebant,
1372 2230 1426 2275 et
1467 2220 1786 2290 imperatori
1825 2230 2014 2275 contra
2051 2236 2151 2275 ve-

583 2311 784 2373 nienti,
843 2291 1158 2381 dicentique
1208 2321 1333 2380 post
1387 2313 1625 2366 reditum
1673 2312 1738 2366 ab
1794 2311 2052 2366 Heraclea
2098 2312 2155 2365 in
2185 2291 2227 2347 Β

582 2413 706 2452 eum
744 2414 846 2467 qua
880 2413 973 2467 par
1021 2407 1164 2454 esset
1214 2415 1347 2453 cura
1404 2409 1459 2454 et
1490 2401 1672 2455 studio
1700 2402 1928 2472 pugnari
1973 2417 2152 2471 posse,

582 2496 639 2542 et
684 2489 1086 2558 expeditionem
1146 2490 1562 2545 Heracleensem
1618 2492 1803 2546 multis
1855 2493 1921 2546 de
1975 2494 2156 2546 causis

583 2581 755 2650 magis
804 2580 974 2635 videri
1025 2581 1392 2636 necessariam
1443 2583 1773 2645 ostendenti,
1829 2583 1904 2635 illi
1967 2592 2156 2636 contra

583 2672 988 2741 respondebant
1025 2672 1158 2726 nihil
1184 2681 1290 2726 tam
1309 2673 1675 2727 necessarium
1699 2687 1756 2726 se.
1779 2681 1970 2742 putare
1991 2687 2154 2742 quam

582 2776 806 2816 suorum
838 2761 1042 2816 civium
1090 2778 1278 2818 necem
1306 2763 1516 2817 ulcisci.
1551 2762 1893 2832 Perspiciens
1921 2761 2158 2832 impera-

584 2861 671 2905 tor
700 2868 799 2907 eos
828 2853 1070 2907 cohiberi
1113 2869 1220 2906 non
1268 2869 1446 2923 posse,
1477 2868 1583 2906 una
1618 2853 1928 2923 manipulos
1964 2851 2160 2908 Roma-

581 2959 683 2998 nos
706 2945 892 3010 mittit,
934 2945 1100 2999 simul
1133 2955 1190 2999 ut
1238 2946 1609 3015 regiunculam
1669 2945 1950 3000 Momitzili
2008 2947 2158 3001 velut

582 3034 758 3102 aperti
802 3034 1104 3088 desertoris
1161 3034 1629 3104 depraedarentur,
1667 3033 1828 3088 simul
1863 3037 1990 3104 quia
2031 3038 2155 3090 bar-

582 3119 730 3174 boris
755 3120 1055 3186 metuebat,
1116 3135 1187 3174 ne
1234 3123 1302 3175 ab
1349 3121 1442 3175 illo
1486 3121 1692 3190 justum
1752 3122 1864 3192 jam
1927 3123 2153 3180 babenti

583 3211 922 3275 exercitum,
973 3220 1029 3265 et
1089 3212 1321 3266 ducibus
1395 3213 1540 3268 illius
1598 3213 1776 3268 aetatis
1831 3216 2054 3271 audacia
2099 3225 2157 3272 et

582 3302 752 3357 animi
819 3303 1146 3360 celsitudine
1213 3304 1350 3359 nihil
1400 3305 1771 3374 concedente,
1821 3307 2151 3365 delerentur.

589 3392 920 3450 Momitzilus
959 3395 1012 3450 id
1062 3396 1206 3466 quod
1237 3395 1420 3452 evenit
1449 3397 1762 3468 suspirione
1803 3402 2150 3471 praecipiens,

584 3501 703 3540 eam
736 3487 996 3543 nimirum
1031 3487 1280 3557 injuriam
1326 3488 1707 3558 imperatorem
1753 3491 1983 3546 inultam
2042 3473 2151 3548 non

582 3592 892 3649 passurum,
927 3576 1020 3634 sed
1047 3594 1266 3633 manum
1304 3589 1495 3634 contra
1539 3595 1601 3634 se
1646 3581 1966 3646 missurum,
1999 3596 2154 3652 spar-

583 3685 673 3725 sos
703 3685 798 3740 per
853 3671 1131 3740 regionem
1168 3681 1410 3740 agrestes
1447 3672 1501 3725 in
1553 3672 1773 3742 oppida,
1829 3683 1883 3728 et
1936 3674 2156 3728 castella

582 3761 874 3825 contraxit,
900 3775 1127 3828 seseque
1167 3764 1234 3814 ad
1263 3759 1615 3829 przeliandum
1650 3760 1928 3815 instruxit.
1958 3762 2156 3816 Verum

583 3853 674 3906 ubi
715 3854 1090 3928 animadvertit
1127 3869 1192 3906 ex
1231 3852 1413 3907 Persis
1467 3864 1521 3908 et
1566 3854 1829 3908 Romanis
1896 3864 2158 3910 constan-

583 3956 693 3999 tem
731 3931 1026 4000 exercitnm
1063 3944 1380 3999 validiorem
1401 3960 1542 4009 esse,
1571 3960 1734 4015 quam
1785 3954 1844 3999 ut
1877 3946 1926 4000 ei
1962 3961 2021 4000 se
2059 3947 2156 4001 de—

583 4039 740 4094 beret
771 4053 894 4092 cum
929 4038 1171 4107 periculo
1216 4037 1474 4106 objicere,
1524 4037 1577 4089 in
1625 4037 1914 4106 praesentia
1963 4039 2156 4107 ereptis

583 4127 1069 4196 supersedendum,
1094 4140 1393 4193 eorumque
1419 4125 1712 4195 direptioni
1741 4127 2152 4197 indulgendum,

583 4220 968 4274 recedentibus
1001 4227 1180 4273 autem
1228 4219 1630 4278 inhaerendum.
1661 4228 1717 4273 et
1755 4219 1797 4271 si
1823 4235 1930 4288 quo
1980 4222 2157 4289 possit

583 4312 782 4364 damno
826 4309 1145 4364 mactandos
1197 4308 1375 4364 duxit.
1409 4307 1544 4363 Cum
1607 4307 1720 4363 suis
1775 4324 1939 4378 porro
1978 4310 2155 4379 copiis

583 4401 1007 4467 Peritbeorium,
1046 4400 1206 4471 590
1232 4417 1352 4470 qua:
1377 4401 1557 4454 adhuc
1586 4404 1642 4453 in
1676 4399 1779 4454 tlde
1811 4399 2154 4469 imperatoris

581 4493 858 4558 manebat,
916 4492 1023 4546 illic
1081 4493 1318 4547 hostium
1389 4493 1685 4545 discessum
1737 4499 2154 4557 cxspectaturus

583 4587 881 4640 concessit.
917 4586 1187 4639 Caeterum
1232 4583 1550 4652 imperatori
1588 4592 1643 4636 et
1676 4581 1779 4650 ipsi
1803 4580 2154 4634 Catnntzenis

581 4679 815 4731 reditum
879 4691 1102 4730 suorum
1165 4675 1538 4745 prmstolanti,
1589 4675 1764 4727 visum
1816 4672 2150 4743 animantum

581 4768 1067 4838 progrediendum,
1097 4767 1142 4820 si
1177 4768 1312 4820 forte
1348 4766 1657 4835 quampiam
1689 4765 1756 4818 de
1781 4764 1888 4819 illis
1919 4765 2155 4818 auditio-

583 4874 708 4913 nem
738 4860 1032 4929 acciperet,
1064 4866 1119 4912 et
1143 4873 1316 4926 usque
1357 4858 1426 4913 ad
1452 4859 1640 4913 urbem
1677 4857 1954 4924 antiquam
1979 4857 2150 4910 Mese-

2255 1041 2500 1114 ξανδρον,
2519 1044 2962 1114 παρεσκευάζετο
2992 1045 3069 1106 ὡς
3095 1045 3208 1104 τοῖς
3235 1042 3312 1104 είς
3346 1042 3627 1112 Ἡράκλειαν
3645 1045 3726 1096 ἔπι-

2255 1134 2606 1206 στρατεύσων
2639 1134 2759 1204 ἅμα
2790 1134 2868 1204 τῷ
2903 1134 3009 1205 νέῳ
3041 1132 3260 1186 συνοῦσι
3290 1132 3484 1202 βασιλεῖ
3505 1147 3517 1161 ·
3568 1132 3724 1199 Monn-

2255 1226 2400 1289 ζίλος
2427 1226 2485 1278 δὲ
2523 1227 2628 1278 ὑπὸ
2660 1225 2770 1278 τῶν
2801 1227 2858 1278 ἐν
2895 1224 3174 1295 Βυζαντίῳ
3215 1223 3535 1292 πεπυσμένος
3556 1223 3729 1291 πόλεμον

2253 1315 2490 1386 ἄρασθαι
2522 1315 2661 1386 πρὸς
2694 1314 2944 1384 βασιλέα,
2967 1315 3088 1366 ἐπεὶ
3111 1316 3192 1375 είς
3216 1312 3569 1380 Διδυμὸτειχον
3587 1311 3730 1381 ᾔσθετο

2253 1408 2577 1476 ἀφιγμένον,
2618 1399 2943 1475 Λύδηρίταις
2988 1404 3440 1473 ἐπεστράτευσεν,
3469 1404 3520 1454 ἐν
3559 1396 3624 1464 οἷς
3653 1400 3732 1470 ὡρ-

2258 1498 2472 1568 μίζοντο
2493 1499 2549 1549 at
2577 1498 2842 1568 πρότερον
2878 1497 3248 1566 παρὰἈμοὺρ
3279 1493 3627 1547 πεντεκαίδεκα
3645 1493 3732 1560 νῆες

2255 1589 2391 1658 πρὸς
2421 1588 2640 1658 βασιλέα
2695 1587 2837 1640 κατὰ
2873 1587 3194 1657 συμμαχίαν
3241 1585 3540 1655 άφιγμέναι,
3562 1585 3616 1646 ἃς
3643 1584 3735 1651 ἐφύ-

2253 1679 2449 1732 λαττον
2483 1683 2827 1748 πεντήκοντα
2859 1680 2954 1732 καὶ
2979 1679 3246 1732 διακόσιοι
3280 1678 3490 1748 Περσῶν
3510 1694 3523 1709 ο
3549 1679 3590 1730 ot
3609 1677 3734 1728 λοιποί

2255 1769 2310 1821 δὲ
2344 1772 2583 1839 συνῆσαν
2617 1769 2828 1838 βασιλεῖ
2851 1787 2864 1802 ’
2908 1768 2968 1836 ἐξ
3014 1762 3090 1822 ὧν
3116 1771 3144 1822 δ
3185 1767 3499 1837 Μομιτζίλος
3533 1766 3649 1819 κατὰ
3669 1764 3734 1833 τὴν

2255 1841 2442 1926 εφοδον
2473 1859 2688 1928 ἐκείνην
2717 1859 2989 1929 ἐνέπρησε
3032 1859 3206 1928 τρεῖς,
3237 1857 3343 1909 τῶν
3373 1857 3532 1910 ἄλλων
3557 1871 3736 1921 περισω-

2255 1947 2473 2009 θεισῶν,
2529 1949 2754 2016 Περσῶν
2813 1949 2872 2001 δὲ
2906 1948 3156 2001 ἀπώλετο
3203 1949 3394 2008 οὐδείς.
3431 1948 3555 2016 Πρὸς
3578 1945 3736 2013 diﬁcit:

2255 2041 2466 2110 βασιλεῖ
2498 2043 2756 2105 συνόντας
2796 2059 2883 2105 τις
2915 2041 3108 2107 ἐλθὼν,
3149 2041 3227 2104 ὡς
3256 2040 3385 2103 ναῦς
3409 2058 3463 2093 τε
3508 2039 3734 2108 συμπάσας

2254 2132 2556 2202 ὶμπρήσειε
2603 2133 2937 2202 Μομιτζίλος
2988 2132 3234 2185 ἐπελθὼν
3272 2132 3364 2186 καὶ
3400 2132 3514 2192 τοὺς
3555 2129 3736 2198 φύλακες

2255 2229 2620 2292 ἀποκτείνειε,
2649 2227 2933 2294 διαδράναι
2956 2226 3278 2294 δυνηθέντος
3298 2224 3506 2296 μηδενὸς
3528 2222 3739 2292 ἀπήγγελο

2257 2320 2366 2372 λεν.
2400 2320 2462 2371 Οἱ
2495 2318 2540 2369 δ’
2569 2315 2708 2388 ἦσαν
2757 2319 2815 2369 ὲν
2846 2320 2956 2379 τοῖς
2988 2317 3177 2378 ὅπλοις
3221 2315 3400 2379 εὐθὺς,
3435 2316 3520 2368 καὶ
3547 2312 3740 2381 ὥρμηντο

2256 2407 2576 2479 Μομιτξίλῳ
2602 2408 2814 2460 ἐπιέναι
2840 2423 2856 2439 ο
2902 2405 3175 2476 βασιλέως
3205 2405 3263 2458 δὲ
3291 2405 3507 2457 κωλύειν
3529 2400 3740 2470 πειρωμίο

2257 2515 2372 2563 νου,
2399 2497 2474 2560 ὡς
2508 2495 2644 2564 μετὰ
2669 2495 2770 2563 τὴν
2798 2493 2855 2560 ἐξ
2898 2495 3233 2564 Ἡρακλείας
3260 2492 3504 2546 ἐπάνοδον
3545 2493 3739 2557 Interp-

2255 2588 2552 2649 τεύσοντας
2579 2587 2774 2655 ἐκείνῳ
2801 2585 2943 2657 μετὰ
2971 2587 3068 2655 τῆς
3089 2584 3470 2655 προσηκούσης
3498 2579 3743 2650 ἐπιμελείας

2255 2680 2352 2734 καὶ
2382 2677 2644 2747 σπουδῆς,
2677 2679 2773 2730 καὶ
2805 2676 3248 2745 ἀναγκαιοτέραν
3280 2675 3376 2742 τὴν
3400 2676 3474 2733 είς
3489 2671 3743 2739 Ἡράκλειαν

2260 2767 2554 2839 στρατείαν
2585 2768 2650 2819 ὲκ
2677 2765 2888 2819 πολλῶν
2914 2764 3364 2828 ἀποδεικνύντος.
3395 2763 3506 2816 οὐδὲ
3525 2756 3746 2826 ἀναγκαιό-

2255 2875 2413 2930 τερον
2446 2859 2656 2928 ἔφασαν
2674 2859 2874 2911 ἐκεῖνοι
2908 2856 3000 2909 τοῦ
3037 2855 3343 2924 ἀμύνεσθαι
3364 2854 3496 2922 ὑπὲρ
3524 2849 3604 2904 τοῦ
3632 2849 3747 2916 φόνον

2254 2951 2362 3004 τῶν
2387 2947 2698 3018 ὁμοφύλων.
2734 2947 2911 3018 Ὁρῶν
2941 2947 2998 3000 δὲ
3034 2947 3062 3000 δ
3087 2945 3369 3016 βασιλεὺς,
3403 2944 3476 3007 ὡς
3505 2942 3570 3013 μὴ
3589 2939 3748 2994 δύναιτο

2257 3042 2534 3110 κατέχειν,
2557 3038 2652 3092 καὶ
2681 3037 2779 3107 τὴν
2810 3036 3098 3107 Ῥωμαίων
3129 3035 3504 3106 συνεξέπεμπε
3532 3028 3747 3100 στρατιὰν.

2257 3134 2373 3203 ἅμα
2402 3131 2501 3200 μὲν
2534 3129 2895 3184 κακώσουσαν
2949 3129 3020 3181 τά
3064 3127 3403 3198 Μομιτζίλου
3431 3124 3526 3196 ἠδη
3563 3116 3750 3192 φανερῶς

2255 3222 2640 3294 ἀφεστηκότος,
2665 3222 2780 3292 ἅμα
2799 3221 2856 3274 δὲ
2882 3219 3123 3290 καὶπερὶ
3141 3207 3752 3290 τῶνβαρϐάρωνδεδοικῶς

2258 3313 2337 3386 μὴ
2360 3313 2733 3386 διαφθαρῶσιν
2763 3311 2856 3366 ὑπ’
2883 3311 3113 3375 ἐκείνου,
3143 3310 3441 3380 ἀξιόμαχον
3465 3299 3754 3376 στρατόπεδον

2254 3407 2358 3478 ἠδη
2418 3405 2762 3475 κεκτημένου
2801 3405 2898 3458 καὶ
2924 3405 3062 3474 πρὸς
3091 3402 3302 3473 τόλμαν
3333 3401 3426 3455 καὶ
3452 3393 3756 3467 εὖψυχίανοὺο

2254 3499 2406 3563 δενδς
2433 3499 2540 3551 τῶν
2563 3499 2687 3551 τότε
2716 3496 3071 3565 λειπομένου.
3097 3493 3434 3564 Μομιτζίλος
3461 3489 3514 3543 δὲ
3532 3489 3647 3555 ὅπερ
3665 3480 3756 3548 ἑτέ·

2257 3607 2380 3644 νετο
2410 3586 2810 3650 ὑπωπτευκὼς,
2839 3586 2914 3650 ῶς
2935 3587 3037 3639 οὐκ
3067 3585 3134 3641 ἂν
3169 3585 3461 3655 ἀνάσχοιτο
3486 3580 3574 3650 τὴν
3594 3572 3756 3644 ὖδρινὸ

2263 3682 2538 3754 βασιλεὺς,
2579 3679 2695 3735 ἀλλ’
2744 3677 2832 3732 ἔπ’
2871 3678 3036 3733 αὐτὸν
3068 3677 3280 3747 πέμψοι
3323 3673 3587 3747 στρατιάν,
3616 3667 3697 3737 τήν
3716 3677 3758 3713 τι

2257 3776 2443 3846 χώραν
2470 3772 2808 3828 συνέστειλεν
2841 3773 2920 3834 είς
2950 3770 3048 3832 τὰς
3102 3769 3312 3834 πόλεις,
3353 3768 3447 3822 καὶ
3468 3766 3532 3818 τά
3573 3758 3756 3832 φρούρει

2258 3872 2355 3923 καὶ
2385 3868 2547 3932 asta;
2597 3867 3037 3938 παρεσκεύαστο,
3065 3863 3140 3927 ὡς
3173 3863 3271 3916 επὶ
3321 3861 3515 3933 μάχην.
3549 3852 3692 3924 Ὁρῶν
3717 3848 3758 3901 δὲ

2255 3962 2358 4031 τὴν
2412 3961 2637 4030 Περσῶν
2670 3961 2766 4013 καὶ
2805 3957 3094 4026 Ῥωμαίων
3126 3955 3392 4026 στρατιάν
3442 3945 3760 4031 δυνατωτέραν

2257 4029 2442 4116 οὖσαν,
2532 4048 2674 4102 ὥστε
2709 4045 3132 4100 διακινδυνεύειν
3160 4045 3298 4115 πρὸς
3318 4043 3504 4112 αὐτὴν,
3525 4039 3578 4091 τδ
3597 4036 3672 4087 νῦν
3689 4029 3759 4095 μὲν

2258 4141 2404 4210 ἕχον,
2439 4139 2582 4208 ἔγνω
2610 4137 2928 4210 ἡσυχάζειν,
2968 4137 3064 4190 καὶ
3087 4137 3180 4188 ἐπὶ
3209 4134 3500 4205 λεηλασίαν
3525 4121 3759 4198 τρέπεσθαι

2256 4235 2374 4302 ὲᾷν,
2406 4231 2811 4300 άναστρέφουσι
2851 4227 2908 4280 δὲ
2945 4226 3292 4280 ἐπιτίθεσθαι
3322 4228 3416 4279 καὶ
3449 4221 3691 4292 βλάπτειν,
3712 4211 3759 4280 ἦν

2254 4341 2305 4376 τι
2334 4322 2555 4391 δύνηται
2580 4337 2594 4351 ο
2635 4321 2730 4372 καὶ
2762 4320 2862 4389 τὴν
2920 4317 3177 4389 στρατιὰν
3225 4317 3390 4386 ἔχων,
3417 4313 3552 4368 κατὰ
3572 4311 3623 4363 τὺ
3645 4309 3760 4373 Περι-

2255 4412 2483 4484 θειῦριον
2508 4411 2612 4464 ὑπὸ
2635 4410 2879 4481 βασιλίδα
2907 4407 2990 4461 ἔτι
3006 4407 3195 4461 τελοῦν
3219 4407 3486 4478 διέτριϐεν
3511 4400 3675 4460 ἐλθὼν,
3692 4394 3760 4447 καὶ

2253 4505 2351 4574 τὴν
2393 4502 2680 4567 ἀνάζευξιν
2713 4501 3008 4571 περιέμενε
3045 4501 3145 4572 τῆς
3202 4501 3486 4571 στρατιᾶς.
3519 4491 3702 4549 Βασιλεῖ
3721 4487 3760 4539 δὲ

2253 4595 2332 4666 τῷ
2366 4593 2812 4662 Καντακουζηνῷ
2870 4594 2926 4645 ὲν
2976 4591 3391 4661 Κουμουζηνοῖς
3421 4591 3514 4648 τὴν
3559 4579 3759 4637 ἐπάνοδον

2257 4687 2357 4754 τῆς
2398 4683 2652 4753 στρατιᾶς
2685 4682 2779 4734 καὶ
2817 4679 2966 4749 αὐτῷ
2994 4679 3337 4749 ἐκδεχομένῳ
3362 4678 3530 4731 ἐδόκει
3555 4674 3650 4727 δεῖν
3666 4681 3762 4736 προ-

2255 4775 2432 4828 ελθεῖν
2455 4774 2545 4827 ἐπὶ
2577 4774 2793 4844 μικρδν,
2822 4773 2875 4824 εῐ
2915 4789 3030 4834 πως
3061 4773 3303 4839 ἐγένοιτο
3345 4769 3494 4838 παρὰ
3514 4765 3642 4819 τουτὶ
3667 4756 3761 4824 περὶ

2255 4866 2354 4934 τῆς
2391 4866 2651 4935 στρατιᾶς
2686 4862 2952 4916 πυθέσθαι
2977 4871 2994 4886 “
3024 4863 3120 4917 καὶ
3151 4861 3422 4932 προῆλθεν
3463 4859 3578 4931 ἄχρι
3604 4851 3761 4910 πόλεως

581 4966 713 5015 nen,
766 4951 876 5021 jam
929 4950 1062 5003 olim
1119 4949 1381 5014 dirutam,
1433 4964 1558 5003 cum
1619 4947 1880 5000 comitatu
1934 4948 2154 5001 circiter

2259 4959 2513 5027 Μεσήνης
2548 4957 2785 5018 παλαιᾶς
2813 4960 2876 5009 ὲκ
2904 4955 3113 5009 πολλῶν
3154 4957 3292 5010 ἑτῶν
3337 4946 3759 5019 κατεσκαμμένης.

583 5042 862 5112 sexaginta
914 5041 1146 5096 militum
1191 5049 1380 5096 vectus
1409 5049 1513 5094 est.
1566 5037 1644 5094 lbi
1704 5054 1824 5091 cum
1881 5038 1949 5092 ab
2002 5039 2156 5106 cquis

2256 5051 2381 5103 ὅσον
2405 5049 2672 5117 ἑξήκοντα
2701 5048 2838 5118 ἔχων
2862 5047 3162 5117 ἑπομένους
3191 5046 3545 5118 στρατιώτας.
3583 5031 3760 5095 ’8κείδέ

584 5135 1022 5199 descendissent,
1078 5135 1260 5191 missis
1322 5133 1474 5203 prius
1539 5132 1991 5202 speculatoribus,
2057 5133 2152 5201 qui

2255 5140 2344 5193 τοῦ
2375 5140 2541 5192 ἵππου
2574 5141 2711 5208 μετὰ
2741 5138 2851 5191 τῶν
2894 5138 3163 5190 συνόντων
3189 5137 3426 5200 άτῶὄὰς,
3456 5130 3666 5189 σκοποὺς
3691 5121 3761 5193 μὲν

583 5227 772 5298 procul
793 5227 1170 5289 observarent.
1200 5241 1392 5281 somno
1447 5226 1746 5293 obrepente
1780 5224 2030 5278 dormivit
2054 5222 2154 5277 ali-

2255 5230 2466 5300 ἐπεμπε
2518 5230 2782 5300 πρότερον
2832 5228 3124 5297 φυλάττειν
3175 5226 3490 5298 πόρρωθεν⁹
3523 5208 3760 5300 mutari“?

582 5320 852 5389 quandiu,
881 5329 1046 5387 atque
1074 5319 1218 5373 inter
1249 5317 1635 5373 dormiendum
1669 5318 1808 5370 hanc
1828 5330 2015 5370 vocem
2049 5331 2150 5370 au-

2255 5322 2307 5374 δὲ
2340 5298 2589 5390 ληφθεὶξ,
2649 5319 2929 5373 θπνωττεν
2962 5319 3056 5371 ἐπὶ
3115 5318 3314 5388 μικρόν
3341 5332 3357 5348 ο
3399 5298 3760 5390 ὑπνώττοντιᾷ

585 5386 709 5473 diit,
741 5429 759 5461 ι
788 5386 1194 5480 Expergiscere,
1223 5409 1314 5478 qui
1348 5409 1574 5474 dormis,
1605 5417 1660 5462 et
1688 5420 1905 5476 resurge
1935 5420 1964 5460 a
1995 5422 2144 5461 mor-

2255 5386 2481 5481 ἠκούετο
2531 5410 2761 5476 λέγουσα
2791 5409 2940 5479 φωνή
2967 5424 3012 5459 ⁸(
3029 5386 3310 5476 Ἐχειραι,
3338 5409 3366 5458 ὁ
3393 5399 3663 5459 καθεύδων,
3691 5386 3761 5481 καὶ

585 5503 715 5567 tuis,
737 5511 794 5556 et
816 5499 1210 5556 iituminabitte
1237 5498 1538 5554 Christus.)
1576 5498 1692 5565 Qua
1720 5514 1854 5555 voce
1884 5499 2146 5555 confusus

2255 5480 2461 5555 ἀνάστα
2479 5501 2541 5552 ὲκ
2554 5499 2661 5553 τῶν
2673 5497 2904 5568 νεκρςῦν,
2932 5499 3026 5548 καὶ
3057 5494 3347 5564 ἐπιφαύσει
3371 5509 3449 5545 σοι
3471 5491 3498 5543 δ
3524 5480 3756 5584 Χρισῖόξιν

582 5593 778 5661 animi,
808 5601 1033 5663 repente
1061 5592 1324 5658 surrexit,
1371 5598 1426 5646 et
1473 5606 1587 5648 rem
1616 5593 1979 5663 praesentibus
2008 5591 2151 5647 indi-

2275 5593 2502 5660 Ἀνέστη
2533 5591 2631 5661 μὲν
2655 5588 2750 5644 οὖν
2778 5588 3003 5655 αὐτίκα,
3026 5589 3130 5641 ὑπὸ
3157 5589 3252 5656 τῆς
3279 5580 3460 5654 φωνῆς
3477 5572 3758 5663 θορυσηθεὶςς

585 5655 989 5741 σανὶιίΔάευιιι
1031 5683 1159 5740 item
1207 5655 1597 5754 speculatores,
1616 5655 1917 5742 narrantes
1944 5681 2156 5740 exerci-

2272 5685 2368 5740 καὶ
2417 5655 2545 5746 τοίξ
2561 5679 2798 5751 παροῦσι
2833 5678 3087 5748 διηγεῖτο.
3123 5655 3271 5747 ’Λμα
3307 5675 3364 5728 δὲ
3410 5673 3499 5726 καὶ
3532 5670 3576 5721 oi
3615 5655 3760 5717 σκοποὶ
