3998 6204
318 317 455 382 1111

314 426 662 497 ἀπήγγελλον
717 423 962 485 ἐλθόντες
987 463 1001 486 ,

314 519 562 590 ἀκριϐῶς
598 517 656 569 δὲ
688 516 787 568 οὐκ
820 511 963 583 εἶχον
990 512 1187 566 εἰδέναι
1218 511 1340 565 ὅθεν
1373 510 1486 579 εἴη.
1523 509 1788 570 Βασιλεὺς
1822 506 1881 560 δὲ

314 613 413 666 καὶ
465 611 515 663 οἱ
551 610 681 678 περὶ
714 607 878 659 αὐτὸν
931 604 1190 675 ᾠήθησαν
1232 604 1332 672 μὲν
1358 596 1498 655 εἶναι
1530 603 1629 672 τὴν
1670 600 1880 653 οἰκείαν

315 701 766 768 ύποστρέφοσσαν
823 696 887 748 ἐκ
939 695 1040 763 τῆς
1070 694 1384 764 λεηλασίας.
1415 692 1605 760 Ὅμως
1649 689 1756 742 ὑπὸ
1786 687 1883 757 τῆς

315 791 461 846 κατὰ
509 789 635 850 τοὺς
674 785 874 848 ὕπνους
903 783 1344 854 τεθορυϐημένος
1399 780 1610 850 φωνῆς,
1641 778 1767 841 τούς
1823 795 1882 831 τε

316 879 656 952 νεμομένους
693 879 894 939 ἵππους
933 878 1050 929 ἐκεῖ
1077 875 1471 951 τῆςκστρατιᾶς
1511 871 1730 925 ἐκέλευε
1758 873 1884 932 τοὺς

317 971 522 1040 νομέας
554 969 788 1035 ἀπάγειν
817 969 897 1029 είς
923 964 1344 1034 Κουμουτζηνὰ,
1386 963 1482 1015 καὶ
1506 959 1762 1031 Μανουὴλ
1792 960 1883 1011 τὸν

319 1060 745 1131 Ταρχατειώτην
797 1059 862 1110 ἐκ
899 1057 1008 1116 τῶν
1060 1055 1344 1126 παρόντων
1377 1053 1593 1120 ὀλίγους
1633 1051 1885 1104 ἐκέλευεν

319 1152 751 1220 ἀπολεξάμενον,
782 1149 911 1203 εὐθὺ
931 1148 1031 1218 τῆς
1057 1147 1358 1216 ἐρχομένης
1382 1145 1642 1213 στρατιᾶς
1662 1144 1884 1213 χωρεῖν,

321 1247 418 1298 καὶ
455 1241 930 1297 κατασκάπτεσθαι
957 1240 1077 1294 ὅθεν
1104 1239 1187 1310 εῐη
1216 1255 1229 1268 °
1262 1237 1422 1300 αὐτὸς
1460 1237 1517 1290 δὲ
1545 1235 1885 1304 ἀνελάμϐανε

320 1339 392 1388 τὰ
426 1336 567 1388 ὅπλα
602 1333 743 1403 μετὰ
779 1333 887 1385 τῶν
917 1331 1208 1385 συνόντων.
1241 1330 1411 1384 Οῠπω
1441 1329 1498 1382 δέ
1524 1328 1887 1396 ὡπλισμένων

321 1426 602 1488 παντελῶς
629 1425 1063 1494 τεθορυϐημένος
1094 1422 1367 1492 ἐπανῆκεν
1396 1425 1422 1474 6
1443 1418 1883 1491 Ταρχανειώτης,

323 1518 634 1586 πολεμίους,
688 1513 828 1568 εἶναι
861 1515 1084 1584 φάσκων
1111 1516 1236 1578 τοὺς
1291 1517 1564 1574 ἐπιόντας.
1621 1511 1789 1568 Οὕπω
1831 1509 1888 1562 δὲ

325 1612 437 1663 πᾶν
465 1611 650 1679 εῖρητο
683 1608 832 1672 ἔπος,
874 1610 968 1661 καὶ
995 1609 1045 1661 οἱ
1087 1588 1339 1679 πολέμίοι
1387 1609 1660 1680 παρῆσαν.
1695 1602 1805 1659 Ἦν
1833 1605 1890 1657 δὲ

325 1704 355 1753 ό
394 1701 745 1770 Μομιτζίλος,
772 1699 974 1768 χιλίους
999 1702 1147 1766 ἄγων
1175 1700 1518 1762 ἐπιλέκτους,
1547 1697 1699 1769 παρά
1729 1712 1890 1749 τινων

327 1792 713 1854 κατασκόπων,
747 1789 842 1854 οὓς
873 1791 1118 1859 ἐπεμψεν
1147 1791 1308 1854 αὐτὸς
1339 1791 1468 1863 περὶ
1505 1791 1768 1862 βασιλέως
1803 1805 1892 1840 πεο

328 1881 627 1950 πυσμένος,
658 1883 739 1934 ὅτι
772 1884 828 1934 ἐν
860 1883 1086 1955 Μεσήνῃ
1120 1884 1180 1935 τὺ
1215 1883 1308 1936 νῦν
1334 1883 1456 1953 ἔχον
1489 1877 1891 1951 διατρίϐειῙΗν

327 1975 439 2042 γὰρ
465 1972 644 2041 ὀλίγον
675 1975 733 2027 ἐν
767 1966 812 2040 ᾧ
863 1974 1029 2040 διεῖχε
1055 1974 1420 2046 Περιθεώριον
1459 1976 1739 2044 Μεσήνης.
1789 1975 1892 2026 Βα-

330 2067 514 2130 σιλεὺς
546 2067 644 2136 μὲν
674 2065 770 2120 οὖν
800 2069 927 2130 τοὺς
968 2072 1098 2139 περὶ
1127 2070 1291 2122 αὐτὸν
1339 2069 1685 2137 συναγαγὼν,
1713 2068 1894 2120 ἐϐάδι-

329 2157 424 2221 ζεν
451 2158 730 2220 εὐτάκτως
763 2159 852 2211 διὰ
883 2160 1140 2228 Μεσήνης
1173 2161 1272 2228 τὴν
1335 2161 1576 2227 ἄγουσαν
1627 2162 1707 2222 είς
1750 2161 1891 2212 Κου-

329 2247 634 2317 μουτξηνά.
674 2248 846 2318 Ὁρῶν
880 2248 938 2302 δέ
989 2251 1016 2302 6
1069 2250 1404 2318 Μομιτζίλος
1459 2251 1560 2302 οὐκ
1611 2250 1770 2309 εὐθὺς
1801 2249 1894 2302 ἐπὶ

327 2337 509 2406 φυγὴν
560 2339 886 2408 τραπέντας,
944 2339 1080 2394 ἀλλὰ
1145 2341 1316 2410 βάδην
1384 2341 1480 2395 καὶ
1541 2342 1894 2409 τεταγμένως

327 2430 614 2490 ἀπιόντας,
671 2429 866 2494 ἔδεισε¹
903 2433 975 2500 μή
1033 2449 1195 2484 τινων
1253 2432 1638 2504 ἐνεδρευόντων
1692 2433 1751 2484 ἐν
1784 2435 1894 2494 τοῖς

327 2519 594 2588 ἐρειπίοις
616 2520 715 2587 τῆς
743 2520 949 2582 πόλεως
970 2521 1143 2590 τροπὴ
1165 2521 1389 2590 γένηται
1419 2523 1548 2592 περὶ
1572 2522 1894 2584 αὐτὸν,ἀτά-

328 2627 484 2673 κτοις
527 2614 618 2663 καὶ
645 2612 1118 2680 διεσκεδασμένοις
1159 2613 1357 2683 ἀθρόον
1409 2616 1770 2682 ἐπελθόντων,
1803 2617 1898 2668 καὶ

330 2704 548 2771 συνεῖχε
601 2701 699 2754 καὶ
737 2702 902 2765 αὐτὸς
932 2701 1030 2771 τὴν
1064 2704 1330 2774 στρατιὰν
1362 2705 1630 2774 σχολαίως
1669 2723 1900 2776 πορευο-

334 2795 506 2863 μένην
537 2795 595 2845 ἐν
646 2793 828 2861 λόγοις
882 2795 1082 2864 τρισίν.
1126 2796 1277 2848 Ἐπεὶ
1326 2797 1384 2850 δέ
1425 2798 1678 2867 βασιλεὺς
1719 2800 1813 2852 καλ⁴
1849 2800 1899 2852 οἱ

329 2889 483 2955 περὶ.
527 2885 687 2937 αὐτὸν
739 2885 847 2950 ἔξω
873 2886 985 2940 τῶν
1024 2887 1283 2956 ἐρειπίων
1331 2883 1493 2956 ἦσαν,
1528 2891 1624 2943 καὶ
1677 2890 1900 2959 ἐνέδρας

331 2975 538 3042 ὑποψία
568 2974 794 3046 οὐδεμία
827 2971 915 3046 ἦν,
952 2976 1186 3046 ἣλαυνον
1206 2978 1254 3031 οἱ
1285 2980 1412 3049 περὶ
1446 2981 1780 3046 Μομιτζίλον
1809 2980 1897 3031 ἐπ’

333 3065 579 3127 ἐκείνους
615 3064 892 3137 ἀκρατῶς.
921 3069 1290 3140 Τραπομένων
1318 3069 1377 3122 δέ
1411 3071 1666 3124 ἁπάντων
1693 3073 1771 3132 είς
1803 3089 1900 3139 φυ-
1928 3094 1970 3151 C

333 3159 464 3225 γὴν,
517 3159 641 3212 ἐπεὶ
689 3160 740 3212 oi.
801 3161 1214 3230 προδραμόντες
1243 3161 1352 3215 τῶν
1407 3161 1685 3232 πολεμίων
1733 3163 1900 3231 ἐγγὺς

331 3244 478 3316 ἦσαν
517 3249 800 3318 βασιλέως,
859 3250 970 3305 τῶν
1012 3251 1188 3307 ἄλλων
1222 3254 1328 3323 γὰρ
1387 3253 1549 3316 αὐτὸς
1591 3254 1903 3317 τελευταῖος

335 3341 688 3404 ὑπελείπετο.
723 3344 1059 3414 συστραφεὶς
1089 3345 1330 3412 ἠμύνετο
1363 3347 1480 3408 τοῖς
1503 3343 1736 3415 πρώτως
1761 3345 1902 3413 φθά-

337 3450 491 3498 σασι,
526 3435 624 3488 καὶ
652 3435 884 3488 ἔπιπτεν
916 3439 944 3489 6
984 3436 1249 3506 βασιλέως
1277 3436 1443 3500 ῖππος
1475 3438 1589 3500 τοῖς
1619 3440 1902 3504 πολεμίοις

336 3521 727 3592 συμϐαλόντος.
762 3523 882 3577 Τῶν
903 3525 1130 3579 οἰκετῶν
1155 3526 1212 3579 δέ
1239 3521 1320 3589 εἷς
1352 3524 1563 3595 παρὼν,
1588 3525 1901 3595 Λαντζαρέ·

332 3631 431 3677 τος
467 3615 657 3685 ὄνομα,
691 3615 785 3669 τοῦ
827 3616 996 3669 ἵππου
1027 3617 1239 3681 ἀποϐάς
1274 3616 1574 3687 παρείχετο
1608 3617 1700 3671 τὸν
1732 3619 1900 3670 ῐππον

335 3704 586 3774 βασιλεῖ’
645 3704 760 3776 ἅμα
787 3707 842 3760 δὲ
873 3707 966 3759 καὶ
1002 3707 1274 3777 συνήρατο
1327 3707 1603 3776 ἐπιϐῆναι.
1651 3707 1902 3761 Ἐπιόαί-

335 3812 500 3848 νοντα
527 3795 582 3849 δὲ
611 3795 754 3865 ξίφει
781 3815 864 3858 τις
895 3796 1127 3865 ἐπληξεν
1165 3797 1399 3859 ἐπιστὰς
1434 3799 1577 3852 κατὰ
1606 3799 1706 3866 τῆς
1732 3814 1904 3867 κεφα-

331 3886 461 3952 λῆς,
493 3885 727 3940 έόλαπτε
756 3887 812 3940 δὲ
843 3887 1020 3952 οὐδὲν,
1068 3888 1164 3942 τοῦ
1199 3889 1434 3956 κράνους
1463 3889 1598 3960 πρὸς
1637 3889 1736 3960 τὴν
1770 3889 1904 3958 πλη-

330 3977 445 4045 γὴν
467 3978 732 4045 γενναίως
757 3979 1126 4048 άντισχόντος.
1164 3980 1255 4046 Ἐξ
1275 3981 1486 4034 ἐκείνου
1523 3980 1579 4034 δὲ
1607 3983 1696 4034 διὰ
1722 3982 1903 4050 πάσης

331 4067 688 4137 ἀμυνόμενος
735 4071 834 4137 τῆς
887 4068 1008 4122 όδοῦ
1053 4072 1148 4148 καὶ
1203 4072 1575 4142 πληττόμενος
1606 4072 1904 4142 (παρῆλοον

331 4157 451 4225 γάρ
480 4158 641 4211 αὐτὸν
671 4159 855 4212 πολλοὶ
886 4159 996 4213 τῶν
1023 4153 1348 4232 πολεμίων),
1367 4159 1530 4232 ἦλθεν
1551 4164 1630 4226 εἰς
1657 4164 1903 4231 Κουμου-

330 4250 533 4317 «me,
559 4251 875 4321 παραδόξως
900 4252 1207 4317 διασωθείς.
1241 4255 1616 4325 Λαντζαρέτον
1645 4255 1701 4308 δέ
1725 4255 1903 4324 ξίφεσι

332 4343 437 4394 καὶ
454 4341 640 4412 δόρασι
669 4345 1282 4414 κατατραυματίσαντες
1305 4347 1401 4399 καὶ
1424 4346 1743 4414 νομίσαντες
1775 4348 1897 4398 ἀπεο

1450 305 1897 369 HISTORIARI

2035 301 2272 364 LIBER
2309 301 2427 363 ΙΙΙ.
3414 298 3549 364 1118

1060 422 1138 484 ώς
1195 419 1550 491 προσελαύνει
1607 432 1871 486 στρατιαο

1998 428 2094 468 .um
2131 412 2426 466 adventare
2450 449 2464 476 ,
2511 423 2613 464 nec
2645 417 2801 464 certo
2843 422 3066 465 noscere
3105 410 3346 478 potuisse
3385 418 3556 468 unde.

1988 522 2116 562 nam
2147 508 2420 562 adventet.
2450 503 2749 574 Imperator
2773 521 2897 560 cum
2939 505 3230 561 comitibus
3277 509 3554 577 proprium

1991 615 2132 664 esse,
2167 608 2222 653 et
2251 614 2280 652 a
2314 598 2666 668 populatione
2697 597 2876 652 redire
2907 606 3094 654 censet
3121 615 3137 652 :
3172 609 3551 654 verumtamen

1991 706 2124 744 voce
2146 690 2200 742 in
2229 688 2438 743 somnis
2468 688 2650 742 audita
2683 689 2953 752 turbatus,
2989 699 3044 744 et
3064 704 3235 760 equos
3267 689 3556 759 praesidia-

1990 784 2197 837 riorum
2238 782 2346 835 illic
2377 788 2663 848 pascentes
2692 763 2958 834 reducere
3001 779 3337 836 Cumutzena
3374 793 3558 851 pasto-

1993 873 2147 926 ribus
2197 862 2494 929 mandavit.
2553 877 2607 922 et
2666 869 2970 924 Manuelem
3018 869 3434 927 Tarchaniotam
3491 885 3554 926 ex

1992 962 2349 1032 prementibus
2402 975 2605 1031 paucos
2665 959 2940 1029 deligere,
3003 960 3349 1015 venientibus
3404 968 3553 1014 recta

1994 1069 2304 1118 occurrere,
2340 1052 2482 1106 unde
2506 1052 2763 1106 venirent
2797 1049 3287 1120 specularijussit;
3326 1051 3442 1119 ipse
3471 1049 3556 1103 in-

1996 1146 2154 1201 terim
2202 1159 2350 1198 arma
2409 1157 2530 1197 cum
2562 1140 2724 1194 sociis
2780 1140 2978 1196 induit.
3036 1140 3142 1196 Sed
3185 1142 3419 1196 necdum
3474 1141 3560 1196 his

1997 1235 2153 1302 plane
2213 1234 2457 1299 armatis,
2514 1231 2880 1286 Tarchaniota
2943 1234 3188 1302 trepidus
3243 1235 3556 1302 revertitur,

1995 1325 2181 1378 hestec
2209 1324 2468 1378 advenire
2517 1324 2614 1378 ait.
2646 1324 2739 1378 Vix
2778 1323 3012 1386 ﬁnierat,
3068 1335 3122 1379 ct
3168 1341 3298 1381 ecce
3337 1327 3556 1381 adsunt.

1996 1416 2236 1469 Ducebat
2263 1425 2443 1469 autem
2492 1413 2816 1468 Momitzilus
2845 1416 3080 1471 selectos
3115 1417 3281 1483 mille,
3325 1434 3422 1486 per
3465 1434 3560 1473 ex-

1995 1506 2298 1574 ploratores
2352 1518 2479 1558 suos
2545 1501 2746 1558 certior
2793 1501 3012 1567 factus,
3065 1504 3449 1573 imperatorem
3505 1508 3561 1561 in

1996 1595 2281 1664 praesentia
2308 1595 2372 1649 ad
2403 1594 2656 1648 Mesenen
2689 1592 2903 1656 sedere,
2932 1593 3200 1662 siquidem
3222 1595 3560 1650 Peritheorio

1998 1684 2216 1740 Mesene
2271 1700 2440 1754 parvo
2492 1686 2776 1743 intervallo
2831 1689 3038 1742 aberat.
3097 1686 3350 1742 Collectis
3398 1686 3562 1756 igitur

1995 1778 2130 1842 suis,
2163 1777 2524 1844 ordinatoque
2546 1778 2763 1848 agmine
2798 1779 2882 1832 via
2911 1793 3008 1847 per
3039 1777 3297 1832 Mesenen
3323 1776 3561 1831 ducente

1994 1869 2325 1922 Cumutzena
2365 1868 2522 1922 redit.
2555 1869 2792 1923 Cernetis
2827 1869 3154 1924 Monuitzilus
3201 1883 3311 1922 non
3351 1876 3564 1922 extem-

1996 1958 2084 2026 pio
2111 1956 2336 2026 fugisse,
2367 1957 2460 2011 sed
2515 1957 2779 2027 gradatim
2823 1968 2878 2013 et
2919 1959 3206 2014 ordinatim
3257 1958 3561 2020 discedere.

1999 2048 2307 2114 timensque
2339 2062 2409 2100 ne
2438 2046 2762 2114 quihusdam
2795 2047 2935 2102 inter
2960 2049 3156 2101 rudera
3187 2057 3243 2102 et
3269 2047 3563 2116 parietiuas

1994 2137 2145 2192 urbis
2198 2137 2456 2190 insidiose
2500 2136 2816 2205 latentibus,
2880 2139 3221 2207 densataque
3255 2149 3466 2193 caterva
3505 2140 3560 2192 in

1993 2242 2122 2280 suos
2171 2241 2267 2280 nec
2306 2226 2587 2280 ordinatos
2647 2236 2703 2280 et
2756 2241 2979 2296 sparsos
3037 2228 3375 2282 irruentibus
3434 2228 3557 2298 fuga

1994 2318 2170 2382 ﬁeret,
2201 2332 2296 2371 eos
2340 2317 2503 2370 etiam
2563 2317 2678 2385 ipse
2723 2317 2999 2386 tripartito
3028 2318 3368 2382 distributos,
3412 2318 3564 2374 lento
3669 2390 3674 2394 κ

1996 2424 2156 2478 passu
2191 2408 2445 2462 incedere
2488 2406 2639 2462 fecit.
2685 2407 2784 2461 Ast
2829 2407 2922 2462 ubi
2970 2407 3289 2462 insidiarum
3323 2407 3562 2477 suspicio

1993 2497 2245 2562 cessavit,
2285 2496 2608 2566 impotenter
2639 2513 2696 2552 se
2747 2499 2801 2552 in
2851 2499 3178 2554 recedentes
3233 2498 3561 2552 intulerunt.

1996 2589 2204 2654 Quibus
2261 2589 2513 2644 omnibus
2566 2590 2619 2644 in
2670 2589 2850 2661 fugam
2881 2605 2941 2645 se
2985 2589 3409 2654 eﬂ‘undentibus,
3438 2605 3562 2644 cum

1997 2684 2090 2750 qui
2127 2696 2193 2734 ex
2227 2680 2477 2736 hostibus
2507 2681 2667 2750 primi
2697 2681 3079 2745 accurrebant,
3113 2679 3431 2750 imperatori
3464 2694 3566 2748 ap-

1999 2771 2430 2841 propinquarent
2471 2772 2741 2841 (ultimum
2783 2771 2930 2825 enim
2979 2785 3172 2840 agmen
3225 2769 3556 2835 claudebat),

2001 2863 2397 2934 agglonieratus
2428 2878 2553 2918 cum
2585 2863 2773 2933 paucis
2799 2878 2859 2918 se
2890 2862 3167 2917 tuebatur.
3197 2861 3442 2937 Cumque
3463 2860 3565 2915 sub

2001 2968 2069 3006 eo
2129 2969 2303 3022 equus
2353 2953 2641 3008 confossus
2699 2952 3015 3017 cecidisset,
3069 2967 3213 3006 unus
3259 2965 3291 3006 e
3351 2949 3567 3005 famulis

2005 3042 2362 3098 Lantzaietus
2421 3043 2702 3108 vocabulo,
2756 3059 2915 3098 suum
2961 3042 3228 3113 praebuit,
3293 3051 3455 3111 atque
3509 3041 3566 3095 in

2002 3150 2126 3189 eum
2156 3135 2396 3189 sustulit.
2421 3133 2825 3189 Ascendentem
2858 3133 3016 3204 591
3049 3132 3270 3202 quidam
3307 3129 3569 3185 advolaus

2003 3241 2138 3280 ense
2166 3225 2222 3278 in
2254 3234 2418 3294 caput
2451 3225 2600 3288 ferit,
2643 3224 2741 3280 sed
2790 3225 3050 3280 ﬁrmitate
3079 3223 3244 3294 galea:
3281 3221 3422 3276 ictus
3447 3222 3569 3274 ina-

2000 3316 2086 3372 nis
2137 3315 2264 3370 fuit.
2313 3315 2446 3370 lude
2490 3323 2605 3370 toto
2640 3315 2836 3370 itinere
2896 3314 3084 3371 multis
3136 3312 3469 3368 irruentibus
3514 3321 3572 3366 et

2001 3407 2217 3461 caedens
2268 3414 2325 3458 et
2374 3419 2548 3460 casus
2594 3407 2928 3461 Cumutzena
2961 3405 3283 3460 mirabiliter
3323 3413 3570 3459 servatus

2001 3497 2170 3550 venit.
2237 3494 2621 3549 Lantzaretum
2661 3510 2792 3550 vero
2848 3495 3039 3566 gladiis
3087 3503 3145 3548 et
3203 3493 3376 3548 hastis
3425 3493 3573 3548 oeci-

2002 3587 2168 3642 dendi
2213 3601 2377 3642 causa
2426 3585 2837 3641 consauciatum
2877 3583 3206 3655 (octodecim
3249 3583 3397 3639 enim
3455 3583 3570 3636 vul-

2002 3696 2135 3734 nera
2178 3679 2229 3732 ei
2276 3677 2616 3747 indixerunt)
2655 3677 2955 3747 spirantem
2988 3674 3167 3730 adhuc
3212 3673 3568 3743 reliquerunt.

2001 3770 2304 3839 Imperator
2344 3769 2528 3839 itaque
2567 3784 2599 3823 e
2655 3777 2806 3824 tanto
2851 3768 3167 3823 discrimine
3212 3775 3413 3836 praeter
3448 3779 3571 3820 om-

2001 3862 2154 3917 nium
2199 3863 2668 3932 exspectationem
2707 3860 2949 3924 emersit,
2995 3867 3050 3914 et
3091 3856 3422 3913 Momitzilus
3454 3855 3572 3911 sine

2003 3970 2156 4008 mora
2183 3953 2453 4008 discessit.
2489 3952 2872 4007 Lantzaretum
2919 3951 3212 4021 imperator
3241 3948 3572 4004 seminecem

2002 4043 2340 4099 Cumutzena
2379 4044 2689 4100 vehendum
2721 4043 2953 4105 curavit,
2990 4039 3084 4112 qui
3125 4039 3276 4094 brevi
3323 4047 3571 4109 tempore

2004 4137 2294 4191 sedulitate
2356 4135 2690 4190 medicorum
2738 4147 2926 4202 sospes
2958 4141 3013 4188 et
3059 4127 3370 4192 incolumis,
3421 4128 3571 4182 nulla

2004 4239 2156 4297 parte
2184 4227 2432 4297 corporis
2453 4227 2673 4292 amissa,
2696 4234 2779 4281 est
2803 4224 3068 4290 redditus,
3093 4231 3148 4278 et
3174 4225 3379 4292 majore
3406 4221 3570 4275 etiam

2005 4336 2168 4389 quam
2186 4321 2256 4374 ob
2285 4319 2617 4373 declaratum
2667 4333 2795 4388 erga
2844 4317 3128 4372 dominum
3179 4328 3422 4368 amorem
3457 4307 3574 4367 me-

333 4403 588 4484 κτονέναι
611 4403 856 4503 (δεκάκις
873 4403 983 4506 γὰρ
1007 4403 1412 4505 ἐτραυμάτισαν
1435 4403 1569 4506 πρὸς
1584 4439 1691 4500 τοῖς
1715 4403 1897 4505 όκτὼ),

2009 4412 2183 4466 ruisse
2205 4411 2508 4476 videbatur,
2549 4409 2690 4478 apud
2717 4423 2841 4463 eum
2889 4408 3064 4474 gratia
3121 4406 3438 4474 honoreque
3477 4403 3575 4457 llo-

330 4521 610 4576 ἅπέλιπον
639 4525 960 4593 ἐμπνέοντα.
1021 4527 1288 4590 Βασιλεὺς
1336 4528 1434 4595 μὲν
1492 4524 1586 4581 οὖν
1626 4527 1798 4590 οὕτως
1838 4530 1903 4581 ἐκ

329 4613 434 4665 τοῦ
465 4615 722 4668 τοσούτου
757 4617 1004 4670 κινδύνου
1046 4619 1277 4687 μηδενός
1324 4621 1390 4673 ἂν
1427 4621 1903 4689 προσδοκήσαντος

329 4703 646 4768 διεσώζετο.
687 4709 794 4761 Καὶ
827 4713 856 4762 6
901 4710 1229 4780 Μομιτζίλος
1276 4713 1397 4766 οὺδέ
1433 4712 1607 4781 βραχῦ
1635 4711 1904 4781 προσμεί-

332 4812 463 4859 νας,
501 4798 786 4868 ἀνεχώρει.
820 4803 1167 4872 Λατζαρέτον
1216 4803 1271 4856 δέ
1305 4804 1529 4872 πέμψας
1567 4806 1594 4856 6
1629 4802 1900 4872 βασιλεὺς.

335 4887 550 4956 ἤγαγεν
587 4890 663 4952 εἰς
696 4892 1093 4962 Κουμουτζηνὰ
1139 4897 1447 4963 ἐμπνέοντα
1497 4895 1578 4946 ἐτι
1601 4910 1615 4924 ο
1653 4895 1748 4946 καὶ
1779 4893 1906 4946 πολ-

331 4977 444 5046 λῆς
480 4979 735 5045 ἀξιωθεὶς
768 4985 1108 5054 ἐπιμελείας,
1150 4988 1207 5039 ἐν
1241 4987 1407 5058 ὀλίγῳ
1440 4989 1618 5059 χρόνῳ
1661 4987 1818 5056 ὑγιής
1843 5003 1903 5039 τε

337 5069 440 5122 καὶ
471 5071 607 5133 σῶος
636 5069 794 5137 αὖθις
827 5071 915 5146 ἦν,
951 5077 1117 5146 μηδὲν
1155 5079 1263 5132 τῶν
1295 5079 1473 5147 μελῶν
1501 5079 1602 5133 ὑπὸ
1633 5079 1742 5133 τῶν
1767 5078 1906 5148 πλη-

331 5158 454 5227 γῶν
479 5160 788 5230 ἀποϐαλὼν,
814 5166 1012 5236 πολλῆς
1045 5184 1106 5220 τε
1136 5169 1426 5238 εὐμενείας
1453 5171 1548 5223 καὶ
1577 5172 1743 5241 τιμῆς
1769 5169 1906 5224 ἀπέ-

331 5249 474 5301 λαυε
510 5251 661 5319 παρὰ
700 5254 981 5323 βασιλέως,
1025 5259 1122 5311 καὶ
1155 5259 1422 5327 μειζόνων
1453 5260 1486 5324 ἢ
1523 5260 1788 5330 ἐτύγχανε
1816 5260 1899 5312 δο-

331 5339 455 5394 κῶν
494 5337 634 5395 εἶναι
662 5345 981 5417 ἀξιώτερος,
1019 5350 1108 5403 διὰ
1155 5350 1254 5419 τὴν
1285 5353 1733 5423 ἐπιδεδειγμένην
1767 5353 1905 5422 πρὸς

331 5435 546 5485 ἐκεῖνον
571 5434 805 5492 εὔνοιαν.
831 5440 1068 5493 Ἐπεσον
1097 5441 1151 5494 δέ
1179 5442 1272 5495 καὶ
1296 5443 1404 5495 τῶν
1427 5441 1601 5496 ἄλλων
1620 5443 1900 5510 τέτταρες,

333 5518 420 5577 ὧν
448 5521 529 5588 εἷς
560 5528 589 5579 6
616 5527 900 5597 Βρυέννιος
928 5532 1148 5602 Μιχαὴλ
1175 5528 1264 5603 ἦν,
1293 5527 1336 5602 ᾧ
1367 5535 1554 5586 πεσεῖν
1590 5533 1904 5602 μαχόμενον

330 5616 650 5686 ἔμπροσθεν
675 5618 823 5688 βασι)
835 5620 936 5682 έως
955 5623 982 5673 6
1002 5623 1384 5694 Διδυμοτείχου
1404 5625 1694 5695 ἀρχιερεὺς
1718 5623 1901 5694 πολλῷ

330 5709 518 5780 χρόνῳ
563 5710 825 5782 πρότερον
859 5716 1154 5782 προεῖπεν·
1193 5716 1435 5772 ἑάλωσαν
1482 5717 1542 5770 δὲ
1572 5719 1666 5773 καὶ
1720 5717 1900 5771 ἐτεοοι

2004 4504 2130 4557 ruit.
2164 4503 2492 4558 Ceciderunt
2525 4509 2704 4555 autem
2735 4494 2995 4569 quatuor,
3021 4514 3252 4568 quorum
3288 4511 3428 4551 unus
3475 4495 3574 4550 Mi-

2002 4595 2154 4649 chael
2191 4594 2513 4664 Bryennius,
2548 4591 2640 4644 cui
2691 4597 2818 4644 ante.
2868 4589 3212 4657 imperatoris
3263 4589 3429 4658 pedes
3470 4603 3575 4656 pu-

2002 4695 2250 4756 gnantem
2277 4685 2677 4749 occubiturum,
2709 4683 2882 4737 multo
2925 4690 3053 4737 ante
3078 4679 3437 4752 Didymotichi
3463 4678 3577 4747 cpi-

2004 4793 2201 4847 scopus
2287 4777 2656 4847 praedixerat,
2701 4774 2926 4829 totidem
2986 4775 3153 4842 capti.
3237 4771 3574 4826 Mumitzilus

2004 4870 2164 4939 paulo
2192 4878 2312 4937 post
2365 4883 2527 4937 quam
2583 4881 2778 4922 manus
2834 4866 2924 4920 illa
2969 4864 3312 4935 praedatoria,
3351 4863 3418 4916 de
3464 4875 3571 4929 qua

1968 4986 1970 4989 ·
2004 4975 2189 5029 supra,
2222 4959 2494 5025 discessit,
2535 4960 2672 5015 duos
2709 4959 2778 5013 de
2837 4956 3086 5026 captivis,
3121 4954 3476 5023 Apclmenem
3505 4957 3562 5002 et

2005 5052 2354 5108 Theodorum
2408 5051 2770 5106 Caballarium
2813 5053 2878 5104 ad
2911 5049 3120 5102 Annam
3166 5043 3563 5113 impcratricem

2003 5144 2164 5216 legat,
2209 5142 2485 5201 societatis
2541 5152 2594 5198 et
2647 5141 2814 5212 praelii
2867 5154 2989 5194 cum
3049 5137 3184 5205 ejus.
3215 5135 3370 5188 hoste
3414 5147 3569 5188 com-

2005 5239 2157 5293 missi
2186 5238 2466 5309 praemium
2516 5235 2672 5305 petit.
2723 5234 2853 5299 Quae
2900 5229 3165 5300 petitione
3221 5226 3456 5279 libenter
3479 5222 3576 5276 ad-

2005 5331 2194 5393 missa,
2245 5331 2528 5398 despotam
2572 5325 2722 5379 illum
2771 5330 2939 5378 creat.
2967 5321 3088 5389 Ipse
3120 5331 3335 5388 quoque
3392 5314 3562 5368 misso

2007 5425 2074 5476 ad
2129 5421 2514 5489 imperatorem
2581 5423 2820 5476 oratore,
2865 5412 3030 5482 hujus
3076 5408 3392 5465 stoliditatis
3457 5421 3570 5460 suae

2007 5522 2063 5567 et
2093 5514 2235 5567 male
2275 5513 2417 5567 bene
2457 5509 2652 5564 merito
2677 5522 2778 5562 suo
2807 5506 2990 5560 relatae
3018 5503 3208 5574 gratiae
3238 5501 3450 5556 veniam
3480 5514 3573 5569 pe-

2011 5605 2095 5669 tit,
2132 5618 2194 5658 ac
2220 5605 2288 5657 de
2313 5610 2512 5657 caetero
2553 5601 2779 5654 meliora
2827 5597 3115 5670 prom’ttit.
3142 5595 3441 5664 Imperator
3484 5592 3576 5645 in-

2011 5693 2262 5763 telligeus
2287 5700 2340 5746 et
2368 5691 2608 5746 vindicta
2644 5690 2839 5760 punire
2889 5686 3240 5744 Memiuilum
3277 5699 3442 5755 quam
3487 5697 3577 5738 csa
