3998 6204
364 323 496 390 11321

1502 323 2046 392 ΗΙΞΤΟΙΠᾹΠΠΜ
2093 327 2320 388 LIBER
2367 329 2477 390 ill.

3472 335 3603 402 1122

362 443 486 493 σθαι
513 438 649 509 πρὶς
672 439 732 492 τὸ
767 438 1068 509 Ἐμπυθίου
1091 440 1352 511 φρούριον
1371 459 1384 472 ·
1412 441 1530 494 ἀλλ’
1559 442 1620 494 οὐ
1644 441 1922 511 βούλεσθαι

2033 443 2446 498 committendis
2504 457 2816 499 sermonem
2883 445 3151 500 conferre.
3213 446 3601 508 Verumtamen

360 532 550 585 λαϐεῖν
604 532 686 584 ἔτι
739 533 838 600 τῆς
900 533 1135 602 ἀρχαίας
1172 534 1386 595 εὐνοίας
1439 535 1561 604 ἴχνη
1605 533 1929 597 ἀποσώζων,

363 624 672 692 βουλομένῳ
694 622 799 690 γὰρ
830 623 1002 692 ῥᾷστα
1021 624 1088 677 ἂν
1113 617 1383 694 ἡλίσκετο.
1407 625 1544 677 Νυνὶ
1565 625 1620 676 δὲ
1641 625 1928 694 βούλεσθαι

360 713 512 782 αὐτῷ
565 714 945 780 συγγίνεσθαι,
1006 715 1102 766 καὶ
1165 716 1292 782 περί
1355 733 1518 770 τινων
1586 715 1931 782 διαλέγεσθαι

360 806 713 873 ἀπορρήτων,
745 798 818 854 ὧν
846 804 946 855 οὐκ
974 803 1156 868 ἔξεστι
1187 805 1498 875 χρήσασθαι
1523 808 1732 872 ἑτέροις
1758 826 1929 876 μηνυ-

357 899 502 958 ταῖς,
560 897 673 962 εῖγε
731 896 824 946 καὶ
877 895 1028 965 αὐτῷ
1086 896 1296 965 βέλτιον
1345 897 1550 966 δοκοίη.
1588 898 1661 949 Τὸ
1695 899 1794 966 μὲν
1838 895 1932 951 οὖν

357 987 534 1048 οὓτως
590 987 664 1048 ὡς
696 986 810 1054 ἔχει
855 985 1152 1055 βασιλικῶς
1192 989 1582 1059 ὲσκευασμὲνῳ
1623 992 1928 1058 συντυχεῖν,

357 1080 420 1130 οὐ
457 1079 636 1148 ῥᾴδιον
671 1079 856 1145 αὐτῷ’
906 1079 966 1130 τὸ
1005 1079 1048 1131 δ’
1090 1077 1246 1142 αὖθις
1289 1080 1564 1149 tamtan
1606 1081 1932 1150 μεταλαϐεῖν

357 1171 585 1238 ἐσθῆτα,
613 1169 713 1221 οὐκ
748 1169 813 1222 ἂν
841 1171 1002 1222 αὐτὸν
1037 1172 1247 1224 οῖεσθαι
1277 1171 1656 1242 βουλήσεσθαι.
1698 1174 1830 1242 Περὶ
1854 1165 1930 1226 ὧν

360 1260 696 1313 σκέπτεσθαι
743 1261 934 1331 ἐδήλου
967 1262 1114 1322 ὅπως
1167 1262 1403 1332 ἑκάτερα
1448 1264 1624 1315 ἔσται.
1667 1264 1930 1328 Βασιλεὺς

355 1351 415 1404 δὲ
449 1352 584 1419 πρὸς
612 1351 681 1404 τὰ
709 1351 938 1405 τοιαῦτα
981 1353 1279 1422 πλάσματα
1321 1353 1628 1422 ἀχθεσθεὶς,
1688 1355 1928 1425 ἀντεμή-

358 1457 510 1503 νυεν,
561 1441 637 1503 ὡς
687 1443 747 1493 ού
799 1442 916 1494 δέον
971 1443 1109 1512 πρὸς
1163 1442 1326 1496 αὑτὸν
1375 1445 1654 1495 ἐπιπλείον
1702 1444 1930 1512 ψεύδεσι

356 1530 595 1599 χρῆσθαι
635 1533 727 1584 καὶ
760 1534 1034 1595 ἀπάταις·
1080 1537 1279 1603 πεῖραν
1306 1535 1413 1604 γὰρ
1443 1535 1606 1588 αὑτοῦ
1639 1536 1735 1606 ἤδη
1771 1538 1930 1604 ἐσχη-

355 1622 514 1672 κέναι
564 1623 623 1673 ἐν
671 1621 907 1683 πολλοῖς,
951 1621 1076 1674 ὅθεν
1125 1623 1219 1674 καὶ
1259 1624 1612 1676 παντάπασιν
1649 1627 1924 1676 ἀπιστεῖν.

372 1709 514 1762 Ἀλλ’
571 1712 620 1762 εί
680 1711 883 1780 μᾶλλον
931 1712 1148 1764 δύναιτο
1205 1714 1349 1765 ἑλεῖν
1392 1715 1452 1765 τ’)
1509 1715 1790 1784 φρπύριον,
1852 1716 1926 1786 μὴ

356 1802 580 1869 ἀμελεῖν
602 1818 614 1831 ·
647 1803 707 1854 οὐ
742 1803 850 1872 γὰρ
879 1803 945 1856 ἂν
973 1804 1058 1872 εἴη
1090 1804 1382 1867 λυσιτελῶς
1409 1805 1837 1874 βεϐουλευμένος
1862 1810 1926 1877 τῇ

357 1893 526 1961 ἀρχῇ,
549 1893 619 1956 εί,
645 1893 818 1962 παρὸν
846 1895 971 1956 τοὺς
999 1895 1292 1964 πολεμίους
1323 1896 1603 1966 βλάπτειν,
1631 1897 1928 1966 ἀπόσχοιτο

356 1983 520 2036 ἑκών.
572 1986 712 2036 Ἀλλ’
743 1986 842 2038 οὐκ
877 1987 940 2039 ἂν
975 1989 1187 2040 οἴεσθαι
1213 1991 1324 2049 τοῖς
1353 1990 1574 2042 συνοῦσι
1604 1991 1757 2058 φίλον
1785 1987 1927 2043 εἶναι

355 2075 420 2124 τὺ
469 2078 837 2144 τειχομαχεῖν,
888 2077 1103 2140 πολλοῖς
1142 2080 1417 2148 ὁσημέραι
1463 2079 1925 2148 ἀποθνήσκουσιν.

358 2167 482 2219 Ὅτι
525 2169 581 2220 δὲ
625 2169 939 2239 βουλομένῳ
974 2175 1256 2240 συντυχεῖν
1314 2172 1374 2223 οὑ
1412 2172 1590 2242 ῥᾴδιόν
1621 2173 1735 2222 ἐστι
1773 2170 1926 2239 βασι-

355 2257 526 2321 λικῶς
575 2260 1007 2328 ἐσκευασμένον,
1047 2262 1141 2312 καὶ
1179 2260 1343 2313 αὑτὸν
1394 2261 1594 2312 ειδέναι
1648 2261 1923 2329 μάλισταο

355 2348 480 2400 οὐδὲ
519 2349 628 2417 γάρ
655 2349 775 2402 οὐδὲ
808 2353 918 2412 τοῖς
947 2351 1324 2420 όφθαλμιῶσιν
1355 2351 1578 2404 εὔκολον
1612 2353 1747 2419 πρὸς
1773 2351 1926 2421 ἥλιον

355 2439 653 2502 ἀτενίξειν,
689 2441 810 2494 ἀλλ’
839 2444 867 2493 ὁ
914 2441 1076 2508 ζόφος
1124 2443 1220 2513 ήδὺ
1253 2444 1346 2496 καὶ
1380 2444 1440 2496 τὸ
1489 2444 1770 2512 καμμύειν
1800 2446 1925 2506 τοὺς

354 2529 674 2598 ὀφθαλμοὺς
706 2533 983 2596 ἀδυνάτως
1013 2533 1233 2601 ἔχουσιν
1277 2535 1412 2603 όρᾷν
1448 2535 1509 2585 τό
1540 2534 1654 2601 φῶς
1676 2551 1689 2563 ·
1741 2533 1836 2586 τοῦ
1867 2534 1925 2586 δέ

359 2619 598 2686 μάλιστα
627 2623 686 2673 ειν
715 2623 984 2693 ἐπιθυμία
1029 2621 1168 2676 εἶναι
1199 2626 1297 2693 τῆς
1327 2625 1549 2694 εἰρήνης
1576 2625 1787 2694 ἐρῶντα
1827 2628 1924 2687 τὰς

355 2711 734 2778 περισχούσας
764 2713 892 2776 τοὺς
950 2713 1257 2782 Ῥωμαίους
1287 2717 1601 2784 συμφορὰς,
1631 2717 1838 2770 οἴεσθαι
1867 2716 1922 2768 δέ

357 2801 437 2870 μὴ
459 2803 593 2871 πρὸς
620 2805 787 2871 μηδὲν
811 2805 907 2873 τὴν
928 2807 1221 2874 συντυχίαν
1244 2808 1434 2876 φέρειν
1455 2807 1584 2859 ἄλλο
1605 2807 1704 2875 τὴν
1723 2807 1918 2871 αὐτῶν,

355 2893 602 2946 ἐπίνοιάν
658 2911 780 2947 τινα
847 2895 1184 2966 ἐξευρήσειν,
1251 2897 1318 2949 δι’
1384 2893 1452 2967 ἧς
1510 2899 1672 2960 αὑτός
1705 2915 1763 2950 τε
1821 2900 1921 2951 οὐκ

353 2983 548 3051 ὄψεται
593 2985 754 3037 αὑτὸν
811 2986 1103 3055 βασιλικῶς
1150 2989 1574 3056 ἐσκευασμένον,
1603 2989 1698 3041 καὶ
1746 2989 1910 3047 αὐτὸς

2037 535 2392 602 imperatorio
2419 536 2718 599 schemate,
2767 545 2827 590 ut
2876 545 3014 599 erat,
3071 537 3356 606 praeditum
3407 557 3605 595 conve-

2036 626 2157 679 nire
2230 627 2334 680 sibi
2409 641 2530 680 esse
2605 627 2856 694 dimcile;
2926 628 3133 680 cultum
3207 645 3338 683 vero
3409 633 3604 699 privati

2035 725 2378 784 sumpturum
2404 732 2510 770 non
2541 727 2752 785 putare.
2782 712 3171 772 Considerarét
3193 719 3360 788 igitur
3390 732 3604 774 utrum-

2035 821 2160 871 que.
2190 807 2492 875 Imperator
2519 817 2889 863 commentum
2938 811 3078 863 istuc
3125 811 3348 880 indigne
3401 813 3600 876 ferens,

2035 904 2225 947 contra
2257 894 2331 947 illi
2370 896 2674 950 renuntiari
2705 897 2882 964 jubet,
2919 899 3210 961 nihilesse,
3245 916 3345 953 cur
3373 903 3512 972 apud
3543 918 3602 956 se

2035 984 2318 1041 fraudibus
2383 996 2438 1040 et
2497 988 2794 1042 mendaciis
2832 990 2896 1041 de
2927 1000 3128 1042 caetero
3156 999 3410 1045 uteretur
3441 1011 3454 1045 :
3492 995 3602 1061 jam

2031 1078 2176 1130 enim
2227 1078 2498 1132 multoties
2553 1079 2833 1148 ingenium
2889 1080 3004 1148 ejus
3065 1084 3402 1149 cegnovise,
3435 1099 3604 1152 quare

2031 1183 2133 1222 nec
2157 1169 2418 1222 tantillum
2459 1171 2507 1223 ei
2559 1169 2718 1223 [idem
2771 1170 2993 1224 habere.
3040 1170 3094 1223 Si
3129 1171 3409 1225 castellum
3454 1172 3606 1226 subi-

2029 1274 2158 1328 gere
2200 1261 2394 1328 possit,
2430 1275 2497 1314 ne
2528 1262 2765 1325 omittat;
2800 1277 2904 1314 non
2937 1262 3081 1316 enim
3123 1263 3316 1318 melius
3371 1265 3602 1332 imperio

2031 1351 2430 1414 consulturum,
2454 1351 2498 1404 si
2533 1367 2652 1404 cum
2691 1352 2927 1405 hostium
2960 1353 3326 1407 laedendurum
3369 1355 3600 1409 facultas

2029 1440 2123 1506 sit,
2146 1440 2260 1508 ipse
2293 1440 2402 1496 illis
2455 1444 2637 1494 sciens
2684 1454 2748 1495 ac
2788 1442 2979 1494 volens
3021 1452 3227 1510 parcat.
3266 1443 3371 1497 Sed
3401 1456 3602 1512 putare

2029 1543 2090 1584 se
2121 1529 2266 1583 illam
2297 1529 2780 1600 oppugnationem,
2830 1530 3094 1584 militibus
3143 1531 3264 1600 ejus
3316 1533 3605 1600 compluri-

2029 1619 2134 1674 bus
2187 1621 2432 1689 quOIii‘ie
2491 1620 2916 1684 intereuntibus,
2967 1637 3157 1689 parum
3204 1631 3408 1689 gratam
3457 1638 3598 1677 esse.

2031 1711 2200 1766 Porro
2229 1712 2304 1765 illi
2331 1727 2515 1765 secum
2547 1712 2782 1780 colloqui
2806 1712 3028 1776 volenti,
3072 1712 3294 1766 difﬁcile
3341 1727 3462 1767 csse
3500 1713 3603 1766 im-

2033 1803 2322 1871 peratoriis
2341 1803 2679 1856 ornamentis
2708 1803 2969 1856 nitentem
2996 1805 3267 1872 aspicere,
3303 1818 3360 1856 se
3383 1818 3600 1871 quoque

2031 1893 2256 1946 minime
2283 1894 2569 1962 ignorare;
2603 1909 2782 1961 neque
2819 1894 2964 1947 enim
3008 1892 3170 1948 facile
3215 1909 3337 1948 esse
3367 1894 3600 1962 lippien-

2032 1985 2177 2038 tibus
2214 1985 2384 2039 solem
2438 2000 2502 2038 ac
2547 1986 2726 2039 lucem
2755 1987 2990 2050 obtueri,
3025 1987 3117 2039 sed
3155 1985 3456 2053 jucundum
3490 2001 3594 2054 po-

2028 2075 2139 2128 tius
2175 2078 2489 2135 connivere,
2550 2085 2603 2128 et
2639 2077 2693 2127 in
2749 2076 2990 2129 tenebris
3045 2079 3269 2130 versari.
3325 2076 3592 2142 Quoniam

2029 2179 2165 2218 vero
2195 2166 2344 2232 pacis
2367 2163 2720 2216 conﬁcienda:
2762 2162 3034 2215 desiderio
3063 2162 3372 2215 incredibili
3401 2170 3594 2230 captus

2029 2256 2118 2317 sit,
2141 2271 2263 2309 cum
2293 2255 2543 2323 aspiciat,
2591 2269 2713 2322 quae
2757 2253 3097 2307 calamitates
3128 2252 3401 2306 Romanos
3435 2254 3596 2306 inmt-

2027 2347 2179 2410 dont,
2218 2346 2580 2414 opineturque
2614 2345 2855 2413 ipsorum
2895 2358 3246 2414 congressum
3290 2359 3395 2396 non
3427 2343 3593 2396 alior-

2027 2452 2170 2500 sum,
2201 2451 2363 2505 quam
2396 2435 2461 2489 ad
2501 2450 2689 2504 pacem
2741 2443 3010 2503 spectare,
3061 2433 3396 2502 excogitasse
3433 2432 3594 2484 ratio.

2026 2544 2172 2594 ncm,
2210 2544 2314 2597 qua
2341 2529 2408 2581 ab
2443 2528 2536 2581 illo
2577 2527 2698 2580 sine
2745 2527 3094 2595 imperatorio
3132 2535 3325 2579 ornatu
3367 2523 3595 2593 conSpi-

2025 2622 2222 2684 ciatur,
2254 2621 2479 2688 ipseque
2528 2619 2701 2673 nihilo
2751 2619 2950 2682 minus,
2989 2626 3050 2671 ut
3104 2627 3252 2679 ante,
3305 2627 3596 2686 Imperator

2025 2719 2263 2764 maneat.
2299 2709 2434 2763 Esse.
2471 2719 2651 2762 autem
2700 2709 2863 2771 hanc,
2913 2717 2973 2761 ut
3017 2707 3352 2775 cataphracti
3389 2719 3591 2760 conve-

2023 2803 2200 2864 niant,
2239 2810 2295 2855 et
2331 2802 2497 2870 pedes
2526 2801 2746 2870 quidem
2774 2801 2950 2853 ocreis
2985 2799 3202 2860 ferreis,
3238 2807 3400 2866 caput
3443 2797 3595 2867 galea

2025 2891 2706 2961 contegant,reliquumque
2733 2905 2930 2959 corpus
2945 2889 3192 2944 similiter
3207 2903 3362 2944 cornu
3385 2888 3564 2943 uniant
3579 2927 3594 2951 ,

2023 2993 2083 3036 ut
2119 2986 2416 3039 nesciatur.
2453 2980 2871 3050 imperatoriam
2901 2995 2968 3032 an
3015 2980 3218 3047 privata
3259 2979 3420 3031 vestis
3446 2979 3595 3031 intus

357 3076 510 3128 οὐδὲν
539 3071 699 3147 ἦττον
733 3076 766 3146 ἦ
813 3077 1078 3147 πρότερον
1107 3080 1260 3130 ἔσται
1310 3077 1589 3147 βασιλεύς.
1625 3080 1836 3150 Ταύτην
1865 3081 1921 3134 δὲ

2026 3083 2264 3142 geratur.
2321 3071 2559 3124 Probato
2606 3069 2835 3125 consilio
2867 3085 3094 3140 magnus
3146 3071 3253 3124 dux
3284 3070 3358 3124 ita
3417 3084 3476 3124 se
3527 3084 3592 3123 ex

356 3165 500 3219 εἶναι
552 3155 624 3220 τό
664 3168 1087 3237 καταφράκτους
1133 3168 1382 3236 ἀλλήλοις
1436 3158 1923 3238 συντυχεῖν,’ὥστε

355 3260 471 3319 τοίς
504 3259 629 3310 ποσὶ
662 3258 761 3327 μὲν
797 3260 1068 3327 κνημῖδας
1103 3259 1472 3328 περικεῖσθαι,
1509 3261 1699 3328 κράνει
1743 3261 1797 3312 δὲ
1829 3261 1925 3330 τήν

357 3348 604 3418 κεφαλὴν
669 3351 1120 3420 περικαλύπτειν,
1155 3350 1249 3401 καὶ
1291 3349 1352 3401 τὸ
1403 3349 1532 3402 ἀλλο
1581 3346 1721 3402 εἶναι
1751 3350 1924 3404 ὠπλι-

358 3439 558 3507 σμένον
623 3439 804 3507 σῶμα,
869 3441 1009 3493 ὥστε
1083 3439 1403 3507 ἀγνοεῖσθαι
1461 3441 1571 3492 εἴτε
1638 3440 1923 3510 βασιλικὴν

356 3530 565 3599 ἐσθῆτα
610 3533 757 3584 ἔνδον
787 3533 924 3602 ἔχει,
969 3533 1003 3602 ἢ
1043 3533 1343 3603 ίδιωτικήν.
1386 3533 1604 3603 Ἐπῄνει
1645 3533 1744 3602 μὲν
1773 3531 1865 3587 οῦν
1896 3535 1924 3586 ὁ

359 3621 539 3688 μέγας
569 3622 694 3686 δυὺξ
722 3623 822 3692 τὴν
855 3623 1102 3693 γνώμην,
1134 3625 1227 3677 καὶ
1275 3625 1646 3693 ἐπηγγέλλετο
1679 3626 1922 3695 ποιήσειν

357 3715 503 3766 κατά
529 3715 594 3766 τὰ
641 3715 1050 3784 συντεθειμένα.
1090 3717 1178 3768 Ἐν
1209 3716 1386 3785 τούτῳ
1432 3717 1486 3768 δὲ
1517 3717 1594 3784 τῷ
1626 3718 1800 3787 χρόνῳ
1829 3721 1923 3772 καὶ

357 3807 797 3875 πρωτοστράτωρ
825 3807 852 3858 ὁ
872 3807 1120 3874 γαμϐρὸς
1147 3807 1424 3876 ἀπεπνίγη
1452 3809 1587 3875 πρὸς
1627 3808 1706 3877 τῷ
1737 3808 1923 3879 Ἕϐρῳ

353 3895 710 3964 πσλιορκούσι
768 3898 828 3950 τὸ
895 3897 1193 3966 Ἑμπυθίου
1254 3898 1547 3968 φρούριον·
1613 3899 1752 3951 κατά
1813 3900 1921 3969 γὰρ

361 3987 713 4056 μεσημϐρίαν
751 3987 945 4056 θέρους
975 3987 1072 4056 ήδη
1100 3987 1384 4055 λήγοντος,
1417 3987 1806 4056 διανηχόμενος
1831 3989 1922 4040 τὴν

353 4078 604 4144 ποταμὸν
636 4079 694 4128 ἐν
729 4077 994 4142 παιδιαῖς,
1027 4077 1309 4144 ἀπεπνίγη
1342 4076 1420 4146 τῷ
1449 4076 1685 4146 ῥεύματι
1719 4094 1921 4147 συναρι

361 4171 606 4233 πασθείς.
637 4170 918 4239 Μεγίστην
957 4169 1059 4239 μὲν
1089 4165 1181 4223 οὖν
1212 4171 1432 4238 ἐνόμισε
1485 4173 1772 4242 συμφορὰν
1823 4172 1918 4225 τοῦ

352 4261 614 4330 γαμϐροῦ
645 4261 746 4332 τὴν
778 4262 1056 4330 τελευτήν,
1109 4263 1204 4313 καὶ
1247 4261 1550 4332 ἐπένθησεν
1585 4264 1672 4332 ἐφ’
1712 4265 1920 4318 ἱκανόν.

371 4355 567 4423 Ὀλίγῳ
595 4354 650 4408 δέ
697 4352 923 4422 ὕστερον
967 4353 1280 4421 ἀναστήσας
1329 4351 1428 4421 τὴν
1475 4354 1757 4421 στρατιὰν,
1793 4357 1919 4408 ἐπο-

2028 3170 2316 3232 compacto
2362 3162 2632 3214 facturum
2702 3159 2972 3229 promisit.
3031 3158 3135 3214 Per
3187 3159 3330 3213 idem
3385 3169 3596 3226 tempus

2025 3271 2134 3325 quo
2188 3255 2534 3325 Empythium
2579 3252 2970 3316 obsidebatur,
3027 3252 3189 3304 etiam
3252 3264 3419 3320 gener
3476 3251 3594 3320 ejus

2026 3357 2385 3416 protosrrator
2444 3345 2496 3396 in
2555 3343 2733 3397 llebro
2791 3343 3118 3412 prmfocatus
3183 3351 3284 3396 est.
3338 3343 3592 3396 Extrema

2024 3450 2259 3502 namque
2307 3442 2517 3495 testate,
2564 3433 2694 3485 dum
2753 3431 2982 3485 meridie
3026 3447 3123 3499 per
3154 3430 3339 3483 ludum
3391 3430 3591 3484 ﬂumen

2027 3533 2224 3586 tranat,
2266 3524 2531 3576 undarum
2556 3522 2760 3590 impetu
2790 3524 3046 3590 abreptus
3083 3521 3310 3574 interiit.
3342 3519 3423 3574 0b
3448 3521 3592 3576 hanc

2025 3617 2209 3686 generi
2271 3625 2502 3668 mortem
2557 3622 2615 3666 ut
2663 3612 2767 3666 sibi
2797 3612 3154 3666 vehementer
3197 3612 3590 3672 calamitosam,

2024 3707 2112 3760 ille
2135 3706 2226 3761 diu
2285 3706 2339 3758 in
2397 3705 2544 3758 luctu
2603 3711 2658 3757 et
2705 3705 2954 3771 squalore
3004 3701 3124 3755 fuit.
3187 3701 3304 3755 Non
3361 3703 3588 3775 multum
3625 3766 3643 3777 .

2021 3797 2228 3852 eﬂluxit
2283 3795 2566 3864 temporis,
2629 3809 2751 3848 cum
2805 3793 3106 3848 exercitum
3153 3791 3588 3862 Didymotichunt

2023 3887 2267 3942 additxit.
2296 3885 2618 3954 Priusquam
2653 3893 2832 3937 autem
2879 3883 2946 3937 ad
2995 3884 3253 3952 oppidum
3293 3884 3590 3953 appropin-

2023 3987 2235 4050 quaret,
2271 3979 2464 4032 Macrte
2512 3975 2813 4029 antistitem
2862 3976 2926 4027 ad
2962 3976 3339 4043 imperatorem
3373 3975 3587 4039 'mittit,

2021 4072 2113 4141 qui
2171 4070 2383 4132 doceat,
2436 4069 2610 4137 ipsum
2667 4065 2814 4118 brevi
2863 4064 3196 4128 aﬂnturum,
3245 4079 3365 4117 tuon
3421 4067 3589 4135 magis

2023 4164 2233 4216 hostem
2271 4175 2430 4227 quam
2465 4158 2724 4218 amicum,
2761 4164 2817 4208 et
2851 4155 3268 4216 collocuturum,
3300 4156 3367 4209 de
3390 4155 3588 4223 quibus

2022 4262 2181 4306 antea
2223 4249 2560 4319 signiﬁcarit.
2610 4247 2853 4300 Mittebat
2901 4248 3119 4314 insuper
3168 4260 3347 4299 ceram
3385 4245 3588 4300 annulo

2023 4342 2368 4411 imperatoris
2393 4340 2714 4408 impressam
2748 4339 2929 4405 (quam
2962 4336 3108 4388 inter
3155 4335 3262 4388 alia
3295 4335 3418 4389 belli
3448 4345 3587 4389 tem-

356 4401 562 4514 ρεύετό
577 4447 658 4505 εἰς
698 4401 1075 4513 Διδυμότειχον
1116 4483 1130 4496 .
1161 4401 1307 4510 ⁵Πρὶν
1334 4401 1396 4495 δέ
1421 4401 1590 4509 ἐγγύς
1630 4401 1792 4507 είνανι,
1827 4445 1918 4498 τὸν

2026 4401 2156 4502 pore
2186 4401 2527 4497 abstulerat),
2581 4443 2678 4480 ceu
2730 4401 2924 4494 pignus
2973 4425 3240 4493 quoddam
3290 4424 3590 4478 vacationis

352 4535 594 4601 Μακρης
617 4533 881 4601 ἀρχιερέα
910 4533 1045 4601 πρὸς
1087 4531 1312 4599 βασιλέα
1343 4531 1587 4600 πέμψας,
1615 4532 1803 4602 ἐδήλου
1837 4534 1917 4586 ὃτι

350 4624 606 4690 ἀρίξοιτο
648 4626 786 4692 μετά
824 4625 1040 4693 μικρὸν,
1064 4625 1124 4675 ού
1170 4623 1370 4690 μᾶλλον
1397 4623 1711 4694 πολέμιος-ἢ
1746 4623 1916 4692 φίλος,

350 4712 447 4761 καὶ
498 4710 901 4777 διαλεξόμενος,
957 4711 1085 4782 περὶ
1127 4703 1202 4762 ὧν
1265 4711 1530 4781 πρότερον
1593 4712 1914 4780 μηνύσειενο

352 4801 575 4868 ἔπεμπὲ
621 4819 679 4854 τε
720 4804 819 4854 καὶ
853 4805 1023 4872 κηρὸν
1065 4805 1505 4873 ἐσφραγισμένον
1536 4803 1612 4874 τῷ
1653 4804 1919 4873 βασιλέως

347 4892 645 4959 δακτυλίῳ,
670 4893 730 4946 δν
751 4888 896 4962 εἶχεν
915 4895 1248 4963 ἀφελόμενος
1268 4896 1434 4957 αὐτὸς
1459 4897 1593 4964 μετά
1619 4896 1722 4946 τῶν
1744 4895 1919 4948 ἀλλων

349 4986 417 5035 ἐν
457 4984 533 5053 τῷ
569 4985 662 5038 τοῦ
687 4987 926 5056 πολέμου
944 4989 1118 5058 χρόνῳ
1155 5003 1170 5020 ⁸
1203 4990 1390 5058 ὥσπερ
1413 5007 1470 5041 τι
1525 4990 1775 5059 ἐνέχυρον
1801 4992 1918 5042 ἐκε-

349 5073 570 5142 χειρίας
613 5076 706 5128 καὶ
753 5077 1042 5146 ἀνακωχῆς
1093 5077 1358 5146 πολέμου.
1411 5076 1671 5139 Βασιλεὺς
1703 5078 1758 5129 δέ
1789 5078 1919 5146 ἀλη-

351 5161 537 5214 θεύειν
587 5163 796 5217 ἐκεῖνον
853 5165 1082 5234 οίηθεὶς,
1131 5165 1410 5220 ὡπλίσατο
1467 5166 1806 5236 μὲν,ὥσπερ
1849 5162 1916 5237 ἦν

351 5252 793 5322 συντεθειμένον,
848 5258 944 5307 καὶ
998 5256 1288 5325 περιέμενε
1328 5257 1426 5326 τὴν
1474 5258 1685 5309 ἐκείνου
1727 5274 1917 5309 συντυ-

347 5343 502 5410 χίαν,
548 5343 760 5407 ὀλίγους
805 5346 959 5405 τινὰς
1009 5344 1114 5408 ἔξω
1144 5343 1481 5406 καταλιπὼν,
1515 5345 1612 5412 τῆς
1651 5345 1696 5396 δ’
1747 5345 1915 5413 ἄλλης

345 5435 614 5499 στρατιᾶς
647 5435 848 5504 μηδένα
884 5434 1081 5503 τειχῶν
1121 5436 1371 5488 ἐκέλευεν
1403 5435 1506 5498 ἐξω
1535 5432 1696 5500 εἶναι,
1729 5435 1912 5498 δεδιὼς

345 5523 430 5592 μὴ
463 5527 616 5595 παρά
647 5527 794 5583 τινός
822 5543 876 5579 τι
905 5529 1014 5581 τῶν
1043 5528 1322 5596 νεωτέρων
1348 5529 1430 5579 το)
1445 5529 1613 5597 μηθῇ,
1645 5528 1910 5597 καὶ·πρό.

341 5631 515 5684 φασις
545 5615 756 5683 γένοιτο
789 5615 882 5668 τοῦ
913 5616 988 5686 μή
1020 5619 1109 5669 τὸν
1149 5617 1383 5685 πόλεμον
1413 5616 1806 5686 καταλυθῆναι.
1852 5617 1910 5672 ’0

2024 4532 2079 4577 et
2127 4522 2462 4575 induciarum
2508 4518 2775 4572 videlicet.
2807 4515 2968 4586 594
2995 4516 3294 4584 Imperator
3335 4517 3590 4584 opinatus

2019 4610 2172 4663 illum
2201 4624 2326 4661 vera
2358 4608 2526 4675 loqui,
2563 4609 2861 4660 secundum
2907 4614 3175 4658 conventa
3231 4621 3292 4659 se
3336 4609 3586 4670 ornabat,

2018 4701 2242 4768 ejusque
2270 4711 2616 4765 congressum
2656 4697 3024 4765 exspectabat,
3049 4695 3416 4764 militibusque
3452 4713 3588 4765 pau-

2019 4789 2100 4842 cis
2129 4787 2453 4856 qnibusdam
2485 4785 2618 4839 foris
2643 4786 2866 4848 relictis,
2907 4801 2977 4840 ne
3004 4786 3126 4854 quis
3150 4794 3470 4839 cauet-orum
3500 4801 3587 4837 ex-

2020 4887 2103 4933 tra
2136 4893 2320 4932 muros
2345 4877 2584 4947 prodiret
2616 4878 2884 4941 edicebat,
2910 4886 3162 4931 metuens
3201 4880 3479 4938 nimirum,
3516 4890 3584 4928 ne

2017 4969 2292 5038 quippiam
2325 4985 2505 5022 rerutn
2557 4983 2818 5024 novarum
2857 4970 3236 5036 designantur
3283 4967 3350 5020 ab
3379 4967 3582 5031 aliquo,

2021 5055 2164 5106 unde
2219 5056 2433 5108 occasio
2479 5055 2606 5108 belli
2667 5057 2906 5108 nondum
2964 5054 3185 5108 ﬁniendi
3236 5065 3577 5106 nasceretur.

2017 5143 2188 5199 Porro
2237 5160 2466 5215 magnus
2513 5147 2641 5210 dux,
2691 5155 2982 5214 antequam
3033 5144 3219 5197 urbem
3270 5145 3580 5208 attingeret,

2018 5237 2203 5293 missis
2226 5235 2522 5306 sagittariis
2567 5235 2773 5303 aliquot
2833 5243 2888 5286 ct
2931 5233 3242 5300 manipulis,
3277 5229 3582 5298 Dydimoti-

2021 5329 2109 5386 chi
2164 5335 2594 5398 propugnatores
2652 5324 2850 5377 adoriri
2921 5322 3108 5390 jussit.
3152 5321 3254 5384 Qui
3295 5317 3580 5372 confertim

2019 5421 2311 5482 instantes,
2353 5416 2454 5470 tela
2485 5413 2672 5469 crebra
2710 5413 3001 5482 iaciebant.
3060 5411 3327 5463 Praeterea
3382 5407 3581 5461 subur-

2019 5510 2158 5563 bana
2192 5507 2414 5562 aedilicia
2448 5503 2712 5572 conjectis
2751 5502 2965 5568 ignibus
3003 5487 3385 5556 incendebant.
3424 5497 3580 5550 llunc

1988 5599 2069 5652 'in
2096 5597 2312 5651 modum
2348 5595 2487 5647 facto
2523 5592 2590 5646 ab
2620 5591 2726 5644 illis
2765 5589 3034 5660 pugnandi
3070 5590 3241 5652 initio,
3281 5586 3578 5656 Uidymoti-

345 5676 528 5777 μέγας
555 5676 610 5761 δὲ
651 5709 796 5773 eoae,
830 5676 1101 5779 πρέν’τῆς
1150 5676 1358 5770 «ergo;
1387 5708 1552 5776 ἐγγὺς
1593 5676 1770 5761 ἐλθεῖν
1799 5707 1908 5759 τῶν

2025 5689 2239 5744 cbcnses
2264 5693 2574 5754 erumpunt,
2621 5682 2908 5748 multisque
2935 5676 3336 5734 convulneratis
3373 5695 3401 5732 a
3450 5691 3584 5730 ιιιαιο
