3998 6204
293 307 436 372 Ῑὶ25

1410 314 1955 377 HISTORIARUM
1998 315 2231 377 LIBER
2266 317 2385 379 ΙίῙ.

3391 315 3528 384 1126

283 420 484 492 ἐχώρει
525 419 661 491 πρὸς
695 419 1010 488 Βυζάντιον,
1051 422 1162 478 τῶν
1204 423 1383 480 ἄλλων
1428 423 1689 479 ἁπάντων
1718 426 1857 494 ἀμε-

1961 425 2122 480 snlito
2173 426 2576 496 iinperatricem
2630 426 2921 484 salutatum
2981 427 3212 483 accessit
3250 469 3264 494 ,
3323 432 3417 485 sed
3473 433 3529 489 in

287 509 484 579 λήσας.
523 511 678 568 Ἐπεὶ
722 513 778 567 δὲ
811 509 879 582 ἦν
909 515 1080 580 ἐντὸς,
1115 517 1178 570 οὐ
1230 516 1366 587 πρὸς
1413 516 1657 588 βασιλίδα
1701 511 1856 585 ἧκεν,

289 600 482 672 ῶσπερ
516 602 678 656 είωθε
726 607 1212 675 προσαγορεύσων,
1241 607 1360 661 ἀλλ’
1385 609 1445 660 ὲν
1496 607 1860 680 Ὀδηγητρίας

287 692 388 760 τῆς
419 691 754 763 θεομήτορος
789 697 1081 766 γενόμενος
1134 697 1210 767 τῷ
1273 699 1490 769 τεμένει
1539 699 1635 751 καὶ
1689 713 1860 768 προσ-

287 785 554 854 κυνήσας,
591 785 786 840 ἔπειτα
809 789 889 851 εἰς
916 789 1010 841 τὸν
1047 789 1105 841 ὲν
1133 791 1450 858 Μαγγάνοις
1488 785 1590 860 ἦκε
1626 789 1856 860 πύργον,

285 873 344 924 ὃν
399 875 683 942 περιόντος
728 876 827 944 μὲν
885 877 1228 945 Ἀνδρονίκου
1273 879 1368 932 τοῦ
1415 879 1676 950 βασιλέως
1721 875 1857 948 εἶχε,

188 1026 194 1030 _
286 964 384 1018 τοῦ
432 964 732 1028 Βυζαντίου
778 968 1069 1038 περιϐόλου
1116 969 1246 1025 ὄντα
1301 970 1419 1034 ἕνα,
1454 972 1510 1022 ὲν
1537 969 1594 1024 δὲ
1622 971 1734 1032 τοῖς
1762 969 1856 1022 τοῦ

293 1057 562 1128 ἐμφυλίου
601 1057 840 1128 πολέμου
896 1060 1110 1130 χρόνοις
1156 1061 1552 1127 ἑπισκευάσας,
1596 1061 1693 1115 καὶ
1735 1061 1862 1131 ὀχυ-

291 1146 533 1218 ρῶτατον
559 1141 1046 1220 ἀπεργασάμενος,
1078 1153 1153 1215 ῶς
1183 1153 1418 1222 μάλιστα
1444 1154 1594 1223 ἐνῆν,
1631 1154 1769 1207 ὅπλα
1799 1171 1856 1206 τε

287 1237 578 1306 ἐνθέμενος
626 1239 722 1292 καὶ
759 1238 829 1293 τὰ
857 1241 993 1295 ἄλλα
1026 1243 1331 1314 ἐπιτήδεια,
1360 1243 1501 1296 ὥστε
1528 1243 1857 1312 δυνήσεσθαι

287 1330 382 1381 καὶ
431 1331 570 1400 πρὸς
622 1331 934 1402 πολιορκίαν
987 1335 1082 1387 καὶ
1115 1337 1473 1407 τειχομαχίας
1506 1339 1858 1409 ἀντισχήσειν

287 1421 506 1488 κατεῖχε
545 1421 790 1490 φρουρὰν
834 1424 1183 1492 εἰσαγαγώνο
1222 1425 1348 1478 τότε
1401 1426 1457 1478 δὲ
1507 1428 1587 1490 εἰς
1647 1428 1858 1479 ἐκεῖνον

288 1509 486 1575 ἐλθὼν,
540 1511 772 1582 διήγαγε
824 1515 924 1584 τὴν
977 1515 1164 1570 νύκτα.
1222 1518 1315 1579 Ei;
1348 1519 1446 1587 τὴν
1477 1517 1770 1588 ὑστεραίαν
1803 1518 1859 1572 δὲ

287 1600 386 1652 τοῦ
435 1604 776 1674 πατριάρχου
813 1605 945 1675 πρὸς
987 1607 1150 1660 αὑτὸν
1200 1607 1469 1673 ἐλθόντος,
1517 1611 1708 1678 πρῶτα
1759 1610 1859 1679 μὲν

298 1689 551 1756 ὠνείδιζε
586 1693 682 1762 τὴν
721 1694 974 1750 εὐκολίαν
1023 1698 1114 1750 καὶ
1150 1699 1250 1767 τὴν
1274 1700 1408 1770 πρὸς
1436 1701 1598 1754 αὑτὸν
1629 1702 1860 1771 μεταδο-

298 1781 420 1852 λήν.
465 1784 687 1838 Οτεσθαι
735 1786 844 1857 γὰρ
889 1787 1096 1856 ἔφασκε
1143 1791 1240 1854 τὰς
1289 1792 1618 1863 ἀμφοτέρων
1663 1811 1861 1850 συντα-

289 1873 487 1938 κείσας
548 1874 726 1945 ψυχὰς
781 1877 1060 1949 ἑκατέρων
1114 1882 1184 1934 τὰ
1239 1882 1471 1952 σώματα
1527 1887 1718 1950 κινεῖν,
1766 1887 1861 1941 καὶ

287 1964 469 2016 ταυτὰ
517 1967 612 2018 καὶ
669 1964 760 2018 ίσα
812 1967 1157 2039 ἀμφοτέρους
1205 1972 1298 2024 καὶ
1355 1972 1705 2042 βουλεύεσθαι
1763 1977 1862 2032 καὶ

290 2057 583 2127 αἱρεῖσθαιο
615 2059 734 2111 νυνὶ
767 2059 821 2112 δὲ
850 2061 1161 2116 τούναντίον
1192 2064 1338 2120 ἅπαν
1368 2069 1689 2137 πεφηνέναιο
1723 2071 1861 2138 ἀκη-

291 2148 480 2202 κοέναι
537 2149 648 2222 γὰρ
685 2151 979 2205 πεπεῖσθαι
1045 2157 1138 2207 καὶ
1199 2156 1361 2211 αὐτὸν
1412 2161 1526 2223 τοῖς
1581 2163 1716 2228 περὶ.
1760 2161 1861 2232 τῆς

290 2239 431 2310 πρὸς
485 2241 938 2312 Καντακουζηνδν
976 2245 1204 2316 είρήνης
1251 2247 1677 2320 διαλεγομένοις,
1715 2251 1859 2324 ἅπερ

289 2329 394 2382 οὐκ
450 2332 620 2402 ἐχρῆν
671 2335 868 2398 ποιεῖν,
912 2337 1114 2390 ειδέναι
1177 2338 1286 2410 γὰρ
1326 2343 1642 2409 σαφέστατα
1671 2329 1857 2410 αὑτὸν,

293 2419 374 2484 ὡς
405 2423 454 2474 εί
491 2423 567 2492 μὴ
590 2425 795 2489 ἐκεῖνος
817 2424 918 2479 τοῦ
959 2429 1096 2498 πρὸς
1125 2431 1579 2502 Καντακουζηνδν
1621 2435 1860 2506 πολέμου

289 2516 514 2584 ἡρχετο,
543 2515 714 2569 πολλὰ
766 2521 1354 2591 πραγματευσάμενος,
1409 2526 1504 2578 καὶ
1546 2527 1726 2580 πᾶσαν
1759 2543 1863 2598 μη-

290 2603 467 2674 χανὴν
498 2605 850 2678 κεκινηκὼς,
901 2610 1072 2665 πάλαι
1117 2613 1185 2666 ἀν
1237 2614 1552 2686 ἐπεκάθητο
1597 2617 1864 2689 Παλαμᾱ

287 2695 409 2757 τοῖς
452 2703 873 2768 πατριαρχικοϊς
916 2701 1148 2772 θρόνοις,
1204 2702 1372 2759 αὑτοῦ
1424 2706 1858 2778 ἐκϐεϐλημένου.

286 2787 431 2841 Νυνὶ
475 2788 534 2841 δὲ
588 2791 724 2859 πρὸς
775 2790 854 2860 τῷ
885 2793 983 2862 τῆς
1020 2794 1346 2866 Ἐκκλησίας
1383 2799 1594 2868 ἄρχειν,
1630 2801 1862 2854 καὶτῶν

290 2876 588 2932 πολιτικῶν
638 2882 985 2950 πραγμάτων
1045 2884 1200 2940 οὑδιν
1249 2882 1414 2958 ἧττόν
1472 2891 1592 2943 ἐστι
1645 2891 1859 2962 κύριος,

290 2968 655 3038 περίόλεπτος
718 2974 778 3024 ἐν
829 2975 964 3028 πᾶσι
1000 2975 1297 3046 Ῥωμαίοις
1340 2983 1732 3053 γεγενημένος,
1766 2985 1860 3038 καὶ

290 3059 476 3131 πατὴρ
529 3063 624 3116 καὶ
674 3064 932 3135 κηδεμὼν
987 3067 1252 3136 βασιλέως
1286 3077 1852 3144 προσαγορευὶμενος,
1882 3084 1925 3144 c

287 3148 332 3203 ἃ
380 3152 544 3222 ἐχρῆν
587 3157 830 3220 σκοπεῖν,
891 3157 986 3209 καὶ
1045 3159 1122 3228 μὴ
1183 3162 1638 3235 προσδοκωμένης
1683 3166 1856 3221 ἀλλων

286 3239 584 3309 ὡφελείας,
631 3245 732 3316 τὴν
781 3247 994 3301 οἰκείαν
1035 3250 1326 3319 προίεσθαι
1373 3255 1673 3325 σωτηρίαν.
1723 3259 1859 3321 Πρὶν

289 3333 396 3401 μὲν
427 3335 534 3405 γάρ
572 3337 664 3390 τὸν
705 3337 941 3409 πόλεμον
994 3343 1344 3413 κεκινῆσθαι,
1385 3345 1549 3416 μέχρι
1595 3347 1860 3418 καθαιρὲ-

291 3442 436 3488 σεως
468 3426 697 3498 ἔστησεν
727 3429 794 3483 ἂν
836 3431 932 3501 τὴν
955 3431 1127 3501 ὀργὴν
1167 3435 1195 3484 ό
1222 3431 1694 3505 Καντακουζηνός.
1721 3438 1859 3490 Νυνὶ

283 3516 350 3570 δὲ
407 3519 546 3586 μετά
593 3521 654 3572 τὸ
688 3519 925 3574 τοσαῦτα
971 3523 1180 3577 ἐκεῖνον
1211 3525 1515 3594 ἐφύϐριστα
1561 3527 1655 3578 καὶ
1707 3527 1857 3583 δεινά

286 3605 794 3674 ὑπομεμενηκέναι,
847 3602 942 3675 ὧν,
972 3609 1232 3678 ἔφασκεν,
1267 3613 1419 3666 οὐδὲν
1473 3610 1636 3685 ἧττον
1688 3615 1860 3678 αἴτιος

284 3694 435 3768 ἦσθα
461 3701 553 3753 καὶ
589 3703 773 3767 αὐτὸς,
804 3703 878 3772 μὴ
902 3704 1291 3776 φιλάνθρωπόν
1321 3723 1443 3759 τινα
1500 3709 1596 3760 καί⁵
1625 3709 1860 3778 ἀνεκτὴν

284 3785 406 3840 οἴου
437 3789 544 3842 τῶν
580 3792 852 3845 τοσούτων
905 3794 1094 3847 κακῶν
1151 3794 1391 3849 ἔσεσθαι·
1421 3797 1518 3866 τὴν
1567 3801 1858 3869 τιμωρίαν,

284 3879 428 3932 ἀλλά
465 3879 694 3935 θάνατόν
724 3900 782 3936 τε
819 3882 1147 3953 ὲφύῦριστον
1179 3886 1398 3951 σαυτοῦ,
1427 3887 1522 3940 καὶ
1547 3887 1641 3940 τοῦ
1668 3889 1860 3956 γένους

285 3969 546 4034 ἐξώλειαν
577 3975 801 4038 παντός.
854 3975 1012 4030 Οὕτω
1038 3977 1146 4047 γὰρ
1179 3978 1502 4048 ἀκηκόαμεν
1541 3981 1604 4031 ὲκ
1649 3979 1859 4033 πολλῶν

281 4061 400 4115 τῶν
447 4063 655 4117 ἐκεῖθεν
709 4066 1050 4137 ἀφιγμένων,
1097 4069 1173 4132 ὡς
1234 4069 1481 4139 μεγάλην
1539 4070 1662 4124 καθ’
1702 4071 1860 4141 ἡμῶν

281 4153 402 4207 τῶν
431 4157 892 4228 πεπολεμηκότων
939 4160 1052 4230 ἔχει
1086 4161 1184 4232 τὴν
1213 4162 1538 4232 ἀπέχθειαν.
1577 4162 1656 4216 Δι’
1699 4162 1736 4218 ἃ
1765 4165 1862 4216 αὑ-

283 4251 384 4312 τός
416 4265 472 4301 τε
504 4250 720 4316 ἔγνωκα
771 4253 934 4321 μέχρι
969 4253 1166 4316 παντὸς
1209 4253 1408 4322 ἐκείνῳ
1443 4253 1728 4322 πολεμεῖν,
1765 4254 1861 4308 καὶ

285 4341 380 4394 σο)⁸
439 4342 507 4393 τὰ
565 4341 657 4394 ίσα
695 4342 1080 4412 συμϐουλεύω,
1133 4343 1229 4396 καὶ
1276 4345 1352 4414 μὴ
1398 4344 1465 4395 τὰ
1519 4345 1706 4416 πόρρω
1763 4345 1860 4398 καὶ

1964 512 2299 585 liodegetrias
2333 515 2572 587 Ileipara:
2621 501 2820 588 templo
2846 518 2979 574 tusis
3018 521 3272 589 precibus
3309 521 3363 575 in
3402 538 3529 591 pro-

1960 606 2320 676 pugnaculum
2368 622 2466 662 seu
2521 608 2798 664 castellum
2833 608 2887 662 in
2943 609 3226 678 Manganis
3255 611 3532 678 (planities
3593 642 3598 648 ι

1960 707 2043 751 est
2092 706 2243 752 extra
2284 698 2623 768 Byzantium)
2667 701 2810 768 quod
2868 702 3162 768 superstite
3214 702 3378 756 etiam
3419 705 3531 757 An-

1961 785 2188 840 dronico
2236 787 2562 857 imperatore
2613 788 2866 850 habebat.
2903 789 3136 844 durante
3175 800 3356 844 autem
3391 791 3532 846 bello

1961 877 2065 932 hoc
2096 877 2441 943 instaurarat,
2461 887 2514 932 et
2544 880 2754 950 magnis
2783 879 3041 948 aperibus
3071 881 3530 945 communiverat.

1961 985 2224 1038 armaque
2255 978 2308 1023 ιι
2344 971 2446 1024 alia
2479 971 2747 1025 obsidioni
2793 971 3122 1026 sustinendae
3171 973 3362 1028 idonea
3405 990 3529 1029 cum

1960 1061 2214 1128 prmsidio
2243 1061 2314 1116 ibi
2344 1063 2652 1117 collocarat.
2707 1062 2764 1117 In
2807 1065 2930 1126 hoc,
2977 1066 3216 1132 inquam,
3244 1067 3527 1121 castellum

1961 1154 2269 1218 concessit,
2336 1164 2391 1208 et
2445 1155 2552 1210 illic
2604 1165 2822 1209 noctem
2880 1157 3078 1227 exegit.
3151 1159 3414 1214 Postridie
3470 1175 3529 1214 se

1963 1244 2158 1300 visenti
2190 1245 2516 1314 patriarcha:
2549 1247 2822 1300 let-itazein
2857 1258 2912 1302 et
2954 1250 3369 1303 inconstantiam
3401 1266 3528 1319 erga

1961 1350 2019 1389 se
2052 1336 2184 1388 vitio
2211 1336 2325 1390 dat.
2373 1335 2681 1391 Cri-diuisae
2728 1337 2951 1391 malitas
2985 1339 3268 1392 amborum
3317 1339 3528 1394 animas

1962 1426 2246 1495 utriusque
2275 1442 2473 1495 corpus
2497 1443 2683 1496 regere
2711 1429 3007 1496 eademque
3033 1431 3220 1484 ambas
3245 1440 3296 1484 et
3330 1431 3524 1493 multi,

1961 1523 2016 1567 et
2047 1514 2235 1583 sequi;
2267 1531 2411 1568 nunc
2441 1524 2628 1568 contra
2663 1529 2885 1584 prorsus
2931 1517 3193 1571 evenisse.
3231 1516 3345 1571 Sibi
3382 1503 3524 1572 enim

1961 1605 2296 1668 nuntiatum,
2356 1604 2533 1674 ipsum
2580 1620 2795 1675 quoque
2843 1620 3125 1658 assensum
3174 1607 3258 1670 iis,
3313 1622 3431 1676 quzc
3463 1609 3529 1662 de

1962 1711 2094 1765 pace
2125 1711 2246 1751 cum
2287 1697 2674 1751 Cantacuzeno
2703 1696 3051 1763 suscipienda
3095 1697 3366 1766 disputata
3409 1698 3530 1754 fue-

1962 1788 2094 1842 rint.
2138 1787 2194 1842 ld
2225 1787 2370 1857 quod
2398 1803 2504 1841 non
2552 1787 2825 1848 debuerit,
2863 1802 2985 1842 cum
3029 1787 3336 1845 indubitata
3370 1790 3527 1853 sciat,

1961 1877 2068 1932 nisi
2100 1878 2215 1946 ipse
2265 1878 2466 1933 bellum
2509 1879 2774 1933 adversus
2829 1878 3295 1946 Cantacuzenum,
3347 1880 3530 1936 multis

1961 1968 2166 2024 idcirco
2223 1969 2461 2040 negmiis
2492 1970 2811 2041 implicitus,
2868 1979 2925 2026 et
2958 1972 3213 2028 omnibus
3259 1973 3531 2029 machinis

1963 2061 2185 2134 lenitatis
2229 2061 2648 2125 introduxisset,
2678 2063 3002 2132 jampridem
3031 2079 3098 2119 eo
3147 2064 3342 2134 eiecto,
3373 2064 3532 2120 Pala-

1959 2129 2102 2202 niam
2163 2147 2220 2202 in
2286 2149 2406 2218 ejus
2469 2129 2691 2205 throno:
2723 2129 3094 2222 patriarchieo
3156 2153 3529 2210 collocandum

1961 2237 2152 2295 fuisse.
2184 2238 2340 2295 Nune
2372 2250 2726 2310 preterquam
2756 2242 2902 2312 quod
2930 2241 3186 2298 Ecclesia:
3215 2244 3529 2314 praesideat,

1959 2330 2123 2384 etiam
2167 2329 2477 2399 reipublica
2523 2345 2645 2386 esse
2689 2331 2978 2387 dominum
3031 2342 3337 2403 spectatum
3385 2333 3531 2389 inter

1961 2418 2236 2474 Romanos
2262 2433 2476 2484 omnes,
2499 2430 2818 2494 patremque
2838 2439 2904 2479 ac
2929 2432 3161 2480 tutorem
3184 2423 3531 2496 imperatoris

1960 2509 2310 2580 appellatum,
2366 2526 2487 2581 qua:
2531 2515 2889 2584 perpendere,
2947 2530 3051 2570 nec
3112 2517 3243 2574 dum
3296 2516 3529 2572 aliorum

1959 2603 2220 2672 quaeritur
2264 2603 2489 2670 utilitas,
2545 2605 2774 2661 salutem
2805 2609 3082 2678 propriam
3131 2609 3186 2662 in
3241 2608 3532 2679 postremis

1960 2707 2248 2750 numerare
2309 2698 2627 2765 oportuerit.
2681 2697 2818 2752 Nam
2887 2707 3015 2754 ante
3066 2699 3288 2765 bellum,
3329 2694 3528 2770 inquit,

1961 2797 2133 2852 usque
2161 2785 2227 2838 ad
2247 2784 2740 2841 exauctoraiionem
2785 2795 2932 2841 tuam
2952 2787 3365 2845 Cantacuzcnus
3388 2789 3528 2846 iram

1961 2877 2311 2932 extendisset.
2344 2878 2485 2942 iam,
2518 2877 2644 2949 quia
2697 2887 2803 2934 tam
2841 2879 3003 2950 596
3042 2881 3212 2936 multa
3243 2894 3529 2938 contume-

1961 2963 2098 3022 liosa
2149 2976 2203 3022 et
2245 2970 2426 3038 gravia
2477 2977 2530 3023 te
2563 2984 2780 3039 quoque
2819 2971 3151 3026 allaborante
3190 2986 3383 3042 passus
3421 2983 3528 3040 est,

1962 3070 2092 3110 cave
2141 3055 2423 3113 exiStimes
2453 3098 2469 3122 ,
2528 3069 2796 3115 tantarum
2846 3061 3170 3131 injuriarutn
3234 3066 3526 3118 humanam

1960 3147 2198 3216 aliquam
2256 3163 2322 3203 ac
2367 3150 2726 3215 tolerabilem,
2761 3151 2893 3221 quin
2943 3153 3128 3224 potius
3162 3163 3308 3209 tuam
3356 3155 3530 3225 ipsius

1961 3238 2376 3308 ignominiosam
2443 3256 2657 3308 necem,
2703 3251 2758 3296 et
2806 3243 3025 3310 generis
3072 3245 3236 3300 totius
3280 3245 3528 3300 exsilium

1959 3343 2175 3398 poenam
2208 3331 2342 3386 fore.
2377 3330 2466 3386 Sic
2499 3333 2642 3386 enim
2685 3334 2838 3387 inulti
2871 3333 2999 3389 inde
3025 3336 3090 3390 ad
3117 3351 3220 3390 nos
3251 3321 3533 3392 venientes

1959 3430 2184 3475 narrant
2216 3437 2343 3476 enm
2373 3423 2430 3476 in
2471 3439 2592 3488 nos,
2625 3439 2656 3478 a
2683 3425 2881 3492 quibus
2911 3434 2996 3479 est
3043 3427 3186 3480 bello
3217 3426 3528 3492 lacessitus,

1959 3509 2186 3564 immani
2219 3512 2346 3566 odio
2384 3511 2632 3581 ﬂagrare.
2672 3513 3036 3578 Quamobrem
3078 3515 3210 3568 mihi
3259 3517 3530 3571 sententia

1960 3610 2045 3654 est
2089 3601 2234 3654 illum
2268 3617 2582 3672 oppugnare
2613 3613 2890 3672 perpetuo,
2939 3611 2995 3658 et
3051 3614 3101 3658 te
3154 3604 3296 3659 idem
3350 3606 3530 3662 facere

1961 3691 2122 3759 cupio
2162 3706 2487 3760 moneoque,
2521 3708 2588 3746 ne
2634 3673 3022 3764 longe‘positis
3053 3694 3299 3765 nihilque
3340 3697 3529 3766 profu-

1964 3791 2099 3835 tur.s
2123 3784 2338 3837 curiose
2360 3793 2412 3837 te
2436 3783 2770 3848 immisceas,
2799 3787 2893 3840 sed
2915 3789 3188 3856 quomodo
3209 3789 3529 3859 nosmetipsi

1962 3885 2246 3925 serventur
2315 3872 2642 3942 provideas,
2707 3875 2852 3943 quod
2917 3875 3134 3944 quidem
3201 3877 3358 3932 aliter
3420 3894 3533 3933 non

1961 3964 2164 4030 licebit,
2198 3966 2302 4020 nisi
2343 3967 2543 4022 bellum
2576 3968 2720 4024 istuc
2757 3971 3079 4025 continuum
3110 3985 3232 4025 esse
3254 3971 3532 4026 studueri-

1963 4069 2104 4109 mus.
2133 4055 2264 4110 Nain
2298 4073 2401 4127 pax
2439 4057 2541 4112 ista
2570 4075 2690 4128 qua:
2733 4060 2953 4125 dicitur,
2998 4045 3341 4123 mihicrede,
3393 4061 3529 4114 nihil

1963 4154 2044 4202 est
2075 4147 2218 4202 aliud
2242 4165 2402 4219 quam
2421 4158 2475 4204 et
2504 4161 2781 4210 nostra.et
2811 4152 3045 4208 ﬁliorum
3067 4152 3524 4222 propinquorum-

1962 4257 2066 4311 quc
2114 4253 2427 4298 nostrorum
2481 4245 2784 4299 certissima
2817 4245 3070 4314 perditio.
3132 4245 3242 4300 lloc
3273 4258 3522 4299 sermone

1964 4320 2329 4402 patriarcham
2357 4350 2458 4389 nec
2494 4335 2667 4404 ipsum
2711 4349 2902 4404 pacem
2942 4336 3098 4390 valde
3136 4336 3522 4405 suspirantem,

286 4433 464 4503 μηδὲν
505 4405 777 4502 όνήσονταν
803 4405 1302 4504 πολυπραγμονεῖν,
1340 4405 1474 4488 ’ἀλλ’
1498 4405 1655 4505 ἡμῶν
1678 4436 1857 4490 αὐτῶν

1964 4425 2057 4480 sed
2083 4426 2312 4481 aliorum
2343 4427 2554 4496 placitis
2591 4431 2900 4482 necessario
2927 4428 3314 4499 snﬂ'ragantem
3347 4424 3514 4495 cepit.

283 4522 551 4591 πρόνοιαν
615 4523 890 4578 ποιεῖσθαι
935 4526 1083 4587 ὅπως
1149 4525 1546 4593 σωθησόμεθαο
1597 4526 1755 4578 τοῦτο
1800 4526 1858 4578 δὶ

1967 4517 2170 4571 Deinde
2187 4517 2585 4586 imperatriccm
2603 4533 2821 4587 quoque
2845 4532 2940 4590 per
2965 4520 3198 4589 legatum
3217 4520 3516 4590 appellans,

284 4616 416 4666 κατ’
441 4613 632 4667 οὐδένα
686 4617 888 4686 τρόπον
944 4615 1534 4686 ἓτερονῆπεριέσται,ῆ
1578 4616 1664 4670 ἀεὶ
1699 4631 1864 4669 σπου-ι

281 4699 510 4759 δάςουσι
548 4701 638 4751 τὸν
683 4701 818 4771 πρὸς
871 4704 1086 4754 ἐκεῖνον
1138 4698 1276 4755 εἶναι
1318 4703 1576 4774 πόλεμον.
1612 4705 1721 4774 Τὴν
1749 4706 1862 4776 γὰρ

281 4789 587 4860 λεγομένην
619 4794 863 4862 εἰρήνην,
897 4793 1065 4862 μηδὲν
1099 4793 1289 4864 ἕτερον
1337 4793 1453 4851 οἴου
1485 4790 1650 4859 εἶναι,
1685 4793 1717 4864 ἢ
1750 4811 1860 4860 φα-

282 4881 454 4948 νεράν
509 4884 668 4951 ἡμῶν
723 4901 780 4936 τε
834 4883 1033 4938 αὐτῶν,
1081 4885 1176 4938 καὶ
1241 4885 1448 4939 παίδων
1502 4885 1599 4938 καὶ
1643 4885 1862 4939 οἰκείων

282 4971 609 5041 διαφθοράν.
657 4973 897 5026 Τοιαῦτα
957 4974 1057 5045 μὲν
1107 4975 1260 5043 ἔλεγε
1309 4976 1449 5046 πρὸς
1490 4977 1858 5048 πατριάρχην,

283 5065 384 5116 καὶ
418 5063 630 5115 ἔπειθεν
659 5103 673 5127 ,
709 5065 821 5116 οὐδ’
882 5067 1045 5119 αὑτὸν
1105 5068 1244 5133 πρὸς
1286 5068 1383 5137 τὴν
1437 5069 1664 5138 είρήνην
1715 5070 1858 5123 πάνυ

281 5153 658 5222 ὡρμημένον,
699 5157 836 5210 ἀ).ὶά
888 5157 1108 5225 λέγουσι
1161 5162 1275 5222 τοῖς
1323 5159 1508 5222 ἄλλοις
1543 5160 1862 5228 ἀναγκαίως

285 5246 678 5316 συνεπόμενον.
722 5247 952 5304 Ἔπειτα
1003 5249 1202 5321 εχρῆτο
1270 5253 1366 5303 καὶ
1417 5251 1569 5321 πρὸς.
1612 5250 1860 5320 βασιλίδα

285 5337 629 5408 πρεσϐευτῇ,
663 5340 871 5410 ἐμήνυέ
899 5357 958 5393 τε
1004 5341 1236 5412 βασιλίδι
1281 5341 1348 5395 δι’
1382 5343 1571 5407 αὐτοῦ,
1614 5344 1691 5406 ὡς
1727 5345 1864 5396 ἀπο-

287 5431 414 5500 ροὶη
445 5431 568 5483 ὅτου
601 5433 765 5485 ἓνεκα
798 5433 961 5497 αὐτὸς
997 5435 1096 5504 μὲν
1148 5435 1288 5504 ὑπὲρ
1327 5435 1495 5504 αὐτῆς
1531 5435 1626 5487 καὶ
1655 5435 1860 5488 παίδων

285 5525 468 5576 ἕλοιτο
497 5524 674 5578 πάντα
705 5525 951 5580 κίνδυνον
985 5525 1082 5580 καὶ
1114 5527 1292 5591 πόνον,
1327 5526 1512 5587 αὐτοῖς
1546 5525 1604 5578 δὲ
1639 5526 1714 5594 μὴ
1759 5525 1860 5596 τὴν

279 5617 413 5686 ίσην
477 5616 623 5682 εδοξε
691 5618 928 5688 σπουδὴν
979 5619 1385 5674 ιπιδείκνυσοαι
1441 5621 1572 5689 περὶ
1626 5617 1855 5673 ἑαυτῶν.

277 5710 457 5773 Αὐτὸς
511 5712 618 5780 γὰρ
677 5711 838 5775 εὐθὺς
898 5711 1037 5782 μετά
1091 5711 1189 5782 τὴν
1232 5711 1495 5784 βασιλέως
1549 5710 1806 5782 τελευτὴν
1838 5749 1853 5778 ,

1964 4607 2318 4662 vehementer
2362 4624 2421 4663 se
2447 4609 2630 4662 mirari
2657 4610 2812 4672 dixit,
2862 4611 2989 4680 quid
3029 4612 3134 4666 hoc
3179 4611 3530 4682 essel,.quod

1963 4713 2085 4753 cum
2117 4699 2237 4768 ipse
2267 4714 2366 4770 pro
2403 4699 2494 4754 illa
2533 4709 2588 4754 et
2634 4701 2821 4757 liberis
2853 4702 2972 4771 eius
3006 4704 3211 4758 nullum
3240 4705 3534 4774 periculum

1965 4790 2380 4860 molestiamque
2426 4790 2810 4858 detrectasset,
2862 4809 2970 4848 non
3035 4795 3169 4864 ipsis
3213 4797 3388 4850 visum
3443 4795 3533 4860 sit,

1962 4898 2062 4954 pro
2119 4899 2178 4938 se
2227 4894 2283 4938 et
2349 4884 2660 4953 patriarcha
2707 4887 2948 4941 tutandis
2988 4887 3228 4942 vicissim
3261 4887 3414 4940 eniti.
3469 4888 3538 4940 Sc

1964 4975 2167 5045 quippe
2199 4977 2381 5028 statim
2411 4983 2470 5028 ut
2495 4974 2821 5038 observarit,
2877 4974 3323 5029 Cantacuzennm
3361 4975 3537 5042 impe-

1966 5076 2146 5122 ratore
2171 5076 2408 5134 mortuo,
2448 5067 2634 5137 iniqua
2665 5077 2722 5122 et
2757 5067 2992 5122 \iolenta
3021 5081 3256 5135 coquere
3283 5064 3531 5130 consilia,

1965 5160 2208 5228 velleque
2270 5160 2450 5230 ipsam
2514 5175 2641 5215 curn
2704 5161 2827 5216 ﬁliis
2875 5176 2986 5214 non
3040 5159 3270 5230 imperio
3327 5168 3534 5212 tantum

1964 5251 2221 5321 dejicere,
2273 5253 2368 5306 sed
2399 5252 2509 5308 vita
2555 5267 2770 5322 quoque
2803 5267 3022 5317 exuere,
3085 5251 3300 5306 tametsi
3351 5251 3536 5306 multis

1965 5352 2121 5396 antea
2151 5341 2435 5398 beneﬂciis
2465 5344 2534 5397 ab
2589 5356 2655 5396 eo
2682 5340 2956 5402 aﬂectum,
2995 5351 3160 5409 atque
3208 5341 3273 5394 ad
3305 5339 3534 5410 gratiam

1963 5432 2160 5501 quovis
2185 5434 2502 5488 discrimine
2533 5434 2652 5501 ejus
2691 5445 2854 5484 causa
2880 5431 3168 5486 subeundo
3192 5430 3534 5486 referendam

1963 5525 2284 5595 obligatum,
2337 5524 2596 5579 maluisse
2630 5537 2726 5590 pro
2787 5521 2920 5591 ipsis
2973 5523 3286 5593 periculose
3331 5523 3532 5589 facere,

1963 5633 2126 5688 quam
2161 5618 2369 5686 primos
2395 5616 2534 5686 apud
2563 5615 2713 5669 illum
2744 5615 2979 5670 honores
3007 5615 3258 5685 adipisci,
3283 5631 3536 5672 exsecra-

1965 5719 2080 5767 tum
2113 5708 2322 5764 scilicet
2374 5707 2744 5780 iniproborum
2771 5708 3214 5765 communionem
3244 5708 3533 5776 factorum,
