3998 6204
598 305 732 366 11:7

1769 305 2094 368 JOANNIS
2128 307 2656 370 CANTACUZENI

3620 316 3724 381 1128

593 417 820 486 aliisque
852 418 1108 472 omnibus
1163 425 1308 470 metu
1363 431 1425 471 ac
1461 418 1857 488 horrore-ejus
1900 419 2152 488 potentiae

2151 443 2152 452 ι
2183 431 2225 485 Α
2259 419 2382 472 ἰδὼν
2418 420 2507 472 τὸν
2566 418 3017 490 Καντακουζηνδν
3063 419 3218 472 ἄδικα.
3259 421 3346 472 καὶ
3391 419 3522 488 βίαια
3552 422 3730 481 διανοιῶ-

595 508 892 570 deterritis,
923 509 1098 578 palam
1140 509 1191 562 ei
1232 507 1426 560 bellum
1472 508 1752 571 indixisse,
1795 524 1966 578 eoque
1997 525 2166 578 angu-

597 600 825 652 stiarum
895 597 1245 668 compulisse.
1286 607 1345 651 ut
1391 599 1544 668 prius
1591 599 1980 663 Triballorum,
2022 615 2169 653 nunc

600 690 818 740 tandem
873 687 1164 742 Persarum
1229 689 1426 742 auxilia
1491 689 1816 758 implorarit.
1857 692 1928 745 Se
1979 703 2159 744 autem

599 780 875 848 diligentia
910 788 965 834 et
998 780 1218 833 solertia
1268 795 1360 833 sua
1416 780 1619 834 factum
1673 781 1935 837 infectum
1980 783 2078 843 illi.
2116 793 2170 837 et

600 885 697 938 pro
733 871 894 924 sociis
918 871 1100 924 hostes
1125 869 1445 933 reddidisse,
1475 870 1694 938 jamque
1725 873 1788 924 ad
1821 887 1913 925 eas
1940 872 2168 925 diﬂicul-

602 969 740 1014 tates
767 960 1039 1014 hominem
1081 960 1348 1029 adegisse,
1402 971 1460 1016 ut
1496 961 1730 1032 imperio
1768 979 1827 1019 se
1872 963 2167 1029 abiturum,

600 1051 976 1119 privatamque
1028 1051 1192 1104 vitam
1252 1052 1526 1106 victurum
1576 1055 1905 1122 promiserit.
1941 1055 2169 1119 Quando

603 1149 782 1194 autem
815 1144 929 1209 ipse
955 1153 1074 1214 post
1104 1150 1180 1195 tot
1206 1141 1436 1205 labores,
1459 1151 1748 1212 tantasque
1769 1146 2168 1210 contentiones,

602 1240 657 1283 et
683 1239 827 1283 tanta
858 1231 1168 1284 discrimina
1195 1241 1421 1285 conatus
1441 1247 1568 1286 suos
1592 1233 1736 1288 bono
1759 1235 1865 1287 ﬁne
1885 1235 2169 1289 concluse-

602 1327 692 1384 rit,
743 1333 851 1376 tum
898 1325 1042 1392 ipsos
1093 1324 1446 1391 incogitantia
1499 1340 1594 1378 sua
1648 1325 1830 1380 omnia
1887 1327 2166 1381 evertisse.

603 1414 736 1466 Nam
780 1413 871 1467 ubi
903 1415 1148 1483 cognorit
1179 1415 1299 1467 illos
1329 1414 1396 1468 de
1449 1430 1578 1484 pace
1615 1426 1669 1470 et
1704 1416 1905 1470 foedere
1952 1432 2072 1470 cum
2104 1431 2170 1471 eo

601 1504 836 1557 ineundo
856 1504 1182 1567 deliberare,
1214 1514 1274 1558 ut
1305 1505 1605 1573 imperator
1645 1507 1716 1561 sit
1761 1508 1935 1560 nihilo
1967 1508 2168 1572 minus,

602 1592 828 1661 abjectis
897 1593 1150 1646 omnibus
1213 1594 1321 1648 huc
1377 1595 1656 1650 advolasse
1692 1635 1706 1660 ,
1763 1605 1815 1650 et
1869 1597 2014 1651 domi
2057 1598 2169 1666 jam

604 1684 811 1738 futuras
840 1683 1083 1737 miserias
1103 1697 1284 1737 secum
1313 1687 1691 1739 commentari.
1720 1685 1991 1741 Timnisse
2010 1702 2169 1756 porro

2273 529 2452 580 μενον,
2497 512 2592 565 καὶ
2621 512 2682 564 οὐ
2715 511 2874 581 μόνον
2903 510 3202 580 βασιλείας,
3241 510 3368 564 ἀλλά
3413 515 3494 565 καὶ
3524 516 3640 584 ζωῆς
3662 523 3732 570 αὖ.

2267 603 2366 670 τῆς
2422 604 2743 672 ἀποστερεῖν
2791 603 3117 671 βουλόμενον
3151 601 3317 671 αὐτὴν
3347 603 3432 653 καὶ
3461 604 3642 666 παῖδας,
3665 611 3731 658 ιιιὶ

2269 711 2349 745 τοι
2387 694 2554 746 πολλά
2601 695 2866 762 πρότερον
2907 693 3001 745 ὑπ’
3034 693 3238 746 ἐκείνου
3300 693 3734 762 scema-mer.de

2267 785 2468 847 δίκαιος
2495 784 2571 838 ὢν
2611 787 2758 855 ὑπὲρ
2790 785 3002 838 ἐκείνου
3029 784 3208 838 πάντα
3251 783 3478 836 κίνδυνον
3507 788 3732 854 αἱρεῖσθαι,

2269 876 2630 944 ἀμειϐόμενος
2679 875 2782 944 τῆς
2843 876 3137 938 εὐποιίας,
3184 877 3211 928 ὁ
3271 875 3324 926 δὲ
3387 875 3562 943 μᾶλλον
3614 878 3736 929 εἵλετο

2270 968 2407 1035 ὑπὲρ
2461 967 2640 1019 αὐτῶν
2671 966 3117 1025 διακινδυνεύειν.
3166 966 3198 1035 ἢ
3243 965 3402 1034 τιμὰς
3444 965 3532 1026 τὰς
3574 967 3734 1033 1:96:11;

2271 1054 2617 1124 καρποῦσθαι
2660 1056 2789 1125 παρ’
2822 1055 2992 1124 αὐτῷ,
3019 1055 3128 1106 τῶν
3168 1054 3375 1108 ἀτόπων
3405 1052 3558 1122 έργων
3581 1055 3737 1124 $55M:-

2269 1147 2495 1214 τόμενος
2546 1146 2646 1216 τὴν
2699 1147 3017 1199 κοινωνίαν·
3069 1145 3304 1214 πόλεμόν
3356 1162 3412 1196 τε
3465 1146 3606 1212 ἤρατο
3645 1147 3738 1214 πρὸς

2271 1235 2475 1285 ἐκεῖνον
2511 1236 2780 1302 φανερῶς,
2817 1235 2924 1288 τῶν
2976 1235 3152 1288 ἄλλων
3203 1235 3411 1287 πάντων
3442 1235 3737 1287 άποκννιύντων

2273 1325 2364 1376 καὶ
2396 1325 2492 1394 τὴν
2523 1325 2753 1393 δύναμιν
2780 1327 3149 1393 πεφρικότων,
3187 1327 3282 1378 καὶ
3318 1327 3372 1386 ἐς
3399 1326 3626 1392 τοσαύτην
3654 1341 3742 1376 συν-

2271 1415 2468 1484 ήλασεν
2495 1417 2751 1487 ἀπορίαν,
2810 1419 2950 1469 ὥστε
3004 1417 3267 1486 πρότερόν
3289 1433 3344 1468 τε
3376 1416 3626 1485 Τριϐαλῶν
3650 1419 3743 1485 am;

2274 1508 2594 1576 ἐπικουρίαν
2636 1508 2916 1578 δεηθῆναι,
2955 1509 3054 1560 καὶ
3090 1509 3160 1560 τά
3207 1509 3481 1560 τελευταῖα
3532 1507 3609 1558 νῦν
3648 1509 3745 1576 Περ-

2274 1596 2402 1649 σῶν.
2439 1596 2612 1659 Αὐτὸς
2671 1597 2727 1648 δὲ.
2780 1597 2987 1667 σπουδῇ
3043 1597 3214 1665 πολλῇ
3274 1600 3365 1650 καὶ
3419 1597 3650 1666 ἀγχινοίᾳ,
3694 1597 3745 1652 ιί;

2274 1685 2582 1738 τούναντίον
2608 1685 2758 1754 αὑτῷ
2783 1685 2997 1739 ἅπαντα
3032 1686 3381 1756 περιτρέψαι,
3414 1688 3498 1738 καὶ
3522 1687 3747 1755 πολεμεους

604 1774 672 1827 ad
728 1789 846 1827 eam
898 1774 1177 1838 accedere,
1229 1790 1318 1838 ne,
1351 1791 1470 1844 qua:
1509 1778 1734 1830 absente
1758 1793 1816 1830 se
1868 1778 2051 1831 verbis
2085 1777 2179 1832 de-

2166 1807 2179 1817 -
2210 1780 2248 1833 B
2281 1774 2428 1843 αὑτῷ
2468 1776 2585 1828 ἀντὶ
2646 1777 2952 1846 συμμάχων
3005 1777 3219 1839 πάντας
3266 1777 3545 1843 ἀποίεῖξαι,
3583 1779 3657 1828 καὶ
3684 1777 3745 1828 vii

605 1866 903 1927 creverint,
951 1864 1110 1934 597
1168 1875 1434 1932 praesente
1488 1885 1542 1920 re
1579 1867 1905 1936 compleant,
1959 1876 2012 1921 et
2048 1869 2172 1937 quia

604 1953 909 2016 dissentiat,
933 1953 1056 2008 ideo
1082 1964 1288 2022 pereat.
1305 1953 1484 2019 Quare
1515 1955 1559 2010 si
1584 1955 1771 2008 isthaec
1798 1965 1857 2009 ut
1880 1957 2172 2025 plurimum

605 2046 995 2099 detrimentosa
1027 2037 1332 2110 omiserint,
1371 2046 1679 2114 bellumque
1723 2056 1780 2100 ut
1826 2062 1854 2100 a
1901 2048 2174 2117 principio

605 2146 796 2189 contra
832 2135 1272 2191 Cantacuzenum
1306 2137 1560 2206 persequi
1587 2137 2000 2207 voluerint(hoc
2027 2141 2174 2194 enim

572 2281 575 2284 ,
606 2226 955 2280 utilissimum
983 2226 1145 2292 fore),
1180 2236 1235 2279 et
1267 2241 1324 2280 se
1352 2239 1600 2295 paratum
1629 2243 1768 2292 esse,
1826 2230 1930 2283 bde
1981 2231 2048 2283 ab
2084 2230 2174 2284 illa

606 2317 752 2379 data,
812 2314 947 2368 nihil
1004 2318 1214 2370 adversi
1275 2331 1592 2384 passurum,
1643 2332 1767 2370 cum
1821 2319 1940 2374 aliis
1994 2320 2174 2374 moliri

606 2422 940 2475 quaecunque
969 2409 1277 2462 conducere
1315 2407 1632 2476 judicarint.
1669 2409 1726 2461 Si
1755 2409 1908 2461 aliter
1937 2411 2172 2462 animata

609 2501 680 2550 sit
709 2512 1002 2564 pacemque
1036 2489 1327 2550 multan
1360 2497 1490 2566 ipsis
1531 2506 1585 2550 et
1613 2499 1902 2567 insignium
1951 2500 2174 2552 calami-

613 2595 780 2640 tatuni
827 2587 1064 2640 futuram
1115 2590 1462 2641 seminarium
1513 2587 1654 2640 bello
1713 2589 2059 2656 praetulerit,
2115 2603 2176 2644 re

607 2678 875 2740 discussa,
907 2693 965 2732 se
998 2693 1214 2746 quoque
1258 2678 1578 2732 utilitatibus
1611 2679 1724 2732 suis
1753 2680 1977 2734 minime
2019 2681 2176 2735 defu-

608 2781 786 2823 turum
820 2787 833 2823 :
873 2769 1096 2823 omnino
1133 2770 1276 2823 enim
1307 2785 1367 2823 se
1399 2786 1628 2840 quoque,
1661 2781 1716 2824 et
1765 2772 1978 2826 facilius
2010 2787 2172 2842 quam

609 2860 742 2913 alios
769 2874 928 2928 posse
962 2861 1122 2913 rebus
1151 2859 1264 2916 suis
1295 2862 1433 2914 bene
1463 2862 1772 2915 consulere.
1807 2861 1932 2916 llaec
1960 2864 2048 2917 ille
2081 2879 2175 2932 per

609 2951 968 3015 patriai-citam
1040 2951 1108 3003 ad
1184 2951 1608 3018 imperttricem.
1681 2952 1873 3006 Postea
1927 2971 2051 3007 rum
2121 2965 2176 3008 rt

611 3055 840 3107 magnus
868 3040 1140 3108 lugotheta
1163 3040 1397 3095 Gabalas
1430 3057 1552 3094 eum
1587 3042 1806 3108 viseret,
1848 3045 2074 3098 miriﬁce
2119 3047 2172 3098 in

612 3144 678 3182 eo
717 3145 774 3182 se
801 3131 1083 3198 deceptum
1129 3131 1298 3194 dixit,
1342 3131 1636 3186 arbitratus
1669 3133 1999 3200 intelligendi
2046 3152 2172 3189 acu-

613 3221 758 3273 mine
794 3235 1080 3288 rerumque
1129 3237 1441 3290 magnarnnt
1487 3238 1586 3276 usu
1623 3224 1796 3293 ipsntn
1843 3227 1976 3282 alios
2021 3240 2172 3283 ante-

611 3310 828 3364 cellere.
855 3310 990 3365 Nam
1013 3313 1155 3380 quod
1181 3327 1326 3366 nunc
1347 3313 1617 3382 Opinetur,
1645 3331 1766 3368 cum
1791 3317 2173 3374 Caritacuzeno

613 3401 780 3454 tantis
827 3403 1036 3456 meritis
1068 3405 1380 3468 obstrictus,
1412 3405 1610 3459 bellum
1659 3409 1832 3462 eidem
1861 3418 1914 3462 et
1949 3410 2172 3465 insidias

614 3490 834 3544 molitus
876 3490 968 3554 sit,
997 3492 1153 3560 eique
1183 3493 1414 3562 plurima
1470 3503 1525 3548 et
1569 3499 1907 3566 gravissima,
1948 3502 1993 3554 si
2023 3503 2174 3570 quis-

507 3629 518 3644 ,
612 3599 773 3651 quam
817 3583 976 3648 alius,
1007 3585 1351 3640 incommoda
1380 3590 1668 3654 creaverit,
1692 3605 1836 3644 nunc
1871 3591 2007 3646 faeta
2040 3610 2174 3662 pace

615 3683 957 3728 mansuetum
1001 3682 1163 3744 atque
1209 3676 1530 3730 clementem
1573 3691 2011 3746 experturntn,et
2064 3699 2173 3736 non

612 3767 796 3830 potius
854 3780 1022 3834 seque
1068 3781 1328 3836 suamque
1356 3767 1610 3821 familiam
1648 3769 1888 3824 inaudito
1940 3774 2172 3840 quodam

617 3853 775 3904 inodo
823 3863 878 3905 et
927 3862 985 3907 ut
1032 3854 1188 3909 factis
1247 3855 1322 3909 illi
1384 3857 1723 3912 contumeliis
1775 3859 1995 3929 dignum
2051 3873 2170 3925 est,

619 3944 944 4010 periturum,
976 3961 1165 4014 parum
1203 3962 1417 4016 sapere,
1435 3964 1610 4016 neque
1643 3951 1797 4017 |bene
1827 3953 2174 4022 ratiocinari;

614 4034 772 4104 longe
824 4038 968 4089 enim
1019 4037 1252 4114 amplius
1309 4039 1507 4092 bellum
1557 4040 1706 4107 ipsis,
1765 4056 1925 4108 quam
1987 4058 2174 4111 pacem

615 4129 1099 4181 commodaturum.
1130 4127 1262 4182 Nam
1289 4131 1332 4182 si
1364 4130 1564 4183 bellum
1593 4141 1801 4198 gerant,
1833 4134 2010 4188 salvos
2031 4149 2176 4188 sem-

615 4231 712 4282 per
753 4227 812 4269 et
871 4219 1231 4285 imperaturos
1259 4220 1392 4274 fore.
1441 4220 1595 4284 Quod
1640 4223 1685 4275 si
1729 4223 1798 4276 ob
1854 4223 1907 4276 id
1966 4225 2176 4292 imperii

616 4306 1050 4360 imminutionem
1085 4311 1377 4375 patiantur,
1415 4326 1520 4364 non
1558 4313 1680 4366 ideo
1742 4314 1972 4368 salutem
2005 4317 2178 4386 negli-

616 4392 873 4462 gendam,
910 4399 1346 4468 quandoquidem
1377 4403 1549 4457 satius
1577 4404 1648 4458 sit
1683 4407 1947 4474 imperare
1967 4409 2175 4474 paucis,
2211 4443 2257 4500 υ

615 4504 775 4554 quant
809 4504 876 4542 eo
910 4492 1238 4559 antplilicato
1259 4494 1482 4548 subesse
1511 4494 1651 4556 aliis,
1676 4510 1728 4549 et
1757 4496 1986 4565 ingloria
2006 4509 2179 4554 morte

617 4582 859 4649 del'ungi.
908 4582 1123 4636 Etenim
1171 4586 1216 4639 si
1262 4601 1450 4654 pacem
1508 4601 1630 4640 cum
1689 4587 1784 4641 illo
1815 4589 2177 4658 paciscantur,

616 4687 724 4724 non
777 4687 898 4726 esse
933 4675 1076 4741 quod
1098 4675 1219 4728 illos
1241 4692 1270 4730 a
1295 4678 1537 4746 periculo
1554 4687 1700 4750 tutos
1716 4689 1930 4748 praestet
1951 4690 2004 4734 et
2027 4683 2179 4736 inco-

617 4764 808 4816 lumes.
892 4763 1216 4818 Hortnbatur
1299 4770 1482 4835 itaque
1542 4768 1802 4823 Gabalam
1878 4786 1938 4824 se
2000 4773 2181 4828 denuo

617 4869 804 4907 secum
825 4854 1205 4922 conjungeret,
1227 4855 1425 4910 bellum
1451 4858 1818 4921 resuscitaret,
1848 4868 1904 4913 et
1931 4871 2181 4920 mutuum

616 4955 1015 5000 sacramentum
1051 4956 1386 5013 renovaret;
1439 4947 1603 5002 tiliam
1659 4949 1778 5017 ejus
1827 4966 2050 5005 uxorem
2083 4953 2182 5007 du-

617 5048 803 5098 ceret;
837 5038 1042 5107 pariter
1060 5039 1126 5092 ad
1150 5039 1350 5092 bellum
1379 5038 1774 5105 incumberent,
1806 5051 1861 5094 et
1879 5041 2180 5098 Romanum

619 5131 907 5200 imperium
928 5131 1399 5187 administrarent.
1433 5130 1529 5187 llis
1556 5133 1735 5188 verbis
1763 5134 1916 5187 illum
1949 5135 2183 5190 irrctivit

618 5222 1032 5277 etconcorditer
1061 5225 1258 5278 bellum
1281 5223 1662 5279 decreverunt.
1685 5223 1952 5280 Jurabant
1974 5237 2180 5294 autem,

619 5311 852 5364 Gabalus
881 5312 1102 5379 quidem
1133 5313 1198 5364 ad
1231 5312 1430 5366 bellum
1462 5325 1654 5380 magno
1701 5312 1826 5367 duci
1855 5327 2010 5380 opem
2041 5316 2180 5366 latu-

621 5413 776 5462 rum,‘
821 5411 878 5478 et_
904 5402 969 5456 de
1001 5416 1133 5470 pace
1166 5418 1266 5456 nec
1299 5417 1357 5456 se
1394 5402 1574 5471 aliquo
1605 5403 1764 5456 modo
1794 5404 2178 5471 cogitaturum,

620 5509 722 5546 nec
753 5493 874 5546 aliis
932 5492 1000 5548 de
1049 5509 1110 5546 ea
1162 5493 1558 5549 disserentibus
1604 5508 1985 5560 assensurum;
2039 5497 2186 5565 Apo-

622 5584 861 5636 cauchus
894 5600 1044 5648 vero,
1075 5586 1239 5639 ﬁliam
1275 5586 1325 5640 ei
1374 5601 1599 5641 uxorem
1642 5587 1896 5643 daturum
1922 5591 2180 5657 nulloque

623 5683 885 5742 pr'etextu
938 5677 1156 5743 nuptias
1207 5676 1524 5747 impeditum
1573 5679 1678 5745 iri,
1730 5686 1978 5748 quamvis
2029 5697 2182 5738 sacer

2202 3105 2243 3156 C

2275 1866 2356 1927 εἰς
2386 1867 2641 1917 τοσοῦτον
2679 1858 2914 1934 άπόρίας
2947 1867 3199 1934 ἀγαγεῖν,
3229 1866 3366 1919 ὥστε
3398 1867 3746 1933 ἐπαγγείλασθαι

2271 1957 2371 2026 τὴν
2420 1958 2702 2026 βασιλείαν
2745 1957 3105 2026 ἀποθέμενον,
3149 1959 3266 2026 βίον
3310 1958 3502 2009 ἰδιώτου
3531 1958 3631 2027 ζῇν.
3657 1957 3748 2008 Ὅτε

2271 2046 2328 2098 δὲ
2362 2048 2534 2098 πολλὰ
2567 2047 2761 2116 καμὼν
2809 2048 2904 2099 καὶ
2949 2047 3384 2116 ἀγωνισάμενος,
3416 2049 3500 2099 καὶ
3535 2046 3748 2104 κινδύνους

2272 2139 2563 2200 τοσούτους
2593 2137 2893 2208 ὑπομείνας
2923 2133 3136 2206 ’ἤγαγεν
3196 2139 3279 2199 εἰς
3322 2138 3464 2199 τέλος
3491 2139 3660 2203 ἀγαθὸν
3681 2136 3746 2202 τὴν

2274 2230 2623 2299 ἐπιχείρησιν
2645 2269 2659 2292 ,
2696 2229 2805 2281 τότ’
2845 2229 2998 2281 αὑτοὶ
3049 2229 3141 2280 ὑπ’
3180 2227 3434 2290 ἀϐουλίας
3471 2229 3648 2280 ἃπαντα
3671 2229 3751 2278 dvi-

2272 2321 2498 2388 τρεψαν.
2562 2322 2873 2389 Πυθόμενον
2931 2322 3040 2389 γὰρ
3091 2322 3293 2384 αὑτὸν,
3343 2320 3414 2381 ὡς
3454 2319 3752 2386 βουλεύσαιντο

2273 2413 2498 2480 εἰρήνην
2529 2412 2780 2464 τίθεσθαι
2820 2413 2956 2482 πρὸς
2990 2414 3201 2463 ἐκεῖνον
3232 2412 3325 2462 καὶ
3349 2412 3574 2474 σπονδὰς,
3609 2409 3678 2459 ἐπὶ
3700 2406 3752 2474 τῷ

2275 2503 2502 2573 βασιλέα
2539 2501 2700 2569 εἶναι,
2742 2503 2919 2556 πάντα
2986 2503 3360 2555 καταλιπόντα
3406 2499 3574 2552 ἐνθάδε
3609 2500 3752 2567 ἥκειν,

2274 2595 2369 2647 καὶ
2407 2596 2545 2647 οἴκοι
2573 2595 2864 2664 γενόμενον
2892 2594 2952 2646 τὸ
2985 2595 3182 2664 μέλλον
3211 2595 3546 2647 ἀποσκοπεῖν.
3578 2590 3752 2643 Δεδιένει

2273 2687 2382 2754 γὰρ
2446 2685 2581 2754 πρὸς
2633 2686 2801 2755 αὐτὴν
2861 2684 3072 2748 ἐλθεῖν,
3134 2684 3255 2755 μὴ,
3307 2684 3342 2737 ἀ
3395 2681 3547 2736 αὐτοῦ
3587 2683 3754 2739 ἀπόντος

2276 2775 2452 2843 λόγοις
2485 2778 2836 2846 ἐψηφίσαντο,
2886 2775 3070 2846 ἔργοις
3120 2777 3394 2846 παρόντος
3452 2762 3757 2842 τελ.εσθῇ,ιιιιι

2276 2855 2544 2940 summit
2577 2869 2762 2931 αὐτὸς,
2787 2871 2883 2938 τὴν
2917 2872 3171 2922 ἐναντίαν
3194 2870 3417 2939 γνώμην
3453 2869 3591 2936 ἔχων.
3618 2866 3668 2920 Εἰ
3689 2863 3757 2932 μὲν

2275 2961 2368 3014 οὖν
2397 3003 2410 3026 ,
2458 2963 2685 3027 ἔφασκε,
2737 2962 2846 3014 τῶν
2888 2963 3147 3015 τοιούτων
3209 2962 3288 3024 ὡς
3347 2957 3758 3013 ἀλυσιτελεστὰτων

2281 3051 2592 3118 ἀπόσχησθε
2649 3051 2742 3101 καὶ
2799 3052 2977 3113 αὐτοὶ,
3036 3051 3130 3103 καὶ
3185 3052 3280 3101 τὸν
3332 3050 3585 3117 πόλεμον,
3624 3044 3758 3109 ὥσπερ

2281 3142 2542 3212 ἐξαρκὴς,
2597 3143 2809 3196 ἕλοισθε
2853 3143 2988 3211 πρὸς
3031 3138 3654 3212 Καντακουζηνὺν(τοῦτο
3681 3135 3758 3204 γὰρ

2280 3237 2410 3303 ἡμῖν
2449 3235 2888 3290 λυσιτελέστατόν
2915 3234 3076 3302 ἐστι),
3110 3236 3208 3286 καὶ
3252 3234 3412 3288 αὑτὸν
3453 3234 3640 3300 ἕτοιμον
3661 3225 3759 3280 εἶναι

2281 3327 2496 3385 πίστεις
2550 3323 2681 3393 παρ’
2748 3325 2919 3388 αὐτῆς
2982 3323 3323 3393 δεξάμενον,
3361 3324 3436 3387 ὡς
3491 3323 3621 3376 οὐδὲν
3659 3318 3762 3383 αὐτῷ

2283 3418 2590 3483 ἀπαντήσει
2616 3415 2899 3484 δυσχερὲς,
2942 3416 3199 3486 πράττειν
3238 3418 3376 3485 μετά
3403 3416 3504 3467 τῶν
3533 3414 3674 3468 ἄλλων
3695 3411 3761 3460 ὅσα

2280 3506 2348 3558 ἂν
2385 3505 2608 3559 οἴωνται
2648 3508 2972 3574 συμφέρειν.
3032 3507 3094 3559 Εἰ
3141 3508 3186 3558 δ’
3232 3508 3342 3578 ἄρα
3393 3507 3554 3568 ἄλλως
3588 3506 3763 3570 ἔγνωκε-ι

2283 3598 2445 3669 αὑτὴ,
2502 3599 2598 3650 καὶ
2647 3600 2744 3664 τὴν
2788 3601 3013 3669 εἰρήνην
3061 3601 3269 3670 αἱροῖτο
3303 3595 3573 3670 μᾶλλονξῆ
3613 3593 3764 3646 πολλῶν

2280 3693 2414 3760 ἡμῖν
2453 3692 2606 3744 ἔσται
2659 3694 2751 3744 καὶ
2813 3692 3065 3761 μεγάλων
3101 3693 3253 3744 αἰτία
3285 3691 3584 3762 συμφορῶν,
3614 3685 3762 3752 σκεψά-

2283 3800 2444 3853 μενον
2478 3787 2570 3836 καί
2599 3783 2762 3835 αὗτδν
2781 3823 2795 3848 ι
2831 3787 3089 3854 πράττειν
3117 3786 3143 3836 ὅ
3183 3801 3238 3838 τι
3270 3786 3336 3838 ἂν
3366 3786 3486 3851 δοκῇ
3516 3779 3764 3833 instram:

2281 3875 2500 3934 πάντως
2535 3873 2589 3926 δὲ
2637 3874 2896 3926 δύνασθαι
2943 3875 3038 3928 καὶ
3077 3876 3247 3927 αὐτὸν
3279 3875 3472 3944 μᾶλλον
3515 3859 3609 3924 τῶν
3637 3867 3764 3921 ἄλλων

2282 3960 2342 4016 εὖ
2373 3965 2656 4018 διαθέσθαι
2681 3967 2749 4018 τὰ
2774 3965 2896 4018 καθ’
2920 3967 3137 4019 ἑαυτὸν.
3171 3967 3406 4020 Τοιαῦτα
3449 3967 3542 4036 μὲν
3570 3968 3646 4016 καὶ
3672 3965 3764 4028 πρὶς

2285 4054 2545 4123 βασιλίδα
2571 4056 2660 4108 διά
2701 4057 2798 4109 τοῦ
2829 4059 3173 4128 πατριάρχου
3227 4057 3597 4129 ὲπρεσϐεύετο.
3632 4057 3766 4121 11sz-

2284 4149 2584 4217 γενομένου
2625 4149 2682 4201 δὲ
2723 4149 2816 4202 καὶ
2865 4151 3084 4204 Γαϐαλᾶ
3134 4151 3232 4203 τοῦ
3287 4152 3517 4222 μεγάλου
3546 4149 3762 4215 λογονέιω

2283 4240 2421 4307 πρὸς
2442 4240 2627 4303 αὐτὸν,
2651 4241 2721 4292 τά
2762 4241 2994 4309 μέγιστα
3022 4241 3274 4308 ,ἔφασκεν
3302 4240 3650 4311 ἐξηπατῆσθαι
3676 4234 3764 4300 περὶ

2283 4329 2352 4381 αὑ
2365 4329 2478 4393 τοῦ,
2510 4330 2750 4399 νομίζων
2783 4333 2918 4386 πολὺ
2943 4333 3067 4396 τοὺς
3098 4333 3292 4396 ἄλλους
3319 4334 3648 4404 παρελαύνειν
3679 4343 3764 4378 σνν-

2285 4421 2396 4472 έσει
2433 4437 2492 4474 τε
2521 4426 2612 4474 καὶ
2644 4425 2709 4492 τῇ
2745 4423 2877 4491 περὶ
2899 4425 2960 4476 τὸ
2990 4429 3284 4493 πράγμασι
3318 4425 3559 4494 μεγάλοις
3589 4419 3764 4491 χρῆσθαι

2281 4513 2670 4582 δμπείρίᾳοτδ
2717 4516 2824 4584 γὰρ
2873 4514 3035 4567 αὑτὸν
3101 4515 3207 4567 ὑπὸ
3253 4511 3674 4581 Καντακουζηνοὺ
3710 4525 3766 4557 ιιι-

2281 4603 2458 4658 σαῦτα
2514 4606 2970 4676 εὐεργετηθέντα,
3000 4606 3195 4676 ἔπειτα
3219 4609 3310 4660 τὸν
3351 4607 3466 4661 κατ’
3496 4604 3674 4658 ἐκείνου
3702 4597 3765 4648 πό-

2279 4695 2444 4764 λεμον
2468 4674 2965 4766 συσκευασάμενον,
2998 4674 3089 4751 κῖὶ
3127 4700 3225 4770 τὴν
3255 4699 3541 4768 ἐπιϐουλὴν
3570 4697 3648 4748 καὶ
3672 4692 3764 4760 συλ-

2279 4786 2388 4838 λῶν
2415 4786 2582 4855 αὐτῷ,
2621 4789 2714 4840 καὶ
2748 4789 3000 4857 μεγάλων
3051 4790 3376 4843 αἰτιώτατον
3412 4785 3671 4858 συμῳορών
3703 4795 3764 4832 x1:

2282 4877 2491 4946 ὕϐρεων
2521 4880 2909 4946 γεγενημένον,
2947 4880 3144 4933 ἔπειτα
3171 4883 3266 4934 νῦν
3289 4883 3513 4946 οίεσθαι,
3543 4880 3584 4930 εἰ
3609 4875 3762 4942 γένοιῖῡ

2281 4971 2469 5038 εἰρήνη
2497 4971 2633 5040 πρὸς
2663 4972 2845 5033 αὑτὸν,
2873 4971 3084 5042 ἡμέρου
3131 4973 3488 5043 πειράσεσθαι
3533 4971 3615 5023 καὶ
3637 4976 3762 5032 apos-

2283 5060 2466 5130 ηνοῦς,
2513 5061 2647 5114 ἀλλά
2699 5063 2774 5132 μὴ
2807 5064 2969 5116 αὑτὸν
2991 5066 3084 5116 καὶ
3114 5064 3270 5130 γένος
3303 5063 3469 5131 καινῴ
3511 5078 3604 5114 τινι
3631 5058 3763 5125 τρόπιν

2284 5156 2377 5206 καὶ
2421 5153 2584 5216 ἀξίως
2632 5154 2728 5223 τῆς
2759 5154 2896 5224 πρὸς
2930 5157 3141 5208 ἐκεῖνον
3170 5155 3378 5224 ὕϐρεως
3407 5151 3696 5221 διαφθερεῖν»
3722 5144 3760 5192 οδ

2283 5246 2689 5313 σωφρονοῦντος
2729 5247 2794 5298 ἀν
2823 5261 2904 5307 τις
2945 5246 3143 5314 τιθείη,
3171 5245 3290 5298 οὐδὲ
3337 5245 3504 5314 ὀρθῶς
3542 5244 3602 5292 τὰ
3632 5236 3760 5303 Mil"

2289 5352 2432 5401 μιατει
2496 5323 2875 5402 λογιζομένου.
2907 5336 3045 5388 Πολὺ
3102 5342 3213 5404 γὰρ
3251 5337 3452 5402 μᾶλλον
3509 5332 3668 5388 αὐτοῖς
3701 5326 3760 5370 τίν

2285 5427 2524 5496 πόλεμον
2578 5427 2897 5490 λυσιτελεῖν,
2932 5428 3088 5497 ἢτὴν
3122 5430 3368 5498 εἰρήνην.
3407 5423 3670 5493 Πολεμοῦσι
3695 5413 3760 5484 μὲν

2283 5519 2391 5586 γὰρ
2418 5517 2633 5579 ἐξέσται
2659 5516 3023 5579 διασώζεσθαι
3055 5518 3216 5587 μέχρι
3269 5516 3486 5577 παντὸς,
3519 5512 3599 5563 καὶ
3624 5509 3758 5573 άρλιη

2283 5612 2388 5661 τῶν
2419 5609 2890 5677 πραγμάτων.“Λν
2905 5607 2949 5660 δ’
2979 5609 3191 5661 ἐλάσσω
3212 5609 3459 5676 γίνωνται
3487 5605 3582 5656 τῶν
3619 5599 3758 5648 ὄντων.

2287 5703 2346 5752 οὐ
2382 5702 2487 5769 χρὴ
2518 5701 2603 5752 διὰ
2636 5700 2794 5752 τοῦτο
2820 5703 2917 5770 τὴν
2944 5701 3152 5754 οἰκείαν
3180 5701 3372 5761 αὐτοὺς
3407 5691 3762 5763 καταπροίεσυιι
