3998 6204
280 339 424 405 1129

1411 339 1954 402 HISTORIARUM
1998 339 2230 400 LIBER
2272 340 2384 402 III.

3375 341 3510 402 1130

280 457 574 526 σωτηρίαν.
630 456 852 510 Βέλτιον
908 457 1016 530 γὰρ
1057 457 1254 524 ὀλίγων
1288 456 1561 526 ἄρχειν,ἢ
1617 455 1842 509 ἐκείνων

1953 457 2166 510 morbus
2198 457 2441 510 membra
2484 454 2870 524 depasceretur
2904 453 3040 523 (51),
3092 462 3186 508 aut
3226 457 3508 525 epilepsna.

275 547 659 618 αὐξανομένων
691 549 783 601 ὑπ’
829 549 1011 612 ἄλλοις
1046 545 1185 602 εἶναι
1210 587 1225 612 ,
1262 548 1457 610 αὐτοὺς
1499 548 1557 600 δὲ
1607 546 1845 616 ἀποθνή-

278 657 434 694 σκειν
463 640 698 704 ἀκλεῶς.
719 641 957 711 Εἰρήνην
974 640 1029 693 δὲ
1064 641 1199 710 πρὸς
1227 641 1434 692 ἐκεῖνον
1455 637 1834 705 ποιουμένους,

1951 559 2046 602 aut
2074 547 2307 614 insania,
2332 557 2426 602 aut
2467 549 2845 618 qualecunque
2880 546 3099 602 demum
3132 546 3516 605 iuvaletndrms

1949 653 2122 708 genus
2152 653 2211 693 se
2240 639 2538 692 invaderet.

278 737 381 789 οὐκ
413 734 526 788 ἐσθ’
549 737 577 788 6
606 753 660 788 τι
688 735 799 788 τῶν
825 736 1086 789 κινδύνων
1119 735 1494 806 ἐξαιρήσεται.
1535 732 1893 786 Συνεϐούλευέ
1933 750 1993 785 τε
2033 734 2182 803 αὑτῷ
2215 734 2589 802 προσθέμενον
2625 729 2778 795 αὖθις
2809 732 2900 785 τὸν
2930 732 3165 801 πόλεμον
3215 731 3514 795 ἀνακινεῖν,

274 830 373 880 καὶ
405 829 532 890 τοὺς
557 829 754 898 ὅρκους
791 827 1057 882 ἀνανεοῦν
1079 828 1206 891 τοὺς
1237 828 1374 897 πρὸς
1417 825 1683 895 ἀλλήλους
1711 840 1724 855 ·
1760 825 2060 895 λαμϐάνειν
2095 843 2154 877 τε
2203 827 2301 895 τὴν
2336 826 2500 878 αὐτοῦ
2542 825 2815 894 θυγατέρα
2851 824 2985 893 πρὸς
3008 825 3203 891 γάμον,
3235 825 3388 892 κοινῇ
3425 823 3517 874 τόν

274 937 331 974 τε
370 922 608 991 πόλεμον
638 923 1022 992 ἀναδέχεσθαι,
1073 925 1167 976 καὶ
1205 923 1302 992 τὴν
1349 921 1641 990 Ῥωμαίων
1671 921 1846 990 ἀρχὴν
1888 919 2109 974 ίθύνειν.
2153 922 2278 972 Ἐπὶ
2313 921 2524 983 τούτοις
2554 920 2764 985 ἔπειθε,
2828 921 2924 973 καὶ
2964 920 3301 989 ἐψηφίσαντο
3360 922 3515 988 κοινῇ

274 1018 372 1071 τὸν
401 1019 666 1087 πόλεμον.
706 1020 942 1089 Ὠμνυόν
981 1037 1042 1071 τε
1083 1020 1211 1080 τοὺς
1251 1019 1474 1088 ὅρκους,
1535 1017 1676 1069 ὥστε
1713 1016 1961 1070 Γαϐαλᾶν
1998 1017 2096 1085 μὲν
2127 1017 2265 1088 πρὸς
2322 1017 2415 1070 τὸν
2463 1016 2698 1085 πόλεμον
2749 1017 2826 1087 τῷ
2877 1017 3099 1085 μεγάλῳ
3161 1013 3516 1085 συναίρεσθαι

275 1112 455 1176 δουκὶ,
486 1114 582 1165 καὶ
622 1114 894 1185 μηδέποτε
934 1115 1067 1184 περὶ
1109 1114 1334 1184 εἰρήνης
1372 1113 1500 1182 μήτ’
1529 1112 1692 1165 αὐτὸν
1726 1111 2144 1181 βουλεύσεσθαι,
2217 1112 2347 1184 μήθ’
2407 1115 2578 1184 ἑτέρῳ
2617 1114 2829 1182 λέγοντι
2893 1114 3310 1183 πεισθήσεσθαι.
3346 1114 3518 1166 Ἐκεῖ-

277 1223 369 1259 νον
431 1207 487 1260 δὲ
543 1209 692 1278 αὐτῷ
741 1193 993 1261 ἐκδοῦναι
1041 1208 1140 1278 τὴν
1185 1208 1486 1277 θυγατέρα,
1542 1212 1636 1259 καὶ
1690 1207 1832 1260 κατά
1913 1207 2190 1277 μηδεμίαν
2261 1210 2539 1278 πρόφασιν
2591 1209 2683 1262 τὸν
2735 1211 2915 1280 γάμον
2981 1210 3340 1278 κωλυθῆναιο
3378 1209 3514 1263 ἀλλά

279 1299 386 1352 κᾶν
417 1300 520 1352 ὑπὸ
560 1301 658 1370 τῆς
693 1303 843 1371 ἱερᾶς
876 1302 1034 1354 νόσου
1089 1302 1158 1354 τά
1205 1301 1342 1371 μέλη
1379 1299 1711 1369 διαλωϐηθῇ.
1748 1299 1850 1352 κᾶν
1886 1301 2144 1369 ἐπιληψίαι
2177 1302 2209 1372 ἢ
2278 1301 2650 1373 μελαγχολίαι,
2699 1305 2730 1372 ἢ
2781 1306 3140 1377 ὁποιαδήποτε
3206 1308 3359 1371 νόσος
3392 1309 3516 1361 ἐπι.-

281 1395 508 1464 γένηται
555 1393 727 1465 αὐτῷ,
764 1393 935 1464 μηδὲν
974 1388 1114 1446 εἶναι
1170 1393 1278 1445 τῶν
1331 1391 1588 1444 τοιούτων
1617 1391 1846 1461 κώλυμα
1884 1393 1961 1462 τῷ
1989 1393 2173 1464 γάμῳ.

1545 1523 1709 1594 598
1745 1522 1971 1578 CAPUT
2011 1524 2246 1580 LXXIII.

283 1619 498 1694 Legatio
525 1617 825 1687 Apocauclri
851 1617 921 1670 ad
951 1619 1362 1694 imperatricem,
1394 1635 1523 1694 qua_
1558 1620 1614 1670 in
1657 1618 2095 1694 ACantacuzenAum
2141 1621 2204 1674 de
2249 1623 2454 1694 integro
2490 1624 2876 1694 inﬂammatur.
2928 1626 3271 1694 Apocauchus
3320 1627 3514 1680 iterum

348 1691 674 1764 dominatur,
707 1704 1010 1764 quanquam
1064 1689 1362 1764 modestius.
1403 1698 1451 1740 et
1506 1689 1836 1764 legatio-nent
1877 1692 2085 1764 suadet,
2118 1707 2216 1764 quo
2251 1689 2374 1764 situ"
2398 1689 2658 1764 consulat.
2715 1693 2946 1747 Mittitur
2973 1689 3194 1764 'legatio
3223 1713 3339 1749 cum
3379 1697 3515 1750 binis

348 1759 614 1834 epistolis,
642 1774 756 1827 qua:
795 1761 1105 1834 recitantur.
1140 1757 1420 1834 Contigerat
1469 1769 1645 1834 autem
1688 1759 1927 1834 [mitium
1974 1761 2038 1812 de
2083 1757 2410 1814 abdicatione
2464 1762 2842 1834 Cantacnacni.
2879 1757 3192 1834 quam'eum
3246 1767 3513 1829 meditari,

346 1825 690 1906 Apocauchus
749 1829 996 1881 mentitus
1044 1828 1241 1897 fuerat.
1298 1825 1482 1897 Legati
1529 1842 1647 1879 cum
1693 1829 1988 1881 conditione
2031 1844 2085 1881 se
2135 1839 2379 1884 venturos
2436 1825 2900 1902 prwsigniﬁcantf
2929 1826 3275 1905 Imperatoris
3329 1825 3514 1906 av]an

349 1900 586 1952 nimitas.

370 2039 527 2092 Ἐπεὶ
565 2036 621 2090 δὲ
646 2038 738 2090 καὶ
776 2037 844 2092 τὰ
874 2040 1014 2093 κατά
1040 2037 1294 2091 Γαϐαλᾶν
1317 2036 1502 2108 διῴκει
1541 2032 1574 2110 ᾖ
1609 2038 1846 2109 μάλιστα

1953 2018 1957 2022 ⁷
2019 2042 2090 2099 Ut
2129 2058 2251 2114 cum
2305 2044 2510 2101 Gabala
2571 2062 2789 2118 quoque
2833 2063 2921 2104 res
2959 2048 3010 2104 ei
3065 2050 3133 2105 ad
3179 2051 3513 2108 voluntatem

276 2122 557 2188 ἐϐούλετο,
609 2124 890 2192 συστήσας
935 2126 1013 2193 τῷ
1058 2126 1397 2197 πατριάρχῃ,
1448 2128 1663 2197 ἔπεμπε
1712 2127 1847 2198 πρὸς

278 2215 554 2284 βασιλίδα.
589 2217 651 2269 υί
684 2216 740 2268 δὲ
792 2217 1059 2282 ἐλθόντες,
1120 2217 1318 2287 πρῶτα
1352 2218 1450 2287 μὲν
1501 2219 1850 2287 ἀπήγγελλον

275 2309 406 2370 τοὺς
433 2306 646 2360 ἐκείνου
677 2307 872 2376 λόγους
909 2309 1143 2379 βασιλίδι
1173 2326 1187 2339 ·
1213 2309 1403 2363 ἔπειτα
1460 2311 1848 2366 συνεϐούλευον

273 2397 354 2459 ῶς
394 2397 582 2451 δικαία
639 2399 725 2468 εῐη
777 2400 810 2469 ἠ
862 2399 1110 2464 ἀξίωσις,
1147 2401 1243 2452 καὶ
1275 2403 1302 2453 6
1355 2401 1592 2470 πόλεμος
1645 2403 1847 2472 μᾶλλον

276 2489 552 2558 αἱρετέυς.
600 2491 1043 2562 Καντακουζηνῷ
1095 2491 1153 2544 δὲ
1199 2491 1390 2546 οὐδένα
1445 2493 1635 2562 ἕτερον
1672 2488 1849 2564 ’δυνή-

179 2649 184 2653 .
277 2579 473 2632 σεσθαι
538 2581 963 2652 ἀντιστήσεσθαι
1008 2582 1040 2653 ἢ
1087 2582 1178 2635 τὸν
1227 2583 1400 2652 μέγαν
1439 2582 1637 2647 δοῦκα,
1674 2584 1749 2648 ὡς
1784 2587 1848 2639 ὲκ

274 2672 392 2725 τῶν
431 2677 779 2744 πραγμάτων
829 2677 1025 2744 γέγονε
1072 2677 1410 2746 καταφανές.
1444 2678 1608 2732 Ὅθεν
1637 2679 1848 2733 δίκαιον

276 2767 496 2818 ἐκεῖνον
555 2767 846 2821 εὐνοοῦντα
897 2769 1062 2839 ἑαυτῇ
1116 2770 1212 2822 καὶ
1264 2771 1658 2840 συναιρόμενον
1704 2771 1848 2841 ἔχειν

276 2854 423 2922 πρὸς
479 2856 570 2907 τὸν
617 2857 874 2925 πόλεμον.
933 2857 1105 2911 Τοῦτο
1153 2858 1199 2910 δ’
1258 2860 1356 2912 οὐκ
1388 2860 1453 2913 ἂν
1493 2861 1702 2928 γένοιτο
1733 2861 1848 2914 ἑτέ-

279 2965 418 3016 ρως,
449 2949 497 3001 εί
529 2949 603 3019 μὴ
634 2952 661 3002 6
690 2950 928 3020 πόλεμος
977 2949 1135 3014 αὖθις
1165 2950 1589 3024 ἐπιψηφισθείη.
1644 2954 1849 3022 Ἀσυμ·

279 3037 468 3102 ϐἀτως
499 3042 608 3111 γὰρ
641 3045 852 3096 ἐκεῖνον
893 3043 1028 3114 πρὸς
1062 3043 1517 3112 Καντακουζηνὸν
1545 3043 1689 3112 ἔχειν
1724 3043 1842 3096 δια-

281 3131 659 3186 ϐεϐαιοῦσθαι.
698 3133 760 3186 Ei
802 3133 900 3204 μὲν
948 3133 1041 3186 οῦν
1081 3135 1326 3187 πείθοιτο
1365 3136 1460 3188 καὶ
1488 3134 1648 3205 αὐτὴ,
1695 3131 1753 3188 εὖ
1782 3136 1848 3190 ἂν

279 3217 435 3286 ἔχοι·
474 3220 522 3272 εί
559 3219 616 3272 δὲ
653 3219 750 3290 μὴ,
799 3220 1064 3272 σκεπτέον
1107 3219 1184 3290 μὴ
1232 3221 1426 3291 ἀθρόον
1461 3221 1607 3275 ἔνδον
1640 3222 1846 3287 Βυζαν-

277 3312 407 3362 τίου
441 3311 470 3364 6
521 3311 980 3382 Καντακουζηνδς
1021 3313 1266 3381 ἀναφανῇ
1299 3314 1402 3366 ὑπὸ
1445 3313 1686 3382 μεγάλου
1721 3315 1843 3366 δου-

1950 2135 2232 2200 successit,
2277 2151 2401 2191 eum
2439 2138 2762 2207 patriarcha:
2786 2141 3154 2208 commendat,
3211 2144 3514 2215 ambosque

1947 2223 2014 2278 ad
2054 2224 2456 2294 imperatricem
2514 2228 2704 2282 mittit.
2737 2229 2840 2295 Qui
2889 2229 3124 2299 primum
3157 2235 3318 2287 verba
3365 2235 3515 2303 Apo-

1948 2315 2140 2368 cauchi
2175 2316 2456 2382 referunt;
2516 2333 2638 2372 mox
2670 2333 2784 2374 rem
2825 2319 3028 2389 justam
3059 2322 3126 2375 ab
3156 2323 3347 2378 eodem
3375 2326 3512 2394 peti,

1948 2413 2001 2458 et
2034 2405 2234 2459 bellum
2263 2406 2383 2475 paci
2417 2409 2860 2476 anteponendum
2883 2411 3105 2468 docent.
3129 2411 3514 2470 Cantacuzeno

1947 2494 2146 2547 etenim
2191 2502 2344 2547 extra
2389 2510 2646 2565 magnum
2703 2495 2923 2565 ducem,
2981 2499 3124 2566 quod
3177 2501 3512 2578 egperieutia

1947 2583 2305 2646 constiterit.
2367 2586 2644 2646 nemiuem
2703 2601 2865 2655 posse
2930 2588 3208 2644 resistere.
3278 2588 3514 2645 Proinde

1947 2687 2165 2740 aequum
2226 2674 2421 2738 videri,
2474 2684 2533 2729 ut
2583 2677 2734 2730 illum
2791 2676 2892 2730 sibi
2928 2677 3206 2742 amicum,
3274 2688 3330 2734 et
3391 2681 3515 2734 belli

1947 2764 2252 2832 adjutorem
2315 2764 2533 2819 habeat.
2601 2765 2673 2819 At
2740 2765 2878 2821 istuc
2947 2767 3108 2820 aliter
3180 2783 3292 2821 non
3365 2769 3516 2824 futu-
3587 2801 3598 2814 ν

1949 2871 2090 2920 rum,
2162 2872 2322 2924 quam
2397 2856 2441 2910 si
2523 2871 2672 2909 arma
2740 2856 2811 2913 de
2869 2857 3080 2926 integro
3130 2857 3514 2917 decernantur.

1947 2946 2314 3002 Conﬁrmasse
2397 2949 2545 3001 enim
2625 2947 2818 3014 illum,
2879 2947 2984 3003 sibi
3043 2963 3167 3003 cum
3247 2951 3522 3006 Cautacu-

1947 3054 2082 3095 zeno
2137 3054 2326 3108 pacem
2392 3054 2675 3109 nunquam
2760 3040 3198 3094 intercessuram.
3275 3041 3520 3111 Quapro-

1947 3139 2065 3200 pter
2140 3130 2188 3184 si
2258 3131 2372 3200 ipsa
2434 3130 2594 3186 etiam
2673 3129 3060 3200 obsequatur,'
3103 3130 3242 3185 bene
3299 3133 3518 3187 habitu-

1947 3236 2090 3275 rum.
2123 3219 2215 3275 Sin
2252 3231 2454 3287 autem,
2501 3219 2793 3276 videndum
2842 3236 2910 3276 ne
2943 3221 3357 3276 Cantacuzenus
3393 3237 3518 3280 cum

1951 3314 2082 3368 totis
2111 3314 2284 3382 c0piis
2325 3314 2440 3368 suis
2471 3314 2615 3367 intra
2650 3313 2968 3383 Byzantium
3027 3316 3302 3369 accersito.
3337 3320 3517 3385 magni

281 3403 382 3462 κὸς
420 3378 924 3472 προσκεκλημένος.
959 3378 1276 3474 Τοῦτο-γὰρ
1328 3404 1395 3457 ἂν
1428 3378 1715 3473 εἴη-μόνον
1747 3406 1844 3457 ἀν-

1953 3403 2107 3458 ducis
2154 3413 2432 3473 appareat.
2487 3403 2600 3458 llac
2634 3405 2780 3459 enim
2809 3404 2891 3457 via
2921 3407 3297 3460 tantummodo
3322 3419 3518 3461 contu-

277 3494 544 3563 τίρῤοπον
573 3493 682 3548 τῶν
715 3494 852 3564 πρὸς
905 3495 1116 3548 ἐκεῖνον
1144 3495 1379 3565 ὕϐρεων,
1410 3498 1506 3549 καὶ
1534 3496 1643 3549 τῶν
1674 3495 1846 3549 ἄλλων

278 3584 500 3647 κακῶν,
528 3579 603 3638 ὧν
636 3587 777 3639 κατά
809 3588 902 3639 τὸν
928 3586 1022 3640 τοῦ
1056 3587 1295 3656 πολέμου
1327 3590 1520 3658 χρόνον
1551 3587 1685 3658 πρὸς
1711 3589 1850 3640 ἐκεῖ·

279 3691 378 3726 νον
403 3675 724 3739 ἐνεδείξατο.
768 3677 832 3729 Ἠ
885 3675 1099 3747 βασιλὶς
1147 3677 1202 3729 δὲ
1235 3679 1333 3730 καὶ
1360 3677 1626 3746 πρότερον
1655 3677 1753 3747 μὲν
1785 3679 1849 3730 ὲκ

283 3765 500 3820 πολλῶν
531 3768 638 3820 τῶν
666 3769 878 3838 ἀνδρῶν
909 3769 1282 3840 στοχαζομένη
1325 3769 1423 3841 τὴν
1463 3770 1848 3836 κακοϐουλίαν,

281 3856 386 3908 καὶ
419 3857 516 3927 τὴν
555 3858 790 3928 μεγάλου
835 3861 1030 3924 δουκδς
1076 3862 1460 3930 κακοτεχνίαν,
1493 3861 1682 3915 καὶτὸ
1723 3864 1854 3934 περὶ

285 3947 524 4016 μηδενδς
578 3951 772 4021 ἐκείνῳ
826 3952 1032 4022 μέλειν,
1065 3952 1098 4022 ἢ
1130 3953 1279 4014 ὅπως
1331 3951 1493 4014 αὐτὸς
1543 3953 1686 4026 ἄρχῃ
1742 3954 1852 4008 τῶν

283 4038 652 4105 πραγμάτων,
685 4033 804 4092 τότε
859 4041 918 4094 δὲ
964 4041 1058 4093 καὶ
1096 4042 1332 4108 μάλιστα
1383 4041 1480 4112 τὴν
1529 4043 1758 4095 ἀτοπίαν
1791 4046 1854 4096 ἐκ

282 4125 402 4180 τῶν
425 4127 598 4194 λόγων
636 4129 924 4183 συνιδοῦσα
977 4131 1077 4201 (μὴ
1116 4131 1314 4202 ἔχουσα
1362 4132 1418 4184 δὲ
1456 4128 1685 4186 οἷστισιν
1740 4133 1858 4185 ἑτέ-

289 4233 412 4284 ροις
448 4219 737 4288 χρήσαιτο,
763 4221 812 4272 oi
855 4221 966 4290 γὰρ
1003 4221 1155 4275 ἄλλοι
1190 4221 1299 4273 τῶν
1341 4221 1581 4290 εὐγενῶν
1612 4224 1705 4275 καὶ
1731 4221 1854 4275 καθ’

284 4306 433 4377 αἷμα
478 4311 865 4380 προσηκόντων
891 4311 1102 4382 βασι)ιεῖ
1137 4312 1532 4382 δεσμωτηρίοις
1569 4313 1788 4376 πάντες,
1819 4313 1852 4384 ἢ

286 4401 347 4452 ὲν
377 4403 497 4462 ταῖς
549 4403 746 4465 οἰκίαις
770 4398 911 4472 ἦσαν
938 4403 1450 4472 κατακεκεισμένοι,
1481 4398 1560 4466 οἷς
1589 4404 1728 4473 αὑτὴ
1758 4405 1856 4458 οὐκ

287 4491 518 4559 ὲθάρῤει
551 4491 859 4561 εὐνοήσειν,
893 4492 944 4544 εἰ
979 4492 1305 4546 ἀπολυθεῖεν
1334 4492 1442 4545 τῶν
1464 4493 1703 4562 δεσμῶν,
1734 4511 1858 4550 συν-

288 4581 504 4634 ετίθετο
536 4583 630 4635 καὶ
669 4579 827 4646 αὖθις
878 4583 974 4636 καὶ
1034 4583 1250 4637 ἄκουσα
1300 4582 1436 4651 πρὸς
1479 4584 1572 4634 τὸν
1601 4583 1856 4654 πόλεμον.

1954 3495 2165 3561 melias,
2189 3504 2244 3550 et
2276 3494 2650 3558 incommoda,
2669 3496 2866 3564 quibus
2889 3510 3013 3549 eum
3039 3509 3138 3565 per
3159 3497 3282 3549 belli
3307 3506 3520 3567 tempus

1953 3586 2233 3642 vexaverit
2264 3597 2640 3656 pensaturum.
2687 3587 2958 3642 Caeterum
3016 3587 3356 3656 imperatrix,
3389 3603 3514 3656 quae

1949 3679 2060 3750 jam
2084 3689 2210 3733 ante
2240 3677 2427 3732 multis
2456 3677 2674 3733 indiciis
2709 3677 2991 3732 hominum
3029 3677 3257 3731 istorum
3295 3692 3520 3746 perver-

1955 3769 2189 3833 sitatem,
2229 3776 2284 3822 et
2323 3767 2492 3820 malas
2542 3775 2688 3821 artes
2732 3765 2910 3837 magni
2945 3766 3101 3821 ducis
3129 3765 3519 3834 conjectasset,

1955 3861 2202 3929 nihilque
2257 3858 2400 3913 aliud
2463 3859 2613 3913 illum
2669 3873 2888 3926 curare,
2940 3873 3104 3928 quam
3158 3867 3218 3911 ut
3265 3859 3411 3911 solus
3463 3858 3520 3912 in

1955 3945 2234 4022 republica
2275 3950 2675 4015 dominaretur,
2726 3964 2794 4004 ex
2843 3947 2929 4002 his
2977 3957 3158 4001 autem
3191 3948 3372 4002 verbis
3403 3948 3522 4016 ejus

1958 4043 2304 4098 insolentiam
2382 4040 2688 4095 clarissime
2751 4038 3138 4109 perspiceret,
3211 4052 3333 4092 cum
3411 4051 3519 4090 nou

1957 4133 2526 4202 haberetquibuscum
2579 4145 2747 4186 sensa
2785 4143 2885 4186 sua
2922 4128 3360 4184 communicaret
3407 4127 3519 4197 (alii

1935 4229 2098 4305 enim
2126 4227 2357 4292 nobiles,
2416 4234 2472 4280 et
2503 4223 2896 4296 consanguinei
2948 4220 3314 4276 Cantacuzeui
3352 4221 3521 4288 impe-

1959 4324 2159 4374 ratoris
2194 4318 2508 4373 carceribus
2538 4332 2752 4377 omnes,
2778 4323 2870 4369 aut
2892 4313 3144 4368 domibus
3175 4313 3290 4366 suis
3323 4310 3522 4364 inclusi

1961 4409 2302 4471 tenebantur,
2326 4421 2509 4476 quosc
2543 4404 2775 4460 vinculis
2807 4404 3061 4466 emissos,
3100 4401 3392 4479 benevolos
3415 4399 3522 4453 sibi

1959 4499 2074 4554 fore
2105 4516 2212 4553 non
2264 4497 2614 4565 conﬁdebat),
2640 4509 2829 4552 rursus
2859 4493 3019 4554 bello,
3048 4492 3295 4560 quamvis
3330 4491 3519 4553 invita,

1960 4579 2298 4659 subscripsit.
2319 4588 2667 4643 Potissimqu
2691 4593 2891 4648 autem,
2919 4583 3060 4652 quod
3080 4583 3519 4636 Cantacuzenum

287 4670 546 4725 Μάλιστα
611 4673 669 4725 δὲ
745 4672 1029 4728 ἀκούσασα
1082 4673 1539 4743 Καντακουζηνὸν
1619 4675 1851 4744 ἠναγκά-

1965 4699 1996 4736 a
2047 4696 2244 4751 magno
2309 4679 2446 4733 duce
2500 4676 2728 4747 imperio
2775 4689 2835 4729 se
2881 4673 3160 4738 abdicare,
3215 4680 3270 4725 et
3325 4670 3520 4740 privati

290 4762 423 4815 σθαι
472 4763 622 4833 παρά
672 4765 912 4833 μεγάλου
965 4764 1156 4828 δουκδς
1196 4765 1499 4818 ἀποθέσθαι
1551 4765 1652 4834 τὴν
1704 4766 1858 4836 βασι-

287 4854 470 4919 λείαν,
517 4857 610 4908 καὶ
654 4857 868 4911 ἰδιώτου
901 4857 1092 4928 σχῆμα
1126 4855 1443 4921 ἀναλαϐεῖν,
1480 4856 1663 4927 ἠρέμα
1711 4857 1861 4910 ἱθέλ-

288 4961 443 5012 γετο,
475 4951 572 4999 καὶ
627 4949 766 5018 πρὸς
812 4946 874 5000 τὸ
926 4947 1305 5014 ἐξαπατᾶσθαι
1341 4947 1580 5015 μάλιστα
1611 4947 1856 5015 ὲνήγετο.

305 5023 736 5107 ’ἐπιψηφίζεται
768 5037 834 5108 δὴ
873 5039 968 5091 καὶ
1010 5036 1169 5102 αὖθις
1200 5039 1228 5092 6
1257 5038 1391 5107 πρὸς
1430 5037 1658 5106 βασιλέα
1700 5037 1858 5090 πόλε-

293 5143 424 5198 μος,
451 5131 546 5182 καὶ
574 5131 602 5182 6
631 5131 805 5200 μέγας
831 5129 958 5198 δοὺξ
1017 5131 1224 5200 ἥπτετο
1254 5130 1416 5183 πάλιν
1448 5132 1557 5182 τῶν
1591 5129 1858 5198 πραγμά-

286 5235 445 5272 ιιτων⁹
484 5221 546 5274 οὐ
602 5223 709 5292 μὴν
757 5221 946 5294 ὥσπερ
993 5223 1260 5292 πρότερον
1319 5221 1688 5291 μοναρχικῶς,
1724 5220 1861 5274 ἀλλά

293 5313 673 5384 μετριώτερόν
708 5331 847 5379 πως.
888 5315 1105 5368 Ἐδεδίει
1129 5316 1238 5383 γὰρ
1263 5313 1362 5385 ἤδη
1393 5315 1504 5376 τοῖς
1530 5313 1861 5382 συνάρχουσι

1958 4773 2202 4826 habitum
2254 4784 2529 4824 resumere
2558 4774 2806 4821 coactum
2848 4763 3117 4825 audierat,
3175 4762 3379 4817 sensim
3427 4775 3523 4811 an-

1957 4863 2179 4924 nuebat,
2217 4866 2269 4912 et
2321 4857 2376 4913 in
2407 4855 2653 4910 fraudem
2705 4853 2944 4906 maxime
2990 4850 3342 4905 illiciebatur.
3383 4847 3522 4913 Ergo

1958 4965 2152 5005 rursus
2184 4950 2383 5003 bellum
2415 4947 2670 5010 sumitur,
2705 4953 2760 4998 et
2793 4957 3022 5012 magnus
3051 4944 3157 4994 dux
3193 4941 3384 4993 iterum
3419 4951 3522 5003 gu-

1958 5040 2251 5096 bernacula
2298 5038 2566 5104 capessit;
2601 5051 2712 5090 non
2753 5042 2937 5088 tamen
2967 5030 3278 5086 monarcbm
3330 5028 3520 5083 instar.

1965 5141 2025 5187 ut
2049 5141 2226 5192 antea,
2255 5131 2348 5184 sed
2371 5131 2650 5198 aliquanto
2701 5125 3053 5181 moderatius.
3090 5121 3334 5174 Timebat
3371 5115 3516 5169 enim

1965 5226 2075 5296 jam
2113 5223 2344 5292 collegas
2386 5222 2688 5284 offendere,
2738 5221 2929 5273 videns
2984 5216 3090 5269 illis
3124 5210 3382 5281 paulatim
3430 5221 3520 5259 res

1970 5314 2235 5377 submitti,
2260 5312 2767 5367 etCuutacuzenum
2790 5319 3054 5373 crescere,
3079 5319 3168 5368 ne,
3201 5301 3247 5356 si
3277 5297 3524 5368 asperius

1541 5452 1757 5514 Jacobi
1792 5455 2054 5516 Pontani
2094 5462 2280 5514 notae.

375 5572 698 5646 (34),Sacer
732 5575 874 5646 ignis
928 5591 1032 5642 est,
1091 5589 1251 5643 quem
1296 5574 1486 5646 uulgus
1546 5573 1860 5646 ltalicumit

289 5645 418 5711 foco
475 5645 560 5696 del
601 5655 720 5697 sant
758 5643 988 5698 'Antom'o
1035 5655 1224 5706 vocat,
1287 5644 1354 5696 de
1395 5659 1500 5711 quo
1531 5647 1765 5695 diximus
1805 5643 1859 5694 in

288 5713 564 5783 symbolis
621 5715 826 5768 nostris
881 5717 935 5768 in
999 5716 1246 5768 ultimum
1289 5729 1505 5767 versum
1562 5713 1596 5765 5
1647 5713 1859 5780 Gcorg.,

504 5811 778 5870 Pyrum.
805 5809 922 5872 Gn.
973 5810 1175 5870 CLIII.

1967 5590 2162 5646 nempe
2194 5575 2244 5629 in
2276 5573 2447 5631 hunc.
2818 5644 2825 5646 _
3092 5633 3103 5644 .
3182 5631 3192 5642 .

2242 5670 2381 5682 —-—-
2411 5627 2705 5696 contractos
2745 5644 2889 5691 artus
2908 5648 3053 5688 sacer
3085 5631 3220 5702 ignis
3249 5627 3454 5683 edebat.

3217 5792 3293 5854 3G
