4016 6208
234 339 371 406 1133

1418 342 1954 404 HISTORIARUM
1973 343 2095 403 LIB
2108 344 2151 402 Ε
2164 345 2205 402 R
2234 344 2365 404 ιΠΙ.

3361 338 3493 404 1134

235 450 478 504 Τοιαῦτα
516 450 619 517 μὲν
651 450 721 505 τά
748 450 858 504 τῶν
885 452 1166 522 ἀρχόντων
1198 456 1442 524 περιεῖχε
1475 458 1804 525 γρᾱμματα.

1920 454 2035 509 sitia
2076 456 2163 509 illa
2205 471 2432 526 prorsus
2478 455 2736 528 singulari
2785 453 2953 523 (unde
2987 453 3165 525 quoad
3199 453 3288 508 ille
3322 456 3487 521 vixit,

233 539 346 592 Τοῦ
382 538 723 609 πατριάρχου
760 539 818 592 δὲ
853 536 996 610 ἦσαν
1031 542 1228 605 οὕτως·
1269 543 1574 612 Εὐλογητὸς
1608 546 1636 596 ὁ
1683 543 1817 608 Θεὸς

233 632 263 683 ὁ
306 631 382 703 μὴ
442 630 616 683 θέλων
669 629 901 684 θάνατον
949 631 1045 685 τοῦ
1085 633 1434 704 άμαρτωλοῦ,
1464 635 1564 699 ιὼς
1596 635 1660 688 τδ
1696 635 1822 689 ἑπι-

237 722 516 792 στρέψαι,
569 722 670 774 καὶ
718 720 821 792 ζῇν
877 723 1066 779 αὐτόν.
1111 724 1236 779 Ὅτι
1293 725 1396 795 μὲν
1464 729 1575 797 γάρ
1628 726 1819 791 κακῶς

236 810 454 881 σεαυτῷ
501 812 705 880 ὁμοίιος
759 812 855 865 καὶ
889 815 1002 875 τοῖς
1030 812 1214 876 ἀλλοις
1244 813 1557 868 ἐϐουλεύσω
1583 816 1675 867 τὸν
1713 818 1816 886 ἑμ-

235 900 431 968 φύλιον
478 900 720 969 πόλεμον
760 900 1104 970 κεκινηκὼς,
1167 903 1444 972 ἀθετήσας
1483 903 1582 972 μὲν
1618 904 1819 974 ὅρκους

232 995 366 1057 τοὺς
418 992 556 1061 πρὸς
589 992 838 1062 βασιλέα.
889 994 986 1048 καὶ
1034 994 1134 1065 τὴν
1196 995 1380 1064 φιλίαν
1442 995 1661 1067 ἐκείνην
1717 998 1818 1066 τὴν

238 1083 586 1154 θαυμαστὴν,
610 1086 701 1154 ὑφ’
720 1080 789 1156 ἦς
814 1086 949 1155 παρ’
972 1087 1094 1141 ὅλον
1119 1086 1210 1139 τὸν
1232 1087 1442 1141 ἐκείνου
1472 1087 1585 1157 βίον
1607 1086 1818 1142 πολλῶν

232 1175 558 1237 ἀπέλαυσας
593 1178 690 1230 καὶ
729 1175 985 1244 μεγάλων
1041 1177 1287 1244 ἀγαθῶν,
1332 1180 1425 1232 καὶ
1481 1181 1598 1241 τοῖς
1628 1180 1818 1232 παισὶν

235 1263 637 1326 ἐπιϐουλεύσας
692 1265 825 1333 περὶ
887 1265 989 1335 τῆς
1038 1268 1235 1338 ἀρχῆς,
1280 1270 1394 1331 τοῖς
1435 1267 1735 1337 Ῥωμαίοις
1761 1268 1817 1321 δὲ

239 1356 454 1408 πολλῶν
501 1359 595 1408 καὶ
635 1357 889 1426 μεγάλων
926 1357 1100 1421 αἴτιος
1157 1359 1435 1429 κατέστης
1485 1360 1812 1431 συμφορῶν,

234 1440 310 1499 ὧν
336 1446 429 1498 διὰ
453 1447 686 1515 μέγεθος
725 1448 835 1501 οὐδ’
866 1451 915 1502 οί
971 1451 1030 1502 ὲν
1068 1450 1349 1520 ἐσχατιαῖς
1390 1452 1673 1515 οἰκοῦντες
1712 1453 1816 1522 γῆς

231 1538 461 1607 ἀνήκοοί
506 1539 648 1591 είσιν
683 1578 697 1602 ,
734 1538 845 1591 οὐδ’
873 1538 1035 1602 αύτὺς
1083 1541 1322 1609 ἀγνοεῖς.
1370 1542 1588 1611 Ἐπειδὴ
1616 1543 1673 1596 δὲ
1707 1543 1818 1596 τῶν

233 1630 661 1699 τετολμημένων
711 1630 792 1692 εἰς
853 1631 1211 1701 συναίσθησιν
1277 1631 1490 1697 ἐλθὼν,
1550 1634 1647 1687 καὶ
1681 1615 1814 1687 ’τῶν

235 1723 458 1777 ἀτόπων
522 1724 922 1794 ἐπιχειρήσεων
973 1723 1202 1777 σεαυτοῦ
1248 1726 1613 1794 κατεγνωκὼς
1654 1746 1815 1798 μετε-

240 1813 507 1885 μελήθης.
543 1814 640 1867 καὶ
670 1815 1039 1886 ὑποστρέφεις
1071 1817 1278 1882 καλῶς,
1302 1817 1427 1870 ὅθεν
1456 1816 1682 1887 ἐξῆλθες
1712 1836 1816 1871 κα-

242 1905 359 1969 κῶς
410 1906 511 1976 τὴν
537 1904 817 1975 βασιλείαν
851 1906 1020 1960 αἰτῶν
1055 1907 1542 1963 ἀποσκευάσασθαι
1564 1949 1581 1972 ,
1613 1910 1709 1963 καὶ
1737 1910 1816 1973 είς

239 1996 456 2050 ἰδιώτου
479 1997 667 2067 σχῆμα
694 1997 1043 2066 μεταϐαλεῖν,
1065 1999 1252 2069 ὥσπερ
1277 1999 1520 2069 ἀκριϐῶς
1541 2000 1819 2070 ἐξεγένετο

240 2089 438 2158 μαθεῖν
498 2090 647 2159 παρά
716 2088 811 2143 τοῦ
869 2091 1240 2161 περιποθήτου
1293 2092 1389 2145 καὶ
1443 2093 1818 2163 γνησιωτάτου

235 2178 321 2247 τῷ
374 2178 652 2250 κρατίστῳ
686 2180 782 2233 καὶ
805 2181 946 2251 ἀγίῳ
969 2199 1073 2250 μου
1101 2182 1474 2254 αὐτοκράτορι
1504 2183 1600 2237 τοῦ
1638 2184 1811 2253 μεγά-

235 2268 347 2322 λου³
374 2270 586 2335 δουκὸς,
628 2272 793 2335 αὐτός
821 2290 881 2325 τε
910 2273 1104 2346 ήδονῆς
1170 2275 1450 2345 ἐπλήσθην
1477 2315 1493 2341 ,
1549 2276 1679 2347 ὅσης
1727 2277 1820 2329 ἐπὶ

230 2365 352 2424 τοὶς
391 2361 657 2426 τοιούτοις
715 2363 889 2425 εἰκὸς.
929 2365 1024 2417 καὶ
1086 2367 1120 2436 ή
1179 2364 1276 2419 τοῦ
1337 2364 1474 2419 Θεοῦ
1518 2366 1820 2435 Ἐκκλησία

234 2455 338 2519 τὰς
372 2454 622 2522 ἀγκάλας
648 2456 817 2524 αὐτῆς
849 2456 1182 2522 διανοίξασα,
1209 2458 1425 2528 δέχεταί
1465 2475 1525 2511 σε
1553 2458 1691 2527 μετά
1718 2459 1823 2513 πά-

238 2562 345 2613 σης
400 2548 787 2615 πνευματικῆς
843 2549 1066 2618 ἀγάπης
1129 2551 1223 2603 καὶ
1285 2550 1522 2621 ἡδονῆς,
1564 2548 1659 2602 καὶ
1695 2550 1819 2603 ὅσον

238 2635 399 2689 οὔπω
429 2636 580 2707 ήξειν
608 2643 701 2690 καὶ
732 2637 793 2691 σὲ
829 2640 1225 2709 προσδοκῶμεν
1256 2643 1334 2701 εἰς
1366 2641 1545 2709 ἡμᾶς,
1572 2640 1640 2693 ἶν’
1678 2638 1818 2709 ὁμοῦ

238 2742 302 2779 τε
335 2727 367 2796 ή
408 2728 504 2780 τοῦ
539 2730 820 2796 ἐπιτιμίου
851 2730 1005 2792 λύσις
1023 2732 1245 2796 γένηται
1283 2724 1328 2800 ᾧ
1367 2730 1817 2801 καθυπεϐλήθης,

234 2818 338 2871 καὶ
388 2818 638 2891 ἀλλήλοις
686 2822 1044 2890 συνησθὼμεν
1113 2822 1257 2876 κατά
1317 2821 1377 2875 τὸ
1411 2824 1639 2892 ἀρχαῖον
1697 2822 1820 2887 ἔθος

233 2912 627 2982 ὁμιλήσαντες.
675 2912 919 2968 Τοιαῦτα
960 2916 1058 2985 μὲν
1108 2914 1316 2983 ἔγραφε
1357 2917 1453 2968 καὶ
1485 2917 1513 2968 ὁ
1549 2916 1818 2985 πατριάρ-

236 3021 370 3073 χης.
418 3004 484 3058 Ui
531 3006 789 3076 πρέσϐεις
842 3006 900 3059 δὲ
951 3005 1078 3060 ἐπεὶ
1128 3004 1429 3074 Παμφύλου
1464 3006 1593 3077 ἄχρι
1629 3001 1816 3077 ἦλθον,

1921 547 2110 601 multis
2158 548 2475 618 magnisque
2528 549 2686 603 bonis
2737 555 2930 602 auctus
2976 546 3058 615 es)
3098 560 3162 600 ac
3205 545 3329 600 [iliis
3368 547 3493 614 ejus

1917 655 2018 709 per
2057 640 2284 694 insidias
2326 638 2614 708 imperium
2650 637 2901 693 conando
2931 635 3144 705 eripere
3176 653 3189 689 :
3221 650 3496 705 quamque

1917 731 2192 786 Romanos
2223 730 2432 797 multis,
2470 739 2525 785 et
2563 730 2699 784 diris
2733 727 3136 783 calamitatibus
3175 726 3491 790 involveris,

1917 839 2148 893 quarum
2205 822 2734 893 gravitatemctiam
2792 819 2966 873 ultimi
3027 828 3298 873 terrarum
3359 817 3496 872 ﬁnes

1917 911 2267 975 audiverunt,
2302 926 2411 963 non
2459 919 2509 964 te
2551 910 2708 979 fugit.
2742 910 2839 961 Ast
2886 907 2977 961 ubi
3026 907 3328 961 facinorum
3375 917 3496 960 tuo-

1918 1017 2038 1056 rum
2077 1001 2412 1055 conscientia
2457 998 2806 1069 pdrstrictus,
2839 998 3223 1064 damnatisque
3269 996 3496 1050 ausibus

1917 1108 1947 1148 a
1979 1095 2194 1148 ratione
2224 1092 2421 1146 alienis
2451 1092 2515 1145 ad
2541 1091 2914 1160 paenitentiam
2948 1098 2999 1143 te
3026 1089 3240 1148 dedisti.
3268 1098 3324 1143 et
3349 1089 3496 1144 unde

1918 1183 2061 1236 male
2104 1182 2345 1240 exivisti.
2389 1180 2581 1235 eodem
2634 1180 2774 1234 bene
2818 1178 3133 1241 reverteris,
3170 1169 3398 1246 imperio
3440 1185 3495 1231 te

1918 1276 2172 1330 abdicare
2232 1275 2494 1340 cupiens,
2542 1287 2605 1326 ac
2651 1273 2719 1325 de
2767 1278 2965 1324 caetero
3010 1269 3174 1323 vitam
3228 1267 3492 1336 privatam

1917 1364 2160 1435 exigere,
2196 1362 2652 1433 quemadmodum
2698 1359 2983 1429 perspicue.
3029 1357 3256 1429 cognovi
3303 1371 3331 1410 ε
3375 1372 3493 1410 ωδε

1918 1471 2026 1527 gno
2065 1456 2226 1518 duce,
2269 1454 2360 1523 qui
2402 1455 2611 1523 optimo
2658 1460 2713 1506 et
2759 1449 3136 1505 sacratissimo
3179 1447 3494 1518 imperatori

1919 1557 2110 1603 nostro
2162 1546 2591 1602 amabilissimus
2632 1559 2696 1598 ac
2744 1541 3093 1597 ﬁdelissimus
3135 1549 3240 1604 est,
3278 1549 3333 1594 et
3379 1539 3496 1609 ipse

1917 1640 2168 1709 expletus
2215 1653 2334 1691 sum
2386 1644 2535 1689 tanto
2576 1634 2795 1706 gaudio,
2828 1642 3036 1703 quanto
3067 1648 3154 1686 me
3185 1634 3265 1711 in,
3280 1630 3496 1702 negotio

1920 1729 2300 1800 hujuscemodi
2335 1728 2543 1798 expleri
2588 1727 2792 1791 decuit,
2828 1735 2882 1780 et
2912 1725 3004 1780 Dei
3041 1724 3282 1780 Ecclesia
3319 1722 3496 1778 obviis

1922 1820 2065 1873 ulnis
2095 1833 2218 1873 cum
2260 1815 2411 1872 omni
2453 1815 2741 1878 charitate,
2775 1822 2831 1868 et
2855 1814 3198 1883 iucunditate
3226 1811 3496 1883 spirituali

1921 1920 1975 1965 te
2006 1909 2408 1979 complectitur;
2448 1917 2714 1976 tuumque
2742 1904 3040 1961 adventum
3070 1905 3138 1960 ad
3173 1919 3275 1959 nos
3296 1906 3353 1958 in
3378 1903 3497 1959 dies

1920 2011 2323 2073 exspectamus,
2356 2015 2466 2068 quo
2501 2008 2556 2055 et
2600 1999 2801 2053 inﬂicta
2844 2012 3007 2067 paena
3050 1997 3278 2060 leveris,
3313 2004 3371 2052 et
3417 1996 3497 2049 vi-

1919 2094 2245 2149 cissitudine
2275 2108 2589 2147 sermonum
2624 2106 2723 2161 pro
2749 2089 2919 2146 veteri
2958 2087 3359 2142 consuetudine
3393 2101 3499 2144 nos

1920 2185 2275 2239 oblectemus.
2310 2183 2434 2237 llzcc
2477 2181 2808 2251 patriarcha.
2842 2177 3029 2248 Legati
3063 2175 3348 2244 Pamphilo
3389 2174 3496 2227 im-

1919 2289 2226 2349 peratorem
2261 2278 2700 2332 Cantacuzenum
2748 2289 2913 2343 super
2950 2273 3191 2326 adventu
3242 2268 3343 2324 suo
3370 2282 3497 2322 cer-

1920 2370 2117 2425 tiorem
2164 2367 2394 2432 iaciunt,
2440 2367 2757 2434 adduntque
2793 2364 2897 2419 sibi
2944 2363 3258 2417 mandatum
3294 2375 3364 2415 ne
3405 2359 3492 2426 ip-

1920 2475 2040 2515 sum
2088 2460 2142 2513 in
2188 2473 2484 2528 congressu
2531 2457 2921 2526 imperatorem
2970 2453 3260 2525 appellent.
3300 2450 3417 2506 Hoc
3448 2449 3494 2504 si

1920 2552 2032 2622 pati
2079 2559 2274 2619 queat,
2324 2549 2483 2604 faciat
2528 2558 2587 2601 ut
2638 2548 2815 2602 sciant
2866 2562 2976 2615 quo
3027 2546 3176 2600 illum
3229 2544 3496 2598 adeuntes

1921 2657 2154 2698 munere
2194 2657 2295 2695 suo
2327 2641 2743 2710 perfungantur.
2776 2640 2871 2694 Sin
2902 2655 2997 2694 eos
3029 2639 3263 2707 superbe
3295 2644 3351 2691 et
3383 2637 3497 2690 ira-

1921 2735 2100 2789 cunde
2152 2735 2476 2802 repulsurus
2527 2732 2637 2797 sit,
2677 2732 2992 2801 neutiquam
3043 2743 3395 2792 accessuros,
3440 2735 3498 2782 et

1919 2828 2203 2897 Pamphilo
2244 2829 2466 2882 domum
2499 2840 2837 2881 reversuros.
2883 2824 3180 2894 Imperator
3213 2822 3376 2877 etiam
3414 2828 3498 2873 at-

1922 2933 2029 2988 que
2061 2918 2228 2972 etiam
2268 2917 2610 2978 desiderans,
2647 2930 2770 2969 cum
2821 2914 2952 2967 viris
2998 2912 3281 2967 honoratis
3323 2926 3356 2968 ο
3391 2909 3497 2978 By-

1922 3004 2107 3063 zantio
2134 3009 2202 3063 de
2243 3009 2405 3063 rebus
2434 3007 2547 3061 suis
2580 3005 2837 3059 omnibus
2876 3001 3133 3070 colloqui,
3164 3009 3219 3056 et
3258 3016 3355 3055 eos
3398 2999 3499 3055 do-

239 3095 563 3165 πιμψαντες
621 3097 842 3174 ἐδήλουν
905 3096 1154 3167 βασιλεῖ,
1213 3095 1289 3159 ὡς
1333 3096 1521 3166 ἥκοιεν
1577 3098 1679 3166 μὲν
1727 3099 1818 3150 επὶ

1923 3115 2067 3163 cure,
2103 3114 2162 3153 se
2202 3115 2231 3151 ιι
2267 3097 2716 3168 criminatoribus
2747 3094 2979 3157 traduci,
3015 3109 3116 3147 nec
3150 3092 3314 3146 ullam
3356 3089 3496 3147 bello

239 3188 539 3259 πρεσϐεία,
576 3189 968 3260 προσταχθεῖεν
997 3190 1056 3242 δὲ
1093 3189 1246 3257 παρά
1278 3190 1387 3243 τῶν
1423 3190 1814 3258 πεπομφότων,

245 3282 326 3351 μὴ
398 3280 625 3352 βασιλέα
686 3281 1121 3354 προσαγορεύειν
1201 3284 1262 3335 ἐν
1339 3283 1458 3345 ταῖς
1518 3281 1817 3346 διαλέξεσιν

241 3364 449 3426 αὐτῶν.
480 3371 542 3425 Εἰ
574 3373 676 3443 μὲν
713 3369 807 3427 οὖν
843 3375 904 3426 τὸ
933 3373 1177 3427 τοιοῦτον
1208 3371 1437 3426 ἀνεκτὸν
1465 3371 1635 3441 αὐτῷ,
1660 3372 1817 3441 δῆλον

240 3466 443 3526 ποιεῖν,
475 3464 540 3517 ἶν’
563 3464 810 3531 ἐλθόντες
851 3466 1240 3534 ἀπαγγέλλωσι
1273 3464 1341 3518 τά
1369 3465 1469 3533 τῆς
1497 3465 1815 3535 πρεσϐείαςο

236 3556 291 3608 εἰ
349 3556 409 3608 δὲ
464 3555 649 3626 μέλλοι
690 3557 778 3611 διά
816 3559 914 3628 τὴν
970 3557 1274 3629 ὑπεροψίαν
1312 3554 1647 3610 ἀπελαύνειν
1679 3553 1820 3625 πρὸς

238 3647 462 3717 ὀργὴν,
505 3649 642 3717 μηδὲ
697 3650 796 3720 τὴν
832 3649 1010 3719 ἀρχὴν
1055 3647 1406 3718 ἀφικνεῖσθαι
1452 3647 1588 3716 πρὸς
1628 3646 1816 3713 αὑτὸν,

242 3737 373 3790 ἀλλ’
419 3736 785 3807 ἀναστρέφειν
867 3739 930 3789 ὲκ
996 3735 1309 3805 Παμφίλου.
1343 3736 1403 3789 '0
1457 3735 1708 3806 βασιλεὺς
1762 3736 1821 3788 δὲ

241 3826 580 3896 ποιούμενος
646 3829 777 3897 περὶ
807 3828 1067 3881 πλείστου
1107 3828 1169 3880 τὸ
1222 3830 1286 3881 ὲκ
1329 3826 1624 3892 Βυζαντίου
1677 3828 1821 3879 τισὶν

245 3918 559 3987 ἀξιολόγοις
611 3922 897 3989 συντυχεῖν
949 3919 1044 3971 καὶ
1103 3918 1457 3989 διαλεχθῆναι
1524 3920 1655 3988 περὶ
1712 3918 1824 3970 τῶν

243 4010 379 4063 κατ’
402 4011 564 4065 αὑτὸν
604 4012 860 4064 ἀπάντων
881 4050 898 4075 ,
931 4011 1014 4064 δτι
1048 4028 1107 4063 τε
1161 4010 1268 4063 ὑπὸ
1322 4010 1675 4077 συκοφαντῶν
1711 4011 1826 4063 δια-

243 4102 504 4174 ϐληθείη,
544 4104 640 4156 καὶ
676 4103 935 4174 οὐδεμίαν
986 4102 1263 4170 πρόφασιν
1319 4102 1480 4163 αὐτὸς
1547 4102 1824 4171 παράσχοι

241 4194 332 4265 τῷ
388 4193 648 4265 πολέμῳ,
687 4194 802 4248 ἀλλ’
854 4196 919 4248 ὲκ
978 4193 1204 4265 πρώτης
1261 4194 1477 4264 ἡμέρας
1535 4194 1664 4262 ἄχρι
1731 4193 1826 4245 νῦν

1922 3205 2109 3245 ansam
2157 3190 2393 3253 dedisse,
2433 3188 2530 3244 sed
2571 3203 2600 3243 a
2641 3189 2820 3259 primo
2867 3185 2954 3241 die
2996 3199 3172 3254 usque
3214 3197 3361 3238 nunc
3399 3196 3499 3253 pro

1922 3298 2019 3337 sua
2066 3296 2401 3351 suorumque
2451 3282 2626 3335 salute
2676 3278 3169 3349 propugnationem
3222 3276 3499 3346 suscipere

1921 3388 2145 3428 necesse
2181 3373 2472 3436 habuisse;
2505 3387 2569 3425 ac
2622 3371 2785 3424 simul
2831 3382 3055 3437 sperans
3102 3383 3198 3422 eos
3246 3368 3499 3437 paciﬁca-

1923 3460 2093 3516 tionis
2143 3475 2275 3529 ergo
2323 3459 2541 3521 venire,
2598 3457 2843 3525 neglecto
2893 3457 3237 3524 imperatoris
3275 3455 3499 3510 nomino

1924 3551 2158 3606 adeundi
2211 3551 2295 3605 sui
2338 3549 2550 3619 copiam
2596 3547 2749 3602 facit.
2783 3548 2918 3602 Nam
2963 3548 3010 3602 si
3054 3546 3108 3600 id
3146 3562 3179 3602 ο
3220 3545 3498 3615 republica

1925 3645 2169 3701 futurum
2199 3642 2289 3696 sit.
2324 3656 2434 3695 non
2462 3640 2587 3695 talia
2620 3639 2906 3703 duntaxat,
2936 3639 3030 3693 sed
3060 3646 3116 3692 et
3142 3638 3412 3701 convicia,
3443 3646 3500 3691 et

1925 3737 1970 3792 si
2015 3736 2144 3804 quid
2196 3735 2444 3789 odiosius
2483 3730 2771 3792 conviciis,
2815 3745 2970 3799 arquo
3018 3730 3201 3784 animo
3248 3729 3318 3783 ab
3369 3729 3500 3799 ipsio

1925 3841 2338 3897 perpessurum.
2369 3824 2483 3878 lino
2514 3822 2559 3877 si
2591 3821 2644 3876 id
2677 3820 2938 3874 Romanis
2971 3821 3302 3885 commodet,
3332 3820 3498 3874 etiam

1926 3920 2128 3990 gratias
2162 3932 2270 3970 non
2308 3916 2559 3984 vulgares
2611 3923 2882 3967 acturum.
2926 3912 3024 3966 Sin
3070 3912 3338 3966 deteriora
3375 3912 3501 3965 vin-

1927 4019 2075 4076 cant,
2110 4018 2166 4062 et
2213 4008 2413 4062 inlecta
2460 4021 2589 4075 pace
2642 4004 2948 4066 discedant,
2992 4019 3095 4059 nec
3150 4004 3231 4059 sic
3280 4003 3500 4072 aliquod

1927 4101 2030 4157 sibi
2076 4101 2313 4156 dedecus
2356 4116 2423 4154 ex
2468 4098 2821 4168 simplicitate
2867 4096 3246 4166 appellationis
3286 4095 3504 4151 relictu-

1927 4206 2039 4247 ros.
2089 4192 2205 4247 Hac
2263 4193 2579 4247 conditione
2641 4190 2799 4260 legati
2853 4191 3115 4250 veniunt,
3178 4187 3500 4258 legationem

240 4286 571 4354 ἀναγκαίως
635 4287 777 4358 ὑπὲρ
881 4286 1158 4356 σωτηρίας
1213 4285 1377 4338 αὐτοῦ
1452 4303 1511 4337 τε
1561 4284 1826 4355 ἀμύνεται

246 4377 355 4428 καὶ
400 4376 509 4428 τῶν
552 4377 859 4440 συνόντων,
916 4376 1036 4444 ἅμα
1072 4376 1129 4431 δὲ
1177 4379 1271 4427 καὶ
1321 4376 1548 4439 ἐλπίσας
1601 4376 1818 4445 εἰρήνης

1932 4385 2107 4431 torem
2146 4385 2363 4430 vocent.
2704 4425 2732 4445 ,

252 4468 429 4521 ἕνεκα
476 4465 655 4536 ἥκειν,
694 4465 946 4519 ἐκέλευεν
1020 4467 1317 4533 ἀφικέσθαι
1375 4465 1512 4535 πρὸς
1587 4467 1777 4530 αὐτὸν,
1817 4467 1892 4530 ὡς
1929 4471 2122 4523 οὐδένα
2187 4472 2342 4538 λόγον
2391 4470 2491 4539 τῆς
2537 4470 2912 4539 προσηγορίας
2952 4468 3338 4534 ποιησόμενος.
3391 4464 3502 4519 Τοῦ

246 4563 370 4631 γὰρ
436 4562 590 4632 κοινῇ
636 4560 1043 4623 λυσιτελοῦντος
1085 4561 1248 4614 ἕνεκα
1287 4561 1349 4614 ού
1414 4562 1640 4618 τοιαῦτα
1708 4567 1871 4636 μόνον
1908 4567 2126 4636 ἕτοιμος
2203 4562 2343 4620 εἶναι
2392 4568 2708 4636 ὑπομένειν,
2754 4567 2893 4620 ἀλλὰ
2945 4569 3037 4620 καὶ
3079 4566 3369 4635 λοιδορίας,
3410 4567 3504 4619 καὶ

244 4658 401 4710 εἴτι
446 4653 826 4725 χαλεπώτερον
871 4654 1058 4722 ἕτερον
1103 4655 1271 4708 δοκεῖ.
1316 4656 1380 4709 Εἰ
1423 4657 1524 4725 μὲν
1576 4660 1684 4729 γὰρ
1714 4660 1822 4714 ἀπὸ
1856 4661 1968 4711 τῶν
2037 4660 2298 4714 τοιούτων
2357 4661 2550 4728 δφελός
2605 4678 2658 4713 τι
2728 4660 2939 4728 γένοιτο
3002 4659 3298 4729 Ῥωμαίοις
3329 4697 3344 4721 .
3402 4662 3496 4711 καὶ

244 4748 466 4818 πολλὴν
515 4748 700 4805 αὐτοῖς
757 4745 995 4815 εἰδήσειν
1028 4746 1191 4816 χάριν
1239 4746 1380 4815 ὑπὲρ
1428 4746 1635 4801 τούτων
1660 4763 1675 4778 ⁸
1739 4752 1788 4802 εἰ
1823 4750 1869 4803 δ’
1909 4751 2017 4820 άρα
2058 4753 2151 4803 καὶ
2197 4752 2265 4803 τά
2299 4751 2526 4820 δεύτερα
2564 4749 2738 4820 νικῴη
2784 4751 2879 4804 καὶ
2917 4751 3226 4819 ἀσύμϐατοι
3294 4750 3508 4817 ἀναχωη

246 4840 469 4913 ρῶσιν,
518 4838 629 4890 οὐδ’
666 4836 838 4900 οὕτως
894 4836 1044 4905 αὑτῷ
1081 4853 1204 4889 τινα
1257 4837 1474 4904 ἀδοξίαν
1513 4841 1625 4893 ἀπὸ
1678 4840 1776 4908 τῆς
1838 4843 2210 4912 προσηγορίας
2258 4835 2781 4911 ἀπολείψειν.⁷Ηκον
2848 4843 2945 4913 μιν
2998 4842 3089 4895 οῦν
3142 4843 3191 4897 οἰ
3251 4841 3511 4910 πρέσϐεις

242 4934 355 4986 ἐπὶ
375 4931 616 4996 τούτοις,
650 4930 748 4983 καὶ
777 4929 1120 5013 ἀπήγγελλον
1143 4929 1211 4982 τὰ
1241 4929 1386 4983 κατὰ
1448 4932 1548 5000 τὴν
1609 4934 1937 5001 πρεσϐείανκ
1964 4937 2084 5006 ἅμα
2130 4937 2188 4991 δὲ
2257 4938 2353 4990 καὶ⁵
2422 4936 2493 4989 τά
2544 4936 2849 5008 γράμματα
2922 4937 3180 5006 παρεῖχον
3210 4974 3223 4999 ,
3262 4934 3511 5003 παρετή-

254 5040 401 5099 ρουν
428 5036 488 5076 τε
538 5021 599 5077 τὸ
632 5022 709 5093 μὴ
742 5020 969 5088 βασιλέα
1012 5022 1071 5076 ὲν
1104 5023 1223 5085 ταῖς
1261 5022 1529 5090 διαλέξεσι
1559 5027 2011 5096 προσαγορεύειν.

1528 5140 1687 5210 601
1730 5141 1958 5198 CAPUT
2004 5143 2236 5198 LXXIV.

250 5233 489 5318 InOacta
521 5234 857 5318 imperatoris
886 5234 1192 5318 inquiritur,
1214 5240 1261 5318 et
1287 5232 1644 5318 bettegcssissc
1678 5236 2051 5318 rempublicam
2088 5241 2379 5318 ostenditur
2410 5257 2428 5295 :
2459 5238 2756 5295 adversarii
2794 5236 3155 5318 confutantur:
3185 5235 3510 5308 Responsum

342 5303 683 5385 imperatoris
714 5306 782 5358 ad
814 5304 1033 5385 legatos.
1060 5303 1706 5385 Exprobratprincipibus
1733 5306 2112 5385 ignobilitatem
2142 5310 2667 5385 “imprudentiam;
2701 5303 2902 5385 statura
2926 5306 3226 5385 reipziblicw
3246 5303 3510 5376 deplorat.

342 5375 385 5454 (1
396 5378 716 5454 pocauchum
742 5373 1006 5454 e.t_:agitat,_
1031 5381 1079 5454 et
1107 5373 1308 5441 objecta
1334 5373 1431 5454 sibi
1459 5374 1686 5454 criniimr
1713 5374 1887 5443 diluit,
1917 5393 2042 5454 cum
2076 5373 2505 5454 recriittiha_tione
2535 5383 2588 5454 in
2624 5373 3370 5454 patriarcltam._Repetuntar
3396 5396 3516 5441 qua:

340 5441 485 5525 inter
516 5447 686 5525 ipsum
711 5453 758 5495 et
783 5441 1171 5525 int'iierati'icem
1205 5442 1623 5525 superjimpenrio
1653 5441 1978 5523 deponendo.
2014 5465 2082 5525 aa
2112 5450 2404 5525 recipiendo
2448 5441 2633 5503 eodeni
2664 5449 2969 5525 patriarcha
3012 5441 3341 5525 internuntio
3393 5458 3514 5505 acta

340 5524 472 5565 sint.
500 5514 642 5590 ματη
664 5515 974 5590 _qu_w_in_ter_
1003 5514 1179 5590 ipsum
1204 5522 1249 5590 et
1272 5513 1673 5590 _p_atriarcltant,
1723 5523 1779 5590 tu
1815 5543 1818 5561 ι

1920 5532 1927 5564 ς
1959 5518 2177 5582 perﬁdia
2210 5513 2413 5584 pateat.
2470 5513 2723 5590 Queritur
2752 5519 2908 5569 etiam
2933 5516 2997 5569 de
3034 5516 3217 5590 legatis
3245 5519 3351 5569 suis
3381 5518 3518 5571 Com

339 5581 695 5656 stantinOpoli
733 5583 1136 5656 iujuriosissime
1160 5581 1373 5637 habitis.
1405 5590 1453 5631 et
1481 5581 1541 5632 de
1567 5581 1848 5656 iniquitate
1872 5585 1923 5656 in
1955 5581 2016 5656 se
2046 5581 2430 5639 denmrtslrala.
2470 5587 2774 5656 Separatint
2804 5581 3170 5656 Apocauchunt
3202 5588 3513 5643 insectatur.

341 5654 722 5725 Ratriarcliaut
750 5669 864 5725 cum
902 5652 1008 5704 suis
1040 5662 1305 5725 auctorem
1354 5665 1461 5702 esse
1514 5652 1853 5725 calamitatis
1884 5652 2017 5725 bello
2064 5665 2291 5723 accepta:
2331 5652 2549 5724 probat,
2593 5667 2642 5710 et
2685 5652 2856 5723 quam'
2895 5655 3173 5724 multiplex
3219 5672 3279 5707 eu
3331 5659 3514 5725 fuerit,

336 5723 513 5776 docet.
542 5721 730 5792 Rejicit
765 5723 925 5776 etiam
966 5720 1102 5791 quod
1130 5722 1436 5789 patriarcha
1466 5720 1771 5788 scripserat,
1801 5721 2067 5779 abdicanti
2130 5720 2206 5788 se,
2257 5733 2302 5777 et
2332 5720 2604 5792 ρωηίιεηίί
2654 5720 2856 5781 viscera
2898 5720 3148 5783 Ecclesia:
3184 5720 3373 5798 aperta
3401 5744 3519 5785 casa

1927 4294 2230 4354 exponunt,
2270 4285 2478 4338 litteras
2530 4283 2785 4345 reddunt,
2822 4291 3233 4348 caventquedie
3275 4282 3505 4351 imperao
3578 4285 3594 4342 ζ
