4016 6208
627 314 766 379 1135
878 371 907 387 η,
1815 309 2136 371 JOANNIS
2179 311 2704 377 CANTACUZENI
3647 334 3743 402 1m

691 438 739 484 et
771 444 977 499 pmnam
1014 424 1613 503 conﬂuentium-[tem
1645 423 1706 477 de
1735 424 1784 503 v_i
1812 423 2367 503 excommunicationi;
2397 424 2625 503 disserit.
2655 426 2931 503 Concludit
2962 446 3048 484 eos
3087 431 3338 486 malorum
3364 436 3565 491 omnium
3594 456 3747 499 causam

700 494 977 565 exstitisse,
1009 506 1056 550 et
1086 497 1360 565 imperium
1394 495 1615 558 ambire,
1648 494 1892 563 pacisque
1921 507 2182 546 suntmum
2199 494 2520 547 desiderium
2549 496 2718 551 denuo
2741 499 3027 569 signiﬁcat.

693 615 911 671 Auditis
973 614 1277 683 legatorum
1334 612 1514 668 verbis
1536 652 1550 677 ,
1578 610 1944 682 perlectisque
1974 607 2182 664 litteris,

2376 610 2637 675 Βασιλεὺς
2671 613 2729 667 δὲ
2776 615 2896 668 ἐπεὶ
2952 615 3061 669 τῶν
3110 634 3170 671 τε
3218 618 3386 686 λόγων
3433 623 3752 695 {incogniti

622 709 689 763 ad
717 723 891 779 nugas
931 706 1043 761 illic
1075 705 1284 775 positas
1315 705 1370 758 in
1414 704 1583 758 risum
1611 702 1824 757 solutus
1871 700 2182 772 imperator,

2303 701 2610 771 γράμματα
2636 704 2872 772 ἀνέγνω,
2905 707 3042 775 πρὸς
3072 710 3196 773 τοὺς
3246 714 3666 782 ἐγγεγραμμένους
3683 720 3753 790 λῆ-

624 810 737 854 tum
758 798 976 868 quidem
1007 812 1102 853 eos
1158 797 1224 850 ad
1258 811 1459 866 corpus
1508 795 1651 863 cibo,
1688 810 1751 849 ac
1784 808 1977 850 somno
2026 793 2079 847 in
2111 792 2182 846 di-

2304 808 2429 860 ρους
2450 791 2751 864 διαχυθεὶς,
2780 794 2878 849 νῦν
2935 797 3033 867 μὲν
3063 797 3260 853 ἀπέλυε
3288 801 3409 864 τοὺς
3430 804 3645 872 πρέσϐεις
3661 810 3754 861 ἀνα.

624 893 866 947 versorio
906 890 1262 944 reficiendum
1299 887 1543 943 dimittit.
1578 887 1675 941 Die
1702 886 1877 942 altero
1907 882 2141 939 concilio
2162 895 2182 936 ε

2300 884 2513 954 παύλης
2542 885 2687 948 τινὸς
2742 889 2929 958 τυχεῖν
2963 888 3047 958 ἐφ’
3083 885 3152 961 ἦς
3185 892 3468 957 ὲξενίζοντο
3500 896 3667 957 οἰκίας⁸
3702 903 3753 963 si;

622 982 986 1053 prasentibus
1011 981 1125 1036 suis
1150 987 1364 1042 coacto,
1395 978 1604 1048 legatos
1651 977 1819 1031 etiam
1854 976 2108 1037 advocat,
2130 988 2182 1027 at

2300 975 2398 1045 τὴν
2435 976 2729 1048 ὑστεραίαν
2759 979 2815 1033 δὲ
2843 979 3141 1049 ἐκκλησίαν
3165 984 3229 1036 ἐκ
3254 985 3356 1036 τῶν
3387 987 3628 1057 παρόντων
3649 1007 3754 1060 ποιη-

622 1076 940 1145 priusquam
972 1073 1053 1129 eis
1112 1071 1431 1141 resnondet,
1475 1069 1697 1125 cad’sam
1736 1084 1916 1132 suam,
1948 1068 2017 1122 ad
2045 1082 2182 1137 qua:-

2302 1066 2560 1134 σάμενος,
2602 1069 2956 1137 μετεκαλείτο
2979 1071 3073 1124 καὶ
3105 1070 3231 1134 τοὺς
3267 1074 3528 1143 πρέσϐεις.
3564 1078 3649 1131 Καὶ
3670 1085 3754 1149 πρὶν

619 1164 851 1218 stionem
894 1161 963 1217 de
995 1177 1058 1217 ea
1093 1160 1460 1215 exercendam
1515 1160 1570 1213 in
1630 1156 1873 1212 medium
1915 1155 2182 1226 proponit.

2300 1156 2596 1224 ἀπολογίαν
2625 1160 2748 1213 τινά
2771 1161 2898 1229 περὶ
2930 1153 3007 1213 ὧν
3036 1162 3368 1230 ἐπρέσϐευον
3397 1168 3687 1235 ποιήσασθαι,
3713 1174 3758 1223 τᾶ

622 1255 917 1324 lnquiritur
969 1254 1024 1307 in
1079 1263 1198 1307 acta
1249 1253 1369 1322 ejus
1422 1251 1638 1314 omnia,
1692 1259 1814 1319 post
1894 1246 2182 1303 Andronici

2300 1243 2424 1296 κατ’
2456 1245 2617 1299 αὑτὸν
2644 1248 2724 1308 εἰς
2754 1247 2918 1316 μέσον
2957 1248 3239 1317 προύτίθει
3270 1252 3500 1322 ὲρευνᾷν.
3526 1253 3615 1306 Καὶ
3636 1256 3759 1307 πάντα

621 1347 966 1417 imperatoris
995 1345 1204 1400 obitum
1240 1362 1253 1398 :
1288 1353 1343 1398 et
1404 1343 1593 1412 legatis
1628 1342 1958 1407 ostenditur,
1999 1341 2182 1412 prole,

2300 1336 2592 1406 ἐξητάζετο
2614 1338 2773 1405 κμετά
2823 1339 2924 1410 τὴν
2978 1339 3247 1408 βασιλέως
3301 1342 3556 1412 τελευτὴν,
3595 1346 3664 1411 ἐφ’
3705 1339 3758 1407 οἷς

615 1440 781 1507 jnste,
819 1445 869 1491 ct
921 1451 1043 1490 cum
1098 1450 1310 1490 summa
1372 1445 1488 1489 tum
1537 1434 1771 1487 ﬁliorum
1822 1432 2182 1502 imperatoris;

2299 1428 2655 1483 ἀπεδείκνυεν
2705 1429 2887 1491 αὑτὸν,
2925 1432 3015 1484 ἐπὶ
3068 1432 3178 1486 τῶν
3236 1433 3499 1504 πρέσϐεων
3542 1436 3677 1505 ὀρθῶς
3701 1440 3762 1490 καὶ

622 1539 734 1583 tum
823 1527 1201 1580 Romanorum
1264 1526 1508 1579 omnium
1571 1526 1808 1579 utilitate
1874 1524 2182 1593 reipublicae

2299 1520 2547 1586 δικαίως,
2581 1523 2681 1576 καὶ
2709 1526 2820 1585 τοῖς
2848 1540 2907 1576 τε
2934 1523 3199 1593 βασιλέως
3229 1529 3397 1590 παισὶ,
3433 1531 3624 1591 καὶτοῖς
3639 1529 3761 1593 ἄλλοις

2300 1612 2472 1667 ἅπασι
2524 1613 2819 1683 Ῥωμαίοις
2865 1616 3102 1685 μάλιστα
3130 1615 3416 1681 λυσιτελῶς
3444 1620 3760 1688 πεπολιτευμί·

2297 1720 2407 1757 νον.
2451 1704 2704 1759 Ἐκέλευέ
2746 1723 2816 1758 ιτε
2851 1707 3102 1770 καὶτοὺς
3142 1709 3399 1779 πρέσϐεις
3436 1709 3586 1772 ἀδεῶς
3620 1710 3762 1776 λέγειν,

623 1620 924 1690 praefuisse.
983 1618 1147 1674 Jubet
1186 1620 1317 1674 item
1375 1634 1472 1674 eos
1503 1618 1773 1689 intrepide
1820 1618 2087 1688 proferre,
2144 1615 2191 1671 si

619 1714 751 1783 quid
780 1712 1049 1768 baberent
1081 1712 1509 1782 reprehendere,
1545 1720 1603 1766 ut
1646 1712 1915 1766 rationem
1943 1710 2190 1766 onmium

621 1804 956 1859 redditurus.
993 1804 1102 1858 Illis
1137 1804 1387 1873 quredam
1447 1804 1645 1857 horum
1691 1811 1751 1856 ut
1784 1803 1990 1871 iniusta
2022 1816 2182 1856 accu-

2298 1796 2351 1848 εί
2371 1813 2426 1849 τι
2467 1797 2643 1867 ἔχοιεν
2677 1801 3028 1869 κατηγορεῖν,
3060 1800 3135 1861 ὡς
3164 1801 3320 1871 λόγον
3347 1802 3476 1872 ὑπὲρ
3495 1806 3673 1856 πάντων
3691 1820 3766 1855 ποι-

618 1897 889 1960 santibus,
922 1895 989 1949 ad
1025 1894 1236 1966 singula
1276 1895 1592 1965 respondet.
1617 1894 1672 1948 In
1707 1895 1811 1949 ista
1843 1895 2057 1948 actione
2092 1906 2182 1947 sex

2299 1887 2591 1958 ησόμενος.
2628 1890 2739 1942 Καὶ
2773 1891 2861 1943 ἐπ’
2895 1884 3063 1954 ἐνίοις
3112 1892 3492 1961 ἀντιλεγόντων
3535 1894 3613 1945 καὶ
3656 1895 3766 1960 ἐγκα-

619 1987 881 2058 deinceps
924 1987 1044 2042 dies
1095 1963 1315 2042 contriti
1368 1963 1537 2053 sunt;
1602 1985 1964 2057 pluribusque
2023 1999 2182 2055 argu-

2293 1975 2559 2042 λούντων,
2588 1976 2625 2031 ἀ
2655 1978 2910 2048 ἐνόμιζον
2934 1979 3165 2048 ἀδικεῖν,
3201 1979 3341 2054 ὑπὲρ
3373 1984 3566 2037 πάντων
3602 1985 3766 2036 ἐποιεῖτο

619 2079 821 2133 mentis
877 2088 934 2133 et
996 2078 1420 2147 probationibus
1469 2079 1904 2134 demonstratum
1958 2076 2182 2145 injurias

2296 2064 2471 2134 λόγον.
2525 2067 2700 2122 Τοῦτο
2742 2070 2843 2139 μὲν
2887 2065 2982 2125 οὖν
3031 2073 3113 2135 είς
3176 2072 3346 2145 ἕκτην
3392 2075 3565 2142 ἑφεξῆς
3618 2075 3766 2145 ἡμέραν

617 2167 1007 2237 imperatorem
1088 2168 1368 2238 accepisse
1426 2168 1588 2238 longe
1644 2166 2079 2239 indignissimas,
2135 2173 2182 2221 et

2294 2158 2552 2228 ἐτελεῖτο,
2580 2159 2677 2214 καὶ
2704 2160 2792 2215 διά
2816 2162 3028 2216 πολλῶν
3062 2163 3172 2217 τῶν
3199 2165 3514 2231 ἀποδείξεων
3542 2166 3601 2220 τὰ
3623 2166 3768 2235 ἔσχατα

616 2274 873 2330 magnum
905 2258 1125 2326 ducem,
1154 2259 1402 2330 aliosque
1452 2260 1583 2315 belli
1618 2270 1832 2316 satores
1887 2276 1999 2317 non
2028 2276 2182 2332 syco-

2294 2250 2623 2322 ἠδικημένος
2640 2253 3002 2307 ἀπεδείκνυτο
3021 2256 3049 2307 ό
3068 2255 3349 2327 βασιλεύς.
3365 2257 3491 2322 Δοὺξ
3516 2258 3606 2310 δὲό
3630 2258 3765 2323 μέγας,

616 2351 850 2422 pliantas
883 2351 1081 2417 solum,
1115 2360 1172 2406 et
1223 2350 1279 2405 in
1328 2366 1456 2407 eum
1492 2353 1852 2408 vehementer
1919 2354 2182 2425 ingratos,

2295 2342 2390 2394 καὶ
2437 2343 2486 2396 οί
2516 2343 2668 2399 ἄλλοι
2701 2347 2750 2398 oi
2779 2344 2874 2398 τὸν
2928 2346 3171 2417 πόλεμον
3219 2350 3555 2420 κεκινηκότες
3579 2348 3629 2400 οὐ
3659 2364 3767 2401 συκο-

616 2455 675 2498 et
703 2451 966 2513 quantum
996 2443 1103 2498 dici
1129 2458 1238 2496 non
1259 2452 1440 2512 potest
1459 2444 1798 2512 sceleratos;
1831 2446 1927 2501 sed
1954 2446 2182 2502 caedium

2295 2434 2495 2503 φάνται
2531 2435 2691 2505 μόνον
2721 2438 2818 2490 καὶ
2841 2440 3162 2509 ἀγνώμονες
3191 2442 3375 2506 δεινῶς
3398 2443 3521 2513 περὶ
3545 2442 3692 2504 αὐτόν,
3710 2441 3769 2492 ul

614 2551 854 2605 quoque,
900 2544 955 2589 et
999 2535 1303 2596 servitutis,
1333 2547 1390 2590 et
1438 2551 1811 2592 aerumnarum
1855 2538 2182 2609 ingentium,

2298 2526 2603 2598 μοχθηρίας
2649 2530 2959 2603 ὑπερϐολὴν
2987 2533 3358 2598 ἐλλελοιπότες
3399 2533 3643 2604 οὐδεμίαν,
3679 2532 3770 2589 aut

614 2644 737 2698 quae
763 2628 886 2683 belli
921 2637 1167 2696 tempore
1195 2626 1474 2682 Romanos
1501 2629 1828 2694 obruerunt,
1869 2630 2182 2700 primariam

2295 2622 2390 2673 καὶ
2420 2620 2531 2675 τῶν
2572 2623 2748 2689 φόνων
2800 2624 2897 2677 καί⁵
2947 2625 3054 2679 τῶν
3088 2627 3549 2698 ἀνδραποδισμῶν,
3592 2627 3667 2680 καὶ
3701 2626 3771 2676 τῶν

614 2734 838 2773 causam
888 2720 1190 2774 exstitisse.
1224 2719 1355 2775 Post
1401 2720 1547 2775 diem
1609 2730 1826 2775 sextum
1860 2721 2053 2792 legatis
2105 2736 2182 2778 re-

2298 2712 2553 2785 μεγάλων
2610 2714 2931 2784 συμφορῶν,
2969 2717 3027 2769 αἳ
3093 2717 3409 2789 Ῥωμαίους
3463 2718 3772 2786 κατέσχονὲτὶ

616 2824 877 2879 sponsum
916 2809 1049 2864 dare
1101 2810 1417 2877 instituens,
1450 2811 1524 2866 ita
1586 2826 1746 2867 orsus
1779 2822 1886 2868 est.
1911 2812 2070 2871 Nulla
2099 2830 2182 2871 res

2294 2801 2404 2855 τῶν
2433 2803 2643 2873 χρόνων
2671 2803 2767 2857 τοῦ
2820 2804 3060 2876 πολέμου
3096 2808 3340 2878 μάλιστα
3367 2808 3642 2863 αἰτιώτατοι
3659 2824 3773 2876 γεγε·

615 2910 672 2955 et
711 2900 899 2956 urbem
936 2902 1184 2970 populari
1222 2912 1466 2958 utentem
1517 2912 1813 2974 potestate,
1850 2918 1907 2961 et
1935 2922 2182 2979 regnum,

2297 2893 2543 2963 νημένοι.
2584 2896 2741 2950 Μετά
2797 2898 2855 2952 δὲ
2885 2898 2984 2970 τὴν
3038 2901 3209 2971 ἕκτην
3273 2903 3407 2972 πρὸς
3431 2903 3524 2973 τὴν
3553 2900 3773 2968 ἀπολογίαν

615 3005 712 3045 seu
747 2990 1122 3045 monarchiam
1155 2993 1209 3045 in
1245 2992 1437 3061 primis
1470 3002 1577 3048 tam
1601 2993 1759 3051 facile
1789 2997 2008 3062 evertit,
2029 3013 2182 3066 quam

2294 2988 2593 3043 καθίστατο
2621 2989 2721 3059 τὴν
2744 3007 2811 3043 πε
2822 2991 2876 3060 ίλὶ
2897 2994 2997 3063 τῆς
3028 2995 3348 3065 πρεσϐείας,
3380 2996 3469 3050 καὶ
3505 2992 3608 3048 είπε
3631 2994 3772 3047 τοιάδε

613 3097 644 3136 a
673 3081 1056 3152 prudentibus,
1079 3092 1135 3137 et
1165 3092 1475 3153 opportune
1495 3086 1913 3143 consulentibus
1933 3090 2182 3146 solitudo.

2294 3080 2461 3135 Οὐδὲν
2493 3080 2637 3135 οὕτω
2668 3084 2761 3135 καὶ
2790 3084 2948 3137 πόλιν
3001 3085 3522 3159 δημοκρατουμένην
3550 3085 3629 3140 καὶ
3670 3085 3785 3155 βασις

610 3174 831 3228 Etenim
860 3172 908 3228 si
931 3173 1132 3228 talibus
1170 3183 1264 3229 aut
1296 3174 1509 3231 civibus
1539 3176 1757 3244 civitas,
1793 3190 1887 3234 aut
1913 3182 2182 3251 praefectis

2293 3171 2445 3224 λείαν
2516 3174 2739 3242 μάλιστ’
2792 3175 2861 3228 ἃν
2921 3176 3122 3247 ῥᾳδίως
3178 3181 3471 3233 καταλύειν
3508 3174 3776 3241 δύναιτο,ὡς

614 3279 842 3335 regnum
869 3263 1251 3333 abundaverit,
1287 3267 1538 3337 quamvis
1570 3283 1696 3324 casu
1744 3272 1978 3341 quodam
2006 3273 2182 3328 oﬂ‘en-

2294 3264 2505 3335 ἀνδρῶν
2530 3266 2772 3320 ἀπουσία
2803 3269 3041 3321 συνετῶν
3073 3271 3167 3321 καὶ
3201 3271 3271 3324 τὰ
3315 3271 3493 3326 δέοντα
3532 3268 3778 3355 pauisse}:-

616 3356 819 3422 derint,
875 3371 1044 3427 parvo
1092 3359 1316 3428 negotio
1367 3359 1433 3414 ad
1494 3359 1784 3430 pristinam
1867 3364 2182 3421 felicitatem

2291 3374 2420 3412 νων.
2452 3359 2517 3411 Ei
2579 3358 2679 3427 μὲν
2707 3359 2819 3430 γάρ
2857 3360 3131 3414 ’τοιούτων
3162 3363 3195 3433 ἢ
3251 3363 3481 3417 πολιτῶν
3529 3362 3718 3433 ἡπόλις,
3755 3358 3777 3425 ἦ

608 3448 863 3505 revocari
931 3456 1215 3518 poterunt.
1276 3448 1374 3505 Sin
1402 3460 1587 3507 autem
1639 3453 1777 3509 tales
1829 3457 1976 3512 viros
2020 3457 2182 3513 semel

2290 3452 2566 3521 ἀρχόντων
2598 3453 2630 3523 ἠ
2662 3452 2915 3523 βασιλεία
2948 3455 3238 3525 εὐποροίη,
3276 3456 3383 3529 κᾷν
3409 3457 3536 3526 τύχῃ
3565 3453 3654 3507 τινὶ
3682 3468 3778 3519 σοις

600 3539 922 3607 amiserint,
956 3541 1119 3612 602
1151 3541 1289 3597 nihil
1322 3542 1573 3613 profecto
1605 3544 1867 3614 celerem,
1901 3557 1958 3602 et
2009 3557 2189 3604 extre-

608 3648 759 3695 niam
845 3646 1037 3687 eorum
1113 3632 1394 3688 miseriam
1469 3637 1854 3692 remorabitur.
1922 3638 2188 3705 Quocirca

608 3725 920 3781 Romanum
968 3724 1258 3795 imperium
1286 3740 1388 3798 ego
1427 3729 1803 3800 maximopere
1834 3730 2015 3802 lugeo,
2044 3735 2186 3802 quod

610 3816 799 3874 multis
830 3827 989 3874 antea
1022 3816 1157 3873 viris
1211 3818 1633 3877 admirabilibus
1654 3814 1972 3889 ’abundans,
2024 3828 2187 3884 modo

611 3909 797 3963 omnia
830 3908 1151 3975 conficiens,
1188 3917 1245 3965 et
1290 3925 1625 3968 consumens
1657 3923 1903 3970 vetustas
1936 3930 2001 3971 eo
2031 3918 2188 3973 rede-

612 4000 709 4071 git,
746 4006 805 4055 ιιι
836 4015 1108 4056 summam
1139 4002 1261 4071 ejus
1292 4010 1535 4068 teneant,
1566 4019 1707 4073 quos
1732 4020 1764 4061 e
1800 4006 1986 4063 medio
2010 4008 2186 4078 impe-

612 4092 730 4147 ritae
760 4091 1061 4162 plebecula:
1087 4091 1357 4160 prodiisse
1383 4093 1558 4151 dicas.
1591 4095 1732 4150 Nam
1765 4112 1935 4168 super
1983 4098 2185 4156 talibus

573 4244 582 4253 ,
613 4184 940 4256 legationem
970 4183 1213 4247 mittere,
1240 4194 1295 4238 et
1318 4184 1387 4238 ad
1416 4199 1506 4240 me
1536 4185 1777 4253 mittere,
1797 4188 1891 4258 qui
1931 4190 2065 4261 ipsis
2092 4192 2184 4247 diu

608 4273 1255 4345 jamimperavi,etcujus
1275 4274 1438 4345 (absit
1459 4277 1621 4332 verbo
1636 4278 1866 4351 invidia)
1896 4282 1983 4337 vel
2011 4283 2183 4354 placi-

613 4367 768 4422 diore
799 4375 1026 4437 aspectu
1063 4365 1292 4436 dignati,
1323 4367 1378 4421 in
1409 4368 1548 4424 cmlo
1587 4369 1695 4424 sibi
1738 4385 1858 4426 esse
1917 4373 2183 4428 videban-

614 4468 741 4514 tur:
778 4457 978 4515 deinde
1006 4457 1145 4512 nihil
1177 4473 1355 4529 neque
1410 4460 1783 4530 anquirentes,
1840 4478 2022 4534 neque
2071 4466 2182 4519 cir-

2287 4461 2455 4528 ξαντα
2492 4464 2692 4528 αὐτῶν,
2741 4464 2836 4520 καὶ
2861 4458 2923 4518 οὗ
2970 4467 3141 4538 εί’μὴ
3186 4469 3476 4538 ἐπίφθονον
3510 4467 3679 4526 εἰπεῖν,
3716 4456 3783 4512 καὶ

614 4548 1062 4625 cumspicientes,
1124 4551 1261 4607 adeo
1340 4551 1677 4618 inconsulto,
1732 4562 1788 4609 et
1842 4556 2182 4613 confidenter

2287 4553 2602 4625 βλέμματος
2658 4554 2956 4608 ἀπολαύειν
2983 4557 3295 4626 προσηνοῦς
3347 4558 3406 4610 ὲν
3429 4555 3666 4627 μεγίστης
3688 4544 3781 4619 ἦγον

612 4642 875 4711 quidquid
915 4642 969 4695 in
1001 4642 1227 4697 buccam
1256 4644 1408 4698 venit
1435 4645 1701 4712 scribere,
1736 4660 1847 4701 non
1903 4657 2015 4702 tam
2046 4649 2173 4715 illis,

2287 4644 2537 4715 εὐτυχίας
2593 4645 2773 4715 μέρει,
2803 4645 2995 4700 ἔπειτα
3055 4647 3223 4717 μηδὲν
3256 4648 3394 4719 μήτε
3427 4645 3778 4718 ἐρευνήσαντας.

611 4727 758 4796 quod
792 4742 851 4782 se
883 4727 1109 4798 dignum
1132 4737 1213 4784 est
1277 4730 1631 4801 facientibus,
1664 4736 1941 4806 quispiam
1992 4755 2182 4809 repre-

2289 4739 2426 4808 μήτε
2452 4738 2828 4807 σκεψαμένους
2839 4736 3015 4801 οὕτως
3033 4740 3455 4809 ἀπερισκέπτως
3492 4740 3579 4791 καὶ
3600 4731 3780 4805 θρασέως

614 4818 889 4886 henderit,
914 4834 1075 4890 quam
1104 4819 1315 4876 illustre
1344 4823 1519 4892 prius,
1551 4836 1606 4880 et
1655 4828 1876 4884 beatum
1905 4830 2182 4888 Romano-

2287 4833 2353 4885 τὰ
2383 4830 2684 4886 ἐπελθόντα
2712 4831 2971 4902 γράφειν,
3026 4832 3126 4886 οὐκ
3182 4834 3407 4888 ἐκείνων
3433 4828 3627 4901 μάλιστ’
3654 4827 3705 4879 ἀν
3724 4832 3779 4877 τις

604 4900 730 4965 rum
763 4910 1050 4982 imperium
1073 4927 1221 4966 nunc
1247 4913 1315 4966 ab
1341 4914 1675 4986 huiusmodi,
1712 4922 1848 4989 proh
1880 4923 2052 4979 Deum
2083 4925 2182 4991 im;

2288 4926 2692 4996 κατηγορήσειε
2737 4926 3085 4995 προσήκοντα
3129 4928 3506 4997 εἰργασμένων
3542 4908 3777 4978 έαυτοίςλ

611 5005 921 5068 mortalem,
958 5000 1250 5074 mancipiis
1306 5006 1671 5077 gubernatum
1718 5010 2019 5070 defleverit.
2073 5014 2182 5071 Sed

2287 5017 2395 5087 ὅσῳ
2456 5017 2557 5085 τὴν
2584 5018 2861 5086 περιφανῆ
2895 5018 3159 5089 πρότερον
3190 5019 3282 5082 καί⁵
3331 5016 3525 5085 εὐτυχῆ
3557 5004 3778 5078 Ῥωμαίων

609 5098 677 5155 de
700 5098 807 5154 illis
836 5097 974 5152 nihil
1004 5097 1182 5152 dicam
1209 5100 1464 5169 amplius,
1498 5116 1635 5170 quos
1657 5105 1780 5160 talis
1816 5107 2089 5175 conditio,
2123 5118 2180 5162 et

2287 5107 2583 5179 θρηνήσειν
2635 5110 2695 5178 ἠγ
2711 5108 2961 5178 εμονίαν,
2999 5111 3104 5163 ὑπὸ
3146 5109 3434 5173 τοιούτοις,
3463 5106 3579 5176 φεῦ,
3633 5100 3778 5166 ἀνδ9²’

609 5190 761 5260 pejor
800 5190 962 5245 etiam
997 5189 1157 5245 decet
1206 5208 1220 5246 :
1268 5191 1583 5262 Apocauchi
1640 5195 1882 5264 praefecti
1938 5199 2178 5255 cubiculi

2287 5198 2469 5262 πόδοις
2500 5199 2800 5268 ἀγομένην.
2836 5201 2974 5268 Περὶ
2998 5201 3097 5270 μὲν
3129 5197 3224 5255 οὖν
3247 5199 3473 5254 ἐκείνων
3515 5182 3778 5263 ὀλίγοςοέμῠὶ

607 5296 717 5335 non
746 5282 1151 5353 improbitatem
1182 5284 1366 5350 modo,
1416 5285 1825 5356 mentiendique
1867 5288 2175 5357 libidinem,

2287 5292 2438 5359 λόγος
2473 5292 2671 5360 γένοιτ’
2720 5292 2807 5357 ἀν,
2838 5293 3066 5347 τοιαῦτα
3105 5294 3199 5347 καὶ
3233 5293 3540 5363 φαυλότερα
3578 5286 3777 5357 πράττειν

606 5374 703 5428 sed
737 5375 1099 5431 temeritatem
1134 5391 1354 5447 quoque
1383 5386 1439 5432 et
1470 5377 1864 5446 impudentiam
1892 5381 2175 5451 admiror;

2287 5379 2433 5439 οὖσιν
2470 5384 3055 5458 ἀξίοιςίο,’Δποκαύχου
3087 5385 3143 5439 δὲ
3174 5386 3269 5438 τοῦ
3320 5374 3773 5455 παρακοιμωμένουο

603 5465 720 5534 qui,
744 5467 992 5536 quamvis
1023 5482 1131 5523 non
1167 5468 1352 5543 paucis
1389 5480 1446 5523 et
1481 5469 1841 5539 apertissimis
1907 5476 2173 5546 exemplis

602 5556 1010 5612 mendaciorum
1041 5558 1296 5614 convinci
1328 5558 1525 5629 possit,
1556 5568 1735 5615 tamen
1755 5575 1823 5616 ne
1858 5561 2061 5620 frustra
2108 5581 2174 5623 ac

604 5644 723 5698 sine
752 5660 916 5700 causa
951 5636 1154 5702 bellum
1182 5650 1574 5727 commovisse,
1610 5666 1786 5721 neque
1810 5651 2050 5709 inaniter
2082 5656 2172 5710 la-

603 5729 798 5788 borare
836 5736 1109 5805 videatur,
1140 5736 1340 5793 ﬂuxam
1369 5740 1596 5810 gloriam
1640 5741 1910 5801 dedecore
1942 5746 1997 5802 in
2044 5761 2164 5801 om-

2214 3310 2258 3369 ο

2289 3542 2443 3608 λῶσι,
2480 3543 2680 3614 ῥᾳδίως
2705 3544 2943 3600 δύναιντ’
2967 3546 3033 3600 ἂν
3064 3547 3441 3613 ἐπανασώζειν
3465 3550 3555 3619 τὴν
3578 3543 3779 3617 προτέραν

2287 3632 2499 3703 τύχην·
2535 3634 2601 3687 ἂν
2655 3635 2700 3689 δ’
2730 3637 2880 3702 suae
2930 3639 3354 3710 ἀποστερηθῶσι
3408 3640 3509 3693 τῶν
3570 3636 3776 3696 τοιούτοιν,

2289 3724 2443 3777 οὐδὲν
2475 3725 2631 3779 ἔσται
2683 3727 2915 3796 κώλυμα
2953 3728 3028 3798 μὴ
3059 3729 3142 3790 είς
3194 3728 3424 3800 ἔσχατον
3472 3723 3779 3793 κακοπραγίας

2288 4000 2498 4071 ἀνδρῶν
2544 4002 2810 4071 πρότερον
2839 4002 3202 4074 εὐποροῦσαν,
3238 4003 3338 4058 νῦν
3389 4007 3468 4069 είς
3512 4001 3648 4057 τοῦτο
3669 4013 3779 4067 περι-

2287 4097 2518 4164 έστησεν
2543 4096 2571 4148 ὁ
2598 4095 2777 4149 πάντα
2817 4096 3106 4148 καταλύων
3121 4097 3346 4168 χρόνος,
3378 4096 3516 4151 ὥστε
3563 4090 3775 4166 ἡγεμόνας

2284 4186 2395 4240 τῶν
2424 4186 2769 4255 πραγμάτων
2804 4186 2954 4257 ἔχειν
3016 4188 3185 4259 μηδὲν
3236 4189 3459 4261 ἄμεινον
3496 4188 3595 4242 τῶν
3626 4182 3778 4239 πολλῶν

2283 4278 2682 4348 διακειμένους.
2727 4278 2800 4332 Τὸ
2840 4280 2950 4350 γάρ
2991 4280 3133 4352 ὑπὲρ
3179 4281 3513 4353 τηλικούτων
3552 4274 3779 4351 πρεσϐείαν

2284 4372 2660 4441 ποιουμένους,
2694 4373 2789 4425 καὶ
2823 4375 2960 4442 πρὸς
2986 4356 3084 4445 ἐμὲ
3101 4373 3193 4429 τὸν
3221 4376 3391 4429 πολὺν
3419 4374 3515 4446 ἤδη
3535 4374 3693 4444 χρόνον
3712 4367 3781 4431 ἅρ-

2285 5479 2346 5532 ού
2376 5479 2476 5548 τὴν
2532 5478 2840 5549 μοχθηρίαν
2872 5480 3060 5549 μόνον,
3120 5479 3258 5556 ἀλλά
3287 5481 3381 5532 καὶ
3408 5478 3503 5546 τὴν
3535 5470 3776 5556 mam?

2282 5572 2378 5624 καὶ
2406 5570 2505 5639 τὴν
2559 5569 2950 5638 ἀναισχυντίαν
3004 5554 3212 5625 ἔπεισι
3245 5569 3556 5641 θαυμάζειν,
3580 5565 3650 5619 ὅτι
3690 5554 3775 5612 καί·

2286 5679 2368 5715 τοι
2422 5661 2632 5731 μέλλων
2682 5663 2775 5714 ἐπὶ
2832 5663 3107 5717 τοσούτων
3158 5663 3470 5733 ἐλέγχεσθαι
3527 5656 3777 5724 σαφέστδτι

2272 5751 2629 5823 ψευδόμενος,
2664 5752 2815 5824 ὅμως
2848 5756 2939 5810 ἐπὶ
2965 5755 3039 5827 τῷ
3071 5756 3145 5828 μὴ
3178 5755 3349 5811 δοκεῖν
3380 5752 3498 5821 είκῆ
3527 5748 3614 5803 καὶ
3639 5741 3776 5814 μάτην

2287 3815 2519 3886 τάχιστα
2546 3817 2798 3887 ἀφῖχθαι.
2835 3820 2903 3871 Ὀ
2930 3819 3026 3872 νῦν
3042 3818 3154 3889 ἐγὼ
3179 3820 3282 3892 τὴν
3315 3821 3586 3891 Ῥωμαίων
3607 3817 3780 3889 μάλιστα
3810 3896 3811 3899 η

2287 3909 2555 3980 ὀδύρομαι
2604 3911 2926 3981 ἡγεμονίαν,
2979 3912 3065 3965 ὅτι
3127 3912 3346 3967 πολλῶν
3394 3916 3485 3969 καὶ
3534 3906 3823 3981 θαυμασίων
