4016 6208
313 230 448 294 illi

300 346 395 396 τὸν
450 347 694 419 πόλεμον
747 358 1117 428 κεκινηκέναι,
1177 364 1298 432 μηδ’
1348 367 1592 438 ἀνήνυτα
1646 376 1862 438 πονεῖν,

299 436 478 492 εἵλετο
502 438 602 510 τῆξ
630 442 718 495 ἐπ’
750 444 931 515 ὀλίγον
952 449 1195 518 εὐδοξίας
1223 455 1323 527 τὴν
1351 436 1447 512 διὰ
1465 460 1583 530 βίου
1610 436 1876 537 αίτχύνην

300 529 791 589 ἀπαλλάττεσθαι.
821 538 951 593 Δέον
978 542 1164 610 μέντοι
1223 549 1358 617 μηδὲ
1392 551 1451 603 τὸ
1468 529 1874 612 δὲκιίνουυπάνυ

303 617 623 685 θαυμαστὸν
662 625 934 694 ἡγεῖσθαι.
969 623 1039 701 ᾯ
1072 634 1182 704 γὰρ
1215 637 1242 689 ὁ
1274 636 1387 704 βίος
1418 638 1536 705 ὅλος
1570 645 1877 714 πανουργία

301 711 402 763 καὶ
423 714 683 784 ἐπιορκία
727 719 822 770 καὶ
844 719 1054 791 ἀπάτης
1083 727 1177 778 καὶ
1212 728 1342 798 ῥᾷον
1397 730 1464 784 ἂν
1511 711 1874 792 ἀναπνεύσειε

298 804 474 898 χωρὶς
502 805 685 898 ἀέρος,
711 807 986 898 ἢτούτων,
1006 815 1159 870 οὐδὲν
1183 816 1498 889 θαυμαστὸν
1521 827 1568 877 εί
1591 825 1726 880 Θεὸν
1742 830 1874 898 ψευο

296 890 528 991 δόμενος
564 895 852 965 διηνεκῶς,
896 900 1074 957 εἵλετο
1125 906 1222 960 καὶ
1274 910 1412 980 πρὸς
1438 890 1768 984 ἀνθρώπους
1794 919 1873 991 τῷ

516 985 777 1081 χρῆσθαι.
831 992 990 1064 Ἐμοὶ
1016 995 1062 1048 δ’
1092 979 1332 1071 ὲξαρχῆς
1374 1020 1431 1056 τε
1465 979 1731 1080 ᾑρημένῳ
1747 979 1863 1081 ⁷τὴν

292 1075 582 1147 ἀλήθειαν,
615 1079 710 1134 καὶ
732 1082 815 1147 είς
854 1085 974 1154 τόδε
1005 1090 1202 1159 χρόνου
1232 1096 1364 1164 περὶ
1394 1075 1648 1154 πλείστου
1681 1075 1869 1157 ποιου-

296 1167 470 1267 μένω,
501 1171 600 1224 καὶ
628 1171 812 1267 πάσης
836 1177 1003 1249 ἀλλης
1030 1182 1381 1258 ἀνθρωπίνης
1408 1191 1712 1264 εὐημερίας
1739 1213 1873 1267 προ-

294 1261 803 1357 τιμῶντιᾼτάληθὲς
837 1261 1623 1357 είρήσεται.Συμμαρτυρήσει
1682 1289 1740 1343 δὲ
1775 1261 1871 1346 καὶ

299 1353 600 1427 Συναδηνδς
639 1354 828 1429 οὗτος,
878 1364 938 1428 ὃς
988 1368 1112 1437 ἐμοὶ
1158 1372 1286 1436 τοὺς
1341 1353 1536 1445 λόγους
1594 1379 1863 1449 σύνοιδεν,

294 1445 598 1542 ἀξιόχρεως
617 1449 693 1505 ὢν
716 1452 854 1523 πρὸς
882 1457 1087 1526 πίστιν,
1112 1463 1245 1533 παρ’
1274 1465 1488 1521 ἑκείνου
1506 1469 1615 1541 γὰρ
1638 1445 1862 1542 ἀφῖκτοξ

300 1537 376 1591 Τὸ
414 1540 526 1635 γὰρ
568 1542 869 1635 Ἐμπυθίου
915 1551 1177 1622 φρούριον
1213 1537 1542 1630 πολιορκῶν,
1566 1537 1864 1635 πρεσϐείαν

294 1645 355 1681 τε
392 1631 533 1700 πρός
554 1649 624 1702 με
653 1634 741 1690 διά
766 1640 960 1693 τούτου
988 1644 1247 1714 ἐποιεῖτο,
1269 1650 1363 1703 καὶ
1392 1631 1685 1721 βούλεσθαι
1706 1657 1862 1729 ἔλεγε

296 1724 588 1792 συντυχεῖν
606 1727 741 1796 περί
773 1745 937 1786 τινων
964 1732 1367 1809 διαλεξόμενος,
1410 1732 1737 1818 κακούργως
1765 1724 1864 1806 καὶ

286 1811 466 1867 ταῦτα
482 1815 576 1869 καὶ
592 1817 760 1883 ἀξίως
782 1821 980 1878 ἑαυτοῦ
999 1825 1452 1903 ὑποκρινόμενος,
1481 1836 1557 1901 ὡς
1583 1811 1866 1899 ίκνυτο

288 1902 486 2002 σαφῶς
509 1904 618 1959 ἀπὸ
638 1906 750 1961 τῶν
781 1916 1194 1984 πραττομένωνι
1228 1921 1569 1994 Συνθεμένου
1624 1928 1682 1982 δὲ
1725 1932 1862 2002 ἐμοῦ

288 1991 506 2091 {mli-01p:
531 1996 830 2091 γάρξαῦτδν
863 2006 994 2074 περὶ
1022 2008 1247 2080 είρήνης
1266 1991 1477 2071 ἐθέλειν
1492 1991 1861 2091 διαλέγεσθαι,

391 2085 504 2155 ἐγὼ
560 2090 796 2159 μάλιστα
843 2077 1095 2167 ἐπιθυμῶ
1131 2077 1246 2155 άάι
1297 2104 1403 2160 τῶν
1455 2108 1586 2179 περὶ
1642 2077 1861 2185 ἐκείνης

234 2212 243 2219 ι
284 2176 487 2277 λόγων,
519 2180 620 2235 κάν
638 2199 741 2277 ωσι
763 2186 900 2257 πρὸς
921 2190 1137 2264 ἀπάτην
1161 2176 1672 2273 συνεσκευασμένοι,
1705 2176 1860 2277 ὀλίγα

283 2269 769 2370 πολυπραγμονῶν
799 2278 1079 2370 ἐξέχομαι)
1113 2286 1190 2358 μὴ
1219 2288 1483 2348 δύνασθαι
1501 2269 1676 2362 ἀὐτὸς
1704 2269 1859 2370 ἔλεγε

281 2357 586 2429 βασιλικῶς
611 2362 1004 2442 ἑσκευασμένῳ
1034 2357 1433 2446 συντυγχάνειν
1457 2397 1472 2412 ·
1511 2357 1857 2441 ἀδυνατώτε-

281 2468 385 2545 ρον
411 2453 469 2507 δὲ
497 2451 637 2510 εἶναι
658 2458 821 2516 πάλιν
839 2462 938 2534 τήν
963 2465 1252 2540 βασιλικὴν
1276 2474 1475 2545 σκευὴν
1497 2476 1856 2535 ἀποτίθεσθαι

278 2543 390 2641 ἐμέ
418 2562 433 2577 ο
465 2546 598 2617 πρὸς
627 2547 664 2603 ἃ
685 2551 933 2609 ἐπίνοιάν
956 2574 1078 2612 τινα
1104 2561 1274 2617 ἐδεῖτο
1308 2543 1672 2635 ἐξευρίσκειν.
1712 2573 1854 2641 Ἐγὼ

274 2634 332 2688 δ’
357 2638 496 2708 ὅπερ
511 2639 647 2711 ἔφην
665 2642 762 2712 τῆς
788 2645 1016 2720 εἰρήνης
1039 2650 1139 2721 τῆς
1160 2634 1457 2727 ἐπιθυμίας
1488 2660 1673 2727 ἕνεκα,
1691 2634 1853 2719 Ἀλλά

272 2730 383 2801 τὴν
407 2732 662 2803 ἀπορίαν,
693 2731 867 2804 εἶπον,
887 2741 1063 2813 ῥᾷστα
1102 2744 1368 2819 ίασαίμην
1396 2750 1464 2803 ἂν
1492 2752 1622 2819 lycii.
1667 2755 1852 2809 Ὡπλι-

275 2822 472 2891 σμένοι
503 2824 613 2897 γάρ
647 2830 991 2903 συμμίξομεν
1018 2832 1268 2905 ἀλλήλοις
1285 2839 1641 2911 ἀγνοούμενοι
1669 2846 1717 2898 εί
1751 2846 1850 2916 βα-

273 2912 498 2979 σιλικὰς
540 2916 574 2986 ἢ
614 2917 889 3008 ίδιωτικάς
934 2922 1080 2977 ἔνδον
1136 2924 1335 2997 ἔχομεν
1371 2930 1626 3000 ἐσθῆτας.
1659 2933 1724 2990 El
1752 2912 1848 2992 οὖν

1419 252 1988 320 .HlSTORIARUM
2034 263 2266 327 LIBER
2310 269 2426 330 ιιι.

3414 284 3551 352 1138

1904 382 1949 435 Δ
1980 394 2103 434 uem
2129 385 2294 439 vitam
2323 395 2589 444 duraturo
2620 393 2890 450 redimere
2915 396 3104 451 voluit.
3144 397 3344 455 Verum
3376 420 3551 474 neque

1987 474 2099 531 hoc
2144 477 2286 533 illius
2344 480 2557 538 l'acinus
2600 494 2708 539 tam
2763 488 2921 542 valde
2956 490 3267 547 mirandum
3328 510 3548 552 censeo.
3592 568 3597 572 _

1977 565 2146 636 Cujus
2174 569 2321 625 enim
2358 573 2463 627 vita
2521 577 2703 630 omnis
2744 577 2879 633 nihil
2936 588 3041 645 est,
3106 583 3210 638 nisi
3279 587 3544 655 vafrities,

1979 659 2301 728 perjurium,
2328 662 2647 734 impostura,
2684 669 2888 738 quique
2926 671 3140 729 facilius
3185 675 3305 730 sine
3336 679 3515 747 aspira

1980 751 2124 806 tione
2143 753 2305 816 aeris,
2330 770 2494 825 quam
2548 759 2668 813 sine
2693 759 2780 815 his
2840 763 3093 831 Spiritum
3126 765 3363 831 duxerit,
3402 768 3544 823 haud

1975 843 2169 898 mirum
2230 847 2273 900 si
2309 846 2417 903 Deo
2451 850 2730 906 mentiens
2780 853 3024 917 assidue,
3086 859 3229 926 apud
3292 860 3547 915 homines

1974 950 2191 1004 quoque
2220 938 2515 994 vanitatem
2563 956 2829 1011 usurpare
2866 948 3143 1001 statuerit.
3178 948 3292 1016 Ego
3337 966 3466 1005 vero
3512 968 3543 1004 ει

1974 1040 2144 1094 puero
2182 1028 2430 1083 veritatis
2459 1045 2672 1096 amans,
2710 1041 2767 1088 et
2810 1050 2982 1105 usque
3018 1038 3177 1094 hodie
3236 1043 3369 1095 tanti
3420 1058 3541 1098 eam

1976 1115 2196 1182 faciens,
2232 1128 2293 1174 ut
2318 1120 2517 1176 nullam
2552 1123 2600 1177 ei
2635 1124 2927 1180 humanam
2962 1131 3388 1199 prosperitatem
3440 1150 3545 1187 an.~

1975 1214 2249 1277 teponam,
2310 1212 2456 1279 quod
2483 1228 2669 1266 verum
2716 1226 2801 1270 est
2853 1217 3095 1286 eloquar.
3138 1218 3541 1277 Testimonium

1972 1303 2102 1357 mihi
2133 1304 2278 1359 dicet
2311 1307 2473 1361 etiam
2505 1306 2828 1378 Synadenus
2854 1312 2963 1379 hic,
2981 1329 3226 1370 meorum
3247 1318 3539 1373 verborum

1970 1389 2242 1462 conscius,
2270 1407 2325 1452 et
2356 1398 2511 1453 testis
2543 1399 2646 1454 [ide
2696 1402 2916 1473 dignus,
2948 1405 3042 1474 qui
3092 1407 3160 1461 ab
3189 1407 3282 1462 illo
3338 1412 3405 1464 ad
3448 1427 3537 1466 me

1922 1508 1927 1513 -
1969 1489 2138 1542 venit.
2168 1486 2303 1543 Nam
2371 1490 2498 1545 dum
2531 1493 2815 1549 castellum
2868 1497 3212 1567 Empytbiuln
3239 1500 3537 1562 obsideret.

1970 1578 2204 1649 legatum
2227 1579 2375 1637 hunc
2399 1582 2465 1637 ad
2491 1599 2578 1637 me
2608 1585 2757 1640 misit
2790 1603 2803 1639 :
2836 1595 2891 1640 et
2933 1587 3220 1645 aﬂirmavit
3277 1607 3338 1646 se
3376 1592 3517 1648 collo

1893 1705 1937 1762 Β
1967 1671 2167 1740 quendi
2191 1672 2364 1742 gratia
2418 1688 2507 1728 me
2557 1685 2887 1732 conventum
2918 1694 3141 1750 cupere,
3180 1684 3432 1752 nequiter
3484 1694 3540 1740 et

1967 1762 2130 1829 istuc,
2166 1770 2327 1832 atque
2362 1773 2424 1819 ut
2447 1764 2559 1821 suis
2586 1768 2830 1823 moribus
2855 1770 3083 1839 dignum
3105 1783 3226 1828 erat
3248 1775 3536 1843 simulans,

1966 1855 2112 1925 quod
2141 1854 2287 1911 facto
2315 1857 2462 1912 clare
2493 1859 2689 1929 patuit.
2730 1859 3023 1918 Annuente
3077 1872 3260 1919 autem
3300 1882 3388 1920 me
3419 1871 3539 1937 (cu.

1965 1946 2199 2017 gitabam
2231 1947 2376 2002 enim
2412 1949 2481 2003 de
2506 1966 2638 2020 pace
2674 1967 2890 2009 mecum
2942 1966 3219 2018 acturum.
3256 1958 3419 2027 cujus
3448 1974 3536 2014 me

1964 2038 2403 2109 cupidissimum,
2439 2049 2493 2096 et
2521 2056 2839 2098 sermonum
2885 2046 2955 2100 de
2989 2061 3053 2101 ea
3093 2047 3223 2103 licet
3274 2051 3339 2103 ad
3388 2049 3541 2105 frau-

1964 2131 2087 2187 dem
2110 2133 2538 2201 compositorum
2593 2151 2784 2205 parum
2823 2139 3105 2195 curiosum
3161 2152 3531 2198 scrutatorem

1962 2222 2132 2277 fuisse
2164 2214 2452 2292 conﬁteor)
2475 2210 2642 2295 atque
2673 2226 2728 2280 in
2770 2228 3014 2284 laetitiam
3065 2229 3260 2298 effuso,
3303 2234 3415 2302 ipse
3446 2250 3533 2289 me

1962 2314 2160 2384 alloqui
2191 2314 2249 2369 in
2275 2326 2424 2370 veste
2466 2303 2730 2388 imperiali
2768 2335 2928 2390 posse
2951 2322 3208 2392 negavit;
3243 2324 3378 2378 mihi
3433 2341 3529 2380 au-

1963 2416 2071 2462 tem
2102 2407 2222 2461 fore
2253 2409 2427 2463 multo
2458 2409 2729 2471 difﬁcilius
2776 2422 3032 2467 ornatum
3062 2414 3208 2469 hunc
3230 2414 3508 2484 deponere
3534 2454 3547 2469 .

1957 2499 2118 2569 603
2154 2498 2384 2569 ideoque
2438 2502 2703 2556 rationem
2729 2503 2967 2572 aliquam
3037 2520 3231 2560 novam
3290 2507 3526 2562 inveniri

1958 2592 2322 2654 desiderabat.
2351 2608 2457 2662 qua
2486 2596 2963 2665 eongrederemur.
3001 2595 3139 2652 Tum
3179 2613 3279 2668 ego
3316 2600 3531 2668 cupidi-

1960 2692 2070 2738 tate
2101 2686 2250 2753 pacis
2292 2684 2692 2753 inﬂammatus,
2726 2694 2786 2741 ut
2840 2688 3113 2756 dicebam,
3182 2689 3332 2760 atqui
3384 2690 3529 2745 hanc

1956 2775 2351 2841 dillicultatem,
2396 2776 2640 2845 inquam,
2669 2793 2781 2833 non
2838 2780 3056 2835 dillicile
3088 2785 3364 2837 sustulere
3398 2800 3412 2835 :
3442 2798 3531 2836 ar-

1956 2868 2087 2921 mati
2156 2866 2302 2921 enim
2350 2870 2758 2935 conveniemus,
2810 2879 2868 2925 ut
2926 2873 3376 2941 itnperatorione,
3455 2891 3525 2928 an

1957 2955 2168 3024 privato
2202 2956 2397 3010 vestitu
2423 2957 2568 3012 intus
2593 2960 2723 3013 tecti
2758 2960 2952 3022 simus,
2988 2962 3293 3030 ignoretur.
3326 2960 3523 3017 Utrum

274 3003 443 3059 τοῦτο
477 3007 718 3080 συνθήκη
745 3003 842 3066 τοῦ
868 3013 967 3081 τὴν
994 3015 1278 3085 βασιλείαν
1329 3022 1482 3077 ἐστὶν
1506 3026 1846 3098 ἀποθέμενον

279 3096 572 3125 πλη-...2-
608 3100 705 3125 γε-.
766 3102 947 3125 ρ.-,--
1011 3107 1027 3125 ι
1104 3110 1126 3125 σ-
1422 3115 1435 3125 .
1493 3116 1539 3125 .-
1810 3122 1818 3125 .

1959 3003 2162 3024 μνη-
2213 3003 2397 3010 .m---
2423 3003 2568 3012 .---..-
2595 3003 2723 3013 η--.
2758 3003 2952 3022 -......-,
2988 3003 3293 3030 ,ομνηηη
3331 3003 3523 3017 νην...

1957 3048 2121 3119 igitur
2160 3049 2263 3105 hoc
2296 3060 2511 3120 pactum
2564 3054 2637 3106 sit
2695 3052 2936 3121 aliquod,
2978 3053 3209 3123 imperio
3270 3055 3527 3125 deposito

278 3096 572 3163 ἰδιωτικῶς
605 3100 727 3173 ζῇν,
761 3102 954 3176 ὥσπερ
1006 3107 1217 3172 ἐκεῖνος
1264 3096 1692 3185 καταψεύδεται,
1726 3122 1847 3192 κρί-

274 3202 407 3239 νατε
440 3187 615 3258 ὑμεῖς.
661 3192 725 3245 El
759 3191 806 3244 δ’
835 3194 1039 3265 ἑτέρως
1098 3198 1129 3270 ἢ
1160 3198 1350 3271 ὥσπερ
1384 3204 1548 3272 αὐτὸς
1597 3187 1845 3280 εἰρήκειν

272 3276 414 3347 εχει,
443 3279 471 3331 δ
502 3279 800 3353 Συναδηνὸς
842 3287 1037 3357 παρὼν
1092 3289 1451 3363 ἑξελεγχέτωο
1493 3298 1611 3353 ἀλλ’
1641 3276 1745 3357 ob}:
1775 3305 1843 3359 ἃν

269 3366 514 3423 δύναιτο.
549 3370 691 3441 Πρὸς
719 3374 816 3442 μὲν
842 3373 953 3427 οὖν,
981 3376 1107 3442 τοὺς
1158 3380 1597 3455 ὀνομαζομένους
1648 3389 1845 3461 ἄρχον-

267 3477 395 3526 τας,
416 3462 466 3517 οἳ
484 3462 824 3534 δικαιότερον
852 3466 919 3521 ἂν
955 3470 1159 3539 μᾶλλον
1188 3473 1500 3544 ἀνδράποδα
1535 3480 1630 3535 καὶ
1662 3483 1843 3541 δοῦλοι

267 3550 548 3620 καλοῖντο,
597 3556 695 3609 καὶ
745 3556 846 3628 τὴν
900 3566 1405 3637 παρακοιμωμένου
1463 3570 1839 3642 ψευδολογίαν,

265 3642 501 3711 ἀρκέσει
549 3646 645 3700 καὶ
677 3646 747 3702 τὰ
797 3651 1066 3720 εἰρημένα
1107 3656 1210 3726 τήν
1258 3674 1320 3712 τε
1367 3659 1556 3718 ἄνοιαν
1614 3665 1842 3725 ἑκείνιον

269 3740 376 3792 καὶ
407 3741 738 3812 φαυλότητα,
774 3763 869 3801 και
898 3748 996 3820 τὴν
1026 3753 1239 3808 ἐκείνου
1267 3757 1574 3828 μοχθηρίαν
1605 3764 1842 3837 ἀπελέγλ

261 3848 410 3933 χειν..
444 3833 587 3904 Πρὸς
630 3835 689 3889 δὲ
717 3837 816 3909 τὴν
844 3841 987 3933 πρὸς
1024 3847 1374 3921 πατριάρχην
1410 3851 1711 3924 ἀπολογίαν
1734 3833 1836 3933 ήδη

260 3924 567 3996 τρέψομαι.
603 3928 702 3984 ’Δν
729 3930 779 3985 δ’
832 3932 937 3987 ὑπὸ
964 3934 1072 3989 τῶν
1095 3937 1274 4009 λόγων
1301 3943 1681 4019 ἀπελέγχηται
1707 3924 1838 4022 ψέυὶ

258 4016 493 4086 δόμενος
526 4019 621 4073 καὶ
666 4022 945 4095 ἐπιορκῶν
976 4027 1165 4098 αὐτὸς,
1201 4032 1296 4086 καὶ
1325 4034 1434 4091 τῶν
1459 4016 1836 4109 αίμάτων-καὶ

256 4106 379 4160 τῶν
428 4108 608 4176 φόνων
637 4111 813 4177 αἴτιος
865 4116 962 4170 καὶ
989 4119 1099 4172 τῶν
1130 4123 1341 4191 μυρίων
1399 4106 1610 4195 κακῶν,
1642 4132 1678 4184 ἃ
1705 4135 1834 4197 τοὺς

257 4196 644 4294 ταλαιπώρους
688 4202 997 4274 Ῥωμαίους
1027 4210 1283 4266 τοσοῦτον
1313 4213 1414 4286 ἤδη
1447 4221 1667 4291 κατέχει
1711 4226 1833 4294 χρό-

257 4306 380 4355 νον,
408 4283 482 4344 ὧν
512 4294 674 4357 αὐτὸς
716 4297 775 4350 ἐν
819 4300 933 4363 τοῖς
964 4300 1289 4372 γράμμασιν
1336 4283 1512 4362 αἴτιον
1542 4283 1640 4381 ἐμὲ
1672 4283 1831 4385 7;};-

1958 3139 2295 3208 privatorum
2353 3155 2507 3194 more
2535 3142 2778 3208 vi-vendi,
2818 3150 2877 3197 ut
2939 3143 3029 3198 ille
3083 3147 3368 3209 mentitur,
3426 3162 3525 3202 vos

1950 3232 2274 3304 judicatote.
2318 3231 2375 3285 Si
2408 3232 2564 3286 aliter
2601 3242 2683 3289 est
2737 3247 2802 3286 ac
2849 3234 2989 3299 dico,
3052 3234 3374 3307 Syuadenns
3433 3237 3523 3292 hic

1955 3337 2192 3393 praesens
2214 3337 2305 3376 me
2334 3322 2565 3385 refellat,
2602 3323 2748 3392 quod
2772 3338 2881 3379 non
2907 3327 3124 3393 poterit.
3160 3328 3242 3382 Ad
3289 3344 3385 3382 eos
3426 3328 3527 3397 igi-
3586 3350 3595 3371 ι
3683 3340 3695 3351 ’

1954 3424 2061 3478 tur,
2098 3415 2188 3483 qui
2215 3415 2510 3468 archontes
2558 3427 2823 3468 vocantur
2860 3416 3082 3485 (melius
3144 3419 3441 3487 mancipia,
3470 3428 3524 3473 et

1952 3507 2093 3562 servi
2120 3506 2552 3577 nominarentur)
2597 3515 2652 3560 et
2715 3506 2782 3560 ad
2846 3506 3326 3576 mendaciloquum
3380 3525 3521 3577 prae-

1952 3598 2153 3652 fectnm
2184 3595 2445 3659 cubiculi,
2479 3596 2544 3648 ad
2574 3595 2831 3659 illorum),
2854 3595 3098 3663 inquam,
3130 3597 3514 3663 stoliditatem,

1949 3698 2005 3744 et
2028 3687 2326 3765 inscitiam,
2359 3697 2416 3742 et
2453 3687 2616 3756 hujus
2652 3687 3073 3755 perversitatem
3093 3689 3515 3761 coarguendam,

1947 3784 2082 3839 satis
2109 3782 2315 3837 dictum
2365 3790 2469 3837 est.
2501 3781 2761 3850 Sequitur
2812 3792 2873 3836 ut
2905 3783 3234 3852 patriarcha
3294 3797 3520 3853 respon-

1946 3875 2153 3929 deam:
2205 3887 2367 3942 quem
2433 3870 2478 3926 si
2532 3871 2876 3936 mendacem,
2926 3887 2992 3926 ac
3050 3872 3354 3942 periurum,
3412 3888 3515 3928 cae-
3584 3903 3596 3917 μ

1945 3964 2225 4032 diumque,
2254 3970 2310 4017 et
2363 3961 2522 4017 ell'usi
2563 3962 2867 4032 sanguinis,
2919 3972 2975 4017 et
3022 3963 3168 4017 mille
3220 3964 3511 4028 malorum,

1945 4070 2065 4126 quae
2091 4036 2336 4110 infelices
2358 4051 2634 4109 Romanos
2669 4054 2860 4109 tandiu
2905 4053 3223 4123 opprimunt
3254 4055 3513 4124 (quorum

1944 4165 2031 4206 me
2058 4158 2283 4219 propter
2314 4147 2529 4218 imperii
2586 4147 2900 4217 cupidinem
2957 4162 3180 4203 causam
3234 4147 3404 4203 fuisse
3455 4147 3511 4202 in

1941 4240 2141 4297 litteris
2167 4243 2626 4305 autumat),reum
2656 4238 2986 4305 probavero,
3011 4254 3081 4292 ne
3111 4238 3181 4293 ob
3231 4253 3353 4292 eam
3387 4253 3513 4306 ιιι-ο-
3612 4294 3619 4297 μ

1942 4333 2241 4396 bationem,
2286 4329 2752 4401 ignominiamque
2783 4324 2869 4383 ad'
2903 4344 2962 4384 se
3026 4343 3093 4382 ex
3152 4328 3339 4383 verbis
3369 4328 3509 4382 meis

263 4381 465 4450 νῆσθαι
492 4382 641 4453 λέγει
674 4387 1092 4460 ἐπιθυμήσαντα
1126 4395 1223 4464 τῆς
1255 4376 1831 4478 βασιλείαςξμὴτὲμοὶ

263 4472 357 4501 ολ..
386 4473 606 4501 ιῖ-υ..-..
650 4479 970 4501 ----Ὶ---ιν-
990 4482 1042 4501 an
1094 4500 1097 4501 ,
1209 4485 1222 4501 ς
1328 4488 1340 4501 ι
1470 4493 1481 4501 .
1573 4493 1585 4501 .
1770 4499 1777 4501 Α

1952 4376 2679 4487 εοιιι
2709 4420 2785 4474 illi
2844 4435 2875 4474 a
2916 4435 3035 4501 quo
3084 4418 3194 4473 huc
3239 4418 3510 4474 deductus

257 4472 357 4526 τὸν
385 4473 606 4545 ἔλεγχον
650 4479 1106 4549 προσλογίζεσθαι
1137 4485 1231 4538 καὶ
1290 4488 1389 4558 τὴν
1427 4472 1693 4567 αίσχύνην
1730 4472 1830 4569 τὴν

256 4565 375 4617 ἀπὸ
403 4566 515 4620 τῶν
546 4566 740 4637 λόγων,
772 4570 887 4624 ἀλλ’
922 4574 1116 4647 ἐκείνῳ
1146 4576 1221 4648 τῷ
1243 4582 1377 4651 πρὸς
1404 4584 1629 4651 τούτους
1647 4565 1831 4644 κατα-

256 4655 545 4724 στήσαντι.
582 4659 750 4728 Λέγει
780 4663 981 4730 τοίνυν,
1015 4665 1089 4730 ὡς
1119 4668 1230 4737 ἐγὼ
1262 4672 1390 4735 τοὺς
1428 4676 1566 4746 πρὸς
1604 4678 1833 4748 βασιλέα

252 4748 460 4816 ὅρκους
483 4751 763 4840 παραϐὰς,
794 4757 886 4808 καὶ
918 4756 1017 4829 τὴν
1042 4758 1364 4835 θαυμαστὴν
1394 4768 1609 4839 ἐκείνην
1640 4773 1828 4840 φιλίαν

254 4838 559 4909 ἀθετήσας,
591 4842 683 4913 ὑφ’
715 4838 786 4918 ἧς
817 4846 971 4917 παρά
1005 4849 1185 4907 πάντα
1210 4853 1301 4907 τὸν
1325 4857 1531 4913 ἐκείνου
1563 4838 1678 4932 βίον
1705 4865 1832 4918 πολ-

253 4929 373 4984 λῶν
426 4932 711 4989 ἀπέλαυσα
743 4939 839 4992 καὶ
892 4941 1146 5010 μεγάλων
1180 4947 1426 5016 ἀγαθῶν,
1463 4929 1830 5010 ὲπεθούλευσα

252 5020 374 5083 τοῖς
397 5023 556 5077 παισὶ
583 5025 678 5078 καὶ
705 5026 939 5098 βασιλίδι
959 5035 1026 5104 τῇ
1044 5038 1258 5107 γαμετῇ
1284 5040 1421 5107 μετά
1432 5040 1528 5109 τὴν
1548 5044 1827 5115 τελευτήν.

161 5123 171 5127 ’
252 5114 325 5167 El
353 5115 454 5183 μὶν
480 5115 574 5170 οὖν
601 5120 894 5177 ἀκολασίαν
919 5128 1239 5197 κατηγόρει,
1265 5130 1629 5202 ἢάσυνεσίαν,
1662 5136 1695 5209 ἢ
1720 5114 1831 5193 δει-

253 5204 458 5298 λίαν,ᾕ
481 5210 664 5264 τιτῶν
686 5211 788 5266 ὅσα
821 5215 958 5287 πρὸς
992 5220 1181 5289 καιρὸν
1207 5220 1320 5291 ἔχει
1345 5225 1445 5293 τὴν
1476 5204 1705 5298 μέμψιν,
1735 5233 1829 5286 καὶ

251 5295 289 5366 ἡ
327 5294 488 5366 ὕϐρις
516 5300 597 5364 είς
623 5301 683 5355 τὺ
709 5304 870 5375 σῶμα
920 5307 1207 5376 διαὸαίνει,
1235 5314 1443 5383 ήνεγκα
1480 5294 1561 5370 ίᾶνν
1584 5294 1707 5391 σιγῇ
1730 5322 1828 5393 τὴν

250 5390 600 5482 κατηγορίαν
628 5394 769 5449 αἰδοῖ
812 5400 879 5468 τῇ
931 5403 1070 5470 πρὸς
1108 5404 1272 5457 αὐτόν
1302 5422 1316 5435 ·
1353 5410 1403 5460 εί
1435 5407 1479 5460 δ’
1541 5390 1828 5482 ἐπιορκίας

246 5476 468 5548 δ;ὠκει,
494 5483 529 5556 ἢ
553 5484 708 5541 οὐδὲν
754 5489 1010 5556 ἀσεσείας
1061 5493 1367 5567 διενήνοχεν
1401 5476 1679 5571 (ἐπιορκία
1700 5505 1829 5577 γὰρ,

1930 4535 2034 4590 est,
2066 4524 2355 4577 irascatur.
2396 4515 2487 4568 Ait
2515 4512 2699 4581 igitur,
2735 4525 2821 4566 me
2839 4511 3156 4580 juramento
3188 4510 3510 4565 Andronico

1933 4609 2249 4688 imperatori
2279 4615 2546 4674 concepto
2581 4602 2965 4669 deﬁcientem,
2993 4592 3054 4658 et
3097 4603 3507 4658 memorabilem

1933 4708 2083 4762 illam
2105 4700 2425 4760 amicitiam,
2458 4711 2524 4751 ex
2558 4710 2666 4764 qua
2688 4694 2867 4764 quoad
2919 4694 3012 4749 ille
3049 4706 3332 4765 superstes
3382 4695 3506 4758 fuit,

1933 4796 2238 4867 complura,
2260 4800 2317 4846 et
2349 4787 2645 4859 singularia
2676 4788 2817 4842 bona
2842 4788 2945 4842 sim
2971 4788 3223 4858 adeptus,
3255 4788 3509 4843 dissuen-

1932 4898 2064 4951 tem,
2092 4894 2212 4956 post
2240 4882 2453 4938 obitum
2483 4881 2661 4945 uxori,
2696 4888 2753 4935 et
2781 4879 2968 4935 liberis
2995 4879 3117 4948 ejus
3151 4879 3378 4933 insidias
3410 4894 3505 4947 pa-

1933 4980 2160 5034 ravisse.
2218 4975 2275 5029 Si
2333 4991 2421 5028 me
2475 4973 2933 5043 intemperantize,
2992 4972 3254 5043 stuporis,
3301 4971 3506 5025 timidio

1937 5067 2085 5129 tatis,
2114 5072 2209 5118 aut
2236 5063 2465 5132 alicujus
2492 5077 2708 5129 eorum,
2745 5077 2866 5130 qua:
2888 5064 3277 5131 temporariam
3302 5060 3505 5115 habent

1940 5154 2447 5226 reprehensionem,
2482 5162 2539 5208 et
2590 5167 2823 5221 quorum
2849 5152 3178 5206 contumelia
3208 5153 3275 5207 ad
3305 5167 3504 5220 corpus

1938 5247 2169 5311 transit,
2210 5253 2526 5310 accusaret,
2591 5257 2692 5312 ego
2736 5242 3136 5298 accusationem
3196 5244 3500 5296 reverentia

1935 5338 2077 5393 illius
2112 5337 2356 5392 tulissem
2396 5336 2611 5390 tacitus.
2649 5333 2784 5398 Quia
2833 5349 2964 5388 vero
2992 5334 3217 5403 periurii
3271 5334 3501 5389 insimu-

1935 5429 2050 5490 lat,
2084 5444 2204 5495 quae
2276 5428 2406 5482 nihil
2462 5426 2530 5479 ab
2600 5423 2877 5493 impietate
2938 5425 3121 5480 diﬂ‘ert
3176 5425 3498 5497 (periurium

1934 5517 2103 5580 enim,
2137 5516 2329 5585 inquit,
2358 5524 2439 5569 est
2469 5514 2682 5584 negatio
2710 5513 2810 5568 Dei
2845 5513 3005 5587 [56]),
3032 5517 3158 5586 quid
3189 5526 3374 5580 restat,
3393 5518 3497 5572 nisi

1484 5621 1701 5681 Jncnlii
1744 5624 2010 5689 Pontani
2036 5637 2220 5691 nota).

331 5699 449 5769 (56‘
482 5701 580 5760 Est
610 5703 662 5759 in
692 5709 977 5764 sententiis
1007 5711 1332 5770 Nazianzeni
1362 5721 1693 5776 tetrastichis
1727 5730 2088 5782 tetrametris:
2214 5735 2219 5741 ’

789 5801 1008 5869 Ὅρκον
1034 5805 1101 5857 δὲ
1155 5808 1335 5878 φεῦγε
1361 5810 1573 5867 πάντα
1610 5812 1733 5880 πῶς
1763 5811 1875 5871 οὖν
1923 5819 2213 5888 πείσομεν
2243 5837 2260 5885 ;
