  <div class='ocr_page' id='page_1' title='image "/cluster/home/n/w/nwhite01/storage/ocr_20150623/153/hvd.32044073502643/589.png"; bbox 0 0 4016 6208; ppageno 0'>
   <div class='ocr_carea' id='block_1_1' title="bbox 604 251 740 317">
    <p class='ocr_par' dir='ltr' id='par_1_1' title="bbox 604 251 740 317">
     <span class='ocr_line' id='line_1_1' title="bbox 604 251 740 317; baseline 0.022 -3"><span class='ocrx_word' id='word_1_1' title='bbox 604 251 740 317; x_wconf 79' lang='grc'><strong>1139</strong></span> 
     </span>
    </p>
   </div>
   <div class='ocr_carea' id='block_1_2' title="bbox 1795 270 3097 367">
    <p class='ocr_par' dir='ltr' id='par_1_2' title="bbox 1795 270 3097 367">
     <span class='ocr_line' id='line_1_2' title="bbox 1795 270 3097 367; baseline 0.014 -37"><span class='ocrx_word' id='word_1_2' title='bbox 1795 270 2117 335; x_wconf 74' lang='lat' dir='ltr'><strong>JOANNIS</strong></span> <span class='ocrx_word' id='word_1_3' title='bbox 2155 273 2680 347; x_wconf 78' lang='lat' dir='ltr'><strong>CANTACUZENI</strong></span> <span class='ocrx_word' id='word_1_4' title='bbox 2722 317 2743 334; x_wconf 80' lang='lat'><strong><em>.</em></strong></span> <span class='ocrx_word' id='word_1_5' title='bbox 2968 342 2975 367; x_wconf 81' lang='grc'><strong>,</strong></span> <span class='ocrx_word' id='word_1_6' title='bbox 3064 304 3097 317; x_wconf 71' lang='grc' dir='ltr'><strong><em>ο</em></strong></span> 
     </span>
    </p>
   </div>
   <div class='ocr_carea' id='block_1_3' title="bbox 3635 296 3740 371">
    <p class='ocr_par' dir='ltr' id='par_1_3' title="bbox 3635 296 3740 371">
     <span class='ocr_line' id='line_1_3' title="bbox 3635 296 3740 371; baseline 0.095 -9"><span class='ocrx_word' id='word_1_7' title='bbox 3635 296 3740 371; x_wconf 69' lang='lat' dir='ltr'><strong>llill</strong></span> 
     </span>
    </p>
   </div>
   <div class='ocr_carea' id='block_1_4' title="bbox 606 376 2192 491">
    <p class='ocr_par' dir='ltr' id='par_1_4' title="bbox 606 376 2172 491">
     <span class='ocr_line' id='line_1_4' title="bbox 606 376 2172 457; baseline 0.011 -29"><span class='ocrx_word' id='word_1_8' title='bbox 606 383 663 428; x_wconf 81' lang='lat' dir='ltr'><strong>ut</strong></span> <span class='ocrx_word' id='word_1_9' title='bbox 699 376 913 446; x_wconf 76' lang='lat' dir='ltr'><strong>objecta</strong></span> <span class='ocrx_word' id='word_1_10' title='bbox 943 378 1174 434; x_wconf 82' lang='lat' dir='ltr'><strong>crimina</strong></span> <span class='ocrx_word' id='word_1_11' title='bbox 1213 381 1452 437; x_wconf 85' lang='lat' dir='ltr'><strong>reiellam</strong></span> <span class='ocrx_word' id='word_1_12' title='bbox 1493 382 1685 449; x_wconf 79' lang='lat' dir='ltr'><strong>libere,</strong></span> <span class='ocrx_word' id='word_1_13' title='bbox 1722 386 2015 457; x_wconf 90' lang='lat' dir='ltr'><strong>ipsumque</strong></span> <span class='ocrx_word' id='word_1_14' title='bbox 2051 398 2172 445; x_wconf 88' lang='lat' dir='ltr'><strong>tan-</strong></span> 
     </span>
     <span class='ocr_line' id='line_1_5' title="bbox 606 470 2055 491; baseline 0.011 -8"><span class='ocrx_word' id='word_1_15' title='bbox 606 475 715 491; x_wconf 48' lang='grc' dir='ltr'><strong>,ηη</strong></span> <span class='ocrx_word' id='word_1_16' title='bbox 754 483 870 491; x_wconf 53' lang='grc' dir='ltr'><strong>μ--</strong></span> <span class='ocrx_word' id='word_1_17' title='bbox 911 470 1148 491; x_wconf 63' lang='lat'><strong>_-_,___,-</strong></span> <span class='ocrx_word' id='word_1_18' title='bbox 1182 470 1496 491; x_wconf 45' lang='grc' dir='ltr'>εωιωμμ</span> <span class='ocrx_word' id='word_1_19' title='bbox 1580 490 1583 491; x_wconf 32' lang='grc' dir='ltr'><strong>ν</strong></span> <span class='ocrx_word' id='word_1_20' title='bbox 1719 484 1732 491; x_wconf 81' lang='grc'><strong>-</strong></span> <span class='ocrx_word' id='word_1_21' title='bbox 2040 481 2055 491; x_wconf 93' lang='grc'><strong><em>-</em></strong></span> 
     </span>
    </p>
   </div>
   <div class='ocr_carea' id='block_1_5' title="bbox 2149 376 3735 491">
    <p class='ocr_par' dir='ltr' id='par_1_5' title="bbox 2149 388 3735 491">
     <span class='ocr_line' id='line_1_6' title="bbox 2149 388 3735 491; baseline 0.028 -60"><span class='ocrx_word' id='word_1_22' title='bbox 2149 421 2172 431; x_wconf 90' lang='grc'><strong>-</strong></span> <span class='ocrx_word' id='word_1_23' title='bbox 2197 391 2246 453; x_wconf 64' lang='grc' dir='ltr'>Α</span> <span class='ocrx_word' id='word_1_24' title='bbox 2277 400 2466 466; x_wconf 58' lang='grc' dir='ltr'>φησὶν,</span> <span class='ocrx_word' id='word_1_25' title='bbox 2499 401 2731 471; x_wconf 73' lang='grc' dir='ltr'>ἄρνησις</span> <span class='ocrx_word' id='word_1_26' title='bbox 2744 388 2949 476; x_wconf 61' lang='grc' dir='ltr'>Ἐεοῦ),</span> <span class='ocrx_word' id='word_1_27' title='bbox 2970 404 3024 459; x_wconf 83' lang='grc' dir='ltr'><strong>τί</strong></span> <span class='ocrx_word' id='word_1_28' title='bbox 3061 404 3261 472; x_wconf 69' lang='grc' dir='ltr'>λοιπὸν,</span> <span class='ocrx_word' id='word_1_29' title='bbox 3289 410 3320 480; x_wconf 79' lang='grc' dir='ltr'>ἢ</span> <span class='ocrx_word' id='word_1_30' title='bbox 3347 410 3471 480; x_wconf 83' lang='grc' dir='ltr'><strong>μετά</strong></span> <span class='ocrx_word' id='word_1_31' title='bbox 3500 419 3735 491; x_wconf 76' lang='grc' dir='ltr'>παρῤησίας</span> 
     </span>
    </p>
   </div>
   <div class='ocr_carea' id='block_1_6' title="bbox 602 470 2170 545">
    <p class='ocr_par' dir='ltr' id='par_1_6' title="bbox 602 470 2170 545">
     <span class='ocr_line' id='line_1_7' title="bbox 602 470 2170 545; baseline 0.009 -22"><span class='ocrx_word' id='word_1_32' title='bbox 602 475 873 523; x_wconf 77' lang='lat' dir='ltr'><strong>tum.esse</strong></span> <span class='ocrx_word' id='word_1_33' title='bbox 911 470 1154 540; x_wconf 84' lang='lat' dir='ltr'><strong>periurio</strong></span> <span class='ocrx_word' id='word_1_34' title='bbox 1181 470 1528 543; x_wconf 74' lang='lat' dir='ltr'><strong>implicitum,</strong></span> <span class='ocrx_word' id='word_1_35' title='bbox 1566 484 1830 545; x_wconf 86' lang='lat' dir='ltr'><strong>quantum</strong></span> <span class='ocrx_word' id='word_1_36' title='bbox 1868 494 1956 534; x_wconf 89' lang='lat' dir='ltr'><strong>me</strong></span> <span class='ocrx_word' id='word_1_37' title='bbox 2007 481 2076 537; x_wconf 90' lang='lat' dir='ltr'><strong>ab</strong></span> <span class='ocrx_word' id='word_1_38' title='bbox 2102 497 2170 537; x_wconf 90' lang='lat' dir='ltr'><strong>eo</strong></span> 
     </span>
    </p>
   </div>
   <div class='ocr_carea' id='block_1_7' title="bbox 602 562 2173 640">
    <p class='ocr_par' dir='ltr' id='par_1_7' title="bbox 602 562 2173 640">
     <span class='ocr_line' id='line_1_8' title="bbox 602 562 2173 640; baseline 0.007 -21"><span class='ocrx_word' id='word_1_39' title='bbox 602 563 912 632; x_wconf 80' lang='lat' dir='ltr'><strong>seiunctum</strong></span> <span class='ocrx_word' id='word_1_40' title='bbox 933 562 1299 619; x_wconf 80' lang='lat' dir='ltr'><strong>demonstrem</strong></span> <span class='ocrx_word' id='word_1_41' title='bbox 1316 565 1340 619; x_wconf 86' lang='lat'><strong>?</strong></span> <span class='ocrx_word' id='word_1_42' title='bbox 1356 564 1510 632; x_wconf 86' lang='lat' dir='ltr'><strong>Quod</strong></span> <span class='ocrx_word' id='word_1_43' title='bbox 1532 567 1694 640; x_wconf 82' lang='lat' dir='ltr'><strong>igitur</strong></span> <span class='ocrx_word' id='word_1_44' title='bbox 1705 568 1896 626; x_wconf 88' lang='lat' dir='ltr'><strong>attinet</strong></span> <span class='ocrx_word' id='word_1_45' title='bbox 1913 571 1979 627; x_wconf 89' lang='lat' dir='ltr'><strong>ad</strong></span> <span class='ocrx_word' id='word_1_46' title='bbox 2002 573 2173 630; x_wconf 65' lang='lat' dir='ltr'><strong>beata</strong></span> 
     </span>
    </p>
   </div>
   <div class='ocr_carea' id='block_1_8' title="bbox 607 655 2172 725">
    <p class='ocr_par' dir='ltr' id='par_1_8' title="bbox 607 655 2172 725">
     <span class='ocr_line' id='line_1_9' title="bbox 607 655 2172 725; baseline 0.007 -16"><span class='ocrx_word' id='word_1_47' title='bbox 607 655 888 710; x_wconf 70' lang='lat' dir='ltr'><strong>memoriae</strong></span> <span class='ocrx_word' id='word_1_48' title='bbox 937 655 1320 725; x_wconf 77' lang='lat' dir='ltr'><strong>imperatorem</strong></span> <span class='ocrx_word' id='word_1_49' title='bbox 1366 656 1540 721; x_wconf 87' lang='lat' dir='ltr'><strong>illum,</strong></span> <span class='ocrx_word' id='word_1_50' title='bbox 1593 658 1837 715; x_wconf 91' lang='lat' dir='ltr'><strong>omnium</strong></span> <span class='ocrx_word' id='word_1_51' title='bbox 1876 663 2011 719; x_wconf 84' lang='lat' dir='ltr'><strong>mihi</strong></span> <span class='ocrx_word' id='word_1_52' title='bbox 2040 666 2172 720; x_wconf 88' lang='lat' dir='ltr'><strong>cha-</strong></span> 
     </span>
    </p>
   </div>
   <div class='ocr_carea' id='block_1_9' title="bbox 599 744 2169 826">
    <p class='ocr_par' dir='ltr' id='par_1_9' title="bbox 599 744 2169 826">
     <span class='ocr_line' id='line_1_10' title="bbox 599 744 2169 826; baseline 0.008 -27"><span class='ocrx_word' id='word_1_53' title='bbox 599 744 904 810; x_wconf 83' lang='lat' dir='ltr'><strong>rissimum,</strong></span> <span class='ocrx_word' id='word_1_54' title='bbox 954 755 1009 802; x_wconf 87' lang='lat' dir='ltr'><strong>et</strong></span> <span class='ocrx_word' id='word_1_55' title='bbox 1044 748 1162 817; x_wconf 90' lang='lat' dir='ltr'><strong>ipsa</strong></span> <span class='ocrx_word' id='word_1_56' title='bbox 1189 747 1367 801; x_wconf 88' lang='lat' dir='ltr'><strong>anima</strong></span> <span class='ocrx_word' id='word_1_57' title='bbox 1399 763 1519 804; x_wconf 87' lang='lat' dir='ltr'><strong>mea</strong></span> <span class='ocrx_word' id='word_1_58' title='bbox 1558 750 1938 819; x_wconf 84' lang='lat' dir='ltr'><strong>pretiosiorem</strong></span> <span class='ocrx_word' id='word_1_59' title='bbox 1985 755 2169 826; x_wconf 86' lang='lat' dir='ltr'><strong>(quem</strong></span> 
     </span>
    </p>
   </div>
   <div class='ocr_carea' id='block_1_10' title="bbox 601 837 2173 914">
    <p class='ocr_par' dir='ltr' id='par_1_10' title="bbox 601 837 2173 914">
     <span class='ocr_line' id='line_1_11' title="bbox 601 837 2173 914; baseline 0.01 -24"><span class='ocrx_word' id='word_1_60' title='bbox 601 843 660 890; x_wconf 90' lang='lat' dir='ltr'><strong>et</strong></span> <span class='ocrx_word' id='word_1_61' title='bbox 689 837 965 892; x_wconf 78' lang='lat' dir='ltr'><strong>viventem</strong></span> <span class='ocrx_word' id='word_1_62' title='bbox 1011 838 1433 908; x_wconf 88' lang='lat' dir='ltr'><strong>complectebar,</strong></span> <span class='ocrx_word' id='word_1_63' title='bbox 1462 848 1516 896; x_wconf 90' lang='lat' dir='ltr'><strong>et</strong></span> <span class='ocrx_word' id='word_1_64' title='bbox 1556 842 1804 912; x_wconf 80' lang='lat' dir='ltr'><strong>quemvis</strong></span> <span class='ocrx_word' id='word_1_65' title='bbox 1856 860 1955 914; x_wconf 90' lang='lat' dir='ltr'><strong>pro</strong></span> <span class='ocrx_word' id='word_1_66' title='bbox 1993 862 2060 903; x_wconf 90' lang='lat' dir='ltr'><strong>eo</strong></span> <span class='ocrx_word' id='word_1_67' title='bbox 2092 849 2173 904; x_wconf 91' lang='lat' dir='ltr'><strong>la-</strong></span> 
     </span>
    </p>
   </div>
   <div class='ocr_carea' id='block_1_11' title="bbox 600 923 2172 1003">
    <p class='ocr_par' dir='ltr' id='par_1_11' title="bbox 600 923 2172 1003">
     <span class='ocr_line' id='line_1_12' title="bbox 600 923 2172 1003; baseline 0.011 -25"><span class='ocrx_word' id='word_1_68' title='bbox 600 923 788 978; x_wconf 87' lang='lat' dir='ltr'><strong>borem</strong></span> <span class='ocrx_word' id='word_1_69' title='bbox 817 924 1043 979; x_wconf 87' lang='lat' dir='ltr'><strong>delicias</strong></span> <span class='ocrx_word' id='word_1_70' title='bbox 1073 926 1413 999; x_wconf 86' lang='lat' dir='ltr'><strong>reputabam,</strong></span> <span class='ocrx_word' id='word_1_71' title='bbox 1457 930 1724 1003; x_wconf 85' lang='lat' dir='ltr'><strong>cujusque</strong></span> <span class='ocrx_word' id='word_1_72' title='bbox 1746 933 1990 992; x_wconf 78' lang='lat' dir='ltr'><strong>defuncti</strong></span> <span class='ocrx_word' id='word_1_73' title='bbox 2010 937 2172 996; x_wconf 90' lang='lat' dir='ltr'><strong>inde-</strong></span> 
     </span>
    </p>
   </div>
   <div class='ocr_carea' id='block_1_12' title="bbox 599 1013 2171 1095">
    <p class='ocr_par' dir='ltr' id='par_1_12' title="bbox 599 1013 2171 1095">
     <span class='ocr_line' id='line_1_13' title="bbox 599 1013 2171 1095; baseline 0.013 -28"><span class='ocrx_word' id='word_1_74' title='bbox 599 1013 816 1068; x_wconf 85' lang='lat' dir='ltr'><strong>lebilem</strong></span> <span class='ocrx_word' id='word_1_75' title='bbox 874 1015 1191 1071; x_wconf 85' lang='lat' dir='ltr'><strong>memoriam</strong></span> <span class='ocrx_word' id='word_1_76' title='bbox 1223 1017 1569 1092; x_wconf 79' lang='lat' dir='ltr'><strong>circumfero)</strong></span> <span class='ocrx_word' id='word_1_77' title='bbox 1620 1038 1800 1094; x_wconf 89' lang='lat' dir='ltr'><strong>neque</strong></span> <span class='ocrx_word' id='word_1_78' title='bbox 1837 1026 2052 1095; x_wconf 90' lang='lat' dir='ltr'><strong>iurasse</strong></span> <span class='ocrx_word' id='word_1_79' title='bbox 2086 1046 2171 1087; x_wconf 88' lang='lat' dir='ltr'><strong>me</strong></span> 
     </span>
    </p>
   </div>
   <div class='ocr_carea' id='block_1_13' title="bbox 599 1105 2170 1194">
    <p class='ocr_par' dir='ltr' id='par_1_13' title="bbox 599 1105 2170 1194">
     <span class='ocr_line' id='line_1_14' title="bbox 599 1105 2170 1194; baseline 0.013 -35"><span class='ocrx_word' id='word_1_80' title='bbox 599 1105 679 1162; x_wconf 89' lang='lat' dir='ltr'><strong>illi</strong></span> <span class='ocrx_word' id='word_1_81' title='bbox 730 1105 984 1174; x_wconf 78' lang='lat' dir='ltr'><strong>dixerim,</strong></span> <span class='ocrx_word' id='word_1_82' title='bbox 1032 1124 1211 1179; x_wconf 90' lang='lat' dir='ltr'><strong>neque</strong></span> <span class='ocrx_word' id='word_1_83' title='bbox 1264 1110 1586 1182; x_wconf 82' lang='lat' dir='ltr'><strong>peierasse;</strong></span> <span class='ocrx_word' id='word_1_84' title='bbox 1618 1115 1886 1185; x_wconf 86' lang='lat' dir='ltr'><strong>siquidem</strong></span> <span class='ocrx_word' id='word_1_85' title='bbox 1922 1135 1995 1176; x_wconf 89' lang='lat' dir='ltr'><strong>ne</strong></span> <span class='ocrx_word' id='word_1_86' title='bbox 2037 1124 2170 1194; x_wconf 93' lang='lat' dir='ltr'><strong>quid</strong></span> 
     </span>
    </p>
   </div>
   <div class='ocr_carea' id='block_1_14' title="bbox 599 1197 2172 1279">
    <p class='ocr_par' dir='ltr' id='par_1_14' title="bbox 599 1197 2172 1279">
     <span class='ocr_line' id='line_1_15' title="bbox 599 1197 2172 1279; baseline 0.011 -27"><span class='ocrx_word' id='word_1_87' title='bbox 599 1197 669 1252; x_wconf 90' lang='lat' dir='ltr'><strong>de</strong></span> <span class='ocrx_word' id='word_1_88' title='bbox 733 1213 823 1253; x_wconf 89' lang='lat' dir='ltr'><strong>me</strong></span> <span class='ocrx_word' id='word_1_89' title='bbox 878 1199 1167 1255; x_wconf 89' lang='lat' dir='ltr'><strong>sinistrum</strong></span> <span class='ocrx_word' id='word_1_90' title='bbox 1229 1204 1624 1273; x_wconf 86' lang='lat' dir='ltr'><strong>suspicaretur,</strong></span> <span class='ocrx_word' id='word_1_91' title='bbox 1682 1210 2005 1279; x_wconf 87' lang='lat' dir='ltr'><strong>iuramentis</strong></span> <span class='ocrx_word' id='word_1_92' title='bbox 2035 1217 2172 1272; x_wconf 82' lang='lat' dir='ltr'><strong>meis</strong></span> 
     </span>
    </p>
   </div>
   <div class='ocr_carea' id='block_1_15' title="bbox 597 1289 2171 1365">
    <p class='ocr_par' dir='ltr' id='par_1_15' title="bbox 597 1289 2171 1365">
     <span class='ocr_line' id='line_1_16' title="bbox 597 1289 2171 1365; baseline 0.015 -25"><span class='ocrx_word' id='word_1_93' title='bbox 597 1302 879 1358; x_wconf 87' lang='lat' dir='ltr'><strong>nunquam</strong></span> <span class='ocrx_word' id='word_1_94' title='bbox 914 1289 1165 1360; x_wconf 82' lang='lat' dir='ltr'><strong>indiguit,</strong></span> <span class='ocrx_word' id='word_1_95' title='bbox 1197 1309 1321 1348; x_wconf 88' lang='lat' dir='ltr'><strong>cum</strong></span> <span class='ocrx_word' id='word_1_96' title='bbox 1366 1297 1707 1365; x_wconf 67' lang='lat' dir='ltr'><strong>quotidianae</strong></span> <span class='ocrx_word' id='word_1_97' title='bbox 1760 1305 2007 1361; x_wconf 86' lang='lat' dir='ltr'><strong>actiones</strong></span> <span class='ocrx_word' id='word_1_98' title='bbox 2036 1324 2171 1364; x_wconf 65' lang='lat' dir='ltr'><strong>meat</strong></span> 
     </span>
    </p>
   </div>
   <div class='ocr_carea' id='block_1_16' title="bbox 603 1380 2168 1467">
    <p class='ocr_par' dir='ltr' id='par_1_16' title="bbox 603 1380 2168 1467">
     <span class='ocr_line' id='line_1_17' title="bbox 603 1380 2168 1467; baseline 0.015 -33"><span class='ocrx_word' id='word_1_99' title='bbox 603 1380 673 1435; x_wconf 89' lang='lat' dir='ltr'><strong>ad</strong></span> <span class='ocrx_word' id='word_1_100' title='bbox 716 1380 903 1446; x_wconf 81' lang='lat' dir='ltr'><strong>fidem,</strong></span> <span class='ocrx_word' id='word_1_101' title='bbox 955 1392 1009 1438; x_wconf 87' lang='lat' dir='ltr'><strong>et</strong></span> <span class='ocrx_word' id='word_1_102' title='bbox 1035 1399 1353 1453; x_wconf 88' lang='lat' dir='ltr'><strong>germanum</strong></span> <span class='ocrx_word' id='word_1_103' title='bbox 1384 1404 1623 1449; x_wconf 86' lang='lat' dir='ltr'><strong>amorem</strong></span> <span class='ocrx_word' id='word_1_104' title='bbox 1652 1410 1831 1448; x_wconf 88' lang='lat' dir='ltr'><strong>meum</strong></span> <span class='ocrx_word' id='word_1_105' title='bbox 1864 1412 1988 1467; x_wconf 86' lang='lat' dir='ltr'><strong>erga</strong></span> <span class='ocrx_word' id='word_1_106' title='bbox 2020 1399 2168 1456; x_wconf 86' lang='lat' dir='ltr'><strong>illum</strong></span> 
     </span>
    </p>
   </div>
   <div class='ocr_carea' id='block_1_17' title="bbox 598 1471 2169 1549">
    <p class='ocr_par' dir='ltr' id='par_1_17' title="bbox 598 1471 2169 1549">
     <span class='ocr_line' id='line_1_18' title="bbox 598 1471 2169 1549; baseline 0.016 -26"><span class='ocrx_word' id='word_1_107' title='bbox 598 1471 965 1541; x_wconf 89' lang='lat' dir='ltr'><strong>prodendum,</strong></span> <span class='ocrx_word' id='word_1_108' title='bbox 997 1474 1143 1530; x_wconf 89' lang='lat' dir='ltr'><strong>mille</strong></span> <span class='ocrx_word' id='word_1_109' title='bbox 1169 1476 1499 1547; x_wconf 84' lang='lat' dir='ltr'><strong>juramettlis</strong></span> <span class='ocrx_word' id='word_1_110' title='bbox 1525 1485 1930 1546; x_wconf 77' lang='lat' dir='ltr'><strong>antecellerent.</strong></span> <span class='ocrx_word' id='word_1_111' title='bbox 1959 1490 2169 1549; x_wconf 84' lang='lat' dir='ltr'><strong>Etenim</strong></span> 
     </span>
    </p>
   </div>
   <div class='ocr_carea' id='block_1_18' title="bbox 600 1567 2170 1654">
    <p class='ocr_par' dir='ltr' id='par_1_18' title="bbox 600 1567 2170 1654">
     <span class='ocr_line' id='line_1_19' title="bbox 600 1567 2170 1654; baseline 0.015 -38"><span class='ocrx_word' id='word_1_112' title='bbox 600 1577 849 1629; x_wconf 89' lang='lat' dir='ltr'><strong>noneos,</strong></span> <span class='ocrx_word' id='word_1_113' title='bbox 874 1579 903 1616; x_wconf 90' lang='lat' dir='ltr'><strong>a</strong></span> <span class='ocrx_word' id='word_1_114' title='bbox 930 1567 1130 1635; x_wconf 88' lang='lat' dir='ltr'><strong>quibus</strong></span> <span class='ocrx_word' id='word_1_115' title='bbox 1153 1584 1318 1638; x_wconf 82' lang='lat' dir='ltr'><strong>grave</strong></span> <span class='ocrx_word' id='word_1_116' title='bbox 1342 1572 1414 1626; x_wconf 87' lang='lat' dir='ltr'><strong>nil</strong></span> <span class='ocrx_word' id='word_1_117' title='bbox 1446 1574 1721 1643; x_wconf 83' lang='lat' dir='ltr'><strong>timemus,</strong></span> <span class='ocrx_word' id='word_1_118' title='bbox 1740 1580 1834 1634; x_wconf 90' lang='lat' dir='ltr'><strong>sed</strong></span> <span class='ocrx_word' id='word_1_119' title='bbox 1853 1581 2019 1654; x_wconf 71' lang='grc'><strong>604</strong></span> <span class='ocrx_word' id='word_1_120' title='bbox 2043 1586 2170 1654; x_wconf 88' lang='lat' dir='ltr'><strong>qui-</strong></span> 
     </span>
    </p>
   </div>
   <div class='ocr_carea' id='block_1_19' title="bbox 596 1653 2171 1741">
    <p class='ocr_par' dir='ltr' id='par_1_19' title="bbox 596 1653 2171 1741">
     <span class='ocr_line' id='line_1_20' title="bbox 596 1653 2171 1741; baseline 0.015 -33"><span class='ocrx_word' id='word_1_121' title='bbox 596 1653 700 1708; x_wconf 88' lang='lat' dir='ltr'><strong>bus</strong></span> <span class='ocrx_word' id='word_1_122' title='bbox 730 1656 971 1712; x_wconf 78' lang='lat' dir='ltr'><strong>maxime</strong></span> <span class='ocrx_word' id='word_1_123' title='bbox 998 1657 1299 1717; x_wconf 78' lang='lat' dir='ltr'><strong>diﬂidimus</strong></span> <span class='ocrx_word' id='word_1_124' title='bbox 1319 1665 1385 1719; x_wconf 91' lang='lat' dir='ltr'><strong>ad</strong></span> <span class='ocrx_word' id='word_1_125' title='bbox 1403 1664 1697 1735; x_wconf 79' lang='lat' dir='ltr'><strong>iurandum</strong></span> <span class='ocrx_word' id='word_1_126' title='bbox 1718 1686 1914 1741; x_wconf 86' lang='lat' dir='ltr'><strong>cogere</strong></span> <span class='ocrx_word' id='word_1_127' title='bbox 1938 1653 2171 1731; x_wconf 83' lang='lat' dir='ltr'><strong>consue-</strong></span> 
     </span>
    </p>
   </div>
   <div class='ocr_carea' id='block_1_20' title="bbox 595 1745 2172 1824">
    <p class='ocr_par' dir='ltr' id='par_1_20' title="bbox 595 1745 2172 1824">
     <span class='ocr_line' id='line_1_21' title="bbox 595 1745 2172 1824; baseline 0.016 -25"><span class='ocrx_word' id='word_1_128' title='bbox 595 1745 801 1802; x_wconf 84' lang='lat' dir='ltr'><strong>vimus.</strong></span> <span class='ocrx_word' id='word_1_129' title='bbox 834 1748 958 1803; x_wconf 85' lang='lat' dir='ltr'><strong>Non</strong></span> <span class='ocrx_word' id='word_1_130' title='bbox 998 1758 1178 1805; x_wconf 89' lang='lat' dir='ltr'><strong>tamen</strong></span> <span class='ocrx_word' id='word_1_131' title='bbox 1247 1766 1536 1824; x_wconf 87' lang='lat' dir='ltr'><strong>propterea</strong></span> <span class='ocrx_word' id='word_1_132' title='bbox 1595 1760 1917 1819; x_wconf 85' lang='lat' dir='ltr'><strong>criminibus</strong></span> <span class='ocrx_word' id='word_1_133' title='bbox 1938 1782 2023 1823; x_wconf 91' lang='lat' dir='ltr'><strong>me</strong></span> <span class='ocrx_word' id='word_1_134' title='bbox 2072 1771 2172 1823; x_wconf 81' lang='lat' dir='ltr'><strong>ab-</strong></span> 
     </span>
    </p>
   </div>
   <div class='ocr_carea' id='block_1_21' title="bbox 598 1839 2175 1926">
    <p class='ocr_par' dir='ltr' id='par_1_21' title="bbox 598 1839 2175 1926">
     <span class='ocr_line' id='line_1_22' title="bbox 598 1839 2175 1926; baseline 0.015 -32"><span class='ocrx_word' id='word_1_135' title='bbox 598 1839 738 1894; x_wconf 69' lang='lat' dir='ltr'><strong>servi</strong></span> <span class='ocrx_word' id='word_1_136' title='bbox 801 1840 944 1907; x_wconf 91' lang='lat' dir='ltr'><strong>volo,</strong></span> <span class='ocrx_word' id='word_1_137' title='bbox 978 1842 1025 1897; x_wconf 91' lang='lat' dir='ltr'><strong>si</strong></span> <span class='ocrx_word' id='word_1_138' title='bbox 1066 1843 1284 1899; x_wconf 87' lang='lat' dir='ltr'><strong>interim</strong></span> <span class='ocrx_word' id='word_1_139' title='bbox 1322 1848 1469 1903; x_wconf 91' lang='lat' dir='ltr'><strong>illius</strong></span> <span class='ocrx_word' id='word_1_140' title='bbox 1509 1850 1632 1908; x_wconf 81' lang='lat' dir='ltr'><strong>filiis</strong></span> <span class='ocrx_word' id='word_1_141' title='bbox 1677 1863 1803 1924; x_wconf 91' lang='lat' dir='ltr'><strong>post</strong></span> <span class='ocrx_word' id='word_1_142' title='bbox 1831 1856 1951 1926; x_wconf 84' lang='lat' dir='ltr'><strong>ejus</strong></span> <span class='ocrx_word' id='word_1_143' title='bbox 1978 1875 2009 1914; x_wconf 91' lang='lat' dir='ltr'><strong>e</strong></span> <span class='ocrx_word' id='word_1_144' title='bbox 2064 1862 2175 1917; x_wconf 89' lang='lat' dir='ltr'><strong>vita</strong></span> 
     </span>
    </p>
   </div>
   <div class='ocr_carea' id='block_1_22' title="bbox 600 1928 2175 2023">
    <p class='ocr_par' dir='ltr' id='par_1_22' title="bbox 600 1928 2175 2023">
     <span class='ocr_line' id='line_1_23' title="bbox 600 1928 2175 2023; baseline 0.016 -40"><span class='ocrx_word' id='word_1_145' title='bbox 600 1928 911 1988; x_wconf 83' lang='lat' dir='ltr'><strong>discessum</strong></span> <span class='ocrx_word' id='word_1_146' title='bbox 972 1935 1262 1992; x_wconf 87' lang='lat' dir='ltr'><strong>insidiatus</strong></span> <span class='ocrx_word' id='word_1_147' title='bbox 1296 1939 1500 1996; x_wconf 89' lang='lat' dir='ltr'><strong>videar.</strong></span> <span class='ocrx_word' id='word_1_148' title='bbox 1541 1943 1799 2016; x_wconf 69' lang='lat' dir='ltr'><strong>Peraeque</strong></span> <span class='ocrx_word' id='word_1_149' title='bbox 1843 1951 1988 2004; x_wconf 89' lang='lat' dir='ltr'><strong>enim</strong></span> <span class='ocrx_word' id='word_1_150' title='bbox 2034 1953 2175 2023; x_wconf 89' lang='lat' dir='ltr'><strong>inju-</strong></span> 
     </span>
    </p>
   </div>
   <div class='ocr_carea' id='block_1_23' title="bbox 600 2023 2176 2110">
    <p class='ocr_par' dir='ltr' id='par_1_23' title="bbox 600 2023 2176 2110">
     <span class='ocr_line' id='line_1_24' title="bbox 600 2023 2176 2110; baseline 0.014 -33"><span class='ocrx_word' id='word_1_151' title='bbox 600 2023 768 2078; x_wconf 82' lang='lat' dir='ltr'><strong>stitiae</strong></span> <span class='ocrx_word' id='word_1_152' title='bbox 799 2024 959 2096; x_wconf 88' lang='lat' dir='ltr'><strong>culpa</strong></span> <span class='ocrx_word' id='word_1_153' title='bbox 992 2037 1235 2096; x_wconf 83' lang='lat' dir='ltr'><strong>tenetur,</strong></span> <span class='ocrx_word' id='word_1_154' title='bbox 1266 2029 1311 2084; x_wconf 88' lang='lat' dir='ltr'><strong>si</strong></span> <span class='ocrx_word' id='word_1_155' title='bbox 1336 2032 1458 2101; x_wconf 91' lang='lat' dir='ltr'><strong>quis</strong></span> <span class='ocrx_word' id='word_1_156' title='bbox 1488 2033 1780 2110; x_wconf 79' lang='lat' dir='ltr'><strong>iniuratus,</strong></span> <span class='ocrx_word' id='word_1_157' title='bbox 1809 2047 1867 2093; x_wconf 92' lang='lat' dir='ltr'><strong>ut</strong></span> <span class='ocrx_word' id='word_1_158' title='bbox 1887 2039 1933 2095; x_wconf 93' lang='lat' dir='ltr'><strong>si</strong></span> <span class='ocrx_word' id='word_1_159' title='bbox 1959 2043 2176 2110; x_wconf 83' lang='lat' dir='ltr'><strong>iuratus</strong></span> 
     </span>
    </p>
   </div>
   <div class='ocr_carea' id='block_1_24' title="bbox 600 2113 2177 2196">
    <p class='ocr_par' dir='ltr' id='par_1_24' title="bbox 600 2113 2177 2196">
     <span class='ocr_line' id='line_1_25' title="bbox 600 2113 2177 2196; baseline 0.014 -29"><span class='ocrx_word' id='word_1_160' title='bbox 600 2113 809 2182; x_wconf 88' lang='lat' dir='ltr'><strong>injuste</strong></span> <span class='ocrx_word' id='word_1_161' title='bbox 852 2118 1049 2186; x_wconf 83' lang='lat' dir='ltr'><strong>egerit.</strong></span> <span class='ocrx_word' id='word_1_162' title='bbox 1083 2118 1191 2174; x_wconf 85' lang='lat' dir='ltr'><strong>Sed</strong></span> <span class='ocrx_word' id='word_1_163' title='bbox 1232 2122 1337 2176; x_wconf 78' lang='lat' dir='ltr'><strong>ltoc</strong></span> <span class='ocrx_word' id='word_1_164' title='bbox 1371 2124 1532 2191; x_wconf 82' lang='lat' dir='ltr'><strong>quale</strong></span> <span class='ocrx_word' id='word_1_165' title='bbox 1574 2126 1668 2193; x_wconf 89' lang='lat' dir='ltr'><strong>sit,</strong></span> <span class='ocrx_word' id='word_1_166' title='bbox 1720 2138 1842 2196; x_wconf 87' lang='lat' dir='ltr'><strong>post</strong></span> <span class='ocrx_word' id='word_1_167' title='bbox 1890 2131 2177 2189; x_wconf 85' lang='lat' dir='ltr'><strong>refutatio-</strong></span> 
     </span>
    </p>
   </div>
   <div class='ocr_carea' id='block_1_25' title="bbox 597 2207 2176 2280">
    <p class='ocr_par' dir='ltr' id='par_1_25' title="bbox 597 2207 2176 2280">
     <span class='ocr_line' id='line_1_26' title="bbox 597 2207 2176 2280; baseline 0.014 -22"><span class='ocrx_word' id='word_1_168' title='bbox 597 2220 723 2259; x_wconf 88' lang='lat' dir='ltr'><strong>nem</strong></span> <span class='ocrx_word' id='word_1_169' title='bbox 753 2207 953 2277; x_wconf 86' lang='lat' dir='ltr'><strong>objeeti</strong></span> <span class='ocrx_word' id='word_1_170' title='bbox 988 2208 1289 2277; x_wconf 86' lang='lat' dir='ltr'><strong>iuramenti</strong></span> <span class='ocrx_word' id='word_1_171' title='bbox 1317 2213 1794 2272; x_wconf 82' lang='lat' dir='ltr'><strong>considerabimus</strong></span> <span class='ocrx_word' id='word_1_172' title='bbox 1823 2220 1849 2274; x_wconf 73' lang='grc' dir='ltr'>ι’</span> <span class='ocrx_word' id='word_1_173' title='bbox 1875 2237 2021 2277; x_wconf 91' lang='lat' dir='ltr'><strong>nunc</strong></span> <span class='ocrx_word' id='word_1_174' title='bbox 2071 2224 2176 2280; x_wconf 91' lang='lat' dir='ltr'><strong>hoc</strong></span> 
     </span>
    </p>
   </div>
   <div class='ocr_carea' id='block_1_26' title="bbox 596 2297 2176 2385">
    <p class='ocr_par' dir='ltr' id='par_1_26' title="bbox 596 2297 2176 2385">
     <span class='ocr_line' id='line_1_27' title="bbox 596 2297 2176 2385; baseline 0.013 -35"><span class='ocrx_word' id='word_1_175' title='bbox 596 2297 776 2366; x_wconf 87' lang='lat' dir='ltr'><strong>ipsum</strong></span> <span class='ocrx_word' id='word_1_176' title='bbox 838 2300 1207 2369; x_wconf 76' lang='lat' dir='ltr'><strong>patriarcliam</strong></span> <span class='ocrx_word' id='word_1_177' title='bbox 1264 2304 1600 2363; x_wconf 85' lang='lat' dir='ltr'><strong>calumniose</strong></span> <span class='ocrx_word' id='word_1_178' title='bbox 1647 2312 1863 2366; x_wconf 88' lang='lat' dir='ltr'><strong>mentiri</strong></span> <span class='ocrx_word' id='word_1_179' title='bbox 1895 2314 2001 2379; x_wconf 87' lang='lat' dir='ltr'><strong>aio,</strong></span> <span class='ocrx_word' id='word_1_180' title='bbox 2030 2317 2176 2385; x_wconf 90' lang='lat' dir='ltr'><strong>quod</strong></span> 
     </span>
    </p>
   </div>
   <div class='ocr_carea' id='block_1_27' title="bbox 597 2389 2176 2465">
    <p class='ocr_par' dir='ltr' id='par_1_27' title="bbox 597 2389 2176 2465">
     <span class='ocr_line' id='line_1_28' title="bbox 597 2389 2176 2465; baseline 0.012 -22"><span class='ocrx_word' id='word_1_181' title='bbox 597 2405 687 2444; x_wconf 90' lang='lat' dir='ltr'><strong>me</strong></span> <span class='ocrx_word' id='word_1_182' title='bbox 719 2389 903 2445; x_wconf 92' lang='lat' dir='ltr'><strong>datum</strong></span> <span class='ocrx_word' id='word_1_183' title='bbox 939 2392 1256 2465; x_wconf 81' lang='lat' dir='ltr'><strong>imperatori</strong></span> <span class='ocrx_word' id='word_1_184' title='bbox 1280 2396 1655 2464; x_wconf 88' lang='lat' dir='ltr'><strong>iuramentum</strong></span> <span class='ocrx_word' id='word_1_185' title='bbox 1683 2402 1936 2460; x_wconf 89' lang='lat' dir='ltr'><strong>habuisse</strong></span> <span class='ocrx_word' id='word_1_186' title='bbox 1961 2406 2176 2463; x_wconf 91' lang='lat' dir='ltr'><strong>irritum</strong></span> 
     </span>
    </p>
   </div>
   <div class='ocr_carea' id='block_1_28' title="bbox 598 2479 2174 2564">
    <p class='ocr_par' dir='ltr' id='par_1_28' title="bbox 598 2479 2174 2564">
     <span class='ocr_line' id='line_1_29' title="bbox 598 2479 2174 2564; baseline 0.014 -31"><span class='ocrx_word' id='word_1_187' title='bbox 598 2481 815 2536; x_wconf 82' lang='lat' dir='ltr'><strong>asserit.</strong></span> <span class='ocrx_word' id='word_1_188' title='bbox 842 2479 898 2536; x_wconf 90' lang='lat' dir='ltr'><strong>Si</strong></span> <span class='ocrx_word' id='word_1_189' title='bbox 926 2482 1242 2552; x_wconf 87' lang='lat' dir='ltr'><strong>iuramenta</strong></span> <span class='ocrx_word' id='word_1_190' title='bbox 1278 2489 1546 2559; x_wconf 58' lang='lat' dir='ltr'><strong>intelligit,</strong></span> <span class='ocrx_word' id='word_1_191' title='bbox 1579 2508 1701 2562; x_wconf 65' lang='lat' dir='ltr'><strong>qua:</strong></span> <span class='ocrx_word' id='word_1_192' title='bbox 1736 2495 2070 2564; x_wconf 86' lang='lat' dir='ltr'><strong>imperatrici</strong></span> <span class='ocrx_word' id='word_1_193' title='bbox 2117 2510 2174 2555; x_wconf 89' lang='lat' dir='ltr'><strong>et</strong></span> 
     </span>
    </p>
   </div>
   <div class='ocr_carea' id='block_1_29' title="bbox 596 2572 2177 2659">
    <p class='ocr_par' dir='ltr' id='par_1_29' title="bbox 596 2572 2177 2659">
     <span class='ocr_line' id='line_1_30' title="bbox 596 2572 2177 2659; baseline 0.014 -35"><span class='ocrx_word' id='word_1_194' title='bbox 596 2572 913 2641; x_wconf 76' lang='lat' dir='ltr'><strong>imperatori</strong></span> <span class='ocrx_word' id='word_1_195' title='bbox 936 2574 1374 2645; x_wconf 84' lang='lat' dir='ltr'><strong>filiojuraverim,</strong></span> <span class='ocrx_word' id='word_1_196' title='bbox 1395 2581 1630 2649; x_wconf 90' lang='lat' dir='ltr'><strong>primum</strong></span> <span class='ocrx_word' id='word_1_197' title='bbox 1664 2585 1881 2654; x_wconf 68' lang='lat' dir='ltr'><strong>quidem</strong></span> <span class='ocrx_word' id='word_1_198' title='bbox 1909 2602 2011 2643; x_wconf 89' lang='lat' dir='ltr'><strong>nec</strong></span> <span class='ocrx_word' id='word_1_199' title='bbox 2043 2588 2177 2659; x_wconf 87' lang='lat' dir='ltr'><strong>ipsis</strong></span> 
     </span>
    </p>
   </div>
   <div class='ocr_carea' id='block_1_30' title="bbox 591 2661 2178 2746">
    <p class='ocr_par' dir='ltr' id='par_1_30' title="bbox 591 2661 2178 2746">
     <span class='ocr_line' id='line_1_31' title="bbox 591 2661 2178 2746; baseline 0.015 -32"><span class='ocrx_word' id='word_1_200' title='bbox 591 2661 799 2731; x_wconf 86' lang='lat' dir='ltr'><strong>iuravi,</strong></span> <span class='ocrx_word' id='word_1_201' title='bbox 833 2680 959 2720; x_wconf 90' lang='lat' dir='ltr'><strong>cum</strong></span> <span class='ocrx_word' id='word_1_202' title='bbox 985 2668 1036 2722; x_wconf 92' lang='lat' dir='ltr'><strong>id</strong></span> <span class='ocrx_word' id='word_1_203' title='bbox 1072 2669 1219 2724; x_wconf 89' lang='lat' dir='ltr'><strong>nulla</strong></span> <span class='ocrx_word' id='word_1_204' title='bbox 1249 2672 1548 2729; x_wconf 88' lang='lat' dir='ltr'><strong>necessitas</strong></span> <span class='ocrx_word' id='word_1_205' title='bbox 1570 2676 1893 2746; x_wconf 86' lang='lat' dir='ltr'><strong>requireret,</strong></span> <span class='ocrx_word' id='word_1_206' title='bbox 1922 2689 1977 2736; x_wconf 89' lang='lat' dir='ltr'><strong>et</strong></span> <span class='ocrx_word' id='word_1_207' title='bbox 2000 2682 2067 2736; x_wconf 88' lang='lat' dir='ltr'><strong>ad</strong></span> <span class='ocrx_word' id='word_1_208' title='bbox 2092 2699 2178 2738; x_wconf 90' lang='lat' dir='ltr'><strong>me</strong></span> 
     </span>
    </p>
   </div>
   <div class='ocr_carea' id='block_1_31' title="bbox 599 2756 2179 2843">
    <p class='ocr_par' dir='ltr' id='par_1_31' title="bbox 599 2756 2179 2843">
     <span class='ocr_line' id='line_1_32' title="bbox 599 2756 2179 2843; baseline 0.014 -32"><span class='ocrx_word' id='word_1_209' title='bbox 599 2756 1008 2815; x_wconf 86' lang='lat' dir='ltr'><strong>defendendum</strong></span> <span class='ocrx_word' id='word_1_210' title='bbox 1034 2764 1282 2818; x_wconf 89' lang='lat' dir='ltr'><strong>eamdem</strong></span> <span class='ocrx_word' id='word_1_211' title='bbox 1342 2767 1643 2822; x_wconf 85' lang='lat' dir='ltr'><strong>orationem</strong></span> <span class='ocrx_word' id='word_1_212' title='bbox 1701 2772 1883 2828; x_wconf 89' lang='lat' dir='ltr'><strong>valere</strong></span> <span class='ocrx_word' id='word_1_213' title='bbox 1926 2786 2179 2843; x_wconf 89' lang='lat' dir='ltr'><strong>oportere</strong></span> 
     </span>
    </p>
   </div>
   <div class='ocr_carea' id='block_1_32' title="bbox 600 2849 2178 2940">
    <p class='ocr_par' dir='ltr' id='par_1_32' title="bbox 600 2849 2178 2940">
     <span class='ocr_line' id='line_1_33' title="bbox 600 2849 2178 2940; baseline 0.015 -38"><span class='ocrx_word' id='word_1_214' title='bbox 600 2849 749 2913; x_wconf 85' lang='lat' dir='ltr'><strong>dico.</strong></span> <span class='ocrx_word' id='word_1_215' title='bbox 793 2870 899 2924; x_wconf 87' lang='lat' dir='ltr'><strong>qua</strong></span> <span class='ocrx_word' id='word_1_216' title='bbox 930 2854 997 2909; x_wconf 90' lang='lat' dir='ltr'><strong>de</strong></span> <span class='ocrx_word' id='word_1_217' title='bbox 1029 2857 1364 2927; x_wconf 87' lang='lat' dir='ltr'><strong>imperatore</strong></span> <span class='ocrx_word' id='word_1_218' title='bbox 1391 2876 1521 2916; x_wconf 88' lang='lat' dir='ltr'><strong>usus</strong></span> <span class='ocrx_word' id='word_1_219' title='bbox 1576 2878 1697 2917; x_wconf 84' lang='lat' dir='ltr'><strong>sum</strong></span> <span class='ocrx_word' id='word_1_220' title='bbox 1749 2882 1763 2917; x_wconf 90' lang='lat'><strong>:</strong></span> <span class='ocrx_word' id='word_1_221' title='bbox 1800 2868 1944 2935; x_wconf 89' lang='lat' dir='ltr'><strong>quod</strong></span> <span class='ocrx_word' id='word_1_222' title='bbox 1981 2884 2178 2940; x_wconf 89' lang='lat' dir='ltr'><strong>nempe</strong></span> 
     </span>
    </p>
   </div>
   <div class='ocr_carea' id='block_1_33' title="bbox 599 2944 2176 3026">
    <p class='ocr_par' dir='ltr' id='par_1_33' title="bbox 599 2944 2176 3026">
     <span class='ocr_line' id='line_1_34' title="bbox 599 2944 2176 3026; baseline 0.012 -27"><span class='ocrx_word' id='word_1_223' title='bbox 599 2944 764 2999; x_wconf 79' lang='lat' dir='ltr'><strong>etiam</strong></span> <span class='ocrx_word' id='word_1_224' title='bbox 820 2946 939 3001; x_wconf 87' lang='lat' dir='ltr'><strong>sine</strong></span> <span class='ocrx_word' id='word_1_225' title='bbox 968 2947 1282 3014; x_wconf 87' lang='lat' dir='ltr'><strong>iuramento</strong></span> <span class='ocrx_word' id='word_1_226' title='bbox 1310 2968 1410 3006; x_wconf 87' lang='lat' dir='ltr'><strong>nec</strong></span> <span class='ocrx_word' id='word_1_227' title='bbox 1445 2953 1552 3008; x_wconf 84' lang='lat' dir='ltr'><strong>illis</strong></span> <span class='ocrx_word' id='word_1_228' title='bbox 1602 2956 1874 3026; x_wconf 90' lang='lat' dir='ltr'><strong>quispiam</strong></span> <span class='ocrx_word' id='word_1_229' title='bbox 1925 2961 2176 3018; x_wconf 84' lang='lat' dir='ltr'><strong>insidiari</strong></span> 
     </span>
    </p>
   </div>
   <div class='ocr_carea' id='block_1_34' title="bbox 2274 489 3738 569">
    <p class='ocr_par' dir='ltr' id='par_1_34' title="bbox 2274 489 3738 569">
     <span class='ocr_line' id='line_1_35' title="bbox 2274 489 3738 569; baseline 0.019 -29"><span class='ocrx_word' id='word_1_230' title='bbox 2274 489 2612 544; x_wconf 80' lang='grc' dir='ltr'><strong>ἀπολύεσθαι</strong></span> <span class='ocrx_word' id='word_1_231' title='bbox 2639 491 2708 545; x_wconf 83' lang='grc' dir='ltr'><strong>τὰ</strong></span> <span class='ocrx_word' id='word_1_232' title='bbox 2737 493 3084 565; x_wconf 70' lang='grc' dir='ltr'>ἐγκλήματα,</span> <span class='ocrx_word' id='word_1_233' title='bbox 3122 498 3215 552; x_wconf 77' lang='grc' dir='ltr'>καὶ</span> <span class='ocrx_word' id='word_1_234' title='bbox 3257 500 3410 555; x_wconf 82' lang='grc' dir='ltr'>αὐτὸν</span> <span class='ocrx_word' id='word_1_235' title='bbox 3439 489 3738 569; x_wconf 69' lang='grc' dir='ltr'>ἀποδεικνύναι</span> 
     </span>
    </p>
   </div>
   <div class='ocr_carea' id='block_1_35' title="bbox 2273 582 3737 668">
    <p class='ocr_par' dir='ltr' id='par_1_35' title="bbox 2273 582 3737 668">
     <span class='ocr_line' id='line_1_36' title="bbox 2273 582 3737 668; baseline 0.011 -34"><span class='ocrx_word' id='word_1_236' title='bbox 2273 582 2534 636; x_wconf 87' lang='grc' dir='ltr'>τοσοῦτον</span> <span class='ocrx_word' id='word_1_237' title='bbox 2563 586 2630 654; x_wconf 77' lang='grc' dir='ltr'>τῇ</span> <span class='ocrx_word' id='word_1_238' title='bbox 2675 587 2933 657; x_wconf 78' lang='grc' dir='ltr'>ἐπιορκία</span> <span class='ocrx_word' id='word_1_239' title='bbox 2972 588 3312 658; x_wconf 73' lang='grc' dir='ltr'><strong>ἐνεχόμενον,</strong></span> <span class='ocrx_word' id='word_1_240' title='bbox 3345 593 3375 661; x_wconf 79' lang='grc' dir='ltr'><strong>ἢ</strong></span> <span class='ocrx_word' id='word_1_241' title='bbox 3410 594 3517 648; x_wconf 81' lang='grc' dir='ltr'>ὅσον</span> <span class='ocrx_word' id='word_1_242' title='bbox 3560 600 3737 668; x_wconf 66' lang='grc' dir='ltr'>ἐμαυτὸν</span> 
     </span>
    </p>
   </div>
   <div class='ocr_carea' id='block_1_36' title="bbox 2277 671 3739 756">
    <p class='ocr_par' dir='ltr' id='par_1_36' title="bbox 2277 671 3739 756">
     <span class='ocr_line' id='line_1_37' title="bbox 2277 671 3739 756; baseline 0.016 -33"><span class='ocrx_word' id='word_1_243' title='bbox 2277 671 2512 742; x_wconf 79' lang='grc' dir='ltr'>μάλιστα</span> <span class='ocrx_word' id='word_1_244' title='bbox 2571 676 2923 747; x_wconf 79' lang='grc' dir='ltr'><strong>ἀφεστηκότα</strong></span> <span class='ocrx_word' id='word_1_245' title='bbox 2951 694 2970 743; x_wconf 85' lang='lat'><strong>;</strong></span> <span class='ocrx_word' id='word_1_246' title='bbox 3004 678 3145 749; x_wconf 80' lang='grc' dir='ltr'>Πρὸς</span> <span class='ocrx_word' id='word_1_247' title='bbox 3196 682 3290 752; x_wconf 77' lang='grc' dir='ltr'>μὲν</span> <span class='ocrx_word' id='word_1_248' title='bbox 3341 683 3426 737; x_wconf 82' lang='grc' dir='ltr'><strong>οῦν</strong></span> <span class='ocrx_word' id='word_1_249' title='bbox 3460 686 3644 756; x_wconf 78' lang='grc' dir='ltr'>βασιλέα</span> <span class='ocrx_word' id='word_1_250' title='bbox 3676 696 3739 748; x_wconf 66' lang='grc' dir='ltr'>τὸν</span> 
     </span>
    </p>
   </div>
   <div class='ocr_carea' id='block_1_37' title="bbox 2278 766 3741 845">
    <p class='ocr_par' dir='ltr' id='par_1_37' title="bbox 2278 766 3741 845">
     <span class='ocr_line' id='line_1_38' title="bbox 2278 766 3741 845; baseline 0.01 -28"><span class='ocrx_word' id='word_1_251' title='bbox 2278 766 2552 836; x_wconf 80' lang='grc' dir='ltr'>μακάριον</span> <span class='ocrx_word' id='word_1_252' title='bbox 2584 769 2795 822; x_wconf 73' lang='grc' dir='ltr'>ἐκεῖνον</span> <span class='ocrx_word' id='word_1_253' title='bbox 2830 769 2923 822; x_wconf 76' lang='grc' dir='ltr'><strong>τὸν</strong></span> <span class='ocrx_word' id='word_1_254' title='bbox 2960 770 3120 825; x_wconf 75' lang='grc' dir='ltr'>πάντ’</span> <span class='ocrx_word' id='word_1_255' title='bbox 3170 774 3292 844; x_wconf 74' lang='grc' dir='ltr'>ἐμοὶ</span> <span class='ocrx_word' id='word_1_256' title='bbox 3326 775 3557 845; x_wconf 80' lang='grc' dir='ltr'>φίλτατον</span> <span class='ocrx_word' id='word_1_257' title='bbox 3577 785 3649 834; x_wconf 70' lang='grc' dir='ltr'><strong>καὶ</strong></span> <span class='ocrx_word' id='word_1_258' title='bbox 3674 802 3741 836; x_wconf 72' lang='grc' dir='ltr'>κε.</span> 
     </span>
    </p>
   </div>
   <div class='ocr_carea' id='block_1_38' title="bbox 2274 859 3742 941">
    <p class='ocr_par' dir='ltr' id='par_1_38' title="bbox 2274 859 3742 941">
     <span class='ocr_line' id='line_1_39' title="bbox 2274 859 3742 941; baseline 0.013 -31"><span class='ocrx_word' id='word_1_259' title='bbox 2274 859 2454 928; x_wconf 74' lang='grc' dir='ltr'>φαλῆς</span> <span class='ocrx_word' id='word_1_260' title='bbox 2509 861 2837 933; x_wconf 82' lang='grc' dir='ltr'>τιμιώτερον</span> <span class='ocrx_word' id='word_1_261' title='bbox 2871 863 3080 935; x_wconf 78' lang='grc' dir='ltr'>ἀὑτῆς,</span> <span class='ocrx_word' id='word_1_262' title='bbox 3127 860 3190 921; x_wconf 75' lang='grc' dir='ltr'><strong>οὗ</strong></span> <span class='ocrx_word' id='word_1_263' title='bbox 3238 868 3327 920; x_wconf 69' lang='grc' dir='ltr'>καὶ</span> <span class='ocrx_word' id='word_1_264' title='bbox 3352 867 3534 933; x_wconf 79' lang='grc' dir='ltr'>ζῶντος</span> <span class='ocrx_word' id='word_1_265' title='bbox 3570 874 3742 941; x_wconf 73' lang='grc' dir='ltr'>μάλιστα</span> 
     </span>
    </p>
   </div>
   <div class='ocr_carea' id='block_1_39' title="bbox 2276 942 3743 1037">
    <p class='ocr_par' dir='ltr' id='par_1_39' title="bbox 2276 942 3743 1037">
     <span class='ocr_line' id='line_1_40' title="bbox 2276 942 3743 1037; baseline 0.01 -33"><span class='ocrx_word' id='word_1_266' title='bbox 2276 953 2659 1023; x_wconf 82' lang='grc' dir='ltr'>περιειχόμην,</span> <span class='ocrx_word' id='word_1_267' title='bbox 2686 959 2781 1008; x_wconf 80' lang='grc' dir='ltr'>καὶ</span> <span class='ocrx_word' id='word_1_268' title='bbox 2813 942 2993 1011; x_wconf 77' lang='grc' dir='ltr'>πάντα</span> <span class='ocrx_word' id='word_1_269' title='bbox 3020 958 3180 1011; x_wconf 84' lang='grc' dir='ltr'><strong>πόνον</strong></span> <span class='ocrx_word' id='word_1_270' title='bbox 3211 959 3346 1029; x_wconf 78' lang='grc' dir='ltr'>ὑπὲρ</span> <span class='ocrx_word' id='word_1_271' title='bbox 3377 962 3565 1015; x_wconf 72' lang='grc' dir='ltr'>ἐκείνου</span> <span class='ocrx_word' id='word_1_272' title='bbox 3587 967 3743 1037; x_wconf 63' lang='grc' dir='ltr'>τρυφὴν</span> 
     </span>
    </p>
   </div>
   <div class='ocr_carea' id='block_1_40' title="bbox 2273 1044 3745 1130">
    <p class='ocr_par' dir='ltr' id='par_1_40' title="bbox 2273 1044 3745 1130">
     <span class='ocr_line' id='line_1_41' title="bbox 2273 1044 3745 1130; baseline 0.012 -35"><span class='ocrx_word' id='word_1_273' title='bbox 2273 1044 2548 1116; x_wconf 81' lang='grc' dir='ltr'>ἡγούμην,</span> <span class='ocrx_word' id='word_1_274' title='bbox 2583 1046 2680 1100; x_wconf 68' lang='grc' dir='ltr'><strong>καὶ⁵</strong></span> <span class='ocrx_word' id='word_1_275' title='bbox 2720 1048 2859 1117; x_wconf 84' lang='grc' dir='ltr'><strong>μετά</strong></span> <span class='ocrx_word' id='word_1_276' title='bbox 2907 1049 3010 1120; x_wconf 79' lang='grc' dir='ltr'>τὴν</span> <span class='ocrx_word' id='word_1_277' title='bbox 3043 1050 3300 1122; x_wconf 80' lang='grc' dir='ltr'>τελευτὴν</span> <span class='ocrx_word' id='word_1_278' title='bbox 3334 1054 3646 1127; x_wconf 78' lang='grc' dir='ltr'>ἁνεπίληστον</span> <span class='ocrx_word' id='word_1_279' title='bbox 3677 1061 3745 1130; x_wconf 76' lang='grc' dir='ltr'>τὴν</span> 
     </span>
    </p>
   </div>
   <div class='ocr_carea' id='block_1_41' title="bbox 2277 1136 3747 1215">
    <p class='ocr_par' dir='ltr' id='par_1_41' title="bbox 2277 1136 3747 1215">
     <span class='ocr_line' id='line_1_42' title="bbox 2277 1136 3747 1215; baseline -0.003 -9"><span class='ocrx_word' id='word_1_280' title='bbox 2277 1136 2501 1206; x_wconf 79' lang='grc' dir='ltr'>μνήμην</span> <span class='ocrx_word' id='word_1_281' title='bbox 2527 1136 2835 1209; x_wconf 65' lang='grc' dir='ltr'>περιφέρων</span> <span class='ocrx_word' id='word_1_282' title='bbox 2868 1137 2983 1192; x_wconf 58' lang='grc' dir='ltr'><strong>ὦτ’</strong></span> <span class='ocrx_word' id='word_1_283' title='bbox 3017 1141 3365 1211; x_wconf 66' lang='grc' dir='ltr'>ὀμωμοκέναι</span> <span class='ocrx_word' id='word_1_284' title='bbox 3394 1143 3543 1215; x_wconf 85' lang='grc' dir='ltr'>φαίην</span> <span class='ocrx_word' id='word_1_285' title='bbox 3570 1146 3640 1210; x_wconf 78' lang='grc' dir='ltr'><strong>ἀν,</strong></span> <span class='ocrx_word' id='word_1_286' title='bbox 3669 1149 3747 1204; x_wconf 67' lang='grc' dir='ltr'>οὔτ’</span> 
     </span>
    </p>
   </div>
   <div class='ocr_carea' id='block_1_42' title="bbox 2272 1230 3748 1307">
    <p class='ocr_par' dir='ltr' id='par_1_42' title="bbox 2272 1230 3748 1307">
     <span class='ocr_line' id='line_1_43' title="bbox 2272 1230 3748 1307; baseline 0.01 -27"><span class='ocrx_word' id='word_1_287' title='bbox 2272 1230 2728 1300; x_wconf 80' lang='grc' dir='ltr'>ὲπιωρκηκέναι-</span> <span class='ocrx_word' id='word_1_288' title='bbox 2779 1231 2903 1285; x_wconf 64' lang='grc' dir='ltr'>οὐδὲ</span> <span class='ocrx_word' id='word_1_289' title='bbox 2937 1232 3046 1304; x_wconf 86' lang='grc' dir='ltr'><strong>γάρ</strong></span> <span class='ocrx_word' id='word_1_290' title='bbox 3073 1232 3252 1303; x_wconf 87' lang='grc' dir='ltr'>ὅρκων</span> <span class='ocrx_word' id='word_1_291' title='bbox 3302 1234 3480 1307; x_wconf 71' lang='grc' dir='ltr'>ἐδεήθη</span> <span class='ocrx_word' id='word_1_292' title='bbox 3527 1239 3652 1303; x_wconf 76' lang='grc' dir='ltr'>ποτὲ,</span> <span class='ocrx_word' id='word_1_293' title='bbox 3684 1241 3748 1295; x_wconf 80' lang='grc' dir='ltr'><strong>τοῦ</strong></span> 
     </span>
    </p>
   </div>
   <div class='ocr_carea' id='block_1_43' title="bbox 2274 1321 3750 1399">
    <p class='ocr_par' dir='ltr' id='par_1_43' title="bbox 2274 1321 3750 1399">
     <span class='ocr_line' id='line_1_44' title="bbox 2274 1321 3750 1399; baseline 0.005 -27"><span class='ocrx_word' id='word_1_294' title='bbox 2274 1321 2444 1390; x_wconf 78' lang='grc' dir='ltr'>μηδὲν</span> <span class='ocrx_word' id='word_1_295' title='bbox 2485 1322 2690 1389; x_wconf 86' lang='grc' dir='ltr'>φαῦλον</span> <span class='ocrx_word' id='word_1_296' title='bbox 2726 1322 3057 1378; x_wconf 80' lang='grc' dir='ltr'>ὑποπτεύειν</span> <span class='ocrx_word' id='word_1_297' title='bbox 3086 1325 3250 1379; x_wconf 72' lang='grc' dir='ltr'>ἕνεκα</span> <span class='ocrx_word' id='word_1_298' title='bbox 3280 1329 3402 1396; x_wconf 73' lang='grc' dir='ltr'>περὶ</span> <span class='ocrx_word' id='word_1_299' title='bbox 3428 1326 3566 1397; x_wconf 73' lang='grc' dir='ltr'>ἐμοῦ.</span> <span class='ocrx_word' id='word_1_300' title='bbox 3597 1329 3649 1381; x_wconf 79' lang='lat' dir='ltr'><strong>Al</strong></span> <span class='ocrx_word' id='word_1_301' title='bbox 3675 1329 3750 1399; x_wconf 72' lang='grc' dir='ltr'>γὰρ</span> 
     </span>
    </p>
   </div>
   <div class='ocr_carea' id='block_1_44' title="bbox 2273 1410 3752 1488">
    <p class='ocr_par' dir='ltr' id='par_1_44' title="bbox 2273 1410 3752 1488">
     <span class='ocr_line' id='line_1_45' title="bbox 2273 1410 3752 1488; baseline 0.007 -26"><span class='ocrx_word' id='word_1_302' title='bbox 2273 1410 2602 1481; x_wconf 82' lang='grc' dir='ltr'>καθημέραν</span> <span class='ocrx_word' id='word_1_303' title='bbox 2657 1412 2887 1484; x_wconf 76' lang='grc' dir='ltr'>πράξεις</span> <span class='ocrx_word' id='word_1_304' title='bbox 2925 1416 3134 1486; x_wconf 88' lang='grc' dir='ltr'>μυρίων</span> <span class='ocrx_word' id='word_1_305' title='bbox 3177 1416 3355 1487; x_wconf 84' lang='grc' dir='ltr'>ὅρκων</span> <span class='ocrx_word' id='word_1_306' title='bbox 3389 1413 3518 1488; x_wconf 78' lang='grc' dir='ltr'>ἦσαν</span> <span class='ocrx_word' id='word_1_307' title='bbox 3545 1420 3752 1488; x_wconf 74' lang='grc' dir='ltr'>ἰσχυρότε-</span> 
     </span>
    </p>
   </div>
   <div class='ocr_carea' id='block_1_45' title="bbox 2278 1501 3752 1575">
    <p class='ocr_par' dir='ltr' id='par_1_45' title="bbox 2278 1501 3752 1575">
     <span class='ocr_line' id='line_1_46' title="bbox 2278 1501 3752 1575; baseline 0.006 -23"><span class='ocrx_word' id='word_1_308' title='bbox 2278 1518 2392 1570; x_wconf 88' lang='grc' dir='ltr'>ραι,</span> <span class='ocrx_word' id='word_1_309' title='bbox 2424 1501 2524 1572; x_wconf 79' lang='grc' dir='ltr'>τὴν</span> <span class='ocrx_word' id='word_1_310' title='bbox 2555 1501 2695 1572; x_wconf 78' lang='grc' dir='ltr'>πρὸς</span> <span class='ocrx_word' id='word_1_311' title='bbox 2726 1504 2935 1557; x_wconf 74' lang='grc' dir='ltr'>ικεῐνον</span> <span class='ocrx_word' id='word_1_312' title='bbox 2958 1506 3095 1574; x_wconf 76' lang='grc' dir='ltr'>ἐμοῦ</span> <span class='ocrx_word' id='word_1_313' title='bbox 3128 1505 3314 1560; x_wconf 88' lang='grc' dir='ltr'>πίστιν</span> <span class='ocrx_word' id='word_1_314' title='bbox 3342 1509 3430 1559; x_wconf 82' lang='grc' dir='ltr'>καὶ</span> <span class='ocrx_word' id='word_1_315' title='bbox 3457 1508 3615 1575; x_wconf 86' lang='grc' dir='ltr'>φιλίαν</span> <span class='ocrx_word' id='word_1_316' title='bbox 3632 1508 3752 1561; x_wconf 60' lang='lat' dir='ltr'><strong>ulla.</strong></span> 
     </span>
    </p>
   </div>
   <div class='ocr_carea' id='block_1_46' title="bbox 2276 1590 3756 1670">
    <p class='ocr_par' dir='ltr' id='par_1_46' title="bbox 2276 1590 3756 1670">
     <span class='ocr_line' id='line_1_47' title="bbox 2276 1590 3756 1670; baseline 0.004 -25"><span class='ocrx_word' id='word_1_317' title='bbox 2276 1592 2377 1662; x_wconf 81' lang='grc' dir='ltr'><strong>ράν</strong></span> <span class='ocrx_word' id='word_1_318' title='bbox 2391 1593 2800 1649; x_wconf 82' lang='grc' dir='ltr'>ἀποδεικνῦσαι.</span> <span class='ocrx_word' id='word_1_319' title='bbox 2816 1596 2955 1660; x_wconf 80' lang='grc' dir='ltr'>Τοὺς</span> <span class='ocrx_word' id='word_1_320' title='bbox 2974 1597 3083 1668; x_wconf 83' lang='grc' dir='ltr'>γὰρ</span> <span class='ocrx_word' id='word_1_321' title='bbox 3098 1598 3317 1667; x_wconf 84' lang='grc' dir='ltr'>ὅρκους,</span> <span class='ocrx_word' id='word_1_322' title='bbox 3334 1597 3392 1650; x_wconf 80' lang='grc' dir='ltr'>οὐ</span> <span class='ocrx_word' id='word_1_323' title='bbox 3410 1597 3524 1667; x_wconf 77' lang='grc' dir='ltr'>παρ’</span> <span class='ocrx_word' id='word_1_324' title='bbox 3541 1590 3605 1653; x_wconf 81' lang='grc' dir='ltr'><strong>ὧν</strong></span> <span class='ocrx_word' id='word_1_325' title='bbox 3624 1598 3756 1670; x_wconf 72' lang='grc' dir='ltr'>δυσχε-</span> 
     </span>
    </p>
   </div>
   <div class='ocr_carea' id='block_1_47' title="bbox 2279 1684 3754 1771">
    <p class='ocr_par' dir='ltr' id='par_1_47' title="bbox 2279 1684 3754 1771">
     <span class='ocr_line' id='line_1_48' title="bbox 2279 1684 3754 1771; baseline 0.003 -32"><span class='ocrx_word' id='word_1_326' title='bbox 2279 1684 2368 1754; x_wconf 69' lang='grc' dir='ltr'>ρὲς</span> <span class='ocrx_word' id='word_1_327' title='bbox 2396 1686 2778 1756; x_wconf 85' lang='grc' dir='ltr'>ύποπτεύομεν</span> <span class='ocrx_word' id='word_1_328' title='bbox 2796 1688 2971 1755; x_wconf 71' lang='grc' dir='ltr'>οὐδὲν,</span> <span class='ocrx_word' id='word_1_329' title='bbox 2997 1689 3114 1742; x_wconf 80' lang='grc' dir='ltr'>ἀλλ’</span> <span class='ocrx_word' id='word_1_330' title='bbox 3132 1685 3217 1751; x_wconf 81' lang='grc' dir='ltr'><strong>οἷς</strong></span> <span class='ocrx_word' id='word_1_331' title='bbox 3246 1690 3471 1760; x_wconf 79' lang='grc' dir='ltr'>μάλιστα</span> <span class='ocrx_word' id='word_1_332' title='bbox 3496 1691 3754 1771; x_wconf 57' lang='grc' dir='ltr'>ἀηιστοῦμει</span> 
     </span>
    </p>
   </div>
   <div class='ocr_carea' id='block_1_48' title="bbox 2277 1777 3756 1852">
    <p class='ocr_par' dir='ltr' id='par_1_48' title="bbox 2277 1777 3756 1852">
     <span class='ocr_line' id='line_1_49' title="bbox 2277 1777 3756 1852; baseline 0.004 -23"><span class='ocrx_word' id='word_1_333' title='bbox 2277 1777 2551 1849; x_wconf 75' lang='grc' dir='ltr'><strong>εἰώθαμεν</strong></span> <span class='ocrx_word' id='word_1_334' title='bbox 2592 1780 2873 1834; x_wconf 82' lang='grc' dir='ltr'>ποιεῖσθαι</span> <span class='ocrx_word' id='word_1_335' title='bbox 2932 1780 3431 1851; x_wconf 76' lang='grc' dir='ltr'>προσαναγκάζειν.</span> <span class='ocrx_word' id='word_1_336' title='bbox 3468 1783 3538 1835; x_wconf 80' lang='grc' dir='ltr'><strong>οὐ</strong></span> <span class='ocrx_word' id='word_1_337' title='bbox 3575 1784 3662 1852; x_wconf 79' lang='grc' dir='ltr'>μὴν</span> <span class='ocrx_word' id='word_1_338' title='bbox 3698 1784 3756 1835; x_wconf 69' lang='grc' dir='ltr'><strong>διὰ</strong></span> 
     </span>
    </p>
   </div>
   <div class='ocr_carea' id='block_1_49' title="bbox 2273 1870 3758 1943">
    <p class='ocr_par' dir='ltr' id='par_1_49' title="bbox 2273 1870 3758 1943">
     <span class='ocr_line' id='line_1_50' title="bbox 2273 1870 3758 1943; baseline 0.002 -19"><span class='ocrx_word' id='word_1_339' title='bbox 2273 1870 2435 1926; x_wconf 86' lang='grc' dir='ltr'>τοῦτο</span> <span class='ocrx_word' id='word_1_340' title='bbox 2463 1872 2827 1943; x_wconf 73' lang='grc' dir='ltr'><strong>ἐγκλημάτων</strong></span> <span class='ocrx_word' id='word_1_341' title='bbox 2849 1872 3190 1929; x_wconf 77' lang='grc' dir='ltr'><strong>ἀπολύεσθαι</strong></span> <span class='ocrx_word' id='word_1_342' title='bbox 3214 1873 3429 1938; x_wconf 88' lang='grc' dir='ltr'>δικαιῶ,</span> <span class='ocrx_word' id='word_1_343' title='bbox 3459 1874 3519 1928; x_wconf 79' lang='grc' dir='ltr'>ἂν</span> <span class='ocrx_word' id='word_1_344' title='bbox 3544 1877 3639 1937; x_wconf 82' lang='grc' dir='ltr'>τοῖς</span> <span class='ocrx_word' id='word_1_345' title='bbox 3661 1878 3758 1927; x_wconf 68' lang='lat' dir='ltr'><strong>iui-</strong></span> 
     </span>
    </p>
   </div>
   <div class='ocr_carea' id='block_1_50' title="bbox 2276 1964 3758 2038">
    <p class='ocr_par' dir='ltr' id='par_1_50' title="bbox 2276 1964 3758 2038">
     <span class='ocr_line' id='line_1_51' title="bbox 2276 1964 3758 2038; baseline 0.001 -21"><span class='ocrx_word' id='word_1_346' title='bbox 2276 1979 2370 2017; x_wconf 86' lang='grc' dir='ltr'><strong>νου</strong></span> <span class='ocrx_word' id='word_1_347' title='bbox 2403 1964 2688 2034; x_wconf 77' lang='grc' dir='ltr'>φαίνωμαι</span> <span class='ocrx_word' id='word_1_348' title='bbox 2717 1965 2875 2018; x_wconf 82' lang='grc' dir='ltr'>παισὶ</span> <span class='ocrx_word' id='word_1_349' title='bbox 2933 1967 3073 2036; x_wconf 87' lang='grc' dir='ltr'><strong>μετά</strong></span> <span class='ocrx_word' id='word_1_350' title='bbox 3124 1968 3228 2037; x_wconf 79' lang='grc' dir='ltr'>τὴν</span> <span class='ocrx_word' id='word_1_351' title='bbox 3275 1968 3517 2038; x_wconf 80' lang='grc' dir='ltr'>τελευτὴν</span> <span class='ocrx_word' id='word_1_352' title='bbox 3543 1968 3758 2021; x_wconf 73' lang='grc' dir='ltr'>ἐπιϐεϐου-</span> 
     </span>
    </p>
   </div>
   <div class='ocr_carea' id='block_1_51' title="bbox 2276 2053 3758 2129">
    <p class='ocr_par' dir='ltr' id='par_1_51' title="bbox 2276 2053 3758 2129">
     <span class='ocr_line' id='line_1_52' title="bbox 2276 2053 3758 2129; baseline 0.003 -23"><span class='ocrx_word' id='word_1_353' title='bbox 2276 2053 2510 2118; x_wconf 85' lang='grc' dir='ltr'>λευκώς.</span> <span class='ocrx_word' id='word_1_354' title='bbox 2556 2054 2793 2126; x_wconf 79' lang='grc' dir='ltr'>Ὁμοίως</span> <span class='ocrx_word' id='word_1_355' title='bbox 2824 2056 2933 2129; x_wconf 82' lang='grc' dir='ltr'><strong>γὰρ</strong></span> <span class='ocrx_word' id='word_1_356' title='bbox 2967 2056 3034 2112; x_wconf 80' lang='grc' dir='ltr'>ἄν</span> <span class='ocrx_word' id='word_1_357' title='bbox 3090 2076 3178 2122; x_wconf 85' lang='grc' dir='ltr'><strong>τις</strong></span> <span class='ocrx_word' id='word_1_358' title='bbox 3209 2059 3444 2129; x_wconf 77' lang='grc' dir='ltr'>ὲνέχοιτο</span> <span class='ocrx_word' id='word_1_359' title='bbox 3473 2061 3571 2121; x_wconf 80' lang='grc' dir='ltr'>τοῖς</span> <span class='ocrx_word' id='word_1_360' title='bbox 3612 2059 3758 2126; x_wconf 77' lang='grc' dir='ltr'>ἐγκλὴ-</span> 
     </span>
    </p>
   </div>
   <div class='ocr_carea' id='block_1_52' title="bbox 2277 2147 3759 2221">
    <p class='ocr_par' dir='ltr' id='par_1_52' title="bbox 2277 2147 3759 2221">
     <span class='ocr_line' id='line_1_53' title="bbox 2277 2147 3759 2221; baseline 0.001 -21"><span class='ocrx_word' id='word_1_361' title='bbox 2277 2164 2414 2217; x_wconf 88' lang='grc' dir='ltr'>μασι</span> <span class='ocrx_word' id='word_1_362' title='bbox 2434 2147 2534 2219; x_wconf 86' lang='grc' dir='ltr'><strong>τῆς</strong></span> <span class='ocrx_word' id='word_1_363' title='bbox 2550 2148 2767 2213; x_wconf 79' lang='grc' dir='ltr'>ἀδικίας</span> <span class='ocrx_word' id='word_1_364' title='bbox 2790 2148 2856 2204; x_wconf 77' lang='grc' dir='ltr'>ἄν</span> <span class='ocrx_word' id='word_1_365' title='bbox 2878 2150 3277 2221; x_wconf 82' lang='grc' dir='ltr'>τ’δμωμοκὼς,</span> <span class='ocrx_word' id='word_1_366' title='bbox 3297 2153 3363 2205; x_wconf 79' lang='grc' dir='ltr'><strong>ἀν</strong></span> <span class='ocrx_word' id='word_1_367' title='bbox 3380 2168 3436 2204; x_wconf 81' lang='grc' dir='ltr'><strong>τε</strong></span> <span class='ocrx_word' id='word_1_368' title='bbox 3460 2152 3606 2220; x_wconf 70' lang='grc' dir='ltr'>χωρὶς</span> <span class='ocrx_word' id='word_1_369' title='bbox 3631 2152 3759 2220; x_wconf 73' lang='grc' dir='ltr'>ὅρκων</span> 
     </span>
    </p>
   </div>
   <div class='ocr_carea' id='block_1_53' title="bbox 2273 2238 3761 2315">
    <p class='ocr_par' dir='ltr' id='par_1_53' title="bbox 2273 2238 3761 2315">
     <span class='ocr_line' id='line_1_54' title="bbox 2273 2238 3761 2315; baseline 0.001 -22"><span class='ocrx_word' id='word_1_370' title='bbox 2273 2238 2513 2311; x_wconf 83' lang='grc' dir='ltr'>ἀδικοίη.</span> <span class='ocrx_word' id='word_1_371' title='bbox 2538 2239 2711 2295; x_wconf 87' lang='grc' dir='ltr'>Τοῦτο</span> <span class='ocrx_word' id='word_1_372' title='bbox 2735 2242 2838 2309; x_wconf 83' lang='grc' dir='ltr'>μὲν</span> <span class='ocrx_word' id='word_1_373' title='bbox 2861 2239 2954 2295; x_wconf 83' lang='grc' dir='ltr'><strong>οῦν</strong></span> <span class='ocrx_word' id='word_1_374' title='bbox 2987 2246 3127 2312; x_wconf 82' lang='grc' dir='ltr'>μετὰ</span> <span class='ocrx_word' id='word_1_375' title='bbox 3160 2244 3274 2298; x_wconf 86' lang='grc' dir='ltr'><strong>τῶν</strong></span> <span class='ocrx_word' id='word_1_376' title='bbox 3300 2244 3471 2315; x_wconf 83' lang='grc' dir='ltr'>ὅρκων</span> <span class='ocrx_word' id='word_1_377' title='bbox 3497 2244 3582 2314; x_wconf 74' lang='grc' dir='ltr'>τὴν</span> <span class='ocrx_word' id='word_1_378' title='bbox 3604 2243 3761 2295; x_wconf 76' lang='grc' dir='ltr'>ἀπόδει-</span> 
     </span>
    </p>
   </div>
   <div class='ocr_carea' id='block_1_54' title="bbox 2277 2332 3762 2406">
    <p class='ocr_par' dir='ltr' id='par_1_54' title="bbox 2277 2332 3762 2406">
     <span class='ocr_line' id='line_1_55' title="bbox 2277 2332 3762 2406; baseline 0.002 -20"><span class='ocrx_word' id='word_1_379' title='bbox 2277 2332 2359 2399; x_wconf 82' lang='grc' dir='ltr'>ξιν</span> <span class='ocrx_word' id='word_1_380' title='bbox 2388 2333 2741 2403; x_wconf 76' lang='grc' dir='ltr'><strong>ἐξετάσομεν.</strong></span> <span class='ocrx_word' id='word_1_381' title='bbox 2775 2335 2916 2390; x_wconf 74' lang='grc' dir='ltr'>Νυνὶ</span> <span class='ocrx_word' id='word_1_382' title='bbox 2962 2335 3009 2389; x_wconf 79' lang='grc' dir='ltr'>δ’</span> <span class='ocrx_word' id='word_1_383' title='bbox 3064 2336 3200 2389; x_wconf 76' lang='grc' dir='ltr'>αὐτὸ</span> <span class='ocrx_word' id='word_1_384' title='bbox 3225 2336 3385 2390; x_wconf 85' lang='grc' dir='ltr'>τοῦτο</span> <span class='ocrx_word' id='word_1_385' title='bbox 3422 2335 3673 2406; x_wconf 76' lang='grc' dir='ltr'>ψεύδεσθαι</span> <span class='ocrx_word' id='word_1_386' title='bbox 3696 2335 3762 2389; x_wconf 76' lang='grc' dir='ltr'>καὶ</span> 
     </span>
    </p>
   </div>
   <div class='ocr_carea' id='block_1_55' title="bbox 2278 2423 3761 2499">
    <p class='ocr_par' dir='ltr' id='par_1_55' title="bbox 2278 2423 3761 2499">
     <span class='ocr_line' id='line_1_56' title="bbox 2278 2423 3761 2499; baseline 0.001 -23"><span class='ocrx_word' id='word_1_387' title='bbox 2278 2425 2641 2492; x_wconf 80' lang='grc' dir='ltr'>συκοφαντεῖν</span> <span class='ocrx_word' id='word_1_388' title='bbox 2672 2423 2765 2479; x_wconf 72' lang='grc' dir='ltr'><strong>τὸν</strong></span> <span class='ocrx_word' id='word_1_389' title='bbox 2817 2425 3172 2497; x_wconf 80' lang='grc' dir='ltr'>πατριάρχην</span> <span class='ocrx_word' id='word_1_390' title='bbox 3230 2428 3396 2499; x_wconf 81' lang='grc' dir='ltr'>φαίην</span> <span class='ocrx_word' id='word_1_391' title='bbox 3440 2426 3500 2481; x_wconf 77' lang='grc' dir='ltr'>ἂν</span> <span class='ocrx_word' id='word_1_392' title='bbox 3551 2429 3761 2495; x_wconf 75' lang='grc' dir='ltr'>φάσκοντα</span> 
     </span>
    </p>
   </div>
   <div class='ocr_carea' id='block_1_56' title="bbox 2276 2515 3763 2591">
    <p class='ocr_par' dir='ltr' id='par_1_56' title="bbox 2276 2515 3763 2591">
     <span class='ocr_line' id='line_1_57' title="bbox 2276 2515 3763 2591; baseline 0.001 -21"><span class='ocrx_word' id='word_1_393' title='bbox 2276 2515 2607 2586; x_wconf 72' lang='grc' dir='ltr'>ἠθετηκέναι</span> <span class='ocrx_word' id='word_1_394' title='bbox 2666 2519 2796 2581; x_wconf 79' lang='grc' dir='ltr'>τοὺς</span> <span class='ocrx_word' id='word_1_395' title='bbox 2825 2517 2964 2589; x_wconf 74' lang='grc' dir='ltr'>πρὸς</span> <span class='ocrx_word' id='word_1_396' title='bbox 3000 2518 3231 2589; x_wconf 79' lang='grc' dir='ltr'>βασιλέα</span> <span class='ocrx_word' id='word_1_397' title='bbox 3264 2521 3477 2591; x_wconf 79' lang='grc' dir='ltr'>ὅρκους.</span> <span class='ocrx_word' id='word_1_398' title='bbox 3528 2520 3583 2574; x_wconf 83' lang='lat' dir='ltr'><strong>Ei</strong></span> <span class='ocrx_word' id='word_1_399' title='bbox 3605 2520 3652 2574; x_wconf 76' lang='grc' dir='ltr'>δὲ</span> <span class='ocrx_word' id='word_1_400' title='bbox 3676 2519 3763 2580; x_wconf 72' lang='grc' dir='ltr'>τοὺς</span> 
     </span>
    </p>
   </div>
   <div class='ocr_carea' id='block_1_57' title="bbox 2278 2603 3765 2677">
    <p class='ocr_par' dir='ltr' id='par_1_57' title="bbox 2278 2603 3765 2677">
     <span class='ocr_line' id='line_1_58' title="bbox 2278 2603 3765 2677; baseline 0 -20"><span class='ocrx_word' id='word_1_401' title='bbox 2278 2605 2416 2674; x_wconf 75' lang='grc' dir='ltr'>πρὸς</span> <span class='ocrx_word' id='word_1_402' title='bbox 2452 2603 2703 2672; x_wconf 86' lang='grc' dir='ltr'>βασιλίδα</span> <span class='ocrx_word' id='word_1_403' title='bbox 2736 2605 2887 2673; x_wconf 77' lang='grc' dir='ltr'>λέγει</span> <span class='ocrx_word' id='word_1_404' title='bbox 2919 2607 3016 2660; x_wconf 70' lang='grc' dir='ltr'><strong>καὶ</strong></span> <span class='ocrx_word' id='word_1_405' title='bbox 3050 2606 3282 2677; x_wconf 77' lang='grc' dir='ltr'>βασιλέα</span> <span class='ocrx_word' id='word_1_406' title='bbox 3310 2609 3401 2662; x_wconf 82' lang='grc' dir='ltr'>τὸν</span> <span class='ocrx_word' id='word_1_407' title='bbox 3454 2608 3579 2673; x_wconf 79' lang='grc' dir='ltr'>υίδν,</span> <span class='ocrx_word' id='word_1_408' title='bbox 3608 2607 3765 2677; x_wconf 70' lang='grc' dir='ltr'>πρῶτον</span> 
     </span>
    </p>
   </div>
   <div class='ocr_carea' id='block_1_58' title="bbox 2280 2695 3764 2768">
    <p class='ocr_par' dir='ltr' id='par_1_58' title="bbox 2280 2695 3764 2768">
     <span class='ocr_line' id='line_1_59' title="bbox 2280 2695 3764 2768; baseline 0 -20"><span class='ocrx_word' id='word_1_409' title='bbox 2280 2697 2378 2765; x_wconf 81' lang='grc' dir='ltr'>μὲν</span> <span class='ocrx_word' id='word_1_410' title='bbox 2409 2695 2517 2750; x_wconf 72' lang='grc' dir='ltr'>οὐδ’</span> <span class='ocrx_word' id='word_1_411' title='bbox 2549 2695 2735 2759; x_wconf 74' lang='grc' dir='ltr'>αὐτοῖς</span> <span class='ocrx_word' id='word_1_412' title='bbox 2758 2696 3024 2768; x_wconf 74' lang='grc' dir='ltr'>πρότερον</span> <span class='ocrx_word' id='word_1_413' title='bbox 3042 2698 3337 2768; x_wconf 86' lang='grc' dir='ltr'>ὀμώμοκα.</span> <span class='ocrx_word' id='word_1_414' title='bbox 3367 2699 3496 2754; x_wconf 73' lang='grc' dir='ltr'>Οὐδὲ</span> <span class='ocrx_word' id='word_1_415' title='bbox 3518 2701 3610 2766; x_wconf 76' lang='grc' dir='ltr'>γὰρ</span> <span class='ocrx_word' id='word_1_416' title='bbox 3635 2697 3764 2750; x_wconf 67' lang='grc' dir='ltr'>ἐκάλει</span> 
     </span>
    </p>
   </div>
   <div class='ocr_carea' id='block_1_59' title="bbox 2278 2788 3767 2862">
    <p class='ocr_par' dir='ltr' id='par_1_59' title="bbox 2278 2788 3767 2862">
     <span class='ocr_line' id='line_1_60' title="bbox 2278 2788 3767 2862; baseline 0 -21"><span class='ocrx_word' id='word_1_417' title='bbox 2278 2788 2438 2859; x_wconf 84' lang='grc' dir='ltr'>χρεία</span> <span class='ocrx_word' id='word_1_418' title='bbox 2474 2807 2579 2852; x_wconf 89' lang='grc' dir='ltr'>τις.</span> <span class='ocrx_word' id='word_1_419' title='bbox 2618 2789 2725 2843; x_wconf 85' lang='grc' dir='ltr'><strong>Τὸν</strong></span> <span class='ocrx_word' id='word_1_420' title='bbox 2760 2790 2875 2844; x_wconf 77' lang='grc' dir='ltr'>ἴσον</span> <span class='ocrx_word' id='word_1_421' title='bbox 2913 2791 2970 2844; x_wconf 77' lang='grc' dir='ltr'>δὲ</span> <span class='ocrx_word' id='word_1_422' title='bbox 2993 2791 3153 2859; x_wconf 90' lang='grc' dir='ltr'>λόγον</span> <span class='ocrx_word' id='word_1_423' title='bbox 3186 2793 3285 2846; x_wconf 76' lang='grc' dir='ltr'>καὶ</span> <span class='ocrx_word' id='word_1_424' title='bbox 3311 2796 3436 2862; x_wconf 74' lang='grc' dir='ltr'>περὶ</span> <span class='ocrx_word' id='word_1_425' title='bbox 3461 2791 3767 2856; x_wconf 72' lang='grc' dir='ltr'>αὐτῶνῶσπερ</span> 
     </span>
    </p>
   </div>
   <div class='ocr_carea' id='block_1_60' title="bbox 2279 2880 3768 2952">
    <p class='ocr_par' dir='ltr' id='par_1_60' title="bbox 2279 2880 3768 2952">
     <span class='ocr_line' id='line_1_61' title="bbox 2279 2880 3768 2952; baseline -0.001 -18"><span class='ocrx_word' id='word_1_426' title='bbox 2279 2882 2375 2934; x_wconf 81' lang='grc' dir='ltr'>καὶ</span> <span class='ocrx_word' id='word_1_427' title='bbox 2404 2882 2534 2951; x_wconf 81' lang='grc' dir='ltr'>περὶ</span> <span class='ocrx_word' id='word_1_428' title='bbox 2562 2880 2828 2950; x_wconf 79' lang='grc' dir='ltr'>βασιλέως</span> <span class='ocrx_word' id='word_1_429' title='bbox 2856 2900 2930 2952; x_wconf 89' lang='grc' dir='ltr'><strong>φη</strong></span> <span class='ocrx_word' id='word_1_430' title='bbox 2942 2883 3005 2952; x_wconf 71' lang='grc' dir='ltr'>μὶ</span> <span class='ocrx_word' id='word_1_431' title='bbox 3033 2882 3246 2940; x_wconf 86' lang='grc' dir='ltr'>δίκαιον</span> <span class='ocrx_word' id='word_1_432' title='bbox 3293 2882 3430 2940; x_wconf 71' lang='grc' dir='ltr'>εἶναι</span> <span class='ocrx_word' id='word_1_433' title='bbox 3464 2884 3709 2949; x_wconf 78' lang='grc' dir='ltr'>σώζεσθαι,</span> <span class='ocrx_word' id='word_1_434' title='bbox 3728 2881 3768 2933; x_wconf 64' lang='grc' dir='ltr'><strong>τὸ</strong></span> 
     </span>
    </p>
   </div>
   <div class='ocr_carea' id='block_1_61' title="bbox 2280 2973 3769 3044">
    <p class='ocr_par' dir='ltr' id='par_1_61' title="bbox 2280 2973 3769 3044">
     <span class='ocr_line' id='line_1_62' title="bbox 2280 2973 3769 3044; baseline -0.001 -19"><span class='ocrx_word' id='word_1_435' title='bbox 2280 2973 2375 3027; x_wconf 75' lang='grc' dir='ltr'>καὶ</span> <span class='ocrx_word' id='word_1_436' title='bbox 2400 2974 2571 3043; x_wconf 67' lang='grc' dir='ltr'>χωρὶς</span> <span class='ocrx_word' id='word_1_437' title='bbox 2597 2974 2777 3041; x_wconf 81' lang='grc' dir='ltr'>ὅρκων</span> <span class='ocrx_word' id='word_1_438' title='bbox 2832 2974 2959 3027; x_wconf 72' lang='grc' dir='ltr'>τινὰ</span> <span class='ocrx_word' id='word_1_439' title='bbox 3000 2976 3140 3044; x_wconf 76' lang='grc' dir='ltr'>μηδὲ</span> <span class='ocrx_word' id='word_1_440' title='bbox 3179 2978 3367 3040; x_wconf 81' lang='grc' dir='ltr'>αὐτοῖς</span> <span class='ocrx_word' id='word_1_441' title='bbox 3397 2977 3580 3042; x_wconf 75' lang='grc' dir='ltr'>ἐξεῖναι</span> <span class='ocrx_word' id='word_1_442' title='bbox 3603 2973 3769 3029; x_wconf 68' lang='grc' dir='ltr'>ἐπιδούς</span> 
     </span>
    </p>
   </div>
   <div class='ocr_carea' id='block_1_62' title="bbox 601 3040 2187 3137">
    <p class='ocr_par' dir='ltr' id='par_1_62' title="bbox 601 3040 2179 3111">
     <span class='ocr_line' id='line_1_63' title="bbox 601 3040 2179 3111; baseline 0.014 -24"><span class='ocrx_word' id='word_1_443' title='bbox 601 3044 791 3104; x_wconf 87' lang='lat' dir='ltr'><strong>queat,</strong></span> <span class='ocrx_word' id='word_1_444' title='bbox 826 3051 1006 3107; x_wconf 86' lang='lat' dir='ltr'><strong>neque</strong></span> <span class='ocrx_word' id='word_1_445' title='bbox 1057 3040 1288 3110; x_wconf 88' lang='lat' dir='ltr'><strong>imperio</strong></span> <span class='ocrx_word' id='word_1_446' title='bbox 1346 3059 1442 3099; x_wconf 86' lang='lat' dir='ltr'><strong>eos</strong></span> <span class='ocrx_word' id='word_1_447' title='bbox 1499 3060 1754 3111; x_wconf 82' lang='lat' dir='ltr'><strong>movere,</strong></span> <span class='ocrx_word' id='word_1_448' title='bbox 1799 3051 1900 3106; x_wconf 89' lang='lat' dir='ltr'><strong>uisi</strong></span> <span class='ocrx_word' id='word_1_449' title='bbox 1952 3054 2179 3109; x_wconf 88' lang='lat' dir='ltr'><strong>manife-</strong></span> 
     </span>
    </p>
   </div>
   <div class='ocr_carea' id='block_1_63' title="bbox 2184 3040 3770 3137">
    <p class='ocr_par' dir='ltr' id='par_1_63' title="bbox 2203 3040 3770 3137">
     <span class='ocr_line' id='line_1_64' title="bbox 2203 3040 3770 3137; baseline -0.003 -20"><span class='ocrx_word' id='word_1_450' title='bbox 2203 3072 2249 3132; x_wconf 76' lang='grc' dir='ltr'><strong>ο</strong></span> <span class='ocrx_word' id='word_1_451' title='bbox 2281 3040 2497 3130; x_wconf 69' lang='grc' dir='ltr'>λεύείν,</span> <span class='ocrx_word' id='word_1_452' title='bbox 2519 3040 2655 3135; x_wconf 74' lang='grc' dir='ltr'>μηδὲ</span> <span class='ocrx_word' id='word_1_453' title='bbox 2693 3040 3094 3135; x_wconf 55' lang='grc' dir='ltr'>παραιρεῖσθαι</span> <span class='ocrx_word' id='word_1_454' title='bbox 3127 3068 3233 3137; x_wconf 78' lang='grc' dir='ltr'>τὴν</span> <span class='ocrx_word' id='word_1_455' title='bbox 3281 3040 3470 3137; x_wconf 78' lang='grc' dir='ltr'>ἀρχὴν,</span> <span class='ocrx_word' id='word_1_456' title='bbox 3505 3069 3548 3119; x_wconf 85' lang='grc' dir='ltr'><strong>εί</strong></span> <span class='ocrx_word' id='word_1_457' title='bbox 3574 3065 3637 3135; x_wconf 78' lang='grc' dir='ltr'>μὴ</span> <span class='ocrx_word' id='word_1_458' title='bbox 3656 3078 3770 3129; x_wconf 62' lang='lat' dir='ltr'><strong>eave-</strong></span> 
     </span>
    </p>
   </div>
   <div class='ocr_carea' id='block_1_64' title="bbox 598 3129 2184 3230">
    <p class='ocr_par' dir='ltr' id='par_1_64' title="bbox 598 3129 2178 3211">
     <span class='ocr_line' id='line_1_65' title="bbox 598 3129 2178 3211; baseline 0.012 -30"><span class='ocrx_word' id='word_1_459' title='bbox 598 3135 747 3181; x_wconf 74' lang='lat' dir='ltr'><strong>Itum</strong></span> <span class='ocrx_word' id='word_1_460' title='bbox 784 3130 965 3183; x_wconf 63' lang='lat' dir='ltr'><strong>scelus</strong></span> <span class='ocrx_word' id='word_1_461' title='bbox 997 3129 1283 3200; x_wconf 81' lang='lat' dir='ltr'><strong>designare</strong></span> <span class='ocrx_word' id='word_1_462' title='bbox 1312 3133 1564 3189; x_wconf 85' lang='lat' dir='ltr'><strong>voluerit.</strong></span> <span class='ocrx_word' id='word_1_463' title='bbox 1609 3135 1702 3191; x_wconf 89' lang='lat' dir='ltr'><strong>Sin</strong></span> <span class='ocrx_word' id='word_1_464' title='bbox 1742 3140 1809 3194; x_wconf 90' lang='lat' dir='ltr'><strong>de</strong></span> <span class='ocrx_word' id='word_1_465' title='bbox 1848 3141 2178 3211; x_wconf 80' lang='lat' dir='ltr'><strong>iuramentis</strong></span> 
     </span>
    </p>
   </div>
   <div class='ocr_carea' id='block_1_65' title="bbox 2184 3129 3770 3230">
    <p class='ocr_par' dir='ltr' id='par_1_65' title="bbox 2217 3129 3770 3230">
     <span class='ocr_line' id='line_1_66' title="bbox 2217 3129 3770 3230; baseline 0 -23"><span class='ocrx_word' id='word_1_466' title='bbox 2217 3129 2247 3132; x_wconf 32' lang='lat' dir='ltr'><strong>ﬁ</strong></span> <span class='ocrx_word' id='word_1_467' title='bbox 2285 3156 2396 3227; x_wconf 88' lang='grc' dir='ltr'><strong>ρῶς</strong></span> <span class='ocrx_word' id='word_1_468' title='bbox 2445 3129 2652 3227; x_wconf 65' lang='grc' dir='ltr'>αἱροέτο</span> <span class='ocrx_word' id='word_1_469' title='bbox 2686 3129 2913 3213; x_wconf 71' lang='grc' dir='ltr'>ἀδικεῖν.</span> <span class='ocrx_word' id='word_1_470' title='bbox 2950 3158 3013 3211; x_wconf 83' lang='lat' dir='ltr'><strong>El</strong></span> <span class='ocrx_word' id='word_1_471' title='bbox 3062 3158 3120 3210; x_wconf 75' lang='grc' dir='ltr'>δὲ</span> <span class='ocrx_word' id='word_1_472' title='bbox 3148 3129 3283 3223; x_wconf 76' lang='grc' dir='ltr'>τοὺς</span> <span class='ocrx_word' id='word_1_473' title='bbox 3556 3129 3770 3211; x_wconf 35' lang='grc' dir='ltr'>ἐπ’-αὑτοῦ</span> 
     </span>
    </p>
   </div>
   <div class='ocr_carea' id='block_1_66' title="bbox 597 3216 2176 3307">
    <p class='ocr_par' dir='ltr' id='par_1_66' title="bbox 597 3216 2176 3307">
     <span class='ocr_line' id='line_1_67' title="bbox 597 3216 2176 3307; baseline 0.012 -35"><span class='ocrx_word' id='word_1_474' title='bbox 597 3216 840 3287; x_wconf 89' lang='lat' dir='ltr'><strong>loquitur</strong></span> <span class='ocrx_word' id='word_1_475' title='bbox 860 3261 877 3286; x_wconf 93' lang='lat'><strong>,</strong></span> <span class='ocrx_word' id='word_1_476' title='bbox 919 3236 1038 3290; x_wconf 71' lang='lat' dir='ltr'><strong>qua:</strong></span> <span class='ocrx_word' id='word_1_477' title='bbox 1068 3221 1170 3293; x_wconf 89' lang='lat' dir='ltr'><strong>ipsi</strong></span> <span class='ocrx_word' id='word_1_478' title='bbox 1200 3232 1389 3293; x_wconf 82' lang='lat' dir='ltr'><strong>postea</strong></span> <span class='ocrx_word' id='word_1_479' title='bbox 1419 3228 1768 3295; x_wconf 66' lang='lat' dir='ltr'><strong>(patriarchae</strong></span> <span class='ocrx_word' id='word_1_480' title='bbox 1804 3233 2048 3307; x_wconf 85' lang='lat' dir='ltr'><strong>inquam)</strong></span> <span class='ocrx_word' id='word_1_481' title='bbox 2081 3236 2176 3293; x_wconf 73' lang='lat' dir='ltr'><strong>de—</strong></span> 
     </span>
    </p>
   </div>
   <div class='ocr_carea' id='block_1_67' title="bbox 600 3309 2176 3400">
    <p class='ocr_par' dir='ltr' id='par_1_67' title="bbox 600 3309 2176 3400">
     <span class='ocr_line' id='line_1_68' title="bbox 600 3309 2176 3400; baseline 0.015 -37"><span class='ocrx_word' id='word_1_482' title='bbox 600 3309 800 3374; x_wconf 87' lang='lat' dir='ltr'><strong>derim,</strong></span> <span class='ocrx_word' id='word_1_483' title='bbox 824 3312 1076 3382; x_wconf 84' lang='lat' dir='ltr'><strong>equidem</strong></span> <span class='ocrx_word' id='word_1_484' title='bbox 1127 3314 1404 3371; x_wconf 84' lang='lat' dir='ltr'><strong>hominem</strong></span> <span class='ocrx_word' id='word_1_485' title='bbox 1440 3322 1729 3389; x_wconf 86' lang='lat' dir='ltr'><strong>reveritus,</strong></span> <span class='ocrx_word' id='word_1_486' title='bbox 1762 3324 1972 3380; x_wconf 90' lang='lat' dir='ltr'><strong>nullum</strong></span> <span class='ocrx_word' id='word_1_487' title='bbox 2010 3345 2176 3400; x_wconf 90' lang='lat' dir='ltr'><strong>super</strong></span> 
     </span>
    </p>
   </div>
   <div class='ocr_carea' id='block_1_68' title="bbox 599 3401 2187 3491">
    <p class='ocr_par' dir='ltr' id='par_1_68' title="bbox 599 3401 2187 3491">
     <span class='ocr_line' id='line_1_69' title="bbox 599 3401 2187 3491; baseline 0.016 -36"><span class='ocrx_word' id='word_1_488' title='bbox 599 3401 670 3457; x_wconf 82' lang='lat' dir='ltr'><strong>iis</strong></span> <span class='ocrx_word' id='word_1_489' title='bbox 701 3402 927 3458; x_wconf 86' lang='lat' dir='ltr'><strong>verbum</strong></span> <span class='ocrx_word' id='word_1_490' title='bbox 951 3404 1125 3461; x_wconf 87' lang='lat' dir='ltr'><strong>edere</strong></span> <span class='ocrx_word' id='word_1_491' title='bbox 1174 3408 1560 3479; x_wconf 80' lang='lat' dir='ltr'><strong>cogitaveram.</strong></span> <span class='ocrx_word' id='word_1_492' title='bbox 1616 3414 1752 3480; x_wconf 83' lang='lat' dir='ltr'><strong>Quia</strong></span> <span class='ocrx_word' id='word_1_493' title='bbox 1800 3434 1930 3475; x_wconf 86' lang='lat' dir='ltr'><strong>vero</strong></span> <span class='ocrx_word' id='word_1_494' title='bbox 1962 3421 2080 3491; x_wconf 89' lang='lat' dir='ltr'><strong>ipse</strong></span> <span class='ocrx_word' id='word_1_495' title='bbox 2109 3430 2187 3481; x_wconf 82' lang='lat' dir='ltr'><strong>ea&#39;</strong></span> 
     </span>
    </p>
   </div>
   <div class='ocr_carea' id='block_1_69' title="bbox 600 3495 2173 3585">
    <p class='ocr_par' dir='ltr' id='par_1_69' title="bbox 600 3495 2173 3585">
     <span class='ocr_line' id='line_1_70' title="bbox 600 3495 2173 3585; baseline 0.017 -39"><span class='ocrx_word' id='word_1_496' title='bbox 600 3495 657 3547; x_wconf 84' lang='lat' dir='ltr'><strong>in</strong></span> <span class='ocrx_word' id='word_1_497' title='bbox 715 3510 944 3561; x_wconf 77' lang='lat' dir='ltr'><strong>examen</strong></span> <span class='ocrx_word' id='word_1_498' title='bbox 998 3498 1146 3563; x_wconf 79' lang='lat' dir='ltr'><strong>cogit</strong></span> <span class='ocrx_word' id='word_1_499' title='bbox 1195 3499 1488 3569; x_wconf 84' lang='lat' dir='ltr'><strong>deducere,</strong></span> <span class='ocrx_word' id='word_1_500' title='bbox 1522 3504 1568 3559; x_wconf 89' lang='lat' dir='ltr'><strong>si</strong></span> <span class='ocrx_word' id='word_1_501' title='bbox 1611 3509 1782 3578; x_wconf 80' lang='lat' dir='ltr'><strong>magis</strong></span> <span class='ocrx_word' id='word_1_502' title='bbox 1817 3511 1943 3567; x_wconf 90' lang='lat' dir='ltr'><strong>inde</strong></span> <span class='ocrx_word' id='word_1_503' title='bbox 1993 3514 2173 3585; x_wconf 88' lang='lat' dir='ltr'><strong>ipsum</strong></span> 
     </span>
    </p>
   </div>
   <div class='ocr_carea' id='block_1_70' title="bbox 598 3586 2174 3682">
    <p class='ocr_par' dir='ltr' id='par_1_70' title="bbox 598 3586 2174 3682">
     <span class='ocr_line' id='line_1_71' title="bbox 598 3586 2174 3682; baseline 0.016 -42"><span class='ocrx_word' id='word_1_504' title='bbox 598 3586 875 3658; x_wconf 86' lang='lat' dir='ltr'><strong>peierasse</strong></span> <span class='ocrx_word' id='word_1_505' title='bbox 905 3590 1166 3657; x_wconf 83' lang='lat' dir='ltr'><strong>docuero,</strong></span> <span class='ocrx_word' id='word_1_506' title='bbox 1195 3594 1251 3648; x_wconf 89' lang='lat' dir='ltr'><strong>in</strong></span> <span class='ocrx_word' id='word_1_507' title='bbox 1292 3597 1488 3652; x_wconf 85' lang='lat' dir='ltr'><strong>bonam</strong></span> <span class='ocrx_word' id='word_1_508' title='bbox 1521 3611 1731 3669; x_wconf 86' lang='lat' dir='ltr'><strong>partem</strong></span> <span class='ocrx_word' id='word_1_509' title='bbox 1762 3608 2013 3676; x_wconf 85' lang='lat' dir='ltr'><strong>accipiat.</strong></span> <span class='ocrx_word' id='word_1_510' title='bbox 2060 3609 2174 3682; x_wconf 84' lang='lat' dir='ltr'><strong>Ego</strong></span> 
     </span>
    </p>
   </div>
   <div class='ocr_carea' id='block_1_71' title="bbox 599 3686 2175 3760">
    <p class='ocr_par' dir='ltr' id='par_1_71' title="bbox 599 3686 2175 3760">
     <span class='ocr_line' id='line_1_72' title="bbox 599 3686 2175 3760; baseline 0.017 -28"><span class='ocrx_word' id='word_1_511' title='bbox 599 3694 842 3751; x_wconf 82' lang='lat' dir='ltr'><strong>namque</strong></span> <span class='ocrx_word' id='word_1_512' title='bbox 895 3687 1104 3739; x_wconf 86' lang='lat' dir='ltr'><strong>recenti</strong></span> <span class='ocrx_word' id='word_1_513' title='bbox 1144 3686 1489 3757; x_wconf 67' lang='lat' dir='ltr'><strong>imperatoris</strong></span> <span class='ocrx_word' id='word_1_514' title='bbox 1528 3693 1704 3760; x_wconf 88' lang='lat' dir='ltr'><strong>obitu,</strong></span> <span class='ocrx_word' id='word_1_515' title='bbox 1762 3712 1886 3752; x_wconf 88' lang='lat' dir='ltr'><strong>cum</strong></span> <span class='ocrx_word' id='word_1_516' title='bbox 1935 3700 2175 3758; x_wconf 87' lang='lat' dir='ltr'><strong>viderem</strong></span> 
     </span>
    </p>
   </div>
   <div class='ocr_carea' id='block_1_72' title="bbox 598 3774 2174 3862">
    <p class='ocr_par' dir='ltr' id='par_1_72' title="bbox 598 3774 2174 3862">
     <span class='ocr_line' id='line_1_73' title="bbox 598 3774 2174 3862; baseline 0.015 -36"><span class='ocrx_word' id='word_1_517' title='bbox 598 3787 723 3826; x_wconf 87' lang='lat' dir='ltr'><strong>eum</strong></span> <span class='ocrx_word' id='word_1_518' title='bbox 779 3774 849 3829; x_wconf 85' lang='lat' dir='ltr'><strong>ad</strong></span> <span class='ocrx_word' id='word_1_519' title='bbox 893 3777 1285 3853; x_wconf 85' lang='lat' dir='ltr'><strong>rempublicam</strong></span> <span class='ocrx_word' id='word_1_520' title='bbox 1333 3785 1668 3839; x_wconf 83' lang='lat' dir='ltr'><strong>tractandam</strong></span> <span class='ocrx_word' id='word_1_521' title='bbox 1707 3802 1766 3843; x_wconf 89' lang='lat' dir='ltr'><strong>se</strong></span> <span class='ocrx_word' id='word_1_522' title='bbox 1820 3789 2085 3862; x_wconf 83' lang='lat' dir='ltr'><strong>ingerere,</strong></span> <span class='ocrx_word' id='word_1_523' title='bbox 2121 3806 2174 3850; x_wconf 90' lang='lat' dir='ltr'><strong>et</strong></span> 
     </span>
    </p>
   </div>
   <div class='ocr_carea' id='block_1_73' title="bbox 599 3863 2176 3950">
    <p class='ocr_par' dir='ltr' id='par_1_73' title="bbox 599 3863 2176 3950">
     <span class='ocr_line' id='line_1_74' title="bbox 599 3863 2176 3950; baseline 0.016 -35"><span class='ocrx_word' id='word_1_524' title='bbox 599 3863 905 3920; x_wconf 81' lang='lat' dir='ltr'><strong>ambitione</strong></span> <span class='ocrx_word' id='word_1_525' title='bbox 961 3879 1129 3937; x_wconf 86' lang='lat' dir='ltr'><strong>atque</strong></span> <span class='ocrx_word' id='word_1_526' title='bbox 1165 3870 1472 3942; x_wconf 88' lang='lat' dir='ltr'><strong>imperandi</strong></span> <span class='ocrx_word' id='word_1_527' title='bbox 1531 3876 1703 3947; x_wconf 89' lang='lat' dir='ltr'><strong>gloria</strong></span> <span class='ocrx_word' id='word_1_528' title='bbox 1750 3884 2006 3950; x_wconf 89' lang='lat' dir='ltr'><strong>prurire;</strong></span> <span class='ocrx_word' id='word_1_529' title='bbox 2071 3881 2176 3942; x_wconf 72' lang='lat' dir='ltr'><strong>n&#39;t-c</strong></span> 
     </span>
    </p>
   </div>
   <div class='ocr_carea' id='block_1_74' title="bbox 600 3954 2179 4048">
    <p class='ocr_par' dir='ltr' id='par_1_74' title="bbox 600 3954 2179 4048">
     <span class='ocr_line' id='line_1_75' title="bbox 600 3954 2179 4048; baseline 0.016 -39"><span class='ocrx_word' id='word_1_530' title='bbox 600 3954 934 4024; x_wconf 80' lang='lat' dir='ltr'><strong>ignorarem,</strong></span> <span class='ocrx_word' id='word_1_531' title='bbox 958 3976 1122 4031; x_wconf 86' lang='lat' dir='ltr'><strong>quam</strong></span> <span class='ocrx_word' id='word_1_532' title='bbox 1153 3964 1291 4018; x_wconf 82' lang='lat' dir='ltr'><strong>nilul</strong></span> <span class='ocrx_word' id='word_1_533' title='bbox 1336 3967 1622 4035; x_wconf 86' lang='lat' dir='ltr'><strong>prodesset</strong></span> <span class='ocrx_word' id='word_1_534' title='bbox 1668 3970 1981 4042; x_wconf 83' lang='lat' dir='ltr'><strong>huiusmodi</strong></span> <span class='ocrx_word' id='word_1_535' title='bbox 2011 3993 2179 4048; x_wconf 80' lang='lat' dir='ltr'><strong>appe-</strong></span> 
     </span>
    </p>
   </div>
   <div class='ocr_carea' id='block_1_75' title="bbox 600 4049 2170 4126">
    <p class='ocr_par' dir='ltr' id='par_1_75' title="bbox 600 4049 2170 4126">
     <span class='ocr_line' id='line_1_76' title="bbox 600 4049 2170 4126; baseline 0.015 -23"><span class='ocrx_word' id='word_1_536' title='bbox 600 4049 783 4104; x_wconf 89' lang='lat' dir='ltr'><strong>titioui</strong></span> <span class='ocrx_word' id='word_1_537' title='bbox 821 4051 1101 4125; x_wconf 85' lang='lat' dir='ltr'><strong>indulgere</strong></span> <span class='ocrx_word' id='word_1_538' title='bbox 1131 4055 1377 4126; x_wconf 87' lang='lat' dir='ltr'><strong>(multam</strong></span> <span class='ocrx_word' id='word_1_539' title='bbox 1425 4060 1571 4114; x_wconf 90' lang='lat' dir='ltr'><strong>enim</strong></span> <span class='ocrx_word' id='word_1_540' title='bbox 1608 4062 1735 4117; x_wconf 88' lang='lat' dir='ltr'><strong>inde</strong></span> <span class='ocrx_word' id='word_1_541' title='bbox 1772 4064 2170 4126; x_wconf 87' lang='lat' dir='ltr'><strong>discordiarum</strong></span> 
     </span>
    </p>
   </div>
   <div class='ocr_carea' id='block_1_76' title="bbox 598 4144 2172 4233">
    <p class='ocr_par' dir='ltr' id='par_1_76' title="bbox 598 4144 2172 4233">
     <span class='ocr_line' id='line_1_77' title="bbox 598 4144 2172 4233; baseline 0.013 -37"><span class='ocrx_word' id='word_1_542' title='bbox 598 4156 666 4197; x_wconf 81' lang='lat' dir='ltr'><strong>ac</strong></span> <span class='ocrx_word' id='word_1_543' title='bbox 686 4144 1018 4199; x_wconf 87' lang='lat' dir='ltr'><strong>seditionum</strong></span> <span class='ocrx_word' id='word_1_544' title='bbox 1044 4148 1329 4202; x_wconf 88' lang='lat' dir='ltr'><strong>materiam</strong></span> <span class='ocrx_word' id='word_1_545' title='bbox 1357 4151 1688 4207; x_wconf 80' lang='lat' dir='ltr'><strong>exoritnram</strong></span> <span class='ocrx_word' id='word_1_546' title='bbox 1707 4160 2172 4233; x_wconf 64' lang='lat' dir='ltr'><strong>praesentiebant),</strong></span> 
     </span>
    </p>
   </div>
   <div class='ocr_carea' id='block_1_77' title="bbox 600 4234 2172 4321">
    <p class='ocr_par' dir='ltr' id='par_1_77' title="bbox 600 4234 2172 4321">
     <span class='ocr_line' id='line_1_78' title="bbox 600 4234 2172 4321; baseline 0.015 -35"><span class='ocrx_word' id='word_1_547' title='bbox 600 4234 778 4304; x_wconf 85' lang='lat' dir='ltr'><strong>palam</strong></span> <span class='ocrx_word' id='word_1_548' title='bbox 823 4247 1006 4292; x_wconf 88' lang='lat' dir='ltr'><strong>autem</strong></span> <span class='ocrx_word' id='word_1_549' title='bbox 1031 4239 1149 4308; x_wconf 88' lang='lat' dir='ltr'><strong>ejus</strong></span> <span class='ocrx_word' id='word_1_550' title='bbox 1174 4250 1429 4295; x_wconf 89' lang='lat' dir='ltr'><strong>conatum</strong></span> <span class='ocrx_word' id='word_1_551' title='bbox 1463 4243 1760 4316; x_wconf 78' lang='lat' dir='ltr'><strong>infringere</strong></span> <span class='ocrx_word' id='word_1_552' title='bbox 1811 4249 2172 4321; x_wconf 88' lang='lat' dir='ltr'><strong>invidiosmn,</strong></span> 
     </span>
    </p>
   </div>
   <div class='ocr_carea' id='block_1_78' title="bbox 598 4326 2174 4407">
    <p class='ocr_par' dir='ltr' id='par_1_78' title="bbox 598 4326 2174 4407">
     <span class='ocr_line' id='line_1_79' title="bbox 598 4326 2174 4407; baseline 0.015 -29"><span class='ocrx_word' id='word_1_553' title='bbox 598 4340 666 4379; x_wconf 83' lang='lat' dir='ltr'><strong>ac</strong></span> <span class='ocrx_word' id='word_1_554' title='bbox 700 4326 991 4396; x_wconf 66' lang='lat' dir='ltr'><strong>tyrannicae</strong></span> <span class='ocrx_word' id='word_1_555' title='bbox 1022 4328 1305 4396; x_wconf 88' lang='lat' dir='ltr'><strong>cuiusdam</strong></span> <span class='ocrx_word' id='word_1_556' title='bbox 1352 4332 1723 4391; x_wconf 74' lang='lat' dir='ltr'><strong>allectatiouis</strong></span> <span class='ocrx_word' id='word_1_557' title='bbox 1744 4338 1913 4395; x_wconf 87' lang='lat' dir='ltr'><strong>videri</strong></span> <span class='ocrx_word' id='word_1_558' title='bbox 1942 4381 1959 4407; x_wconf 96' lang='lat'><strong>,</strong></span> <span class='ocrx_word' id='word_1_559' title='bbox 1987 4343 2174 4401; x_wconf 88' lang='lat' dir='ltr'><strong>istius-</strong></span> 
     </span>
    </p>
   </div>
   <div class='ocr_carea' id='block_1_79' title="bbox 599 4416 2174 4501">
    <p class='ocr_par' dir='ltr' id='par_1_79' title="bbox 599 4416 2174 4501">
     <span class='ocr_line' id='line_1_80' title="bbox 599 4416 2174 4501; baseline 0.015 -33"><span class='ocrx_word' id='word_1_560' title='bbox 599 4416 747 4470; x_wconf 89' lang='lat' dir='ltr'><strong>modi</strong></span> <span class='ocrx_word' id='word_1_561' title='bbox 783 4417 1013 4474; x_wconf 91' lang='lat' dir='ltr'><strong>incertis</strong></span> <span class='ocrx_word' id='word_1_562' title='bbox 1043 4434 1108 4473; x_wconf 92' lang='lat' dir='ltr'><strong>ac</strong></span> <span class='ocrx_word' id='word_1_563' title='bbox 1134 4419 1318 4476; x_wconf 85' lang='lat' dir='ltr'><strong>dubiis</strong></span> <span class='ocrx_word' id='word_1_564' title='bbox 1340 4423 1762 4494; x_wconf 80' lang='lat' dir='ltr'><strong>cegitationilrus</strong></span> <span class='ocrx_word' id='word_1_565' title='bbox 1789 4428 1881 4483; x_wconf 91' lang='lat' dir='ltr'><strong>diu</strong></span> <span class='ocrx_word' id='word_1_566' title='bbox 1914 4431 2174 4501; x_wconf 84' lang='lat' dir='ltr'><strong>luctatus,</strong></span> 
     </span>
    </p>
   </div>
   <div class='ocr_carea' id='block_1_80' title="bbox 601 4508 2182 4595">
    <p class='ocr_par' dir='ltr' id='par_1_80' title="bbox 601 4508 2182 4595">
     <span class='ocr_line' id='line_1_81' title="bbox 601 4508 2182 4595; baseline 0.013 -34"><span class='ocrx_word' id='word_1_567' title='bbox 601 4508 822 4564; x_wconf 89' lang='lat' dir='ltr'><strong>tandem</strong></span> <span class='ocrx_word' id='word_1_568' title='bbox 856 4510 904 4566; x_wconf 91' lang='lat' dir='ltr'><strong>si</strong></span> <span class='ocrx_word' id='word_1_569' title='bbox 932 4526 1041 4566; x_wconf 91' lang='lat' dir='ltr'><strong>non</strong></span> <span class='ocrx_word' id='word_1_570' title='bbox 1066 4514 1402 4583; x_wconf 66' lang='lat' dir='ltr'><strong>reipublicae,</strong></span> <span class='ocrx_word' id='word_1_571' title='bbox 1439 4526 1497 4572; x_wconf 89' lang='lat' dir='ltr'><strong>at</strong></span> <span class='ocrx_word' id='word_1_572' title='bbox 1550 4528 1698 4575; x_wconf 91' lang='lat' dir='ltr'><strong>certe</strong></span> <span class='ocrx_word' id='word_1_573' title='bbox 1736 4521 1985 4580; x_wconf 87' lang='lat' dir='ltr'><strong>mihimet</strong></span> <span class='ocrx_word' id='word_1_574' title='bbox 2048 4542 2182 4595; x_wconf 90' lang='lat' dir='ltr'><strong>pro-</strong></span> 
     </span>
    </p>
   </div>
   <div class='ocr_carea' id='block_1_81' title="bbox 601 4596 2179 4687">
    <p class='ocr_par' dir='ltr' id='par_1_81' title="bbox 601 4596 2179 4687">
     <span class='ocr_line' id='line_1_82' title="bbox 601 4596 2179 4687; baseline 0.014 -36"><span class='ocrx_word' id='word_1_575' title='bbox 601 4599 974 4667; x_wconf 84' lang='lat' dir='ltr'><strong>spiciendum,</strong></span> <span class='ocrx_word' id='word_1_576' title='bbox 1006 4612 1061 4658; x_wconf 92' lang='lat' dir='ltr'><strong>et</strong></span> <span class='ocrx_word' id='word_1_577' title='bbox 1088 4606 1252 4660; x_wconf 82' lang='lat' dir='ltr'><strong>vitam</strong></span> <span class='ocrx_word' id='word_1_578' title='bbox 1272 4596 1460 4663; x_wconf 51' lang='lat' dir='ltr'><strong>&#39;meam</strong></span> <span class='ocrx_word' id='word_1_579' title='bbox 1488 4625 1520 4687; x_wconf 80' lang='lat' dir='ltr'><strong>a</strong></span> <span class='ocrx_word' id='word_1_580' title='bbox 1549 4611 1889 4680; x_wconf 85' lang='lat' dir='ltr'><strong>publicorum</strong></span> <span class='ocrx_word' id='word_1_581' title='bbox 1935 4619 2179 4687; x_wconf 90' lang='lat' dir='ltr'><strong>negotio-</strong></span> 
     </span>
    </p>
   </div>
   <div class='ocr_carea' id='block_1_82' title="bbox 602 4681 2180 4775">
    <p class='ocr_par' dir='ltr' id='par_1_82' title="bbox 602 4681 2180 4775">
     <span class='ocr_line' id='line_1_83' title="bbox 602 4681 2180 4775; baseline 0.013 -33"><span class='ocrx_word' id='word_1_582' title='bbox 602 4705 723 4743; x_wconf 89' lang='lat' dir='ltr'><strong>rum</strong></span> <span class='ocrx_word' id='word_1_583' title='bbox 759 4692 988 4760; x_wconf 89' lang='lat' dir='ltr'><strong>strepitu</strong></span> <span class='ocrx_word' id='word_1_584' title='bbox 1008 4707 1305 4775; x_wconf 88' lang='lat' dir='ltr'><strong>remotam,</strong></span> <span class='ocrx_word' id='word_1_585' title='bbox 1331 4700 1458 4763; x_wconf 67' lang='lat' dir='ltr'><strong>~otio</strong></span> <span class='ocrx_word' id='word_1_586' title='bbox 1486 4681 1740 4768; x_wconf 72' lang='lat' dir='ltr'><strong>lionesto,</strong></span> <span class='ocrx_word' id='word_1_587' title='bbox 1773 4681 2180 4775; x_wconf 75' lang='lat' dir='ltr'><strong>tranquillitati-</strong></span> 
     </span>
    </p>
   </div>
   <div class='ocr_carea' id='block_1_83' title="bbox 602 4774 2176 4855">
    <p class='ocr_par' dir='ltr' id='par_1_83' title="bbox 602 4774 2176 4855">
     <span class='ocr_line' id='line_1_84' title="bbox 602 4774 2176 4855; baseline 0.013 -20"><span class='ocrx_word' id='word_1_588' title='bbox 602 4798 710 4852; x_wconf 88' lang='lat' dir='ltr'><strong>que</strong></span> <span class='ocrx_word' id='word_1_589' title='bbox 765 4774 1021 4839; x_wconf 78' lang='lat' dir='ltr'><strong>mandare</strong></span> <span class='ocrx_word' id='word_1_590' title='bbox 1050 4786 1296 4853; x_wconf 86' lang='lat' dir='ltr'><strong>decrevi,</strong></span> <span class='ocrx_word' id='word_1_591' title='bbox 1331 4804 1400 4844; x_wconf 89' lang='lat' dir='ltr'><strong>ne</strong></span> <span class='ocrx_word' id='word_1_592' title='bbox 1455 4791 1718 4849; x_wconf 85' lang='lat' dir='ltr'><strong>Romanis</strong></span> <span class='ocrx_word' id='word_1_593' title='bbox 1775 4799 2176 4855; x_wconf 68' lang='lat' dir='ltr'><strong>teter-rimorum</strong></span> 
     </span>
    </p>
   </div>
   <div class='ocr_carea' id='block_1_84' title="bbox 603 4876 2176 4958">
    <p class='ocr_par' dir='ltr' id='par_1_84' title="bbox 603 4876 2176 4958">
     <span class='ocr_line' id='line_1_85' title="bbox 603 4876 2176 4958; baseline 0.009 -28"><span class='ocrx_word' id='word_1_594' title='bbox 603 4876 1075 4930; x_wconf 86' lang='lat' dir='ltr'><strong>incommodorum</strong></span> <span class='ocrx_word' id='word_1_595' title='bbox 1120 4886 1305 4948; x_wconf 90' lang='lat' dir='ltr'><strong>caput,</strong></span> <span class='ocrx_word' id='word_1_596' title='bbox 1338 4890 1394 4933; x_wconf 88' lang='lat' dir='ltr'><strong>et</strong></span> <span class='ocrx_word' id='word_1_597' title='bbox 1429 4884 1581 4953; x_wconf 83' lang='lat' dir='ltr'><strong>origo</strong></span> <span class='ocrx_word' id='word_1_598' title='bbox 1612 4885 1888 4941; x_wconf 80' lang='lat' dir='ltr'><strong>exstitisse</strong></span> <span class='ocrx_word' id='word_1_599' title='bbox 1930 4898 2176 4958; x_wconf 87' lang='lat' dir='ltr'><strong>putarer.</strong></span> 
     </span>
    </p>
   </div>
   <div class='ocr_carea' id='block_1_85' title="bbox 604 4967 2175 5050">
    <p class='ocr_par' dir='ltr' id='par_1_85' title="bbox 604 4967 2175 5050">
     <span class='ocr_line' id='line_1_86' title="bbox 604 4967 2175 5050; baseline 0.01 -29"><span class='ocrx_word' id='word_1_600' title='bbox 604 4967 784 5034; x_wconf 86' lang='lat' dir='ltr'><strong>Quare</strong></span> <span class='ocrx_word' id='word_1_601' title='bbox 839 4968 1031 5025; x_wconf 90' lang='lat' dir='ltr'><strong>eodem</strong></span> <span class='ocrx_word' id='word_1_602' title='bbox 1081 4971 1413 5043; x_wconf 85' lang='lat' dir='ltr'><strong>ususlegato</strong></span> <span class='ocrx_word' id='word_1_603' title='bbox 1461 4975 1528 5027; x_wconf 89' lang='lat' dir='ltr'><strong>ad</strong></span> <span class='ocrx_word' id='word_1_604' title='bbox 1577 4976 1896 5048; x_wconf 85' lang='lat' dir='ltr'><strong>Augustam,</strong></span> <span class='ocrx_word' id='word_1_605' title='bbox 1956 4980 2175 5050; x_wconf 89' lang='lat' dir='ltr'><strong>imperii</strong></span> 
     </span>
    </p>
   </div>
   <div class='ocr_carea' id='block_1_86' title="bbox 605 5063 2177 5143">
    <p class='ocr_par' dir='ltr' id='par_1_86' title="bbox 605 5063 2177 5143">
     <span class='ocr_line' id='line_1_87' title="bbox 605 5063 2177 5143; baseline 0.01 -29"><span class='ocrx_word' id='word_1_606' title='bbox 605 5063 996 5131; x_wconf 86' lang='lat' dir='ltr'><strong>procuratione</strong></span> <span class='ocrx_word' id='word_1_607' title='bbox 1047 5079 1137 5119; x_wconf 90' lang='lat' dir='ltr'><strong>me</strong></span> <span class='ocrx_word' id='word_1_608' title='bbox 1183 5065 1452 5120; x_wconf 87' lang='lat' dir='ltr'><strong>abdicavi.</strong></span> <span class='ocrx_word' id='word_1_609' title='bbox 1504 5066 1635 5134; x_wconf 70' lang='lat' dir='ltr'><strong>Quae</strong></span> <span class='ocrx_word' id='word_1_610' title='bbox 1665 5070 1940 5128; x_wconf 86' lang='lat' dir='ltr'><strong>auditione</strong></span> <span class='ocrx_word' id='word_1_611' title='bbox 1973 5074 2177 5143; x_wconf 79' lang='lat' dir='ltr'><strong>impro~</strong></span> 
     </span>
    </p>
   </div>
   <div class='ocr_carea' id='block_1_87' title="bbox 605 5151 2180 5229">
    <p class='ocr_par' dir='ltr' id='par_1_87' title="bbox 605 5151 2180 5229">
     <span class='ocr_line' id='line_1_88' title="bbox 605 5151 2180 5229; baseline 0.009 -24"><span class='ocrx_word' id='word_1_612' title='bbox 605 5151 722 5207; x_wconf 81' lang='lat' dir='ltr'><strong>visa</strong></span> <span class='ocrx_word' id='word_1_613' title='bbox 767 5153 1168 5224; x_wconf 79' lang='lat' dir='ltr'><strong>obstupefacta,</strong></span> <span class='ocrx_word' id='word_1_614' title='bbox 1195 5155 1705 5229; x_wconf 85' lang='lat' dir='ltr'><strong>abdicationemque</strong></span> <span class='ocrx_word' id='word_1_615' title='bbox 1731 5176 1906 5216; x_wconf 89' lang='lat' dir='ltr'><strong>meam</strong></span> <span class='ocrx_word' id='word_1_616' title='bbox 1933 5178 2180 5219; x_wconf 89' lang='lat' dir='ltr'><strong>commu-</strong></span> 
     </span>
    </p>
   </div>
   <div class='ocr_carea' id='block_1_88' title="bbox 606 5245 2175 5321">
    <p class='ocr_par' dir='ltr' id='par_1_88' title="bbox 606 5245 2175 5321">
     <span class='ocr_line' id='line_1_89' title="bbox 606 5245 2175 5321; baseline 0.009 -23"><span class='ocrx_word' id='word_1_617' title='bbox 606 5258 731 5299; x_wconf 88' lang='lat' dir='ltr'><strong>nem</strong></span> <span class='ocrx_word' id='word_1_618' title='bbox 762 5245 1118 5317; x_wconf 89' lang='lat' dir='ltr'><strong>interpretata</strong></span> <span class='ocrx_word' id='word_1_619' title='bbox 1141 5247 1454 5317; x_wconf 83' lang='lat' dir='ltr'><strong>miseriam,</strong></span> <span class='ocrx_word' id='word_1_620' title='bbox 1504 5250 1563 5305; x_wconf 93' lang='lat' dir='ltr'><strong>in</strong></span> <span class='ocrx_word' id='word_1_621' title='bbox 1611 5252 1793 5307; x_wconf 89' lang='lat' dir='ltr'><strong>omnia</strong></span> <span class='ocrx_word' id='word_1_622' title='bbox 1848 5268 1908 5309; x_wconf 86' lang='lat' dir='ltr'><strong>se</strong></span> <span class='ocrx_word' id='word_1_623' title='bbox 1939 5265 2175 5321; x_wconf 84' lang='lat' dir='ltr'><strong>vertens,</strong></span> 
     </span>
    </p>
   </div>
   <div class='ocr_carea' id='block_1_89' title="bbox 2283 3248 3773 3320">
    <p class='ocr_par' dir='ltr' id='par_1_89' title="bbox 2283 3248 3773 3320">
     <span class='ocr_line' id='line_1_90' title="bbox 2283 3248 3773 3320; baseline -0.003 -19"><span class='ocrx_word' id='word_1_624' title='bbox 2283 3249 2688 3318; x_wconf 81' lang='grc' dir='ltr'>γεγενημένους</span> <span class='ocrx_word' id='word_1_625' title='bbox 2741 3248 2913 3316; x_wconf 83' lang='grc' dir='ltr'>λέγει,</span> <span class='ocrx_word' id='word_1_626' title='bbox 2967 3248 3078 3318; x_wconf 72' lang='grc' dir='ltr'>εγὼ</span> <span class='ocrx_word' id='word_1_627' title='bbox 3115 3249 3220 3319; x_wconf 82' lang='grc' dir='ltr'>μὲν</span> <span class='ocrx_word' id='word_1_628' title='bbox 3245 3251 3431 3304; x_wconf 81' lang='grc' dir='ltr'>οὐδένα</span> <span class='ocrx_word' id='word_1_629' title='bbox 3460 3251 3577 3320; x_wconf 79' lang='grc' dir='ltr'>περὶ</span> <span class='ocrx_word' id='word_1_630' title='bbox 3610 3248 3773 3301; x_wconf 55' lang='grc' dir='ltr'>ἐκείνων</span> 
     </span>
    </p>
   </div>
   <div class='ocr_carea' id='block_1_90' title="bbox 2283 3337 3771 3423">
    <p class='ocr_par' dir='ltr' id='par_1_90' title="bbox 2283 3337 3771 3423">
     <span class='ocr_line' id='line_1_91' title="bbox 2283 3337 3771 3423; baseline -0.002 -30"><span class='ocrx_word' id='word_1_631' title='bbox 2283 3340 2559 3394; x_wconf 84' lang='grc' dir='ltr'>ποιεῖσθαι</span> <span class='ocrx_word' id='word_1_632' title='bbox 2593 3340 2753 3408; x_wconf 92' lang='grc' dir='ltr'>λόγον</span> <span class='ocrx_word' id='word_1_633' title='bbox 2803 3339 3111 3410; x_wconf 63' lang='grc' dir='ltr'>ἐϐουλόμην</span> <span class='ocrx_word' id='word_1_634' title='bbox 3168 3342 3319 3395; x_wconf 83' lang='grc' dir='ltr'>αίδοτ</span> <span class='ocrx_word' id='word_1_635' title='bbox 3367 3346 3431 3414; x_wconf 75' lang='grc' dir='ltr'>τῇ</span> <span class='ocrx_word' id='word_1_636' title='bbox 3488 3342 3609 3410; x_wconf 64' lang='grc' dir='ltr'>πρὸς</span> <span class='ocrx_word' id='word_1_637' title='bbox 3632 3337 3771 3423; x_wconf 73' lang='grc' dir='ltr'>αὐτόν·</span> 
     </span>
    </p>
   </div>
   <div class='ocr_carea' id='block_1_91' title="bbox 2280 3430 3776 3502">
    <p class='ocr_par' dir='ltr' id='par_1_91' title="bbox 2280 3430 3776 3502">
     <span class='ocr_line' id='line_1_92' title="bbox 2280 3430 3776 3502; baseline -0.005 -15"><span class='ocrx_word' id='word_1_638' title='bbox 2280 3435 2331 3487; x_wconf 80' lang='grc' dir='ltr'>εἰ</span> <span class='ocrx_word' id='word_1_639' title='bbox 2363 3432 2412 3486; x_wconf 80' lang='grc' dir='ltr'>δ’</span> <span class='ocrx_word' id='word_1_640' title='bbox 2439 3433 2652 3494; x_wconf 75' lang='grc' dir='ltr'>ἐκεῖνος</span> <span class='ocrx_word' id='word_1_641' title='bbox 2690 3430 2992 3499; x_wconf 76' lang='grc' dir='ltr'>ἀναγκάζει</span> <span class='ocrx_word' id='word_1_642' title='bbox 3021 3432 3130 3486; x_wconf 88' lang='grc' dir='ltr'><strong>τῶν</strong></span> <span class='ocrx_word' id='word_1_643' title='bbox 3174 3433 3438 3487; x_wconf 77' lang='grc' dir='ltr'>τοιούτων</span> <span class='ocrx_word' id='word_1_644' title='bbox 3479 3434 3568 3502; x_wconf 79' lang='grc' dir='ltr'>τὴν</span> <span class='ocrx_word' id='word_1_645' title='bbox 3588 3432 3776 3497; x_wconf 79' lang='grc' dir='ltr'>ἐξέτασιν</span> 
     </span>
    </p>
   </div>
   <div class='ocr_carea' id='block_1_92' title="bbox 2282 3522 3775 3595">
    <p class='ocr_par' dir='ltr' id='par_1_92' title="bbox 2282 3522 3775 3595">
     <span class='ocr_line' id='line_1_93' title="bbox 2282 3522 3775 3595; baseline -0.004 -16"><span class='ocrx_word' id='word_1_646' title='bbox 2282 3527 2333 3579; x_wconf 82' lang='grc' dir='ltr'><strong>εί</strong></span> <span class='ocrx_word' id='word_1_647' title='bbox 2372 3524 2579 3595; x_wconf 81' lang='grc' dir='ltr'>μᾶλλον</span> <span class='ocrx_word' id='word_1_648' title='bbox 2613 3525 2819 3587; x_wconf 74' lang='grc' dir='ltr'>ἐκεῖνος</span> <span class='ocrx_word' id='word_1_649' title='bbox 2839 3523 2947 3578; x_wconf 83' lang='grc' dir='ltr'>ἀπὸ</span> <span class='ocrx_word' id='word_1_650' title='bbox 2973 3522 3083 3576; x_wconf 88' lang='grc' dir='ltr'><strong>τῶν</strong></span> <span class='ocrx_word' id='word_1_651' title='bbox 3106 3524 3369 3579; x_wconf 82' lang='grc' dir='ltr'>τοιούτων</span> <span class='ocrx_word' id='word_1_652' title='bbox 3396 3523 3618 3594; x_wconf 82' lang='grc' dir='ltr'>φαίνοιτο</span> <span class='ocrx_word' id='word_1_653' title='bbox 3639 3524 3775 3589; x_wconf 67' lang='grc' dir='ltr'>ἐπιορ-</span> 
     </span>
    </p>
   </div>
   <div class='ocr_carea' id='block_1_93' title="bbox 2280 3612 3777 3688">
    <p class='ocr_par' dir='ltr' id='par_1_93' title="bbox 2280 3612 3777 3688">
     <span class='ocr_line' id='line_1_94' title="bbox 2280 3612 3777 3688; baseline -0.008 -16"><span class='ocrx_word' id='word_1_654' title='bbox 2280 3617 2415 3683; x_wconf 85' lang='grc' dir='ltr'>κῶν,</span> <span class='ocrx_word' id='word_1_655' title='bbox 2451 3616 2700 3686; x_wconf 81' lang='grc' dir='ltr'>στέργειν</span> <span class='ocrx_word' id='word_1_656' title='bbox 2753 3615 2982 3670; x_wconf 87' lang='grc' dir='ltr'>δίκαιον.</span> <span class='ocrx_word' id='word_1_657' title='bbox 3049 3614 3198 3683; x_wconf 83' lang='grc' dir='ltr'><strong>Ἐγὼ</strong></span> <span class='ocrx_word' id='word_1_658' title='bbox 3240 3616 3351 3688; x_wconf 82' lang='grc' dir='ltr'>γὰρ</span> <span class='ocrx_word' id='word_1_659' title='bbox 3382 3615 3515 3686; x_wconf 85' lang='grc' dir='ltr'><strong>μετά</strong></span> <span class='ocrx_word' id='word_1_660' title='bbox 3539 3614 3626 3682; x_wconf 75' lang='grc' dir='ltr'>τὴν</span> <span class='ocrx_word' id='word_1_661' title='bbox 3665 3612 3777 3681; x_wconf 79' lang='grc' dir='ltr'>βασι-</span> 
     </span>
    </p>
   </div>
   <div class='ocr_carea' id='block_1_94' title="bbox 2280 3698 3776 3779">
    <p class='ocr_par' dir='ltr' id='par_1_94' title="bbox 2280 3698 3776 3779">
     <span class='ocr_line' id='line_1_95' title="bbox 2280 3698 3776 3779; baseline -0.009 -15"><span class='ocrx_word' id='word_1_662' title='bbox 2280 3709 2422 3773; x_wconf 88' lang='grc' dir='ltr'>λέως</span> <span class='ocrx_word' id='word_1_663' title='bbox 2472 3708 2729 3777; x_wconf 79' lang='grc' dir='ltr'>τελευτὴν</span> <span class='ocrx_word' id='word_1_664' title='bbox 2790 3708 2960 3776; x_wconf 82' lang='grc' dir='ltr'>ὀλίγῳ</span> <span class='ocrx_word' id='word_1_665' title='bbox 3015 3705 3270 3777; x_wconf 77' lang='grc' dir='ltr'>ὕστερον,</span> <span class='ocrx_word' id='word_1_666' title='bbox 3330 3706 3470 3779; x_wconf 83' lang='grc' dir='ltr'>δρῶν</span> <span class='ocrx_word' id='word_1_667' title='bbox 3521 3704 3660 3760; x_wconf 67' lang='grc' dir='ltr'>αὐτὸν</span> <span class='ocrx_word' id='word_1_668' title='bbox 3701 3698 3776 3753; x_wconf 79' lang='grc' dir='ltr'><strong>τῶν</strong></span> 
     </span>
    </p>
   </div>
   <div class='ocr_carea' id='block_1_95' title="bbox 2285 3785 3777 3869">
    <p class='ocr_par' dir='ltr' id='par_1_95' title="bbox 2285 3785 3777 3869">
     <span class='ocr_line' id='line_1_96' title="bbox 2285 3785 3777 3869; baseline -0.01 -14"><span class='ocrx_word' id='word_1_669' title='bbox 2285 3800 2580 3855; x_wconf 84' lang='grc' dir='ltr'>πολιτικῶν</span> <span class='ocrx_word' id='word_1_670' title='bbox 2638 3797 2986 3869; x_wconf 80' lang='grc' dir='ltr'>πραγμάτων</span> <span class='ocrx_word' id='word_1_671' title='bbox 3025 3797 3222 3868; x_wconf 77' lang='grc' dir='ltr'>ἄρχειν</span> <span class='ocrx_word' id='word_1_672' title='bbox 3285 3794 3663 3867; x_wconf 75' lang='grc' dir='ltr'>ἐπιχειροῦντα,</span> <span class='ocrx_word' id='word_1_673' title='bbox 3711 3785 3777 3840; x_wconf 76' lang='grc' dir='ltr'>καὶ</span> 
     </span>
    </p>
   </div>
   <div class='ocr_carea' id='block_1_96' title="bbox 2281 3877 3779 3961">
    <p class='ocr_par' dir='ltr' id='par_1_96' title="bbox 2281 3877 3779 3961">
     <span class='ocr_line' id='line_1_97' title="bbox 2281 3877 3779 3961; baseline -0.007 -14"><span class='ocrx_word' id='word_1_674' title='bbox 2281 3891 2710 3961; x_wconf 75' lang='grc' dir='ltr'>ῦποκνιζόμενον</span> <span class='ocrx_word' id='word_1_675' title='bbox 2741 3891 2821 3954; x_wconf 82' lang='grc' dir='ltr'><strong>είς</strong></span> <span class='ocrx_word' id='word_1_676' title='bbox 2853 3888 3172 3959; x_wconf 84' lang='grc' dir='ltr'>φιλοτιμίαν</span> <span class='ocrx_word' id='word_1_677' title='bbox 3198 3887 3472 3954; x_wconf 68' lang='grc' dir='ltr'>καὶδόξαν</span> <span class='ocrx_word' id='word_1_678' title='bbox 3514 3877 3779 3958; x_wconf 68' lang='grc' dir='ltr'>ἀρχικὴν,τ6</span> 
     </span>
    </p>
   </div>
   <div class='ocr_carea' id='block_1_97' title="bbox 2280 3973 3779 4055">
    <p class='ocr_par' dir='ltr' id='par_1_97' title="bbox 2280 3973 3779 4055">
     <span class='ocr_line' id='line_1_98' title="bbox 2280 3973 3779 4055; baseline -0.007 -17"><span class='ocrx_word' id='word_1_679' title='bbox 2280 4003 2339 4038; x_wconf 86' lang='grc' dir='ltr'><strong>τε</strong></span> <span class='ocrx_word' id='word_1_680' title='bbox 2389 3984 2649 4038; x_wconf 69' lang='grc' dir='ltr'>ἐνδιδόναι</span> <span class='ocrx_word' id='word_1_681' title='bbox 2680 3982 2818 4054; x_wconf 73' lang='grc' dir='ltr'>πρὸς</span> <span class='ocrx_word' id='word_1_682' title='bbox 2865 3982 2964 4055; x_wconf 81' lang='grc' dir='ltr'><strong>τὴν</strong></span> <span class='ocrx_word' id='word_1_683' title='bbox 2993 3982 3179 4053; x_wconf 72' lang='grc' dir='ltr'>ἔφεσιν</span> <span class='ocrx_word' id='word_1_684' title='bbox 3208 3984 3291 4047; x_wconf 84' lang='grc' dir='ltr'><strong>ὡς</strong></span> <span class='ocrx_word' id='word_1_685' title='bbox 3349 3980 3635 4041; x_wconf 73' lang='grc' dir='ltr'>ἀλυσιτελὲς</span> <span class='ocrx_word' id='word_1_686' title='bbox 3679 3973 3779 4043; x_wconf 74' lang='grc' dir='ltr'>δρῶν</span> 
     </span>
    </p>
   </div>
   <div class='ocr_carea' id='block_1_98' title="bbox 2281 4064 3778 4172">
    <p class='ocr_par' dir='ltr' id='par_1_98' title="bbox 2281 4064 3778 4172">
     <span class='ocr_line' id='line_1_99' title="bbox 2281 4064 3778 4172; baseline -0.004 -42"><span class='ocrx_word' id='word_1_687' title='bbox 2281 4077 2631 4149; x_wconf 83' lang='grc' dir='ltr'>(ὑπώπτευον</span> <span class='ocrx_word' id='word_1_688' title='bbox 2689 4077 2799 4145; x_wconf 75' lang='grc' dir='ltr'><strong>γὰρ</strong></span> <span class='ocrx_word' id='word_1_689' title='bbox 2839 4076 2906 4130; x_wconf 79' lang='grc' dir='ltr'>ὲκ</span> <span class='ocrx_word' id='word_1_690' title='bbox 2940 4075 3132 4130; x_wconf 85' lang='grc' dir='ltr'>τούτου</span> <span class='ocrx_word' id='word_1_691' title='bbox 3184 4075 3392 4140; x_wconf 76' lang='grc' dir='ltr'>πολλὰς</span> <span class='ocrx_word' id='word_1_692' title='bbox 3442 4064 3778 4172; x_wconf 42' lang='grc' dir='ltr'>ἀναφνήσξσραι</span> 
     </span>
    </p>
   </div>
   <div class='ocr_carea' id='block_1_99' title="bbox 2279 4160 3778 4239">
    <p class='ocr_par' dir='ltr' id='par_1_99' title="bbox 2279 4160 3778 4239">
     <span class='ocr_line' id='line_1_100' title="bbox 2279 4160 3778 4239; baseline -0.009 -18"><span class='ocrx_word' id='word_1_693' title='bbox 2279 4166 2649 4237; x_wconf 84' lang='grc' dir='ltr'>διχοστασίας,</span> <span class='ocrx_word' id='word_1_694' title='bbox 2681 4166 2778 4219; x_wconf 78' lang='grc' dir='ltr'>καὶ</span> <span class='ocrx_word' id='word_1_695' title='bbox 2804 4165 3046 4229; x_wconf 76' lang='grc' dir='ltr'>στάσεως</span> <span class='ocrx_word' id='word_1_696' title='bbox 3091 4166 3378 4239; x_wconf 81' lang='grc' dir='ltr'>ἀφορμὰς)</span> <span class='ocrx_word' id='word_1_697' title='bbox 3417 4165 3476 4220; x_wconf 84' lang='grc' dir='ltr'><strong>τό</strong></span> <span class='ocrx_word' id='word_1_698' title='bbox 3524 4180 3581 4217; x_wconf 80' lang='grc' dir='ltr'><strong>τε</strong></span> <span class='ocrx_word' id='word_1_699' title='bbox 3607 4160 3778 4214; x_wconf 82' lang='grc' dir='ltr'>κωλύειν</span> 
     </span>
    </p>
   </div>
   <div class='ocr_carea' id='block_1_100' title="bbox 2280 4248 3779 4351">
    <p class='ocr_par' dir='ltr' id='par_1_100' title="bbox 2280 4248 3779 4351">
     <span class='ocr_line' id='line_1_101' title="bbox 2280 4248 3779 4351; baseline -0.003 -39"><span class='ocrx_word' id='word_1_700' title='bbox 2280 4258 2529 4329; x_wconf 76' lang='grc' dir='ltr'>φανερῶς</span> <span class='ocrx_word' id='word_1_701' title='bbox 2555 4258 2655 4329; x_wconf 76' lang='grc' dir='ltr'>τὴν</span> <span class='ocrx_word' id='word_1_702' title='bbox 2695 4258 3045 4328; x_wconf 71' lang='grc' dir='ltr'>ἐπιχείρησιν</span> <span class='ocrx_word' id='word_1_703' title='bbox 3077 4257 3348 4331; x_wconf 76' lang='grc' dir='ltr'>φθονερὸν</span> <span class='ocrx_word' id='word_1_704' title='bbox 3382 4259 3474 4345; x_wconf 75' lang='grc' dir='ltr'>καὶ</span> <span class='ocrx_word' id='word_1_705' title='bbox 3518 4248 3779 4351; x_wconf 46' lang='grc' dir='ltr'><strong>μονιιιρχιιιξδξί</strong></span> 
     </span>
    </p>
   </div>
   <div class='ocr_carea' id='block_1_101' title="bbox 2278 4339 3778 4418">
    <p class='ocr_par' dir='ltr' id='par_1_101' title="bbox 2278 4339 3778 4418">
     <span class='ocr_line' id='line_1_102' title="bbox 2278 4339 3778 4418; baseline -0.006 -16"><span class='ocrx_word' id='word_1_706' title='bbox 2278 4348 2493 4411; x_wconf 86' lang='grc' dir='ltr'>δοκοῦν,</span> <span class='ocrx_word' id='word_1_707' title='bbox 2532 4348 2627 4401; x_wconf 75' lang='grc' dir='ltr'>καὶ</span> <span class='ocrx_word' id='word_1_708' title='bbox 2648 4347 2916 4411; x_wconf 87' lang='grc' dir='ltr'>τοιούτοις</span> <span class='ocrx_word' id='word_1_709' title='bbox 2945 4348 3278 4417; x_wconf 77' lang='grc' dir='ltr'>ἀμφιϐόλοις</span> <span class='ocrx_word' id='word_1_710' title='bbox 3305 4340 3579 4418; x_wconf 79' lang='grc' dir='ltr'>λογισμοῖς</span> <span class='ocrx_word' id='word_1_711' title='bbox 3604 4339 3778 4399; x_wconf 76' lang='grc' dir='ltr'>ἐπιπολῦ</span> 
     </span>
    </p>
   </div>
   <div class='ocr_carea' id='block_1_102' title="bbox 2283 4428 3780 4528">
    <p class='ocr_par' dir='ltr' id='par_1_102' title="bbox 2283 4428 3780 4528">
     <span class='ocr_line' id='line_1_103' title="bbox 2283 4428 3780 4528; baseline -0.001 -37"><span class='ocrx_word' id='word_1_712' title='bbox 2283 4439 2576 4506; x_wconf 78' lang='grc' dir='ltr'>παλαίσας,</span> <span class='ocrx_word' id='word_1_713' title='bbox 2603 4439 2756 4502; x_wconf 76' lang='grc' dir='ltr'>τέλος</span> <span class='ocrx_word' id='word_1_714' title='bbox 2784 4438 2939 4505; x_wconf 72' lang='grc' dir='ltr'>ἔδοξα</span> <span class='ocrx_word' id='word_1_715' title='bbox 2969 4438 3169 4509; x_wconf 76' lang='grc' dir='ltr'>μᾶλλον</span> <span class='ocrx_word' id='word_1_716' title='bbox 3191 4441 3243 4492; x_wconf 79' lang='grc' dir='ltr'><strong>εί</strong></span> <span class='ocrx_word' id='word_1_717' title='bbox 3277 4441 3376 4493; x_wconf 77' lang='grc' dir='ltr'><strong>καὶ</strong></span> <span class='ocrx_word' id='word_1_718' title='bbox 3416 4438 3488 4507; x_wconf 77' lang='grc' dir='ltr'>μὴ</span> <span class='ocrx_word' id='word_1_719' title='bbox 3513 4436 3615 4528; x_wconf 77' lang='grc' dir='ltr'>τοῖς</span> <span class='ocrx_word' id='word_1_720' title='bbox 3651 4428 3780 4528; x_wconf 53' lang='grc' dir='ltr'>πράξ-</span> 
     </span>
    </p>
   </div>
   <div class='ocr_carea' id='block_1_103' title="bbox 2283 4526 3781 4602">
    <p class='ocr_par' dir='ltr' id='par_1_103' title="bbox 2283 4526 3781 4602">
     <span class='ocr_line' id='line_1_104' title="bbox 2283 4526 3781 4602; baseline -0.005 -19"><span class='ocrx_word' id='word_1_721' title='bbox 2283 4546 2471 4602; x_wconf 84' lang='grc' dir='ltr'>μασιν,</span> <span class='ocrx_word' id='word_1_722' title='bbox 2509 4527 2627 4583; x_wconf 86' lang='grc' dir='ltr'>ἀλλ’</span> <span class='ocrx_word' id='word_1_723' title='bbox 2677 4528 2903 4600; x_wconf 80' lang='grc' dir='ltr'>ὲμαυτῷ</span> <span class='ocrx_word' id='word_1_724' title='bbox 2947 4529 3274 4597; x_wconf 83' lang='grc' dir='ltr'>λυσιτελεῖν,</span> <span class='ocrx_word' id='word_1_725' title='bbox 3355 4526 3667 4599; x_wconf 72' lang='grc' dir='ltr'>ἀποσχέσθαι</span> <span class='ocrx_word' id='word_1_726' title='bbox 3704 4526 3781 4570; x_wconf 74' lang='grc' dir='ltr'>τῶν</span> 
     </span>
    </p>
   </div>
   <div class='ocr_carea' id='block_1_104' title="bbox 2280 4607 3779 4690">
    <p class='ocr_par' dir='ltr' id='par_1_104' title="bbox 2280 4607 3779 4690">
     <span class='ocr_line' id='line_1_105' title="bbox 2280 4607 3779 4690; baseline -0.001 -19"><span class='ocrx_word' id='word_1_727' title='bbox 2280 4619 2628 4690; x_wconf 80' lang='grc' dir='ltr'>πραγμάτων</span> <span class='ocrx_word' id='word_1_728' title='bbox 2665 4620 2764 4687; x_wconf 78' lang='grc' dir='ltr'>τῆς</span> <span class='ocrx_word' id='word_1_729' title='bbox 2795 4619 2995 4690; x_wconf 84' lang='grc' dir='ltr'>ἀρχῆς,</span> <span class='ocrx_word' id='word_1_730' title='bbox 3043 4621 3140 4673; x_wconf 75' lang='grc' dir='ltr'>καὶ</span> <span class='ocrx_word' id='word_1_731' title='bbox 3193 4620 3408 4688; x_wconf 76' lang='grc' dir='ltr'>διάγειν</span> <span class='ocrx_word' id='word_1_732' title='bbox 3433 4616 3549 4674; x_wconf 81' lang='grc' dir='ltr'>κατ’</span> <span class='ocrx_word' id='word_1_733' title='bbox 3581 4607 3779 4685; x_wconf 51' lang='lat' dir='ltr'><strong>ipsum.</strong></span> 
     </span>
    </p>
   </div>
   <div class='ocr_carea' id='block_1_105' title="bbox 2279 4702 3780 4792">
    <p class='ocr_par' dir='ltr' id='par_1_105' title="bbox 2279 4702 3780 4792">
     <span class='ocr_line' id='line_1_106' title="bbox 2279 4702 3780 4792; baseline -0.005 -28"><span class='ocrx_word' id='word_1_734' title='bbox 2279 4712 2374 4764; x_wconf 77' lang='grc' dir='ltr'>καὶ</span> <span class='ocrx_word' id='word_1_735' title='bbox 2426 4712 2500 4782; x_wconf 86' lang='grc' dir='ltr'>μὴ</span> <span class='ocrx_word' id='word_1_736' title='bbox 2526 4714 2636 4775; x_wconf 84' lang='grc' dir='ltr'>τοῖς</span> <span class='ocrx_word' id='word_1_737' title='bbox 2674 4711 2971 4782; x_wconf 88' lang='grc' dir='ltr'>Ῥωμαίοις</span> <span class='ocrx_word' id='word_1_738' title='bbox 3017 4711 3190 4776; x_wconf 74' lang='grc' dir='ltr'>αἴτιος</span> <span class='ocrx_word' id='word_1_739' title='bbox 3222 4713 3415 4792; x_wconf 78' lang='grc' dir='ltr'>κακῶν</span> <span class='ocrx_word' id='word_1_740' title='bbox 3441 4710 3651 4780; x_wconf 82' lang='grc' dir='ltr'>ὀφθῆναι</span> <span class='ocrx_word' id='word_1_741' title='bbox 3686 4702 3780 4792; x_wconf 51' lang='grc' dir='ltr'>ἀντ’</span> 
     </span>
    </p>
   </div>
   <div class='ocr_carea' id='block_1_106' title="bbox 2282 4785 3781 4875">
    <p class='ocr_par' dir='ltr' id='par_1_106' title="bbox 2282 4785 3781 4875">
     <span class='ocr_line' id='line_1_107' title="bbox 2282 4785 3781 4875; baseline -0.003 -20"><span class='ocrx_word' id='word_1_742' title='bbox 2282 4802 2516 4859; x_wconf 79' lang='grc' dir='ltr'>κέστων.</span> <span class='ocrx_word' id='word_1_743' title='bbox 2577 4804 2687 4857; x_wconf 78' lang='grc' dir='ltr'><strong>Καὶ</strong></span> <span class='ocrx_word' id='word_1_744' title='bbox 2732 4802 2883 4875; x_wconf 83' lang='grc' dir='ltr'>αὐτῷ</span> <span class='ocrx_word' id='word_1_745' title='bbox 2936 4803 3286 4873; x_wconf 81' lang='grc' dir='ltr'>χρησάμενος</span> <span class='ocrx_word' id='word_1_746' title='bbox 3347 4787 3633 4871; x_wconf 73' lang='grc' dir='ltr'>πρεσϐευτῇ</span> <span class='ocrx_word' id='word_1_747' title='bbox 3681 4785 3781 4859; x_wconf 65' lang='grc' dir='ltr'>πρὸς</span> 
     </span>
    </p>
   </div>
   <div class='ocr_carea' id='block_1_107' title="bbox 2282 4882 3777 4967">
    <p class='ocr_par' dir='ltr' id='par_1_107' title="bbox 2282 4882 3777 4967">
     <span class='ocr_line' id='line_1_108' title="bbox 2282 4882 3777 4967; baseline 0.003 -20"><span class='ocrx_word' id='word_1_748' title='bbox 2282 4894 2552 4965; x_wconf 85' lang='grc' dir='ltr'>βασιλίδα,</span> <span class='ocrx_word' id='word_1_749' title='bbox 2574 4894 2899 4966; x_wconf 82' lang='grc' dir='ltr'>ἀπειπάμην</span> <span class='ocrx_word' id='word_1_750' title='bbox 2928 4895 3027 4967; x_wconf 79' lang='grc' dir='ltr'>τὴν</span> <span class='ocrx_word' id='word_1_751' title='bbox 3057 4896 3257 4967; x_wconf 76' lang='grc' dir='ltr'>ἀρχήν.</span> <span class='ocrx_word' id='word_1_752' title='bbox 3294 4894 3363 4949; x_wconf 85' lang='grc' dir='ltr'><strong><em>Ἦ</em></strong></span> <span class='ocrx_word' id='word_1_753' title='bbox 3390 4894 3465 4959; x_wconf 65' lang='grc' dir='ltr'>δὲ,</span> <span class='ocrx_word' id='word_1_754' title='bbox 3490 4891 3563 4961; x_wconf 80' lang='grc' dir='ltr'>τῷ</span> <span class='ocrx_word' id='word_1_755' title='bbox 3589 4882 3777 4951; x_wconf 49' lang='grc' dir='ltr'><strong>ἀδοκήτῳ</strong></span> 
     </span>
    </p>
   </div>
   <div class='ocr_carea' id='block_1_108' title="bbox 2279 4981 3779 5079">
    <p class='ocr_par' dir='ltr' id='par_1_108' title="bbox 2279 4981 3779 5079">
     <span class='ocr_line' id='line_1_109' title="bbox 2279 4981 3779 5079; baseline 0.015 -40"><span class='ocrx_word' id='word_1_756' title='bbox 2279 4985 2378 5057; x_wconf 81' lang='grc' dir='ltr'>τὴν</span> <span class='ocrx_word' id='word_1_757' title='bbox 2408 4986 2575 5056; x_wconf 83' lang='grc' dir='ltr'>ἀκοὴν</span> <span class='ocrx_word' id='word_1_758' title='bbox 2599 4987 3038 5056; x_wconf 81' lang='grc' dir='ltr'>καταπλαγεῖσα,</span> <span class='ocrx_word' id='word_1_759' title='bbox 3069 4988 3166 5039; x_wconf 76' lang='grc' dir='ltr'>καὶ</span> <span class='ocrx_word' id='word_1_760' title='bbox 3220 4986 3321 5054; x_wconf 79' lang='grc' dir='ltr'>τῆς</span> <span class='ocrx_word' id='word_1_761' title='bbox 3351 4981 3663 5079; x_wconf 61' lang='grc' dir='ltr'><strong>κξιτελθύξτξς</strong></span> 
     </span>
    </p>
   </div>
   <div class='ocr_carea' id='block_1_109' title="bbox 2281 5067 3778 5149">
    <p class='ocr_par' dir='ltr' id='par_1_109' title="bbox 2281 5067 3778 5149">
     <span class='ocr_line' id='line_1_110' title="bbox 2281 5067 3778 5149; baseline -0.028 3"><span class='ocrx_word' id='word_1_762' title='bbox 2281 5079 2459 5149; x_wconf 80' lang='grc' dir='ltr'>φορᾶς</span> <span class='ocrx_word' id='word_1_763' title='bbox 2484 5078 2587 5132; x_wconf 79' lang='grc' dir='ltr'>οὐκ</span> <span class='ocrx_word' id='word_1_764' title='bbox 2622 5077 2981 5131; x_wconf 75' lang='grc' dir='ltr'>ἀποδέουσαν</span> <span class='ocrx_word' id='word_1_765' title='bbox 3034 5076 3310 5146; x_wconf 85' lang='grc' dir='ltr'>νομίσασα</span> <span class='ocrx_word' id='word_1_766' title='bbox 3348 5075 3446 5146; x_wconf 83' lang='grc' dir='ltr'>τὴν</span> <span class='ocrx_word' id='word_1_767' title='bbox 3478 5067 3600 5142; x_wconf 73' lang='grc' dir='ltr'>ἐμοῦ</span> <span class='ocrx_word' id='word_1_768' title='bbox 3625 5067 3778 5149; x_wconf 65' lang='grc' dir='ltr'>ἔκταν</span> 
     </span>
    </p>
   </div>
   <div class='ocr_carea' id='block_1_110' title="bbox 2279 5148 3777 5256">
    <p class='ocr_par' dir='ltr' id='par_1_110' title="bbox 2279 5148 3777 5256">
     <span class='ocr_line' id='line_1_111' title="bbox 2279 5148 3777 5256; baseline -0.039 5"><span class='ocrx_word' id='word_1_769' title='bbox 2279 5148 2628 5237; x_wconf 45' lang='grc' dir='ltr'><strong>πηγμάτων</strong></span> <span class='ocrx_word' id='word_1_770' title='bbox 2652 5169 3025 5238; x_wconf 72' lang='grc' dir='ltr'>ἀναχώρησιν,</span> <span class='ocrx_word' id='word_1_771' title='bbox 3054 5166 3286 5219; x_wconf 85' lang='grc' dir='ltr'>παντοία</span> <span class='ocrx_word' id='word_1_772' title='bbox 3330 5160 3399 5235; x_wconf 73' lang='grc' dir='ltr'>ἦν</span> <span class='ocrx_word' id='word_1_773' title='bbox 3421 5159 3653 5256; x_wconf 67' lang='grc' dir='ltr'>δεομένη,</span> 
     </span>
    </p>
   </div>
   <div class='ocr_carea' id='block_1_111' title="bbox 2283 5245 3777 5329">
    <p class='ocr_par' dir='ltr' id='par_1_111' title="bbox 2283 5245 3777 5329">
     <span class='ocr_line' id='line_1_112' title="bbox 2283 5245 3777 5329; baseline 0.003 -20"><span class='ocrx_word' id='word_1_774' title='bbox 2283 5257 2529 5327; x_wconf 74' lang='grc' dir='ltr'>δίζουσα,</span> <span class='ocrx_word' id='word_1_775' title='bbox 2550 5256 2969 5329; x_wconf 83' lang='grc' dir='ltr'>παρακαλοῦσα,</span> <span class='ocrx_word' id='word_1_776' title='bbox 3008 5258 3189 5312; x_wconf 81' lang='grc' dir='ltr'>πάντα</span> <span class='ocrx_word' id='word_1_777' title='bbox 3217 5255 3442 5311; x_wconf 76' lang='grc' dir='ltr'>κινοῦσα</span> <span class='ocrx_word' id='word_1_778' title='bbox 3471 5249 3651 5313; x_wconf 64' lang='grc' dir='ltr'>κάλων,</span> <span class='ocrx_word' id='word_1_779' title='bbox 3675 5245 3777 5295; x_wconf 64' lang='grc' dir='ltr'><strong>θ⁶τ⁸</strong></span> 
     </span>
    </p>
   </div>
   <div class='ocr_carea' id='block_1_112' title="bbox 1840 5372 2578 5471">
    <p class='ocr_par' dir='ltr' id='par_1_112' title="bbox 1840 5372 2578 5471">
     <span class='ocr_line' id='line_1_113' title="bbox 1840 5372 2578 5471; baseline 0.012 -17"><span class='ocrx_word' id='word_1_780' title='bbox 1840 5372 2057 5457; x_wconf 81' lang='lat' dir='ltr'><strong>Jacobi</strong></span> <span class='ocrx_word' id='word_1_781' title='bbox 2092 5397 2355 5460; x_wconf 84' lang='lat' dir='ltr'><strong>Pontani</strong></span> <span class='ocrx_word' id='word_1_782' title='bbox 2390 5405 2578 5471; x_wconf 81' lang='lat' dir='ltr'><strong>notae.</strong></span> 
     </span>
    </p>
   </div>
   <div class='ocr_carea' id='block_1_113' title="bbox 1133 5517 2423 5595">
    <p class='ocr_par' dir='ltr' id='par_1_113' title="bbox 1133 5517 2423 5595">
     <span class='ocr_line' id='line_1_114' title="bbox 1133 5517 2423 5595; baseline 0.012 -28"><span class='ocrx_word' id='word_1_783' title='bbox 1133 5518 1303 5595; x_wconf 46' lang='lat' dir='ltr'><strong>item)</strong></span> <span class='ocrx_word' id='word_1_784' title='bbox 1342 5519 1537 5595; x_wconf 58' lang='grc' dir='ltr'>τρόπῳ</span> <span class='ocrx_word' id='word_1_785' title='bbox 1569 5534 1633 5570; x_wconf 82' lang='grc' dir='ltr'><strong>τε</strong></span> <span class='ocrx_word' id='word_1_786' title='bbox 1663 5517 1782 5595; x_wconf 54' lang='lat' dir='ltr'><strong>233v:</strong></span> <span class='ocrx_word' id='word_1_787' title='bbox 1805 5522 1993 5595; x_wconf 56' lang='lat'><strong>163-01-</strong></span> <span class='ocrx_word' id='word_1_788' title='bbox 2022 5527 2423 5595; x_wconf 63' lang='grc' dir='ltr'>πιστουμένῳ,</span> 
     </span>
    </p>
   </div>
   <div class='ocr_carea' id='block_1_114' title="bbox 1137 5583 2271 5661">
    <p class='ocr_par' dir='ltr' id='par_1_114' title="bbox 1137 5583 2271 5661">
     <span class='ocr_line' id='line_1_115' title="bbox 1137 5583 2271 5661; baseline 0.008 -21"><span class='ocrx_word' id='word_1_789' title='bbox 1137 5583 1423 5658; x_wconf 70' lang='grc' dir='ltr'>’Δρνησίς</span> <span class='ocrx_word' id='word_1_790' title='bbox 1448 5586 1578 5640; x_wconf 81' lang='grc' dir='ltr'>ἐστι</span> <span class='ocrx_word' id='word_1_791' title='bbox 1609 5587 1713 5641; x_wconf 75' lang='grc' dir='ltr'><strong>τοῦ</strong></span> <span class='ocrx_word' id='word_1_792' title='bbox 1746 5583 1903 5643; x_wconf 71' lang='grc' dir='ltr'>Θεοῦ</span> <span class='ocrx_word' id='word_1_793' title='bbox 1924 5583 2271 5661; x_wconf 66' lang='grc' dir='ltr'>ψεὺδορκίά.</span> 
     </span>
    </p>
   </div>
   <div class='ocr_carea' id='block_1_115' title="bbox 606 5681 2192 5765">
    <p class='ocr_par' dir='ltr' id='par_1_115' title="bbox 606 5681 2192 5755">
     <span class='ocr_line' id='line_1_116' title="bbox 606 5681 2192 5755; baseline 0.004 -18"><span class='ocrx_word' id='word_1_794' title='bbox 606 5681 1014 5737; x_wconf 78' lang='lat' dir='ltr'><strong>Cautacuzenus</strong></span> <span class='ocrx_word' id='word_1_795' title='bbox 1050 5681 1304 5751; x_wconf 76' lang='grc' dir='ltr'>ἐπιορκία</span> <span class='ocrx_word' id='word_1_796' title='bbox 1360 5684 1538 5750; x_wconf 73' lang='lat' dir='ltr'><strong>posuit</strong></span> <span class='ocrx_word' id='word_1_797' title='bbox 1571 5698 1669 5752; x_wconf 89' lang='lat' dir='ltr'><strong>pro</strong></span> <span class='ocrx_word' id='word_1_798' title='bbox 1714 5684 2031 5755; x_wconf 70' lang='grc' dir='ltr'>ψευδορκία,</span> <span class='ocrx_word' id='word_1_799' title='bbox 2087 5703 2192 5745; x_wconf 72' lang='grc' dir='ltr'>δοοι</span> 
     </span>
    </p>
   </div>
   <div class='ocr_carea' id='block_1_116' title="bbox 1825 5681 3411 5765">
    <p class='ocr_par' dir='ltr' id='par_1_116' title="bbox 1825 5684 3411 5765">
     <span class='ocr_line' id='line_1_117' title="bbox 1825 5684 3411 5765; baseline 0 -23"><span class='ocrx_word' id='word_1_800' title='bbox 1825 5684 2031 5755; x_wconf 72' lang='grc' dir='ltr'>δορκία,</span> <span class='ocrx_word' id='word_1_801' title='bbox 2087 5703 2245 5746; x_wconf 78' lang='lat' dir='ltr'><strong>secus</strong></span> <span class='ocrx_word' id='word_1_802' title='bbox 2280 5707 2440 5761; x_wconf 85' lang='lat' dir='ltr'><strong>quam</strong></span> <span class='ocrx_word' id='word_1_803' title='bbox 2473 5708 2659 5750; x_wconf 80' lang='lat' dir='ltr'><strong>versus</strong></span> <span class='ocrx_word' id='word_1_804' title='bbox 2688 5689 3031 5765; x_wconf 81' lang='lat' dir='ltr'><strong>requirebat;</strong></span> <span class='ocrx_word' id='word_1_805' title='bbox 3070 5701 3124 5749; x_wconf 85' lang='lat' dir='ltr'><strong>et</strong></span> <span class='ocrx_word' id='word_1_806' title='bbox 3150 5686 3285 5748; x_wconf 75' lang='lat' dir='ltr'><strong>idem</strong></span> <span class='ocrx_word' id='word_1_807' title='bbox 3313 5696 3411 5746; x_wconf 80' lang='lat' dir='ltr'><strong>est.</strong></span> 
     </span>
    </p>
   </div>
  </div>
