4016 6208
272 280 403 349 illi

1411 279 1958 344 HISTORIARUM
1999 275 2224 339 LlBEP
2275 272 2385 334 [ΙΙ.

3378 256 3511 318 lli?

268 395 479 450 πείθειν
494 390 607 446 τῶν
625 391 965 463 πραγμάτων
985 389 1143 453 αὖθις
1163 388 1402 460 ἔχεσθαι.
1421 393 1531 445 Καὶ
1542 392 1650 445 τῶν
1666 392 1839 445 τοιοῦ-

1944 402 2087 441 nunc
2117 398 2326 454 rogare,
2390 392 2534 432 nunc
2561 374 2918 446 exprobrare,
2961 380 3015 427 et
3048 380 3106 424 ut
3141 369 3319 424 brevis
3360 371 3460 423 sim
3494 407 3509 428 ,

263 504 374 540 των
398 484 617 550 πάντων
641 484 805 545 αὐτὸς
830 479 900 554 ἦν
941 482 1072 551 παρ’
1110 482 1437 552 ἀμφοτέρων
1470 483 1833 553 πρεσῦευτής.

275 577 433 630 Ἐπεὶ
460 576 519 629 δὲ
542 575 648 628 ὑπ’)
676 575 786 629 τῶν
803 573 1013 627 πολλῶν
1034 574 1247 642 ἐκείνης
1266 574 1438 642 λόγων
1462 574 1836 638 ἐπικλασθεὶς,

265 669 363 723 καὶ
390 667 528 737 πρὸς
539 666 637 737 τὴν
657 666 924 737 ὀρφανίαν
944 664 1054 719 τῶν
1082 665 1290 720 παίδων
1314 665 1580 735 βασιλέως
1605 666 1836 731 ἀπιδὼν,

267 763 364 816 καὶ
395 759 625 831 χηρείαν
677 758 781 830 τὴν
810 759 1051 827 ἐκείνης,
1105 761 1201 810 καὶ
1239 757 1316 819 ὡς
1347 759 1582 827 μάλιστα
1637 756 1841 826 πολλῆς

268 851 482 905 δέονται
500 851 601 918 τῆς
625 848 962 920 προστασίας
983 848 1170 918 ἣνὲμέ
1191 849 1401 901 δίκαιον
1420 845 1835 901 ἐπιδείκνυσθαι

267 942 427 1006 ἀξίας
469 936 685 1010 βασιλεῖ
708 939 811 1009 τῆς
842 941 1027 1010 φιλίας
1054 943 1286 1012 χάριτας
1311 941 1412 1011 τὴν
1438 942 1518 1002 είς
1551 942 1678 1001 τοὺς
1710 942 1839 994 παῖ⁴

266 1034 367 1099 δας
408 1034 726 1088 ἀποδιδόντα
768 1033 1121 1103 κηδεμονίαν,
1161 1033 1264 1087 κᾶν
1293 1036 1339 1087 εί
1374 1033 1625 1103 μέλλοιμι
1655 1033 1838 1087 κινδύο

266 1131 385 1189 νοις
416 1126 794 1196 περιπίπτειν.
846 1124 1146 1194 ἐπειθόμην
1201 1125 1301 1196 μέν
1333 1140 1350 1157 ο
1397 1126 1458 1178 οὐ
1501 1126 1608 1196 μὴν
1664 1124 1840 1189 οὕτως

263 1218 714 1286 ἀπερισκέπτως,
769 1216 899 1270 ὥσθ’
945 1216 1172 1288 ὕστερον
1219 1219 1346 1272 τινά
1402 1218 1840 1287 καταγινώσκειν

265 1310 413 1380 ἐχειν
434 1309 713 1367 ἀδουλίαν.
749 1310 911 1363 Ἀλλά
936 1311 1031 1364 καὶ
1059 1311 1401 1381 πατριάρχου
1428 1313 1836 1380 συμπαρόντος,

265 1401 441 1456 πολλά
496 1394 767 1471 πρότερον
817 1384 1120 1470 διειλέχθην
1178 1402 1412 1472 βασιλίδι
1467 1405 1597 1473 περὶ
1625 1404 1718 1456 τοῦ
1762 1403 1839 1475 μὴ

264 1493 377 1547 δεῖν
418 1494 711 1565 προσέχειν
764 1494 1157 1563 συκοφάνταις,
1194 1493 1246 1547 οἶ
1297 1494 1486 1548 πολλοὶ
1538 1496 1838 1566 φυήσονται

266 1586 523 1649 διαϐολάς
550 1588 647 1641 καὶ
681 1589 1057 1656 συκοφαντίας
1088 1586 1212 1641 κατ’
1235 1588 1372 1654 ἐμοῦ
1408 1588 1835 1659 συρράπτοντες.

266 1678 344 1730 Οὐ
376 1678 485 1755 γὰρ
519 1679 672 1733 ἐάσει
709 1696 774 1748 γε
812 1681 842 1732 δ
894 1679 1087 1747 φθόνος
1119 1682 1373 1751 ἠρεμεῖν,
1407 1680 1527 1733 ἀλλ’
1563 1681 1611 1732 εί
1656 1680 1756 1750 μέν
1785 1698 1836 1733 τι

263 1767 511 1823 τοιοῦτον
544 1773 923 1841 κατηγοροῖεν,
980 1774 1162 1825 ὁποῖον
1195 1774 1261 1827 ἂν
1295 1774 1390 1827 καὶ
1422 1772 1594 1843 αὐτὴν
1628 1776 1692 1826 ἐκ
1723 1773 1836 1825 τῶν

266 1860 578 1929 λεγομένων
628 1861 691 1915 τὸ
721 1862 919 1932 ψεῦδος
952 1864 1205 1926 συνιδεῖν.
1239 1864 1668 1934 ἀποπέμπεσθαι
1702 1865 1837 1935 πρὸς

266 1951 463 2021 ὀργὴν,
494 1953 585 2005 καὶ
610 1956 793 2021 μισεῖν
814 1954 939 2018 τοὺς
970 1955 1335 2025 συκοφάντας.
1374 1956 1474 2010 Ἂν
1508 1956 1554 2011 δ’
1590 1956 1841 2026 ἐφάπτη-

265 2052 362 2089 ται
408 2037 505 2107 τῆς
538 2037 719 2110 ψυχῆς
776 2042 870 2095 καὶ
920 2043 1256 2113 ἀμφιϐολίαν
1312 2047 1537 2116 ἐμποιῇ,
1599 2045 1674 2116 μὴ
1727 2048 1836 2117 ἄρα

266 2128 446 2200 ἀληθῆ
476 2131 545 2186 τά
593 2136 1021 2206 κατηγορημένα
1066 2137 1176 2207 εῖη,
1235 2137 1310 2208 μὴ
1360 2137 1835 2209 καταψηφίζεσθαι

266 2221 493 2288 αὐτίκα,
522 2224 661 2296 μηδέ
691 2226 829 2297 πρὸς
857 2227 916 2281 τὸ
950 2227 1256 2298 ἀμύνεσθαι
1297 2232 1519 2300 χωρεῖν,
1549 2228 1685 2283 ἀλλὰ
1733 2246 1834 2283 κα-

264 2314 386 2367 λεῖν
443 2317 537 2368 ἐπὶ
593 2318 691 2386 τὴν
743 2317 922 2389 δίκην,
980 2320 1075 2373 καὶ
1134 2321 1329 2391 καιρὸν
1384 2321 1648 2393 παρέχειν
1698 2322 1836 2392 πρὸς

265 2404 589 2473 ἀπολογίαν.
611 2407 729 2462 Κᾶν
759 2409 858 2478 μὲν
877 2410 1076 2466 ἀδικῶν
1088 2407 1192 2465 ’καὶ
1208 2412 1484 2482 ἐπιορκῶν
1499 2413 1834 2484 ἐλέγχωμαι,
1870 2454 1879 2463 .

269 2496 475 2549 διδόναι
494 2497 651 2561 δίκας
684 2516 699 2531 ·
735 2498 801 2554 ἂν
830 2500 878 2554 δ’
898 2502 1224 2573 ἀπολύωμαι
1246 2504 1315 2558 τά
1342 2504 1687 2575 ἐγκλήματα,
1709 2508 1837 2570 τοὺς

268 2590 615 2659 κατηγόρους
669 2592 818 2647 τοῦτ’
844 2594 985 2665 ὅπερ
1015 2595 1156 2649 είσὶν
1189 2597 1438 2668 ἡγεῖσθαι
1469 2598 1834 2667 συκοφάντας.

276 2677 349 2733 Ἦ
380 2679 594 2751 βασιλὶς
635 2684 734 2753 μὲν
770 2679 864 2738 οὖν
892 2687 1032 2755 πρὸς
1058 2688 1184 2751 τοὺς
1209 2688 1405 2755 λόγους
1427 2689 1528 2743 οὐκ
1561 2689 1833 2755 ἐπείθετο,

263 2774 393 2827 οὒδέ
416 2775 583 2828 δικῶν
610 2774 817 2845 ἔφασκε
867 2778 963 2831 καὶ
982 2779 1222 2849 ἐλέγχων
1239 2781 1376 2851 πρὸς
1400 2781 1500 2850 ἐμὲ
1519 2780 1835 2851 δεήσεσθαι,

252 2865 391 2918 ’ἀλλ’
423 2866 792 2921 ἀνυπεύθυνον
836 2868 1131 2939 παρείχετο
1179 2871 1277 2942 τὴν
1325 2873 1525 2943 ἀρχήν.
1569 2873 1735 2943 Ἐμοῦ
1781 2874 1837 2928 δὲ

264 2956 373 3010 οὐκ
404 2957 667 3029 ἀνιέντος,
701 2958 838 3013 ἀλλά
882 2960 1210 3031 βιαζομένου
1254 2962 1353 3033 τὴν
1384 2963 1516 3034 περὶ
1554 2965 1653 3034 τῆς
1681 2967 1838 3033 δίκης

266 3051 630 3119 ἐπαγγελίαν,
693 3052 941 3106 ἐπείθετο
986 3055 1425 3124 ἀναγκασθεῖσα,
1490 3058 1587 3111 καὶ
1641 3058 1912 3137 ὅρκουςρ

269 3140 934 3216 ἀλλήλοίςςπαρειχόμεθα
966 3147 1058 3199 ἐπὶ
1085 3147 1179 3201 τοῦ
1216 3149 1580 3220 πατριάρχου,
1617 3151 1716 3222 τὴν
1744 3151 1842 3221 μὲν

275 3234 554 3305 μηδεμίαν
606 3238 729 3290 κατ’
782 3238 919 3308 ἐμοῦ
983 3241 1261 3309 ἀπόφασιν
1327 3243 1636 3311 ἐξενεγκεῖν
1708 3260 1840 3298 ποτε

272 3328 599 3382 πεισθεῖσαν
617 3330 1007 3399 συκοφάνταις,
1037 3333 1155 3385 ἀλλ’
1188 3334 1281 3386 ἐπὶ
1307 3335 1406 3405 τὴν
1440 3335 1597 3406 δίκην
1629 3336 1837 3400 καλεῖν,

269 3419 373 3472 καὶ
407 3418 663 3490 ἐλέγχους
711 3422 986 3476 ποιεῖσθαι
1045 3422 1154 3476 τῶν
1204 3424 1561 3495 ἀδικημάτων
1587 3441 1603 3457 ο
1643 3425 1742 3494 ἐμὲ
1786 3424 1844 3477 δέ

270 3510 549 3579 μηδέποτε
586 3515 716 3583 περὶ
748 3514 920 3585 αὐτὴν
989 3517 1425 3586 ἀγνωμονήσειν,
1470 3517 1593 3587 μηδ’
1624 3516 1842 3570 ἐπιδου-

266 3600 490 3654 λεύσειν
519 3602 654 3673 αὐτῇ
685 3603 916 3666 καὶτοῖς
948 3605 1106 3658 παισὶ
1153 3604 1289 3675 πρὸς
1314 3605 1411 3675 τὴν
1438 3605 1629 3675 ,ἀρχὴν
1658 3621 1671 3635 ο
1706 3605 1842 3659 ἀλλά

270 3692 389 3744 πᾶν
414 3691 595 3746 ὁτιοῦν
637 3693 781 3765 ὑπέρ
808 3712 868 3749 τε
903 3696 1083 3749 αὐτῶν
1115 3698 1211 3749 καὶ
1242 3697 1342 3766 τῆς
1365 3699 1519 3768 κοινῇ
1554 3696 1843 3757 Ῥωμαίων

271 3780 550 3849 ὠφελείας
589 3782 874 3853 πράττειν.
904 3785 1047 3854 Ἐγὼ
1073 3785 1129 3839 δὲ
1155 3787 1478 3841 καὶτούτων
1510 3789 1654 3842 οῦτω
1682 3805 1845 3843 κατε-

274 3875 693 3944 σκευασμένων,
730 3875 811 3930 ἐτι
835 3876 936 3948 τὴν
960 3879 1280 3947 γυναικείαν
1310 3879 1498 3941 δεδιὼς
1531 3880 1841 3947 ἀσθένειαν,

275 3965 362 4036 μὴ
385 3967 479 4037 οὐχ
506 3966 594 4021 οἶα
608 3986 667 4021 τε
764 3968 907 4022 οὕτω
938 3970 1422 4043 μεγαλοφροσύνην
1450 3973 1545 4026 καὶ
1566 3972 1844 4044 λογισμῶν

273 4058 693 4113 ἐπιδείκνυσθαι
718 4062 1061 4131 περιουσίαν,
1097 4062 1213 4115 ἀλλ’
1247 4064 1548 4133 ἀπατηλοῖς
1575 4056 1847 4136 καὶπεριο

271 4150 467 4220 έργοις
502 4150 704 4219 λόγοις,
756 4154 851 4205 καὶ
884 4154 1275 4220 συκοφαντίαις
1321 4156 1666 4225 παραχθεῖσα
1707 4155 1846 4226 πρὸς

255 4239 376 4291 ’τὸν
409 4240 530 4294 κατ’
561 4242 696 4311 ἐμοῦ
726 4242 961 4313 πόλεμον
990 4245 1207 4316 όρμηθῇ
1255 4246 1287 4316 ἡ
1336 4244 1548 4311 βασιλὶς
1571 4287 1586 4309 ,
1618 4247 1709 4300 τὸν
1743 4266 1847 4301 πα-

267 4332 551 4403 τριάρχην
584 4335 749 4403 μόνον
772 4335 1129 4407 παραλαϐὼν,
1157 4338 1252 4389 καὶ
1281 4337 1492 4391 πολλῶν
1522 4340 1845 4412 ὑπομνήσας

272 4429 739 4500 εὐεργετημάτων
764 4431 1136 4502 ὑπηργμένων
1156 4434 1287 4503 παρ’
1308 4433 1467 4503 ἐμοῦ,
1487 4432 1678 4488 ἔπειτα
1705 4435 1846 4491 ἐδεόο

275 4533 394 4590 μην
423 4521 531 4575 τῶν
561 4521 702 4590 ὑπὲρ
733 4524 869 4592 ἐμοῦ
902 4523 1127 4577 δικαίων
1161 4523 1380 4593 ἔχεσθαι
1406 4541 1422 4558 ο
1459 4527 1552 4578 καὶ
1611 4527 1848 4597 βασιλίδι

275 4614 595 4679 παραινεῖν,
633 4612 755 4665 ἐπεὶ
806 4617 1043 4667 συνεῖναι
1090 4613 1180 4668 τὸν
1219 4616 1395 4669 πάντα
1429 4617 1620 4686 χρόνον
1663 4617 1849 4686 μέλλει

276 4704 565 4776 Βυζαντίῳ
592 4705 965 4775 ἐνδιατρίϐων,
1003 4706 1076 4778 μὴ
1111 4707 1395 4762 πείθεσθαι
1420 4711 1530 4771 τοῖς
1572 4711 1849 4779 συκοφάν-

273 4811 428 4857 ταις,
473 4795 608 4865 μηδέ
638 4796 745 4865 πρὸ
765 4796 919 4865 δίκης
949 4797 1084 4866 ἐμοῦ
1115 4798 1612 4868 καταψηφίζεσθαι,
1647 4803 1721 4864 ὡς
1742 4802 1843 4870 τῆς

277 4892 354 4943 ἐκ
374 4888 564 4942 τούτου
592 4889 856 4959 ὠφελείας
884 4890 984 4943 οῦκ
1007 4890 1087 4952 είς
1122 4891 1282 4960 μόνον
1316 4891 1417 4961 ἐμὲ
1440 4892 1847 4963 διαϐαινοόσης,

277 4981 405 5036 ἀλλ’
442 4983 520 5043 είς
554 4981 801 5045 ἅπαντας
830 4988 983 5054 κοινῇ
1027 4977 1352 5052 Ῥωμαίους.
1402 4983 1490 5038 Ὠν
1521 4984 1730 5039 δίκαιον
1755 4986 1853 5038 αὐ-

279 5079 383 5131 τὸν
419 5078 675 5132 ἁπάντων
707 5080 977 5147 προνοεῖν,
1019 5078 1256 5146 ποιμένα
1289 5079 1381 5130 καὶ
1430 5078 1704 5147 κηδεμόνα
1757 5077 1852 5130 καὶ

279 5170 607 5224 διδάσκαλον
629 5170 737 5223 ὑπὸ
759 5168 896 5223 Θεοῦ
921 5167 1454 5239 κεχειροτονημένον.
1497 5170 1565 5223 Ὃ
1586 5168 1630 5221 δ’
1651 5168 1852 5224 αὐτίκα

282 5263 508 5331 ὤμνυεν
539 5261 803 5327 ἀναστάς,
838 5260 912 5323 ὡς
947 5260 1100 5313 οὐδὲν
1145 5255 1308 5330 ἦττον
1354 5259 1387 5330 ἢ
1438 5260 1622 5330 πατὴρ
1660 5260 1854 5322 παιδὸς

284 5356 618 5426 προνοήσειε
665 5353 891 5423 γνησίου
919 5370 933 5385 ο
982 5351 1219 5405 καὶτῶν
1262 5352 1401 5421 ὑπὲρ
1448 5352 1582 5421 ἐμοῦ
1627 5351 1853 5405 δικαίων

282 5448 467 5510 οὕτως
498 5444 805 5510 ἀνθέξεται,
849 5443 1039 5514 ὥσπερ
1093 5444 1160 5497 ἂν
1200 5443 1248 5495 εί
1298 5442 1459 5506 αὐτὸς
1514 5443 1715 5512 παρῆν,
1759 5442 1856 5495 καὶ

284 5538 422 5600 τοῦς
473 5537 839 5606 συκοφάντας,
871 5534 924 5588 εί
973 5551 1117 5597 τινες
1167 5533 1404 5603 ὀφθεῖεν,
1464 5533 1702 5603 μάλιστα
1758 5532 1857 5601 μὲν

287 5628 619 5696 ἀπελέγξειν
661 5628 1048 5697 ψευδομένους,
1101 5628 1193 5679 καὶ
1234 5626 1397 5677 παντὶ
1456 5624 1630 5676 σθένει
1666 5624 1767 5691 τῆς
1794 5624 1857 5674 ἐκ

290 5721 504 5774 τούτων
545 5720 749 5791 βλάϐης
796 5718 1091 5791 ἀπείρατον
1132 5716 1501 5787 διατηρήσειν.
1555 5716 1616 5767 ΕΞ
1665 5712 1708 5766 δ’
1741 5708 1853 5779 οὖν,

1940 490 2155 532 omnem
2223 473 2506 527 rudentem
2563 481 2800 528 movere,
2860 478 2968 533 quo
3035 476 3122 517 me
3176 462 3243 515 ad
3296 460 3507 530 imperii
3588 518 3595 531 ι

1939 566 2291 620 moderamen
2343 567 2645 614 revocaret.
2682 558 2859 623 Atque
2898 554 3126 606 istarum
3181 564 3361 602 rerum
3388 562 3507 600 om-

1942 656 2095 708 nium
2163 654 2282 722 ipse
2327 659 2443 706 erat
2522 644 2913 701 internuntius.
2978 640 3260 695 Postremo
3323 636 3510 691 multis

1939 742 2289 799 sermonibus
2328 740 2448 805 ejus
2480 743 2843 805 expugnatus,
2876 730 3220 796 filiorumque
3250 725 3507 787 orbitate,

1938 847 1990 890 et
2035 833 2182 887 illius
2244 830 2505 886 viduitate
2558 824 2938 885 considerata,
2995 821 3195 891 quibus
3266 818 3513 885 utrisque

1938 933 2192 989 curator,
2248 929 2303 976 et
2373 928 2635 991 patronus
2698 929 3028 983 magnopere
3081 919 3230 965 esset
3258 924 3514 963 necessa-

1942 1014 2095 1078 rius,
2167 1025 2329 1080 quem
2395 1023 2480 1063 me
2547 1006 2650 1060 illis
2733 1010 2992 1073 praestare
3049 1012 3264 1068 aequum
3314 996 3505 1059 foret,

1937 1103 2100 1178 605
2142 1103 2187 1157 si
2227 1101 2420 1157 vellem
2454 1094 2893 1157 sollicitudinem,
2925 1100 2982 1148 et
3006 1104 3193 1145 curam
3225 1088 3383 1143 istam
3422 1102 3513 1140 er-

1937 1213 2002 1268 ga
2035 1196 2190 1259 lilios,
2223 1190 2477 1247 amicitiae
2521 1188 2721 1259 gratias
2768 1182 3081 1253 imperatori
3130 1187 3347 1233 mortuo
3384 1193 3511 1246 per-

1937 1288 2147 1344 solvere
2179 1301 2193 1339 :
2230 1295 2540 1353 quanquam
2593 1290 2873 1331 cernerem
2906 1273 3105 1342 quibus
3134 1285 3221 1324 me
3254 1268 3512 1339 periculis

1938 1380 2290 1450 objectarem,
2353 1386 2546 1427 manus
2592 1369 2740 1432 dedi,
2787 1367 2885 1421 etsi
2940 1379 3045 1418 non
3088 1362 3161 1415 ita
3211 1359 3513 1429 improvide

1940 1479 1999 1525 ut
2050 1468 2338 1539 quisquam
2395 1470 2583 1534 poSlea
2622 1455 3099 1516 inconsiderantia:
3152 1468 3238 1506 me
3285 1466 3515 1518 arguere

1941 1571 2144 1632 posset.
2180 1559 2322 1626 Quin
2358 1566 2415 1612 et
2443 1555 2701 1610 audiente
2749 1546 3059 1620 patriarcha
3111 1543 3294 1599 verbis
3341 1542 3514 1611 pluri-

1942 1655 2044 1708 bus
2095 1649 2497 1722 iinperatricem
2529 1642 2715 1699 monui
2766 1656 2837 1695 ne
2886 1633 3384 1693 calumniatoribus.
3421 1633 3516 1699 qui

1869 1730 1912 1788 Β
1943 1758 2051 1797 non
2114 1740 2273 1810 pauci
2321 1746 2508 1793 essent
2554 1731 2846 1794 emersuri,
2890 1739 2943 1785 et
2998 1725 3282 1783 mendacia
3327 1734 3517 1778 contra

1945 1849 2031 1888 me
2060 1830 2342 1888 consuturi
2365 1828 2512 1898 (quia
2539 1826 2791 1881 videlicet
2820 1822 3018 1876 invidia
3047 1834 3156 1873 non
3184 1832 3280 1871 eos
3312 1815 3519 1869 sineret

1944 1921 2255 1993 quiescere)
2287 1933 2451 1975 aures
2482 1920 2657 1973 daret.
2711 1914 2818 1969 Sed
2866 1913 2911 1969 si
2966 1911 3095 1981 quid
3143 1906 3409 1978 ejusmodi
3463 1906 3518 1958 in

1945 2031 2031 2069 me
2059 2022 2403 2075 accusarent,
2436 2008 2580 2080 quod
2624 2019 2679 2063 et
2713 2007 2805 2060 illa
2836 2006 2982 2061 dictu
3017 2001 3211 2056 falsum
3243 1998 3515 2066 intellige~

1945 2115 2045 2168 ret,
2077 2120 2200 2159 cum
2236 2104 2520 2158 stomacho
2550 2098 2955 2154 accusationem
2981 2093 3254 2162 rejieerct,
3276 2105 3339 2143 ac
3362 2104 3516 2159 syco-

1946 2196 2177 2264 phantas
2225 2193 2451 2247 odisset.
2489 2190 2585 2244 Sin
2619 2197 2801 2243 autem
2852 2189 3174 2255 penetraret
3223 2181 3343 2248 ejus
3392 2180 3517 2231 ani.

1946 2297 2116 2346 mum,
2154 2288 2210 2334 et
2255 2279 2654 2334 dubitationem
2702 2274 2944 2339 haberet,
2995 2286 3063 2324 an
3116 2284 3305 2324 verum
3348 2276 3519 2330 esset,

1946 2370 2091 2439 quod
2124 2368 2451 2430 deferretur,
2487 2382 2557 2421 ne
2591 2365 2737 2419 illico
2770 2364 3083 2424 damnaret,
3117 2374 3223 2413 neu
3254 2358 3322 2414 ad
3355 2360 3516 2411 ultio-

1946 2476 2071 2517 nem
2118 2459 2574 2530 progrederetur;
2630 2456 2726 2511 sed
2769 2452 2980 2524 judicio
3013 2458 3336 2511 arcesseret,
3374 2458 3515 2503 tem-

1947 2565 2157 2623 pusque
2187 2550 2253 2604 ad
2283 2547 2656 2603 defensionem
2680 2543 3076 2614 praescriberet.
3109 2541 3187 2595 Ac
3216 2540 3259 2595 si
3295 2539 3515 2609 quidem

1948 2642 2247 2712 improbus,
2289 2654 2353 2695 ac
2408 2638 2659 2710 perjurus
2711 2636 3010 2702 invenirer,
3054 2648 3240 2704 poenas
3293 2632 3515 2695 darem;

1949 2734 2035 2790 sin
2096 2731 2506 2787 criminationes
2577 2728 2953 2788 dissolverem,
3027 2732 3374 2780 accusatores
3461 2720 3517 2775 id

1948 2824 2092 2895 quod
2154 2832 2358 2882 essent.
2414 2820 2760 2892 sycophantae
2817 2818 3101 2884 nimirum,
3158 2816 3517 2870 haberentur.

1946 2915 2264 2987 lmperatrix
2303 2914 2406 2968 hac
2455 2914 2716 2966 oratione'
2744 2908 2881 2965 nihil
2920 2916 3085 2970 mota,
3131 2906 3275 2960 haud
3308 2903 3516 2973 judicio

1948 3016 2002 3062 et
2034 3004 2446 3076 probationibus
2474 3003 2767 3056 adversum
2795 3015 2883 3054 me
2927 3013 3065 3068 opus
3097 3010 3216 3051 esse
3249 2995 3423 3074 dixit;
3462 3005 3517 3047 cl.

1945 3097 2155 3167 imperii
2186 3094 2632 3167 gubermtionem
2665 3092 2739 3147 ita
2774 3089 3030 3156 reddidit,
3063 3096 3123 3142 ut
3151 3102 3180 3140 a
3211 3070 3519 3140 referendis

1945 3187 2249 3242 rationibus
2282 3184 2498 3255 penitus
2544 3195 2630 3233 me
2683 3178 3010 3233 absolveret.
3058 3173 3140 3228 Me
3174 3188 3303 3226 vero
3333 3185 3518 3240 perse-

1945 3284 2173 3332 verante
2222 3285 2276 3329 et
2340 3281 2589 3342 urgente,
2622 3279 2681 3324 ut
2720 3269 2983 3338 judicium
3028 3264 3387 3336 promitteret,
3424 3275 3521 3313 no-

1947 3370 2066 3425 lens
2100 3366 2328 3431 annuit;
2362 3374 2417 3419 et
2462 3362 2701 3417 vicissim
2738 3368 3007 3429 praesente
3037 3354 3343 3426 patriarcha
3366 3352 3516 3422 jura-

1947 3461 2145 3522 vimus,
2190 3457 2302 3526 ipsa
2334 3455 2580 3525 quidem,
2614 3466 2891 3521 nunquam
2938 3448 3176 3517 impulsu
3211 3446 3517 3517 syeOpham

1948 3562 2124 3607 tarum
2160 3558 2349 3603 contra
2394 3560 2480 3599 me
2526 3544 2853 3599 sententiam
2889 3538 3387 3611 pronuntiaturam.
3421 3535 3513 3587 sed

1947 3636 2302 3706 probationes
2353 3632 2648 3687 criminum
2685 3628 3088 3699 requisituram,
3140 3632 3195 3678 et
3236 3622 3516 3694 judicibus

1946 3742 2061 3781 rem
2095 3726 2361 3795 integram
2395 3730 2834 3785 rcservaturam;
2878 3732 2976 3787 ego
3024 3725 3205 3770 autem
3239 3728 3514 3782 nunquam

1947 3819 1998 3870 ei
2022 3815 2269 3885 iniquum
2303 3812 2568 3877 futurum,
2598 3813 2775 3881 neque
2799 3809 2902 3879 ipsi
2928 3818 2982 3863 et
3004 3805 3190 3862 liberis
3215 3804 3334 3874 ejus
3358 3817 3520 3874 prop-

1949 3921 2031 3964 ter
2086 3907 2375 3978 imperium
2428 3905 2656 3961 insidias
2709 3903 3061 3962 moliturum;
3122 3897 3221 3955 sed
3277 3895 3516 3966 quidvis,

1947 3999 2187 4067 quodex
2232 3998 2353 4065 ejus
2389 4012 2512 4062 usu,
2560 4005 2615 4050 et
2663 3993 2938 4064 republica
2976 3991 3068 4054 sit,
3109 3996 3515 4059 suscepturum.

1948 4091 2046 4145 His
2082 4089 2154 4143 ita
2182 4088 2371 4160 gestis,
2403 4088 2582 4143 adhuc
2609 4086 2931 4141 muliebrem
2966 4083 3113 4138 illius
3143 4080 3519 4136 inﬁrmitath

1948 4183 2175 4246 veritus,
2228 4197 2296 4236 ne
2349 4182 2559 4236 scilicet
2626 4194 2820 4249 parum
2892 4166 3158 4246 praestans
3211 4173 3520 4229 excelsitate

1946 4273 2139 4337 animi,
2177 4281 2231 4327 et
2279 4271 2591 4325 maturitate
2637 4268 2874 4330 consilii,
2923 4265 3198 4321 fallacibus
3248 4275 3302 4318 et
3351 4265 3520 4316 auiti-

1878 4400 1927 4461 Β
1953 4365 2117 4420 ciosis
2150 4362 2604 4419 calumniatorum
2652 4359 2837 4412 delusa
2881 4354 3245 4415 sermonibus,
3300 4353 3367 4406 ad
3404 4354 3520 4405 hct-

1959 4460 2064 4510 lum
2099 4461 2288 4509 contra
2317 4467 2404 4506 me
2430 4451 2750 4518 insurgeret,
2783 4462 2905 4501 cum
2938 4444 3241 4515 patriarcha
3275 4458 3518 4497 seorsum

1953 4546 2083 4616 egi;
2121 4543 2438 4598 meritorum
2474 4554 2504 4591 a
2536 4552 2625 4591 me
2672 4537 2817 4591 ultro
2856 4535 2934 4589 illi
2990 4534 3355 4605 priestitorum
3411 4548 3521 4585 ire-

1955 4636 2182 4690 inoriam
2218 4632 2266 4687 ei
2313 4644 2604 4693 renovans,
2639 4638 2694 4683 et
2745 4641 2906 4680 orans
2955 4626 3029 4678 uti
3085 4641 3302 4680 causam
3344 4641 3520 4678 [manu

1954 4737 2200 4784 tueretur
2229 4744 2244 4790 ;
2277 4732 2331 4778 et
2364 4722 2685 4792 Augustam,
2735 4732 2839 4787 qua
2876 4732 3000 4771 cum
3039 4715 3273 4786 Byzantii
3309 4724 3517 4781 semper

1952 4827 2099 4877 esset
2124 4818 2390 4878 victurus,
2421 4813 2738 4867 admoneret
2772 4824 2842 4864 ne
2877 4808 3229 4880 sycophantis
3253 4806 3516 4867 crederet,

1954 4927 2092 4966 neve
2138 4918 2262 4963 ante
2313 4906 2579 4978 judicium
2633 4917 2717 4957 me
2773 4901 3184 4960 condemnaret,
3219 4896 3436 4966 quando
3470 4895 3520 4947 id

1954 5017 2062 5057 non
2098 4999 2232 5055 mihi
2276 4997 2399 5062 soli,
2448 4996 2541 5050 sed
2577 4994 2947 5047 Romanorum
2997 4986 3337 5043 universitati
3387 5001 3532 5052 quo-

1954 5108 2061 5165 que
2120 5090 2465 5161 profuturum
2519 5095 2698 5150 esset;
2759 5084 2958 5152 quibus
3019 5079 3272 5133 omnibus
3321 5077 3409 5131 ille
3465 5085 3517 5128 u'

1956 5192 2163 5256 pastor,
2203 5190 2259 5237 et
2289 5188 2455 5243 tutor,
2505 5186 2561 5231 et
2593 5174 2849 5245 magister
2876 5187 2907 5225 a
2944 5170 3054 5223 Deo
3083 5168 3311 5227 electus,
3346 5165 3524 5235 provi-

1957 5276 2088 5332 dere
2139 5282 2300 5343 atque
2342 5269 2627 5326 consulere
2675 5264 2918 5318 deberet.
2973 5260 3062 5315 ille
3093 5276 3122 5314 e
3158 5260 3354 5314 throno
3403 5272 3525 5310 sm-

1958 5382 2113 5438 gens,
2151 5381 2275 5419 mox
2320 5360 2557 5417 vicissim
2597 5355 2820 5427 jurabat
2867 5368 2975 5406 non
3008 5350 3186 5404 minus
3214 5360 3383 5417 quam
3429 5363 3525 5414 pa-

1958 5468 2166 5513 rentem
2220 5469 2315 5524 pro
2365 5462 2620 5523 germano
2680 5444 2787 5499 filio
2848 5442 3136 5498 sollicitum
3188 5441 3321 5501 fore,
3364 5438 3529 5509 606

1958 5560 2013 5605 et
2039 5550 2129 5619 jus
2175 5561 2354 5600 meum
2393 5542 2463 5595 ita
2497 5540 2875 5600 defensurum,
2911 5544 2969 5587 ut
3017 5534 3060 5588 si
3108 5534 3221 5600 ipse
3253 5529 3523 5593 adessem,

1962 5642 2155 5697 melius
2189 5653 2296 5691 non
2339 5649 2591 5704 possem;
2623 5630 3117 5703 syc0phanlasque,
3155 5625 3196 5677 si
3229 5621 3319 5692 qui
3351 5622 3530 5690 prndi-

1965 5741 2105 5797 rent,
2158 5740 2215 5785 ut
2262 5727 2551 5784 mendaces
2586 5722 2986 5781 manifestarius
3027 5716 3240 5791 cgrrgie
3287 5713 3531 5770 contum».
