4016 6208
585 241 606 306 t
623 186 733 308 ita:

1749 246 2077 311 JOANNIS
2112 246 2647 311 CANTACUZENI

3610 256 3712 320 iiii

576 366 781 415 mrum.
813 358 870 415 Si
914 359 967 416 id
1009 374 1119 415 non
1152 360 1344 432 possit,
1380 360 1483 418 hoc
1509 363 1730 433 quidem
1758 364 1921 433 plane
1949 363 2145 419 obten-

2246 361 2383 416 ἀλλά
2416 359 2576 414 τοῦτὸ
2607 375 2672 428 γε
2724 358 2944 423 πάντως
2988 358 3113 429 ἐμοὶ
3150 358 3413 429 φυλάξειν,
3443 363 3497 416 τὸ
3546 365 3607 434 μὴ
3640 370 3716 438 πρὸ

575 457 780 516 turum,
814 466 882 506 ne
917 452 1119 506 indicta
1149 467 1312 508 causa
1345 453 1764 509 condemnarcr.
1795 452 2042 522 Cumque
2076 453 2144 507 de

575 535 767 594 iisdem
800 540 964 594 etiam
1001 540 1325 605 secundum,
1358 548 1413 595 et
1447 541 1666 595 tertium
1712 539 1855 594 inter
1906 553 2006 594 nos
2046 552 2146 592 ne-

573 631 816 687 cessario
842 631 1302 701 colloqueremur,
1337 631 1498 686 toties
1532 631 1701 693 idem,
1732 646 1839 684 non
1875 630 2053 684 solum
2086 637 2146 682 ut

574 722 853 786 sacerdos,
906 723 1002 777 sed
1050 731 1109 776 ut
1162 721 1425 792 profanus
1477 734 1694 791 quoque
1738 720 1978 790 jurabat.
2044 718 2145 775 Hie

575 817 743 888 igitur
787 815 1170 885 suspiciendus
1212 812 1440 885 iustitiae
1493 822 1781 882 patronus,
1822 820 1876 866 et
1934 820 2142 874 custos,

572 910 891 981 pritIsqnam
920 908 1036 964 dies
1064 909 1251 963 decem
1282 914 1404 976 post
1435 919 1616 959 meum
1648 903 1905 976 Byzantio
1938 904 2145 958 disces-

574 1016 696 1056 sum
727 999 1031 1064 eluderent,
1077 1016 1106 1052 a
1151 998 1406 1069 prazfecto
1451 998 1690 1054 cubiculi
1728 1013 2022 1064 persuasus
2052 1011 2141 1050 me

574 1091 753 1161 Ipsnm
784 1090 852 1147 de
887 1091 1085 1146 throno
1117 1091 1411 1146 deturbare
1438 1089 1596 1155 velle,
1630 1099 1686 1145 et
1711 1088 1982 1144 Palamam
2018 1087 2148 1145 sub-

574 1181 954 1247 introdncere;
1040 1199 1355 1254 quanquam
1421 1183 1725 1238 luculenter
1803 1181 1969 1237 sciret
2026 1197 2148 1238 esse

574 1291 779 1331 meram
827 1276 1180 1343 calumniam,
1225 1276 1368 1331 bello
1419 1274 1547 1330 huic
1580 1273 1907 1344 principium
1938 1274 2144 1330 attulit.

576 1360 648 1425 Ut
697 1370 879 1423 autem
912 1380 1086 1423 meam
1123 1370 1176 1422 in
1201 1383 1285 1434 se,
1316 1383 1479 1438 quam
1527 1367 1771 1437 putabat,
1802 1366 2145 1436 iniquitatem

573 1459 886 1529 puniretur,
919 1460 1319 1529 imperatricem
1349 1472 1563 1528 quoque
1599 1456 1692 1529 (id
1715 1456 1859 1528 quod
1885 1457 2025 1512 alius
2049 1472 2149 1512 ne-

574 1560 665 1604 mo
692 1548 981 1620 potuisset)
1010 1549 1245 1619 decepit,
1283 1557 1339 1603 et
1369 1563 1518 1603 arma
1544 1547 1846 1615 suscitavit,
1874 1549 2012 1618 prob
2051 1548 2149 1604 do-

575 1638 679 1707 lor,
714 1642 780 1707 is,
811 1641 904 1712 qui
934 1640 1056 1696 aliis
1082 1657 1273 1711 pacem
1303 1649 1478 1707 curat,
1540 1639 1754 1711 paciﬁci
1781 1649 1837 1695 et
1873 1639 2146 1696 mansueti

575 1734 823 1805 magistri
883 1735 1225 1801 discipulus;
1278 1748 1457 1803 neque
1529 1733 1917 1809 jusjurandum
1986 1732 2149 1789 toties

448 1830 462 1848 ‘
576 1818 894 1896 nuperrime
936 1826 1181 1897 juratum
1227 1826 1537 1894 reveritus,
1571 1840 1752 1895 neque
1778 1824 2148 1880 Romanorum

577 1916 964 1981 calamitatem,
1000 1932 1166 1987 quam
1206 1917 1346 1972 bello
1392 1917 1701 1986 perpessuri
1745 1923 1932 1972 essent
1962 1929 2147 1969 secum

578 2008 862 2081 engitans;
895 2008 992 2064 sed
1022 2023 1190 2062 unum
1221 2007 1323 2062 hoc
1365 2007 1629 2062 duntaxat
1665 2006 1768 2062 sibi
1819 2020 2148 2077 proponens,

581 2102 645 2154 ut
676 2114 763 2155 me
794 2098 1078 2154 innoxium
1106 2114 1137 2153 e
1165 2097 1346 2153 medio
1376 2097 1623 2154 tolleret:
1653 2112 1755 2153 nec
1784 2111 1958 2167 usque
1985 2096 2153 2151 hodie

578 2190 898 2246 insidiarum
933 2197 989 2245 et
1016 2189 1478 2246 obtrectationum
1541 2191 1766 2246 satietas
1801 2190 1952 2246 illum
1981 2190 2150 2261 capit,

575 2282 707 2351 quin
737 2292 859 2351 post
874 2285 1076 2337 tantam
1107 2282 1427 2339 eﬂusionem
1459 2281 1760 2353 sanguinis,
1786 2294 1908 2352 post
1927 2283 2152 2338 miseros

578 2372 850 2429 Romanos
880 2376 935 2430 in
965 2374 1282 2430 servitutem
1299 2375 1624 2438 abstractos,
1652 2383 1777 2443 post
1794 2374 2150 2443 direptiones,

577 2472 643 2522 ac
662 2467 1461 2538 populationes,communeque
1476 2475 1531 2521 et
1548 2465 1988 2537 ultimum,prope
2006 2468 2155 2522 dixe-

578 2558 932 2624 rim,exitium
952 2573 1061 2614 non
1088 2556 1694 2637 adicommiserationsm
1716 2556 1884 2613 ﬂexus
1905 2567 1984 2613 est
2005 2574 2018 2624 ;
2041 2571 2150 2612 non

576 2650 815 2722 aliquam
854 2650 1215 2705 humanitatis
1254 2650 1708 2720 signiﬁcationem
1750 2664 1878 2719 erga
1908 2649 2152 2721 perditos

577 2743 745 2808 dedit,
775 2744 869 2799 sed
893 2744 1077 2799 omnia
1110 2744 1214 2809 illi,
1249 2758 1409 2813 quam
1459 2759 1562 2813 pax
1619 2757 1853 2809 mecum,
1894 2742 2153 2798 tolerabi-

556 2827 710 2907 liora
743 2836 985 2893 fuerunt.
1014 2836 1179 2906 Atqui
1217 2836 1363 2891 dicet
1402 2835 1633 2891 fortasse
1659 2834 2149 2905 (quemadmodum

580 2927 766 2983 dicere
798 2927 949 2983 illum
977 2928 1164 2993 audio,
1193 2936 1256 2982 ut
1282 2927 1615 2997 imperatriei
1644 2926 1711 2981 ad
1736 2927 1940 2982 bellum
1970 2928 2148 2982 calcar

2245 452 2401 521 δίκης
2433 450 2948 521 καταψηφισθῆναι.
2987 452 3195 521 Δεῆσαν
3220 451 3274 505 δέ
3312 452 3402 507 καὶ
3430 453 3501 519 δ’ἰς
3527 457 3607 511 καὶ
3630 461 3716 529 api;

2246 543 2378 613 περί¹
2404 542 2513 595 τῶν
2545 543 2727 596 αὐτῶν
2765 541 3142 612 διαλεχθῆναι,
3168 543 3473 608 τοσαυτάκις
3498 544 3645 614 ὤμνυε
3667 552 3715 603 τὰ

2247 632 2341 688 ῐσα
2365 634 2465 705 οὐχ
2506 633 2711 704 ἱερεῦσι
2741 635 2901 703 μόνον
2924 634 3227 704 πρέποντα,
3275 636 3405 690 ἀλλά
3428 638 3513 690 καὶ
3537 637 3718 705 ἰδιώταις

2245 728 2446 797 ὅρκων.
2490 727 2550 780 ’0
2594 723 2689 781 οὖν
2731 727 3051 796 θαυμαστὸς
3079 718 3232 790 οὗτος
3265 727 3498 797 κηδεμὼν
3538 731 3618 782 καὶ
3650 733 3716 785 τοῦ

2244 818 2454 872 δικαίου
2486 817 2684 887 φύλαξ,
2746 820 2877 887 πρὶν
2911 816 3045 869 δέκα
3103 815 3311 886 ἐξήκειν
3371 818 3579 888 ἡμέρας,
3622 824 3723 890 μετὰ

2244 910 2346 978 τὴν
2404 910 2544 981 ἐμὴν
2594 911 2658 962 ἐκ
2712 907 3008 972 Βυζαντίου
3057 908 3396 979 ἀναχώρησιν
3417 909 3489 978 τῷ
3513 927 3718 980 παρακοι-

2249 999 2490 1070 μωμένῳ
2547 998 2793 1062 πεισθεὶς
2858 1000 3351 1070 συκοφαντήσαντι,
3406 1001 3480 1054 ὅτι
3528 1002 3724 1074 ﬁctilem

2246 1091 2511 1160 κατάγειν
2540 1091 2702 1145 αὐτὸν
2729 1090 2823 1145 τοῦ
2860 1092 3074 1162 θρόνου,
3109 1093 3206 1144 καὶ
3247 1092 3561 1160 ἀντεισάγειν
3586 1095 3719 1150 Παλα-

2251 1184 2381 1253 μᾶν,
2403 1183 2680 1237 ἐκίνειτδν
2720 1182 2987 1254 ἐμφύλιον
3014 1184 3251 1253 πόλεμον
3283 1184 3456 1249 αὐτός’
3482 1187 3727 1256 σαφέστατα

2247 1274 2401 1339 εἰδὼς
2432 1274 2510 1338 ὡς
2549 1277 2903 1345 συκοφαντεῖ.
2944 1275 3310 1345 Ἀμυνόμενος
3347 1276 3403 1328 δὲ
3448 1277 3539 1346 ἐμὲ
3575 1278 3652 1346 τῆς
3674 1282 3728 1343 εἰς

2246 1366 2427 1430 αὐτὸν,
2449 1366 2524 1428 ὡς
2549 1365 2709 1437 ᾤετο,
2728 1366 3144 1436 ἀγνωμοσύνης,
3166 1365 3271 1420 καὶ
3305 1354 3730 1436 βασιλίδαίέεηπάτσ

2248 1458 2341 1511 ὑπ’
2375 1458 2589 1520 οὐδενὸς
2636 1459 2825 1528 ἐτέρου
2870 1458 3182 1528 δυναμένην
3216 1456 3371 1511 τοῦτο
3419 1458 3636 1529 πάσχειν,
3666 1462 3733 1513 κεί

2248 1550 2341 1605 τὸν
2372 1550 2614 1621 πόλεμον
2647 1548 2839 1616 ἐκίνει,
2875 1549 3002 1619 φεῦ,
3048 1552 3077 1603 δ
3105 1548 3205 1620 τὴν
3239 1550 3455 1620 εἰρήνην
3484 1552 3583 1612 τοῖς
3604 1549 3733 1613 ἄλλοις

2252 1642 2533 1715 παρέχων,
2570 1643 2668 1696 καὶ
2715 1643 2810 1696 τοῦ
2859 1640 3141 1713 εἰρηνικοῦ
3190 1643 3286 1696 καὶ
3326 1640 3492 1712 πράου
3526 1640 3732 1712 μαθητής

2254 1736 2396 1806 μήτε
2425 1735 2625 1805 ὅρκους
2654 1733 2947 1799 αἰδεσθεὶς,
2998 1733 3095 1798 οὓς
3152 1732 3280 1804 χθὲς
3311 1733 3403 1787 καὶ
3430 1733 3600 1802 πρώην
3633 1731 3737 1802 ὀμω-

2254 1824 2438 1895 μόκει,
2491 1825 2631 1896 μήτε
2669 1823 2766 1893 τῆς
2800 1822 3090 1893 Ῥωμαίων
3127 1824 3431 1893 συμφορᾶς,
3475 1817 3535 1894 ἦς
3570 1821 3737 1892 ἔμελλον

2254 1915 2343 1970 διά
2370 1913 2462 1968 τὸν
2496 1914 2734 1984 πόλεμον
2785 1912 3153 1985 πειράσεσθαι
3207 1913 3288 1976 είς
3332 1911 3526 1966 ἔννοιαν
3577 1909 3735 1965 ἐλθών·

2251 2005 2389 2060 ἀλλά
2425 2006 2562 2076 πρὸς
2614 2006 2673 2059 ἓν
2726 2006 2889 2078 μόνον
2939 2006 3177 2078 βλέπων,
3206 2006 3354 2069 ὅπως
3398 2005 3489 2075 ἐμέ
3516 2004 3653 2075 ἀνέλῃ
3676 2004 3738 2057 τὸν

2252 2096 2406 2163 ούδὲν
2437 2096 2757 2165 ἠδικηκότα.
2808 2097 2916 2150 Καὶ
2957 2096 3081 2150 ούδέ
3110 2097 3274 2167 μέχρι
3300 2095 3393 2150 νῦν
3422 2095 3566 2165 κάρον
3591 2095 3739 2163 {mu

2254 2188 2364 2242 τῶν
2393 2187 2696 2243 ἐπιϐουλῶν
2743 2188 2838 2243 καὶ
2879 2191 3283 2256 συκοφαντιῶν,
3333 2187 3462 2243 ἀλλὰ
3508 2190 3591 2241 καὶ
3639 2186 3740 2256 μιτά

2234 2281 2355 2351 ’τήν
2383 2279 2658 2350 τοσαύτην
2689 2280 2798 2337 τῶν
2828 2280 3080 2351 αίμάτων
3111 2279 3294 2350 χύσιν,
3328 2280 3421 2335 καὶ
3460 2278 3548 2349 τὴν
3588 2278 3739 2346 αἰχμα-

2252 2370 2456 2426 λωσίαν
2478 2370 2586 2425 τῶν
2611 2369 2892 2440 δυστυχῶν
2925 2369 3241 2440 Ῥωμαίων,
3266 2371 3360 2425 καὶ
3375 2369 3467 2432 τὰς
3480 2368 3740 2439 διαρπαγὰς,

2252 2462 2350 2515 καί⁵
2375 2463 2472 2525 τὰς
2494 2461 2814 2533 λεηλασίας,
2839 2462 2935 2515 καὶ
2962 2460 3060 2532 τὴν
3095 2461 3287 2533 κοινὴν
3318 2457 3670 2528 πανωλεθρίαν,
3689 2456 3742 2518 ὥς

2253 2554 2453 2618 εἰπεῖν,
2480 2553 2540 2606 οὐ
2566 2553 2702 2625 πρὸς
2721 2552 2870 2606 ἐλεον
2892 2553 3294 2622 κατεκάμφθη·
3315 2552 3429 2606 ούδέ
3455 2546 3612 2606 οῐκτον
3627 2546 3742 2605 lich

2251 2642 2373 2697 τινὰ
2388 2642 2498 2696 τῶν
2517 2643 2882 2713 ἀτυχούντων,
2902 2642 3038 2697 ἀλλά
3065 2643 3246 2696 πάντα
3269 2642 3461 2712 μᾶλλον
3478 2639 3744 2711 φορητότερα

2252 2733 2420 2803 αύτῷ,
2439 2733 2472 2803 ἢ
2496 2734 2530 2804 ή
2550 2734 2686 2806 πρὸς
2700 2733 2726 2785 ἐ
2736 2733 2802 2803 μὲ
2817 2734 2865 2787 εί
2872 2736 3032 2804 ρήνη.
3050 2733 3195 2787 Ἀλλ’
3214 2734 3342 2799 ίσως
3360 2734 3468 2804 ἐρεῖ
3480 2717 3637 2799 ῶσπερ
3649 2728 3745 2797 δῆτα

2253 2824 2598 2895 πυνθάνομαι
2630 2824 2725 2880 καὶ
2762 2824 2947 2893 λέγειν
2978 2824 3307 2897 βουλόμενος
3338 2823 3571 2896 βασιλίδα
3593 2821 3745 2893 μᾶλλον

2256 2915 2524 2984 ἐρεθίζειν
2559 2915 2693 2985 πρὸς
2716 2914 2808 2969 τὸν
2827 2916 3084 2987 πόλεμον,
3106 2916 3183 2980 ὡς
3205 2917 3310 2980 ἕως
3340 2916 3436 2988 μὲν
3462 2914 3617 2987 ὀρθοῖς
3641 2911 3747 2980 ἐώρα

579 3018 775 3088 addat)
827 3034 888 3074 se
937 3018 1182 3088 quandiu
1211 3028 1381 3080 recta,
1416 3026 1472 3072 et
1509 3018 1665 3085 .justa
1708 3019 2060 3088 cog'tantem,
2094 3026 2149 3074 et

2254 3009 2346 3061 καὶ
2362 3007 2591 3071 δικαίοις
2611 3007 2707 3076 ἐμὲ
2729 3004 3012 3077 χρώμενον
3028 3006 3336 3078 λογισμοῖς,
3351 3007 3523 3062 καὶτὰ
3540 3003 3748 3059 συνοίσον-

563 3100 708 3162 ’ὒιίἰε
740 3106 1091 3176 imperatoris
1138 3106 1446 3161 studentem
1492 3104 1715 3172 viderit,
1754 3106 1890 3161 mihi
1924 3106 2144 3173 favisse,

579 3210 637 3254 et
664 3200 849 3268 jurata
876 3196 1177 3253 factitasse.
1208 3196 1291 3250 Ab
1313 3195 1473 3251 oliicii
1496 3204 1677 3251 autem
1707 3197 1901 3253 semita
1933 3196 2148 3253 detorto

579 3300 690 3355 me,
720 3298 777 3344 et
823 3286 879 3343 in
911 3288 1092 3343 scelus
1120 3287 1379 3350 abeunte,
1404 3288 1527 3358 jure
1576 3301 1639 3342 ac
1687 3288 1884 3343 merito
1911 3288 2145 3358 impera-

582 3379 714 3436 toris
766 3379 905 3436 filios
954 3387 1144 3435 contra
1194 3393 1283 3433 me
1334 3377 1652 3433 defendere.
1691 3376 1971 3442 Verum,o
2006 3380 2148 3436 bone

579 3474 683 3540 vir,
716 3486 951 3542 quonam
985 3472 1127 3525 istuc
1153 3470 1512 3542 argumento?
1545 3469 1602 3524 Si
1636 3471 1781 3525 enim
1810 3469 2148 3526 sufficittan-

583 3572 694 3619 tum
719 3564 1014 3629 afﬁrmare,
1045 3569 1102 3618 at
1124 3560 1231 3617 hoc
1261 3561 1328 3617 ad
1365 3576 1477 3617 rem
1502 3561 1978 3617 demonstrandam
2017 3565 2150 3617 satis

578 3671 703 3712 esse
733 3655 1039 3710 existimari
1084 3654 1267 3719 debet,
1316 3670 1398 3710 na:
1445 3663 1504 3711 tu
1542 3655 1708 3710 homo
1746 3654 1993 3723 insignis,
2027 3656 2149 3710 lon-

580 3758 753 3818 geque
782 3746 1133 3802 felicissimus
1183 3760 1276 3810 es,
1312 3747 1404 3831 (υιὶ
1430 3745 1567 3801 adeo
1594 3744 1729 3802 citra
1760 3744 2002 3801 laborem
2047 3746 2149 3801 ho-

581 3839 761 3893 stibus
807 3837 918 3893 tuis
965 3839 1162 3894 evadas
1215 3837 1482 3907 superior.
1525 3837 1594 3891 At
1634 3836 1779 3891 enim
1830 3836 2151 3908 quotidiana

582 3927 839 4000 ﬁgmenta
885 3936 1000 3994 tua,
1037 3939 1092 3985 et
1141 3943 1411 3999 perversa:
1440 3926 1711 3992 actiones,
1739 3926 1794 3981 in
1828 3926 2028 3995 quibus
2054 3927 2151 3982 de-

583 4021 888 4092 prehensus
924 4036 1005 4087 es,
1062 4020 1204 4091 apud
1256 4020 1454 4073 multos
1491 4017 1633 4073 hanc
1685 4026 1738 4073 te
1778 4018 1977 4071 habere
2033 4018 2152 4091 cpi-

582 4115 802 4169 nionem
843 4129 953 4167 non
1005 4114 1208 4168 sinent.
1269 4110 1366 4164 Sin
1417 4119 1597 4165 autem
1641 4110 1784 4164 istuc
1837 4123 1946 4163 non
1972 4109 2150 4165 solum

581 4206 754 4277 loqui,
790 4204 887 4261 sed
911 4213 966 4261 et
996 4212 1187 4275 putare
1215 4202 1530 4257 insanorum
1566 4210 1670 4265 est,
1707 4201 2050 4271 relinquitur.
2094 4212 2152 4257 ut

584 4298 938 4363 probationes
992 4294 1281 4350 afferendae
1338 4294 1466 4347 sint.
1522 4291 1701 4358 Quare
1762 4293 1807 4347 si
1867 4292 2150 4362 quidpiam

2252 3116 2323 3152 τα
2340 3101 2451 3161 τοῖς
2473 3098 2733 3171 βασιλέως
2764 3097 3153 3170 βουλευόμενον
3183 3100 3395 3164 παισὶν,
3417 3099 3586 3156 εὔνους
3604 3090 3658 3167 ἦν
3682 3092 3749 3147 κεί

2253 3189 2442 3258 αύτδςδ
2457 3190 2550 3243 καὶ
2571 3189 2793 3260 ἐνέμενε
2829 3191 2941 3254 τοῖς
2963 3189 3144 3261 ὅρκοις
3168 3207 3185 3222 ·
3210 3192 3309 3244 ἐπε
3319 3190 3379 3244 ιδ’
3393 3189 3658 3259 ἐξετράπην
3673 3183 3748 3236 τῶν

2238 3278 2478 3333 -δεόντων
2503 3280 2598 3335 καὶ
2622 3281 2846 3350 εἱλόμην
2865 3281 3089 3346 ἀδικεῖν,
3102 3280 3290 3335 δίκαια
3309 3281 3473 3334 ποιῶν
3493 3279 3632 3341 αὐτὸς
3648 3272 3751 3345 ἀμύ-

2253 3387 2406 3424 νεται
2440 3371 2581 3440 ὑπὲρ
2608 3371 2717 3423 τῶν
2749 3369 3014 3440 βασιλέως
3041 3371 3279 3425 παίδων.
3313 3371 3420 3426 Καὶ
3444 3370 3520 3432 τίς
3544 3364 3749 3431 satisqu

2253 3459 2549 3526 ἀπόδειξις,
2563 3455 2607 3515 ῶ
2623 3461 2806 3531 ’γαθέ;
2833 3463 2894 3516 El
2912 3462 3012 3531 μὲν
3031 3463 3138 3533 γὰρ
3160 3463 3325 3534 ἀρκεῖ
3347 3463 3498 3534 μόνον
3513 3455 3751 3519 simium

2252 3551 2599 3624 τοῦτ’ἀρκεῖν
2616 3553 2869 3624 ήγεῖσθαι
2899 3554 3037 3625 πρὸς
3053 3555 3334 3620 ἀπόδειξιν
3351 3553 3444 3609 τοῦ
3463 3552 3747 3624 πράγματος.

2252 3643 2327 3706 ὡς
2358 3644 2609 3715 λαμπρὸς
2641 3639 2712 3709 εἷ,
2761 3646 2855 3699 καὶ
2886 3645 2955 3700 τὰ
3009 3647 3246 3717 μέγιστα
3278 3645 3591 3717 εὐτύχηκας,
3624 3641 3750 3699 οὕτως

2255 3730 2468 3793 ἀπόνως
2488 3730 2598 3784 τῶν
2628 3731 2834 3802 ἐχθρῶν
2866 3734 3306 3805 περιγινόμενος.
3338 3734 3478 3789 Ἀλλ’
3505 3734 3559 3787 ού
3586 3745 3750 3797 συγκω·

2259 3822 2487 3892 ρήσουσι
2536 3824 2606 3876 τὰ
2658 3822 2982 3895 καθημέραν
3012 3824 3340 3894 πλάσματα,
3373 3823 3466 3879 καὶ
3492 3822 3548 3875 τὸ
3574 3818 3683 3892 πρὸς
3701 3815 3751 3868 τὰ

2256 3913 2437 3983 φαῦλα
2466 3914 2794 3984 κατάφωρον
2820 3915 2931 3967 τῶν
2969 3915 3150 3984 ἔργων
3189 3915 3446 3988 τοιαύτην
3485 3913 3615 3985 ἔχειν
3635 3907 3751 3971 δόξαν

2256 4006 2412 4075 παρά
2437 4009 2550 4068 τοῖς
2585 4005 2823 4071 πολλοῖς.
2868 4006 2933 4061 Ei
2956 4009 3012 4061 δὲ
3036 4008 3199 4061 τοῦτο
3235 4009 3337 4079 μὲν
3373 4002 3751 4079 μελαγχολῶντος

2256 4100 2354 4170 οὐχ
2383 4100 2463 4153 ὅτι
2491 4100 2695 4170 λέγειν,
2727 4098 2867 4153 ἀλλὰ
2910 4100 3002 4154 καί
3033 4100 3269 4167 οἴεσθαι,
3295 4100 3474 4154 λοιπὸν
3501 4098 3656 4152 τοίνυν
3677 4109 3753 4162 χω·

2261 4193 2377 4261 Ρεῖν
2408 4190 2544 4263 πρὸς
2574 4194 2702 4257 τοὺς
2742 4192 3020 4263 ἐλέγχους.
3050 4193 3109 4245 Εἰ
3147 4195 3249 4263 μὲν
3283 4188 3376 4246 οὖν
3404 4190 3519 4262 ἐμοί
3548 4205 3595 4241 τι
3626 4184 3754 4238 σύνοι-

2258 4283 2347 4337 δεν
2377 4283 2537 4348 αὐτὸς
2559 4283 2823 4349 τοιοῦτον,
2855 4283 3192 4355 ἐξελεγχέτω
3231 4283 3501 4357 φανερῶςο
3527 4283 3571 4335 εἰ
3603 4278 3642 4332 δ’
3667 4273 3753 4329 ἑτέ·

582 4385 963 4458 bujuscemodi
1009 4378 1092 4441 de‘
1120 4398 1206 4439 me
1235 4383 1406 4447 novit,
1456 4382 1629 4453 palam
1675 4396 1762 4435 me
1808 4384 2149 4453 redarguat:

2259 4392 2369 4445 ρων
2432 4376 2599 4444 φησιν
2626 4375 2946 4446 ἀκηκοέναι,
2983 4374 3283 4447 παραγέτω
3345 4376 3468 4437 τοὺς
3499 4371 3751 4458 μάρτυρας·

581 4482 745 4555 607
806 4482 889 4537 sin
928 4478 997 4535 ab
1034 4477 1141 4533 alio
1184 4491 1243 4532 se
1282 4475 1562 4546 accepisse
1606 4474 1770 4541 dicat,
1812 4482 1980 4530 testes
2025 4489 2154 4544 pro-

584 4576 771 4639 ducat,
819 4572 961 4643 quod
996 4586 1107 4625 non
1150 4569 1356 4640 poterit
1400 4583 1417 4622 :
1450 4566 1559 4622 nisi
1600 4581 1816 4621 rursum
1847 4581 1955 4620 non
1993 4582 2154 4636 argu-

586 4664 839 4728 mentari,
874 4662 970 4718 sed
1008 4660 1389 4733 sycophantari
1437 4659 1811 4715 tantummodo
1849 4659 1998 4714 velit;
2041 4659 2154 4729 Ego

586 4762 718 4809 vero
766 4763 835 4812 σε
872 4753 988 4823 ipsa
1034 4767 1093 4806 re
1120 4751 1520 4805 firmamentum
1573 4758 1752 4820 petam
1809 4748 2156 4805 evidentissi-

585 4858 757 4900 mum.
789 4841 976 4912 Neque
1000 4841 1148 4895 enim
1169 4847 1461 4910 antequam
1492 4840 1688 4894 bellum
1718 4839 1795 4893 illi
1824 4840 2153 4902 excitarunt,

585 4952 765 5007 neque
792 4934 979 4991 statim
1031 4943 1090 4988 nt
1143 4932 1471 4997 excitarunt,
1518 4932 1600 4986 vel
1648 4932 1963 4986 meditatum
2012 4946 2153 4996 esse,

587 5026 673 5082 vel
704 5025 902 5082 fecisse
938 5023 1234 5095 quidquam
1282 5020 1599 5075 insidiarum
1651 5019 1776 5073 ﬁliis
1810 5018 2156 5089 imperatoris

587 5119 806 5174 ostendi
833 5125 1012 5188 potest
1048 5133 1064 5172 :
1111 5114 1208 5170 sed
1249 5121 1369 5184 post
1403 5110 1594 5167 matris
1632 5110 2005 5180 meaeliliique
2040 5125 2158 5165 car-

587 5217 962 5280 ceremgpost
1009 5221 1255 5263 mearum
1288 5204 1624 5260 fortunarum
1666 5200 2155 5271 despoliationem;

586 5309 710 5373 post
763 5301 1085 5365 amicorum,
1152 5305 1617 5369 cognatorumque
1681 5292 2156 5365 proscriptionem,

587 5409 699 5450 non
729 5393 798 5448 ad
832 5392 1213 5448 ulcisdendum
1245 5405 1367 5446 sum
1400 5401 1706 5458 aggressus,
1741 5385 1836 5439 sed
1859 5384 2157 5454 aspiciens,

587 5500 698 5556 quo
716 5483 980 5539 malorum
998 5482 1199 5539 bellum
1217 5486 1465 5535 mutuum
1484 5477 1759 5541 evaderet,
1776 5476 1924 5531 dolui
1938 5475 2158 5546 quidem

587 5576 655 5631 ab
673 5575 833 5632 initio
849 5584 1032 5631 natum
1051 5580 1256 5638 σεισθβί
1272 5570 1403 5625 illud
1418 5569 1567 5640 quasi
1591 5566 1859 5622 ﬂammam
1883 5567 1973 5622 irri
1983 5575 2159 5624 tantes

588 5666 822 5736 graviter
845 5678 1075 5735 peccare
1093 5662 1223 5718 duxi
1246 5664 1398 5732 τίνει
1419 5667 1833 5732 vero,quantnm
1854 5661 1907 5715 in
1928 5675 2014 5716 me
2032 5659 2137 5717 fuit

2255 4466 2372 4520 ἀλλ’
2393 4465 2494 4519 οὐκ
2532 4467 2598 4520 ἂν
2627 4466 2766 4537 ἔχοι,
2817 4468 2867 4520 εί
2927 4467 3003 4538 μὴ
3049 4468 3410 4535 συκοφαντεῖν
3440 4460 3582 4526 αὖθις
3615 4456 3755 4521 ἀνεξέ-

2256 4556 2464 4624 λεγκτα
2494 4557 2694 4611 ἐθέλοι.
2738 4556 2883 4625 Ἐγὼ
2929 4557 3003 4611 δὲ’
3034 4559 3133 4629 τὴν
3166 4557 3276 4616 ἀπὸ
3304 4557 3414 4610 τῶν
3442 4556 3601 4627 ἔργων
3627 4546 3753 4617 παρέ-

2258 4647 2418 4717 ξομαι
2442 4648 2849 4719 ἐναργεστάτην
2884 4648 3221 4720 μαρτυρίαν,
3255 4648 3395 4702 Οῡτε
3432 4647 3532 4717 γάρ
3558 4643 3666 4710 πρὶν
3686 4638 3753 4691 τὸν

2258 4738 2497 4809 πόλεμον
2523 4739 2813 4811 κινηθῆναι
2838 4740 2967 4812 παρ’
2998 4742 3349 4810 αὐτῶν,ὀὖτε
3376 4734 3753 4812 βεϐουλευμένοςι

2259 4830 2382 4885 οὔτε
2416 4832 2628 4903 πράξας
2651 4850 2705 4886 τι
2741 4833 2879 4903 πρὸς
2922 4833 3220 4906 ἐπιϐουλὴν
3249 4835 3359 4888 τῶν
3400 4831 3638 4904 βασιλέως
3662 4819 3756 4877 ml-

2257 4923 2362 4976 δων
2398 4923 2464 4977 ἂν
2498 4924 2747 4995 φανείην,
2807 4924 2943 4979 οὔτ’
2971 4925 3135 4989 εὐθὺς
3166 4926 3468 4999 ἠργμένον*
3503 4922 3624 4977 ἀλλά
3652 4912 3755 4987 μετά

2257 5014 2357 5085 τὴν
2392 5017 2489 5085 τῆς
2543 5018 2748 5090 μητρὸς
2805 5018 2901 5071 καὶ
2957 5017 3054 5071 τοῦ
3116 5018 3234 5072 υίοῦ
3295 5017 3534 5090 εἱρκτήν,
3578 5005 3756 5075 alii)"

2258 5109 2623 5180 ἀποστέρησιν
2662 5108 2772 5163 τῶν
2802 5109 2993 5178 ὄντων,
3043 5111 3138 5165 καὶ
3170 5111 3267 5181 τὴν
3298 5111 3551 5182 δήμευσιν
3580 5104 3672 5156 τῶν
3692 5097 3754 5166 fi“

2256 5199 2384 5266 λων,
2415 5200 2638 5256 καὶτῶν
2669 5201 2974 5270 συγγενῶν,
3005 5203 3067 5257 ού
3091 5202 3227 5273 πρὸς
3250 5203 3311 5255 τὸ
3338 5197 3618 5271 ἀμύνεσθαι
3640 5194 3756 5260 trp?

2258 5292 2467 5362 πᾶμην,
2499 5292 2613 5345 ἀλλ’
2637 5293 2781 5364 ὁρῶν
2813 5295 2862 5347 oi
2889 5293 3078 5349 κακῶν
3112 5296 3141 5347 ὁ
3182 5293 3318 5361 πρὸς
3347 5289 3589 5360 ἀλλήλους
3610 5283 3754 5337 τελευ·

2257 5382 2413 5454 ’θήσει
2443 5381 2701 5452 πόλεμος.
2732 5381 2978 5454 ἠχθόμην
3015 5383 3113 5453 μὲν
3163 5382 3507 5451 κινουμένου,
3541 5373 3626 5429 καί
3661 5366 3754 5426 τοὺς

2259 5472 2658 5544 παροξύνοντας
2703 5475 2761 5526 ἐν
2804 5474 3009 5538 αίτίαις
3034 5471 3207 5544 ἦγον*
3252 5472 3411 5535 αὐτὸς
3457 5469 3511 5521 δέ
3553 5466 3619 5527 ὡς
3646 5454 3754 5527 εἶχον

2263 5564 2498 5635 μάλιστα
2525 5561 2860 5629 ἐσπούδαζον
2893 5564 3212 5629 καταλύειν,
3242 5563 3335 5615 καὶ
3358 5555 3632 5630 πρεσϐείαν
3649 5545 3753 5615 ὑπὲρ

2261 5657 2360 5727 τῆς
2395 5656 2615 5729 εἰρήνης
2660 5654 2984 5729 ἄποιούμην.
3040 5656 3153 5728 Καὶ
3200 5658 3298 5726 τήν
3337 5653 3488 5723 δίκην
3537 5644 3752 5715 ἀπῄτουν,
