4016 6208
313 313 454 379 1145

1438 304 1988 371 HlSTORIABUM
2035 302 2266 362 LIBER
2307 301 2421 361 IlI.

3415 297 3549 361 1146

306 429 404 484 καὶ
435 428 498 480 οὐ
518 427 886 498 παρῃτούμην
914 424 974 478 τὺ
1001 425 1075 495 μὴ
1105 423 1309 478 διδόναι
1338 422 1516 485 δίκας,
1544 422 1612 476 ἂν
1644 420 1867 488 ἐλέγχω-

1987 415 2037 469 id
2072 414 2415 482 exstinguere
2441 410 2773 473 laboravi,et
2801 410 3122 478 legationem
3141 410 3207 464 de
3231 425 3358 478 pace
3381 414 3502 464 misi
3527 430 3543 477 ;

310 535 411 587 μαι
434 517 736 586 ἐπιορκῶν.
769 514 964 578 Αὐτοῖς
996 513 1054 566 δὲ
1095 513 1350 578 τοσοῦτον
1383 514 1624 581 ἐμέλησε
1665 511 1761 566 τοῦ
1807 509 1876 562 τὰ

305 605 494 658 δίκαια
525 607 723 667 ποιεῖν,
759 605 792 674 ἢ
831 606 1086 674 πρόνοιάν
1120 622 1240 658 τινα
1279 603 1552 657 ποιεῖσθαι
1579 603 1674 655 τοῦ
1708 620 1876 656 κατα-

303 692 531 746 λύεσθαι
570 698 660 747 τδν
698 696 954 763 πόλεμον,
1002 697 1140 748 ὥστε
1174 698 1264 749 ἐπὶ
1294 699 1410 757 τοῖς
1467 695 1732 764 πρότερον
1779 712 1873 763 γε-

301 785 626 853 γενημένοις
653 785 753 854 ἐμὲ
787 787 959 839 πολλά
993 788 1470 857 περιυϐρίσαντες,
1502 788 1596 839 καὶ
1623 787 1873 856 λοιδορη-

309 875 538 942 σάμενοι
575 878 664 928 ἐπ’
695 878 1015 946 ἐκκλησίας,
1038 879 1230 933 ἔπειτα
1267 882 1746 950 ἑρεσχελὴσαντες,
1777 881 1871 931 καὶ
1903 867 1922 886 ”

307 970 438 1028 τοὺς
471 967 727 1036 πρέσϐεις
756 969 1131 1038 κακώσαντες,
1156 973 1230 1035 ὡς
1264 974 1496 1040 μάλιστα
1535 973 1871 1042 ἀπέπεμψαν

305 1057 647 1126 ἀπράκτους.
704 1062 860 1114 Μετά
912 1063 1073 1116 τοῦτο
1129 1064 1186 1117 δὲ
1224 1064 1412 1135 ὥσπερ
1457 1065 1640 1133 ἔργοις
1688 1067 1872 1127 αὐτοῖς

304 1147 625 1218 βουλόμενοι
680 1154 991 1219 καταφανὲς
1030 1157 1226 1220 ποιεῖν,
1257 1157 1340 1207 ὅτι
1386 1155 1479 1208 τοῦ
1521 1155 1735 1209 δικαίου
1772 1157 1871 1226 μὲν

301 1241 496 1294 οὐδένα
528 1243 808 1297 ποιοῦνται
835 1246 1016 1314 λόγον,
1039 1248 1160 1300 οὐδὲ
1182 1249 1514 1317 προφάσεως
1541 1249 1686 1310 τινὸς
1706 1248 1870 1302 ἕνεκα

302 1333 668 1402 εὐπροσώπου
703 1334 909 1390 εἴλοντο
937 1341 1028 1389 τὸν
1057 1339 1310 1408 πόλεμον,
1337 1338 1452 1392 ἀλλ’
1483 1340 1584 1406 ἐμὲ
1611 1341 1870 1393 ἀποκτείο

302 1439 420 1474 νειν
458 1425 522 1477 ὲκ
576 1427 772 1502 παντρς
806 1430 1010 1498 τρόπου
1065 1431 1357 1500 ᾑρημένοι,
1423 1434 1722 1503 πρόσχημα
1774 1433 1868 1486 τοῦ

301 1513 549 1606 πολέμου
602 1517 694 1568 τὸν
727 1518 870 1588 ὑπὲρ
913 1519 1187 1588 βασιλίδος
1242 1523 1520 1577 ποιοῦνται
1557 1525 1745 1592 ζῆλον,
1781 1525 1870 1577 θε-

301 1603 590 1667 σπίσματα
623 1609 946 1677 πεπόμφασι
999 1613 1255 1682 πανταχῆ
1299 1614 1410 1666 τῶν
1448 1613 1656 1668 πόλεων
1687 1615 1868 1668 πᾶσαν

299 1695 512 1749 εἴσοδον
537 1698 663 1767 ἐμοὶ
714 1701 851 1770 πρὸς
883 1703 1054 1766 αὐτὰς
1082 1705 1522 1776 ἀπαγορεύοντα,
1551 1707 1649 1760 καὶ
1686 1707 1867 1759 κοινὺν

299 1786 566 1856 πολέμιον
599 1791 1020 1847 ἀποδεικνύντα.
1061 1796 1171 1847 Καὶ
1195 1796 1256 1848 οὐ
1292 1796 1453 1865 μέχρι
1485 1797 1676 1851 τούτου
1705 1797 1868 1863 ἐστη-

217 1885 228 1900 ·
302 1893 408 1930 σαν
435 1878 534 1950 τὴν
564 1880 817 1948 ἀτοπίαν,
853 1883 991 1937 ἀλλά
1021 1887 1114 1938 καὶ
1142 1885 1331 1939 ἐνθάδε
1363 1887 1718 1956 διατρίϐοντι,
1745 1888 1871 1940 ὲκέ-

302 1967 465 2023 λευον
500 1971 601 2040 τῆς
629 1971 807 2042 πύλης
849 1976 923 2045 μὴ
969 1976 1309 2046 προϐαίνειν
1351 1978 1488 2031 ἀλλὰ
1525 1979 1664 2032 οἴκοι
1694 1979 1868 2049 καθή-

303 2074 493 2127 μενον,
544 2060 643 2131 τὴν
681 2063 1014 2132 ἀναιροῦσαν
1055 2065 1236 2135 ψῆφον
1273 2069 1612 2138 περιμένειν.
1662 2070 1728 2122 Τί
1776 2069 1870 2124 οῦν

303 2166 378 2217 με
408 2151 544 2220 πρὸς
572 2151 747 2206 ταῦτα
783 2159 961 2209 ποιεῖν
993 2158 1162 2228 ἐχρῆν
1215 2159 1355 2229 πρὸς
1385 2160 1559 2229 αὐτῆς
1605 2161 1704 2229 τῆς
1739 2161 1872 2232 ἀλη-

301 2240 498 2308 θείας;
532 2245 1030 2317 συγκαλυψάμενον
1091 2252 1412 2319 περιμένειν
1466 2251 1564 2322 τὴν
1611 2256 1866 2324 σφαγήνς

312 2333 458 2387 Ἀλλ’
484 2335 585 2389 οὐκ
613 2337 680 2390 ἂν
721 2337 875 2402 ἔδοξα
903 2341 1308 2410 σωφρονοῦντος
1334 2344 1567 2413 χρῆσθαι
1589 2345 1868 2415 λογισμοῖς

297 2425 478 2489 οὕτως
508 2429 718 2492 ἀκλεῶς
747 2431 840 2484 καὶ
878 2432 1088 2500 ἀτίμως
1115 2434 1497 2505 ἀποθνήσκωνο
1533 2436 1669 2490 ἀλλά
1696 2455 1869 2494 κατα-

304 2514 584 2582 πλαγέντα
623 2518 760 2588 πρὸς
787 2519 884 2590 τὴν
912 2521 1118 2591 ἀθρόαν
1163 2523 1273 2576 τῶν
1309 2527 1656 2595 πραγμάτων
1700 2545 1868 2597 μετα-

301 2605 492 2676 ϐολὴν,
528 2607 691 2662 δοῦλα
718 2614 939 2680 φρονεῖν
969 2613 1064 2665 καὶ
1085 2613 1440 2685 ἀνελεύθερα,
1495 2620 1588 2669 καὶ
1637 2619 1868 2688 παραδι-

300 2695 452 2750 δόναι
491 2703 976 2771 παρακοιμωμένῳ
1007 2704 1268 2772 ἐμαυτὸν,
1315 2705 1446 2759 ὥστ’
1493 2707 1582 2759 ἐπ’
1618 2708 1867 2774 ἐξουσίας

301 2788 451 2858 ἔχειν
497 2791 684 2855 κακῶς
735 2796 930 2860 ποιεῖν,
994 2797 1090 2849 καὶ
1143 2799 1226 2860 είς
1276 2798 1630 2870 δεσμωτήρια
1687 2804 1862 2871 ἄγειν,

301 2878 494 2950 ὥσπερ
531 2882 599 2935 τὰ
630 2883 936 2951 ἀνδράποδα
973 2887 1178 2950 ικεῑνα,
1203 2888 1252 2941 οἳ
1277 2891 1418 2958 σφᾶς
1445 2891 1642 2956 αὐτοὺς
1673 2893 1866 2963 ἐκείνῳ

299 2973 771 3044 παραδεδωκότες,
823 2979 873 3031 oi
941 2979 1041 3047 μὲν
1092 2979 1304 3035 οἰκοῦσι
1357 2981 1712 3054 δεσμωτήρια
1767 2986 1858 3054 δην

1979 506 2309 576 etjudicium
2329 505 2627 574 petivi,nec
2645 503 2902 572 pmnas,si
2921 503 3145 572 periurii
3163 505 3542 568 eonvinccrer,

1978 604 2301 671 deprecatus
2330 615 2469 655 sum.
2504 603 2571 652 At
2599 599 2728 668 ipsis
2749 599 2882 653 adeo
2905 615 3046 653 cura:
3075 615 3182 653 non
3213 598 3313 652 fuit
3339 600 3542 653 servire

1975 695 2222 764 justitize,
2242 700 2335 748 aut
2349 693 2731 762 cogitationem
2751 691 2982 760 aliquam
3007 691 3129 744 belli
3150 691 3542 759 comprimendi

1977 791 2275 853 suscipere,
2321 796 2376 839 ut
2412 800 2574 852 supra
2618 785 2824 854 priores
2859 784 3108 852 injurias,
3145 793 3200 837 et
3234 784 3541 849 maledicta,

1980 880 2152 932 multo
2185 877 2481 945 majoribus
2516 878 2566 928 in
2613 885 2882 928 conventu
2918 890 3002 928 me
3033 876 3336 935 onerarint,
3373 883 3425 927 et
3466 875 3544 927 le-

1976 982 2129 1041 gatos
2161 969 2476 1026 scnmmatis
2507 968 2692 1020 illusos
2723 966 3117 1035 insigniterque
3141 975 3386 1024 Vexatos.
3421 965 3541 1019 sine

1975 1077 2240 1131 responso
2287 1060 2618 1114 dimiserint.
2658 1060 2733 1110 Ad
2767 1059 2882 1111 htec
2929 1058 3073 1111 velut
3101 1072 3263 1125 opere
3292 1057 3410 1125 ipso
3447 1071 3542 1108 vo-

1976 1155 2156 1208 lentes
2186 1153 2464 1206 declarare
2496 1166 2555 1203 se
2586 1158 2941 1202 contemnere
2964 1147 3251 1215 justitiam,
3287 1163 3354 1201 ne
3388 1147 3538 1200 colo-

1975 1260 2092 1301 rem
2133 1255 2245 1297 tum
2277 1243 2519 1311 quidem,
2555 1256 2647 1294 seu
2680 1241 3045 1293 velamentum
3088 1240 3214 1292 belli
3253 1239 3538 1293 honestum
3609 1257 3612 1266 ·

1973 1339 2356 1409 quaesiverunt,
2396 1336 2490 1388 sed
2533 1345 2590 1388 ut
2627 1349 2710 1387 me
2751 1348 2970 1401 quoquo
3016 1333 3177 1386 modo
3207 1333 3537 1402 jugularent,

1972 1432 2170 1486 ardens
2209 1427 2576 1496 imperatricis
2628 1425 2844 1478 luendae
2899 1424 3139 1477 studium
3200 1423 3538 1486 simulantes,

1971 1524 2150 1578 edicta
2179 1521 2606 1587 circumquaque
2637 1531 2734 1586 per
2763 1515 2926 1569 urbes
2955 1515 3314 1575 missitarunt,
3343 1514 3542 1580 quibus

1971 1623 2026 1671 et
2069 1626 2361 1668 commune
2395 1609 2594 1664 bellum
2628 1607 3020 1675 significarent,
3066 1614 3120 1658 et
3169 1605 3316 1657 omni
3345 1605 3408 1656 ad
3451 1618 3543 1657 cas

1973 1708 2122 1763 aditu
2166 1705 2300 1760 mihi
2347 1703 2759 1758 interdicerent.
2803 1699 2992 1769 Neque
3028 1698 3170 1752 intra
3203 1687 3302 1750 ho’s
3343 1695 3542 1749 limites

1973 1816 2032 1855 se
2081 1797 2354 1854 continuit
2400 1810 2591 1850 eorum
2645 1792 3012 1862 improbitas:
3047 1791 3181 1860 quin
3236 1789 3398 1843 etiam
3449 1787 3543 1842 hic

1975 1885 2412 1961 (Didymotichi)
2459 1883 2701 1942 versanti
2758 1882 2892 1936 mihi
2942 1881 3300 1950 imperarunt,
3329 1893 3399 1930 ne
3445 1891 3542 1945 pc-

1971 1986 2093 2039 dem
2129 1992 2283 2037 extra
2310 1989 2518 2050 portam
2545 1976 2697 2032 urbis
2725 1976 3000 2038 eﬂerrem,
3029 1975 3121 2030 sed
3151 1973 3295 2028 domi
3323 1970 3540 2035 sedens,

1971 2075 2296 2130 sententiam
2334 2071 2621 2141 capitalem
2675 2077 3077 2137 exspectarem.
3131 2064 3270 2132 Quid
3311 2064 3432 2132 (per
3462 2063 3543 2130 ip-

1972 2183 2085 2224 sam
2124 2166 2408 2220 veritatem
2445 2177 2628 2231 quaeso
2658 2163 2779 2228 vos)
2814 2160 2902 2213 hic
2934 2174 3018 2212 me
3042 2159 3222 2212 facere
3259 2155 3543 2224 Oportuiti

1971 2261 2113 2315 intra
2154 2257 2390 2326 parietes
2435 2256 2628 2316 latere,
2681 2261 2736 2306 et
2775 2265 2974 2306 necem
3020 2247 3376 2318 exspectare?
3405 2246 3539 2311 Quis

1973 2369 2059 2409 me
2088 2330 2206 2407 non,
2227 2351 2435 2405 fatuum
2459 2354 2794 2410 numeraret,
2825 2345 2868 2398 si
2903 2343 3002 2407 sic,
3033 2341 3178 2395 nulla
3207 2355 3329 2396 cum
3362 2339 3540 2402 laude,

1971 2447 2099 2518 quin
2128 2443 2309 2516 potius
2339 2456 2461 2495 cum
2495 2439 2764 2493 dedecore
2795 2435 3087 2488 morerer?
3121 2433 3200 2485 An
3232 2430 3536 2500 perculsum

1973 2515 2079 2595 tam
2138 2533 2422 2605 repentina
2471 2545 2653 2585 rerum
2692 2515 3049 2582 conversione
3097 2522 3434 2584 illiberalem,
3478 2535 3541 2575 ac

1973 2630 2226 2688 servilem
2261 2640 2460 2697 gerere
2493 2620 2757 2684 animum,
2797 2619 3119 2686 tradereque
3161 2631 3246 2670 me
3279 2613 3536 2684 praefecto

1971 2720 2232 2783 cubiculi,
2259 2719 2346 2789 qui
2379 2719 2502 2788 jure
2531 2730 2630 2770 suo
2660 2713 2794 2767 mihi
2831 2712 3010 2766 facere
3059 2709 3202 2762 male
3252 2714 3432 2774 posset
3481 2712 3537 2759 et

1969 2815 2024 2868 in
2075 2827 2352 2868 carcerem
2389 2809 2628 2874 trudere,
2667 2815 2728 2861 ut
2776 2806 2878 2859 alia
2921 2802 3214 2870 mancipia,
3247 2813 3362 2867 qua:
3397 2797 3536 2850 ultro

1969 2921 2028 2962 se
2056 2905 2131 2958 illi
2163 2902 2526 2965 tradiderunt,
2559 2912 2790 2968 quorum
2827 2895 3048 2964 quidam
3081 2892 3235 2947 bonis
3261 2891 3375 2944 suis
3407 2896 3534 2940 ante

1969 2997 2073 3052 sub
2102 2993 2366 3065 praeconis
2394 3007 2585 3046 vocem
2630 2987 2914 3057 subjectis,
2955 2994 3011 3039 et
3053 2983 3222 3036 variis
3270 2979 3536 3034 acerbita-

301 3066 529 3136 μεύσεις
565 3069 832 3137 πρότερον
864 3072 1282 3142 ὑπομείναντες,
1315 3077 1408 3129 καὶ
1442 3077 1617 3130 ἄλλων
1665 3080 1865 3147 πεῖραν

1971 3090 2113 3145 tibus
2163 3084 2428 3148 amictati,
2462 3097 2712 3136 carceres
2763 3080 3030 3143 incolunt,
3073 3075 3166 3129 alii
3210 3088 3319 3126 non
3377 3083 3538 3127 secus

296 3159 578 3230 δυσχερῶν
605 3161 854 3214 πολλῶνο
891 3163 960 3215 ol.
989 3163 1036 3216 δ’
1086 3165 1148 3218 ὲν
1199 3167 1382 3233 Καρὸς
1425 3167 1588 3238 μοίρᾳ
1638 3169 1865 3236 ἄγονται

301 3252 396 3304 καὶ
425 3252 704 3320 φέρονται,
739 3254 849 3306 πᾶν
895 3253 956 3306 τὺ
1007 3257 1480 3326 προσταττόμενον
1531 3259 1623 3311 ὑπ’
1654 3261 1862 3313 ἐκείνου

298 3346 475 3397 ποιεῖν
508 3343 724 3414 ἔχοντες
783 3332 1053 3418 ἀνάγκην.
1112 3349 1224 3401 Καὶ
1280 3349 1452 3402 ποίων
1495 3351 1558 3403 οὐ
1613 3351 1862 3405 θανάτων

297 3437 527 3501 ἀντάξια
564 3439 775 3508 μυρίων
803 3440 1010 3509 ταῦτα;
1064 3443 1096 3511 ἢ
1152 3445 1288 3496 πότε
1319 3444 1386 3496 ἂν
1428 3446 1456 3497 ό
1503 3445 1655 3514 ἥλιος
1684 3447 1864 3500 ἐπεῖδε

302 3531 532 3599 μείζονα
580 3531 677 3584 καὶ
716 3532 1156 3603 παραδοξοτέραν
1189 3534 1442 3600 ἀτοπίαν,
1487 3535 1629 3588 ὥστε
1673 3538 1763 3590 τὸν
1801 3539 1865 3590 ὲκ

301 3623 560 3694 κοπρίας,
592 3624 620 3678 δ
650 3641 834 3693 φασιν,
862 3625 1151 3698 ἄνθρωπον
1185 3628 1278 3680 ὐπ’
1305 3628 1440 3698 ἐμοῦ
1472 3631 1864 3700 γεγενημένον,

299 3717 398 3768 καὶ
429 3715 571 3786 μέγα
597 3718 1022 3788 σεμνυνόμενον,
1053 3719 1121 3773 ἂν
1143 3719 1235 3772 καὶ
1260 3718 1574 3790 βλέμματος
1599 3721 1866 3793 ἐτύγχανε

301 3807 631 3878 προσηνοῦς,
679 3808 711 3880 ἢ
749 3807 911 3877 λόγου
955 3812 1100 3873 τινὸς
1137 3811 1423 3876 δοκοῦντος
1481 3815 1729 3884 εὐμενῶς
1784 3817 1866 3868 εί-

306 3902 528 3972 ρῆσθαι,
563 3901 754 3957 τοῦτον
775 3904 1020 3973 ὑϐρίζειν
1065 3907 1211 3977 ἔχειν
1245 3907 1324 3971 είς
1362 3907 1485 3975 ἐμὲ,
1527 3893 1623 3962 καὶ
1670 3912 1737 3980 τῇ
1771 3909 1868 3962 αὖ-

298 3992 511 4064 θαδείᾳ,
544 3993 641 4047 καὶ
673 3995 1016 4066 κακοτροπίᾳ
1059 3997 1440 4067 χρῆσθαιςΔι’
1489 3999 1526 4054 ἀ
1568 4000 1632 4072 δὴ
1685 4003 1864 4056 πάντα

299 4085 498 4150 σώζειν
528 4087 767 4156 ὶμαυτδν
814 4087 1064 4158 εἱλόμην,
1097 4091 1190 4142 καὶ
1219 4089 1346 4152 τοὺς
1377 4091 1657 4156 συνόντας·
1691 4094 1788 4147 καὶ
1834 4091 1864 4146 ὃ

299 4179 565 4242 πολλάκις
614 4181 645 4233 ὁ
704 4179 973 4248 μακάριος
1025 4179 1109 4250 ,τῷ
1161 4181 1277 4234 ὄντι
1335 4180 1592 4251 βασιλεὺς
1657 4187 1866 4253 ἐκεῖνος

293 4273 577 4342 ἠνάγκαζε
609 4275 802 4338 ποιεῖν,
838 4273 1030 4344 ῶσπερ
1058 4279 1260 4340 πάντες
1296 4275 1442 4330 ίσασι
1474 4279 1684 4346 σαφῶς,
1717 4284 1865 4335 τοῦτ’

295 4365 572 4436 ιπραττον
608 4366 700 4419 ὑπ’
732 4365 958 4419 ἐκείνων
991 4366 1226 4434 μάλιστα
1280 4368 1362 4432 είς
1407 4369 1668 4441 τοιαύτην
1700 4375 1866 4444 ἀνάγ-

298 4471 408 4524 κην
440 4457 927 4524 συνενηνεγμένος,
954 4459 1052 4526 τῆς
1073 4457 1257 4526 κοινῆς
1283 4457 1524 4526 ἐμαυτοῦ
1545 4477 1602 4513 τε
1636 4461 1727 4514 καὶ
1753 4463 1864 4516 τῶν

293 4546 440 4600 ὅλων
475 4547 750 4616 σωτηρίας
811 4546 992 4602 ἕνεκα.
1046 4547 1157 4600 Καὶ
1214 4549 1274 4614 ἐξ
1328 4550 1538 4603 ἐκείνου
1588 4553 1719 4622 ἄχρι
1770 4553 1865 4610 νῦν

291 4637 557 4691 οὐδέποτε
594 4639 923 4708 ἐπαυσάμην
957 4639 1087 4709 περὶ
1124 4641 1349 4710 εἰρήνης
1373 4641 1624 4712 δεόμενος
1658 4643 1860 4699 αὐτῶν.

307 4729 452 4782 ’Δλλ’
485 4728 774 4797 ἀνθέρικον
826 4729 969 4782 δοκῶ
1019 4730 1276 4798 θερίζειν·
1331 4733 1506 4786 πάντα
1541 4735 1648 4803 γὰρ
1681 4736 1864 4798 αὐτοῖς

294 4815 560 4886 μᾶλλονῆ
592 4817 625 4884 ἡ
660 4817 850 4888 είρήνη
886 4819 1108 4874 ἀνεκτά.
1156 4819 1494 4889 Σκεψώμεθα
1516 4823 1579 4894 δὴ
1635 4826 1865 4894 πότερος

289 4908 500 4962 ἀδικῶν
529 4907 781 4976 φαίνεται
809 4911 904 4963 καὶ
927 4911 1202 4978 ἐπιορκῶν
1255 4929 1267 4943 ·
1288 4914 1316 4966 ό
1342 4916 1442 4984 τήν
1461 4932 1521 4967 τε
1550 4917 1726 4987 ἀρχὴν
1755 4921 1866 4974 τοῖς

287 4997 484 5064 ὅρκοις
504 4997 797 5067 ἐπιμείνας
820 4998 978 5069 ἀχρις
999 4992 1060 5053 οὗ
1092 5004 1235 5055 κατὰ
1257 5003 1459 5072 κράτος
1487 5006 1864 5076 κατελύθησαν

293 5086 406 5140 ὑπὸ
438 5087 546 5140 τῶν
579 5089 987 5159 πολεμούντων,
1015 5091 1110 5145 καὶ
1134 5093 1297 5162 μέχρι
1325 5094 1420 5148 νῦν
1454 5095 1708 5165 δεόμενος
1736 5099 1865 5170 περὶ

288 5177 548 5252 εἰρήνης,
601 5182 822 5238 καὶτὸν
859 5183 1098 5255 πόλεμον
1127 5185 1328 5239 ἐθέλων
1370 5187 1728 5255 καταθέσθαι,
1771 5191 1804 5262 ἦ
1836 5194 1865 5246 ό

1967 3198 2128 3254 quam
2183 3179 2349 3236 Cares
2405 3187 2662 3244 aguntur,
2704 3182 3098 3243 raptanturque
3146 3180 3375 3222 necesse
3435 3165 3538 3218 ha-

1967 3275 2159 3328 bentes
2185 3272 2407 3340 exsequi
2452 3268 2815 3338 quodcunque
2836 3265 2922 3317 ille
2944 3259 3304 3316 mandaverit.
3330 3255 3393 3310 Et
3417 3254 3540 3324 qui-

1966 3364 2069 3418 bus
2098 3361 2340 3421 tandem,
2391 3374 2451 3412 ac
2499 3357 2642 3410 mille
2693 3353 2962 3410 mortibus
3012 3352 3126 3405 haec
3152 3347 3537 3418 aequiparanda

1966 3469 2077 3509 non
2135 3451 2299 3507 sunt?
2356 3449 2520 3520 608
2565 3455 2662 3500 aut
2709 3445 2928 3514 quando
2980 3443 3060 3496 sol
3104 3442 3207 3496 hac
3247 3439 3532 3496 insolentia

1967 3547 2264 3617 qttidquam
2297 3544 2431 3596 vid't
2465 3539 2787 3593 insolentius
2815 3543 2979 3604 atque
3013 3533 3344 3593 inusitatius,
3375 3539 3435 3582 ut
3469 3545 3534 3583 ex

1968 3649 2230 3699 stercore,
2259 3632 2401 3702 quod
2434 3632 2611 3697 aiunt,
2643 3630 2803 3682 homo
2833 3639 3024 3680 servus
3065 3637 3240 3686 meus,
3273 3620 3366 3689 qui
3398 3621 3536 3672 mul-

1970 3739 2084 3785 tum
2125 3726 2466 3797 gloriaretur,
2501 3722 2544 3776 si
2588 3735 2616 3773 a
2664 3734 2750 3772 tne
2794 3715 3004 3786 placido
3054 3713 3207 3768 vultu
3264 3713 3530 3782 dignatus,

1967 3829 2063 3875 aut
2093 3819 2261 3873 verbo
2291 3814 2550 3871 amiciore
2577 3811 2880 3882 appellatus
2910 3817 3076 3871 esset,
3108 3819 3254 3860 nunc
3287 3803 3534 3874 petulan-

1968 3921 2052 3967 ter
2088 3912 2142 3965 in
2184 3924 2273 3963 me
2329 3905 2614 3966 insultare.
2651 3917 2918 3970 suumque
2970 3901 3166 3954 fastum
3196 3909 3249 3951 et
3288 3893 3535 3964 maligni-

1969 4013 2134 4060 tatem
2183 4013 2501 4070 expromere
2556 3995 2766 4067 possit?
2821 3993 2903 4048 Ob
2953 3992 3115 4046 hasce
3165 4003 3360 4043 causas
3421 4001 3530 4049 me,

1969 4107 2232 4163 meosque
2297 4103 2515 4145 servare
2596 4085 2743 4140 volui
2788 4100 2802 4136 :
2843 4092 2899 4138 et
2962 4081 3106 4150 qttod
3160 4090 3535 4146 sa-penutnero

1967 4204 2094 4244 vere
2128 4188 2319 4242 beatus
2353 4183 2442 4236 ille
2495 4181 2795 4249 imperator
2834 4176 3079 4246 urgebat,
3130 4172 3381 4242 quodque
3415 4183 3531 4221 om-

1969 4295 2070 4334 nes
2116 4285 2338 4337 norunt,
2385 4271 2622 4331 inimicis
2697 4269 3042 4338 potissimum
3080 4281 3146 4319 eo
3187 4262 3532 4317 necessitatis

1971 4387 2055 4425 me
2087 4367 2448 4438 adigentibus,
2477 4364 2752 4426 facere,et
2776 4362 2845 4414 ita
2879 4371 3052 4412 meam
3087 4356 3351 4425 privatam
3382 4355 3533 4406 inco-

1965 4463 2264 4516 lumitatem
2293 4474 2416 4513 cum
2470 4457 2638 4510 totius
2679 4452 2991 4522 reipublicae
3020 4449 3195 4503 salute
3235 4444 3528 4500 incolumi-

1964 4563 2182 4623 tateque
2215 4549 2570 4619 conjungere.
2613 4546 2790 4614 Atque
2821 4560 2883 4598 ex
2917 4543 3008 4595 illo
3048 4539 3220 4610 usque
3255 4553 3400 4592 nunc
3437 4553 3530 4607 pa-

1962 4663 2077 4703 cem
2127 4661 2220 4701 eos
2258 4656 2485 4713 poscere
2517 4653 2790 4705 nunquam
2819 4635 3021 4691 destiti.
3054 4635 3161 4688 Sed
3188 4632 3528 4686 anthericum

1962 4747 2169 4792 metere
2203 4735 2390 4789 videor
2430 4732 2540 4803 ('57)
2573 4749 2586 4784 :
2620 4730 2800 4784 omnia
2849 4728 2992 4781 enim
3030 4727 3136 4780 illis
3165 4725 3340 4780 facilia
3378 4733 3527 4784 sunt,

1964 4827 2202 4895 ferrique
2253 4833 2506 4894 possunt,
2560 4836 2748 4891 pacem
2784 4820 2952 4874 solam
2987 4818 3100 4889 pati
3139 4833 3246 4870 non
3277 4823 3527 4885 possunt.

1963 4917 2408 4986 lntrOSpiciamus
2439 4916 2603 4984 igitur
2636 4924 2757 4967 uter
2791 4914 2998 4966 lazsisse
3042 4926 3106 4964 ac
3136 4909 3410 4977 pejerasse
3446 4907 3531 4959 vi-

1962 5009 2198 5073 deatur;
2261 5007 2376 5060 isne
2443 5005 2537 5074 qui
2595 5022 2624 5059 a
2678 5005 2945 5074 principio
3001 5003 3182 5071 jurata
3249 4996 3524 5061 servavit,

1961 5101 2136 5155 donec
2174 5099 2359 5152 hostes
2415 5102 2512 5168 per
2565 5098 2675 5151 vim
2731 5097 2887 5151 fidem
2929 5095 3229 5165 fregerunt,
3259 5102 3311 5146 et
3350 5091 3529 5144 adhuc

1960 5207 2147 5263 pacem
2187 5191 2346 5260 petit,
2384 5200 2608 5260 paratus
2636 5205 2786 5244 arma
2833 5202 3076 5258 ponere;
3115 5201 3182 5239 an
3236 5199 3396 5254 quem
3429 5195 3530 5236 nec

1525 5332 1741 5395 Jacobi
1781 5334 2043 5396 Pontani
2079 5339 2266 5396 notat.

373 5443 483 5514 (37)
516 5445 893 5528 Proverbium,
927 5447 1013 5528 .de
1043 5463 1109 5528 eo
1150 5450 1296 5528 quod
1347 5451 1464 5528 fieri
1503 5469 1617 5528 _uon
1653 5465 1856 5528 potest,

286 5531 393 5574 seu
433 5517 576 5585 quod
631 5517 886 5583 inaniter,
925 5517 1190 5574 inutiliter
1222 5521 1300 5585 fit,
1338 5523 1405 5576 de
1448 5523 1633 5579 labore
1656 5517 1855 5580 sterili.

296 5584 616 5663 Ἀνθέρικον
679 5587 896 5654 quidam
936 5587 1170 5663 fructum
1205 5584 1516 5663 _aSphodeli
1552 5634 1567 5658 ,
1638 5594 1856 5663 quidam

286 5654 504 5712 caulem
541 5664 747 5712 tantum
792 5671 915 5713 esse
960 5660 1168 5715 scribit.
1203 5654 1504 5740 iles'j'chius
1553 5654 1849 5736 ⁷ἀνθ’ἐρικον

1964 5466 2018 5512 et
2048 5458 2326 5527 asphodeli
2383 5457 2642 5516 fructum.
2690 5466 2742 5511 et
2790 5455 2973 5527 herbae
3030 5451 3302 5527 quoddam
3354 5469 3526 5527 genus

1965 5542 2086 5581 esse
2115 5525 2267 5591 vult,
2305 5528 2536 5582 fortasse
2585 5527 2734 5587 illud,
2764 5526 2903 5595 quod
2949 5527 3100 5578 aiunt
3131 5525 3352 5592 quidam
3401 5525 3526 5578 meti

1964 5612 2074 5651 non
2118 5612 2296 5664 posse,
2343 5597 2435 5650 sed
2469 5606 2524 5649 ut
2556 5597 2747 5654 linum.
2783 5595 3030 5648 manibus
3059 5596 3179 5648 velli
3215 5595 3434 5659 debere,
3473 5604 3529 5649 ct

1960 5668 2090 5721 ltinc
2120 5665 2325 5721 factum
2357 5666 2708 5735 proverbium
2735 5667 3021 5735 ἀνθέρικον
3055 5665 3312 5737 θερίζειν.
