4016 6208
545 269 682 337 lii’!

1707 267 2039 330 JOANXIS
2081 267 2227 326 CAN
2243 267 2613 328 I‘ACUZENI

3600 277 3699 342 1148

548 394 678 445 ante
705 398 808 437 nec
843 393 970 453 post
1027 383 1322 454 quidquam
1373 383 1652 454 probabile
1699 384 1953 438 actitasse
1991 397 2119 435 con-

2226 383 2364 450 μήτε
2422 383 2709 452 πρότερον,
2773 382 2902 452 μήθ’
2944 382 3168 453 ὕστερον
3202 383 3309 436 τῶν
3353 385 3553 440 δεόντων
3580 393 3702 459 μηδὲν

545 484 673 530 stat.
718 474 781 528 Et
824 475 1083 544 quoniam
1119 477 1426 546 patriarcha
1457 475 1586 530 tnihi
1609 475 1814 530 cladem
1863 476 1989 530 belli
2026 477 2118 531 ad-

545 569 752 631 scribit,
806 577 860 621 et
901 569 1005 622 hoc
1040 585 1126 622 me
1184 569 1409 623 crimine
1460 569 1718 638 aspergit,
1765 584 1885 638 age,
1922 579 2045 623 uter
2083 584 2116 623 e

548 658 761 712 duuhus
787 661 941 713 istius
957 661 1126 714 cladis
1155 662 1332 729 potius
1362 670 1552 714 auctor
1571 662 1663 722 sit,
1687 662 2114 720 consideremus.

549 745 786 801 Primum
844 753 990 802 enirn
1038 751 1250 818 Opinor,
1286 766 1728 820 unumquemque
1785 753 1997 820 culpam
2032 755 2117 807 in-

548 842 956 894 commodorum
1013 843 1134 895 belli
1189 843 1242 895 in
1273 858 1397 896 eum
1433 843 1749 909 transferre,
1785 859 1812 898 a
1845 859 1954 913 quo
1998 845 2116 899 bel-

548 931 656 984 lum
689 931 990 998 profectum
1020 941 1103 985 est
1130 951 1143 986 :
1166 947 1290 986 nam
1319 934 1508 988 salutis
1573 949 1736 988 causa
1766 950 1886 988 sese
1921 936 2115 1002 tuenti,

545 1037 708 1074 nemo
736 1023 917 1076 adhuc
950 1023 1128 1076 dicam
1179 1025 1420 1094 scripsit.
1477 1025 1682 1080 Deinde
1720 1027 1994 1096 sigillatim
2032 1027 2119 1080 in-

546 1113 848 1180 quiramus,
880 1129 909 1166 a
945 1115 1146 1183 quibus
1177 1117 1444 1170 honorum
1475 1118 1891 1187 publicationes,
1921 1119 2117 1184 caedes,

546 1201 753 1266 exsilia,
800 1219 1074 1271 carceres,
1129 1209 1327 1262 eculei.
1393 1209 1583 1263 Nonne
1619 1211 1686 1264 ab
1731 1211 1900 1280 ipsis?
1938 1227 2120 1266 nonne

548 1291 824 1363 lacrymis,
886 1312 1072 1352 nonne
1169 1301 1456 1354 cruoribus
1512 1302 1795 1358 universas
1874 1303 2122 1359 civitates

549 1387 945 1454 repleverunt?
976 1390 1171 1445 Nonne
1223 1408 1326 1446 ceu
1378 1407 1696 1448 communes
1751 1395 2120 1450 Romanorum

2219 473 2546 542 φαινόμενος
2584 478 2778 528 ποιεῖν.
2825 476 2978 528 Ἐπεὶ
3008 477 3064 528 δεῖ
3103 495 3189 546 μοι
3219 478 3311 530 καὶ⁵
3353 478 3442 546 τὴν
3472 487 3706 550 γεγενημὲ-

2221 583 2320 633 νην
2357 565 2563 635 φθορὰν
2609 566 2716 618 ὑπὸ
2767 569 2860 622 τοῦ
2922 567 3156 636 πολέμου
3193 569 3554 638 προστρίϐεται
3585 575 3606 623 ὁ
3633 591 3707 626 πα-

2217 661 2508 726 τριάρχης,
2530 657 2858 726 σκεψώμεθα
2883 659 2965 719 τίς
2995 661 3168 721 αἴτιος
3201 661 3384 727 αὐτῆς.
3414 662 3604 730 Πρώτων
3631 667 3704 732 μὲν

2218 749 2328 819 γὰρ
2358 751 2542 818 οἴομαι
2566 751 2748 803 πάντα
2769 751 3012 803 ὁντινοῦν
3035 761 3043 780 ⁸
3065 751 3142 818 τῷ
3165 752 3381 820 ἄρχοντι
3412 753 3616 821 πολέμου
3638 756 3710 824 τὴν

2221 842 2396 894 αίτίαν
2424 843 2530 894 τῶν
2570 843 2873 911 γινομένων
2913 843 3208 913 ἀναθήσειν
3237 861 3251 876 ·
3291 845 3590 913 ἀμυνομένῳ
3626 848 3706 915 γὰρ

2218 933 2475 987 οὐδέποτε
2529 935 2705 997 οὐδεὶς
2756 935 3094 999 ἐνεκάλεσεν,
3125 936 3208 988 ὅτι
3261 935 3498 1000 διασώζει
3546 939 3710 990 ἐαυτὸν·

2221 1026 2408 1078 ἔπειτα
2470 1027 2817 1093 ἐξετάσωμεν
2847 1029 2943 1079 καὶ
2967 1026 3034 1078 τὰ
3055 1027 3196 1079 κατὰ
3231 1027 3294 1095 μέ
3307 1043 3412 1096 ρος,
3439 1029 3571 1096 παρὰ
3590 1029 3713 1083 τίνων

2220 1119 2511 1188 δημεύσεις
2541 1119 2636 1171 καὶ⁸
2664 1119 2894 1186 σφαγαὶ,
2926 1120 3019 1172 καὶ
3043 1119 3271 1188 ἐξορίαι.
3303 1123 3395 1174 καὶ
3412 1120 3714 1190 δεσμωτήρια,

2223 1211 2318 1263 καὶ
2354 1209 2741 1279 στρεϐλώσεις.
2774 1210 2910 1280 Οὐχ)⁵
2967 1211 3100 1280 παρ’
3157 1210 3366 1274 αύτῶν;
3419 1211 3476 1263 οὐ
3517 1211 3717 1281 δακρύων

2222 1301 2528 1372 ἐνέπλησαν
2583 1302 2682 1365 τὰς
2734 1301 2920 1364 πόλεις
2965 1303 3172 1366 πάσας,
3231 1303 3329 1371 οὐχ
3367 1302 3616 1371 αἱμάτωνς
3648 1303 3719 1372 οὺχ

2219 1393 2412 1461 ὥσπερ
2467 1393 2637 1444 κοινοὶ
2693 1392 2804 1445 τῶν
2862 1393 3151 1462 Ῥωμαίων
3205 1393 3449 1460 πολέμιοι
3496 1393 3719 1463 περιόντες

551 1477 739 1532 hostes
775 1481 996 1550 impune
1043 1484 1354 1551 volitantes,
1390 1486 1592 1556 ubique
1651 1487 1940 1556 optimates
1993 1505 2119 1543 con-

2222 1485 2347 1546 τοῦς
2375 1483 2682 1553 ἑκασταχοῦ
2733 1483 2990 1553 ἀρίστους
3067 1483 3490 1552 διαφθείρουσιη
3518 1485 3570 1536 οὑ
3599 1485 3653 1536 τά
3680 1501 3721 1536 τε

547 1570 932 1628 truridarunt?
968 1590 1151 1631 nonne
1181 1579 1478 1646 publicam,
1516 1579 1892 1650 privatamque
1926 1581 2119 1636 Roma-

2225 1576 2381 1630 κοινά
2415 1577 2508 1630 καὶ
2558 1577 2626 1630 τά
2671 1578 2776 1629 ῐδια
2801 1578 2910 1630 τῶν
2955 1577 3246 1645 Ῥωμαίων
3292 1576 3536 1646 χρήματα
3563 1576 3725 1630 ἀνάλω-

551 1677 748 1716 norum
783 1653 1068 1733 pecuniam
1109 1668 1162 1720 in
1210 1684 1296 1723 res
1327 1669 1478 1724 nihili
1512 1671 1918 1740 profuderunt?
1968 1674 2120 1730 Mitto

553 1752 698 1805 enim
748 1753 930 1814 dicere
957 1767 1224 1822 nostram,
1263 1759 1399 1814 adeo
1445 1759 1764 1822 immanem,
1800 1778 1962 1832 quam
2012 1763 2116 1818 nisi

553 1842 655 1910 ipsi
706 1844 846 1898 bello
897 1859 1172 1902 commoto
1206 1849 1566 1918 dissipassent
1603 1852 1814 1921 (Deum
1850 1844 2119 1924 inSpect'o-

555 1945 668 1983 rem
726 1933 1090 2000 oceultorum,
1143 1937 1564 2010 abditorumque
1625 1945 1868 1998 omnium
1926 1957 2115 2005 testem

552 2021 754 2092 laudo)
788 2024 842 2078 in
870 2029 1148 2082 communi
1196 2031 1431 2086 utilitate
1483 2033 1747 2090 collorare
1796 2047 2115 2097 statueram.

552 2110 742 2168 Nonne
798 2117 980 2182 urbes,
1031 2119 1164 2175 alias
1221 2122 1440 2191 quidem
1509 2124 1692 2180 Manis
1756 2129 2118 2197 tradiderunt,

554 2204 687 2258 alias
713 2205 944 2263 libentes
977 2209 1230 2268 Triballis
1259 2214 1663 2281 permiserunt?
1694 2219 1888 2274 Nonne
1915 2221 2118 2278 Barba-

554 2311 646 2352 ros
680 2299 780 2369 ipsi
823 2303 981 2370 primi
1020 2303 1282 2360 Romanis
1313 2307 1673 2377 induxerunt,
1723 2314 2119 2372 Macedoniam-

553 2406 662 2459 que
695 2393 1067 2456 incursarunt,
1109 2405 1164 2450 et
1205 2397 1257 2450 in
1291 2401 1614 2455 servitutem
1654 2403 1915 2470 plurimos
1945 2410 2118 2462 abdu-

555 2480 791 2537 xerunt?
823 2485 1016 2539 Nonne
1057 2486 1346 2543 Thraciam
1378 2501 1543 2545 totam
1590 2495 1795 2548 crebris
1823 2502 2122 2568 expeditio-

556 2574 712 2629 nihus
743 2577 888 2630 velut
924 2578 1162 2633 hostium
1192 2585 1535 2649 provinciam
1567 2598 1796 2653 vastam,
1830 2606 1893 2644 ac
1938 2593 2120 2648 deser-

558 2674 668 2718 tam
703 2667 1092 2742 reddiderunt?
1125 2671 1317 2727 Nonne
1341 2677 1717 2734 recentissime
1742 2679 2039 2747 Morrham,
2063 2695 2122 2740 ut

555 2770 584 2807 a
615 2771 699 2810 me
722 2765 982 2821 stantem,
1005 2759 1436 2816 deformarunt?
1485 2765 1678 2820 Nonne
1701 2772 2005 2823 communia
2029 2787 2121 2827 ve-

551 2850 767 2920 ctigalia
791 2853 970 2908 omnia
1002 2855 1338 2910 sustulerunt
1357 2858 1380 2910 ’ί
1396 2857 1584 2913 Nonne
1605 2862 1873 2917 exercitus
1913 2876 2119 2932 partem

555 2931 853 3010 quiJem’ut
871 2946 1237 3001 adversariam
1271 2950 1370 3018 ipsi
1396 2951 1793 3018 contriverunt,
1811 2955 1974 3025 609
1998 2973 2120 3026 par-

2228 1682 2350 1726 σαν,
2410 1666 2489 1727 είς
2540 1664 2691 1718 οὐδὲν
2723 1663 2884 1730 δέονς
2927 1664 3031 1715 Ἐῶ
3073 1665 3181 1734 γάρ
3216 1665 3394 1732 λέγειν
3434 1667 3498 1717 τά
3537 1665 3726 1735 ἡμέτερα

2220 1756 2460 1810 τοσαῦτα
2490 1755 2641 1822 ὄντα,
2668 1756 2704 1810 ἃ
2741 1758 2788 1808 εί
2823 1757 2899 1826 μὴ
2926 1756 3085 1809 αὐτοὶ
3110 1755 3414 1826 διέφθειρον
3438 1755 3520 1807 τὸν
3541 1755 3726 1824 πόλεμον

2220 1849 2600 1918 κεκινηκότες,
2628 1847 2768 1916 ὑπὲρ
2796 1847 2895 1915 τῆς
2927 1847 3114 1916 κοινῆς
3137 1847 3406 1914 ὡφελείας
3428 1846 3491 1900 ἂν
3513 1847 3726 1908 ἀνάλωτο,

2219 1941 2409 2010 ὥσπερ
2439 1939 2956 2010 παρεσκευαζόμην,
3013 1941 3146 1994 ίστω
3180 1942 3314 2005 Θεὸς
3359 1943 3388 1995 ό
3432 1941 3623 1994 πάντων
3649 1941 3728 1993 τῶν

2226 2033 2441 2103 ἀδήλων
2473 2033 2568 2086 καὶ
2601 2036 2849 2104 κρυφίων
2884 2035 3153 2104 γνώστης.
3184 2037 3263 2088 Οὐ
3322 2035 3511 2101 πόλεις,
3543 2036 3625 2094 τὰς
3659 2034 3730 2102 μὲν

2231 2127 2384 2178 αὐτοὶ
2415 2125 2838 2194 παραδεδώκασι
2871 2127 3093 2190 Μυσοῖς,
3127 2127 3229 2189 τὰς
3261 2127 3308 2180 δ’
3341 2128 3506 2180 ἑκοντὶ
3533 2128 3730 2194 προεῖντο

2233 2217 2522 2285 Τριϐαλοῖς
2550 2217 2661 2280 ςΟύ
2719 2217 3030 2286 βαρϐάρους
3061 2217 3220 2270 αὐτοὶ
3264 2218 3465 2286 πρῶτοι
3504 2219 3602 2276 τοῖς
3636 2216 3732 2267 Ῥω-

2226 2307 2404 2377 μαίοις
2463 2309 2744 2377 ἐπήγαγον
2795 2309 3141 2362 Μακεδονίαν
3192 2310 3621 2377 κατατρέχοντες,
3660 2306 3731 2358 καὶ

2223 2398 2796 2468 ἐξανδραποδιζόμενοι
2821 2400 2896 2460 ὡς
2919 2400 3185 2468 πολεμίαν
3209 2419 3226 2465 ;
3251 2401 3325 2453 Ού
3357 2401 3563 2471 Θρᾴκην
3598 2403 3733 2450 πᾶσαν

2221 2492 2339 2552 ταῖς
2375 2493 2596 2560 συχναῖς
2631 2491 2787 2544 αὐτοὶ
2815 2493 3123 2560 στρατείαις
3169 2493 3430 2562 ἀοίκητον
3457 2492 3730 2554 ἁπέδειξσν;

2227 2582 2302 2634 Ού
2338 2583 2463 2650 χθὲς
2496 2583 2591 2636 καὶ
2614 2582 2804 2653 πρώην
2833 2585 3058 2654 Μόρῤαν
3090 2586 3424 2658 διέφθειρον,
3455 2585 3524 2648 ὡς
3544 2583 3732 2650 ὑπ’ἐμοὶ

2221 2671 2520 2738 τελοῦσαν;
2558 2672 2618 2724 οὐ
2636 2673 2734 2734 τὰς
2767 2673 2954 2733 κοινάς
2991 2673 3287 2742 προσόδους
3316 2675 3490 2736 πάσας
3522 2675 3733 2742 ἐποίησαν

2223 2763 2551 2826 ἀπολιπεῖνς
2604 2765 2676 2814 υύ
2731 2763 2832 2831 τῆς
2871 2765 3130 2834 στρατιάς
3176 2765 3244 2816 τὸ
3277 2763 3378 2834 μὲν
3413 2764 3484 2826 ὡς
3531 2765 3734 2831 πολέμιον

2223 2857 2376 2908 αὐτοὶ
2431 2856 2759 2925 διέφθειραν,
2791 2856 2883 2908 τοῦ
2940 2856 2996 2908 δέ
3043 2855 3337 2926 ἠμέλησαν
3391 2857 3464 2918 ὡς
3509 2857 3729 2908 ὑπόπτονο

2224 2946 2399 3014 ὀλίγον
2431 2947 2486 3000 δὲ
2515 2947 2594 2999 ἐτι
2619 2948 2678 2999 τὸ
2706 2947 3026 3015 λειπόμενον
3058 2950 3149 2999 καὶ
3177 2947 3424 3017 φαῦλον;
3468 2949 3606 3018 Ἐμοὶ
3632 2949 3676 3000 δὲ
3698 2946 3736 2999 τί

579 3047 664 3085 em
711 3043 769 3086 ut
797 3045 1106 3103 suspectam
1151 3039 1491 3107 reliquerunt
1527 3057 1540 3091 :
1576 3058 1696 3109 quae
1727 3054 1904 3098 autem
1941 3047 2116 3099 adhuc

2220 3039 2457 3092 τοιοῦτον
2483 3040 2801 3109 ἐἴργασται
2833 3054 2846 3102 ;
2884 3038 3022 3106 πλήν
3076 3041 3158 3092 ὃτι
3196 3041 3482 3110 ἀμύνομαι
3533 3041 3736 3101 ἐπιόντας

557 3131 749 3185 restat,
781 3141 842 3178 ea
873 3134 929 3180 et
960 3143 1212 3195 numero,
1259 3139 1314 3183 et
1360 3146 1559 3200 genere
1593 3132 1804 3186 inlirma
1833 3136 1952 3188 est?
1981 3136 2118 3202 Quid

556 3228 658 3283 ego
685 3215 902 3269 simile?
935 3217 1038 3271 nisi
1056 3222 1196 3287 quod
1232 3219 1424 3275 Meas-os
1443 3234 1497 3276 et
1515 3223 1782 3279 Triballos
1802 3227 2120 3287 invadentes

556 3307 760 3373 repello
798 3321 811 3358 :
837 3322 1069 3374 cumque
1095 3309 1226 3365 istas
1255 3311 1618 3366 Romanorum
1648 3317 1902 3386 reliquias
1933 3335 2117 3375 eorum

554 3398 732 3466 copiis
756 3413 867 3453 non
904 3401 1105 3467 possim
1141 3417 1439 3470 opponere,
1483 3410 1791 3461 necessario
1812 3409 2076 3466 Barbaros
2105 3451 2120 3477 ,

557 3489 770 3546 illorum
804 3492 1048 3547 imitatus
1082 3497 1410 3564 exemplum,
1463 3500 1643 3555 socios
1696 3502 1827 3556 mihi
1863 3505 2117 3576 adjungo.

559 3579 674 3636 Utri
720 3583 880 3654 igitur
914 3586 1323 3654 pepulationum
1376 3590 1624 3653 istarum.
1667 3609 1730 3648 ac
1760 3596 1927 3663 pestis
1961 3614 2122 3652 causa

555 3677 884 3731 exstiterunt
919 3692 938 3726 ι
963 3678 1045 3733 vel
1081 3680 1265 3747 potius
1289 3682 1394 3735 utri
1426 3685 1772 3752 populatores
1793 3687 2034 3751 fuerunt,
2060 3707 2123 3746 ac

556 3778 762 3838 pestem
794 3770 1008 3838 ipsimet
1028 3771 1340 3827 dederunt?
1369 3773 1558 3830 Nonne
1602 3777 1746 3846 ipsi?
1776 3780 1974 3846 quibus
2001 3796 2123 3848 pcr-

557 3861 684 3915 imle
738 3863 1028 3933 contingit,
1088 3873 1147 3918 ut
1184 3865 1231 3918 si
1261 3867 1384 3932 quis
1415 3867 1467 3920 in
1500 3870 1696 3923 coelum
1729 3871 1994 3938 jaculans,
2028 3888 2123 3940 po-

553 3965 669 4009 stea
721 3953 839 4007 telis
883 3954 938 4008 in
987 3971 1045 4009 se
1076 3956 1345 4012 decidenti
1359 3960 1456 4013 bus
1484 3959 1821 4023 vulneratus,
1851 3979 1959 4017 non
1989 3963 2118 4028 sibi,

554 4047 648 4098 sed
693 4046 832 4100 caelo
870 4063 1087 4101 causam
1145 4050 1424 4117 plagarum
1477 4051 1760 4108 tribueret.
1811 4055 1916 4107 Eos
1963 4055 2122 4124 igitur

558 4137 816 4191 Romanis
843 4139 1165 4206 oppidatim,
1188 4149 1390 4210 quanta
1415 4144 1595 4196 verbis
1624 4145 1878 4213 explicari
1910 4149 2116 4215 nequit,

553 4229 913 4282 calamitatem
949 4228 1244 4291 invexisse,
1281 4239 1467 4300 totque
1509 4235 1868 4301 captivorum,
1901 4245 2119 4305 tamque

555 4318 784 4388 direptae
830 4320 1065 4389 regionis
1115 4319 1349 4373 maxime
1390 4338 1512 4377 reos
1555 4339 1694 4383 esse.
1743 4340 1927 4392 pacem
1973 4327 2120 4380 auri-
2151 4367 2193 4422 υ

555 4412 656 4466 bus
706 4424 1053 4482 respuenles,
1092 4425 1302 4470 tantum
1335 4425 1392 4470 ut
1446 4431 1531 4470 me
1571 4418 1880 4485 perderent,
1915 4434 1981 4472 ex
2031 4421 2117 4475 bis

550 4503 746 4572 liquet.
801 4507 957 4560 Subit
1006 4519 1186 4562 autem
1242 4508 1564 4578 patriarcbze
1609 4511 1906 4579 nequitiam
1946 4515 2116 4584 magis

551 4597 670 4666 (sic
720 4599 866 4652 enim
920 4602 1089 4670 magis
1121 4603 1360 4656 vocanda
1400 4602 1526 4671 est)
1574 4619 1732 4673 quam
1779 4604 2122 4659 incuriosita-

551 4695 659 4740 tem
693 4687 747 4739 in
783 4690 1015 4757 negotiis
1049 4693 1326 4756 admirari,
1358 4695 1499 4760 quod
1531 4710 1652 4748 cum
1702 4710 1842 4764 saepe
1891 4711 1951 4748 ac
1979 4696 2121 4748 mul-

552 4787 667 4831 tum
703 4795 888 4849 pacem
923 4784 1247 4850 rogaverim,
1283 4795 1335 4838 et
1359 4786 1534 4854 ipsum
1570 4789 1864 4854 praesertim
1895 4797 1953 4842 ut
1982 4804 2119 4854 pra:-

549 4873 718 4926 siilein
761 4889 825 4928 ac
857 4885 1143 4943 patronum
1208 4878 1378 4946 pacis,
1411 4888 1464 4932 et
1496 4881 1742 4947 quotidie
1791 4897 1977 4950 pacem
2025 4899 2120 4952 ap-

551 4975 866 5032 precantnm
913 4968 1186 5033 omnibus,
1239 4977 1346 5034 tum
1397 4971 1614 5038 quidem
1671 4972 1923 5039 precibus
1970 4990 2114 5027 nun-

549 5073 711 5124 quam
764 5057 1007 5123 cesset-it,
1056 5075 1234 5131 neque
1292 5061 1496 5117 viscera
1553 5063 1846 5118 Ecclesiam
1904 5070 2115 5134 aperire

550 5147 770 5213 dixerit,
807 5151 900 5204 sed
930 5162 1090 5206 erant
1125 5155 1340 5207 duriora
1376 5153 1621 5223 chalybe,
1669 5168 1812 5207 nunc
1842 5157 1931 5208 ubi
1962 5171 2113 5209 com-

551 5249 733 5294 menta
764 5249 818 5295 et
850 5242 1128 5296 mendacia
1165 5245 1403 5313 prafecti
1436 5245 1672 5299 cubiculi
1728 5246 1966 5312 audivit,
1997 5248 2116 5316 qui-

548 5330 652 5386 bus
698 5331 798 5401 ipsi
832 5334 966 5387 nihil
995 5343 1078 5388 est
1104 5335 1416 5404 jucundius,
1445 5347 1666 5406 repente
1697 5338 1840 5392 mitis
1871 5354 1933 5391 ac
1963 5354 2115 5391 man-

519 5424 743 5476 ‘suetus
773 5423 1110 5492 apparuerit.
1148 5425 1384 5480 Tametsi
1427 5427 1819 5496 interrogarem
1857 5425 2110 5491 libenter,

547 5529 840 5582 q-ianmam
874 5515 1013 5569 hanc
1048 5515 1344 5570 Ecclesiam
1397 5517 1562 5571 dicat.
1612 5518 1668 5571 Si
1720 5519 1862 5571 enim
1899 5519 2114 5573 univer-

549 5617 664 5656 sam
697 5604 1083 5672 episcoporum
1131 5604 1548 5668 fraternitatem,
1608 5607 1744 5661 sciat
1781 5607 1920 5661 illam
1976 5625 2112 5662 nun-

550 5707 712 5760 quam
760 5692 968 5748 viscera
1018 5694 1302 5761 clausisse,
1348 5696 1442 5750 sed
1498 5706 1682 5766 aperta
1749 5697 2031 5768 hucusque
2079 5713 2108 5752 a

2225 3135 2318 3186 καὶ
2349 3131 2569 3192 Μυσοὺς
2596 3133 2688 3184 καὶ
2716 3130 3039 3200 ’1“ρι6αλούς·
3074 3133 3167 3186 καὶ
3192 3133 3298 3204 τήν
3345 3133 3613 3200 Ῥωμαίων
3635 3134 3737 3185 ὐπο-

2223 3223 2556 3292 λειπομένην
2603 3225 2869 3292 ἐπάγουσι
2923 3225 3148 3294 δύναμιν
3204 3227 3284 3295 μὴ
3319 3227 3594 3295 δυνάμενος
3627 3227 3739 3277 ἀντι-

2224 3317 2624 3382 καθίστασθαι,
2659 3317 2718 3381 ἐξ
2776 3318 3025 3385 ἀνάγκης
3085 3317 3401 3388 βαρϐάρους
3470 3319 3739 3386 συμμάχους

2224 3409 2875 3480 προσκαλοῦμαι,ὣσπερ
2905 3411 3192 3480 ἐδιδάχθην
3222 3412 3321 3465 ὑπ’
3348 3413 3543 3466 αὐτῶν.
3559 3412 3740 3464 Ὁπότε-

2223 3519 2313 3570 ρος
2345 3498 2438 3556 οὖν
2470 3505 2567 3572 τῆς
2598 3502 2806 3574 φθορᾶς
2833 3505 2929 3556 καὶ
2955 3505 3053 3572 τῆς
3083 3504 3384 3573 λεηλασίας
3418 3505 3598 3568 αἴτιος,
3635 3501 3741 3572 μάλα

2220 3595 2309 3646 λον
2341 3597 2397 3650 δέ
2430 3597 2728 3666 αὐτουργός
2759 3612 2773 3660 ;
2808 3597 2919 3666 Ούχ
2963 3590 3141 3660 οὗτοις
3169 3596 3469 3666 Σύμσαίνει
3499 3597 3550 3650 δέ
3595 3596 3740 3654 αὐτοῖς

2220 3687 2411 3756 ὥσπερ
2438 3688 2502 3740 ἂν
2535 3689 2589 3741 εἴ
2625 3705 2710 3753 τις
2741 3691 2820 3751 είς
2847 3687 3074 3759 οὐρανὸν
3103 3689 3368 3756 τοξεύων,
3403 3689 3583 3743 ἔπειτα
3620 3703 3742 3754 περι-

2223 3780 2546 3848 πειρόμενος
2598 3780 2704 3832 ὑπὸ
2737 3781 3039 3833 κατιόντων
3068 3782 3177 3834 τῶν
3211 3783 3409 3852 βελῶν,
3440 3785 3530 3852 οὐχ
3579 3780 3738 3848 ἐαυτῷ,

2219 3868 2338 3923 ἀλλ’
2375 3871 2588 3939 οὐρανῷ
2617 3871 3028 3940 προσλογίζοιτο
3057 3872 3156 3944 τήν
3189 3875 3375 3928 αίτίαν
3426 3875 3518 3946 τῆς
3547 3875 3738 3942 πληγῆς.

2224 3960 2346 4012 Ὀτι
2396 3962 2494 4030 μὲν
2549 3957 2643 4014 οὖν
2672 3959 2771 4032 τήν
2832 3979 2893 4014 τε
2956 3963 3100 4017 κατά
3136 3966 3236 4027 τὰς
3277 3967 3464 4029 πόλεις
3509 3967 3738 4036 ἀμύθητον

2231 4053 2521 4121 Ῥωμαίων
2547 4054 2844 4124 δυστυχίαν
2876 4055 3031 4108 αὐτοὶ
3059 4059 3411 4126 είργάσαντο,
3446 4059 3535 4112 καὶ
3567 4057 3648 4110 τοῦ
3673 4058 3740 4108 ἀν-

2221 4145 2622 4214 δραποδισμοῦ,
2656 4148 2752 4198 καὶ
2805 4147 2906 4215 τῆς
2939 4148 3232 4216 λεηλασίας
3277 4151 3378 4220 τῆς
3404 4151 3562 4218 άλλης
3593 4149 3738 4218 χώρας

2223 4235 2532 4289 αἰτιώτατοι
2594 4236 2770 4301 αὐτοὶ,
2807 4237 2931 4307 μηδ’
2965 4239 3157 4309 ἄκροις
3209 4240 3316 4294 ὠσὶ
3357 4241 3738 4310 παραδεχόμενοι

2222 4326 2319 4396 τήν
2353 4327 2597 4396 εἰρήνην,
2633 4326 2699 4379 ἶν’
2734 4327 2834 4396 ἐμὲ
2868 4328 3100 4381 ἀνέλωσι
3144 4330 3334 4396 μόνον,
3373 4333 3436 4386 ἐκ
3464 4331 3649 4385 τούτων
3667 4329 3739 4394 δῆ-

2221 4418 2334 4471 λον.
2379 4419 2601 4472 Ἐπεισι
2625 4419 2681 4472 δέ
2718 4437 2808 4488 μοι
2837 4419 2930 4473 τοῦ
2961 4422 3334 4492 πατριάρχου,
3365 4427 3413 4477 εί
3436 4425 3512 4477 δεῖ
3535 4424 3604 4493 μὴ
3631 4421 3738 4491 μάλ·

2222 4513 2310 4563 λον
2343 4511 2442 4581 τὴν
2487 4513 2752 4582 πονηρίαν
2785 4513 2816 4582 ἢ
2863 4514 3294 4585 ἀπραγμοσύνην
3325 4517 3527 4583 λέγειν,
3557 4513 3737 4581 θαυμά·

2221 4602 2355 4678 ζειν,
2385 4603 2467 4656 ὅτι
2508 4603 2680 4654 πολλὰ
2711 4604 2969 4668 πολλάκις
2995 4606 3130 4674 ἐμοῦ
3164 4608 3296 4676 περὶ
3324 4609 3542 4678 εἰρήνης
3560 4603 3738 4674 δεηθέν-

2219 4710 2329 4758 το,·,
2372 4694 2464 4746 καὶ
2497 4695 2733 4762 μάλιστα
2761 4694 2927 4748 αὐτοῦ
2974 4690 3062 4748 οἷα
3115 4696 3178 4764 δὴ
3229 4699 3537 4767 προστάτου
3574 4697 3658 4764 τῆς
3684 4695 3740 4744 εί-

2221 4788 2409 4854 ρήνης,
2446 4787 2540 4838 καὶ
2596 4787 2921 4856 καθημέραν
2953 4787 3178 4856 εἰρήνην
3211 4790 3381 4841 πᾶσιν
3416 4789 3737 4854 ἐπιλέγοντος,

2216 4877 2336 4928 τότε
2401 4877 2500 4946 μὲν
2548 4878 2804 4930 οὐδέποτε
2852 4877 3136 4946 ἐκάμφθη.
3198 4880 3322 4932 οὐδὲ
3375 4881 3443 4933 τὰ
3493 4881 3738 4945 σπλάγχνα

2218 4969 2458 5036 ἔφασκεν
2485 4969 2796 5036 ἀνοιγνύναι
2812 4969 2926 5038 τῆν’
2951 4969 3286 5038 Εκκλησίαν,
3307 4973 3429 5024 ἀλλ’
3451 4968 3583 5043 ἦσαν
3607 4969 3738 5032 σκλη-

2221 5061 2414 5130 ρότερα
2448 5061 2675 5128 χαλκοῦ,
2733 5063 2852 5114 νυνὶ
2900 5062 2946 5114 δ’
3003 5063 3093 5115 ὅτε
3145 5064 3256 5117 τῶν
3309 5065 3631 5135 πλασμάτων
3663 5061 3738 5115 καὶ

2213 5152 2581 5222 ψευδολογιῶν
2637 5153 2847 5223 ἀκήκοε
2909 5157 3452 5224 παρακοιμωμένου,
3513 5158 3588 5209 ὅτι
3638 5152 3721 5206 καθ

2215 5242 2408 5312 ἡδονὴν
2461 5241 2699 5308 μάλιστά
2757 5242 2897 5294 είσιν
2959 5243 3128 5312 αὐτῷ,
3165 5245 3423 5315 ἐξαίφνης
3457 5246 3619 5314 πρᾶος
3660 5241 3738 5293 καὶ

2213 5335 2421 5405 ἥμερος
2475 5333 2740 5401 ἀνεφάνη.
2793 5335 2987 5388 Καίτοι
3034 5353 3098 5403 γε
3133 5338 3362 5408 ἐροίμην
3391 5338 3547 5390 αὐτὸν
3574 5333 3734 5386 ὁποίαν

2213 5426 2336 5478 τινὰ
2362 5427 2509 5493 λέγει
2542 5427 2640 5494 τὴν
2681 5426 3009 5497 Ἐκκλησίαν
3036 5427 3258 5496 ταύτην.
3294 5430 3355 5482 EE
3393 5432 3489 5497 μὲν
3531 5428 3629 5492 γὰρ
3656 5427 3732 5489 τὴν

2215 5518 2442 5571 καθόλου
2469 5516 2578 5569 τῶν
2607 5518 2924 5570 ἐπισκόπων
2955 5521 3308 5592 ἀδελφότητα,
3342 5520 3472 5572 ῐστω
3498 5518 3731 5588 μηδέποτε

2213 5608 2337 5677 ἐμοὶ
2377 5610 2445 5661 τὰ
2482 5609 2769 5678 σπλάγχνα
2803 5611 3096 5664 κλείσασαν
3135 5613 3367 5681 ἐκείνην,
3418 5611 3529 5665 ἀλλ’
3556 5612 3732 5674 ἀνεῳγ-

2216 5703 2353 5771 μένα
2393 5719 2481 5773 μοι
2514 5704 2590 5766 είς
2619 5703 2736 5757 τόδε
2770 5704 3003 5774 ἐξαρχῆς
3034 5704 3389 5777 διατηροῦσαν
3416 5721 3428 5734 ·
3459 5704 3507 5755 oi
3543 5701 3726 5756 πλείονί
