4016 6208
329 244 511 368 1149/

1456 320 2011 388 IIISTORIARUM
2051 328 2286 389 LIBER
2329 331 2444 391 IlI.

3434 331 3572 393 Ηῖυθ

325 421 435 488 γὰρ
465 418 593 513 ἐμ.ολἶ
625 419 913 490 φρονοῦσιν
937 423 1046 489 ῑσα,
1076 427 1173 480 καὶ
1203 428 1406 498 πολλὴν
1423 433 1603 487 αὐτῶν
1628 435 1894 506 ὠμότητα

2003 439 2278 509 principio
2331 441 2830 512 tenuisse:plures
2886 444 3088 513 quippe
3124 458 3308 499 eorum
3357 460 3566 499 mecum

327 510 744 581 ijSTWdDOXOU
754 528 808 565 σι
832 513 942 568 τῶν
968 516 1226 595 πολέμων
1267 524 1363 575 καὶ
1384 522 1494 575 τῶν
1516 525 1691 590 φόνων
1715 526 1900 581 ἕνεκω

326 603 379 656 εί
410 603 456 655 δ’
484 603 648 656 αὐτὸν
677 608 776 657 καὶ
829 606 957 668 τοὺς
993 608 1253 673 συνόντας
1282 613 1438 677 τινὰς
1474 616 1647 683 λέγει,
1709 618 1905 687 πρῶτα

331 694 434 762 μὲν
474 694 585 747 οὐδ’
645 695 802 749 αὐτοὶ
856 699 971 761 τοῖς
1027 702 1337 770 γινομένοις
1385 706 1589 769 πάντες
1643 709 1901 778 ἥδονταιο

326 784 464 838 ἀλλᾶ
493 788 594 872 ⁸τῆς
621 786 840 855 ἀπάτης
860 790 954 841 καὶ
984 789 1086 857 τῆς
1112 795 1193 854 είς
1221 794 1287 845 τὰ
1318 794 1500 863 φαῦλα
1530 800 1897 868 συναρπαγῆς

329 874 620 944 θρηνοῦσιν
661 876 916 941 ἑαυτούς⁹
949 879 1162 948 ἔπειτα,
1224 883 1336 936 οὐδ’
1406 885 1707 958 Ἐκκλησία
1765 890 1905 942 είσὶν

329 961 501 1021 οῦτοι·
540 969 676 1024 ἀλλὰ
714 971 775 1023 τὸ
801 974 986 1026 κοινὸν
1008 975 1119 1028 τῶν
1153 982 1599 1035 πεπιστευκότων
1629 984 1906 1054 ἄθροισμα

343 1059 647 1133 Ἐκκλησία
682 1065 1160 1136 προσηγόρευται⁶
1196 1063 1272 1123 ὧν
1310 1070 1501 1143 ῶσπερ
1550 1073 1806 1145 ἐξαίρετα
1855 1077 1909 1129 οῐ

332 1168 396 1205 τε
418 1152 730 1207 «ἐπίσκοποί
762 1156 871 1209 είσι
923 1160 1017 1210 καὶ
1049 1158 1160 1212 τῶν
1199 1163 1550 1231 μοναςόντων
1577 1168 1627 1219 oi
1657 1167 1902 1234 λογάδες.

332 1238 437 1296 Ὧν
470 1244 801 1312 μάλιστατὸ
852 1247 1079 1318 ἄριστον
1129 1255 1226 1308 καὶ
1276 1254 1386 1308 τῶν
1438 1256 1616 1327 ὀρθῶν
1644 1260 1903 1329 ἐχόμενον

332 1336 614 1407 λογισμῶν
645 1341 771 1408 ἐμοὶ
823 1343 1214 1412 προσέχουσιν,
1241 1345 1317 1411 ὡς
1343 1346 1532 1403 δίκαια
1567 1352 1662 1404 καὶ
1690 1350 1906 1405 λυσιτε-

331 1425 530 1481 λοῦντα
554 1430 664 1482 τῶν
684 1429 1028 1502 Χριστιανῶν
1058 1438 1126 1506 τῇ
1165 1437 1464 1509 Ἐκκλησία
1502 1441 1596 1495 καὶ
1654 1457 1904 1515 προῃρη-

333 1516 482 1585 μένῳ
507 1519 745 1590 ὲξαρχῆς
779 1523 873 1575 καὶ
909 1523 1226 1593 πράττοντι.
1278 1528 1418 1583 Οὔτε
1463 1532 1596 1600 γοῦν
1638 1551 1730 1602 μοι
1772 1535 1905 1605 πρό-

327 1624 489 1677 τερον
518 1610 771 1665 κέκλεικε
796 1613 865 1666 τά
904 1616 1191 1687 σπλάγχνα
1220 1621 1254 1689 ἠ
1289 1620 1608 1693 Ἐκκλησία,
1640 1623 1765 1677 οὕτε
1808 1624 1904 1678 νῦν

328 1697 672 1766 ἅνοίγνυσιν,
709 1703 826 1756 ἀλλ’
861 1706 1028 1770 αὐτὸς
1064 1710 1402 1780 ἐπιορκήσας
1433 1715 1523 1766 καὶ
1556 1719 1905 1787 συκοφαντή-

329 1805 456 1855 σας,
491 1793 713 1863 καὶτὸν
743 1796 986 1865 πόλεμον
1036 1776 1369 1867 κεκινηκῶς,
1425 1802 1461 1857 ἃ
1492 1776 1759 1874 πρότερον
1801 1776 1902 1860 ούυκ
1936 1776 1976 1830 Β

326 1882 573 1953 ἠδυνήθη
604 1884 692 1955 διὰ
722 1885 829 1940 τῶν
862 1888 1076 1944 πολλῶν
1104 1893 1358 1961 αἱμάτων
1419 1900 1515 1948 καὶ
1549 1897 1657 1950 τῶν
1698 1898 1900 1967 ἀνηκέ-

333 1990 483 2051 στων
526 1978 989 2047 καταπράξασθαι
1028 1984 1237 2052 κακῶν,
1291 1986 1354 2039 τὸ
1411 1987 1511 2056 ἐμὲ
1566 1988 1897 2060 διαφθεῖραι,

326 2066 505 2117 ταῦτα
550 2065 647 2120 νῦν
696 2070 893 2142 ἐπίσης
934 2074 997 2126 ὲκ
1048 2074 1158 2129 τῶν
1190 2076 1555 2146 ψευδολογιῶν
1590 2080 1683 2132 τοῦ
1716 2082 1895 2149 φίλου,

329 2158 564 2228 ἤνοιξεν,
596 2159 672 2223 ὥς
694 2177 851 2231 φησι,
885 2164 954 2217 τὰ
984 2165 1289 2238 σπλάγχνα,
1323 2172 1423 2240 οὐχ
1466 2172 1552 2223 ἵνα
1587 2172 1897 2242 φιλανθρώ-

325 2265 451 2312 πως
495 2249 716 2321 δέξηται
748 2253 924 2324 (τοῦτο
956 2256 1068 2327 γὰρ
1114 2259 1178 2311 ὲκ
1220 2259 1418 2314 πολλοῦ
1451 2261 1700 2332 δεόμενος
1737 2265 1896 2329 αὐτὸς

323 2340 429 2393 οὐκ
459 2343 860 2416 εἰσακούομαι),
890 2347 1005 2401 ἀλλ’
1025 2349 1111 2402 ἵνα
1146 2354 1410 2425 καταπίῃ.
1432 2355 1616 2409 Ταῦτα
1644 2357 1742 2427 μὲν
1774 2356 1892 2427 οἷν,

324 2433 502 2522 είγκαὶ
549 2437 887 2507 τραχύτερον
920 2457 1037 2505 πως
1083 2442 1234 2496 δοκεί
1274 2446 1556 2517 εἰρῆσθαι,
1593 2450 1894 2522 συγγνώμη

320 2521 408 2592 τῷ
444 2523 631 2581 πάθει.
665 2526 828 2598 Ψυχὴ
856 2530 964 2600 γὰρ
984 2530 1090 2585 ὑπὸ
1135 2534 1345 2588 πολλῶν
1386 2538 1739 2609 ἀδικημάτων
1772 2521 1897 2596 me?

322 2612 521 2669 σθετσα
594 2618 689 2669 καὶ
737 2620 1042 2680 κατώδυνος
1086 2624 1316 2679 τοιαῦτα
1365 2627 1430 2681 ἂν
1469 2630 1752 2701 ἐξενέγκοι
1801 2634 1896 2688 κοιλ⁸

322 2707 512 2779 πολλῷ
536 2709 871 2781 τραχύτερα.
897 2714 1041 2784 Πρὸς
1062 2719 1175 2781 τοῖς
1206 2717 1389 2783 ἄλλοις
1409 2720 1464 2774 δὲ
1496 2723 1591 2776 καὶ
1638 2725 1699 2777 τὸ
1716 2727 1898 2780 ἐπιτί-

325 2815 455 2869 μιον
512 2801 680 2871 φησὶν
736 2805 861 2874 ἐμοὶ
891 2803 1079 2862 λύσειν
1130 2811 1517 2883 χαριζόμενος.
1567 2814 1631 2870 Εἰ
1675 2815 1896 2887 μὲνοῦν

320 2891 485 2956 εἰδὼς
514 2893 550 2947 ἃ
571 2895 652 2949 δεῖ
683 2900 812 2968 περὶ
840 2899 948 2953 τῶν
977 2903 1266 2970 ἐπιτιμίων
1318 2904 1543 2962 τοιαῦτα
1574 2909 1890 2982 πλάττεται,

320 2984 424 3036 καὶ
450 2985 625 3039 οἴεται
669 2987 969 3061 ἐξαπατᾷν,
1015 2994 1319 3068 συγγνώμη
1377 2999 1545 3071 πολλὴ
1587 3001 1649 3054 τὸ
1689 3003 1877 3066 είωθὺς

320 3077 594 3134 ποιοῦντι·
635 3083 683 3133 εί
729 3081 774 3135 δ’
807 3084 998 3159 ἀγνοεῖ
1022 3085 1122 3157 τὴν
1146 3087 1378 3158 δύναμιν
1408 3093 1473 3160 ῆν
1511 3093 1624 3160 ἔχει
1659 3095 1786 3162 περὶ
1816 3094 1885 3148 τά

319 3170 572 3235 τοιαῦτα,
595 3172 735 3243 ὅπερ
769 3175 953 3243 οίομαι
985 3177 1081 3229 καὶ
1112 3179 1369 3247 μάλιστα,
1402 3181 1512 3250 ἐγὼ
1531 3184 1744 3249 διδάξω.
1771 3186 1889 3239 Τῶν

320 3260 649 3330 ἀνθρώπων,
683 3263 734 3315 oi
768 3264 868 3333 μὲν
900 3266 1077 3335 ὀρθῶς
1103 3262 1306 3337 βιοῦσι,
1349 3274 1441 3324 καὶ
1471 3273 1657 3339 νόμοις
1692 3276 1894 3344 προσέ-

318 3369 478 3422 χουσι
504 3352 659 3415 Θεοῦ,
706 3356 799 3408 καὶ
844 3358 971 3427 περὶ
996 3358 1095 3429 τὴν
1128 3362 1311 3414 πίστιν
1334 3363 1597 3429 ἀσφαλεῖς
1626 3368 1771 3419 εἰσιν
1791 3383 1805 3398 ο
1840 3369 1890 3421 οἱ

317 3442 381 3494 δὲ
437 3444 748 3497 τούναντίον
781 3448 951 3503 ἂπαν.
987 3451 1173 3514 Ὀσοις
1205 3452 1297 3505 οὖν
1337 3454 1687 3526 ἢεὲπιορκίαι
1723 3459 1759 3528 ἢ
1796 3460 1890 3528 φό-

320 3551 405 3587 νοι
458 3535 494 3606 ἡ
534 3554 589 3590 τι
621 3539 732 3592 τῶν
780 3541 1247 3612 ἀπηγορευμένων
1278 3545 1466 3616 ἕτερον
1517 3550 1805 3618 τολμᾶται,
1838 3552 1888 3622 -ἢ

319 3629 453 3697 περὶ
497 3631 598 3700 τὴν
653 3632 838 3687 πίστιν
873 3634 1202 3703 σφάλλονται
1241 3636 1480 3707 δόγμασι
1528 3642 1892 3712 προσέχοντες

318 3723 581 3791 πονηροῖς
633 3724 732 3777 καὶ
783 3722 1251 3796 διεφθαρμένοις,
1318 3725 1465 3782 οὗτοι
1517 3732 1615 3800 τῆς
1673 3733 1892 3804 μερίδος

318 3813 546 3878 ἑαυτοὺς
598 3814 999 3886 ὴλλοτριώκασι
1052 3819 1145 3872 τοῦ
1186 3821 1448 3891 Χριστοῦ.
1487 3823 1729 3893 Οὐδεμία
1780 3825 1889 3896 γάρ

318 3907 582 3961 κοινωνία
630 3910 772 3975 φωτὶ
814 3909 952 3978 πρὸς
992 3913 1204 3976 σκότος.
1255 3915 1317 3967 Oi
1356 3916 1634 3987 ἀρχιερεῖς
1676 3917 1733 3970 δὲ
1780 3917 1890 3972 τῶν

318 3998 481 4064 θεῐων
514 3999 836 4070 θελημάτων
870 4004 1011 4055 είσὶν
1058 4005 1396 4075 ἐκφάντορες
1446 4007 1544 4060 καὶ
1590 4007 1891 4063 διδακτικοὶ

318 4091 418 4144 καὶ
469 4094 822 4160 προνοητικοὶ
873 4093 981 4147 τῶν
1039 4095 1238 4150 ἄλλων.
1286 4097 1502 4166 Πρῶτοι
1537 4093 1632 4152 οῦν
1686 4100 1889 4153 ἐκεῖνοι

319 4183 476 4254 παρὰ
504 4180 599 4238 τοῦ
630 4184 948 4253 Πνεύματος
990 4186 1389 4257 διδασκόμενοι,
1428 4190 1556 4253 τοὺς
1607 4189 1713 4243 ἀπὸ
1749 4189 1888 4245 Θεοῦ

315 4275 758 4344 κεχωρισμένους
790 4274 879 4328 διὰ
934 4276 1035 4345 τὴν
1094 4277 1225 4348 περὶ
1263 4277 1336 4331 τὰ
1383 4278 1568 4347 φαῦλα
1619 4281 1891 4351 ἐπιμονὴν

1962 589 1964 592 ,
2007 535 2269 600 sentiunt,
2299 551 2502 606 eosque
2527 549 2744 606 propter
2775 538 2915 592 bella
2948 551 3001 593 et
3032 544 3204 593 excites
3242 538 3422 591 multze
3446 551 3566 591 cru.

2007 625 2243 680 di-litatis
2292 629 2685 684 condemnant.
2727 629 2823 682 Sin
2880 632 3063 683 autem
3119 647 3176 684 se
3211 640 3265 684 et
3312 632 3540 685 satellite

2005 732 2156 781 suos,
2198 719 2432 786 primum
2482 718 2700 790 quidem
2752 738 2854 775 nec
2910 722 3012 791 ipsi
3054 739 3244 776 omnes
3271 723 3565 790 approbant

2007 825 2126 874 quae
2155 809 2311 870 ﬁunt.
2353 813 2447 864 sed
2503 827 2625 884 sese
2658 812 3082 876 circumventos,
3136 823 3192 868 et
3231 814 3420 866 eodem
3456 828 3544 867 see

2005 898 2119 953 lere
2169 900 2477 969 implicatos
2525 903 2832 973 deplorant.
2893 905 3097 959 Deinde
3127 920 3233 960 non
3272 904 3565 959 conficiunt

2005 991 2109 1060 ipsi
2166 992 2499 1056 Ecclesiam;
2556 1010 2745 1048 verum
2805 1002 2912 1048 tota
2970 995 3208 1048 ﬁdelium
3263 994 3566 1063 frequentia

2005 1080 2247 1137 Ecclesia
2288 1091 2558 1138 vocatur:
2591 1084 2748 1152 cujus
2806 1084 2957 1138 velut
3003 1084 3310 1153 praecipuae,
3350 1094 3407 1137 et
3449 1082 3567 1135 esi-

2007 1174 2129 1229 mim
2170 1184 2352 1243 partes
2402 1178 2531 1229 sunt
2565 1174 2827 1244 episcopi,
2877 1185 2931 1229 et
2976 1176 3363 1228 monachorum
3396 1183 3570 1227 cretus

2004 1266 2323 1331 lectissimi;
2379 1281 2613 1333 quorum
2670 1274 2729 1319 ut
2781 1267 3015 1334 quisque
3077 1273 3158 1317 est
3206 1265 3464 1333 Optimus,
3518 1273 3569 1315 et

2005 1358 2317 1413 rectissime
2367 1357 2635 1423 sentiens,
2666 1356 2738 1410 ita
2791 1358 3028 1410 maxime
3080 1358 3223 1409 idem
3276 1358 3418 1424 quod
3472 1368 3573 1421 ego

2007 1448 2192 1512 sentit,
2228 1456 2287 1502 ut
2338 1447 2430 1516 qui
2484 1446 2739 1501 Ecclesia:
2788 1446 3111 1501 Christianas
3147 1447 3274 1499 inde
3317 1447 3385 1499 ab
3418 1444 3573 1498 initio

2005 1553 2242 1607 aequum,
2278 1546 2331 1591 et
2391 1538 2578 1591 utilem
2626 1552 2714 1592 me
2768 1537 3065 1598 voluntate.
3112 1545 3168 1590 et
3212 1550 3380 1604 opere
3416 1534 3573 1587 exiti-

2004 1629 2184 1683 beam.
2236 1627 2355 1682 Non
2388 1628 2552 1698 igitur
2582 1628 2713 1682 mihi
2768 1628 2917 1698 prius
2966 1628 3174 1682 viscera
3236 1627 3432 1681 clausit
3476 1627 3576 1679 Ec-

2004 1720 2186 1782 clesia,
2240 1734 2414 1789 neque
2459 1735 2605 1773 nunc
2654 1729 2895 1781 reserat;
2928 1720 3022 1772 sed
3070 1720 3185 1787 ipse
3218 1721 3475 1787 perjurus
3509 1725 3565 1770 et

2008 1809 2389 1870 calumniator,
2442 1818 2499 1863 et
2545 1807 2668 1862 belli
2729 1810 3001 1875 incentor,
3055 1809 3200 1877 quod
3259 1818 3417 1862 antea
3479 1824 3575 1876 per

2006 1901 2205 1956 multas
2255 1904 2430 1956 cmdes
2479 1910 2533 1955 et
2609 1900 2841 1968 injurias
2924 1901 3298 1955 atrocissimas
3358 1899 3575 1954 elﬁcere

2006 1992 2268 2062 nequivit,
2306 2001 2363 2046 ut
2388 2007 2472 2047 me
2493 1993 2656 2063 610
2687 1994 3048 2067 interimeret,
3077 1991 3129 2045 id
3156 2007 3302 2045 nunc
3325 2008 3391 2045 ex
3420 2006 3576 2044 men-

2006 2080 2178 2135 daciis
2208 2081 2368 2135 amici
2401 2095 2459 2134 se
2492 2090 2870 2135 assecuturum
2905 2081 3164 2146 conlisus,
3202 2082 3409 2135 viscera
3443 2096 3573 2148 ape-

2006 2172 2099 2235 rit,
2148 2152 2212 2226 tit
2265 2172 2361 2235 ait,
2397 2186 2507 2225 non
2551 2181 2611 2224 ut
2649 2172 2965 2226 humaniter
3012 2188 3103 2226 me
3161 2173 3390 2239 accipiat
3424 2172 3574 2237 (hoc

2005 2264 2148 2318 enim
2181 2263 2389 2332 pridem
2428 2263 2545 2332 ipse
2577 2263 2874 2317 obsecrans
2901 2278 3011 2315 non
3038 2262 3343 2331 exaudior),
3377 2262 3470 2315 sed
3512 2270 3573 2315 ut

2005 2370 2092 2410 me
2123 2355 2367 2408 devoret.
2404 2355 2530 2409 llaec
2578 2354 2621 2409 si
2674 2354 2952 2423 aliquanto
2986 2353 3286 2408 aruleatius
3315 2352 3457 2408 dicta
3490 2353 3568 2409 vi-

2004 2445 2254 2509 deantur,
2286 2444 2513 2499 affectus
2568 2456 2812 2500 meretur
2861 2445 3100 2500 veniam.
3159 2445 3390 2499 Animus
3422 2446 3569 2501 enim

2004 2535 2249 2607 pluribus
2282 2551 2527 2606 pressus,
2557 2547 2614 2591 et
2661 2537 3008 2592 exulceratus
3056 2536 3295 2605 injuriis,
3327 2537 3453 2591 talia
3514 2547 3572 2593 et

2003 2630 2176 2681 multo
2207 2628 2368 2681 etiam
2421 2627 2694 2697 asperiora
2747 2629 2885 2683 solet
2931 2628 3116 2683 edere.
3147 2626 3352 2683 Pra'ter
3373 2637 3570 2684 caetera

2002 2716 2166 2772 etiam
2221 2730 2436 2784 poenam
2494 2717 2864 2774 anathematis
2924 2717 3058 2774 mihi
3134 2719 3567 2772 condonaturum

2001 2807 2306 2877 pollicetur.
2342 2806 2402 2860 Si
2432 2806 2596 2879 igitur
2619 2808 2685 2861 de
2708 2809 2884 2878 poenis
2914 2823 3028 2862 rem
3062 2817 3277 2873 tenens,
3307 2816 3365 2861 ut
3386 2807 3566 2871 debet,

2001 2898 2119 2953 haec
2166 2898 2323 2966 tingit
2366 2905 2420 2951 et
2453 2913 2538 2952 me
2568 2897 2920 2968 decepturum
2952 2907 3157 2970 sperat,
3200 2898 3389 2953 volens
3428 2896 3570 2951 auti-

2000 3004 2166 3059 quum
2200 2987 2466 3043 obtinenti
2513 2987 2755 3058 ignosco.
2821 2986 2916 3056 Sin
2968 2997 3151 3042 autem
3199 2987 3327 3055 quid
3371 2985 3472 3041 sibi
3510 2985 3565 3038 in

2002 3081 2088 3134 bis
2123 3079 2284 3134 liceat
2310 3079 2548 3149 ignorat,
2588 3088 2648 3134 ut
2672 3079 2926 3149 equidem
2958 3093 3103 3143 reor,
3137 3092 3235 3148 ego
3262 3077 3439 3147 ipsum
3470 3077 3568 3132 do-

1914 3141 1959 3203 C
1993 3173 2146 3226 celio.
2185 3170 2448 3225 Homines
2501 3170 2724 3240 quidam
2785 3172 2952 3224 vitam
3008 3179 3219 3233 sancte,
3270 3179 3326 3223 et
3371 3169 3567 3223 divinis

1994 3260 2203 3332 legibus
2234 3263 2626 3317 convenienter
2656 3262 2978 3325 instituunt,
3018 3271 3180 3331 atque
3219 3261 3275 3313 in
3302 3259 3567 3330 religione

1992 3354 2151 3417 tirnii,
2190 3368 2252 3407 ac
2283 3353 2507 3408 stabiles
2538 3361 2667 3408 sunt
2715 3370 2729 3408 :
2774 3354 2994 3423 quidam
3034 3368 3260 3423 prorsus
3295 3351 3566 3407 contraria

1992 3443 2078 3496 via
2132 3443 2476 3512 gradiuntur.
2523 3443 2887 3513 Quotcunque
2938 3445 3100 3515 igitur
3168 3454 3263 3498 aut
3311 3444 3563 3508 libidine,

1989 3539 2081 3585 aut
2113 3531 2371 3600 perjurio,
2404 3541 2496 3585 aut
2529 3533 2840 3596 homicidio,
2865 3532 3082 3585 autalio
3105 3531 3362 3601 qquiam
3397 3532 3565 3584 inter-

1991 3622 2261 3677 dictorum
2296 3637 2356 3675 se
2385 3622 2782 3686 contaminant,
2821 3630 2915 3675 aut
2958 3621 3011 3675 in
3050 3622 3174 3675 fidei
3203 3620 3449 3674 doctrina
3477 3636 3564 3674 er-

1991 3728 2117 3766 rore
2141 3712 2323 3779 aliquo
2357 3713 2653 3777 ducuntur,
2713 3712 2768 3766 lii
2805 3727 2924 3767 sese
2948 3727 2981 3765 ει
3010 3711 3214 3767 Christi
3250 3719 3404 3781 parte
3432 3710 3564 3763 aba-

1990 3801 2264 3857 lienarunt
2300 3818 2314 3855 :
2357 3802 2505 3855 nulla
2535 3802 2736 3871 quippe
2784 3802 3018 3856 societas
3043 3802 3148 3857 luci
3186 3801 3250 3855 ad
3288 3801 3561 3854 tenebras.

1989 3893 2243 3963 Episcopi
2294 3902 2474 3947 autem
2526 3894 2723 3949 divinae
2770 3895 3066 3949 voluntatis
3115 3893 3448 3963 interpretes
3507 3902 3565 3947 et

1988 3995 2240 4050 doctores
2292 4004 2439 4050 sunt.
2485 3993 2672 4064 Itaque
2714 3996 2787 4049 illi
2841 3996 3003 4065 primi
3046 4012 3077 4050 a
3129 3994 3336 4065 Spiritu
3389 3995 3558 4056 docti.

1989 4086 2209 4156 quinam
2254 4095 2478 4156 propter
2501 4086 2859 4157 pertinaciam
2885 4087 2940 4140 in
2975 4086 3118 4141 malo
3142 4102 3173 4141 a
3205 4086 3314 4139 Deo
3346 4084 3562 4155 praecisi

1988 4178 2119 4243 sint,
2160 4176 2294 4232 alios
2339 4179 2575 4242 ducent;
2608 4193 2681 4230 ne
2720 4192 2843 4253 cum
2895 4178 3031 4247 ipsis
3076 4162 3561 4239 commisceantur,

1988 4282 2165 4337 neque
2194 4268 2376 4322 cibum
2411 4270 2575 4323 simul
2606 4269 2848 4345 capiant,
2876 4284 3056 4338 neque
3094 4269 3246 4338 ipsis,
3278 4278 3336 4322 ut
3382 4283 3412 4322 a
3452 4268 3563 4322 Deo

312 4366 630 4420 διδάσκουσι
658 4367 787 4432 τοὺς
820 4367 1016 4431 ἄλλους
1046 4369 1121 4439 μὴ
1143 4370 1326 4433 αὐτοῖς
1357 4371 1884 4439 συναναμίγνυσθαι,

1997 4360 2253 4428 separatis
2276 4399 2291 4425 ,
2339 4362 2656 4415 adhaereant
2685 4376 2698 4411 :
2731 4376 2839 4428 quo
2874 4360 3213 4428 separatione
3260 4360 3360 4414 ista
3391 4358 3561 4428 pude-

313 4456 456 4527 μηδὲ
513 4458 834 4521 συνεσθίειν,
895 4460 1036 4529 μηδι
1089 4459 1470 4531 συνεύχεσθαι,
1502 4462 1577 4527 ὡς
1604 4463 1715 4516 ἀπὸ
1747 4463 1883 4517 Θεοῦ

1997 4446 2117 4503 iacti
2149 4461 2241 4503 aut
2280 4449 2629 4519 resipiscaut.
2661 4458 2756 4503 aut
2787 4449 2878 4501 alii
2921 4464 2987 4502 ex
3036 4463 3227 4503 eorum
3264 4459 3561 4504 consuetu-

308 4550 788 4618 κεχωρισμένοιςο
844 4548 914 4602 ἶν’
963 4549 997 4620 ἢ
1048 4551 1249 4604 ἐκεῖνοι
1304 4552 1710 4623 ἑπιστρέφωσιν
1775 4555 1885 4608 ἀπὸ

1997 4539 2114 4594 dine
2151 4539 2288 4593 nihil
2338 4540 2651 4595 detrimenti
2694 4540 2966 4610 accipiant
3001 4558 3016 4593 ς
3050 4541 3349 4609 proclivius
3409 4543 3559 4597 enim

306 4638 424 4693 τῶν
454 4639 676 4708 φαύλων
700 4640 1089 4710 αἰσχυνόμενοι
1112 4641 1207 4695 τὸν
1230 4641 1538 4713 χωρισμὸν,
1567 4644 1601 4715 ἢ
1630 4637 1776 4698 οὗτοι
1806 4653 1884 4717 μη

1997 4641 2064 4686 est
2107 4646 2137 4684 a
2190 4632 2324 4686 vitio
2401 4647 2565 4701 quam
2621 4632 2665 4685 a‘
2711 4632 2911 4686 virtute
2969 4633 3388 4688 similitudinem
3444 4644 3557 4689 tra-

306 4736 777 4806 βλάπτωνται.ικ
828 4737 930 4805 τῆς
982 4736 1212 4790 ἐκείνων
1263 4737 1691 4809 συνδιαγωγῆς.’
1728 4739 1883 4810 Ῥᾷον

1997 4735 2112 4776 tere
2145 4719 2282 4790 ('58).
2313 4720 2471 4787 Quod
2528 4721 2572 4775 si
2610 4719 2852 4786 obiiciat,
2886 4737 3153 4789 quorsum
3183 4724 3348 4793 igitur
3399 4723 3560 4778 Chri-

304 4829 423 4899 γάρ
446 4827 513 4882 ἄν
533 4845 616 4892 τις
639 4828 937 4899 μεταλάϐοι
959 4830 1178 4894 κακίας,
1215 4829 1246 4901 ἢ
1277 4831 1490 4901 μεταδῷ
1521 4832 1621 4901 τῆς
1656 4833 1877 4903 ἀρετῆς.

1997 4836 2096 4881 stus
2153 4825 2312 4889 dixit,
2351 4842 2369 4876 ι
2406 4823 2601 4880 Omnia
2655 4840 2994 4896 quacunque
3048 4827 3347 4897 ligaveritis
3390 4839 3558 4894 super

306 4919 377 4975 Ei
411 4917 458 4971 δ’
509 4920 685 4971 ἐκεῖνο
741 4917 1127 4989 προὸάλλεται,
1180 4918 1234 4972 τί
1287 4916 1380 4973 οὖν
1401 4923 1428 4974 δ
1451 4921 1686 4991 Χριστὸς
1707 4918 1828 4975 εἷπε
1859 4939 1875 4955 ·

1997 4928 2209 4982 terram,
2238 4914 2400 4973 erunt
2426 4917 2585 4987 ligata
2638 4927 2695 4971 et
2740 4917 2794 4970 in
2845 4919 3003 4972 castis
3038 4919 3052 4949 ¹
3085 4918 3107 4970 ?
3146 4935 3165 4968 ι
3199 4928 3257 4971 at
3307 4926 3554 4974 sanctum

310 5029 334 5062 ι
377 5009 562 5062 Πάντα
616 5010 718 5063 ὅσα
768 5010 836 5063 ἄν
869 5010 1072 5080 δήσητε
1103 5011 1196 5063 ἐπὶ
1221 5011 1321 5080 τῆς
1372 5012 1498 5082 γῆς,
1543 5013 1697 5066 ἔσται
1736 5013 1881 5066 6:62-

1997 5009 2200 5064 Petrum
2230 5010 2411 5079 ipsum
2461 5009 2665 5072 audiat,
2719 5009 2877 5078 cujus
2919 5005 3389 5079 gratia'potestas
3432 5011 3553 5060 data

304 5099 453 5170 μένα
487 5103 546 5154 ὲν
600 5101 680 5172 τῷ
746 5101 999 5172 ούρανῷ;
1038 5120 1057 5155 ι
1090 5102 1207 5156 ἀλλ’
1253 5102 1420 5157 αὑτοῦ
1465 5103 1560 5157 τοῦ
1603 5106 1877 5175 μακαρίου

1997 5104 2075 5158 sit.
2128 5101 2179 5157 is
2207 5100 2476 5156 Clementi
2507 5100 2810 5155 successori
2860 5114 2960 5154 suo
2989 5098 3278 5167 perspicue
3309 5099 3381 5150 ita
3410 5113 3553 5166 pra:-

303 5189 521 5258 Πέτρου
559 5191 827 5255 ἀκουέτω,
864 5192 1002 5261 πρὸς
1034 5190 1155 5262 δν.ή
1185 5190 1401 5258 ἐξουσία
1446 5191 1693 5261 δέδοται,
1729 5197 1877 5267 Κλή-

1997 5195 2117 5267 :ipit
2167 5211 2183 5250 :
2241 5193 2449 5260 Solves,
2511 5202 2569 5248 et
2618 5192 2836 5264 ligabis,
2872 5206 2993 5261 quae
3037 5191 3120 5245 fas
3176 5199 3261 5245 est
3309 5190 3444 5261 (39).
3481 5187 3551 5246 Ut

426 5308 620 5369 Matth.
655 5325 811 5376 mu,
843 5308 932 5365 18.

1528 5383 1742 5445 Jacobi
1779 5385 1897 5447 Pon

1997 5382 2044 5444 ii
2078 5389 2265 5445 noue.

375 5504 489 5575 (58)
527 5504 665 5583 Vitia
704 5507 1014 5583 etiam_cine
1050 5507 1303 5583 magistro
1335 5508 1629 5576 discuntur,
1685 5511 1863 5583 inquit
1971 5508 2323 5583 adolesceittia
2358 5523 2476 5583 suc.
2512 5504 2740 5583 Genesis
2771 5505 2825 5557 8.
2964 5571 2976 5583 .
3050 5569 3063 5583 .

299 5569 536 5632 Seneca.
569 5582 640 5631 At
665 5578 842 5648 virtus
880 5569 1315 5648 institutionem,
1352 5569 1659 5647 praecepta,
1712 5569 1862 5637 Ιιιὶιο-
2043 5581 2156 5648 (59)
2186 5576 2307 5631 llaec
2338 5578 2498 5648 verba
2518 5577 2930 5648 Cantacuaenus
2964 5569 3091 5648 legit
3120 5569 3262 5641 apud
3287 5582 3541 5648 sanctum

298 5661 446 5703 rem.
484 5646 888 5717 exercitatione
913 5662 1054 5716 nque
1107 5641 1403 5717 desiderat.
1465 5641 1659 5703 sem:
1704 5654 1862 5717 enim,
1969 5641 2631 5717 Clementemepistola1,
2673 5641 3541 5717 adiJaAcobuutfratremDomini,

302 5734 335 5771 ο
376 5716 628 5784 cogitatio
659 5719 875 5771 humani
908 5711 1161 5770 co'rdisiu
1203 5716 1405 5770 malum
1439 5735 1606 5788 prona
1649 5732 1770 5775 sum
1798 5711 1861 5776 αὗ
1971 5735 2081 5776 non
2128 5711 2376 5788 procula
2400 5713 2689 5786 principio.
2725 5712 2911 5770 Ruﬁni
2944 5711 3231 5770 translatio
3261 5711 3343 5771 sic
3377 5714 3543 5771 habet
