4016 6208
262 324 263 327 ‘
322 333 461 398 1153

1453 325 1999 415 Htsrortmnmu
2039 327 2273 387 LIBER
2314 326 2435 388 IlI.

3434 328 3572 393 1154

322 445 419 501 τοῦ
451 449 537 509 ,τὸ
593 443 747 512 ξίφος
785 441 1017 513 ὥθησεν.
1066 440 1143 494 Ού
1193 439 1307 510 γὰρ
1355 439 1632 500 Διονύσιος
1664 441 1692 493 ὁ
1729 440 1896 510 μέγας

2004 449 2066 492 ιιι
2120 440 2376 509 praeclare
2417 438 2679 509 scriptum
2721 449 2901 495 exstat
2946 442 3090 511 apud
3123 456 3377 514 magnum
3440 444 3573 498 Dio-

317 534 549 591 ἓπεσθαι
604 533 740 601 φησὶ
782 533 842 585 τὸ
884 533 1029 585 θεῖον
1091 534 1212 594 ταῖς
1254 529 1593 600 παραλόγοις
1641 529 1752 585 τῶν
1781 531 1896 598 άρ-

323 626 556 698 χιερέων
585 625 804 696 ὁρμαῖς.
832 623 895 676 Εἰ
918 623 976 677 δέ
996 640 1081 686 τις
1122 622 1239 677 δέον
1264 619 1402 675 εῖναι
1423 622 1596 690 λέγοι,
1618 621 1724 674 κᾶν
1746 618 1895 683 ὅπως

315 720 449 773 ποτὲ
478 714 590 789 εἶχε
638 717 710 771 τὰ
733 716 827 770 τοῦ
861 716 1219 787 πράγματος,
1258 713 1541 783 φροντίδος
1567 710 1728 777 ἀξίαν
1754 710 1899 782 ἡγή-

316 817 518 868 σασθαι
543 812 641 883 τὴν
672 810 1018 881 ἐπιτίμησιν,
1052 809 1147 863 καὶ
1172 806 1302 880 περὶ
1327 809 1429 879 τὴν
1455 806 1700 860 διάλυσιν
1726 821 1896 858 σπου-

312 904 412 974 δὴν
463 904 669 975 πολλὴν
718 902 1074 970 εἰσενεγκεῖν,
1131 900 1249 953 ἀλλ’
1282 901 1407 967 ἐμοὶ
1451 900 1556 969 κᾲν
1582 897 1755 967 τούτῳ
1786 896 1896 951 τῶν

311 996 549 1049 δεόντων
584 992 1015 1065 παραλέλειπται
1080 991 1276 1044 οὐδέν*
1307 989 1442 1043 ἀλλὰ
1490 989 1660 1042 πολλὰ
1698 988 1897 1041 πολλὰ·

318 1106 409 1150 κις
445 1087 703 1156 περὶτῶν
733 1087 999 1140 τοιούτων
1023 1085 1289 1155 δεηθέντι,
1320 1083 1475 1137 οὐδὲν
1507 1083 1718 1136 οὐδέπω
1769 1082 1894 1136 οὔτε

325 1179 595 1250 πρότερον
651 1178 778 1232 οὔτε
826 1179 922 1231 νῦν
973 1178 1213 1241 ἐπιεικὲς
1286 1176 1501 1246 ἐλέχθη.
1540 1177 1629 1239 Ὣς
1667 1176 1766 1244 μὲν
1803 1171 1896 1227 οὖν

314 1270 482 1333 εὐθὺς
527 1270 764 1339 ἐξαρχῆς
820 1268 929 1337 ἐγώ
974 1284 1034 1320 τε
1066 1267 1135 1320 τὰ
1184 1267 1369 1320 δίκαια
1423 1264 1669 1333 εἱλόμην,
1705 1262 1896 1316 καὶτὰ

321 1365 481 1433 κοινῇ
514 1361 900 1415 λυσιτελοῦντα
934 1360 1225 1429 ἔπραττον,
1259 1359 1356 1412 καὶ
1386 1352 1534 1412 οῦτοι
1570 1356 1774 1418 πολλὰς
1803 1372 1924 1427 συ-,⁵

318 1453 625 1518 κοφαντίας
680 1454 775 1505 καὶ
822 1452 1078 1515 διαϐολὰς
1129 1451 1473 1520 πλασάμενοι
1507 1450 1600 1503 τὸν
1654 1450 1896 1518 πόλεμον

312 1545 660 1614 κεκινήκασι,
691 1545 784 1596 καὶ
824 1544 995 1597 πολλὰ
1033 1540 1339 1613 Ῥωμαίους
1367 1541 1698 1611 εἰργάσαντο
1722 1542 1892 1607 κακὰ,

319 1636 526 1704 μᾶλλον
574 1634 633 1687 δὲ
681 1636 1017 1703 συμπάντων
1063 1635 1229 1688 αἴτιοι
1281 1633 1650 1702 κατέστησαν,
1691 1632 1760 1686 τὰ
1796 1632 1894 1700 μὲν
1936 1694 1945 1715 κ

324 1726 645 1797 αὐτοχειρία
674 1728 1033 1798 πεποιηκότες
1061 1726 1237 1789 αὐτοὶ,
1270 1727 1337 1779 τά
1362 1724 1406 1778 δ’
1432 1725 1531 1795 ἐμὲ
1555 1724 1893 1794 ἀναγκάζον-

1998 530 2238 601 nysium,
2287 531 2531 585 divinum
2587 547 2794 585 numen
2845 547 2971 586 cum
3009 532 3223 587 ratione
3266 545 3574 603 pugnantes

1997 624 2382 691 episcoporum
2414 620 2734 677 aﬂectiones
2784 639 2890 677 non
2940 623 3209 693 sequitur.
3248 623 3305 678 Si
3331 627 3454 694 quis
3480 641 3572 682 oc-

1998 722 2205 776 currat,
2239 723 2298 767 ut
2327 721 2387 766 ut
2412 728 2471 767 se
2496 728 2583 767 res
2615 713 2835 776 habeat,
2861 730 2968 769 non
2990 730 3112 769 esse
3144 718 3290 782 parvi
3325 720 3572 786 penden-

1996 803 2120 857 dam
2153 803 2295 857 illam
2331 819 2544 872 poenam
2601 805 3056 869 ecclesiasticam,
3092 809 3189 863 sed
3228 792 3288 863 ut
3337 824 3402 864 ea
3460 809 3573 864 sol-

1995 909 2145 959 vare,
2177 895 2405 949 multum
2448 896 2506 949 in
2550 910 2617 950 eo
2664 897 2830 951 studii
2884 898 3225 966 ponendum,
3261 900 3372 965 aio,
3403 900 3567 955 etiam

1997 988 2050 1040 in
2099 987 2203 1040 hoc
2231 1002 2476 1041 mearum
2509 989 2745 1057 partium
2778 989 2913 1043 nihil
2963 992 3379 1057 praetermisisse
3411 1007 3426 1045 :
3473 992 3570 1048 sed

1997 1095 2160 1148 saepe.
2191 1088 2247 1133 et
2283 1081 2528 1150 impense
2558 1081 2609 1134 id
2638 1091 2907 1145 orantem,
2947 1082 3156 1136 nullum
3197 1098 3435 1152 unquam
3470 1084 3575 1138 ltu-

1995 1185 2204 1238 cnsque
2253 1185 2574 1238 responsum
2624 1186 2686 1225 ex
2739 1188 2896 1240 aequo
2924 1183 2982 1227 et
3031 1173 3178 1228 bono
3224 1174 3569 1242 impetrasse.

1996 1252 2465 1326 QuentalntOdum
2514 1260 2681 1329 igitur
2729 1278 2829 1332 ego
2864 1263 2989 1318 inde
3019 1279 3192 1333 usque
3237 1280 3264 1317 a
3301 1266 3571 1334 principio

1997 1370 2026 1407 a
2078 1354 2289 1423 justitia
2334 1370 2442 1409 non
2481 1353 2815 1418 deﬂexerim,
2875 1364 2929 1409 et
2979 1372 3102 1424 qua:
3158 1360 3225 1410 ad
3279 1372 3569 1410 commune

1998 1445 2428 1499 emolumentum
2473 1453 2786 1514 spectarent
2833 1444 3082 1527 fecerim,
3134 1447 3222 1502 isti
3256 1463 3385 1501 vero
3414 1458 3571 1518 syco-

1997 1537 2259 1609 phantiis,
2284 1547 2341 1592 et
2357 1537 2843 1592 obtrectationibus
2861 1547 2969 1592 tam
2994 1539 3201 1594 crebris
3226 1539 3426 1593 bellum
3449 1556 3572 1595 con-

1995 1627 2265 1693 ﬂaverint,
2288 1628 2667 1698 Romanosque
2715 1629 2873 1683 malis
2917 1629 3164 1698 plurimis
3218 1630 3570 1699 involverint,

2000 1736 2112 1775 uno
2133 1735 2263 1774 vero
2284 1719 2546 1773 malorum
2570 1721 2812 1774 omnium
2837 1719 3096 1783 fontes,et
3117 1720 3326 1774 radices
3343 1720 3569 1779 fuerint.

314 1834 409 1879 τες
435 1784 874 1881 σῦκ’ἒθέλοντα,⁵
887 1784 1104 1887 μάλιστ’
1139 1817 1205 1871 ἄν
1226 1784 1318 1878 ⁷τις
1353 1818 1418 1868 ἐκ
1443 1784 1553 1869 τῶν
1587 1784 1892 1885 εἰρημένων

1995 1822 2050 1864 et
2084 1811 2187 1863 alia
2206 1810 2428 1879 quidem
2448 1825 2545 1880 per
2568 1824 2628 1863 se
2654 1809 2961 1871 intulerint,
2977 1810 3081 1862 alia
3107 1824 3192 1864 me
3219 1809 3423 1865 inferre
3444 1826 3572 1865 coe-

314 1910 634 1977 σαφέστατα
669 1909 904 1962 κατίδοι.
936 1909 1060 1963 Ὅτι
1100 1908 1159 1962 δὲ
1188 1908 1282 1961 καὶ
1317 1907 1412 1961 νῦν
1440 1908 1502 1961 οὐ
1536 1908 1642 1977 τὴν
1669 1906 1894 1978 εἰρήνην

314 2000 612 2071 ᾑρημένοι,
655 1998 764 2053 οὐδ’
791 1999 939 2054 ἔλεόν
971 2016 1091 2054 τινα
1133 1999 1392 2062 λαϐόντες
1424 2000 1537 2053 τῶν
1586 2002 1894 2054 πιπτόντων

314 2090 665 2163 καθημέραν,
716 2090 831 2145 ἀλλ’
878 2091 978 2163 ἐμὲ
1028 2091 1168 2164 πρὸς
1198 2093 1313 2155 τοῖς
1359 2091 1538 2154 ἄλλοις
1575 2091 1895 2163 ὑποχείριον

308 2181 505 2237 λαϐεῖν
556 2182 893 2253 βουλόμενοι,
945 2183 1042 2238 καὶ
1088 2185 1191 2253 τὴν
1236 2182 1530 2253 σύμπασαν
1560 2183 1715 2236 αὐτοὶ
1757 2180 1895 2237 Ῥω-

313 2274 502 2342 μαίων
534 2274 710 2347 ἀρχὴν
743 2276 893 2346 ἔχειν
942 2273 1123 2344 (τοῦτο
1159 2274 1266 2345 γὰρ
1317 2277 1501 2337 αὐτοῖς
1537 2273 1893 2339 σπουδάζεται

307 2369 449 2435 περὶ
480 2367 759 2434 πλείστου,
792 2366 982 2437 ἓτερον
1006 2366 1063 2420 δὲ
1092 2367 1295 2437 οὐδὲν),
1317 2368 1419 2437 τὴν
1444 2367 1740 2438 πρεσϐείαν
1767 2384 1896 2420 ταυ-

307 2460 443 2528 τηνὶ
476 2460 823 2529 πεποίηνται,
857 2460 922 2512 ἐκ
950 2460 1061 2514 τῶν
1092 2459 1555 2530 πρεσϐευομένων
1587 2456 1769 2512 αὐτῶν
1795 2456 1895 2527 δῆ-

312 2547 437 2600 λον.
472 2546 534 2601 Εἰ
572 2546 683 2618 γάρ
716 2565 771 2601 τι
804 2550 1049 2613 ἐπιεικὲς
1083 2550 1180 2604 καὶ
1211 2549 1493 2612 λυσιτελὲς
1540 2550 1787 2603 ἐνενόουν
1814 2547 1893 2618 τῷ

320 2638 520 2709 κοινῷ,
557 2638 657 2692 οὐκ
686 2638 753 2693 ἂν
784 2640 955 2702 οὕτως
985 2640 1178 2711 ἐκείνῳ
1212 2640 1291 2711 τῷ
1338 2640 1650 2714 συκοφάντῃ
1678 2642 1773 2693 καὶ
1805 2640 1894 2692 ἀεὶ

305 2729 785 2801 καταψευδομένῳ
832 2734 1006 2803 ῥᾷστα
1037 2732 1355 2802 πειθόμενοι
1391 2732 1624 2800 ὑπάγειν
1674 2729 1894 2801 ἐπεχεί-

310 2836 450 2889 ρουν
478 2821 712 2886 ἑαυτοῖς,
736 2826 830 2874 καὶ
856 2821 1222 2874 καταδουλοῦν
1247 2822 1270 2872 ὲ
1280 2823 1347 2890 μέ
1365 2837 1380 2853 ο
1406 2821 1464 2884 δς
1484 2823 1532 2874 εἰ
1563 2821 1635 2890 μή
1665 2838 1718 2873 τι
1741 2820 1889 2888 ἄλλο,

307 2912 412 2963 διά
442 2914 505 2963 τὸ
538 2909 669 2979 γοῦν
701 2912 795 2965 ἐπὶ
826 2912 1080 2965 τοσοῦτον
1115 2911 1306 2984 χρόνον
1328 2912 1396 2965 τά
1443 2909 1737 2977 Ῥωμαίων
1759 2911 1893 2965 διοι-

305 3002 464 3066 κεῖν,
520 3001 731 3072 βέλτιον
780 3004 847 3056 ἂν
896 3006 1011 3066 τοῖς
1065 3004 1354 3073 πράγμασι
1401 3003 1722 3073 χρησαίμην
1796 3004 1892 3056 καὶ
1950 3066 1955 3071 λ

303 3092 762 3165 λυσιτελέστερον
819 3094 1021 3149 αὐτῶν.
1055 3095 1375 3165 Ιιατρίαρχῃ
1405 3095 1507 3163 μὲν
1535 3091 1627 3148 οὖν
1651 3098 1747 3148 καί¹
1778 3098 1892 3156 τοῖς
1914 3124 1961 3187 η

305 3184 506 3248 ἄλλοις
586 3185 800 3250 οὐδενὸς
847 3186 1116 3256 ἐμέλησεν
1168 3186 1381 3256 ἑτέρου,
1433 3187 1467 3259 ἢ
1518 3184 1547 3237 ὃ
1587 3180 1889 3257 προύθεντο

303 3275 560 3346 ἔξαρχῆς
610 3276 801 3343 εὐθὺς,
833 3276 896 3330 τὸ
942 3275 1280 3346 διαφθείρειν
1326 3277 1430 3345 ἐμὲ
1474 3278 1569 3331 καὶ
1601 3278 1778 3330 ποιεῖν
1826 3278 1891 3329 ἑκ

307 3365 511 3437 μέσου,
544 3366 612 3420 ἶν’
650 3366 847 3437 ἄρχειν
892 3367 1061 3430 ἀδεῶς
1096 3366 1267 3437 ἔχοιεν
1298 3367 1476 3420 αὐτοί.
1519 3366 1662 3434 Ἐγὼ
1688 3368 1746 3420 δι
1795 3365 1889 3418 τοῦ

303 3458 472 3526 κοινῇ
506 3456 908 3521 λυσιτελοῦντος
939 3458 1104 3511 ἕνεκα
1146 3456 1336 3528 ὥσπερ
1367 3456 1465 3511 καὶ
1521 3457 1610 3510 ἀεὶ
1648 3457 1742 3509 καὶ
1770 3455 1891 3526 βού-

308 3552 489 3619 λομαί
526 3567 586 3603 τε
621 3552 717 3604 καὶ
744 3553 874 3623 περί
904 3551 1171 3606 πλείστου
1199 3552 1318 3619 άγω
1339 3551 1440 3618 τὴν
1462 3550 1710 3619 εἰρήνην,
1745 3550 1798 3600 εί
1826 3564 1888 3616 γε

309 3643 601 3714 βούλοιντο
624 3648 718 3698 καὶ
742 3643 897 3697 αὐτοὶ
915 3644 1024 3697 τῶν
1045 3642 1382 3713 πλασμάτων
1405 3641 1505 3694 καὶ
1520 3638 1890 3709 ψευδολογιῶν

309 3735 661 3799 ἀποστάντες
694 3736 1199 3807 παρακοιμωμένου
1233 3731 1507 3794 διαλύσεις
1531 3730 1801 3785 τίθεσθαι.
1827 3731 1890 3785 Εἰ

303 3828 358 3881 δ’
395 3825 551 3891 αὖθις
576 3828 730 3881 αὐτοὶ
757 3833 850 3881 τ’,ν
879 3829 1119 3898 πόλεμον
1152 3828 1383 3893 κινοῖεν,
1419 3825 1494 3908 μὴ
1525 3823 1650 3892 ἐμοὶ
1683 3828 1752 3878 τά
1776 3825 1890 3877 ὲσό·

323 3935 471 3991 μενοι
517 3920 665 3973 κακὰ
704 3921 768 3973 ὲκ
804 3920 909 3973 -τοῦ
945 3921 1190 3990 πολέμου
1243 3914 1723 3989 προσλογίζεσθαι,
1773 3915 1891 3969 ἀλλ’

308 4013 558 4078 ἑαυτοῖς,
596 4010 778 4081 πολλῷ
823 4012 935 4065 τῶν
974 4009 1458 4082 προϋπηργμένων
1487 4007 1787 4078 δεινότερα,
1814 4007 1887 4070 ὡς

312 4102 460 4172 ὁρῶ,
511 4104 769 4174 ἐσόμενα.
810 4103 1039 4156 Ἐκεῖνοι
1096 4102 1199 4172 μὲν
1242 4104 1353 4171 γάρ
1396 4099 1603 4163 Μυσοῖς
1636 4098 1732 4151 καὶ
1761 4098 1803 4148 Τ
1808 4113 1891 4168 ρι-

309 4192 510 4257 ϐαλοῖς
526 4194 712 4258 πόλεις
736 4195 833 4247 καί⁵
877 4195 1061 4264 χώρας
1084 4193 1545 4263 καταπροῖέμενοι
1563 4189 1891 4260 συμμάχους

315 4287 683 4355 ἐποιήσαντο,
730 4281 813 4349 οἷς
851 4285 938 4338 ἐπ’
969 4287 1072 4354 ἐμὲ
1114 4283 1449 4338 διανοοῦνται
1491 4281 1766 4353 χρῆσθαιο
1809 4274 1891 4343 οἷς

309 4376 683 4432 ἀνθίστασθαι
731 4379 832 4431 οὐκ
873 4378 942 4431 ἂν
974 4377 1244 4446 δυναίμην
1282 4377 1421 4446 μετὰ
1457 4373 1748 4444 Ῥωμαίων
1776 4372 1888 4425 τῶν

1997 1901 2195 1972 gerint,
2221 1916 2287 1955 ex
2310 1901 2469 1955 dictis
2489 1899 2799 1970 perspicere
2822 1899 3138 1953 facillimum
3161 1907 3269 1955 est.
3294 1901 3446 1967 Quod
3470 1918 3571 1955 att-

1999 2002 2108 2047 tent
2134 2009 2277 2051 nunc.
2293 2009 2509 2063 quoque
2533 1993 2679 2048 haud
2704 2007 2894 2062 pacem
2921 1992 3168 2061 cupiant,
3205 2010 3306 2051 nec
3326 1996 3513 2065 quotid
3538 2010 3571 2049 e

1997 2082 2348 2153 pereuntium
2394 2080 2777 2138 misericordia
2829 2090 3164 2150 tangantur:
3199 2082 3296 2137 sed
3319 2100 3405 2138 me
3430 2100 3569 2151 pra:-

1995 2182 2078 2227 ter
2116 2182 2340 2227 caeteras
2368 2172 2599 2241 injurias
2623 2170 2679 2224 in
2705 2178 3033 2241 potestatem
3066 2172 3317 2241 redigere
3348 2174 3567 2229 deside-

1996 2274 2119 2319 rent
2152 2274 2209 2318 ut
2244 2264 2342 2334 ipsi
2390 2263 2446 2317 in
2473 2306 2478 2310 .
2503 2271 2677 2317 totum
2726 2262 3021 2332 imperium
3048 2261 3356 2318 Romanum
3396 2265 3571 2319 domi-

1993 2367 2197 2411 nentur
2220 2358 2357 2427 (hoc
2391 2339 2725 2427 enint.612
2754 2354 2920 2411 etiam
2954 2363 3114 2424 atque
3146 2356 3309 2411 etiam
3343 2367 3572 2413 conten-

1992 2448 2129 2504 dunt
2157 2463 2171 2500 :
2205 2465 2305 2504 nee
2348 2449 2452 2503 alia
2480 2449 2550 2504 de
2584 2463 2748 2504 causa
2781 2447 2926 2503 hanc
2958 2447 3286 2519 legationem
3314 2449 3569 2506 institue-

1995 2550 2123 2594 runt
2158 2540 2176 2609 )
2208 2555 2275 2595 ex
2300 2542 2368 2596 iis
2395 2557 2518 2611 qua:
2547 2542 2827 2611 postulant
2849 2543 3070 2611 planum
3113 2543 3319 2597 evadit.
3353 2542 3486 2597 Nam
3520 2544 3568 2599 si

1992 2631 2122 2700 quid
2158 2631 2522 2696 moderatum,
2550 2639 2607 2684 et
2637 2631 2955 2700 reipublicae
2996 2631 3342 2686 fructuosum
3396 2633 3571 2687 medi-

1992 2728 2264 2783 tarentur,
2300 2735 2413 2772 non
2456 2728 2567 2774 tam
2600 2729 2850 2788 prompte
2906 2706 2978 2773 illi
3036 2722 3332 2776 vanissimo
3382 2723 3568 2776 etimi-

1996 2811 2171 2863 natori
2220 2810 2610 2878 obsequentes,
2672 2806 2759 2865 me
2811 2810 2918 2864 sibi
2965 2811 3262 2879 subjicere.
3295 2822 3457 2882 atque
3510 2822 3569 2867 ut

1993 2917 2211 2957 servum
2242 2902 2539 2973 subjugare
2570 2903 2932 2958 tentavissettt
2973 2921 2987 2957 :
3024 2905 3116 2972 qui
3160 2904 3204 2958 si
3251 2921 3361 2959 non
3402 2906 3570 2970 aliud,

1993 3004 2142 3049 certe
2170 2994 2387 3063 quidem
2418 2995 2565 3065 quod
2600 2995 2788 3049 tandiu
2825 3011 2937 3048 rem
2974 2993 3279 3050 Romanam
3334 2998 3571 3051 admini-

1993 3085 2186 3151 stravi,
2216 3085 2429 3147 melius,
2457 3095 2514 3140 et
2547 3085 2738 3138 utilius
2764 3099 2925 3153 quant
2956 3084 3057 3152 ipsi
3094 3084 3197 3139 hoc
3219 3099 3419 3138 munus
3452 3085 3571 3139 obi-

1996 3192 2130 3231 rem.
2189 3178 2517 3232 Patriarclta:
2577 3179 2777 3247 igitur,
2831 3185 2888 3231 et
2933 3175 3100 3231 sociis
3147 3177 3280 3230 nihil
3329 3178 3475 3231 aliud
3517 3177 3573 3230 in

1990 3272 2172 3324 stud'o
2202 3271 2325 3335 luit,
2373 3286 2537 3339 quam
2576 3270 2723 3339 quod
2747 3269 2854 3325 sibi
2881 3286 2912 3323 a
2956 3269 3230 3340 principio
3277 3281 3575 3339 proposue-

1992 3371 2137 3426 runt,
2193 3376 2281 3416 me
2331 3363 2595 3417 nimirum
2656 3361 2761 3417 hac
2809 3363 2933 3417 luce
2988 3365 3224 3432 privare,
3294 3379 3404 3431 quo
3467 3364 3569 3432 ipsi

1991 3451 2241 3506 securius
2276 3452 2549 3520 imperare
2579 3461 2799 3520 queant.
2830 3454 2929 3506 Ast
2963 3467 3064 3521 ego
3090 3452 3220 3507 boni
3277 3454 3575 3509 :ommunis

1991 3542 2188 3612 gratia.
2232 3542 2373 3609 quod
2422 3543 2664 3610 spectavi
2720 3557 2960 3608 semper,
3020 3544 3171 3612 pacis
3217 3556 3340 3599 sum
3376 3559 3574 3614 percu-

1992 3634 2167 3701 pidus,
2224 3626 2456 3702 eamque
2512 3631 2655 3688 facio
2719 3631 2938 3686 maximi
2992 3634 3086 3687 :si
3131 3633 3296 3687 modo
3348 3644 3405 3689 et
3455 3635 3572 3705 ipsa

1990 3739 2021 3778 a
2058 3724 2353 3793 ligtttentis,
2393 3732 2449 3778 et
2480 3725 2780 3778 mendaciis
2826 3723 3078 3794 praefecti
3139 3723 3378 3781 cubiculi
3422 3741 3573 3783 rece-

1991 3817 2209 3879 dentes,
2238 3833 2356 3870 eam
2394 3816 2690 3886 complecti
2720 3815 2925 3871 velint-
2966 3816 3022 3871 Si
3058 3817 3261 3872 bellum
3296 3819 3571 3873 instaura-

1993 3912 2121 3975 rint,
2162 3924 2233 3963 ne
2259 3909 2391 3963 mihi
2415 3922 2693 3963 emersura
2750 3907 2878 3962 inde
2922 3908 3061 3963 mala
3113 3911 3569 3980 przecedentibus,

1995 4013 2054 4058 ut
2096 4018 2360 4073 auguror,
2417 4002 2577 4073 longe
2632 4002 2905 4072 graviora,
2954 4003 3050 4057 sed
3103 4003 3209 4058 sibi
3266 4005 3568 4061 tribuant:

1992 4099 2213 4166 quando
2253 4096 2354 4166 ipsi
2396 4078 2587 4151 Moesis
2619 4105 2675 4149 et
2734 4093 2992 4150 Triballis
3038 4096 3204 4152 urbes
3232 4106 3285 4152 et
3317 4099 3570 4168 regiones

1991 4189 2144 4260 quasi
2175 4190 2409 4259 prtedant
2442 4189 2785 4258 obiecerunt,
2813 4199 2865 4243 et
2910 4190 3194 4244 adversum
3229 4205 3316 4244 me
3350 4191 3572 4246 attrita-

1993 4298 2085 4337 res
2110 4282 2424 4337 asciverunt
2459 4295 2473 4333 :
2510 4280 2713 4351 quibus
2741 4280 2866 4348 quia
2905 4280 3164 4335 resistere
3217 4297 3342 4335 cum
3374 4281 3570 4335 Roma»

1991 4374 2080 4428 nis
2105 4388 2245 4443 quos
2288 4372 2433 4427 duco
2477 4387 2591 4428 non
2636 4372 2813 4437 valeo,
2845 4381 3100 4442 superest
3131 4381 3189 4426 ut
3216 4382 3272 4427 et
3304 4373 3441 4428 mihi
3472 4389 3571 4427 att-

317 4472 642 4540 παρόντων·
677 4469 926 4522 λείπεται
972 4467 1037 4540 δὴ
1065 4468 1212 4537 κάμε
1242 4466 1559 4536 συμμαχίαν
1585 4462 1761 4534 ἑαυτῷ
1792 4480 1891 4517 πο-

1997 4465 2122 4519 xilia
2146 4465 2214 4518 ad
2241 4466 2427 4519 hostes
2462 4477 2613 4518 meos
2639 4461 2998 4517 debellandos
3035 4461 3190 4521 ﬁrma
3217 4476 3566 4531 comparent;

310 4561 517 4634 ρίζειν,
534 4562 569 4634 ἢ
590 4563 704 4624 τοῖς
724 4561 1056 4632 πολεμοῦσιν
1076 4561 1458 4628 ἀντιστήσεται
1476 4559 1571 4611 καὶ
1585 4556 1888 4626 διαφθερεῖ.

312 4655 399 4708 Οὐ
432 4652 543 4722 γὰρ
579 4652 722 4706 ἑκὼν
752 4650 895 4706 εῖναι
926 4654 1240 4723 προήσομαι
1263 4653 1361 4718 τὴν
1386 4648 1628 4720 ἐμαυτοῦ
1659 4649 1753 4701 καὶ
1784 4647 1894 4701 τῶν

314 4745 596 4799 συνόντων
650 4744 945 4816 σωτηρίαν.
1001 4743 1150 4815 Αὕτη
1203 4743 1260 4797 δὲ
1312 4742 1615 4812 οὐδαμόθεν
1667 4739 1893 4795 ἄλλοθεν

312 4835 589 4906 παρέσται
629 4836 666 4906 ἦ
689 4835 753 4902 ἐξ
777 4836 959 4899 Ἀσίας
980 4836 1248 4907 Περσική·
1272 4836 1323 4888 οἳ
1350 4833 1628 4905 Βάρϐαροί
1653 4847 1714 4884 τε
1739 4831 1893 4893 ὄντες

311 4928 415 4978 καὶ
463 4926 793 4989 ἀπεναντίας
861 4926 995 4995 ἡμῖν
1046 4926 1176 4995 περὶ
1214 4925 1277 4977 τὺ
1324 4925 1487 4985 σέϐας
1532 4920 1892 4991 διακείμενοι,

317 5017 583 5086 οὐδεμίαν
621 5017 792 5086 φειδὼ
839 5018 1161 5085 ποιήσονται
1207 5015 1315 5068 τῶν
1350 5013 1736 5083 ἐμπιπτόντων
1771 5013 1893 5072 ταῖς

310 5109 531 5178 χερσῖν,
580 5105 715 5161 ἀλλὰ
753 5107 882 5170 τοῦς
923 5106 1023 5177 μὲν
1089 5104 1451 5159 άποκτενοῦσι
1476 5142 1491 5167 ,
1537 5102 1664 5163 τούς
1700 5100 1757 5154 δὲ
1799 5098 1893 5153 ἐπὶ

310 5199 536 5268 δουλείᾳ
582 5198 979 5259 ἀποδώσονται.
1021 5197 1089 5252 Εί
1135 5195 1235 5267 μέν
1282 5212 1403 5248 τινα
1432 5195 1543 5246 τῶν
1587 5192 1893 5261 μελλόντων

311 5290 729 5361 διαφθείρεσθαι
762 5290 912 5342 ἔλεον
937 5289 1192 5349 λαϐόντες
1224 5288 1360 5357 πρὸς
1391 5285 1486 5357 τὴν
1514 5286 1738 5356 εἰρήνην
1770 5284 1893 5336 ἐθέ-

315 5382 457 5435 λωσι
502 5379 887 5453 χωρεῖν,κάγὼ
936 5380 1170 5451 μάλιστα
1207 5377 1495 5448 βουλοίμην
1541 5375 1628 5443 ἂν,
1679 5377 1776 5431 καὶ
1833 5379 1892 5431 ὲν

318 5472 562 5543 ἡμέραις
592 5471 986 5526 πεντεκαίδεκα
1028 5471 1396 5540 πεμπέτωσαν
1444 5469 1566 5532 τοὺς
1610 5469 1890 5539 ἐροῦντας,

288 5562 405 5617 ’ὅτι
431 5562 747 5618 διαλύεσθαι
808 5562 1116 5624 συνέθεντο,
1139 5561 1214 5623 ὡς
1243 5561 1310 5613 ἂν
1342 5558 1563 5629 πέμψας
1588 5559 1743 5628 κάγὼ
1783 5582 1891 5616 κω-

314 5656 472 5710 λύσω
497 5656 623 5718 τοὺς
643 5654 957 5727 Βαρϐάρους
989 5653 1062 5725 μὴ
1084 5652 1442 5724 περαιοῦσθαι
1468 5652 1603 5724 πρὸς
1628 5654 1727 5724 τὴν
1750 5654 1892 5726 Θρᾴ-

318 5764 463 5820 κην·
508 5747 1022 5820 παρεσκευασμένοι
1054 5747 1165 5816 γάρ
1198 5746 1358 5801 εἰσιν.
1404 5747 1670 5816 Ὕστερον
1706 5747 1760 5799 δὲ
1802 5748 1888 5816 ἐφ’

1994 4553 2123 4609 nolo
2154 4554 2358 4623 quippe
2400 4568 2602 4619 meam,
2634 4567 2996 4621 meorumque
3044 4551 3276 4606 salutem
3314 4553 3567 4623 prodere.

1992 4647 2067 4701 Ea
2110 4662 2243 4701 vero
2288 4645 2493 4699 auxilia
2535 4660 2643 4699 non
2697 4645 2922 4700 aliunde
2967 4660 3133 4714 quam
3170 4636 3459 4699 Persarum
3501 4660 3570 4700 ex

1991 4738 2119 4792 Asia
2162 4736 2589 4806 suppeditabunt
2618 4753 2633 4789 :
2666 4737 2759 4806 qui
2811 4744 2868 4790 et
2901 4735 3145 4799 Barbari,
3178 4743 3235 4790 et
3287 4750 3569 4791 sacrorum

1990 4832 2141 4885 cultu
2200 4830 2360 4885 nobis
2416 4829 2733 4895 dissimiles,
2783 4828 2964 4883 obviis
3014 4844 3127 4882 non
3179 4838 3423 4898 parcent.
3473 4827 3568 4881 sed

1990 4922 2127 4976 alios
2182 4921 2402 4990 quidem
2463 4920 2835 4983 trucidabunt,
2902 4919 3043 4973 alios
3127 4920 3183 4971 in
3247 4921 3567 4971 servitutem

1991 5016 2252 5070 vendent.
2298 5013 2480 5079 Quare
2529 5014 2574 5066 si
2629 5013 2999 5082 periturorum
3031 5011 3383 5065 miseratione
3415 4995 3608 5087 com-q'

1995 5107 2148 5172 moti,
2176 5106 2242 5161 ad
2274 5121 2461 5176 pacem
2486 5104 2619 5159 dare
2644 5119 2703 5158 se
2740 5102 2946 5166 volent,
2976 5101 3027 5155 id
3057 5116 3156 5170 ego
3181 5115 3396 5170 quoque
3421 5114 3571 5153 smn-

1994 5214 2240 5268 mopere,
2271 5200 2734 5266 vehementerque
2776 5195 2960 5259 velim,
3002 5202 3057 5247 et
3102 5192 3297 5255 diebus
3334 5193 3568 5260 quinde-

1992 5292 2101 5345 cim
2130 5291 2369 5352 mittant,
2397 5290 2489 5363 qtti
2517 5302 2603 5342 me
2626 5287 2694 5341 de
2718 5300 2995 5339 consensu
3029 5284 3245 5336 illorum
3279 5297 3443 5352 super
3467 5283 3567 5336 hac

1994 5398 2051 5438 re
2081 5383 2369 5438 certiorem
2405 5381 2567 5435 faciat
2602 5389 2704 5432 :ut
2734 5379 2851 5446 ipse
2883 5376 3135 5432 similiter
3163 5375 3397 5437 mittam,
3437 5374 3566 5427 Bar-

1994 5475 2268 5543 bat'osque
2300 5459 2413 5542 jam
2455 5479 2696 5541 paratos,
2753 5468 2808 5520 in
2858 5466 3144 5521 Thraciam
3195 5466 3564 5520 transmittere

1995 5579 2065 5621 ne
2098 5566 2302 5620 sinam.
2346 5566 2423 5619 De
2467 5561 2880 5617 conditionibus
2911 5568 3098 5631 postea
3131 5559 3271 5614 inter
3305 5573 3407 5613 nos
3435 5574 3565 5612 con-

1996 5658 2201 5713 veniet.
2246 5656 2341 5709 Sin
2391 5669 2656 5708 renovare
2706 5654 2906 5727 bellum
2949 5650 3242 5711 mavolenl,
3300 5664 3363 5707 ac
3426 5649 3564 5705 nihil

1997 5748 2426 5819 reSpmtdebunt,
2480 5745 2731 5816 equidem
2796 5755 2919 5815 post
2975 5743 3117 5798 diem
3176 5744 3557 5813 prasdtutmn,
