4016 6208
290 316 432 380 1157

1431 310 1980 373 HISTORIARUM
2021 312 2257 375 LIBER
2298 314 2410 377 III.

3413 315 3549 386 115.8

282 434 349 486 τό
400 449 460 486 τε
495 431 730 486 ἄστατον
758 435 856 505 τῆς
884 434 992 488 τῶν
1022 434 1327 504 ἀνθρώπων
1383 435 1556 505 τύχης
1623 432 1858 505 συνορῶν

1971 434 2204 492 fortunae
2243 438 2656 495 mutabilitatem
2686 439 3031 510 perpendens
3063 439 3191 510 (qui
3216 439 3364 496 enim
3395 442 3548 511 prius

286 527 361 597 (oi
398 526 508 596 γάρ
541 526 672 595 πρὶν
709 527 921 597 μεγάλα
954 527 1256 594 φυσῶντες,
1289 529 1380 582 καὶ
1409 528 1516 581 οὐδ’
1541 529 1731 596 ἄκροις
1763 528 1866 579 ὠσὶ

279 617 561 688 δεχόμενοι
601 617 700 687 τὴν
739 618 844 671 sub
891 620 1104 689 βασιλεῖ
1142 608 1420 683 δουλείαν,
1462 621 1600 673 ἀλλὰ
1645 620 1737 673 καὶ
1774 620 1864 672 τὸν

280 710 627 779 πρεσϐευτὴν
668 709 836 780 ὠμῶς
878 712 971 764 καὶ
1012 711 1395 782 ἀπανθρώπως
1438 700 1861 780 κατα-τεμόντες,

282 801 383 852 καὶ
424 801 623 872 πολλὴν
653 802 1054 873 ἐπιδειξάμενοι
1091 805 1379 858 αὐθάδειαν
1402 808 1495 857 καὶ
1522 805 1860 874 θρασύτητα,

281 890 381 944 νῦν
410 893 605 963 ἥκουσι
636 899 882 948 ταπεινοὶ
916 899 1011 950 καὶ
1042 898 1433 967 δεδακρυμένοι
1470 896 1574 950 ὑπὸ
1610 898 1864 966 μεγάλων

281 984 604 1048 πιεσθέντες
633 988 928 1056 συμφορῶν
956 989 1048 1041 καὶ
1078 989 1321 1057 δεόμενοι
1353 990 1538 1042 ἐκεῖνα
1557 1028 1571 1049 .
1599 988 1635 1042 ἃ
1666 992 1713 1041 εἰ
1741 992 1863 1043 τότε

280 1073 451 1125 αὐτοῦ
476 1075 940 1144 συμϐουλεύοντος
966 1080 1271 1141 ἐπείθοντο,
1295 1080 1395 1132 οὐκ
1417 1080 1485 1134 ἂν
1509 1081 1590 1143 είς
1611 1080 1864 1143 τοιαύτας

279 1164 636 1240 κατέστησαν
663 1168 931 1240 ἀνάγκας)
954 1184 968 1198 ’
1008 1170 1200 1222 ἔπειτα
1230 1171 1436 1223 ’ἐννοῶν
1473 1173 1565 1224 καὶ
1608 1172 1725 1229 οἵας
1762 1172 1863 1223 πό·

279 1255 421 1320 λεως
454 1239 644 1311 πάντᾶ
669 1239 966 1331 ἀρίστηςή
1006 1259 1296 1331 Ῥωμαίων
1329 1265 1595 1333 ἡγεμονία
1631 1265 1861 1317 ἀποστε-

283 1348 498 1418 ρεῖσθαι
523 1351 729 1422 μέλλει,
755 1353 1022 1423 ἐδάκρυσε
1051 1355 1149 1424 μὲν
1175 1357 1266 1408 ἐπὶ
1292 1356 1493 1426 μικρόν
1512 1375 1523 1387 ·
1554 1353 1674 1410 εἶτα
1698 1359 1863 1428 ἐχρη-

283 1441 483 1509 μάτισε
529 1445 642 1505 τοῖς
692 1444 986 1513 πρέσϐεσι,
1039 1448 1134 1498 καὶ
1182 1446 1291 1500 τῶν
1340 1463 1400 1499 τε
1457 1449 1862 1519 ἡμαρτημένων

282 1532 580 1601 παρείχετο
612 1532 966 1604 συγγνώμην,
995 1537 1088 1588 καὶ
1117 1537 1459 1609 χρηστότερα
1492 1538 1732 1604 ἐλπίζειν
1760 1543 1862 1594 ύπ-

280 1622 487 1685 ετίθει,
523 1624 597 1686 ὡς
635 1626 743 1678 πᾶν
775 1625 955 1679 ὁτιοῦν
991 1627 1132 1696 ὑπὲρ
1167 1628 1346 1681 αὐτῶν
1379 1631 1641 1701 ποιῆσων.
1682 1633 1859 1686 Ἑκεί-

275 1729 408 1777 νους
445 1714 544 1780 μὶν
574 1714 669 1769 οὖν
698 1714 870 1781 οὕτως
904 1717 1253 1789 ἐψυχαγώγει
1286 1720 1467 1789 λόγοις
1501 1724 1564 1776 ἐκ
1595 1724 1694 1793 τῆς
1727 1725 1856 1778 πολ-

274 1805 380 1875 λῆς
424 1807 663 1877 ἀθυμίας
707 1808 1115 1880 ἀνακτώμενος.
1165 1814 1306 1877 Τοὺς
1350 1815 1415 1868 ὲκ
1458 1813 1755 1880 Βυζαντίου
1802 1817 1859 1871 δὲ

271 1898 437 1963 αὖθις
462 1901 720 1971 πρέσϐεις
748 1902 1509 1977 μετακαλεσάμενος,’ορᾶτε,
1532 1904 1705 1973 εἶπεν,
1733 1909 1860 1964 οἵων

274 1993 584 2063 συμφορῶν
621 1994 794 2057 αἴτιος
825 1995 1115 2065 Ῥωμαίοις
1135 1999 1162 2050 ὁ
1184 1998 1418 2068 πόλεμος
1450 2000 1720 2069 κατέστης
1760 2001 1859 2065 τάς

274 2084 391 2154 γὰρ
404 2084 688 2156 ἑσπερίους
705 2084 807 2156 ἠδη
826 2086 1198 2153 πάσας-πόλεις
1210 2089 1535 2161 ὶποιήσαντο
1548 2090 1635 2159 ὑφ’
1649 2093 1858 2157 ἑαυτοῖς

266 2173 325 2225 οι
357 2173 635 2242 Τριϐαλοί.
664 2176 891 2231 Δέδοικα
914 2176 971 2229 δὲ
1002 2177 1077 2249 μὴ
1103 2178 1295 2232 τούτου
1329 2180 1734 2250 μηκυνομένου,
1761 2184 1857 2238 καὶ

269 2263 615 2330 Μακεδονίας
651 2266 858 2336 ἄρξωσι
892 2271 1260 2324 παντάπασιν.
1292 2271 1433 2340 Ἤδη
1466 2273 1572 2341 γὰρ
1606 2274 1709 2327 οὐκ
1743 2275 1854 2328 ὀλί-

265 2367 379 2418 γας
418 2351 624 2421 ἔχουσι.
654 2354 875 2425 Φεραῖοι
912 2355 992 2421 δὲ,
1019 2354 1210 2428 ὥσπερ
1252 2360 1524 2429 ἠκούσατε
1564 2364 1716 2434 παρὰ
1747 2365 1857 2418 τῶν

267 2442 594 2511 πρέσϐεων,
627 2445 676 2496 εἰ
709 2447 784 2516 μή
817 2464 960 2511 τινος
990 2448 1125 2517 παρ’
1148 2450 1305 2519 ἡμῶν
1333 2453 1654 2524 ἐπικουρίας
1684 2456 1858 2526 τύχω·

269 2549 387 2594 σιν,
418 2533 519 2585 οὐκ
549 2533 616 2588 ἂν
645 2534 725 2588 ἑτι
756 2536 892 2608 πρὸς
922 2537 1015 2590 τὸν
1047 2538 1284 2609 πόλεμον
1311 2542 1555 2613 ἀντέχειν
1583 2545 1853 2613 δύναιντο,

267 2620 426 2691 λιμῷ
468 2624 565 2677 καὶ
602 2623 891 2697 πολιορκίᾳ
938 2617 1274 2694 πιεσθέντες.
1304 2632 1556 2699 Ἔξεστιν
1593 2636 1687 2689 οὖν
1728 2639 1854 2708 ὑμῖν

270 2708 384 2779 ἤδη
414 2712 475 2762 τὸ
505 2710 599 2764 τοῦ
641 2713 882 2784 πολέμου
917 2715 1111 2785 κέρδος
1145 2722 1400 2791 συνορᾷν.
1441 2722 1583 2790 Ἐγὼ
1613 2725 1670 2777 δὲ
1703 2727 1856 2797 ὑμῶν

272 2798 566 2869 θαυμάζω,
596 2802 719 2857 ὅθεν
746 2804 922 2858 οἴεσθε
951 2805 1212 2862 δύνασθαι
1242 2799 1523 2880 βασιλείαν
1551 2816 1717 2885 ἔχειν,
1746 2818 1855 2871 τῶν

270 2895 608 2964 συνεχὸντων
654 2896 824 2967 αὐτὴν
871 2899 1231 2970 εὐποροῦντες
1277 2903 1510 2967 οὐδενός.
1561 2907 1698 2961 Οὔτε
1746 2914 1854 2979 γςτρ

267 2986 424 3038 ἐστιν
455 2987 511 3038 ὲν
541 2987 700 3057 ὑμῖν,
730 2988 788 3053 ὃς
818 2990 886 3043 ἂν
915 2992 1025 3043 τὼν
1055 2991 1231 3045 ἄλλων
1260 2996 1450 3065 ἄρχειν
1478 2997 1727 3063 δύναιτο,
1760 3003 1855 3055 καὶ

1967 529 2218 598 superbia
2245 530 2435 593 inflati,
2474 547 2576 586 nec
2623 534 2847 587 verbum
2892 533 3083 587 audire
3111 534 3178 587 de
3211 534 3548 603 sulijectione

1966 621 2361 687 sustinuerant,
2392 624 2522 692 quin
2548 625 2709 679 etiam
2742 624 2979 694 legatum
3006 626 3319 687 crudeliter,
3352 625 3547 678 imma-

1967 710 2222 781 niterque
2253 714 2647 781 dissecuerant,
2682 725 2738 769 et
2782 731 2839 769 se
2883 731 3140 784 perquam
3173 729 3545 777 contumaces,

1938 817 2028 855 ac
2054 802 2399 870 prietidentes
2425 805 2799 871 ostenderant,
2848 806 3015 877 614
3048 807 3083 860 ii
3111 822 3258 860 nunc
3290 809 3544 870 humiles,

1965 899 2017 944 et
2047 891 2250 959 perfusi
2285 892 2557 963 lacrymis,
2589 894 2762 962 pressi
2798 896 3196 951 calamitatibus
3228 879 3542 961 veniebant,

1965 992 2022 1035 et
2058 982 2143 1035 illa
2182 984 2463 1051 petebant,
2498 985 2551 1037 in
2583 985 2783 1053 quibus
2829 986 2872 1039 si
2906 996 3035 1041 tunc
3067 987 3272 1041 utiliter
3297 988 3546 1042 suadenti

1965 1068 2462 1145 obtemperassent,
2489 1077 2542 1130 in
2576 1086 2682 1130 tam
2706 1078 2932 1133 acerbos
2960 1094 3121 1134 casus
3159 1096 3437 1149 nunquam
3462 1082 3546 1134 in—

1964 1167 2275 1238 cidissent),
2300 1170 2501 1223 deinde
2518 1173 2868 1226 considerans
2884 1174 3096 1242 qualem
3120 1176 3330 1237 urbem,
3350 1189 3548 1242 nempe

1965 1262 2141 1315 modis
2173 1264 2427 1317 omnibus
2464 1265 2985 1332 pratstantissimam,
3024 1264 3327 1319 Romanum
3368 1248 3545 1334 impe-

1964 1354 2104 1406 rium
2137 1354 2430 1418 amitteret,
2449 1355 2731 1410 continere
2757 1356 3019 1426 laerymas
3046 1373 3154 1411 non
3181 1358 3379 1427 potuit.
3404 1356 3542 1413 Tum

1964 1440 2154 1512 legatis
2203 1446 2575 1512 respondens,
2634 1444 2846 1497 veniam
2897 1444 3313 1499 commissorum
3370 1446 3542 1507 dedit,

1962 1534 2219 1604 bonoque
2262 1536 2444 1589 animo
2470 1551 2593 1590 esse
2626 1535 2817 1603 jussit,
2855 1550 2913 1588 se
2949 1551 3138 1590 eorum
3169 1550 3330 1590 causa
3368 1528 3544 1590 factu-

1962 1642 2082 1680 rum
2114 1627 2320 1683 omnia.
2348 1626 2655 1681 Istiusmodi
2689 1628 2870 1681 verbis
2894 1642 2991 1681 eos
3021 1626 3342 1689 delinicbat,
3389 1636 3445 1681 et
3477 1643 3542 1681 ex

1963 1718 2174 1789 magnis
2206 1719 2500 1787 angoribus
2550 1734 2614 1772 ac
2673 1718 3055 1788 desperatione
3093 1719 3408 1784 recreabat;
3442 1720 3542 1774 itc-

1962 1826 2192 1878 rumque
2224 1810 2551 1879 Byzantinos
2582 1811 2790 1881 legatos
2819 1825 3110 1864 accersens
3137 1827 3151 1863 :
3186 1809 3415 1875 Videtis,
3461 1812 3545 1863 in-

1959 1902 2201 1971 quiebat,
2232 1917 2367 1971 quas
2398 1917 2670 1956 aerumnas
2711 1902 2971 1956 Romanis
3006 1902 3206 1956 bellum
3247 1903 3350 1956 hoc
3384 1917 3547 1972 gene-

1959 1992 2127 2047 rarit?
2156 1992 2523 2047 occidentales
2549 1992 2696 2047 enim
2724 1993 2887 2048 urbes
2919 1994 3203 2048 universas
3236 2008 3350 2048 sua:
3380 1993 3542 2048 ditio-

1959 2083 2045 2136 nis
2070 2097 2134 2136 ac
2161 2083 2447 2150 potestatis
2481 2080 2704 2136 Triballi
2737 2083 3020 2148 fecerunt;
3056 2083 3243 2143 timeo,
3280 2099 3349 2139 ne
3377 2086 3541 2137 etiam

1960 2180 2069 2226 tota
2103 2172 2413 2226 Macedonia
2454 2174 2752 2242 potiantur,
2786 2172 2946 2242 cujus
2985 2175 3184 2242 Oppida
3217 2175 3269 2228 in
3304 2190 3545 2244 prassens

1958 2278 2067 2325 non
2108 2277 2278 2332 pauca
2307 2262 2576 2317 obtinent.
2615 2264 2685 2323 At
2722 2262 2955 2325 Pheraei,
2993 2263 3137 2333 quod
3163 2279 3229 2318 ex
3264 2279 3361 2319 ore
3392 2264 3543 2334 lega-

1959 2362 2135 2407 torum
2172 2352 2514 2421 percepistis,
2557 2367 2585 2406 a
2642 2352 2787 2407 fame
2814 2362 2870 2408 et
2901 2355 3060 2409 hoste
3097 2355 3257 2410 simul
3304 2355 3539 2411 obsessi.

1958 2444 2061 2498 nisi
2102 2460 2133 2497 a
2163 2444 2323 2498 nobis
2351 2453 2727 2509 succurratur,
2757 2445 2963 2500 diutius
2989 2461 3048 2500 se
3080 2447 3217 2501 tueri
3245 2462 3355 2501 non
3392 2457 3543 2516 pote-

1956 2544 2107 2590 runt.
2167 2535 2318 2590 Licet
2362 2536 2524 2605 igitur
2571 2538 2721 2605 jam,
2778 2545 3045 2604 quantum
3131 2537 3266 2593 lucri
3317 2555 3348 2593 e
3398 2540 3543 2593 bello

1957 2628 2160 2683 factum
2201 2628 2292 2692 sit,
2342 2629 2576 2682 discere.
2627 2627 2893 2697 Equidem
2937 2629 3110 2683 miror
3149 2629 3293 2684 unde
3334 2632 3538 2700 putetis

1958 2735 2120 2786 posse
2166 2735 2263 2774 vos
2299 2718 2593 2788 imperium
2626 2721 2890 2783 retinere,
2937 2735 3062 2775 cum
3093 2721 3186 2788 qui
3229 2723 3405 2791 ipsum
3439 2724 3536 2776 de-

1955 2813 2163 2875 tendat,
2226 2821 2282 2866 et
2326 2818 2632 2875 conservet,
2688 2811 2938 2866 habeatis
2989 2814 3304 2879 neminem;
3361 2831 3541 2883 neque

1955 2904 2101 2959 enim
2131 2903 2276 2957 inter
2319 2918 2416 2957 vos
2461 2912 2564 2966 est,
2596 2901 2685 2972 qui
2717 2917 2953 2969 praeesse
2992 2903 3134 2965 aliis,
3166 2914 3221 2958 et
3264 2907 3541 2961 communi

1958 2995 2245 3064 providere
2291 2994 2450 3055 sciat,
2494 2994 2599 3047 nisi
2642 2994 2880 3048 fortasse
2934 2994 3253 3062 praefectum
3303 2997 3540 3050 cubiculi

268 3077 534 3144 πρόνοιαν
559 3079 828 3133 ποιεῖσθαι
852 3082 960 3134 τῶν
984 3083 1204 3152 κοινῶν,
1231 3089 1279 3139 εἰ
1309 3088 1382 3158 μή
1443 3092 1542 3141 πού
1572 3107 1634 3157 γε
1662 3094 1857 3162 φαίητε

1964 3087 2276 3142 nomittetis.
2322 3086 2455 3141 Nam
2510 3101 2615 3140 nec
2669 3085 2980 3155 imperatori
3018 3094 3241 3154 propter
3293 3088 3541 3156 impube-

267 3170 795 3241 παρακοιμώμενον,
822 3173 961 3228 Οὔτε
989 3176 1099 3248 γὰρ
1126 3176 1375 3247 βασιλεὺς
1407 3181 1496 3234 διὰ
1520 3182 1617 3253 τὴν
1642 3184 1858 3253 ἠλικίαν

263 3259 373 3329 τὴν
406 3261 693 3332 Ῥωμαίων
734 3263 886 3332 ἄγειν
928 3266 1150 3320 δύναται
1194 3270 1387 3340 ἀρχὴν,
1415 3272 1449 3342 ἥ
1473 3290 1533 3325 τε
1575 3273 1679 3343 βασ
1703 3277 1784 3341 λὶς
1823 3279 1857 3349 ἡ

263 3354 464 3406 τούτου
502 3354 687 3425 μήτηρ
743 3357 804 3409 οὐ
838 3357 928 3410 διὰ
957 3360 1056 3429 τὴν
1085 3365 1404 3423 γυναικείαν
1436 3363 1724 3419 ἀσθένειαν
1759 3368 1858 3438 μό-

268 3464 401 3511 νον,
428 3447 488 3500 ού
527 3449 639 3519 γὰρ
673 3449 740 3503 ἂν
772 3448 1026 3521 ὲξαρκοίη
1061 3455 1197 3522 προς
1229 3455 1482 3508 τοσοῦτον
1517 3461 1858 3526 πραγμάτων

214 3556 219 3560 ·
264 3537 460 3608 ὄγκον,
493 3540 629 3593 ἀλλά
661 3542 755 3594 καὶ
790 3542 851 3595 τὸ
885 3544 984 3614 τὴν
1017 3542 1266 3608 ἐξουσίαν
1302 3547 1406 3599 ὑπὸ
1440 3548 1547 3600 τῶν
1579 3551 1857 3619 ἀρχόντων

264 3629 669 3702 περιῃρῆσθαι,
715 3630 905 3702 ὥσπερ
956 3635 1014 3687 ὲν
1061 3638 1276 3706 φρουρᾷ
1322 3637 1497 3705 διάγει
1544 3643 1654 3702 τοῖς
1705 3641 1859 3711 βασι-

266 3723 463 3787 λείοις,
491 3724 673 3793 ὀλίγον
701 3725 1004 3778 ἀποδέουσα
1034 3726 1142 3779 τῶν
1171 3729 1229 3779 ἐν
1255 3729 1614 3801 δεσμωτηρίῳ
1644 3732 1857 3801 διαγόν-

267 3832 405 3868 των.
436 3814 501 3868 Τί
531 3818 640 3886 γὰρ
670 3817 897 3870 ἑκείνων
921 3816 1249 3888 διενήνοχεν,
1281 3821 1331 3873 εί
1365 3822 1532 3891 μηδὲν
1564 3824 1701 3894 μήτε
1736 3823 1860 3892 βου-

270 3908 574 3960 λεύσασθαι
594 3948 608 3973 ,
645 3910 783 3979 μήτε
817 3910 1019 3977 πρᾶξαι
1045 3912 1153 3963 τῶν
1179 3912 1410 3967 δεόντων
1435 3914 1691 3981 δύναται,
1722 3918 1859 3971 ἀλλὰ.

265 3999 388 4062 τοῖς
428 3998 816 4068 ἐψηφισμένοις
838 4001 944 4053 ὑπὸ
981 4000 1088 4053 τῶν
1129 3986 1403 4070 ἀρχόντων
1442 4003 1860 4077 ἕπεσθαιρνἀγ-

267 4108 383 4160 κην
440 4091 589 4160 ἕχει;
622 4092 735 4154 Τάς
764 4109 821 4145 τε
854 4094 1037 4155 πόλεις
1066 4093 1442 4147 ἀπολωλέκατε
1463 4135 1479 4160 ,
1510 4098 1606 4160 τὰς
1636 4100 1735 4166 μὲν
1761 4101 1858 4153 αὖ»

263 4185 389 4244 τοϊς
432 4184 639 4246 Μυσοῖς
681 4183 1162 4254 παραδεδωκότες,
1199 4185 1265 4238 ἶν’
1289 4186 1404 4255 ἔχοι
1436 4204 1494 4240 τε
1537 4190 1859 4260 συμμάχους

265 4276 365 4327 ἐπ’
388 4275 512 4344 ἐμὲ,
541 4277 650 4329 τῶν
676 4276 721 4329 δ’
747 4276 853 4328 ὑπὸ
877 4276 1168 4345 Τριϐαλοῖς
1197 4277 1627 4350 δεδουλωμένων.
1660 4284 1770 4337 Καὶ
1799 4285 1856 4338 ai

263 4365 598 4434 λειπόμεναι
623 4366 704 4429 δὲ,
729 4367 811 4420 ἐτι
843 4367 974 4437 πρὸς
1003 4368 1102 4437 ἐμέ
1129 4386 1191 4421 τε
1214 4372 1306 4423 καὶ
1336 4372 1479 4439 ὑμᾶς
1504 4373 1851 4446 διῃρημέναι,

261 4459 344 4511 τά
380 4460 481 4527 μὲν
510 4459 672 4512 αὑταὶ
703 4460 787 4529 ἐφ’
815 4461 1035 4521 ἑαυταῖς
1068 4462 1459 4523 στασιάζουσαι
1490 4467 1582 4518 καὶ
1611 4466 1855 4535 διαφθει-

270 4550 542 4619 ρόμεναι,
572 4552 644 4602 τά
674 4550 718 4605 δ’
742 4550 834 4620 ὑφ’
858 4552 1014 4620 ήμῶν
1045 4550 1245 4616 ἔξωθεν
1274 4553 1730 4623 πολιορκούμεναι
1764 4561 1858 4613 καὶ

260 4638 886 4709 ἑξανδραποδιζόμεναι,
922 4642 1014 4693 καὶ
1047 4642 1115 4693 τά
1146 4640 1430 4696 δεινότατα
1465 4646 1856 4715 ὑπομένουσαι,

1922 4040 1925 4043 λ
1958 4013 2137 4056 autem
2179 3999 2487 4069 perdidistis
2507 4014 2523 4060 ;

1963 3196 2076 3234 rem
2131 3185 2349 3232 aetatem
2394 3178 2703 3231 Romanum
2755 3177 3121 3246 principatum
3170 3179 3372 3231 rexerit
3423 3195 3438 3208 ο
3488 3190 3543 3233 et
3617 3233 3625 3239 ,

1960 3272 2200 3341 Augusta
2246 3270 2368 3338 ejus
2440 3279 2622 3323 mater
2695 3283 2806 3322 non
2866 3269 3042 3323 scium
3108 3278 3330 3339 propter
3384 3268 3543 3324 ienui-

1961 3378 2120 3415 neam
2155 3361 2583 3415 imbecillitatem
2618 3370 2781 3415 tanta:
2824 3375 3012 3413 rerum
3051 3361 3179 3414 moli
3208 3361 3544 3415 sustinenda:

1962 3453 2138 3521 impar
2167 3464 2271 3518 est,
2299 3454 2396 3506 sed
2430 3452 2594 3505 etiam
2627 3460 2894 3519 potestate
2925 3451 2994 3505 ab
3029 3451 3387 3506 archontibus
3411 3467 3542 3518 spo-

1965 3546 2114 3609 liata,
2152 3546 2208 3598 in
2239 3544 2438 3613 palatio
2463 3557 2573 3595 non
2602 3557 2761 3596 secus
2785 3552 2951 3610 atque
2979 3542 3033 3594 in
3059 3543 3309 3596 custodia
3339 3555 3539 3605 mani-t.

1961 3650 2261 3706 parumque
2310 3635 2379 3689 ab
2416 3633 2481 3687 iis
2513 3632 2716 3697 (ἥσει-ι,
2747 3632 2840 3701 qui
2896 3633 2948 3684 in
2996 3646 3218 3687 carcere
3269 3633 3540 3687 victitant.

1960 3728 2100 3792 Quid
2133 3728 2279 3781 enim
2324 3724 2561 3786 dill‘erat,
2590 3724 2805 3789 amabo,
2846 3724 2891 3778 si
2919 3723 2970 3777 ei
3009 3722 3146 3777 nihil
3192 3737 3371 3791 neque
3409 3739 3543 3778 con.

1961 3822 2185 3882 sultare,
2216 3832 2393 3887 neque
2423 3809 2585 3886 agere
2615 3815 2759 3885 quod
2796 3829 2933 3885 opus
2963 3814 3036 3868 sit
3063 3816 3403 3876 conceditur,
3441 3818 3535 3868 sed

1961 3910 2176 3965 illorum
2225 3910 2441 3962 decreta
2485 3906 2718 3976 probare
2764 3914 2820 3960 et
2859 3905 3014 3971 sequi
3065 3905 3316 3975 cogitur?
3364 3905 3545 3961 Uibes

2567 4013 2692 4050 nam
2743 3997 2879 4050 alias
2925 3995 3027 4064 ipsi
3071 3994 3256 4049 Moesis
3303 3996 3538 4063 pretium

1960 4094 2240 4150 societatis
2265 4103 2457 4148 contra
2489 4106 2576 4145 me
2629 4090 2879 4154 didistis,
2935 4090 3074 4144 alias
3105 4088 3331 4144 Tribalti
3377 4093 3542 4144 snt-c-

1960 4192 2177 4256 geruut,
2230 4183 2455 4253 reliquis
2502 4183 2645 4236 inter
2695 4198 2782 4235 nte
2833 4196 3040 4251 vosque
3083 4181 3291 4245 divisis,
3349 4196 3540 4234 earum

1961 4277 2160 4345 partim
2215 4272 2489 4328 intestinis
2534 4273 2812 4341 agitantur
2858 4270 3170 4338 discordiis,
3222 4280 3279 4325 et
3324 4272 3543 4326 sibitm-t

1960 4367 2127 4422 exitio
2170 4378 2299 4420 sunt
2331 4382 2345 4420 :
2379 4366 2574 4435 partim
2610 4380 2641 4419 a
2674 4364 2831 4418 nobis
2873 4364 3005 4418 foris
3045 4363 3304 4426 obsessae,
3349 4367 3540 4434 jugutn

1957 4460 2204 4529 accipere
2230 4468 2451 4521 coactae,
2466 4456 2912 4527 gravissimisque
2935 4455 3133 4510 attrita:
3148 4454 3533 4515 incommodis.

1956 4554 2012 4609 in
2061 4563 2335 4607 extremas
2373 4549 2720 4604 ditlicultates
2760 4549 3023 4618 conjectis
3072 4559 3201 4603 sunt
3225 4566 3243 4601 :
3278 4563 3381 4604 nec
3436 4550 3542 4604 alia

1957 4644 2075 4700 fere
2102 4641 2413 4697 conditione
2432 4648 2582 4703 sunt,
2612 4654 2776 4701 quam
2807 4639 2854 4693 si
2875 4642 2942 4692 ab
2967 4640 3218 4694 hostibus
3241 4640 3543 4711 subjugaLc

259 4731 358 4791 εις
396 4731 637 4803 ἐσχάτην
669 4732 902 4802 ἀπορίαν
937 4733 1178 4802 ἡλασαν,
1212 4734 1306 4786 καὶ
1346 4733 1529 4802 ὀλίγου
1567 4737 1858 4792 ἀποδέουσι

1960 4733 2162 4788 forent.
2181 4731 2435 4786 Pecunia:
2457 4729 2691 4785 facultas
2719 4729 2886 4784 nulla.
2918 4730 3054 4784 Nam
3085 4739 3144 4786 et
3172 4732 3426 4785 aerarium
3456 4741 3538 4785 est

259 4822 386 4875 τῶν
419 4822 523 4875 ὑπὸ
554 4825 834 4894 πολεμίοις
864 4828 1189 4894 γενομένων.
1221 4825 1534 4896 Χρημάτων
1577 4844 1636 4881 τε
1688 4831 1855 4899 πόρος

260 4913 577 4982 οὐδαμόθεν
596 4931 610 4945 ⁸
638 4918 707 4970 τά
736 4932 796 4967 τε
828 4919 937 4985 γάρ
964 4917 1300 4985 ἀποκείμενα
1330 4916 1630 4983 ἀνάλωται,
1663 4922 1757 4972 καὶ
1787 4920 1859 4972 τά

1962 4824 2302 4880 exinanitum
2333 4838 2348 4875 :
2395 4831 2449 4877 et
2498 4822 2742 4876 thesauri
2780 4822 3079 4892 absumpti,
3110 4832 3536 4891 ornamentaque

1967 4915 2310 4985 imperatoria
2344 4912 2618 4968 divendita
2650 4910 2862 4982 (45),et
2887 4912 2941 4965 in
2970 4912 3215 4981 egregias
3242 4911 3374 4965 istas
3406 4912 3544 4966 clas-

266 5004 544 5075 κειμήλια
575 5006 888 5060 ἀποδέδοται
928 5006 1183 5073 βασιλικά
1219 5007 1298 5068 εἰς
1330 5008 1455 5069 τοὺς
1491 5008 1689 5071 καλοὺς
1724 5011 1858 5062 ἁποι

1965 5025 2075 5072 ses,
2115 5008 2259 5063 unde
2296 5006 2443 5060 nulla
2496 5005 2658 5060 rediit
2702 5005 2942 5069 utilitas,
2989 4985 3237 5072 ii'upensa
3279 5011 3410 5056 sunt
3439 5004 3546 5067 (de
3621 5048 3628 5053 .

268 5096 501 5199 στόλους
523 5134 539 5162 ,
572 5097 696 5152 ὅθεν
727 5098 912 5169 ὄνησις
950 5096 1173 5166 οὐδεμία
1218 5098 1558 5167 περιγίνεται
1618 5100 1715 5170 (ἐῶ
1750 5101 1858 5170 γὰρ

1966 5109 2154 5155 nostra
2184 5095 2331 5152 enim
2371 5104 2480 5151 tam
2510 5095 2774 5150 immensa
2809 5095 3037 5166 pecunia
3075 5090 3267 5161 taceo)
3292 5089 3459 5162 615
3487 5104 3544 5146 et

1557 5285 1776 5347 Jacobi
1817 5284 2082 5347 Pontani
2122 5288 2314 5345 notas.

357 5415 473 5486 (65)
513 5415 792 5485 Κειμήλια
839 5413 1122 5483 βασιλικά,
1175 5425 1306 5486 qure
1338 5409 1406 5486 ab
1441 5407 1858 5486 imperatoribus

1965 5409 2281 5486 Griecorum
2333 5409 2701 5486 imperatoria-
2733 5403 2997 5486 ξῖιιιὸιιίιιὶΔ
3027 5404 3073 5459 II
3121 5401 3383 5486 syntheta,
3424 5418 3543 5472 quae

271 5487 339 5543 in
363 5474 652 5539 ‘tltesauri's
687 5474 1079 5554 'rcpohttntur,
1108 5474 1428 5553 peculiaria
1452 5474 1749 5554 quaedam,
1806 5485 1867 5531 ut
1965 5480 2189 5547 quidem
2223 5486 2337 5554 tunc
2386 5474 2631 5554 iuerint:
2663 5477 2943 5554 Calyptra,
2973 5475 3161 5554 forma;
3188 5474 3401 5554 Latinis
3432 5492 3540 5554 ust-

275 5565 416 5613 suut
472 5570 699 5623 gemma:
728 5595 747 5619 ,
806 5564 861 5610 et

276 5616 557 5682 cleuoit'ia.
621 5616 885 5678 Dicuntur
933 5616 1061 5679 item
1106 5624 1389 5691 isticque
1440 5618 1520 5671 vel
1584 5616 1857 5691 σύμϐολα.

280 5697 378 5750 Sic
408 5694 628 5749 Cra-ciae
659 5705 879 5763 praetor,
908 5707 1067 5762 quem
1102 5685 1462 5763 Leunelavins
1492 5701 1636 5763 saepe
1661 5685 1794 5754 prod
1807 5702 1866 5737 u-

278 5768 381 5834 cit,
413 5765 510 5833 ait,
555 5757 777 5835 recepta
806 5757 1286 5831 Constantinopoli
1323 5758 1538 5818 venisse
1588 5757 1642 5810 in
1671 5769 1866 5810 manus

924 5546 1072 5622 qua!
1120 5546 1601 5622 Gertnanicolatini
1634 5555 1865 5622 _vocant
1969 5546 2116 5622 tatze,
2147 5557 2202 5602 et
2228 5551 2521 5622 unionibus
2551 5548 2830 5622 distincta,
2859 5560 2981 5600 cum
3011 5546 3192 5615 lapillo
3218 5546 3372 5622 rubri
3394 5548 3515 5600 colo

1968 5621 2042 5671 ris
2074 5620 2127 5670 in
2165 5619 2367 5671 vertice
2400 5618 2633 5687 capitis;
2687 5616 3055 5687 calce-amenta
3110 5630 3277 5687 cocco
3330 5616 3541 5679 tinctu;

1965 5689 2209 5766 gladius.
2249 5689 2439 5757 vagina
2468 5685 2555 5743 λιιι
2602 5685 2846 5742 coccinei
2900 5686 3100 5739 coloris
3154 5686 3333 5740 serico
3376 5687 3542 5749 facta,

1989 5767 2237 5812 ιύειιιιιε.
