4016 6208
596 308 737 372 1159

1769 307 2099 368 JOANNIS
2137 303 2670 366 CANTACUZENI

3635 311 3733 378 1160

592 417 807 488 publica
837 414 1119 488 vectigalia
1149 426 1357 473 vastata
1389 416 1614 488 regione
1642 417 1983 472 defecerunt.
2013 416 2164 470 Adde

2268 415 2335 468 τὰ
2379 415 2624 485 ἡμέτερα
2651 412 2902 468 τοσαῦτα
2946 414 3076 469 ὄντα
3117 414 3308 483 λέγειν,
3347 418 3432 472 καὶ
3467 421 3516 473 αἰ
3547 426 3738 492 πρόσοδοι

596 523 723 574 nuc,
752 509 898 576 quod
925 508 1188 578 epulenti,
1231 519 1286 564 et
1323 509 1670 579 imperatoris
1701 509 1943 565 defuncti
1983 510 2037 562 in
2069 525 2166 579 gu-

594 602 873 655 bernando
907 602 1237 663 administri,
1269 603 1356 657 alii
1390 604 1534 672 quod
1579 603 1707 657 mihi
1745 605 1967 666 vellent,
2001 618 2166 672 pecu-

597 693 700 746 niis
742 693 980 762 spoliati,
1025 704 1080 748 et
1129 695 1294 748 variis
1344 706 1502 748 antea
1549 695 1729 750 vexati
1771 695 1969 758 modis,
2013 708 2164 747 nunc

595 799 843 838 carceres
887 785 1176 838 incolunt:
1212 787 1302 838 alii
1360 785 1613 854 quoniam
1665 795 1955 842 cernentes
1998 799 2168 854 quan.

597 861 706 927 t'am
736 875 858 942 |vim
897 875 1366 936 incommodorum
1400 875 1502 930 hoc
1544 875 1742 930 bellum
1785 886 1931 930 esset
1961 877 2169 945 paritu-

599 980 717 1018 rntn
752 967 1090 1032 (quanquam
1135 965 1380 1033 ejusdem
1427 966 1669 1033 pritnarii
1707 974 1958 1019 auctores
2006 967 2167 1018 iidem

598 1056 700 1125 ipsi
741 1055 1011 1124 fuissent)
1060 1056 1213 1124 pacis
1260 1059 1591 1110 mentionem
1649 1057 1978 1115 intulissent.
2023 1058 2168 1111 domi

595 1163 763 1211 nunc,
789 1147 946 1215 jussu
997 1149 1235 1216 prmlecti
1279 1149 1513 1203 cubiculi
1554 1150 1766 1215 sedent,
1797 1149 1940 1218 quod
1964 1158 2018 1204 et
2048 1166 2173 1217 pro-

598 1231 874 1293 tost'ratori
908 1239 1073 1292 modo
1119 1239 1411 1310 contigisse
1454 1241 1730 1311 intelligo;
1767 1251 1820 1293 et
1856 1257 1980 1310 pars
2016 1255 2172 1294 exer-

593 1331 755 1392 citus,
784 1346 903 1399 quae
937 1331 1070 1384 mihi
1106 1332 1288 1385 favere
1322 1333 1436 1386 visa
1469 1342 1573 1396 est,
1601 1333 1797 1402 periit;
1831 1334 1998 1387 altera
2021 1348 2170 1400 pars,

598 1429 656 1473 ut
682 1427 962 1489 suspecta,
997 1422 1408 1486 contemnitur;
1443 1439 1564 1491 quae
1601 1431 1789 1484 restat,
1824 1423 2034 1477 modica
2065 1431 2169 1477 cst.

598 1508 750 1564 Unde
774 1512 976 1581 iigitur,
1007 1528 1213 1581 quaeso,
1272 1514 1562 1582 imperium
1603 1514 1952 1568 constituetis
1985 1529 2047 1567 ac.
2082 1513 2173 1566 lir-

598 1604 839 1663 tnabitis,
869 1620 993 1657 cum
1023 1605 1165 1673 quod
1192 1621 1287 1659 vos
1318 1606 1454 1659 tueri
1484 1622 1547 1660 ac
1586 1622 1804 1660 servare
1837 1605 2004 1676 possit
2035 1604 2172 1658 nihil

598 1696 877 1750 habeatis?
911 1699 1040 1762 Quae
1070 1697 1254 1750 omnia
1284 1707 1338 1752 et
1366 1712 1468 1753 vos
1501 1699 1828 1768 ponderare,
1862 1709 1918 1753 et
1949 1699 2174 1767 impera-

2269 507 2613 560 ἐκλελοίπασι
2652 506 2763 558 τῶν
2808 507 3000 572 κοινῶν
3042 507 3142 574 τῆς
3182 507 3358 578 χώρας
3401 510 3739 584 διεφθαρμένης,

2270 597 2413 666 Πρὸς
2447 597 2661 658 τούτοις
2692 596 2748 649 δὲ
2785 597 2878 650 καὶ
2911 598 2960 650 οἰ
2999 598 3140 664 μέγα
3173 599 3445 668 δυνάμενοι
3478 605 3561 656 καί.
3588 603 3743 673 βασιλεῖ

2271 689 2720 758 συμπράττοντες
2751 692 2885 760 προς
2913 689 3010 757 τὴν
3037 691 3210 760 ἀρχὴν
3227 732 3241 756 ,
3271 693 3320 744 οἱ
3354 693 3474 761 μὲν,
3498 694 3574 748 διὰ
3594 697 3669 767 τήν
3690 705 3745 760 εἰς

2269 781 2370 850 ἐμὲ
2418 779 2631 834 εὔνοιαν
2683 782 2978 849 χρημάτων
3025 781 3492 851 ἀποστερηθέντες,
3537 788 3613 838 καί
3650 791 3746 857 προς

2271 875 2464 940 πεῖραν
2491 873 2698 925 πολλῶν
2725 873 2988 941 πρότερον
3013 872 3196 925 κακῶν
3221 873 3472 940 ἐλθόντες,
3494 875 3574 929 νῦν
3594 879 3746 934 οἰκοῦσι

2269 963 2616 1033 δεσμωτήρια
2641 978 2656 992 ’
2689 965 2737 1015 οἰ
2770 965 2812 1014 δ’
2835 965 2915 1016 ὅτι
2949 965 3295 1032 ἐμνήσθησαν
3323 968 3554 1036 εἰρήνης,
3578 971 3748 1039 δρῶντες

2269 1049 2326 1106 οἵ
2361 1054 2542 1106 κακῶν
2578 1055 2607 1105 ὁ
2649 1053 2880 1123 πόλεμος
2942 1055 3223 1126 χωρήσει,
3259 1057 3432 1109 καίτοι
3480 1074 3536 1126 γε
3573 1061 3750 1114 κάκεῖνοι

2269 1145 2458 1196 τούτου
2495 1147 2801 1198 αἰτιώτατοι
2839 1147 3196 1216 γεγενημένοι
3217 1187 3232 1208 ,
3267 1149 3522 1216 ἄπρακτοι
3551 1151 3748 1219 κάθηνται

2272 1236 2328 1287 ὲν
2356 1239 2475 1298 ταῖς
2505 1237 2733 1302 οἰκίαις,
2763 1237 2907 1289 οὕτω
2937 1239 3405 1307 προστεταγμένον
3434 1237 3526 1291 ύπδ
3556 1258 3753 1311 napum.-

2275 1329 2568 1398 μωμένου’
2601 1327 2792 1397 ὥσπερ
2846 1329 3030 1382 ἀκούω
3085 1329 3181 1381 καὶ
3232 1332 3645 1400 πρωτοστράτορα
3687 1334 3749 1385 τὸν

2271 1419 2576 1486 Συναδηνὸν
2605 1420 2929 1472 πεπονθέναι
2963 1420 3077 1474 νῦν.
3108 1423 3216 1474 Καὶ
3245 1423 3277 1490 ή
3312 1423 3526 1491 στρατιά
3551 1423 3613 1486 δὲ,
3638 1425 3664 1492 ἡ
3687 1427 3753 1493 μὲν

2272 1509 2566 1580 διέφθαρτο
2585 1508 2814 1562 δοκοῦσα
2839 1511 3041 1562 εὐνοεῖν
3098 1513 3247 1578 ἐμοὶ,
3268 1513 3299 1580 ή
3323 1512 3375 1564 δὲ
3423 1514 3754 1581 ὑποπτευομένη

2273 1601 2580 1670 ἀμελεῖται.
2607 1600 2680 1653 Τὸ
2705 1599 3024 1670 λειπόμενον
3048 1602 3103 1654 δὲ
3129 1602 3327 1668 ὀλίγον.
3357 1603 3513 1656 Πόθεν
3533 1599 3610 1656 οὖν
3630 1606 3755 1655 οἴεσθε

2273 1691 2372 1762 τὴν
2403 1691 2579 1760 ἀρχὴν
2611 1693 2970 1760 συστήσεσθαι
3005 1694 3132 1762 ὑμῖν
3165 1695 3330 1763 μηδὲν
3358 1695 3554 1764 ἔχοντες
3581 1697 3668 1748 τῶν
3691 1698 3760 1749 σώ-

597 1788 741 1852 trici,
775 1804 838 1842 ac
872 1791 1214 1858 patriarchae,
1249 1791 1572 1860 exterisque
1613 1789 1892 1854 nuntiare,
1921 1804 2170 1842 commu-

2273 1782 2386 1848 ζειν
2408 1782 2718 1853 δυναμένων
2733 1784 2824 1849 ;"A
2850 1785 3026 1838 πάντα
3043 1785 3147 1854 χρὴ
3169 1787 3262 1838 καὶ
3285 1786 3421 1855 ὑμᾶς
3447 1786 3757 1855 σκεψαμένους,

597 1880 847 1947 niterque
901 1894 1087 1948 pacein
1144 1879 1482 1943 decernere,
1536 1894 1637 1934 nec
1695 1880 1890 1940 insano,
1944 1876 2172 1931 consilio

598 1969 760 2022 etiam
814 1969 1009 2037 parvas
1062 1973 1194 2024 istas
1249 1971 1586 2040 principatus
1639 1969 1871 2024 Romani
1918 1969 2172 2036 reliquias

598 2059 912 2127 disperdere
941 2068 1173 2129 oportet.
1202 2059 1337 2113 Cum
1366 2060 1522 2130 legati
1565 2059 1616 2112 in
1654 2075 1763 2114 uno
1793 2067 2004 2114 tantum
2036 2069 2172 2110 con-

597 2150 984 2214 tradixisseut,
1031 2152 1538 2220 allirmassentque,
1597 2151 2000 2221 imperatricem
2059 2161 2172 2201 non

597 2253 657 2295 ut
683 2243 732 2296 ei
769 2243 1135 2296 renuntiatum
1178 2253 1343 2306 esset,
1379 2244 1447 2296 ab
1487 2243 1812 2298 archontqu
1867 2239 2076 2312 judicio
2108 2251 2172 2292 ac

596 2336 868 2390 sententia
917 2338 1155 2406 pendere
1182 2351 1201 2389 :
1235 2337 1329 2390 sed
1375 2352 1470 2406 per
1504 2352 1561 2390 se
1601 2351 1726 2392 esse
1775 2350 1958 2390 rerum
2016 2333 2173 2388 dom-

599 2443 724 2480 nam
749 2468 762 2489 ,
791 2442 1017 2496 qua:th
1051 2427 1154 2480 sibi
1189 2427 1506 2481 viderentur
1530 2467 1545 2492 ,
1576 2442 1641 2482 ea
1676 2425 1882 2488 facere,
1915 2425 2172 2480 omnibus

597 2522 646 2575 ei
676 2531 929 2575 accurate
976 2520 1357 2574 obedientibus
1382 2535 1397 2572 :
1425 2519 1494 2572 At
1519 2535 1639 2590 ego,
1673 2518 1867 2588 inquit,
1889 2517 1988 2571 nisi
2016 2517 2176 2585 liqui-

595 2614 819 2668 dissitne
844 2614 1125 2666 scivissem
1150 2612 1280 2682 quid
1303 2613 1564 2677 dicerem,
1593 2611 1730 2665 nihil
1776 2610 1978 2666 frustra
2003 2620 2174 2664 teme-

599 2719 767 2772 reque
797 2704 1160 2772 protulissem.
1192 2706 1348 2770 Quod
1379 2705 1422 2759 si
1463 2719 1558 2758 vos
1593 2704 1877 2773 ignoratis,
1919 2705 1995 2757 rei
2025 2703 2173 2773 peri-

599 2800 780 2850 culum
803 2797 1030 2850 faciam.
1066 2795 1430 2867 Chrysobergi
1457 2797 1604 2851 enim
1645 2799 1822 2868 legato
1862 2811 1983 2851 meo
2019 2811 2172 2850 com-

600 2885 837 2944 mittam,
869 2900 988 2952 quze
1021 2885 1173 2938 solus
1206 2885 1306 2939 soli
1335 2885 1661 2954 imperatrici
1698 2887 1921 2951 indicet,
1951 2886 2096 2955 quod
2120 2896 2175 2939 et

601 2976 737 3029 alias
784 2976 1062 3029 consuevi.
1091 2976 1146 3030 Si
1185 2991 1247 3030 ea
1293 2977 1472 3032 facere
1523 2979 1592 3031 ab
1639 2979 1772 3046 ipsis
1815 2979 2174 3032 archontibus

603 3071 988 3136 pertuittetur,
1023 3077 1232 3122 certum
1274 3070 1398 3134 erit,
1439 3072 1604 3125 licere
1641 3073 1688 3124 ei
1720 3087 1842 3139 quae
1885 3071 2031 3126 velit.
2071 3068 2168 3124 Sin

2280 1877 2373 1929 καὶ
2403 1875 2663 1946 βασιλίδι,
2692 1877 2785 1928 καὶ
2816 1878 3160 1948 πατριάρχῃ,
3194 1879 3289 1929 καὶ
3321 1880 3426 1940 τοῖς
3453 1877 3606 1941 ἄλλοις
3631 1881 3759 1945 ἀπαγ-

2278 1960 2582 2036 γείλαντας,
2622 1967 2719 2037 τὴν
2760 1969 2983 2038 εἰρήνην
3025 1969 3372 2038 ψηφίσασθαι
3413 1974 3570 2039 κοινῇ,
3604 1971 3679 2021 καὶ
3711 1969 3761 2037 μή

2277 2059 2368 2113 διὰ
2395 2059 2758 2112 κακοϐουλίαν
2805 2060 2898 2111 καὶ
2923 2061 2990 2112 τὰ
3018 2061 3190 2130 μικρὰ
3219 2060 3442 2129 λείψανα
3466 2060 3628 2124 ταῦτα,
3649 2059 3760 2128 hri;

2293 2149 2579 2216 Ῥωμαίων
2615 2147 2994 2201 ὑπολέλειπται
3035 2153 3354 2218 ἡγεμονίας,
3375 2151 3660 2219 διαφθεῖραι.
3678 2150 3760 2200 Τῶν

2279 2240 2568 2310 πρέσῦεων
2611 2240 2690 2304 δὲ,
2734 2241 2869 2310 πρὸς
2911 2241 3066 2293 οὐδὲν
3108 2243 3297 2312 ἕτερον
3341 2242 3660 2294 ἀντειπόντων
3688 2240 3761 2292 τῶν

2279 2335 2606 2404 εἰρημένων,
2628 2335 2661 2404 ἢ
2687 2335 2768 2385 ὅτι
2791 2336 2825 2403 ή
2855 2332 3064 2402 βασιλὶς
3087 2334 3185 2404 οὐχ
3211 2334 3396 2404 ὥσπερ
3421 2333 3622 2404 ήγγελτο
3640 2333 3760 2400 αὐτῷ,

2279 2430 2390 2490 τοῖς
2414 2428 2745 2497 βουλεύμασι
2766 2426 2874 2480 τῶν
2893 2429 3171 2496 ἀρχόντων
3194 2427 3423 2482 ἕπεσθαι
3442 2427 3652 2495 ἀνάγκην
3667 2426 3761 2494 ἔχει,

2279 2517 2396 2572 ἀλλ’
2417 2518 2555 2588 αὑτὴ
2583 2518 2692 2570 τῶν
2721 2517 3065 2587 πραγμάτων
3095 2517 3232 2571 οὖσα.
3264 2519 3424 2588 κυρία
3444 2561 3458 2582 ,
3487 2518 3548 2570 τά
3570 2513 3762 2568 δοκοῦντα

2280 2613 2546 2682 πράττει,
2593 2612 2809 2666 πάντων
2853 2610 3217 2665 δουλευόντων
3263 2610 3531 2683 άκριόὦς,
3551 2608 3684 2662 οὐδὲν
3702 2604 3762 2667 ἂν,

2279 2700 2432 2757 εἶπεν
2465 2705 2587 2774 εἰκῇ
2623 2705 2719 2757 καὶ
2756 2705 2932 2774 μάτην
2969 2704 3291 2773 ἐξενήνεκτο
3324 2703 3450 2772 παρ’
3473 2701 3623 2772 ἐμοῦ,
3650 2701 3687 2750 εἰ
3713 2695 3764 2764 μὴ

2283 2795 2597 2865 σαφέστατα
2621 2796 2767 2865 ᾔδειν
2791 2794 2979 2864 ὥσπερ
3006 2797 3117 2864 ἔχει
3142 2796 3511 2866 εἰρησόμενον.
3534 2793 3589 2845 Εἰ
3608 2787 3766 2842 δἀὐτοί

2252 2915 2256 2922 ι
2281 2889 2526 2955 ἀγνοεῖτε
2546 2927 2561 2952 ,
2592 2892 2784 2956 πεῖραν
2813 2886 2922 2955 ἐγὼ
2953 2889 3248 2957 ποιήσομαι
3278 2887 3370 2939 τοῦ
3405 2886 3709 2956 πράγματος,
3729 2876 3768 2939 ἐξ

2279 2974 2349 3050 ἦς
2382 2979 2532 3032 ἔσται
2562 2979 2656 3031 καὶ
2685 2979 2811 3048 ὑμῖν
2843 2980 3148 3048 καταφανὲς
3177 2979 3466 3050 εἰρημένον
3491 2977 3650 3044 ὥσπερ
3672 2972 3766 3040 ἔχει.

2282 3072 2646 3144 Χρυσοὸέργῃ
2677 3073 2785 3140 γὰρ
2819 3071 2895 3140 τῷ
2933 3070 3062 3141 παρ’
3093 3072 3230 3140 ἐμοῦ
3266 3069 3602 3140 πρεσϐεύοντι
3631 3066 3768 3130 λόγους

601 3159 669 3211 ad
717 3173 776 3211 se
809 3159 998 3212 referri
1045 3161 1329 3229 jusserint,
1367 3177 1476 3214 non
1508 3161 1612 3214 alia
1658 3162 1906 3230 probatio
1929 3162 2175 3230 require-

2280 3163 2538 3232 ἀναθήσω
2585 3166 2766 3227 τινας,
2813 3160 2942 3214 ὥστ’
2974 3161 3168 3222 αὐτοὺς
3219 3163 3380 3230 μόνος
3429 3159 3557 3230 μόνῃ
3601 3150 3768 3224 βασιλίδι

604 3260 713 3310 tur,
740 3263 846 3315 qua
876 3262 963 3302 me
1003 3263 1190 3302 verum
1221 3249 1290 3303 de
1316 3251 1404 3303 illa
1427 3250 1635 3304 dixisse
1665 3255 2022 3319 cognoscatis.
2053 3250 2178 3306 llaec

602 3339 840 3402 locutus,
886 3339 1048 3393 simul
1077 3355 1200 3393 cum
1227 3340 1332 3395 illis
1361 3341 1790 3411 Chrysobergem
1836 3342 2020 3408 mittit,
2067 3343 2179 3397 die-

606 3430 708 3483 bus
759 3430 1070 3499 quindecim
1107 3431 1176 3486 ad
1223 3431 1634 3488 deliberandum
1685 3433 2000 3502 praeﬁnitis;
2051 3434 2176 3488 dein

603 3521 796 3575 νυοί-ιε
838 3522 1151 3590 praefectum
1182 3524 1454 3596 designat,
1481 3534 1538 3578 ct
1566 3526 1777 3579 Cralem
1810 3540 1905 3594 per
1935 3537 2178 3580 oratores

602 3613 828 3669 foederis
855 3615 1404 3688 juramentorunique
1443 3619 1734 3683 admonet;
1767 3633 1827 3671 se
1852 3633 1916 3672 ea
1957 3633 2178 3674 servare

603 3704 786 3767 docet,
815 3706 932 3774 ipse
962 3721 1033 3760 ne
1059 3707 1246 3772 violet,
1274 3716 1428 3777 rogat
1461 3726 1475 3760 ι
1502 3706 1600 3761 sed
1623 3723 1652 3760 a
1686 3706 2038 3762 Pheraeorum
2066 3707 2178 3778 jam

604 3794 706 3847 sibi
737 3795 1041 3850 deditorum
1077 3801 1480 3868 Oppugnatioue
1524 3799 1759 3863 desinat,
1801 3809 1858 3854 et
1903 3800 2046 3854 bello
2093 3810 2178 3855 at-

603 3886 863 3951 tenuatis,
889 3903 984 3956 pro
1015 3904 1081 3942 eo
1108 3905 1173 3941 ac
1202 3890 1395 3958 possit,
1425 3891 1722 3959 opituletur
1752 3907 1765 3944 :
1799 3890 2062 3946 Pheraeos
2082 3907 2179 3961 spe

607 3977 749 4030 bona
791 3979 1001 4048 implet,
1046 3981 1176 4034 dum
1227 3995 1287 4035 se
1337 3982 1490 4034 brevi
1528 3985 1596 4035 ad
1645 3997 1740 4037 eos
1783 3992 2094 4049 venturum,
2126 3991 2180 4037 et

604 4080 876 4138 quatenus
909 4073 1226 4142 indigeant,
1273 4075 1340 4128 iis
1378 4075 1754 4129 consulturum
1803 4076 2054 4145 spondet.
2086 4079 2182 4129 At-

604 4181 712 4234 que
749 4182 873 4220 cum
925 4167 1026 4220 hac
1075 4169 1370 4236 sponsione
1411 4178 1466 4223 et
1513 4170 1632 4223 illos
1675 4169 1882 4238 legatos
1915 4155 2178 4225 dimittit.

607 4255 886 4310 Momitzili
904 4269 1083 4311 autem
1101 4257 1301 4311 milites
1318 4260 1643 4315 abeuntibus
1659 4271 2032 4325 occurrentes,
2055 4276 2180 4330 par-

609 4359 716 4404 tem
745 4365 938 4404 eorutn
974 4361 1254 4419 ceperunt,
1283 4367 1346 4406 ac
1381 4353 1542 4406 rebus
1569 4353 1760 4406 ablatis
1788 4361 1974 4421 postea
2006 4355 2182 4406 nudos

607 4443 931 4497 dimiserunt
965 4461 978 4496 :
1013 4458 1137 4514 pars
1185 4444 1354 4498 altera
1400 4444 1654 4499 omnibus
1699 4444 1907 4501 relictis
1948 4445 2180 4514 impedi-

610 4535 826 4596 ιιιυιιιὶε,
858 4549 980 4589 cum
1011 4537 1095 4589 vix
1121 4536 1423 4606 effugisset,
1453 4537 1518 4590 ad
1545 4538 1926 4602 imperatorem
1963 4550 2178 4591 reversa

607 4634 711 4677 est.
734 4625 902 4695 616
936 4627 1038 4690 Qui
1069 4629 1326 4696 majorem
1363 4630 1418 4680 in
1455 4627 1672 4682 modum
1708 4630 1952 4682 irascens
1978 4665 1992 4693 ,
2035 4629 2176 4696 quod

613 4716 762 4768 urbis
795 4717 1093 4784 periculum
1131 4718 1365 4781 videbat,
1398 4719 1674 4786 quomodo
1707 4719 1961 4788 injuriam
2009 4719 2181 4772 maxi-

613 4822 753 4862 mam
785 4825 816 4862 α
857 4808 1150 4863 Motnitzilo
1193 4822 1608 4880 persequeretur
1642 4812 1939 4879 qua-rebat.
1972 4809 2180 4880 Bycen-

613 4899 708 4952 tini
739 4900 901 4970 legati
933 4900 1000 4953 ad
1048 4901 1345 4971 Augustam
1395 4903 1618 4967 reversi,
1655 4902 2010 4956 archontibus
2039 4903 2182 4971 lega-

609 4993 812 5047 tionem
857 4992 1258 5052 renuntiarunt,
1291 4979 1454 5062 atque
1501 4993 1664 5047 etiam
1708 4995 1914 5048 litteras
1951 4995 2183 5062 patriar-

612 5084 728 5138 Cha:
779 5085 1152 5140 reddiderunt.
1205 5085 1308 5150 Qui
1370 5103 1430 5138 se
1487 5086 1629 5140 felici
1675 5102 1836 5156 quem
1890 5088 2183 5155 sperabant

612 5193 866 5233 successu
892 5177 1181 5232 fruStratos
1212 5178 1524 5233 doluerunt.
1563 5180 1988 5249 Chrysobergem
2019 5193 2181 5249 porro

611 5271 931 5324 advocatum
985 5271 1410 5340 interrogarunt,
1461 5272 1502 5325 si
1550 5287 1687 5340 quos
1723 5272 1946 5326 nuntios
1995 5273 2181 5325 ferret.

615 5362 916 5431 lictspondit
949 5362 1059 5426 ille,
1107 5363 1173 5416 de
1204 5366 1479 5418 communi
1517 5380 1711 5419 eorum
1753 5365 2021 5436 legatione
2070 5379 2182 5418 non

614 5454 734 5524 plus
765 5455 964 5510 habere
995 5471 1054 5510 se
1085 5457 1228 5524 quod
1257 5460 1552 5523 nuntiaret,
1579 5473 1740 5528 quam
1779 5458 1834 5512 in
1872 5455 2066 5511 litteris
2091 5471 2182 5524 po-

613 5544 776 5598 situm
829 5557 971 5600 esset
1013 5565 1026 5601 :
1079 5549 1369 5617 separatim
1413 5549 1632 5614 habere,
1679 5563 1799 5616 qua:
1849 5542 2181 5616 imperatrici

615 5635 782 5696 dicat,
830 5653 948 5706 qua:
993 5639 1175 5705 jussus
1221 5639 1290 5694 sit
1335 5639 1458 5706 soli,
1491 5644 1707 5694 nemine
1759 5639 1865 5692 alio
1917 5647 2183 5708 praesente

587 5726 821 5804 _dicerc.
874 5728 950 5780 Illi
981 5728 1204 5796 instant,
1247 5741 1304 5784 ut
1336 5732 1438 5785 sibi
1472 5746 1537 5786 ea
1592 5747 1787 5786 arcana
1827 5733 2040 5802 detegat
2076 5747 2090 5782 :
2129 5741 2182 5784 ct

2279 3255 2668 3322 ἀπαγγέλλειν,
2703 3254 2891 3325 ὥσπερ
2924 3254 3088 3307 εἰωθα
3122 3256 3219 3306 καὶ
3255 3255 3514 3323 πρότερον
3545 3249 3702 3300 ποιεῖν.
3725 3242 3767 3294 Εἰ

2284 3347 2382 3415 μὲν
2419 3342 2513 3398 οὖν
2549 3344 2654 3398 ὑπὸ
2688 3345 2797 3398 τῶν
2835 3347 3111 3416 ἀρχόντων
3144 3343 3308 3396 τοῦτο
3346 3345 3588 3412 πράττειν
3619 3348 3774 3403 συγχω-

2281 3438 2444 3509 ρηθῑιο
2487 3435 2710 3507 εὔδηλον
2753 3437 2828 3500 ὡς
2870 3437 3076 3501 ἐξεινικκί
3119 3437 3261 3508 αὐτῇ
3304 3437 3554 3505 πράττειν
3587 3432 3698 3485 ἄττα
3728 3425 3772 3476 ἂν

2279 3532 2438 3604 ἐθέλῃ
2466 3548 2482 3564 ·
2511 3534 2577 3585 ἇν
2603 3531 2648 3585 δ’
2670 3530 2766 3600 ,ἐπ’
2790 3532 2966 3585 αὐτῶν
2998 3530 3267 3583 κελεύωσι
3297 3530 3422 3592 τοὺς
3451 3527 3620 3592 λόγους
3645 3523 3771 3580 ἀπατ·

2279 3603 2510 3694 γέλλειν,
2531 3623 2798 3694 μηδεμίαν
2819 3623 2904 3676 ἑτέ
2914 3638 3012 3692 ραν
3033 3619 3308 3684 ἀπόδειξιν
3327 3620 3502 3687 ζητεῖν
3521 3613 3603 3666 τοῦ
3621 3603 3771 3676 tnui

2281 3719 2412 3789 περὶ
2443 3716 2614 3785 αὐτῆς
2647 3714 2917 3785 εἰρῆσθαι.
2951 3711 3186 3764 Τοιαῦτα
3219 3708 3409 3772 είπὼν,
3443 3704 3770 3767 συνεξέπεμπεν

2281 3811 2464 3873 αὐτοῖς
2488 3810 2606 3878 ἅμα
2631 3808 2725 3860 καὶ
2749 3807 2838 3860 τὸν
2861 3803 3282 3876 Χρυσοόἑργην,
3305 3797 3665 3853 πεντεκαίδεκα
3682 3802 3774 3878 ape-

2282 3875 2771 3971 Oeopiav'ﬂpepaw
2806 3875 2941 3967 πρὸς
2974 3896 3262 3963 διάσκεψιν
3291 3891 3481 3952 διδούς.
3517 3887 3709 3940 Ἐκεῖνος
3733 3875 3771 3926 δὲ

2279 3997 2526 4067 Φεραίοις
2555 4011 2614 4046 τε
2646 3993 2880 4062 ἄρχοντα
2911 3991 3104 4059 ἐφίστη
3133 4029 3149 4054 ,
3183 3988 3282 4042 καὶ
3314 3983 3592 4056 πρεσὸείαν
3614 3979 3770 4070 ἔπεμπε

2283 4088 2420 4159 πρὸς
2451 4087 2674 4156 Κράλην
2692 4125 2708 4151 ν
2737 4086 2832 4137 καὶ
2862 4081 3252 4151 ὑπεμίμνησκε
3283 4079 3388 4131 τῶν
3416 4077 3580 4146 ὅρκων
3603 4087 3678 4122 και

2284 4156 2568 4250 συνθηκῶν
2589 4177 2696 4232 τῶν
2720 4176 2854 4246 πρὸς
2878 4175 3060 4228 αὐτόν.
3088 4166 3183 4235 Οἷς
3205 4172 3374 4232 αὐτὸς
3399 4168 3647 4237 ἐμμένων,
3667 4156 3772 4254 ἠξίοῗ

2283 4270 2530 4324 κάκεῖνον
2555 4269 2628 4338 μὴ
2650 4267 2908 4330 διαλύειν,
2933 4265 3400 4334 ἀλλ’ἀφίστασθαι
3440 4258 3653 4329 Φεραίων
3669 4253 3774 4311 ait“?

2283 4360 2819 4434 προσχωρησάντων,
2851 4357 2945 4410 καὶ
2979 4357 3117 4425 μήτε
3148 4355 3436 4424 πολεμεῖν,
3466 4351 3588 4406 ἀλλά
3612 4345 3687 4398 καὶ
3706 4341 3775 4437 ὃσξ

2281 4453 2484 4508 δυνατά
2536 4449 2882 4521 συναίρεσθαι
2932 4447 3103 4500 πολλά
3151 4446 3552 4515 κεκακωμένοις
3594 4438 3678 4490 ὑπὸ
3711 4448 3774 4482 του

2285 4543 2522 4613 πολέμου
2543 4559 2558 4573 ·
2593 4541 2773 4604 αὐτοῖς
2805 4557 2864 4593 τε
2897 4539 3146 4609 Φεραίοις
3180 4537 3404 4598 ἐλπίδας
3438 4529 3658 4587 ὑπετίθει
3682 4537 3776 4613 χρηξ

2285 4610 2571 4705 στοτέρας,
2607 4633 2682 4696 ὡς
2713 4632 2945 4702 τάχιστα
2977 4629 3307 4699 ἀφιξόμενος
3342 4625 3469 4696 παρ’
3491 4624 3685 4678 αὐτοὺς,
3712 4610 3777 4663 καὶ

2283 4726 2539 4796 προνοίας
2569 4725 2667 4793 τῆς
2705 4722 2929 4792 δεούσης
2964 4721 3233 4784 ἀξιώσων.
3266 4718 3503 4772 Τοιαῦτα
3543 4713 3626 4783 μὲν
3654 4710 3777 4796 ἐπίγ-

2282 4795 2603 4886 γειλάμενος
2635 4815 2909 4885 ἐξέπεμπε
2940 4815 3246 4876 κάκείνους.
3278 4813 3344 4864 Ol.
3373 4813 3436 4863 ἐκ
3460 4808 3546 4861 τού
3576 4795 3776 4869 Μομιτζί·

2282 4912 2376 4966 λου
2403 4911 2458 4963 δὲ
2484 4910 2705 4962 ἀπιοῦσι
2733 4909 3107 4977 συντυχόντες,
3133 4908 3262 4969 τοὺς
3289 4904 3388 4974 μὲν
3440 4903 3527 4955 καὶ
3551 4887 3775 4951 συνέλαῶν

2283 5005 2484 5071 αὐτῶν,
2515 5003 2608 5066 οὓς
2643 5002 2866 5070 ὕστερον
2895 5001 3171 5056 ἀπέλυσαν
3201 4997 3473 5067 γυμνούς·
3504 4997 3548 5046 οἱ
3577 4991 3642 5046 δὲ.
3669 4982 3801 5054 μόλις-

2284 5096 2562 5164 διαδρᾶναι
2589 5093 2925 5157 δυνηθέντες,
2955 5090 3022 5147 αὖ
3042 5107 3110 5152 ,ις
3141 5090 3274 5158 πρὸς
3307 5085 3522 5157 βασιλέα
3549 5077 3772 5141 ἐπανῆκον»

2286 5191 2468 5244 πᾶσαν
2501 5188 2864 5247 ἀπολέσαντες
2899 5183 3230 5252 ἀποσκευὴν,
3262 5180 3350 5249 ἐφ’
3372 5173 3450 5242 οἷς
3482 5180 3606 5242 ἄγαν
3633 5166 3774 5236 ἧκθ⁸τ⁰

2283 5281 2312 5333 ὁ
2341 5280 2588 5351 βασιλεὺς
2617 5279 2755 5349 ὁρῶν
2783 5277 2881 5346 τὴν
2907 5275 3060 5328 πόλιν
3087 5272 3514 5335 κινδυνεύουσαν,
3541 5263 3623 5317 καὶ
3645 5257 3772 5319 ἐζήτει

2285 5374 2430 5434 ὅπως
2473 5371 2732 5439 ἀμύνοιτο
2768 5367 3098 5438 Μομιτζίλον
3139 5365 3442 5436 βλάπτοντα
3478 5358 3541 5410 τὰ
3579 5353 3768 5439 μέτιῗᾚξ·

2287 5460 2350 5511 Οἰ
2389 5429 2452 5511 six
2495 5429 2790 5521 έυςαντίου
2912 5429 3398 5526 πρεσϐεύταὶ,ἑπεὶ
3432 5447 3558 5517 πρὸς
3587 5429 3770 5530 βασιλίξσ

2287 5549 2939 5618 ὲπανῆκον,ἁπήγγελλόν
2973 5565 3028 5600 τε
3063 5549 3172 5610 τοῖς
3215 5545 3442 5615 ἄρχουσι
3473 5539 3538 5592 τὰ
3575 5530 3682 5598 περὶ
3707 5533 3772 5585 της

2287 5622 2576 5712 πρεσϐείας
2598 5679 2612 5702 ,
2647 5641 2740 5690 καὶ
2771 5639 2836 5690 τά
2871 5639 3004 5707 πρὸς
3039 5637 3378 5706 πατριάρχην
3408 5628 3676 5718 γράμματα

2291 5731 2548 5800 ρείχοντο.
2595 5732 2655 5782 υἱ
2718 5729 2772 5782 δὲ
2814 5729 3042 5798 ήχθοντο
3085 5729 3441 5796 ἀποτυχόντες
3479 5718 3548 5774 ὧν
3581 5712 3770 5775 ἐνόμιζἰν
