4016 6208
223 355 356 424 tam
1353 352 1900 415 HISTORIARUM
1943 310 2182 414 LIBER
2223 355 2336 416 III.

217 467 670 540 κατωρθωκέναι.
708 466 1212 537 Μεταπεμψάμενοι
1250 465 1304 520 δὲ
1346 469 1437 519 καὶ
1484 465 1769 538 Χρυσοϐἐρ

1922 485 1968 521 ie
2001 467 2180 536 inepte
2221 476 2474 535 conetur,
2521 469 2665 540 quod
2708 468 2940 525 obtineri
2992 485 3102 526 non
3152 474 3349 541 possit.
3398 475 3476 528 Eo

215 577 325 631 την
347 561 598 630 ἠρώτων.
629 561 682 612 εῖ
702 577 754 612 τι
782 559 1150 626 ἀπαγγέλλειν
1179 559 1312 629 ἔχει.
1345 559 1404 613 ’0
1432 561 1510 625 δὲ,
1540 559 1668 631 περὶ
1696 561 1794 629 μὲν

1918 568 2272 622 Issevcrante,
2299 560 2432 614 nulli
2462 561 2616 615 alteri
2661 562 3093 626 enuntiaturum.
3132 561 3355 634 ﬂagellis
3388 580 3479 619 se-

213 653 317 720 τῆς
344 651 531 720 κοινῆς
558 649 660 720 ἔφη
689 649 988 720 πρεσϐείας
1013 650 1166 702 οὐδὲν
1189 649 1335 718 ἔχειν
1364 650 1526 704 πλέον
1551 650 1660 702 τῶν
1684 652 1795 712 τοῖς

1918 659 2048 704 :rets
2079 650 2165 705 illa
2194 667 2551 721 expressuros
2578 653 3017 709 intermittantur.
3043 653 3176 710 Cum
3207 655 3272 710 ad
3304 656 3481 710 minas

215 748 542 816 γράμμασιν
584 741 1058 812 ἐγγεγραμμένων
1097 741 1486 810 ἀπαγγέλλειν.
1521 741 1650 812 ’ἰδίᾳ
1674 743 1800 812 μέν·

1918 749 2071 794 ἱίίὶιέί.
2109 741 2530 810 imperterritus,
2565 744 2746 813 plagas
2782 744 3078 799 incutiunt.
3112 745 3160 799 Is
3195 741 3479 799 nihilomi-

215 852 300 888 τοι
336 835 472 904 πρὸς
503 834 748 904 βασιλίδα
778 835 968 902 λόγους
999 834 1150 896 τινὰς
1180 834 1344 904 ἔχειν,
1377 833 1471 898 οὓς
1501 833 1797 905 ἐκελεύσθη

1918 847 2025 896 ius,
2075 833 2324 901 quamvis
2360 835 2638 890 acerbiora
2684 836 2969 904 auderent,
3013 853 3072 892 se
3114 853 3311 891 arcana
3339 838 3485 892 cela-

221 927 452 995 μηδενος
497 926 684 993 ἑτέρου
727 925 1033 996 παρόντος,
1072 923 1208 996 πρὸς
1252 924 1421 994 μόνην
1457 923 1673 994 ἐκείνην
1705 923 1796 978 λέ-

1918 936 2088 981 turum
2121 926 2430 983 afﬁrmabat
2457 945 2471 982 :
2499 929 2880 998 scientemque
2905 930 3074 1000 probe
3107 945 3228 1000 qua:
3250 929 3303 984 in
3341 929 3486 983 Bru-

211 1035 361 1087 γειν.
404 1019 468 1071 Ol.
511 1018 556 1070 δ’
585 1018 866 1080 ἐκέλευον,
905 1016 1089 1084 λέγειν
1131 1015 1270 1087 πρὸς
1312 1015 1540 1081 αὐτοὺς,
1584 1016 1678 1070 καὶ
1724 1016 1800 1088 μὴ

1918 1034 2012 1073 λειω
2052 1020 2118 1074 de
2149 1035 2280 1088 pace
2324 1020 2557 1092 legatum
2590 1029 2749 1076 antea
2798 1021 3197 1093 designasscnt,
3235 1023 3303 1076 ad
3349 1036 3485 1090 qua—

215 1108 428 1180 ὶηρεῖν,
460 1109 695 1164 ἀδύνατα
727 1109 1000 1176 ἀξιοῦντα.
1035 1109 1142 1162 Τοῦ
1185 1109 1242 1162 δὲ
1297 1109 1467 1180 μηδὲν
1519 1109 1596 1179 τῷ
1631 1109 1802 1180 ἑτέρῳ

1918 1114 2232 1182 lemcunque
2305 1128 2497 1168 eorum
2579 1113 2924 1190 vexationem
3010 1114 3484 1184 petulantiamque

217 1203 456 1267 ἐξειπεῖν
497 1203 563 1258 ἂν
603 1202 1110 1275 διῖσχυριζομένου,
1158 1202 1418 1272 ἠπείλουν
1467 1204 1799 1274 μαστιγοῦν,

1918 1203 2273 1282 sufferendam
2314 1213 2628 1276 promptum
2683 1215 2736 1260 et
2777 1206 3012 1260 alacrem
3057 1205 3266 1260 venire.
3308 1205 3486 1276 Chry-

218 1298 318 1349 καὶ
369 1296 573 1366 ἐκφορα
623 1297 690 1350 τὰ
737 1297 1028 1370 ἀπόρρητα
1075 1299 1248 1350 ποιεῖν
1296 1297 1797 1368 προσαναγκάσειν.

1918 1297 2165 1368 soberges
2198 1297 2333 1352 adeo
2358 1297 2666 1368 intrepidus
2717 1304 2775 1352 et
2822 1296 2890 1352 ad
2935 1297 3218 1352 horribilia
3257 1312 3488 1367 quaeque

230 1390 324 1452 Ὦς
365 1389 421 1441 δὲ
462 1389 618 1442 οὐδὲν
659 1388 892 1442 ἐνεδίδου
940 1388 1077 1459 πρὸς
1119 1390 1219 1452 τὰς
1265 1389 1518 1455 ἀπειλὰς,
1565 1391 1658 1444 καὶ
1702 1391 1802 1453 τὰς

1918 1386 2224 1457 excipienda
2238 1397 2459 1458 paratus
2475 1398 2611 1444 erat.
2626 1385 2932 1443 Archontes
2955 1398 3010 1443 ut
3030 1389 3083 1443 in
3101 1404 3226 1444 aere
3241 1405 3300 1444 se
3315 1389 3488 1460 pisca-

220 1479 441 1547 πληγάς
479 1479 706 1547 ἐπῆγον.
747 1475 806 1532 ’0
843 1477 888 1533 δ’
914 1480 1068 1534 οὐδὲν
1099 1475 1262 1552 ἦττον
1294 1481 1531 1550 ἔφασκεν
1562 1482 1806 1551 ἀποκρύ-

1918 1474 1954 1529 ri
1977 1475 2247 1540 viderunt,
2279 1476 2480 1546 ipsum,
2511 1485 2566 1533 et
2587 1492 2745 1547 aquo
2759 1478 3032 1543 veniebat,
3057 1479 3242 1533 multis
3274 1479 3488 1548 probris

213 1569 345 1636 ιιειν
391 1568 458 1621 ἂν
507 1569 600 1622 καὶ
647 1569 929 1640 δεινότερα
975 1571 1271 1641 τολμῶσιν.
1320 1573 1511 1626 Είδότα
1561 1573 1672 1644 γὰρ
1717 1571 1806 1628 οἷα

1918 1568 2299 1623 consciderunt
2325 1587 2339 1623 :
2366 1569 2700 1641 homineque
2717 1569 2910 1625 eodem
2941 1571 3028 1626 die
3051 1571 3274 1625 civitate
3306 1569 3489 1640 pulso,

221 1660 363 1730 πρὸς
393 1661 635 1731 Βρουλᾶν
659 1661 760 1730 τῆς
792 1662 1016 1733 εἰρήνης
1046 1662 1214 1717 ἕνεκα
1246 1665 1512 1734 πρότερον
1539 1665 1808 1736 τετόλμη-

1918 1659 1978 1715 de
2028 1674 2095 1714 eo
2139 1659 2316 1731 legato
2368 1661 2513 1732 apud
2570 1661 2975 1732 impcratricem
3021 1678 3091 1718 ne
3156 1657 3494 1717 mutiverunt

218 1768 314 1805 ται
347 1752 604 1816 ἐλθόντα,
635 1752 808 1818 οὕτως
831 1755 990 1824 ἣκειν
1020 1759 1540 1828 παρεσκευασμένον
1561 1758 1668 1822 ,ὡς
1703 1759 1808 1812 πᾶ·

1918 1753 2148 1821 quidem.
2201 1753 2294 1808 Ille
2339 1755 2406 1809 ad
2442 1756 2827 1825 imperatorem
2879 1770 3153 1819 reversus,
3210 1755 3338 1823 quid
3383 1756 3489 1810 sibi

220 1859 329 1895 σαν
350 1845 561 1898 οἴσοντα
588 1847 832 1901 κάκωσιν
855 1849 950 1902 καὶ
976 1850 1284 1920 παροινίαν.
1310 1849 1368 1904 '0
1397 1849 1497 1920 μὲν
1517 1846 1612 1905 οὖν
1631 1850 1804 1914 οὕτως

1918 1846 2194 1902 accidisset
2212 1845 2473 1902 narravit.
2504 1822 2608 1914 Qui
2632 1850 2780 1917 pacis
2809 1864 2905 1918 spe
2925 1833 3190 1919 projecta,
3219 1822 3490 1904 Carellam

219 1934 494 2006 ἀπτόητος
519 1938 719 2007 ὼρᾶτο,
749 1940 843 1992 καὶ
869 1939 1006 2010 πρὸς
1029 1941 1329 2014 καρτερίαν
1351 1943 1808 2013 παρεσκευασμέ-

1918 1955 2033 1994 cum
2071 1939 2243 2010 c0piis
2283 1939 2442 2008 abiit,
2469 1940 2626 2011 cujus
2678 1941 2969 2011 praefectus
3014 1941 3492 2014 Contostephanus

217 2046 316 2089 νος
347 2028 455 2082 τῶν
488 2030 698 2088 δεινῶν.
734 2033 801 2088 Ol
835 2032 882 2088 δ’
905 2035 1028 2088 ἐπεὶ
1061 2035 1250 2106 ἑώρων
1283 2035 1568 2098 ἀδυνάτοις
1601 2036 1810 2105 ἐπιχει-

1918 2046 2017 2084 non
2048 2031 2318 2086 illibenter
2349 2033 2398 2086 ei
2432 2047 2492 2087 se
2521 2048 2645 2086 cum
2671 2033 2878 2103 .oppido
2906 2034 3126 2088 tradidit
3156 2073 3172 2099 ,
3207 2034 3263 2090 in
3299 2050 3408 2105 quo
3437 2044 3492 2089 et

215 2121 487 2191 ροῦντες,
523 2124 694 2179 πολλὰ
732 2126 815 2190 είς
855 2127 1020 2182 αὐτὸν
1054 2131 1149 2182 καὶ
1183 2127 1274 2182 τὸν
1311 2127 1616 2199 πέμψαντα
1653 2127 1808 2198 ὑϐρί-

1918 2121 2145 2179 Ioannes
2176 2123 2581 2179 Cantabolenus
2625 2140 2767 2179 unus
2809 2140 2840 2181 e
2873 2125 3189 2181 domesticis
3231 2129 3491 2194 Augustae

216 2231 443 2281 σαντες,
492 2215 683 2272 ἔπειτα
735 2217 1031 2290 ἐξήλαυνον
1077 2221 1179 2292 τῆς
1227 2221 1458 2286 πόλεως,
1495 2220 1808 2290 αὐθημερὸν

1918 2214 2178 2269 ministris
2210 2211 2478 2269 adductus
2510 2224 2614 2270 est.
2649 2215 2822 2290 Quem
2855 2217 3060 2282 subito,
3093 2217 3242 2272 nulla
3272 2233 3330 2271 re
3361 2231 3490 2288 spo-

219 2306 433 2376 μηδένα
461 2309 590 2379 περὶ
616 2309 717 2380 τῆς
744 2312 1037 2382 πρεσϐείας
1066 2313 1222 2382 λόγον
1245 2313 1628 2384 ποιησάμενοι.
1661 2311 1720 2366 '0
1747 2312 1805 2366 δὲ

1918 2305 2120 2369 liatum.
2146 2306 2461 2377 Byzantium
2484 2309 2726 2373 mittens,
2746 2325 2963 2365 rursum
2995 2319 3148 2381 rogat
3176 2309 3375 2365 bellum
3404 2324 3492 2364 se-

216 2399 366 2470 πρδς
416 2401 642 2472 βασιλέα
690 2406 759 2460 τὰ
811 2407 1158 2478 γεγενημένα
1211 2407 1557 2478 ἀπήγγελλεν
1610 2405 1804 2461 ὲλθὼν.

1918 2400 2052 2467 dari,
2086 2410 2141 2455 et
2178 2416 2248 2455 ne
2277 2417 2374 2472 per
2405 2412 2653 2457 mutuam
2690 2417 2880 2459 eorum
2938 2403 3349 2459 contentionem
3384 2401 3492 2456 Ro-

213 2493 494 2557 Κάκεῖνος
542 2496 643 2566 ἢδη
685 2497 786 2568 τὴν
831 2499 1056 2570 εἰρήνην
1100 2499 1395 2567 ἀπογνοὺς,
1445 2501 1807 2570 ἐστράτευσεν

1918 2494 2062 2548 mani
2099 2494 2314 2549 damnis
2355 2503 2664 2552 mactentur
2701 2497 3173 2568 irreparabilibus.
3219 2495 3491 2552 Ceterum

219 2583 321 2635 ἐπὶ
368 2584 658 2655 Γαρέλλαν.
702 2589 1146 2660 Κοντοστέφανος
1185 2592 1243 2646 δὲ
1283 2595 1312 2646 ὁ
1350 2592 1554 2663 ταύτης
1591 2593 1796 2662 ἄρχων,

1918 2585 2216 2657 patriarcha
2243 2595 2297 2642 et
2331 2587 2522 2658 reliqui
2562 2589 2787 2652 bellum,
2839 2598 2896 2644 ut
2935 2606 3170 2661 semper,
3197 2588 3492 2644 malebant.

216 2679 648 2752 προσεχώρησεν
685 2682 829 2736 ἑκὼν
861 2683 934 2752 τῷ
971 2684 1218 2755 βασιλεῖ,
1252 2687 1347 2740 καὶ
1383 2685 1672 2756 παρέδωκε
1707 2684 1806 2755 τὴν
1845 2683 2004 2736 πόλιν
2027 2698 2042 2713 ο
2071 2674 2189 2752 ἒνῇ
2221 2681 2316 2734 καὶ
2344 2681 2725 2752 Καταϐοληνὸς
2786 2683 3039 2755 Ἰωάννης
3068 2686 3204 2755 πρὸς
3269 2685 3496 2755 βασιλέα

215 2770 406 2843 ἤχθη.
444 2776 555 2829 τῶν
623 2779 851 2833 οἰκετῶν
920 2781 1020 2849 τῆς
1059 2781 1333 2850 βασιλίδος
1372 2781 1468 2835 ὧν.
1503 2784 1600 2835 Ὃν
1633 2781 1881 2851 ἔπεμπεν
1920 2779 2001 2843 είς
2037 2777 2330 2840 Βυζάντιον
2363 2777 2584 2844 αὐτίκα,
2627 2779 2854 2850 μηδενὸς
2899 2773 2975 2834 ὧν
3009 2777 3152 2851 εἶχεν
3185 2784 3496 2852 ἀποστερη-

213 2864 603 2937 θέντα,ὴξίου
649 2889 707 2924 τε
755 2868 911 2937 αὖθις
957 2873 1327 2929 καταλύεσθαι
1373 2875 1465 2929 τὸν
1512 2876 1768 2946 πόλεμον,
1809 2874 1902 2928 καὶ
1959 2855 2058 2943 μὴ’
2089 2871 2178 2926 διὰ
2205 2873 2305 2943 τὴν
2368 2872 2506 2942 πρὸς
2533 2872 2795 2943 ἀλλήλους
2824 2873 3005 2927 αὐτῶν
3071 2875 3401 2943 φιλονεικίαν
3429 2861 3500 2931 τά

215 2960 505 3031 ἀνήκεστα
545 2967 694 3021 δεινά
731 2970 1035 3041 Ῥωμαίους
1079 2971 1393 3041 ὑπομένειν.
1441 2971 1798 3044 Πατριάρχης
1871 2970 1928 3024 δὲ
1968 2970 2064 3023 καὶ
2105 2971 2157 3022 οί
2236 2970 2416 3022 λοιποὶ
2470 2969 2623 3023 οὐδὲν
2684 2965 2846 3042 ἦττον
2886 2971 2919 3042 ἢ
2963 2972 3230 3044 πρότερον
3267 2974 3499 3045 ᾑροῦντο

212 3058 362 3112 sale
371 3063 511 3130 μεῖν.

3334 357 3469 425 1162

1597 3181 1831 3240 CAPUT
1873 3182 2109 3237 LXXVI.

219 3296 468 3373 Casteila
508 3299 919 3373 dedita._Causa
948 3303 1248 3372 defectionis
1279 3310 1330 3356 et
1361 3303 1640 3357 deditionis
1669 3302 1930 3360 Batatzte.
1965 3303 2336 3357 Remuneratio
2382 3301 2524 3373 illitis
2553 3309 2600 3353 et
2623 3313 2994 3373 cognatorum.
3023 3301 3238 3357 Sultani
3265 3310 3499 3373 satrapa:

301 3368 669 3442 beneﬁcentia.
709 3368 1048 3426 Consuetudo
1084 3373 1302 3426 dilicuto
1328 3373 1650 3442 prandendi.
1683 3374 1875 3428 Chares
1904 3376 2037 3426 cives
2073 3383 2227 3426 terrm
2255 3382 2396 3424 motu
2427 3371 2491 3442 ob_
2520 3368 2943 3426 maledicentiam
2992 3376 3304 3442 puniuntur.
3343 3368 3500 3441 Igno-

300 3441 472 3493 scitur
500 3441 564 3492 iis
596 3439 662 3493 ab
697 3443 1039 3510 imperatore.
1068 3443 1206 3497 Muri
1233 3439 1421 3498 eam
1450 3442 1866 3510 rewdiﬁcantur.
1904 3442 2139 3496 Studiosi
2181 3439 2519 3510 imperatoris
2564 3439 3018 3504 exterminantur‘,
3063 3451 3113 3496 et
3160 3446 3231 3498 ad
3259 3439 3498 3510 impera-

303 3513 488 3563 tricem
523 3511 743 3565 reditur.

303 3658 572 3720 Βασιλεὺς
607 3657 663 3711 δὲ
701 3660 795 3712 καὶ
825 3659 926 3730 τὴν
959 3659 1202 3731 μεγάλην
1235 3654 1346 3713 εἷλε
1385 3659 1612 3730 Καρύαν
1649 3659 1816 3728 φρού-

1992 3655 2290 3724 lmperator
2325 3653 2608 3709 castellum
2654 3653 2925 3723 quoddam
2979 3669 3229 3724 magnam
3263 3653 3494 3725 Carya-nn

221 3753 351 3824 ριόν
403 3768 454 3804 τι
506 3751 786 3823 ὁμολογίᾳ.
838 3752 1008 3806 Ἔνθα
1059 3753 1390 3824 διατρίϐοντι
1457 3753 1550 3806 καὶ
1602 3769 1815 3824 πρωτο-

225 3845 475 3915 κυνηγὺς
517 3847 544 3897 ὁ
591 3844 872 3914 Βατάτζης
917 3845 1309 3917 προσεχώρησε
1357 3845 1495 3915 μετά
1533 3844 1642 3898 τῶν
1685 3861 1815 3913 συγ-

218 3939 410 4006 γενῶν
435 3937 601 3991 δντων
630 3937 731 3992 οὐκ
783 3937 980 4004 ὀλίγων
1002 3953 1016 3970 ο
1053 3939 1146 3993 καὶ
1173 3939 1292 3990 τότε
1364 3937 1665 3992 Πολύϐοτον
1719 3937 1814 3990 πό-

219 4030 316 4082 λιν
347 4027 628 4100 θρᾳκικὴν
659 4028 765 4082 ὑπὸ
792 4028 900 4082 τῶν
933 4028 1213 4098 συγγενῶν
1236 4028 1610 4098 κατεχομένην
1642 4042 1814 4096 προσ-

211 4121 340 4190 ·’ἧγε
395 4119 623 4189 βασιλεῖ,
653 4121 744 4174 καὶ
776 4121 1106 4190 Τηρῖστασιν
1138 4121 1198 4174 τὺ
1247 4119 1506 4192 φρούριον
1535 4120 1564 4172 ὃ
1595 4119 1814 4196 ,πρότε-

221 4231 332 4285 ρον
369 4213 551 4276 αὐτὸς,
585 4213 664 4266 ἔτι
690 4213 954 4284 βασιλέως
996 4211 1339 4285 ’Δνδρονίκου
1396 4213 1697 4281 περιόντος,
1733 4214 1812 4266 οῖ-

216 4307 411 4368 καίοις
435 4307 788 4377 ἀναλώμασιν
817 4305 1116 4376 ἐτείχισεν·
1148 4305 1351 4374 ἔφασκέ
1385 4321 1440 4357 τε
1491 4306 1566 4365 ὡς
1621 4305 1679 4358 ὲν
1714 4301 1814 4374 μὲν

216 4396 358 4457 ταῖς
388 4394 586 4464 ἀρχαῖς
610 4395 704 4448 τοῦ
734 4394 974 4466 πολέμου
1008 4395 1266 4465 μάλιστα,
1297 4393 1525 4462 νομίσας
1553 4394 1680 4464 περὶ
1725 4393 1818 4464 βα-

224 4485 398 4538 σιλέα
426 4485 902 4556 ἡγνωμονηκέναι,
936 4486 1170 4549 καὶτοῖς
1195 4485 1406 4538 ἐκείνου
1456 4487 1644 4539 παισὶν
1699 4484 1818 4540 ἀδί-

218 4593 352 4639 κως
407 4576 802 4644 ἐπιϐουλεύειν,
878 4579 972 4632 κα)⁸
1025 4576 1416 4648 παραιρεῖσθαι
1460 4575 1560 4648 τὴν
1613 4575 1813 4648 ἀρχὴν,

215 4667 545 4739 ἀποστῆναί
579 4686 638 4722 τε
667 4669 833 4723 αύτοῦ
887 4669 975 4724 διὰ
994 4670 1105 4724 τῶν
1140 4670 1514 4740 νομιζομένων
1577 4668 1814 4736 ἀδικίαν,

213 4759 339 4814 καὶ
371 4760 629 4830 πολεμεῖν
656 4762 845 4834 ἁπάσῃ
869 4761 1120 4832 δυνάμει·
1145 4761 1242 4816 τοῦ
1307 4761 1503 4831 χρόνου
1544 4760 1601 4814 δὲ
1632 4759 1818 4830 τριϐο-

216 4852 410 4923 μένου
441 4853 534 4904 καὶ
571 4852 678 4906 τῶν
719 4852 1008 4922 Ῥωμαίων
1043 4853 1430 4923 ἀπολλυμένων
1456 4850 1665 4915 ἀκλεῶς
1711 4850 1819 4904 ὑπὸ

1915 3746 2193 3803 deditione
2266 3743 2524 3814 acquirit.
2571 3742 2984 3810 lllic__vcrsanti
3021 3782 3027 3788 ς
3059 3753 3114 3799 et
3169 3755 3496 3801 venatorum

1915 3839 2166 3910 princeps
2198 3835 2442 3892 Batatzes
2466 3851 2588 3891 cum
2621 3835 2864 3907 cognatis
2892 3836 3056 3906 617
3083 3852 3192 3890 non
3224 3836 3412 3906 paucis
3439 3853 3498 3891 se

1915 3930 2164 4002 permisit
2194 3951 2206 3984 ;
2239 3937 2294 3984 et
2337 3926 2658 3998 Polybotum
2692 3928 2883 3982 urbem
2913 3927 3202 3981 Thraciam
3237 3944 3267 3982 a
3298 3943 3488 3983 neces~

1916 4023 2074 4080 sariis
2123 4022 2236 4077 suis
2274 4028 2614 4090 occupatam,
2645 4019 2698 4074 in
2733 4019 2979 4090 ejusdem
3017 4019 3177 4074 tidem
3212 4021 3441 4074 adduxit
3477 4039 3490 4073 :

1915 4112 2284 4170 etTeristasin
2317 4111 2818 4183 oppidulum,quod
2851 4111 2966 4182 ipse
2999 4111 3492 4182 priusimperator,

1915 4205 2039 4260 vivo
2066 4203 2400 4268 Andronico,
2431 4217 2530 4257 suo
2576 4211 2795 4272 sumptu
2834 4203 3005 4257 muris
3038 4200 3492 4257 circumdederat.

1917 4296 2018 4351 llic
2057 4297 2305 4351 Batatzes
2341 4296 2632 4359 fatebatur,
2679 4310 2738 4350 se
2787 4295 2840 4349 in
2881 4294 3180 4364 primordio
3219 4293 3347 4349 belli
3385 4293 3493 4348 hu~

1913 4388 2024 4458 jus,
2057 4404 2180 4445 cum
2214 4397 2430 4456 putaret
2475 4403 2599 4442 eum
2635 4387 2691 4441 in
2732 4391 3115 4456 imperatorem
3145 4383 3494 4441 demortuum

1917 4497 2039 4537 esse
2067 4479 2524 4552 ingratissimum,
2554 4488 2605 4533 et
2629 4478 2749 4546 ejus
2777 4478 2902 4532 ﬁliis
2928 4477 3188 4533 scelerate
3224 4477 3497 4540 insidiari.

1919 4576 2094 4645 iisque
2145 4575 2433 4644 imperium
2493 4572 2740 4642 eripere,
2781 4587 2842 4626 se
2885 4572 2953 4628 ab
2999 4585 3067 4628 eo
3116 4571 3403 4638 deiecisse,
3442 4582 3499 4626 et

1919 4673 2110 4719 contra
2138 4672 2400 4733 quantum
2438 4660 2700 4717 valuisset
2722 4658 3069 4732 pugnavisse.
3104 4660 3374 4729 Tempore
3403 4675 3500 4714 au-

1922 4767 2031 4813 tem
2061 4757 2298 4819 labente,
2329 4765 2383 4811 et
2413 4751 2676 4808 Romanis
2705 4753 2851 4814 nulla
2888 4767 3011 4808 cum
3048 4751 3208 4808 laude
3238 4751 3380 4807 bello
3413 4751 3498 4804 in-

1921 4846 2279 4911 tereuntibus,
2295 4859 2417 4898 cum
2450 4843 2788 4906 observaret,
2809 4840 2911 4912 ipsi
2939 4858 3261 4898 communes
3294 4833 3497 4896 Itoma-

210 4939 338 4996 τοῦ
368 4941 630 5011 πολέμου,
663 4943 806 5011 δρῶν
831 4942 906 5005 ὡς
938 4943 1147 5012 βασιλεῖ
1173 4943 1271 5012 μὲν
1311 4943 1377 4996 τά
1399 4959 1458 4994 τε
1526 4941 1816 5011 Ῥωμαιοις

1923 4953 2118 4993 norum
2171 4947 2226 4992 et
2251 4937 2547 4992 liberorum
2593 4935 2942 5008 imperatoris
2975 4935 3214 4990 rationes
3243 4933 3392 4988 cordi
3435 4949 3498 4987 ac

211 5034 399 5102 κοινῇ
427 5033 762 5100 συνοίσοντα,
812 5035 908 5087 καὶ
968 5036 1080 5097 τοῖς
1134 5033 1398 5104 βασιλέως
1457 5033 1816 5098 σπουδάζεται

1925 5030 2104 5085 studio
2139 5044 2291 5097 esse;
2324 5027 2583 5100 praefecto
2627 5038 2808 5084 autem
2853 5025 3130 5089 cubiculi,
3179 5035 3233 5078 et
3259 5023 3403 5089 aliis,
3441 5023 3496 5077 in

212 5129 424 5192 παισὶ,
491 5128 977 5197 παρακοιμωμὲνῳ
1033 5125 1090 5180 δὲ
1142 5125 1237 5179 καὶ
1295 5128 1405 5189 τοῖς
1458 5125 1640 5189 ἀλλοις
1710 5129 1821 5190 τοῖς

211 5220 440 5287 ἄγουσι
467 5220 573 5272 τῶν
629 5213 920 5288 Ῥωμαίων
971 5218 1070 5288 τὴν
1120 5217 1441 5288 ἠγεμονίαν,
1500 5218 1654 5272 οὐδέν
1703 5220 1818 5272 ἐστι

210 5306 549 5378 προῦργου,
581 5310 614 5380 ἢ
645 5311 851 5373 πάντας
882 5309 1301 5382 διαφθείραντας
1345 5309 1585 5374 ἐκείνους
1607 5310 1817 5380 ἄρχειν,

213 5399 513 5472 βασιλέως
548 5401 605 5454 δι
633 5401 728 5455 τοῦ
760 5402 946 5466 παιδὸς
973 5402 1150 5470 ὀλίγα,
1175 5403 1207 5474 ἦ
1231 5402 1382 5456 οὐδὲν
1410 5400 1814 5472 φροντίζοντας,

207 5493 338 5548 καὶ
375 5492 471 5560 τῆς
509 5493 618 5545 τῶν
648 5494 824 5547 ἄλλων
875 5495 1168 5567 σωτηρίας,
1207 5493 1430 5548 συνιδών
1485 5512 1544 5546 τε
1597 5495 1658 5546 ὲκ
1708 5492 1818 5546 τῶν

205 5583 570 5654 γινομένων,
604 5585 679 5648 ὡς
740 5587 938 5640 ἐκεῖνοι
1000 5586 1232 5640 ἀδικοῖεν
1295 5587 1388 5638 καὶ
1455 5584 1818 5654 διαφθείροιεν

209 5675 550 5748 φαυλότητι
576 5678 796 5746 τρόπων
823 5677 922 5746 τὴν
943 5677 1118 5747 ἀρχὴν
1155 5677 1466 5748 Ῥωμαίων,
1514 5675 1819 5744 ἀποστῆναί

211 5784 301 5824 τε
331 5768 580 5830 ἐκείνων,
607 5763 702 5820 καὶ
755 5769 1149 5838 προσχωρῆσαι
1181 5769 1412 5839 βασιλεῖ’
1434 5771 1608 5824 καίτοι
1635 5785 1694 5836 γε
1724 5785 1821 5837 με-

534 5864 806 5922 ιἈτιιοι..
845 5863 962 5921 (in.
997 5861 1205 5924 CLIII.

1921 5137 2154 5192 quorum
2188 5137 2349 5176 manu
2379 5130 2524 5176 esset
2551 5120 2865 5191 imperium,
2897 5118 3030 5172 nihil
3055 5131 3177 5174 esse
3209 5123 3317 5170 tam
3343 5125 3491 5185 opta-

1923 5222 2062 5276 tum,
2099 5227 2260 5282 quam
2304 5220 2366 5267 ut
2403 5213 2600 5269 occisis
2629 5210 2886 5264 omnibus
2916 5210 3016 5278 ipsi
3051 5215 3363 5280 regnarent,
3396 5207 3510 5268 iure

1921 5304 2192 5374 peratoris
2243 5319 2375 5360 vero
2424 5304 2579 5374 pueri
2627 5311 2682 5356 et
2717 5284 3061 5356 -cazterorum
3110 5301 3343 5355 salutem
3401 5315 3497 5355 eos

1919 5397 2070 5467 parvi
2101 5405 2194 5451 aut
2225 5395 2380 5450 nihili
2417 5395 2652 5466 pendere
2683 5412 2696 5446 :
2723 5407 2848 5447 cum
2893 5392 3024 5446 item
3054 5407 3120 5445 ex
3152 5391 3308 5446 factis
3338 5401 3497 5444 nota-

1924 5501 2026 5550 ret,
2055 5502 2174 5542 esse
2216 5486 2464 5540 homines
2500 5484 2792 5552 improbos,
2823 5492 2879 5538 et
2903 5483 3212 5550 [vitiositate
3245 5499 3341 5538 sua
3389 5485 3496 5536 Im-

1923 5579 2133 5649 perium
2169 5576 2472 5631 Romanum
2506 5573 2754 5644 perdere,
2785 5574 2854 5629 ab
2886 5573 2995 5628 illis
3021 5573 3087 5628 ad
3117 5575 3291 5645 ipsum
3319 5584 3498 5629 trans-

1923 5673 2088 5736 iisse,
2157 5667 2406 5738 quamvis
2467 5680 2660 5720 causas
2706 5665 2841 5735 ipsis
2890 5666 3143 5721 studendi
3195 5682 3303 5722 non
3348 5667 3498 5724 leves

1925 5766 2170 5820 luberet.
2200 5759 2335 5816 Nam
2366 5768 2419 5814 et
2447 5759 2558 5815 lilio
2581 5775 2681 5815 suo
2711 5760 3030 5831 patriarchae
3056 5759 3221 5816 ﬁliam
3251 5761 3490 5832 despon-

3049 5853 3128 5912 37
