4016 6208
623 313 754 377 1163

1803 310 1932 368 ,ΙΟΑ
1945 307 2130 367 NNIS
2169 306 2692 368 CANTACUZEXI

3647 313 3744 380 ιιδι

609 428 785 487 derat,
819 435 873 478 et
903 440 1055 478 suam
1095 423 1276 493 magni
1315 424 1469 478 ducis
1501 423 1609 478 tilio
1636 423 2018 492 con;unxerat.
2068 420 2174 475 Sed

2159 421 2174 473 l
2203 427 2249 482 Α
2279 423 2448 488 γάλας
2485 423 2738 492 ἀφορμὰς
2765 424 2901 493 ἔχων
2943 423 3041 492 τῆς
3062 424 3195 496 πρὸς
3242 423 3422 488 αὐτοὺς
3467 425 3666 490 εὐνοίας·
3691 432 3745 495 τῷ

599 517 850 585 quamvis
893 516 1151 570 aﬂinitate
1205 525 1258 571 et
1295 515 1700 570 necessitudine
1727 531 1848 568 cum
1885 513 1950 567 iis
1984 515 2054 567 ita
2090 529 2182 567 co-

600 605 822 675 pulatus
874 615 1049 669 esset,
1105 613 1284 658 tamen
1340 618 1519 657 mores
1570 619 1757 657 eorum
1817 600 2179 666 detestatum,

601 700 795 755 facere-
836 699 904 753 ab
951 699 1278 768 imperatore
1321 699 1497 753 malle.
1553 699 1854 768 Imperator
1903 701 2077 753 virum
2121 700 2184 752 li-

609 793 804 846 benler
835 792 1064 861 accipit,
1090 802 1146 845 et
1177 800 1288 846 tum
1322 791 1387 845 de
1413 791 1659 844 oratione
1691 792 1822 854 hac,
1865 802 1978 845 tum
2005 793 2072 845 de
2097 792 2184 860 ju-

605 885 748 940 dicio
778 884 977 953 gratias
1013 883 1139 952 agit,
1167 897 1402 951 eumque
1443 898 1540 951 pro
1579 884 1683 937 isto
1741 899 1864 953 erga
1893 899 1949 937 se
1977 886 2178 950 animo,

605 985 660 1029 et
705 975 848 1044 quod
888 974 952 1028 ad
1001 989 1127 1028 suas
1167 984 1346 1043 partes
1396 973 2177 1037 accessiSset,.remunerans,

603 1081 857 1136 magnum
893 1067 1391 1135 stratOpedarcham
1425 1077 1609 1132 creat;
1638 1067 1879 1137 cognatis
1913 1067 2032 1119 aliis
2064 1066 2176 1120 cui-

602 1173 707 1225 que
749 1173 845 1226 pro
875 1159 1122 1226 portione
1157 1159 1394 1214 honores
1438 1167 1493 1212 et
1541 1173 1750 1212 annuas
1787 1159 2064 1212 mercedes
2095 1169 2180 1212 at-

605 1247 810 1299 tribuit.
843 1245 969 1301 Post
995 1264 1116 1300 cnm
1154 1249 1246 1301 illo
1285 1246 1585 1301 Teristasin
1621 1247 1866 1308 veniens,
1891 1242 2176 1301 castellum

602 1354 668 1390 eo
713 1338 960 1392 tradente
1003 1349 1250 1408 occupat.
1298 1339 1550 1393 Finitima
1596 1354 1810 1407 quoque
1849 1339 2066 1392 castella
2125 1350 2178 1393 et

601 1426 857 1494 oppidula
911 1442 966 1481 se
1023 1427 1248 1481 dedunt.
1297 1429 1611 1497 Calliopolis
1676 1443 1728 1482 ct
1791 1430 2174 1495 llrxamilium,

601 1516 1278 1586 qualemcunque.potius
1354 1519 1694 1573 obsidionem
1761 1520 2173 1586 sustinendam,

603 1624 764 1677 quam
783 1609 1113 1663 deditionem
1139 1610 1184 1663 ei
1207 1610 1503 1664 faciendam
1530 1611 1870 1677 arbitrantia,
1892 1612 2171 1668 resistunt.

606 1699 800 1753 Adhuc
845 1699 900 1753 in
947 1701 1290 1754 Chersoneso
1335 1703 1617 1766 manebat,
1673 1717 1796 1756 cum
1861 1701 2176 1758 Sulimanus

2286 531 2344 565 τε
2383 514 2490 582 γὰρ
2527 514 2626 582 υίῷ
2675 515 2942 584 συνῴκισε
3005 514 3100 568 τοῦ
3169 517 3484 584 πατριάρχου
3527 517 3746 589 θυγατέρι..

2285 605 2386 657 καῖ
2409 605 2502 674 τὴν
2535 604 2698 658 αὐτοῦ
2734 605 2809 674 τῷ
2841 606 3076 674 μεγάλου
3102 605 3284 669 δουκδς
3311 606 3402 676 υἱῷ
3441 607 3630 671 ἐξέδωκε
3655 615 3746 677 πρὶν,

2285 693 2480 761 γάμον,
2511 692 2646 745 ἀλλὰ
2674 693 2767 748 καὶ
2812 696 2983 754 obsto;
3016 695 3153 763 ἔχων
3206 698 3503 762 συγγενείας
3540 699 3648 766 πρὸς
3681 703 3747 753 αὖε

2293 787 2424 847 τούς
2453 785 2545 839 καὶ
2576 785 2927 853 οἰκειότητά,
2967 786 3311 856 βδελύξασθαί
3334 803 3389 840 τε
3437 789 3544 850 τοὺς
3564 791 3750 856 τρόπους,

2286 877 2381 928 καὶ
2418 875 2516 945 τὴν
2559 875 2711 944 παρὰ
2743 876 2950 946 βασιλεῖ
3003 878 3280 946 διατριόὴν
3331 876 3528 929 ἑλέσθαι
3578 879 3744 946 μᾶλλον,

2282 966 2543 1028 Βασιλεὺς
2567 967 2622 1018 δὲ
2648 966 2898 1036 ἁσμένως
2925 983 2984 1018 τε
3022 967 3256 1031 ἐδέξατο,
3283 967 3371 1020 καὶ
3406 968 3502 1020 τῶν
3547 985 3596 1020 τε
3629 969 3754 1036 λόγων

2285 1058 2500 1127 καὶτῆς
2529 1057 2763 1127 κρίσεως
2795 1059 2953 1128 χάριν
2985 1058 3253 1128 ὡμολόγει
3277 1074 3292 1090 ο
3317 1058 3511 1128 καὶτῆς
3541 1060 3607 1120 είς
3642 1061 3756 1112 uitii:

2281 1148 2492 1210 εὐνοίας
2526 1149 2619 1200 καί¹
2651 1147 2744 1200 τοῦ
2789 1147 3308 1218 προσκεχωρηκέναι
3329 1148 3658 1218 ἀμειϐόμενος.
3691 1152 3756 1200 οὐ·

2283 1241 2362 1310 τῷ
2416 1243 2515 1311 μὲν
2573 1241 2671 1312 τὴν
2735 1242 2970 1311 μεγάλου
3032 1239 3488 1312 στρατοπεδάρχου
3539 1240 3759 1310 παρείχετο

2285 1334 2442 1398 ἀξίαν
2470 1351 2486 1368 ο
2518 1337 2633 1399 τοῖς
2662 1334 2843 1398 ἄλλοις
2875 1335 2932 1388 δὲ
2964 1335 3073 1386 τῶν
3118 1334 3410 1402 συγγενῶν,
3458 1333 3635 1402 ἑκάστῳ
3668 1336 3760 1385 ἀνα-

2278 1427 2453 1493 λόγως
2479 1427 2580 1488 καὶ
2601 1427 2766 1496 τιμὰς
2797 1425 3111 1496 παρείχετο,
3135 1429 3231 1479 καὶ
3258 1425 3528 1494 προσόδους
3557 1426 3758 1490 ἐτησίους.

2281 1512 2401 1572 εἶτα
2439 1518 2534 1570 σὺν
2569 1517 2762 1588 ἐκείνῳ
2787 1518 2864 1579 είς
2891 1517 3228 1588 Τηρίστασιν
3279 1515 3459 1579 ἐλθὼν,
3511 1517 3684 1584 ἐκείνην
3721 1533 3762 1566 τε

2281 1610 2696 1681 παρελάμϐανεν
2721 1652 2734 1673 ,
2778 1610 2986 1663 ἐκείνου
3047 1609 3442 1680 παραδιδόντος,
3479 1609 3561 1661 καὶ
3592 1607 3646 1660 τὰ
3678 1606 3765 1676 περὶ

2280 1704 2448 1772 αὐτὴν
2476 1703 2722 1772 πολίχνια
2752 1702 2843 1754 καὶ
2874 1703 2942 1754 τὰ
2969 1700 3204 1771 φρούρια
3261 1698 3622 1770 προσεχώρουν.
3663 1699 3763 1750 Καλ-

603 1807 744 1843 unus
775 1806 843 1844 ex
874 1791 1014 1845 Asiae
1037 1794 1288 1860 satrapis,
1323 1794 1411 1862 qni
1445 1793 1498 1846 in
1532 1810 1648 1846 eam
1686 1793 2023 1862 peniusnlatn
2053 1812 2172 1848 cum

2211 1765 2250 1822 Β
2280 1765 2562 1856 λιούπολις
2689 1795 2783 1847 καί¹
2805 1765 3123 1861 Ἔξαμίλιον
3149 1765 3410 1862 ἀντεῖχον,
3429 1765 3512 1843 καί
3533 1793 3675 1844 πᾶσαν
3693 1790 3763 1842 δεῖν

602 1881 846 1935 exercitu
879 1881 1188 1951 traiecerat,
1220 1881 1590 1952 AEgOSpotami
1629 1884 1683 1937 in
1720 1885 2050 1954 colloquium
2085 1903 2176 1940 vc-

603 1972 785 2037 niens,
828 1988 1018 2043 equos,
1057 1971 1230 2027 arma
1264 1985 1317 2028 et
1353 1991 1459 2028 non
1495 1977 1745 2046 exiguam
1793 1977 2026 2030 militum
2067 1994 2177 2032 ina-

606 2078 736 2116 num
765 2064 831 2118 ad
857 2065 1113 2119 auxilium
1139 2065 1186 2118 ei
1211 2065 1452 2120 donavit.
1482 2067 1525 2119 Α
1553 2083 1659 2136 quo
1688 2066 1921 2121 vicissim
1950 2070 2179 2123 comiter

603 2165 880 2225 acceptus,
940 2155 991 2209 in
1042 2156 1224 2211 Asiam
1263 2157 1442 2211 rediit.
1497 2159 1794 2227 quperator
1834 2162 2040 2230 reliqua
2084 2176 2179 2229 op-

601 2246 726 2314 pida
753 2247 808 2300 in
837 2257 1159 2316 potestatem
1189 2248 1436 2313 adduxit,
1470 2257 1524 2302 et
1554 2249 1875 2323 Hyriophyti
1902 2252 1955 2306 in
1987 2251 2180 2321 amplis

601 2338 828 2403 milibus,
859 2339 994 2392 duas
1035 2340 1471 2410 contignationes
1517 2342 1845 2398 habentibus
1894 2355 2178 2414 pernocta-

602 2433 700 2486 \it.
763 2432 1136 2487 Consueverat
1188 2442 1367 2488 autem
1421 2445 1643 2504 prepter
1697 2437 2018 2493 brevitatem
2071 2437 2178 2492 diei

603 2521 698 2587 (ut
729 2523 975 2578 hibernis
1006 2524 1320 2596 inensilms)
1349 2533 1404 2580 et
1435 2526 1578 2594 quod
1606 2543 1832 2582 necesse
1867 2539 1984 2583 erat
2012 2544 2182 2599 usque

604 2616 672 2669 ad
706 2624 920 2670 noctein
969 2630 1109 2684 equo
1170 2618 1410 2673 insidere
1446 2618 1614 2690 618
1655 2620 1796 2690 (non
1841 2623 1983 2676 enim
2029 2623 2182 2678 inve-

605 2705 854 2768 niebant,
881 2706 969 2758 ubi
1000 2705 1395 2768 descendentes
1425 2710 1779 2777 pranderent,
1816 2720 1924 2764 tota
1953 2711 2182 2767 Thracia

604 2797 662 2852 in
685 2797 1060 2862 solitudinem,
1097 2808 1288 2867 praeter
1336 2800 1520 2864 urbes,
1563 2801 1701 2855 bello
1745 2803 2022 2872 redacta),
2061 2821 2183 2858 mox

606 2888 724 2954 ipso
758 2888 995 2942 diluculo
1027 2891 1289 2958 prandere
1310 2930 1324 2954 ,
1354 2899 1407 2944 et
1445 2891 1526 2945 sic
1559 2893 1700 2948 diem
1747 2895 2049 2950 traducere.
2081 2897 2182 2952 Co‘

605 2977 834 3031 mitibus
867 2979 1048 3047 itaque
1075 2979 1140 3032 ad
1167 2979 1562 3034 observandam
1597 2989 2046 3040 consuetudinem
2082 2989 2181 3041 im-

607 3066 954 3134 pellentibus,
1004 3081 1111 3118 non
1144 3069 1358 3135 paruit,
1403 3068 1525 3123 cibo
1568 3089 1626 3123 se
1671 3073 1888 3138 quidem
1944 3075 2184 3146 indigere

605 3154 900 3220 aliirmans,
932 3171 960 3208 a
989 3157 1284 3225 semetipso
1312 3165 1493 3210 autem
1525 3160 1590 3210 ad
1625 3159 1924 3216 discessum
1959 3167 2136 3235 urgeri
2162 3193 2175 3223 ι

607 3247 900 3314 satimque
933 3245 1072 3315 jussi
1105 3261 1276 3315 equos
1331 3251 1796 3317 conscenderunt,
1834 3265 1890 3308 et
1921 3257 1988 3310 ad
2026 3263 2180 3330 oppi-

608 3337 798 3392 dulum
823 3337 990 3400 aliud,
1024 3335 1255 3391 Choram
1285 3337 1513 3404 dictum,
1541 3341 1882 3415 Myriophyto
1913 3363 2020 3402 non
2055 3366 2179 3418 pro-

605 3428 698 3484 cul
737 3438 1028 3493 remotum,
1076 3430 1221 3498 quod
1267 3432 1508 3486 nondum
1560 3449 1618 3488 se
1663 3438 1964 3503 dediderat,
2017 3457 2180 3496 vene-

607 3529 759 3572 runt.
796 3518 1098 3587 Imperator
1139 3534 1236 3588 per
1281 3522 1695 3578 caduceatorem
1745 3527 1891 3583 cives
1920 3531 2178 3599 ﬁsalutat,

607 3625 810 3680 eosque
853 3610 919 3664 ad
956 3610 1292 3665 deditionem
1329 3614 1594 3670 hortatur.
1627 3616 1707 3671 llli
1745 3635 1844 3688 pro
1875 3637 1961 3686 eo,
2015 3633 2070 3677 ut
2101 3639 2182 3679 re-

606 3701 932 3766 salutarent,
958 3701 1100 3754 malo
1129 3699 1240 3756 fato
1271 3702 1448 3772 ipsum
1481 3707 1768 3762 advenisse
1791 3711 1943 3765 aiunt
1972 3731 1984 3763 :
2017 3715 2060 3766 si
2091 3729 2183 3768 eos

606 3803 903 3864 oppugnet,
939 3807 967 3845 a
1001 3791 1170 3846 muris
1205 3792 1575 3864 impigerrime
1609 3814 1666 3853 se
1703 3799 2046 3858 defensuros.
2077 3804 2182 3860 Ca-

609 3883 887 3939 duceatori
957 3896 1051 3937 eos
1102 3885 1555 3952 reprehendenti,
1602 3890 1748 3957 quod
1805 3891 2183 3962 imprudenter

609 3990 774 4048 atque
815 3977 1150 4031 confidenter
1201 3979 1516 4048 imperatori
1563 3985 1819 4039 salutanti
1873 3991 2182 4058 responde-

613 4081 758 4135 rent,
789 4069 953 4124 alium
984 4085 1041 4124 se
1077 4071 1278 4126 habere
1313 4072 1698 4142 imperatorem
1727 4079 2000 4149 inquiunt,
2041 4083 2184 4138 Can-

613 4172 934 4216 tacuzenum
965 4161 1114 4214 nullo
1139 4161 1257 4216 loco
1291 4163 1492 4219 ducere
1525 4183 1537 4220 :
1568 4183 1800 4239 moxque
1824 4175 2184 4230 contumelias

614 4253 670 4306 in
715 4253 860 4306 illum
895 4252 1250 4321 ingeminant.
1286 4252 1430 4318 Quas
1479 4271 1601 4310 cum
1647 4259 1826 4314 adhuc
1871 4259 2184 4332 funderent,

616 4357 758 4399 terra
796 4346 974 4399 tremit
1011 4343 1344 4398 horribiliter
1374 4362 1386 4398 :
1413 4361 1520 4416 quo
1561 4358 1796 4405 tremore
1840 4354 2040 4408 mwnia
2085 4371 2184 4425 op-

2279 1885 2446 1958 ῷοντο
2481 1886 2684 1948 μᾶλλον
2741 1886 3033 1955 ὑπομένειν
3080 1885 3414 1954 πολιορκίαν,
3452 1883 3764 1952 ῆπροσχωρεῖν

2277 1977 2354 2046 τῷ
2383 1977 2608 2046 βασιλεῖ.
2639 1978 2759 2029 "Evt
2789 1976 2844 2029 δὲ
2871 1975 3017 2044 αὐτῷ
3042 1974 3170 2043 περὶ
3200 1975 3523 2045 Χερρόνησον
3545 1969 3766 2040 διατρίϐον-

2267 2080 2352 2135 τι,
2381 2069 2650 2139 Σουλιμὰν
2675 2070 2782 2122 τῶν
2818 2068 2960 2122 κατά
2994 2069 3094 2137 τὴν
3156 2067 3345 2120 Ἀσίαν
3401 2064 3656 2136 σατραπῶν
3696 2057 3764 2123 είς,

2280 2163 2359 2224 είς
2390 2161 2736 2231 Χερρόνησον
2771 2161 2906 2229 μετά
2940 2162 3200 2230 στρατιᾶς
3244 2159 3568 2228 περαιωθεὶς,
3619 2155 3768 2220 cava-gi-

2281 2271 2402 2308 νετο
2431 2254 2507 2324 τῷ
2535 2253 2744 2326 βασιλεῖ
2771 2253 2828 2305 έν
2875 2252 3037 2320 Αἱγδς
3106 2254 3389 2321 ποταμοῖς,
3420 2251 3506 2304 καὶ
3545 2251 3701 2308 ἵππους
3727 2262 3766 2297 τε

2283 2344 2595 2413 παρείχετο,
2626 2344 2722 2397 καὶ
2752 2343 2892 2396 ὅπλα
2918 2343 3066 2413 δῶρα
3097 2343 3192 2395 καί
3219 2340 3468 2412 στρατιὰν
3510 2340 3597 2392 οὐκ
3638 2337 3769 2402 ὀλίγην

2285 2437 2593 2504 συμμαχεῖν
2617 2450 2630 2464 ·
2664 2433 3078 2502 φιλοφρονηθείς
3102 2432 3159 2484 δὲ
3205 2431 3311 2484 ὑπὸ
3346 2430 3584 2500 βασιλέως
3606 2428 3678 2480 καὶ
3704 2426 3769 2478 αὖ·

2283 2526 2395 2592 τὸς,
2443 2527 2772 2594 ἀνέστρεφεν
2823 2525 2900 2586 είς
2965 2523 3064 2595 τὴν
3130 2524 3347 2578 Ἀσίαν.
3382 2521 3609 2584 Βασιλεὺς
3649 2521 3691 2574 δὲ
3723 2520 3768 2572 τὲ

2287 2621 2452 2688 μήπω
2481 2617 2948 2687 προσχωρήσαντα
2998 2615 3248 2685 πολίχνια
3278 2615 3448 2686 ἐπῄει,
3473 2616 3554 2666 καὶ
3589 2611 3772 2665 κατεδουο

2284 2709 2460 2776 λοῦτο,
2491 2709 2582 2761 καὶ
2611 2709 2746 2776 πρὸς
2824 2705 3174 2775 Μυριόφυτον
3217 2705 3406 2769 ἐλθὼν,
3446 2705 3663 2774 ηὐλίσατο
3704 2701 3771 2768 τὴν

2286 2798 2456 2852 νύκτα
2505 2801 2563 2852 έν
2596 2798 2744 2868 οἰκίᾳ
2787 2796 2999 2868 μεγάλῃ
3027 2795 3280 2866 διωρόςρῳ
3307 2812 3322 2826 ·
3359 2796 3547 2849 είθιστο
3569 2795 3614 2848 δὲ
3639 2794 3703 2847 διά
3729 2807 3769 2843 τι

2287 2893 2386 2962 τὴν
2415 2888 2728 2961 βραχύτητα
2753 2889 2852 2959 τῆς
2881 2889 3116 2958 ἡμέρας,
3142 2889 3350 2956 χειμὼν
3371 2889 3472 2958 γὰρ
3497 2885 3572 2958 ἦν,
3626 2887 3696 2939 καί
3732 2884 3772 2933 τὸ

2288 2985 2537 3052 ἀνάγκην
2565 2982 2708 3051 ἔχειν
2739 2982 2864 3051 ἄχρι
2899 2979 3095 3041 νυκτὸς
3121 2979 3361 3049 ἔφιππον
3385 2978 3532 3044 εἶναι,
3555 2979 3604 3032 οὐ
3624 2978 3704 3046 γὰρ
3727 2971 3772 3044 ἦν

2288 3079 2408 3130 ὅποι
2450 3075 2559 3129 τῶν
2588 3075 2770 3127 ἵππων
2809 3074 3122 3138 ἀποϐάντας
3169 3075 3396 3143 ἄριστον
3419 3070 3670 3143 αίρεῖσθαι,
3708 3067 3772 3130 τῆς

2286 3167 2506 3237 Θρᾴκης
2526 3167 2742 3236 ἀπάσης
2761 3167 2868 3219 ὐπὸ
2895 3166 2990 3220 τοῦ
3024 3168 3264 3238 πολέμου
3298 3165 3538 3234 ἀοικήτου
3553 3159 3774 3230 γενομένης

2285 3257 2425 3326 πλὴν
2451 3257 2560 3310 τῶν
2589 3257 2820 3320 πόλεων,
2853 3257 3164 3328 ἀρχομένης
3195 3256 3358 3319 εὐθὺς
3379 3254 3574 3326 ἡμέρας
3591 3249 3774 3322 ἀριστᾷνο

2287 3349 2382 3401 καὶ
2419 3345 2562 3401 οὕτω
2591 3348 2937 3418 διημερεύειν
2960 3367 2974 3381 ·
3000 3350 3049 3402 οἱ
3076 3351 3204 3417 περὶ
3239 3351 3403 3402 αὐτὸν
3425 3349 3478 3402 δὲ
3497 3346 3618 3401 κατὰ
3635 3340 3775 3400 τδιθος

2282 3439 2683 3506 ἀναγκάζοντες
2736 3444 2932 3504 ποιεῖν,
2957 3441 3056 3494 οὐκ
3084 3443 3321 3512 ὴϐέλησε
3343 3458 3355 3473 ο
3376 3441 3566 3492 δεῖσθαι
3586 3435 3665 3504 μὲν
3694 3446 3775 3500 τρο·

2283 3533 2390 3601 φῆς
2418 3531 2610 3594 είπὼν,
2647 3534 2950 3601 ἀναχωρεῖν
2982 3533 3037 3587 δὲ
3064 3534 3389 3601 ἐπείγεσθαι
3415 3531 3571 3594 οὕτως
3599 3525 3774 3594 αὐτομά-

2283 3641 2392 3685 τως
2417 3639 2432 3654 ο
2459 3624 2661 3677 αὐτίκα
2687 3640 2744 3676 τε
2772 3623 3050 3694 ἐπέϐησαν
3096 3625 3206 3677 τῶν
3266 3627 3446 3680 ἵππων
3499 3621 3773 3677 κελεύσαντος

2287 3718 2522 3780 ἐκείνου,
2555 3717 2804 3788 καὶπρὸς
2828 3717 3020 3787 ἑτέραν
3048 3718 3310 3788 πολίχνην
3355 3721 3412 3771 οὐ
3470 3716 3589 3770 πολύ
3629 3710 3772 3779 Stipa-

2286 3822 2385 3860 σαν
2426 3808 2803 3879 Μυριοιρύτου,
2857 3806 3055 3877 Χώραν
3101 3808 3625 3878 προσαγορευομένην
3656 3796 3770 3870 ἦλθον

2285 3898 2365 3951 ἔτι
2395 3899 2564 3968 μήπω
2619 3900 3092 3970 προσχωρήσασαν
3117 3915 3129 3930 ·
3183 3899 3403 3968 πέμψας
3430 3915 3482 3950 τε
3511 3899 3535 3948 ὁ
3562 3889 3769 3964 βασιλεῦ’.

2285 3992 2658 4062 προσηγόρευε
2689 3989 2814 4055 τοὺς
2849 3993 3092 4060 πολίτας,
3119 3993 3210 4048 καὶ
3239 3992 3466 4064 παρῄνει
3495 3983 3770 4059 προσχωρεῖν

2288 4081 2338 4132 εί
2369 4080 2416 4133 δ’
2455 4081 2575 4133 ἀντὶ
2595 4084 2990 4152 προσηγορίας,
3023 4085 3209 4145 κακῶς
3234 4084 3390 4154 ἥκειν
3428 4083 3614 4149 ἔφασαν
3641 4069 3769 4128 αὐτόν·

2289 4172 2487 4234 αὐτοὺς
2511 4172 2566 4226 δὲ
2589 4174 2915 4242 ἀμυνεῖσθαι
2942 4173 3335 4244 προθυμότατα
3365 4173 3427 4226 ἂν
3454 4173 3570 4241 ὲπίῃ
3590 4168 3674 4219 ἀπὸ
3694 4159 3766 4212 τῶν

2286 4263 2506 4334 τειχῶν.
2535 4262 2643 4316 Τοῦ
2672 4265 3110 4336 πρεσϐευομένου
3154 4266 3211 4318 δὲ
3266 4261 3675 4332 κατηγοροῦντος,
3717 4252 3770 4303 δτι

2287 4357 2530 4425 ἀνοήτως
2570 4356 2665 4409 καὶ
2697 4357 2942 4427 Θρασέως
2985 4358 3370 4429 ἀποκρίνοιντο
3428 4355 3614 4426 βασιλεί
3648 4360 3766 4416 πίθον

614 4437 724 4504 pidi
760 4436 1186 4508 procubuerunt,
1224 4436 1618 4508 domorumque
1651 4441 1880 4510 amplius
1910 4444 2028 4498 duae
2055 4461 2179 4514 par-

2217 4445 2258 4499 Β
2288 4449 2624 4520 αγορεύοντι,
2663 4449 2852 4521 ’ἕτερον
2895 4450 3110 4519 ἔφασαν
3169 4452 3372 4503 ἐκεῖνοι
3411 4446 3615 4518 βασιλέα
3651 4440 3767 4507 ἔχειν·

617 4539 721 4591 tes,
751 4538 806 4581 et
834 4527 1029 4595 sepulti
1059 4527 1212 4581 ruina
1242 4527 1438 4582 redium
1481 4546 1544 4583 ac
1575 4531 1834 4589 nitentium
1871 4535 2056 4604 plures
2083 4547 2186 4590 tre-

620 4620 810 4672 centis.
845 4619 946 4682 Qui
993 4619 1123 4670 salvi
1169 4621 1468 4687 restabant,
1504 4632 1653 4676 extra
1695 4625 1954 4694 Oppidum
1994 4644 2184 4684 accur-

617 4724 739 4763 rere
764 4710 1130 4775 obtestarique
1161 4725 1230 4762 ne
1259 4725 1316 4764 se
1345 4729 1468 4764 cum
1508 4713 1696 4768 liberis
1727 4719 1778 4768 in
1815 4719 2127 4773 servitutem
2155 4737 2182 4774 a

616 4797 868 4868 Barbaris
907 4794 1252 4863 abripiendos
1284 4797 1516 4852 deSerat.
1572 4799 1769 4853 Eadem
1805 4802 1958 4867 hora,
1995 4805 2184 4860 eodem

627 4898 787 4942 terrae
835 4893 983 4938 motu
1027 4883 1168 4936 aedes
1205 4883 1260 4936 in
1293 4885 1486 4952 quibus
1529 4901 1889 4956 pernoctarat,
1928 4909 1957 4946 a
1995 4895 2188 4948 funda-

623 4980 823 5034 mentis
853 4983 1198 5040 corruerunt,
1231 4975 1521 5045 divinaque
1551 4980 1890 5046 providentia
1922 4984 2065 5037 circa
2093 4988 2189 5038 iiii-

621 5077 928 5141 peratoi'em
959 5065 1152 5128 eluxit,
1181 5081 1301 5134 quae
1330 5076 1481 5120 certo
1511 5069 1750 5135 periculo
1781 5071 1956 5140 ipsum
1987 5074 2190 5128 libera-

546 5173 554 5176 ’
629 5163 724 5214 vit.
759 5158 813 5212 Si
858 5157 1001 5208 enim
1051 5155 1282 5210 comites
1330 5157 1608 5211 hortantes
1648 5161 1897 5226 audiens,
1931 5163 2040 5219 illic
2073 5165 2191 5219 cibo

621 5266 822 5319 corpus
865 5246 1168 5311 refecisset,
1201 5263 1322 5302 cum
1360 5264 1467 5303 non
1512 5253 1699 5330 paucis
1732 5254 1798 5308 de
1843 5258 1956 5310 suis
1999 5259 2189 5326 procul

625 5344 788 5396 dubio
817 5341 1048 5394 obtritus
1075 5341 1329 5410 periisset
1355 5357 1369 5406 ;
1407 5342 1542 5398 adeo
1588 5343 1748 5401 breve
1780 5357 1992 5417 tempus
2023 5348 2193 5405 inter-

624 5443 882 5488 cesserat.
909 5431 1026 5486 Jam
1063 5447 1193 5488 vero
1236 5449 1360 5488 cum
1389 5435 1544 5490 miles
1574 5439 1826 5508 oppidum
1861 5439 2096 5496 Choram
2139 5453 2197 5498 ut

621 5526 818 5579 hostile
858 5523 1014 5578 vellet
1041 5525 1296 5594 diripere.
1332 5533 1387 5580 et
1415 5524 1593 5582 Persae
1622 5532 1763 5598 quod
1787 5530 2052 5602 reliquum
2079 5547 2194 5592 erat

622 5617 822 5668 civium
864 5616 1134 5683 captivum
1178 5616 1378 5672 ducere
1426 5622 1872 5692 aggrederentur,
1904 5626 2196 5697 imperator

623 5705 1010 5771 supervenit-ns
1065 5709 1267 5775 vetuit,
1302 5713 1667 5783 oppidumque
1705 5717 1964 5774 intactum
2009 5736 2195 5776 serva-

2289 4543 2449 4595 αύτὸν
2479 4543 2534 4596 δὲ
2560 4545 2617 4595 έν
2647 4542 2873 4596 οὐδένων
2905 4543 3062 4611 άγειν
3097 4543 3286 4612 μοίρᾳ,
3316 4543 3406 4596 καὶ
3433 4541 3595 4609 ὕϐρεις
3631 4529 3773 4588 αὐτίκα

2289 4635 2545 4702 κατέχεον
2575 4633 2738 4686 αὐτοῦ
2772 4635 2989 4696 πολλάς.
3013 4635 3132 4686 Ἔτι
3165 4635 3222 4687 δὲ
3247 4639 3371 4704 περ’.
3397 4634 3487 4695 τὰς
3512 4619 3774 4697 ὐὸρειςὲκεί·

2291 4743 2394 4777 νων
2425 4725 2617 4789 ὄντων,
2663 4725 2885 4793 σεισμὸς
2944 4726 3152 4791 ἐγίνετο
3197 4727 3428 4790 εξαίσιος
3468 4719 3583 4782 οἶος,
3617 4714 3687 4768 καὶ
3727 4707 3772 4758 τά

2289 4833 2350 4868 τε
2422 4818 2578 4887 τείχη
2635 4819 2934 4870 κατέπιπτε
2967 4819 3066 4887 τῆς
3123 4817 3351 4880 πόλεως,
3393 4818 3482 4867 καὶ
3542 4811 3632 4862 τῷν
3676 4802 3772 4854 σειν

2292 4908 2367 4960 ὦν
2409 4908 2549 4979 ὑπὲρ
2575 4909 2671 4970 τὰς
2699 4907 2790 4960 δύο
2824 4908 3038 4976 μοίρας,
3073 4909 3169 4961 καὶ
3202 4904 3608 4976 κατεχώσθησαν
3631 4892 3712 4948 imi
3732 4903 3770 4937 τε

2291 5000 2398 5052 τῶν
2424 5000 2620 5069 τειχῶν
2648 5001 2741 5052 καλ⁵
2778 4999 2888 5052 τῶν
2919 5000 3107 5052 οἰκιῶν
3133 5001 3271 5070 ὑπὲρ
3301 4993 3632 5068 τριακοσίους.
3663 4986 3774 5035 ὐσεδ

2293 5092 2350 5146 δὲ
2377 5093 2632 5158 διέφυγον
2658 5090 2749 5144 τὸν
2783 5092 3053 5158 κίνδυνον,
3092 5093 3305 5162 βασιλεῖ
3340 5087 3674 5158 προσέδραμον
3713 5073 3770 5134 ἱξ-

2294 5180 2560 5245 ελθόντες,
2602 5182 2696 5235 καὶ
2732 5181 2940 5235 ἐδέοντο
2981 5182 3058 5252 μὴ
3086 5183 3223 5250 σφᾶς
3253 5182 3347 5233 καὶ
3382 5179 3534 5230 τέκνα
3579 5162 3770 5259 minias.“

2296 5271 2396 5322 ὑπὸ
2428 5269 2537 5323 τῶν
2571 5270 2858 5342 βαρϐάρων
2887 5272 3402 5344 ἀνδραποδισθέντας
3428 5268 3506 5321 ἄν.
3537 5263 3630 5330 Τῆς
3654 5255 3770 5344 αὖτίς

2295 5360 2351 5412 δὲ
2391 5361 2571 5431 ὥρας,
2602 5363 2706 5414 ὑπὸ
2735 5360 2830 5414 τοῦ
2866 5362 3090 5432 σεισμοῦ
3117 5363 3321 5414 ἐκείνου
3351 5362 3440 5414 καὶ
3463 5361 3494 5427 ὴ
3520 5351 3641 5407 οίκία
3657 5341 3768 5406 είςίὶν

2295 5453 2557 5522 ηὐλίσατο
2585 5455 2612 5505 ό
2649 5453 2902 5524 βασιλεὺς
2928 5455 3022 5525 τὴν
3052 5454 3244 5518 νύκτα,
3275 5452 3558 5504 κατέπεσεν
3581 5445 3633 5494 ἐκ
3659 5437 3767 5500 θίξιν

2297 5545 2444 5611 λίωνν
2475 5545 2570 5599 καὶ
2599 5547 2632 5615 ἡ
2679 5546 2808 5616 περὶ
2845 5546 3066 5615 βασιλέα
3093 5545 3186 5598 τοῦ
3226 5545 3356 5598 Θεοῦ
3386 5541 3590 5609 πρόνοια
3618 5529 3766 5596 ἐγίνετο

2298 5639 2635 5706 καταφανῆςν
2663 5637 2836 5700 οὕτως
2857 5641 2919 5690 ἐκ
2951 5638 3216 5706 προδήλου
3245 5635 3475 5690 κινδύνου
3511 5617 3769 5714 ρυσαμένῦγί

2303 5730 2350 5779 εί
2395 5728 2500 5797 γὰρ
2572 5728 2756 5798 ὑίσπερ
2811 5729 2858 5780 οί
2898 5728 3022 5797 περὶ
3068 5729 3230 5781 αιζτὸν
3285 5724 3556 5792 πδρῄκοιν,
3608 5711 3765 5778 ἄριστοι
