4016 6208
605 254 738 320 1167

1790 251 1919 312 JOA
1933 251 2114 311 NNIS
2152 249 2674 312 CANTACUZENI

3641 251 3734 330 uti

603 378 766 434 quem
824 360 1035 432 pridem
1097 369 1357 429 expertus
1423 339 1606 414 ft'terit.
1674 358 1972 423 Imperator
2038 359 2176 414 lecta

2151 373 2176 412 a
2208 359 2253 420 Α
2281 360 2388 428 ὅτῳ
2415 361 2651 426 ἔγνωκεν
2685 361 3197 416 ἀντικιθίστασθαιο
3232 367 3316 418 τὸν
3351 369 3492 422 mitte!
3514 371 3599 442 γᾶρ
3641 374 3737 433 εἶναι

596 455 822 526 epistola
870 454 1186 523 praelectum
1225 453 1543 521 Apriorum,
1597 452 1686 521 qui
1735 453 1871 506 forte
1903 455 2035 506 urbe
2060 453 2171 520 jam

600 546 784 600 dedita
817 547 1027 613 aderat,
1061 544 1128 598 ad
1172 545 1320 597 illum
1357 545 1541 604 mittit,
1579 559 1700 596 cum
1742 544 1941 598 litteris
1978 544 2204 616 Ιιιιῇυεο,

601 635 771 689 modi:
826 633 956 703 Legi
1007 650 1128 702 qua:
1178 635 1467 703 scripsisti,
1523 634 1775 700 przefecte
1810 634 2069 698 cubiculi,
2120 643 2173 689 et

598 726 904 777 eluecutem
944 739 1009 777 ex
1041 724 1104 778 iis
1131 725 1554 777 ostentationem
1604 733 1768 793 atque
1801 726 2171 794 arrogantiam

601 824 750 868 tuam
811 830 1140 883 magnOpere
1209 816 1506 869 admiratus
1562 832 1724 881 sum;
1794 817 1954 871 valde
2009 816 2177 887 620

600 907 745 960 enim
792 917 1004 959 mtatem
1059 915 1203 959 tuam
1255 907 1576 961 dedecoras.
1623 907 1758 962 Nam
1789 917 1849 962 ut
1883 923 2086 972 senex,
2105 912 2173 961 de

599 998 830 1051 audacia
863 998 1137 1066 pugnandi
1171 1007 1225 1052 et
1257 999 1537 1068 spiritibus
1568 999 1808 1055 debebas
1836 1001 2116 1054 remittere
2155 1018 2170 1066 ;

605 1099 661 1142 tu
692 1105 818 1143 vero
867 1090 1084 1158 juvenis
1117 1091 1359 1144 timidior
1391 1091 1598 1160 lepore,
1633 1108 1781 1146 nunc
1806 1093 1904 1148 a-vi
1931 1104 2174 1147 maturus

595 1183 744 1234 velut
792 1197 922 1251 aper
969 1182 1212 1236 furentes
1255 1198 1319 1235 ac
1366 1183 1633 1237 violentos
1670 1185 1841 1238 habes
1901 1185 2159 1254 impetus.

597 1273 710 1327 Nisi
743 1275 843 1327 lioe
874 1275 1042 1338 dicas,
1071 1283 1120 1326 te
1146 1274 1404 1340 juvenem
1441 1276 1691 1338 militem,
1731 1278 1892 1328 etiam
1919 1276 2170 1345 juvenili,

598 1375 653 1418 ut
693 1367 1075 1429 conveniebat,
1111 1365 1250 1417 fastu
1286 1375 1340 1418 et
1384 1366 1714 1419 etinﬁtlentia
1758 1368 1950 1422 fuisse.
2003 1350 2173 1422 Macte

567 1459 802 1511 .virtute
828 1457 898 1510 ob
923 1458 1230 1509 veritatem.
1281 1457 1492 1510 Etenim
1528 1472 1651 1509 cum
1730 1466 1840 1512 tota
1879 1458 1984 1510 vita
2021 1473 2173 1511 men—

599 1549 690 1602 tiri
737 1547 1118 1613 consueveris,
1169 1556 1223 1600 et
1281 1549 1360 1601 sis
1415 1557 1704 1603 concretus
1751 1564 1814 1602 ex
1866 1549 2172 1614 mendacio,

596 1655 764 1706 nunc,
803 1654 926 1693 eum
959 1639 1148 1692 dixisti
1202 1654 1286 1692 me
1318 1655 1478 1693 nosse
1515 1641 1605 1709 qui
1653 1649 1708 1694 tu
1755 1642 1850 1702 sis,
1887 1642 2172 1694 veritatem

2277 448 2336 500 ὃν
2395 450 2564 501 παλαι
2595 447 2726 503 οἶδε.
2761 450 3023 514 Βασιλεὺς
3063 454 3118 506 δὲ
3151 457 3268 506 ἐπεὶ
3291 457 3353 509 τὰ
3380 462 3634 529 γράμματα
3660 468 3744 519 ἀνί.

2277 554 2409 603 γνω,
2440 542 2530 591 τὸν
2565 539 2800 609 ἄρχοντα
2850 540 3114 610 Ἀπρίων,
3155 543 3211 606 ὃς
3252 546 3372 616 παρ’
3418 549 3543 618 αύτῷ
3580 547 3634 620 ἦν
3676 557 3743 622 τῆς

2277 630 2483 692 πόλεως
2507 633 3002 702 προσχωρησάσης,
3030 634 3242 702 ἔπεμπε
3264 636 3391 707 πρὸς
3419 639 3746 705 αὑτὸν,τοιαῖ,τι

2275 723 2690 786 ἀντεπιστείλας
2712 740 2726 756 ’
2769 725 3036 792 Ἀνέγνων
3085 743 3176 779 σου
3214 729 3281 781 τὰ
3308 736 3594 800 γράμματα,
3619 753 3744 805 παρα-

2276 813 2607 884 κοιμώμενε·
2661 814 2760 868 καὶ
2819 816 2918 886 τὴν
2963 816 3061 885 μὲν
3110 818 3418 890 ἐγκειμένην
3465 824 3744 893 μεγαλαυχίαν

2278 906 2372 956 καὶ
2415 906 2505 957 τὸν
2553 906 2724 973 τύορον
2790 906 3090 975 θαυμάζειν
3139 909 3364 977 μάλιστα
3411 912 3614 979 ἐπῆλθε·
3650 919 3745 968 πάνυ

2275 995 2380 1065 γὰρ
2412 997 2734 1067 ἀνάρμοστα
2791 1002 2855 1067 τῇ
2898 999 3085 1069 ἡλικίᾳ
3125 1001 3373 1070 πράττεις
3394 1018 3407 1032 ⁸
3433 1003 3534 1055 δέον
3561 1007 3661 1074 γὰρ,
3688 1008 3746 1059 διὰ

2275 1087 2335 1139 τὸ
2365 1090 2562 1157 γῆρας,
2601 1088 2692 1141 τοῦ
2721 1089 3073 1159 τολμήματος
3137 1091 3232 1144 καὶ
3280 1091 3372 1162 τῆς
3412 1096 3482 1157 είς
3509 1096 3586 1158 τὰς
3625 1099 3747 1166 μάχας

2275 1179 2539 1250 εὐψυχίας
2591 1182 2830 1251 ὑφιέναι,
2882 1184 2947 1235 σὺ
2986 1185 3031 1236 δ’
3063 1187 3120 1237 ἐν
3149 1185 3257 1256 ἧὸη
3293 1186 3387 1256 μὲν
3416 1183 3540 1256 ἦσθα
3581 1189 3749 1242 δειλότιο

2278 1272 2575 1342 ρος-λαγῶ,
2610 1272 2727 1325 νυνὶ
2782 1273 2828 1324 δ’
2857 1275 2914 1326 ἐν
2970 1274 3125 1344 βαθεῖ
3177 1277 3322 1347 γήρᾳ
3379 1277 3563 1340 οὐδενὶς
3601 1281 3681 1332 τῶν
3713 1285 3750 1333 ὲν

2275 1365 2460 1434 ἡλικίᾳ
2490 1366 2668 1428 δοκεῖς
2714 1367 3064 1438 ἀμϐλυτέραν
3097 1367 3247 1437 ἔχειν
3274 1369 3370 1434 τὴν
3421 1370 3601 1440 ὁρμήν
3647 1374 3752 1440 εἰμὴ

2275 1455 2430 1507 τοῦτο
2452 1455 2637 1525 φαίης,
2665 1455 2739 1518 ὼς
2773 1457 2889 1518 νέος
2917 1457 3260 1526 στρατιώτης
3309 1458 3400 1524 ῶν,
3452 1459 3610 1529 ῶσπερ
3652 1462 3753 1522 εἰκὸς

2277 1544 2490 1611 ἐκτήσω
2513 1546 2607 1599 καὶ
2667 1545 2786 1598 νέον
2834 1546 3024 1614 τύφον.
3074 1549 3186 1617 Τῆς
3241 1548 3475 1618 ἀληθείας
3515 1550 3563 1602 δέ
3614 1568 3658 1602 σε
3693 1553 3754 1603 καὶ

2278 1634 2418 1687 πάνυ
2459 1634 2697 1688 ἐπαινῶ’
2725 1635 2816 1689 ἀεὶ
2845 1637 2952 1706 γὰρ
2984 1635 3193 1700 εἰωθὼς
3227 1637 3374 1708 παρά
3405 1637 3489 1689 τὸν
3511 1637 3606 1708 βίον
3640 1654 3756 1689 xm-

597 1741 708 1785 tam
749 1733 895 1784 clare
932 1730 1180 1783 elocutus
1219 1743 1300 1793 es,
1348 1738 1404 1782 ut
1461 1729 1598 1782 nihil
1630 1744 1814 1799 supra.
1865 1729 1992 1784 Scio
2024 1729 2170 1783 enim

2168 1710 2572 1796 ιθψεύδεσθαι
2623 1727 2718 1780 καὶ
2787 1724 3119 1796 αὐτοψςῦδος
3181 1727 3279 1793 ῶν,
3342 1726 3430 1781 νῦν
3481 1745 3540 1795 με
3589 1727 3754 1794 palm:

596 1820 823 1890 Optime,
862 1834 926 1874 ex
958 1818 1102 1888 quali
1137 1829 1188 1872 te
1227 1819 1550 1873 conditione
1586 1819 1899 1883 extulerim,
1932 1834 1988 1874 et
2024 1821 2168 1889 quod

597 1911 807 1980 majora
835 1910 1005 1964 multo
1031 1926 1191 1979 quam
1225 1909 1412 1963 decuit
1438 1910 1490 1962 in
1519 1909 1788 1971 [emerita
1825 1911 2167 1966 contulerim.

597 2003 736 2058 Cum
767 2018 900 2057 vero
935 2003 1236 2072 imperator
1264 2002 1334 2055 ob
1367 2002 1666 2071 nequitiam
1705 2013 1850 2056 tuam
1896 2014 1950 2058 et
1982 2017 2161 2057 mores

595 2094 831 2148 vitiosas
871 2094 926 2146 in
959 2108 1234 2146 carcerem
1278 2103 1330 2147 te
1361 2093 1536 2147 iratus
1563 2094 1942 2158 conclusisset,
1985 2111 2084 2164 ego
2121 2106 2172 2152 te

595 2189 756 2242 venia
792 2189 1080 2257 impetrata
1111 2187 1317 2249 exemi,
1363 2200 1418 2241 et
1461 2189 1514 2240 in
1547 2189 1777 2257 pristina
1808 2188 2023 2243 fortuna
2056 2191 2168 2244 col-

598 2280 770 2332 locavi
802 2295 815 2331 :
844 2293 946 2332 nec
978 2277 1146 2331 semel
1185 2289 1392 2346 postea.
1421 2279 1514 2332 sed
1555 2278 1891 2345 frequenter.
1929 2297 2050 2335 cum
2086 2282 2174 2336 ille

597 2369 779 2423 debita
812 2369 1117 2423 sceleribus
1152 2371 1258 2422 tuis
1289 2369 1556 2438 supplicia
1589 2370 1829 2440 irrogare
1861 2372 2040 2434 vellet,
2074 2389 2174 2444 ego

598 2459 710 2525 illa,
752 2461 872 2529 ejus
905 2461 982 2512 ira
1042 2461 1286 2529 mitigata
1339 2475 1368 2514 a
1410 2462 1588 2530 capite
1631 2473 1729 2538 tuo
1772 2465 1965 2526 averti,
2015 2475 2174 2534 teque

597 2551 972 2620 compluribus
1018 2557 1120 2604 n‘ec
1174 2552 1494 2621 vulgaribus
1547 2557 1886 2610 ornamentis
1929 2559 2075 2612 auxi.
2111 2559 2177 2612 Et

604 2659 730 2699 cum
793 2658 878 2696 me
928 2642 1090 2695 toties
1136 2642 1450 2696 oli‘enderes
1495 2645 1823 2714 imperatore
1859 2648 1982 2701 vivo
2014 2658 2176 2718 atque

599 2748 818 2792 mortuo
853 2734 1018 2804 (quod
1069 2749 1169 2787 nec
1218 2742 1270 2787 te
1303 2735 1556 2799 oblittttn,
1591 2737 1742 2806 puto)
1779 2754 1968 2793 omnes
2000 2740 2174 2793 oli'en-

601 2828 785 2881 siones
826 2824 1146 2895 lleccipendi
1181 2864 1197 2890 ,
1231 2834 1286 2878 et
1325 2824 1469 2880 sicut
1517 2828 1738 2881 animali
1779 2829 2064 2885 dossuario
2111 2833 2179 2888 ad

601 2933 769 2976 onera
802 2926 1011 2970 tantum
1045 2916 1314 2984 portanda
1349 2924 1401 2971 te
1429 2933 1584 2980 usus.
1619 2918 1672 2972 lu
1706 2920 1952 2988 reliquis,
1978 2923 2022 2976 si
2049 2925 2176 2994 quid

601 3007 988 3078 perversitatls
1011 3005 1333 3071 adbiberes,
1363 3023 1470 3060 non
1496 3009 1705 3064 curavi.
1732 3009 1807 3065 Te
1837 3021 2016 3066 autem
2039 3017 2178 3069 adeo

601 3098 890 3168 insigniter
920 3096 1228 3166 improbum
1258 3097 1524 3160 futurum,
1555 3100 1662 3155 hoc
1684 3101 1860 3156 solum
1894 3107 2174 3174 explorate

600 3206 712 3244 non
771 3189 927 3243 scivi.
985 3187 1380 3243 Existimabam
1438 3190 1624 3255 enim,
1683 3191 1729 3246 si
1781 3196 2000 3250 occasio
2049 3198 2172 3252 data

605 3284 759 3341 foret.
824 3281 1202 3334 recordantem
1263 3281 1654 3336 beneficiorum
1715 3293 1821 3338 tam
1879 3288 2170 3344 multorum

603 3385 1057 3443 magnorumque,
1095 3388 1164 3426 ne
1205 3373 1419 3441 corpori
1451 3374 1670 3442 quidem
1720 3385 1812 3430 tuo
1850 3394 1967 3434 mea
2005 3395 2168 3436 causa

605 3481 916 3537 parsurum.
958 3465 1029 3518 At
1070 3473 1129 3518 tu
1183 3466 1513 3520 omnimodis
1563 3469 1892 3523 contrariam
1923 3471 2171 3529 institisti

601 3558 768 3621 viam,
802 3566 857 3611 et
901 3555 1218 3611 hominibus
1255 3557 1436 3626 pravis
1481 3574 1545 3612 ac
1578 3561 1919 3628 perniciosis,
1961 3580 2173 3619 sermo-

602 3649 767 3703 nibus
806 3648 1171 3702 lraudulentis
1199 3658 1256 3702 et
1285 3649 1477 3704 callide
1527 3651 1803 3706 meditatis
1834 3655 2169 3724 olm-pendo,

605 3752 661 3796 et
699 3739 1190 3811 pollicitationibus
1236 3754 1332 3793 eos
1393 3739 1644 3796 maximis
1689 3741 2170 3813 circumducendo,

605 3831 710 3885 lioc
751 3831 951 3885 bellum
994 3845 1100 3883 non
1150 3828 1418 3894 minus_in
1449 3844 1741 3884 commune
1776 3829 2172 3902 Romanorum,

603 3939 768 3992 quam
814 3922 868 3976 in
905 3937 1085 3976 meum
1139 3921 1306 3974 unius
1337 3921 1568 3976 exitium
1604 3921 1865 3978 induxisti
1895 3943 1910 3979 :
1941 3942 2080 3994 quos
2113 3934 2174 3981 ut

605 4029 795 4066 eorum
859 4011 1152 4076 vecordia,
1211 4023 1266 4066 et
1328 4021 1417 4064 tua
1471 4013 1525 4065 in
1587 4013 1792 4069 amicos
1849 4015 2173 4074 inﬁdelitate

608 4104 988 4173 dignissimum
1038 4102 1171 4166 fuit:
1210 4102 1447 4157 tenebris
1494 4102 1772 4168 nimirum,
1815 4120 1952 4174 quas
1989 4124 2170 4164 mere-

610 4197 830 4257 bantur,
893 4193 1168 4248 damnatis
1215 4193 1470 4247 omnibus
1531 4205 1912 4252 remuneratus
1960 4214 2041 4255 es.
2093 4201 2171 4256 Te

605 4288 771 4356 igitur
805 4285 952 4348 novi,
1005 4295 1062 4338 ut
1099 4284 1204 4350 ais,
1236 4295 1289 4343 et
1318 4283 1392 4337 ita
1445 4285 1666 4354 quidem
1712 4271 1860 4353 novi,
1899 4299 1961 4343 ut
2005 4275 2170 4348 nemo

2270 1817 2469 1870 εἰδέναι
2515 1833 2574 1868 σε
2603 1815 2794 1882 εἰπὼν,
2836 1818 2979 1872 πάνυ
3025 1819 3262 1889 μάλιστα
3315 1817 3542 1887 ἐφθέγξω
3560 1817 3754 1887 τάληθές·

2271 1904 2388 1962 οῖδα
2413 1907 2523 1979 γὰρ
2549 1909 2735 1976 σαφῶς
2765 1907 2826 1972 ἐξ
2877 1908 2995 1972 οἵας
3051 1908 3225 1980 τύχης
3263 1909 3552 1978 ἀνειλόμην,
3595 1909 3670 1960 καὶ
3707 1907 3756 1968 ὡς

2312 2000 2479 2067 ξίωσα
2531 2000 2799 2072 μειζόνων
2833 2002 2867 2072 ἢ
2896 2001 3144 2072 προσῆκε
3169 2017 3186 2032 θ
3229 2001 3480 2072 βασιλέως
3521 2000 3570 2054 δέ
3598 1998 3668 2052 διὰ
3692 1999 3758 2065 τὴν

2274 2091 2588 2163 προσοῦσαν
2625 2091 2930 2168 μοχθηρίαν
2953 2092 3044 2145 καὶ
3068 2093 3177 2144 τῶν
3199 2091 3410 2163 τρόπων
3447 2091 3535 2160 τὴν
3562 2089 3757 2158 φαυλότηο

2271 2202 2361 2248 τα,
2383 2183 2746 2254 δεσμωτηρίῳ
2772 2183 3236 2247 κατακλείσαντος
3288 2185 3419 2254 πρὸς
3455 2183 3618 2254 ὀργὴν,
3646 2181 3757 2239 αὖθις

2274 2276 2540 2344 ἐξήγαγον
2569 2278 3073 2346 παραιτησάμενος,
3101 2278 3194 2329 καὶ
3253 2277 3387 2346 πρὸς
3435 2275 3523 2347 τὴν
3559 2274 3758 2344 προτέραν

2274 2371 2446 2436 τύχην
2475 2370 2824 2437 ἐπανήγαγον
2852 2384 2869 2403 ο
2898 2369 2991 2421 καὶ
3027 2371 3126 2438 ούχ
3151 2369 3321 2434 ἅπαξ,
3349 2367 3475 2421 ἀλλά
3501 2368 3581 2420 καὶ
3621 2363 3759 2417 πολλά-

2277 2476 2364 2521 κις
2405 2457 2629 2527 ὕστερον
2658 2458 2984 2528 βουλομένου
3013 2459 3108 2512 τοῦ
3157 2459 3416 2528 βασιλέως
3569 2455 3759 2523 πονηρίας

2275 2550 2602 2614 κολάζεσθαι
2629 2549 2818 2615 ἀξίως,
2857 2550 3021 2614 αὐτὸς
3067 2550 3446 2621 παρῃτούμην,
3471 2547 3661 2601 διαλύων
3693 2545 3762 2612 τὴν

2276 2645 2468 2714 ὀργὴν,
2499 2643 2594 2696 καὶ
2617 2643 2830 2696 πολλῶν
2860 2645 2960 2698 καὶ
2993 2644 3252 2715 μεγάλων
3279 2645 3455 2714 ἠξίουν
3477 2638 3760 2710 Marsum

2279 2738 2582 2806 πολλάκις,
2609 2739 2704 2792 καὶ
2740 2736 3002 2807 βασιλέως
3029 2737 3335 2807 περιόντος,
3365 2735 3450 2788 καὶ
3483 2733 3601 2804 μετὰ
3617 2732 3760 2798 τὴνπ-

2278 2831 2473 2902 λευτὴν
2509 2830 3041 2902 προσκεκρουκότος,
3090 2823 3165 2882 ῶν
3193 2828 3315 2882 ούδέ
3346 2828 3403 2881 σὲ
3454 2826 3612 2895 οῐομαι
3641 2821 3764 2875 ἐπιλε-

2278 2921 2500 2990 λῆσθαι,
2527 2921 2717 2975 ούδένα
2747 2921 2858 2973 τῶν
2893 2918 3318 2990 προσκρούσεων
3343 2917 3494 2986 λόγον
3519 2913 3761 2982 ἐποιούμην.

2279 3007 2391 3066 οἷόν
2421 3029 2524 3066 τινι
2555 3011 2680 3082 ζώῳ
2708 3012 2819 3064 τῶν
2844 3011 3166 3081 ἀχθοφόρων
3227 3010 3364 3078 πρὸς
3395 3009 3487 3079 μὲν
3510 3007 3563 3060 τδ
3599 3005 3763 3074 ἀχθοφο-

2283 3105 2395 3175 ρείν
2429 3103 2771 3172 κεχρημένος
2805 3101 2986 3169 μόνον,
3015 3101 3124 3152 τῶν
3156 3099 3201 3152 δ’
3227 3100 3401 3154 ἀλλων
3428 3099 3476 3150 εί
3496 3114 3542 3149 τι
3568 3095 3762 3166 πρόσεστι

2279 3195 2610 3265 δυστροπίας
2662 3193 2904 3258 ἀμελῶν.
2939 3194 3062 3246 Ὅτι
3114 3192 3170 3245 δὲ
3210 3195 3290 3254 είς
3337 3189 3569 3244 τοσοῦτον
3605 3182 3764 3255 {pellit

2279 3288 2511 3351 ἀτοπίας
2575 3286 2949 3349 ἐκπεσεῖσθαι,
2974 3283 3130 3338 τοῦτο
3161 3283 3324 3353 μόνον
3348 3283 3520 3354 σαφῶς
3547 3280 3628 3332 οὐκ
3647 3275 3762 3347 ᾗδεινο

2279 3377 2438 3448 ᾤμην
2469 3378 2577 3447 γάρ
2605 3393 2662 3428 σε
2693 3375 2811 3428 οὐδὲ
2844 3374 3062 3444 σαρκῶν
3118 3375 3434 3442 φείσεσθαι,
3483 3369 3649 3438 καιροῦ
3697 3380 3765 3415 κα-

2279 3468 2521 3536 λοῦντος,
2556 3468 2695 3538 ύπέρ
2729 3466 2864 3537 ἐμοῦ
2885 3507 2900 3532 ,
2925 3467 2987 3519 τὸ
3030 3467 3235 3534 πλῆθος
3288 3464 3603 3536 μεμνημένον
3643 3455 3767 3513 καὶτὸ

2283 3559 2512 3630 μέγεθος
2539 3559 2647 3611 τῶν
2677 3558 3008 3626 εὐεργεσιῶν
3027 3573 3041 3588 ·
3074 3559 3138 3610 ab
3168 3558 3214 3610 δ’
3248 3558 3368 3611 ἀντὶ
3406 3555 3589 3610 τούτων
3610 3551 3768 3621 ἐχρήσω

2280 3654 2392 3714 τοῖς
2421 3649 2856 3713 ἐναντιωτάτοις,
2884 3649 2981 3702 καὶ
3033 3648 3350 3719 μοχθηροὺς
3387 3648 3666 3717 ἀνθρώπους
3703 3639 3766 3692 καὶ

2279 3743 2378 3805 τὰς
2406 3743 2632 3811 γνώμας
2660 3742 3127 3810 διεστραμμένους
3189 3741 3488 3811 ἀπατηλοῖς
3535 3741 3614 3792 καὶ
3663 3748 3768 3801 περι·

2280 3835 2465 3906 ἐργοις
2495 3834 2676 3902 λόγοις
2705 3832 2975 3892 ὑπελθὼν.
3015 3834 3112 3885 καὶ
3155 3836 3279 3896 ταῖς
3304 3835 3414 3888 τιὶν
3451 3832 3682 3904 μεγίστων
3702 3828 3766 3876 ἑπ-

2279 3926 2560 3994 αγγελίαις
2586 3925 2937 3995 ἐξαπατήσας
2969 3926 3220 3978 τουτνονὶ
3252 3925 3344 3978 τὸν
3389 3923 3622 3993 πόλεμον,
3663 3917 3767 3970 οὐδὲν

2276 4014 2438 4091 ἦττον
2465 4021 2616 4086 κοινῇ
2649 4019 2790 4071 κατὰ
2834 4017 3142 4088 Ῥωμαίων,
3170 4019 3202 4089 ἢ
3228 4020 3350 4073 κατ’
3368 4018 3496 4088 ἐμοῦ
3520 4015 3764 4079 xeat-mm:

2277 4111 2374 4177 οὓς
2405 4111 2682 4177 ἀξιώτατα
2702 4110 2922 4182 ἢμείψω
2973 4111 3072 4182 τῆς
3121 4128 3181 4164 τε
3233 4112 3455 4167 ἐκείνων
3491 4102 3765 4173 “sian.

2278 4206 2372 4260 καὶ
2404 4207 2500 4275 τῆς
2529 4221 2610 4258 σοι
2646 4202 2954 4274 προσούσης
2992 4203 3122 4272 πρὸς
3163 4204 3291 4267 τοὺς
3339 4202 3518 4271 φίλους
3553 4196 3765 4254 ἀπιστίαι

2277 4297 2440 4365 ζόφον
2461 4297 2680 4351 πάντων
2717 4295 3270 4364 καταψηφισάμενος,
3300 4295 3486 4364 ῶσπερ
3509 4288 3630 4363 ἦσαν
3649 4285 3763 4350 ἄξιοι-

609 4378 827 4431 tnelius.
885 4373 968 4428 Tu
1025 4384 1214 4428 contra
1259 4389 1450 4443 parum
1501 4391 1588 4429 me
1637 4376 1842 4432 videris
1887 4395 2068 4435 nosse.
2108 4385 2168 4438 Si

2209 4409 2252 4466 ι)
2280 4389 2348 4442 Σὲ
2383 4387 2481 4458 μὲν
2513 4383 2628 4452 οὖν.
2663 4386 2851 4455 ὥσπερ
2895 4386 3054 4455 εφης.
3076 4389 3295 4440 πάντων
3342 4387 3561 4456 μάλιστα
3595 4378 3682 4447 ἐγὼ
3704 4392 3762 4466 re

608 4467 752 4520 extim
789 4466 960 4519 scires
997 4466 1088 4534 qui
1140 4479 1242 4535 ego
1291 4465 1416 4528 sim,
1449 4481 1555 4520 non
1610 4466 1748 4520 adeo
1790 4476 1840 4522 te
1880 4470 2014 4523 mihi
2064 4473 2176 4528 ini-

608 4574 775 4628 quum
839 4559 1136 4626 praeberes.
1210 4556 1276 4611 Et
1335 4558 1591 4628 quoniam
1653 4559 1795 4614 inter
1845 4562 1948 4618 alia
2008 4565 2173 4622 etiam

609 4647 871 4710 hortaris,
936 4658 993 4700 ut
1044 4648 1268 4700 domum
1324 4656 1593 4711 revertar,
1649 4657 1874 4718 propter
1929 4659 2171 4707 veterem

609 4737 907 4793 amicitiam
939 4737 1033 4791 tibi
1067 4739 1450 4806 obtemperare
1491 4749 1701 4793 certum
1733 4750 1818 4795 est
1848 4781 1863 4806 ,
1896 4757 1998 4798 nec
2026 4745 2176 4812 prius

609 4831 912 4901 quiescere,
966 4843 1129 4898 quam
1189 4828 1330 4881 intra
1379 4828 1600 4883 domum
1651 4830 1776 4885 sim.
1835 4832 1940 4898 Qui
1989 4844 2172 4890 autetn

609 4925 798 4980 divino
827 4923 980 4992 jussu
1015 4919 1383 4974 Romanorqu
1410 4931 1492 4976 est
1520 4921 1841 4991 imperator,
1873 4940 1994 4979 eum
2025 4927 2172 4982 nulla

612 5019 810 5071 domus
844 5016 1015 5084 magis
1043 5027 1206 5082 quam
1240 5009 1608 5066 Romanorum
1652 5013 1940 5084 imperium
1972 5017 2170 5086 decet;

607 5124 790 5191 quam.
813 5115 871 5160 ut
910 5104 1206 5176 ingrediar,
1250 5105 1394 5159 sicut
1437 5105 1647 5160 amicus
1681 5114 1740 5160 tu
1775 5107 1914 5164 bene
1958 5125 2167 5177 mones,

608 5211 724 5254 toto
782 5207 999 5268 pectore
1045 5194 1407 5260 contendam,
1457 5197 1618 5267 621
1652 5209 1950 5269 captusque
2004 5202 2171 5257 multa

607 5289 970 5361 pmnitudine,
999 5287 1145 5358 quod
1173 5296 1224 5342 te
1253 5285 1534 5342 effractum
1579 5289 1732 5342 senio
1764 5300 1870 5343 tam
1902 5292 2173 5350 laboriose

611 5381 718 5436 feci
778 5379 1092 5434 Heracleam
1161 5387 1382 5447 petere,
1439 5377 1729 5433 levandum
1786 5391 1838 5435 te
1890 5382 2172 5441 laboribus

606 5487 824 5535 censeo,
858 5481 912 5525 et
951 5471 1038 5524 die
1079 5469 1280 5524 abhinc
1327 5481 1522 5539 quarto
1555 5471 1671 5540 ipse
1718 5471 1783 5524 ad
1841 5483 1892 5528 te
1936 5476 2166 5530 veniam.

608 5561 771 5626 Tum,
813 5562 854 5615 si
901 5561 996 5614 tibi
1029 5561 1291 5630 placuerit
1341 5572 1464 5630 post
1501 5561 1898 5638 longiusculam
1927 5569 2168 5635 quietem

608 5642 822 5705 mecum
855 5651 1168 5722 conﬂigere,
1193 5667 1371 5722 neque
1399 5653 1539 5708 banc
1568 5656 1662 5709 tibi
1690 5658 1913 5726 gratiam
1948 5660 2167 5715 tardabo

1614 5839 1630 5876 ἡ

2276 4482 2502 4535 νὼσκω·
2536 4479 2601 4532 σὺ
2628 4477 2674 4531 δ’
2699 4477 2798 4546 ἐμὲ
2823 4479 2963 4530 πάνυ
3017 4495 3106 4547 μοι
3159 4478 3337 4542 δοκεῖς
3382 4473 3698 4550 ἠγνοηκέναι·
3731 4464 3764 4516 εἰ

2276 4572 2386 4644 γὰρ
2426 4573 2572 4634 ὅστις
2621 4569 2765 4640 ᾔδεις
2811 4568 2940 4635 ἐγὼ,
2999 4570 3098 4623 ούκ
3145 4570 3211 4624 ἂν
3250 4569 3420 4633 οὓτως
3479 4561 3762 4636 ἠγνωμόνεις·

2287 4663 2442 4717 Ἐπεὶ
2491 4660 2549 4714 δέ
2601 4663 2742 4730 μετὰ
2801 4662 2912 4714 τῶν
2962 4661 3138 4716 ἀλλων
3191 4663 3284 4716 καὶ
3332 4660 3506 4715 οἴκαδε
3548 4650 3763 4722 παραινά

2275 4752 2615 4818 ἐπανελθεῖν,
2640 4753 2782 4806 δοκῶ
2837 4769 2925 4823 μοι
2945 4753 3033 4806 διὰ
3089 4755 3186 4824 τὴν
3239 4755 3473 4824 ἀρχαίαν
3515 4751 3667 4819 φιλίαν
3705 4756 3763 4792 σοι

2275 4843 2661 4916 πειθήσεσθαι,
2683 4844 2778 4898 καὶ
2806 4845 2879 4914 μὴ
2897 4847 3026 4914 πρὶν
3050 4845 3357 4898 παύσεσθαι
3383 4845 3509 4913 πρὶν
3532 4838 3657 4896 ἐντὸς
3699 4845 3761 4897 ἴε·

2276 4938 2459 4993 νέσθαι
2487 4935 2582 5004 τῆς
2613 4935 2808 4995 οἰκίας.
2844 4934 3206 5004 Ῥωμαίωνδέ
3249 4936 3363 4988 δντι
3402 4933 3594 5003 βασιλεῖ
3629 4918 3763 4979 x5126-

2275 5047 2442 5100 σματι
2473 5027 2607 5082 Θεοῦ
2633 5026 2856 5094 οὐδεμία
2884 5027 3086 5096 μᾶλλον
3101 5027 3379 5098 ἑτέρα,ἢὴ
3407 5022 3661 5093 Ῥωμαίων
3673 5017 3760 5082 the

2277 5119 2436 5190 μονία
2454 5117 2602 5174 οἰκία
2627 5135 2732 5188 πρε
2745 5116 3174 5190 πωδεστὲραοῆν
3200 5119 3454 5172 εἰσελθεῖν
3505 5115 3656 5167 πᾶσαν
3677 5108 3761 5158 ἐτι-

2273 5211 2519 5280 δείξομαι
2550 5209 2809 5278 σπουδὴν,
2895 5209 3056 5272 αὐτὸς
3077 5211 3186 5262 τῶν
3213 5210 3383 5278 φίλων
3409 5207 3481 5260 ῶν
3513 5196 3754 5274 παραινεῖς·

2275 5304 2445 5356 πολλὰ
2467 5303 2523 5355 δὲ
2555 5301 2976 5372 μεταμεληθεὶς,
3013 5301 3096 5354 δτι
3128 5316 3185 5354 σε
3221 5300 3350 5352 δντα
3393 5299 3604 5368 γέροντα
3656 5301 3759 5352 ﬁ’?‘

2273 5395 2550 5449 εσκεύακα
2577 5392 2832 5448 τοσοῦτον
2861 5393 3022 5446 πόνον
3040 5393 3347 5462 ὑπομεῖναι,
3379 5391 3467 5442 καὶ
3495 5386 3612 5450 πρὸς
3640 5377 3757 5447 Ἡρά-

2274 5484 2463 5538 κλειαν
2487 5483 2682 5550 ἐλθεῖν,
2715 5483 2890 5551 ἔγνων
2920 5483 3032 5536 δεῖν
3057 5499 3116 5534 τε
3147 5482 3258 5540 ,τῶν
3290 5480 3463 5533 πόνων
3494 5468 3754 5528 ἀναπαύειν.

2273 5576 2368 5627 καὶ
2394 5577 2473 5638 εἰς
2505 5574 2775 5644 τετάρτην
2807 5573 3022 5645 ἡμέραν
3053 5571 3213 5636 αύτδς
3253 5556 3504 5639 ἀφίξομαι
3551 5561 3665 5631 πρὸς
3697 5552 3754 5604 σέο

2275 5668 2382 5720 Καὶ
2428 5667 2481 5720 εί
2538 5647 2620 5718 σοι
2682 5666 2888 5736 βέλτιον
2943 5667 3090 5720 δοκεῖ
3158 5659 3560 5733 διαγωνίσασθαι
3602 5645 3753 5714 πολλῆί
