4016 6208
335 347 360 412 1
373 350 474 415 169

1457 349 2003 412 HISTORIARUM
2043 351 2276 411 LIBER
2317 352 2420 412 Ill.

3442 351 3578 416 1170

327 456 652 528 ἀναπαύλης
697 455 1085 520 ἀπολαύεαντι,
1109 456 1232 509 οὑδέ
1260 455 1464 528 ταύτην
1507 475 1586 511 σοι
1615 459 1715 528 τὴν
1745 458 1905 530 χάριν

2011 471 2290 531 prrestare.
2329 460 2454 516 llmc
2489 462 2797 530 rescripsit,
2835 469 2891 514 et
2921 470 3110 529 quarta
3142 462 3266 516 luce
3303 461 3580 518 lleracltm

331 551 628 621 ἀπολνήσω
653 547 993 602 καταθεῖναι.
1018 546 1255 600 Τοιαῦτα
1286 549 1385 616 μὲν
1438 549 1751 620 ἀντέγραφε
1808 551 1904 603 καὶ

331 641 605 712 βασιλεύςο
641 639 779 712 μετά
823 639 880 692 δέ
927 640 1194 710 τετάρτην
1237 640 1296 706 ἐξ
1346 639 1562 712 ἐκείνης
1613 637 1776 711 ἦλθεν
1826 643 1907 704 είς

330 732 691 803 ⁸Ηράκλειαν,
723 731 818 784 καὶ
835 729 1150 800 περιέμεινε
1199 731 1306 800 πρὸ
1338 731 1466 785 ’τῶν
1497 731 1684 784 πυλῶν
1737 732 1907 794 ἑστὼς

329 826 417 894 ἐφ’
460 824 660 878 ἱκανόνο
700 824 823 876 ἐπεὶ
855 825 912 876 δὲ
949 822 1127 884 οὐδεὶς
1191 823 1544 895 ἀντεπεξῄει,
1607 823 1667 877 τὸ
1719 823 1906 905 λοιτρν

337 916 563 978 ὁδεύσας
591 915 691 983 τῆς
727 914 964 985 ἡμέρας,
991 915 1252 984 ηὐλίσατο
1283 917 1380 985 τὴν
1409 917 1579 970 νύκτα
1612 916 1766 987 παρά
1811 933 1908 970 πο-

327 1011 506 1078 ταμὸν
537 1009 1088 1079 προσαγορευόμενον
1118 1009 1413 1080 Ἀλμυρδν,
1446 1010 1651 1080 μεταξὺ
1693 1011 1908 1081 Σηλυμ-

333 1101 492 1170 ερίας
515 1101 607 1160 καὶ
634 1099 985 1170 Ἡρακλείας.
1021 1101 1114 1163 Εἰς
1144 1101 1242 1171 τὴν
1275 1103 1571 1173 ὑστεραίαν
1598 1103 1652 1156 δέ
1705 1105 1905 1172 ἐστραο

327 1192 666 1244 sor-£6506“
701 1191 853 1258 παρά
871 1191 931 1244 τδ
953 1193 1241 1260 Δαφνίδιον
1270 1193 1585 1263 λεγόμενον,
1643 1192 1771 1248 ἔνθα
1811 1194 1906 1264 βα-

331 1287 516 1346 σιλεὺς
568 1286 666 1354 μὲν
698 1284 879 1354 ἔμεινε
906 1286 1056 1355 παρά
1085 1285 1146 1337 τὸ
1174 1285 1542 1355 στρατόπεδον
1567 1287 1680 1355 ἅμα
1700 1287 1906 1354 ὀλίγοις

324 1376 437 1429 τῶν
473 1375 784 1445 Ῥωμαίων·
820 1377 853 1444 ή
884 1375 1044 1447 λοιπὴ
1065 1377 1122 1430 δὲ
1147 1377 1378 1446 στρατιά
1409 1377 1549 1446 μετά
1579 1379 1678 1448 τῆς
1712 1379 1907 1446 Περσι-

326 1471 432 1539 κῆς
481 1472 548 1522 τὰ
618 1470 744 1539 περὶ
801 1469 1096 1531 Βυζάντιον
1155 1469 1503 1540 κατέδραμον
1537 1470 1730 1534 ,πάντα
1771 1472 1904 1542 ἄχρι

311 1559 708 1631 Προποντίδος,
739 1561 832 1614 καὶ
879 1562 1165 1614 ἐκάκωσαν
1216 1561 1274 1622 ἐς
1312 1561 1379 1614 τὰ
1429 1560 1686 1630 μάλιστα.
1740 1561 1906 1616 ’Δπέο

324 1655 541 1708 κτεινάν
567 1670 626 1706 τε
653 1654 760 1721 γὰρ
783 1654 832 1706 οί
855 1653 1118 1724 βάρϐαροι
1139 1653 1425 1716 πλείστους
1465 1652 1561 1708 καὶ
1577 1654 1902 1724 ἠνδραποδί-

326 1762 513 1798 σαντο.
543 1744 844 1813 Φεύγοντές
875 1762 934 1798 τε
952 1744 1087 1814 πρὸς
1116 1747 1216 1815 τὴν
1249 1746 1531 1800 θάλασσαν
1556 1747 1651 1799 καὶ
1677 1747 1901 1810 πλείους

2007 562 2136 607 ante
2186 563 2370 620 portas
2398 553 2664 612 constitit,
2703 553 2885 622 ibique
2916 553 3008 608 diu
3044 553 3258 609 hostem
3287 567 3579 623 exspecta-

2006 646 2107 700 vit.
2140 644 2371 700 Nemine
2401 645 2467 700 ad
2503 661 2740 715 pugnam
2780 646 3110 714 prodeunte,
3162 646 3432 714 reliquum
3466 648 3576 698 (Ιιρί

2009 736 2062 789 in
2115 735 2311 791 itinere
2365 751 2602 806 ponens,
2640 743 2800 790 nocte
2845 736 2913 790 ad
2960 735 3182 789 ﬂuvium
3240 736 3574 806 Ilalmyrum,

2009 825 2308 898 Selybriam
2341 827 2483 882 inter
2529 835 2586 881 et
2651 823 2966 880 Heracleam
3002 826 3271 880 consedit.
3308 825 3578 879 Postridie

2007 918 2062 973 in
2097 919 2215 974 loco
2275 918 2634 988 Daphnidium
2691 918 2964 987 appellato
3013 919 3264 981 tetendit,
3327 919 3416 973 ubi
3464 920 3580 986 ipse

2005 1026 2130 1065 cum
2158 1010 2345 1080 paucis
2378 1009 2640 1062 Romanis
2665 1025 2726 1062 se
2755 1010 2951 1063 castris
2983 1010 3256 1063 continuit
3285 1027 3298 1063 :
3334 1011 3577 1078 reliquus

2009 1103 2281 1159 exercitus
2307 1117 2372 1158 ex
2407 1102 2588 1158 Persis
2619 1102 2982 1157 auxiliaribus
3009 1103 3126 1156 loca
3158 1104 3339 1156 omnia
3370 1103 3576 1173 Byzan-

2009 1194 2088 1248 tio
2123 1193 2351 1249 ﬁnitima
2399 1210 2570 1264 usque
2605 1195 2670 1249 ad
2715 1193 3110 1266 Propontidem
3141 1213 3266 1250 cum
3312 1198 3578 1249 extremis

2005 1285 2248 1341 cladibus
2289 1285 2605 1341 incursavit.
2655 1283 2990 1340 Occiderunt
3028 1288 3172 1340 enim
3220 1297 3274 1341 et
3332 1287 3578 1356 captivus

2007 1384 2308 1446 rapuerunt
2359 1376 2433 1430 illi
2492 1375 2715 1430 Barbari
2765 1378 3023 1430 mortales
3072 1393 3235 1446 quam
3269 1377 3573 1445 plurimos:

2007 1469 2222 1536 pecoris
2253 1483 2473 1538 quoque
2505 1469 2612 1523 vim
2658 1468 2935 1538 ingentem
2973 1468 3292 1539 abegerunt,
3347 1480 3400 1523 et
3431 1469 3579 1522 vicos

2007 1574 2449 1628 magnonumero
2479 1569 2832 1614 exusserunt.
2865 1559 2968 1624 Qui
2998 1560 3063 1613 ad
3091 1575 3243 1614 mare
3275 1559 3576 1628 fugiebant,

2005 1666 2129 1704 cum
2162 1651 2215 1705 in
2249 1651 2460 1706 lembos
2527 1652 2802 1706 insilirent
2849 1653 3056 1723 plures,
3090 1668 3252 1722 quam
3304 1651 3430 1707 ferri
3470 1670 3582 1722 po-

2008 1750 2209 1806 terant,
2242 1743 2308 1796 ad
2348 1743 2462 1796 haec
2492 1743 2661 1798 etiam
2706 1759 2817 1812 prae
2849 1745 3091 1798 tumultu
3122 1760 3185 1797 ac
3221 1745 3581 1814 trepidatione

323 1834 690 1902 ἐμπίπτοντες
719 1836 777 1887 ἐν
806 1838 917 1898 τοῖς
941 1813 1186 1904 λέμσοις,
1243 1837 1276 1906 ἢ
1309 1837 1464 1899 ὅσους
1524 1835 1714 1906 φέρειν
1761 1832 1901 1907 ἦσαν

2007 1833 2250 1888 ordinem
2288 1835 2492 1888 nullum
2528 1845 2800 1900 tenerent,
2850 1836 2957 1889 illis
3003 1835 3209 1890 eversis
3265 1836 3582 1906 submergu—

324 1927 568 1993 δυνατοὶ,
591 1927 767 1988 ἄλλως
799 1945 856 1980 τε
885 1927 980 1980 καὶ
1013 1927 1116 1980 ὑπὸ
1138 1927 1232 1980 τοῦ
1261 1928 1493 1998 θορύϐου
1515 1928 1899 1993 ἀτακτοῦντες,

327 2017 700 2085 ἀπεπνίγοντο
734 2017 1188 2087 ἀνατρεπόμενοι·
1227 2019 1323 2071 καὶ⁸
1356 2021 1610 2081 παντοῖος
1638 2014 1706 2087 ἦν
1735 2019 1762 2069 ὁ
1782 2019 1901 2071 ὀλευ

326 2108 456 2174 θρος
503 2105 645 2158 κατά
668 2108 764 2176 τὴν
796 2106 984 2176 ἔφοδον
1014 2107 1254 2176 ἐκείνην’
1282 2107 1649 2178 βοσκημάτων
1700 2124 1758 2159 τε
1794 2109 1902 2178 γάρ

324 2199 535 2272 ᾖλασαν
562 2198 763 2265 πλῆθος
799 2201 899 2253 οὑκ
936 2199 1116 2269 ὀλίγον
1142 2202 1236 2254 καὶ
1266 2199 1589 2269 ἀνθρώπους
1618 2197 1904 2268 αἰχμαλώ·

322 2306 455 2352 τους
488 2291 545 2342 τὸ
570 2289 921 2360 βαρϐαρικόνο
961 2293 1055 2345 καὶ
1096 2293 1196 2354 τὰς
1245 2291 1503 2354 πλείστας
1556 2290 1664 2343 τῶν
1699 2287 1903 2360 κωμῶν

323 2379 656 2451 ἐνέπρησαν.
689 2383 851 2436 Αίτία
885 2382 941 2436 δέ
975 2383 1213 2454 μάλιστα
1243 2385 1342 2452 τῆς
1368 2381 1642 2451 τοσαύτης
1693 2381 1903 2452 φθορᾶς

325 2471 552 2539 ἐγένετο
601 2475 628 2527 ό
657 2474 830 2543 μέγας
876 2473 1021 2541 δούξ.
1062 2473 1244 2528 Πολλά
1300 2474 1410 2545 γὰρ
1473 2473 1905 2544 μεγαλαυχήσας

324 2565 425 2616 καὶ
453 2570 700 2635 φυσήσας
737 2567 822 2619 ὅτε
850 2565 1116 2636 ἐξήλαυνε
1172 2564 1497 2630 Βυζαντίου,
1549 2566 1645 2619 καὶ
1676 2565 1904 2636 θαρρεῖν

321 2657 614 2721 κελεύσας,
645 2657 720 2721 ώς
760 2659 940 2722 οὐδεὶς
983 2659 1374 2731 ἀντιστήσεται
1422 2659 1532 2711 τών
1600 2656 1900 2728 πολεμίων,

321 2749 472 2802 ἀλλά
505 2752 716 2814 πάντας
770 2749 944 2822 ἀρδην
1002 2752 1291 2819 ἐπιφανεὶς
1319 2749 1627 2820 διαφθερεῖ,
1668 2749 1789 2802 ἐπεὶ
1815 2749 1904 2803 ἐνι-

322 2840 549 2904 αντιως,
589 2841 622 2914 ἢ
659 2842 826 2903 αὐτὸς
855 2842 1224 2911 ἐπηγγέλλετο
1251 2842 1538 2904 ἀπέϐαινε,
1567 2841 1660 2895 καὶ⁵
1712 2837 1906 2910 τειχή-

327 2949 433 3001 ρης
469 2931 608 2986 κατὰ
638 2934 738 3003 τὴν
780 2931 1114 3002 Ἡράκλειαν
1163 2935 1404 3001 ἐγένετο,
1447 2930 1626 2986 καίτοι
1664 2931 1904 2998 δυνάμε-

321 3041 416 3086 νος
454 3024 552 3094 τὴν
618 3026 1013 3096 προσήκουσαν
1059 3027 1192 3096 περὶ
1234 3025 1334 3098 τὴν
1386 3025 1573 3097 χώραν
1637 3025 1903 3094 πρόνοιαν

325 3119 603 3172 ποιεῖσθαι
667 3119 763 3188 τὴν
792 3119 979 3188 ἔφοδον
1009 3119 1396 3186 ἀπαγγέλλων,
1472 3119 1500 3171 ό
1559 3117 1607 3170 δ’
1636 3117 1792 3170 οὐδὲν
1847 3116 1902 3167 ἐ-

322 3211 474 3262 ποίει
504 3209 614 3263 τῶν
643 3211 894 3276 δεόντων,
927 3211 1117 3281 ὥσπερ
1143 3211 1397 3272 δεδοικὼς
1425 3211 1500 3279 μὴ
1521 3209 1630 3261 τῶν
1663 3207 1900 3278 πολεμί-

317 3321 403 3355 ων
431 3304 608 3373 ἧττων
638 3305 920 3372 γεγονέναι
952 3302 1337 3358 ὑποπτεύοιτο·
1389 3305 1484 3358 καὶ
1517 3303 1605 3356 διὰ
1655 3303 1752 3371 τὴν
1789 3317 1904 3353 τοι·

319 3393 504 3462 αὐτην
530 3396 713 3449 ἀνοιαν
747 3395 964 3460 πολλοῖς
1013 3397 1185 3460 αῐτιος
1218 3399 1437 3464 ἐγένετο
1479 3395 1734 3465 μεγάλων
1762 3410 1902 3462 συμ-

319 3485 533 3555 φορῶν.
581 3487 818 3552 Ἐκεῖνος
880 3489 937 3542 δὲ
976 3489 1075 3558 τὴν
1105 3491 1203 3560 μὲν
1260 3491 1339 3552 είς
1397 3485 1688 3550 Βυζάντιον
1742 3483 1904 3536 αὑτοῦ

317 3576 584 3629 ἐπάνοδον
615 3577 849 3648 νομίζων
890 3580 1197 3647 ἀναγκαίαν
1252 3576 1415 3640 εἷναι,
1471 3575 1792 3631 ὑποπτεύων
1847 3573 1906 3629 δὲ

317 3667 427 3731 τὴν
458 3667 704 3736 ἤπειρον,
727 3669 800 3730 ὡς
834 3668 1038 3739 μεστὴν
1072 3669 1334 3722 κινδύνων
1381 3667 1468 3721 διὰ
1499 3667 1559 3719 τὸ
1589 3667 1906 3736 ἐπικρατεῖν

316 3758 454 3820 τοὺς
484 3758 794 3828 πολεμίους,
827 3759 916 3813 διὰ
945 3761 1045 3830 τῆς
1074 3760 1350 3830 θαλάσσης
1393 3760 1694 3829 ἀνέστρεφε
1753 3759 1906 3830 τριή·

323 3863 439 3916 ρει,
489 3849 590 3919 τὴν
625 3849 890 3920 στρατιὰν
950 3851 1066 3903 ἐκεῖ
1115 3851 1451 3905 καταλιπών·
1485 3853 1582 3904 καὶ
1640 3849 1904 3920 αίσχίστη

321 3937 510 4004 ἔδοξεν
553 3941 586 4009 ἡ
635 3939 1002 4011 ἀναχώρησις,
1051 3942 1145 3994 καὶ
1206 3942 1518 3997 ἀποδέουσα
1563 3939 1744 4010 πολλῷ
1797 3939 1907 3994 τῶν

318 4030 585 4086 ἀπειλῶν.
623 4031 883 4097 Βασιλεὺς
905 4032 960 4086 δέ
993 4033 1138 4086 ὀκτὼ
1171 4034 1382 4104 ἡμέρας
1417 4037 1546 4104 περὶ
1601 4034 1662 4086 τὺ
1695 4033 1907 4098 Βυζάν-

319 4140 444 4174 τιον
469 4123 773 4193 διατρίψας,
799 4126 892 4177 καὶ
921 4125 1177 4189 κακώσας
1219 4129 1277 4189 ἐς
1331 4127 1402 4178 τά
1464 4125 1721 4198 μάλιστα,
1783 4123 1907 4178 ἀνέ-

323 4233 564 4285 στρεφεν
591 4219 670 4280 είς
701 4219 946 4289 Θρᾴκην,
972 4219 1066 4272 καὶ
1096 4220 1266 4271 πᾶσαι
1300 4218 1482 4280 πόλεις
1505 4217 1701 4272 αὐτίκα
1745 4233 1911 4287 προσ-

321 4308 588 4377 εχώρουν,
628 4311 724 4380 τὴν
753 4313 815 4364 ἐκ
839 4311 1134 4376 Βυζαντίου
1200 4310 1450 4382 βοήθειαν
1499 4309 1912 4378 ἀπογινώσκου-

323 4399 787 4468 σαι,“πλὴνᾼῖνου
821 4403 917 4453 καλ.
948 4400 1264 4471 Ἐξαμιλίου
1296 4401 1390 4452 καὶ
1415 4399 1650 4454 Καλλίου
1679 4399 1908 4464 πόλεως.

318 4489 466 4550 Τοὺς
494 4492 551 4542 ἐν
582 4491 817 4554 ἁπάσαις
855 4493 912 4544 δὲ
963 4493 1229 4562 ἄρχοντας
1285 4491 1629 4561 συναγαγὼν,
1679 4493 1728 4547 οἳ
1755 4495 1904 4565 παρά
1938 4474 1980 4528 θ

1965 4597 1968 4600 ’
2010 4587 2377 4658 patriarcham
2417 4594 2474 4640 et
2513 4585 2806 4640 archontas
2856 4584 3014 4648 alios,
3075 4597 3142 4638 ex
3185 4583 3452 4638 diametro
3497 4583 3586 4637 di-

324 4581 601 4648 βασιλίδος
631 4580 772 4653 σαν
801 4585 1264 4657 ἐπιτετραμμένοι
1306 4588 1404 4652 τὰς
1443 4590 1636 4659 ἀρχὰς,
1665 4591 1758 4643 καλ.
1775 4590 1903 4642 πολ-

321 4674 429 4740 λὴν
457 4677 586 4744 περὶ
630 4677 826 4741 αὑτοὺς
856 4679 1156 4733 ἐπιείκειαν
1201 4682 1653 4752 καὶ-ἡμερότητα
1703 4681 1905 4734 ἐπιδει-

321 4764 584 4831 ξάμενος,
615 4767 881 4833 κελεύσας
917 4788 974 4823 τε
1021 4772 1248 4841 μηδενὸς
1293 4772 1734 4842 ἀποστερηθῆναι
1795 4769 1905 4823 τῶν

317 4853 576 4920 ἐνόντων,
605 4857 767 4920 ἐνίοις
806 4859 864 4911 δὲ
923 4862 1015 4914 καὶ
1045 4861 1376 4932 ἀναλώματα
1431 4865 1528 4915 καὶ
1571 4861 1771 4924 ἵππους
1801 4876 1907 4915 πα·

320 4945 657 5016 ρασχόμενος
687 4949 802 5001 ὅσοι
842 4951 917 5021 μὴ
943 4951 1207 5023 εὐπόρουν
1231 4954 1310 5016 είς
1346 4951 1638 5016 Βυζάντιον
1658 4952 1908 5024 ἀπέπεμ-

317 5054 416 5098 πε,
447 5040 693 5111 περὶτῆς
715 5043 941 5115 εἰρήνης
959 5040 1116 5109 αὖθις
1146 5046 1208 5099 οὑ
1241 5045 1510 5114 βασιλίδος
1544 5048 1724 5114 μόνον,
1770 5045 1907 5099 ἀλλά

315 5129 420 5181 καὶ
485 5133 825 5204 πατριάρχου
901 5137 992 5189 καὶ
1064 5137 1240 5190 ἄλλων
1309 5137 1560 5207 δεόμενος
1607 5137 1905 5208 ἀρχόντων,

313 5223 727 5280 τάναντιώτατα
753 5230 864 5292 τοῖς
895 5229 1071 5282 ἐκεῖσε
1100 5230 1326 5300 ἄρχουσι
1355 5229 1444 5282 διὰ
1487 5231 1725 5298 σπουδῆς
1777 5227 1908 5282 πολ-

314 5313 424 5383 λῆς
461 5316 744 5386 τιθέμενος
777 5323 970 5375 ποιεῖν.
1023 5320 1284 5375 Έκείνων
1331 5323 1441 5392 γὰρ
1485 5322 1544 5374 ού
1578 5321 1737 5391 μόνον
1777 5320 1908 5384 τοὺς

316 5407 575 5476 φανερῶς
613 5413 864 5467 τάκείνου
895 5413 1228 5484 ᾑρημένους,
1282 5413 1419 5468 ἀλλά
1449 5414 1542 5467 καὶ
1567 5414 1620 5466 εἴ
1651 5431 1733 5476 τις
1777 5409 1906 5483 ἦθος

320 5498 612 5566 ὑποφαίνοι
643 5503 779 5572 πρὸς
815 5504 882 5557 τά
910 5506 1260 5576 πραττόμενα
1292 5505 1749 5575 ἀγανακτοῦντος,
1796 5520 1882 5556 πι-

315 5589 470 5656 κρῶς
503 5592 592 5644 καὶ
621 5595 999 5665 ἀπανθρώπως
1061 5597 1422 5662 κολαζόντων,
1451 5590 1604 5658 οὗτος
1634 5597 1743 5658 τοῖς
1779 5595 1907 5647 συλ-

315 5679 762 5754 λαμϐανομένοις
793 5689 855 5741 ἐκ
889 5690 996 5742 τῶν
1028 5690 1448 5761 προσκειμένων
1481 5689 1736 5758 βασιλίδι,
1762 5704 1904 5758 παρο

317 5771 498 5840 είλετο
525 5775 616 5830 καὶ
647 5779 813 5850 δῶρα,
850 5783 941 5836 καὶ
977 5783 1112 5851 πρὸς
1145 5782 1330 5853 ὖσρεις
1353 5782 1580 5854 αίσχρᾶς
1631 5780 1719 5834 καὶ
1780 5781 1903 5834 ἁνε-

2007 1927 2225 1991 bantur,
2271 1927 2578 1997 lieehatque
2609 1943 2671 1981 ea
2723 1927 3040 1982 incursione
3086 1927 3333 1997 aspicere
3374 1929 3580 1982 variant

2005 2019 2318 2074 saevissima:
2350 2020 2681 2074 calamitatis
2710 2020 3025 2087 imaginem.
3059 2021 3235 2088 Hujus
3267 2029 3428 2074 tantae
3458 2036 3583 2088 per-

2005 2111 2231 2166 ditionis
2290 2111 2448 2180 culpa
2503 2127 2672 2181 penes
2720 2127 2976 2182 magnum
3027 2113 3221 2166 ducem
3270 2110 3408 2186 fuit._
3441 2113 3580 2165 Cum

2005 2204 2150 2256 enim
2185 2202 2446 2273 Byzantio
2481 2203 2792 2274 egrediens,
2836 2203 3094 2272 superbia
3133 2205 3374 2258 tumidus
3403 2204 3581 2257 Thra-

2005 2293 2194 2348 sonica
2221 2293 2380 2348 verba
2409 2293 2663 2362 iactaret,
2692 2294 3024 2364 juberetque
3060 2294 3336 2349 conlidere
3367 2297 3578 2350 nullum

2005 2386 2248 2442 hostium
2279 2403 2338 2442 se
2379 2389 2787 2458 oppositurum,
2821 2388 2915 2442 sed
2947 2404 3048 2442 suo
3097 2396 3307 2442 tantum
3345 2404 3582 2458 conspe-

2005 2488 2097 2532 ctu
2161 2494 2353 2533 omnes
2405 2494 2462 2532 se
2513 2479 2579 2534 ad
2647 2495 2813 2532 unum
2864 2479 3231 2548 perditurum,
3292 2489 3580 2548 postquam

2007 2585 2171 2625 secus
2199 2569 2405 2634 evenit,
2437 2586 2598 2638 quam
2623 2570 2971 2640 promiserat,
3005 2579 3060 2624 et
3099 2568 3374 2625 Heracleae
3408 2571 3580 2625 muris

2006 2675 2066 2714 se
2122 2661 2257 2713 texit
2331 2658 2600 2728 (quamvis
2667 2667 2851 2729 posset
2908 2660 3305 2715 convenienter
3370 2662 3579 2730 regioni

2005 2750 2315 2821 providere,
2352 2758 2405 2804 et
2451 2749 2707 2804 hostilem
2757 2751 3053 2804 adventum
3096 2751 3442 2820 denuntiare)
3490 2755 3580 2806 ni-

2007 2845 2196 2913 hilque
2252 2858 2318 2896 ex
2369 2840 2548 2898 olllcio
2609 2855 2710 2896 suo
2765 2841 2895 2896 fecit
2947 2843 3164 2912 (utpote
3221 2843 3460 2905 timens,
3513 2857 3583 2896 ne

2007 2935 2259 2990 hostibus
2285 2933 2511 2990 inferior
2541 2933 2867 3004 videretur),
2908 2942 2965 2989 et
3007 2949 3104 3004 per
3137 2948 3256 2988 eam
3287 2933 3582 2988 amentiam

2006 3029 2272 3098 plurimos
2310 3026 2548 3082 reddidit
2582 3027 2944 3084 miserrimos.
2993 3026 3132 3082 Cum
3171 3025 3446 3095 iudicaret
3487 3042 3584 3079 au—

2008 3133 2137 3187 tem,
2182 3123 2550 3176 reversionem
2585 3135 2741 3176 suam
2782 3120 3105 3192 Byzantium
3150 3133 3274 3174 esse
3319 3134 3582 3173 necessa-

2006 3215 2177 3278 riam,
2241 3221 2296 3268 et
2348 3213 2724 3268 continentem
2775 3221 2834 3267 ut
2888 3210 3302 3266 infestissimam
3361 3219 3584 3279 propter

2007 3306 2196 3360 hostes
2227 3314 2518 3370 metueret,
2551 3304 2728 3374 copiis
2764 3303 2838 3356 ibi
2893 3302 3122 3366 relictis,
3165 3318 3262 3371 per
3298 3317 3448 3355 mare
3484 3303 3582 3354 tri-

2005 3394 2142 3449 remi
2198 3395 2357 3448 rediit
2388 3411 2404 3448 :
2436 3396 2662 3463 visaque
2693 3395 2891 3448 reditio
2930 3393 3265 3461 turpissima,
3299 3400 3354 3446 et
3407 3392 3585 3446 mina-

2007 3503 2126 3542 rum
2177 3487 2392 3540 illarum
2425 3485 2726 3539 terroribus
2759 3485 2918 3556 longe
2949 3483 3250 3538 dissimilis.
3277 3484 3583 3552 Imperator

2007 3586 2133 3633 octo
2161 3569 2355 3631 diebus
2384 3589 2554 3646 prope
2582 3575 2902 3646 Byzantium
2937 3575 3297 3644 consumptis,
3329 3584 3385 3628 et
3413 3575 3582 3629 detri-

2007 3671 2209 3724 mentis
2249 3668 2576 3723 immanibus
2623 3667 2811 3732 illatis,
2859 3666 2912 3719 in
2944 3666 3234 3720 Thraciam
3273 3682 3580 3736 regressus,

2007 3762 2270 3817 continuo
2296 3773 2486 3814 omnes
2521 3759 2703 3820 urbes,
2732 3757 2953 3810 auxiliis
2982 3772 3012 3811 e
3041 3757 3296 3828 Byzantio
3324 3759 3584 3828 despera-

2008 3856 2078 3908 tis
2098 3896 2112 3919 ,
2135 3861 2331 3924 praeter
2350 3851 2550 3906 Aluum
2583 3860 2638 3907 et
2669 3850 3028 3905 llexamilium
3060 3860 3111 3904 et
3146 3851 3486 3922 Calliopolim
3521 3867 3583 3906 se

2008 3948 2364 4016 subjicientes
2437 3945 2668 4014 accepit.
2735 3943 3064 3998 Convocatis
3121 3959 3285 4014 porro
3332 3943 3581 3998 omnium

2011 4040 2279 4110 ιιι-,ι-ίιιοιὶε
2321 4039 2485 4110 622
2532 4037 2601 4092 ab
2647 4037 2892 4108 Augusta
2937 4037 3236 4100 institutis,
3304 4037 3582 4105 multaque

2011 4132 2240 4186 lenitate
2301 4146 2365 4186 ac
2414 4131 2837 4185 mansuetudine
2891 4129 3156 4199 exceptis,
3217 4129 3583 4197 mandataque

2013 4240 2081 4278 ne
2138 4239 2301 4294 quam
2360 4237 2542 4277 rerum
2611 4237 2834 4278 suarum
2895 4223 3162 4292 iacturam
3222 4229 3579 4290 paterentur,

2010 4313 2333 4384 quibusdam
2394 4313 2521 4366 item
2555 4311 2896 4366 tenuioribus
2944 4311 3145 4364 viatico
3181 4319 3236 4363 et
3268 4309 3422 4376 equis
3456 4323 3582 4376 snp-

2019 4402 2296 4472 peditatis,
2346 4399 2666 4471 Byzantium
2708 4415 2802 4454 eos
2837 4399 3066 4460 dimisit,
3113 4398 3278 4452 etiam
3322 4406 3433 4451 tum
3489 4411 3584 4466 pa-

2011 4511 2130 4551 cem
2190 4511 2389 4565 rogans
2450 4510 2562 4548 non
2639 4492 3038 4564 imperatricem
3103 4492 3317 4554 solum,
3377 4491 3472 4546 sed
3527 4500 3584 4545 et

2009 4696 2164 4736 versa
2221 4680 2289 4733 ab
2323 4679 2429 4732 illis
2480 4679 2659 4732 facere
2713 4678 3086 4745 maximopere
3146 4677 3386 4730 enitens.
3450 4675 3583 4729 Nam

2013 4786 2134 4825 cum
2193 4771 2270 4824 illi
2330 4785 2436 4822 non
2489 4768 2650 4822 modo
2689 4781 2785 4821 eos
2842 4767 2934 4835 qui
2983 4777 3168 4837 aperte
3201 4769 3584 4822 (lantaeuzeno

2013 4859 2278 4920 faverent,
2318 4858 2412 4912 sed
2453 4858 2498 4913 si
2538 4856 2661 4926 quis
2691 4858 2771 4910 vel
2810 4856 3066 4912 allectum
3108 4859 3486 4912 tantummodo
3513 4860 3585 4912 ob

2010 4949 2097 5002 illa
2135 4963 2256 5018 quae
2290 4948 2491 5002 ﬁebant
2528 4947 2767 5001 dolentis
2792 4948 3252 5012 subostendisset,
3290 4949 3584 5018 indignam

2011 5048 2092 5094 tes
2138 5037 2396 5094 atrociter
2439 5037 2588 5091 illum
2661 5047 2715 5091 et
2749 5039 3126 5092 inhumaniter
3161 5039 3461 5106 punirent:
3493 5041 3581 5092 hic

2009 5127 2183 5197 captis
2229 5128 2320 5196 qui
2377 5129 2446 5181 ab
2512 5127 2862 5196 imperatrice
2925 5135 3170 5188 starent,
3219 5127 3381 5180 etiam
3438 5129 3582 5182 dona

2009 5220 2364 5292 largiebatur.
2415 5218 2665 5288 Cumque
2719 5219 2793 5271 illi
2850 5220 2917 5272 ad
2985 5218 3129 5272 [aula
3180 5228 3236 5273 et
3291 5219 3582 5276 illiberalia

2011 5310 2259 5367 convicia
2310 5318 2368 5364 et
2417 5309 2523 5380 ipsi
2576 5317 3052 5373 converterentur,
3092 5317 3148 5362 et
3206 5310 3343 5363 alios
3387 5325 3581 5362 omnes

2010 5403 2306 5460 incitarent
2338 5418 2351 5454 :
2387 5402 2556 5467 hunc,
2599 5401 2644 5454 si
2681 5401 2804 5468 quis
2837 5409 2932 5454 aut
2964 5401 3017 5454 in
3069 5401 3435 5470 patriarcham
3488 5410 3585 5455 aut

2010 5500 2069 5555 in
2128 5512 2386 5569 magnum
2452 5497 2673 5557 ducem,
2736 5504 2831 5548 aut
2886 5495 3046 5548 alium
3102 5496 3168 5549 de
3222 5494 3582 5548 arehontibus

2014 5588 2466 5646 contumeliosius
2516 5586 2798 5656 quidpiam
2847 5587 3111 5649 dixisset,
3173 5586 3580 5642 severissiunun

2013 5680 2411 5751 experiebatur.
2447 5677 2859 5749 lmperatricem
2915 5693 3130 5747 quoque
3166 5685 3219 5732 et
3247 5678 3365 5746 ejus
3410 5677 3579 5731 lilium

2013 5777 2420 5845 imperatorem,
2452 5773 2569 5843 ipso
2600 5772 2853 5844 jubcnte,
2882 5787 3092 5841 semper
3137 5769 3576 5826 honoriﬁcentis-
