4016 6208
335 319 477 384 H73

1470 308 1788 370 HISTORI
1803 305 2017 366 ARUM
2061 305 2293 365 LIBER
2331 305 2446 365 ΙΙῘ.

3441 297 3579 364 ῙῙῊ

328 435 437 489 ὐπὸ
464 433 658 502 Βράνῳ
696 424 786 500 ἦν,
838 429 929 480 καὶ
988 428 1098 488 τοῖς
1139 424 1437 494 πράττουσι
1497 425 1565 476 τά
1613 420 1903 492 βασιλίδος.

2017 431 2122 471 non
2181 415 2356 471 solum
2408 430 2629 484 propter
2684 414 3098 472 frustrationem
3149 415 3420 476 civitatis.
3486 421 3582 470 sed

324 524 440 577 Καὶ
465 522 808 587 Ἀπόκαυχον
847 520 940 569 «av
969 516 1118 584 σφῶν
1151 516 1386 584 ἄρχοντα
1413 513 1731 582 πέμψαντες
1763 512 1901 582 ἤγα-

326 632 428 682 γον
458 614 522 665 ἐκ
548 609 841 663 Βουκέλου.
870 606 1134 669 Βασιλεὺς
1168 607 1226 673 δὲ
1285 607 1406 658 ἐπεὶ
1448 605 1679 658 ἐπύθετο
1715 604 1781 656 τά
1811 620 1903 671 γε·

325 703 630 774 γενημένα,
653 701 712 753 οὐ
745 698 980 769 μετρίως
997 697 1223 768 ἤχθετο,
1256 699 1316 749 οὐ
1365 697 1527 766 μόνον
1561 696 1659 766 τῆς
1692 695 1901 756 πόλεως

329 791 643 860 ἀποτυχὼν,
682 790 818 842 ἀλλὰ
850 791 943 841 καὶ
1007 789 1118 841 τῶν
1174 787 1346 857 φίλων
1396 786 1785 856 ἀπολλυμένων
1840 787 1903 838 ἐκ

325 887 426 954 τῆς
471 881 746 944 ἀϐουλίας.
782 881 1122 951 Ἀπόκαυχος
1163 881 1220 934 δέ
1249 880 1563 949 Μανουὴλό
1594 878 1688 931 τοῦ
1736 880 1905 948 μεγάο

329 977 424 1030 λοῦ
450 975 639 1036 δουκδς
671 973 805 1040 υίὸς,
839 973 972 1042 πρὸς
1009 971 1232 1042 βασιλέα
1259 971 1443 1042 κρύφα
1479 972 1722 1041 πέμψας,
1753 970 1906 1042 πρῶο

332 1088 422 1123 τον
449 1070 546 1138 μὲν
576 1067 781 1137 ἔφασκε
819 1068 911 1118 καὶ
957 1066 1119 1119 αὐτὸν
1168 1065 1434 1138 ἀκούοντα
1494 1065 1644 1134 παρά
1701 1081 1760 1116 τε
1797 1065 1907 1118 τῶν

331 1159 508 1212 ἄλλων
541 1157 636 1210 καὶ
669 1156 765 1209 τοῦ
800 1156 1002 1224 πατρὸς
1034 1155 1198 1208 αὐτοῦ
1220 1136 1411 1209 ’πολλὰ
1458 1155 1552 1209 καὶ
1591 1156 1744 1208 δεινὰ
1773 1173 1906 1208 κατ-

331 1249 716 1321 ηγορούντων,
769 1247 1051 1299 πείθεσθαι
1120 1249 1214 1300 καὶ
1267 1246 1470 1314 αὐτὸν,
1523 1247 1615 1300 καὶ
1668 1246 1908 1316 νομίζειν

333 1341 578 1404 ἐκείνους
597 1339 905 1410 ἀληθεύειν·
935 1341 1111 1410 χρόνῳ
1140 1339 1196 1391 δὲ
1225 1339 1489 1409 πρότερον
1517 1338 1718 1410 πολλῷ,
1752 1341 1909 1409 ἀκρι-

331 1433 444 1495 ϐῶς
474 1434 582 1484 τῶν
611 1433 912 1501 γινομένων
942 1433 1038 1494 τὰς
1072 1430 1249 1493 αἰτίας
1300 1431 1647 1497 ἐξετάζοντα,
1720 1433 1909 1485 τοῦτον

334 1523 436 1592 μέν
464 1522 665 1585 ἀδίκως
701 1523 1103 1592 πολεμούμενον
1126 1522 1402 1592 εὑρίσκειν
1433 1566 1447 1590 ,
1481 1525 1725 1588 ἐκείνους
1759 1523 1814 1576 δέ
1843 1525 1912 1577 τὰ
1962 1537 1964 1542 ·

333 1614 539 1682 ἔσχατα
568 1613 887 1676 ἀδικοῦντας
910 1615 1008 1665 οὐκ
1038 1613 1201 1666 αὐτὸν
1237 1614 1419 1683 μόνον,
1446 1613 1584 1667 ἀλλὰ
1632 1617 1724 1667 καὶ
1768 1614 1910 1684 σύμ-

336 1722 546 1767 παντας
587 1702 888 1775 Ῥωμαίους
921 1704 1092 1768 οὕτως
1157 1705 1779 1775 ἐξανδραποδιζομένους
1814 1709 1912 1760 καὶ

333 1799 740 1866 ἀπολλυμένους
773 1798 943 1868 ἄρδην
970 1799 1058 1851 διὰ
1086 1801 1187 1870 τὴν
1223 1800 1448 1852 ἐκείνων
1477 1801 1770 1871 φιλαρχίαν
1814 1801 1908 1852 καὶ

336 1890 731 1961 ἀγνωμοσύνην
763 1908 776 1922 ’
834 1891 957 1945 ὅθεν
1007 1892 1100 1944 καὶ
1149 1892 1478 1960 ἀγανακτεῖν
1517 1893 1616 1944 οὐκ
1670 1892 1912 1954 ἀνεκτῶς

263 1984 284 1996 ’
339 1985 479 2054 πρὸς
507 1984 616 2037 τῶν
652 1985 1045 2055 πραττομένων
1098 1985 1197 2053 τὴν
1237 1983 1486 2039 ἀτοπίαν.
1554 1984 1820 2048 Ἐλπίζων
1853 1983 1910 2036 δέ

263 2142 271 2150 ἰ
345 2095 469 2130 τινα
501 2076 714 2146 ταχέως
743 2076 899 2130 λύσιν
925 2076 1031 2130 τῶν
1081 2078 1267 2131 κακῶν
1320 2076 1674 2147 γενήσεσθαι,
1727 2077 1914 2146 φέρειν

237 2236 241 2240 .
336 2171 440 2238 τὴν
477 2168 595 2238 μετ’
629 2167 854 2220 ἐκείνων
905 2168 1208 2239 διατριϐήν.
1257 2168 1393 2221 Νυνὶ
1427 2167 1485 2222 δὲ
1537 2169 1763 2222 ἐκείνων
1817 2169 1915 2236 μὲν

334 2262 546 2334 ὁρῶντα
579 2261 674 2329 τὴν
706 2260 985 2325 ἀπόνοιαν,
1020 2261 1114 2312 καὶ
1161 2259 1234 2322 ὡς
1266 2259 1386 2313 οὐδέ
1444 2259 1554 2314 τῶν
1601 2260 1788 2314 κακῶν
1813 2261 1916 2331 ἤδη

341 2353 720 2422 περιστάντων
748 2353 814 2404 τά
847 2351 1033 2404 δέοντα
1061 2352 1186 2422 περί
1210 2368 1268 2404 τε
1306 2353 1456 2420 σφῶν
1481 2351 1661 2404 αὐτῶν
1685 2352 1779 2404 καὶ
1809 2351 1917 2404 τῶν

343 2449 524 2500 ἄλλων
567 2445 811 2514 ἔγνωσαν
853 2444 1226 2514 βουλεύεσθαι,
1279 2445 1395 2498 ἀλλ’
1418 2445 1765 2514 ἀπωθοῦνται
1819 2445 1918 2517 τὴν

341 2540 592 2606 εἰρήνην,
622 2537 856 2605 μάλιστα
883 2534 973 2589 ὐπ’
997 2535 1161 2588 αὐτοῦ
1203 2538 1684 2607 παρακαλούμενοι
1713 2537 1803 2591 τοῦ
1837 2555 1921 2590 το-

327 2629 514 2699 σαῦτα
571 2629 668 2683 καὶ
721 2629 986 2700 πρότερον
1032 2631 1126 2682 καὶ
1183 2629 1344 2698 μέχρι
1394 2630 1489 2682 νῦν
1536 2630 1918 2700 ἀδικουμένου,

335 2722 438 2774 καὶ
466 2720 572 2773 τῶν
600 2722 678 2783 είς
707 2721 866 2772 αὐτὸν
893 2719 1172 2772 τοσούτων
1231 2722 1328 2774 καὶ
1363 2721 1700 2789 τηλικούτων
1729 2724 1920 2777 δεινῶν

335 2813 724 2882 γεγενημένων
763 2813 1142 2882 παρεχομένου
1173 2814 1514 2886 ἀμνηστίαν,
1548 2816 1648 2886 τήν
1679 2833 1738 2870 τε
1778 2816 1921 2869 ἐκεί-

335 2925 450 2958 νων
472 2905 624 2976 βδελυ
636 2906 864 2975 ξάμενον
885 2906 1306 2976 ἀγνωμοσύνην,
1333 2909 1426 2961 καὶ
1447 2908 1548 2978 τὴν
1588 2909 1756 2962 αὐτοῦ
1791 2911 1921 2962 θαυο

337 3015 380 3068 μ
392 3001 591 3051 suum
616 2997 1019 3067 μεγαλοψυχίαν
1038 2997 1130 3052 καὶ
1154 2999 1651 3069 καρτερίαν,καὶξτδ
1667 2999 1809 3055 οὕτω
1821 3001 1922 3072 τῆς

336 3091 523 3160 κοινῆς
555 3089 820 3156 ὠφελείας
839 3089 1000 3142 ἕνεκα
1018 3093 1084 3143 τὰ
1118 3091 1240 3144 καθ’
1271 3090 1461 3143 ἑαυτὸν
1481 3092 1768 3162 προΐεσθαι
1788 3095 1926 3146 ἑτοί-

338 3199 479 3250 μως,
515 3184 589 3250 μὴ
615 3181 849 3246 ἐκείνοις
882 3181 1151 3235 ἐπιπλέον
1187 3182 1450 3260 δύνασθαι
1473 3187 1734 3237 συνεῖναι·
1791 3185 1927 3239 άλλά

334 3278 409 3325 τι
434 3274 593 3326 αὐτοῦ
612 3273 848 3344 ᾑρῆσθαι
869 3275 1092 3345 μᾶλλον,
1109 3274 1203 3328 καὶ
1218 3275 1277 3340 ἐξ
1293 3277 1460 3347 αὐτῆς
1481 3277 1548 3330 τά
1567 3276 1729 3332 αὐτοῦ
1753 3280 1927 3348 πράτ-

333 3383 475 3430 τειν,
501 3369 592 3421 καὶ
612 3367 1229 3437 προκινδυνεύειναύτοῦ
1263 3368 1494 3438 μάλιστα
1525 3369 1809 3440 βούλεσθαι
1833 3372 1926 3424 καὶ

335 3456 438 3508 τοῦ
488 3458 718 3511 δικαίου.
753 3456 992 3512 Τοιαῦτα
1021 3458 1121 3528 μὲν
1154 3457 1488 3529 ’Λπόκαυχος
1518 3462 1545 3512 ὁ
1570 3458 1662 3512 τοῦ
1685 3461 1924 3529 μεγάλου

335 3548 529 3610 δουκὺ;
561 3552 673 3612 υίδς
697 3551 832 3620 πρὸς
858 3549 1083 3620 βασιλέα
1107 3551 1295 3620 κρύφα
1319 3551 1608 3619 διελέγετο.
1657 3551 1925 3615 Βασιλεὺς

335 3641 399 3693 δέ
430 3641 626 3710 ὁμοίως
653 3643 841 3712 ἐπῄνει
880 3660 938 3695 τε
973 3643 1075 3714 τῆς
1114 3645 1378 3714 αἱρέσεως
1409 3644 1503 3698 τοῦ
1554 3645 1763 3714 ἀγαθοῦ
1789 3685 1804 3710 ,
1830 3648 1926 3700 καὶ

339 3735 576 3803 χάριτας
603 3736 702 3804 τῆς
733 3738 814 3798 είς
846 3736 1010 3789 αὐτὸν
1036 3736 1254 3800 εὐνοίας
1287 3737 1576 3806 ὡμολόγει,
1623 3739 1716 3791 καὶ
1754 3740 1926 3806 ἀφορ-

346 3829 460 3896 μάς
485 3827 774 3899 παρείχετο
807 3828 902 3880 τού
937 3828 1197 3900 πράττειν
1230 3830 1258 3883 ὅ
1291 3846 1344 3883 τι
1397 3830 1616 3883 δύναιτο
1643 3830 1786 3901 ὑπὲρ
1834 3831 1925 3884 αύ-

339 3917 446 3971 τοῦ
487 3918 803 3990 προθύμως.
838 3921 970 3974 Μετ’
996 3922 1054 3975 οὐ
1106 3921 1309 3984 πολλάς
1375 3921 1431 3975 δὲ
1483 3922 1721 3992 ἡμέρας,
1775 3923 1924 3976 ἀπο-

342 4011 550 4064 στάντα
565 4013 713 4082 ιπρὸς
747 4011 935 4078 αὐτὸν,
989 4013 1113 4068 ἐπεὶ
1144 4015 1223 4083 μὴ
1253 4016 1350 4069 καὶ
1377 4014 1478 4085 τὴν
1511 4015 1668 4067 πόλιν
1685 4013 1924 4083 -ἡδύνατο

342 4102 675 4171 προσάγειν,
703 4104 830 4166 τοὺς
881 4105 1308 4174 συναιρομένους
1359 4107 1463 4158 οὐκ
1509 4106 1649 4176 ἔχων
1699 4107 1836 4176 πρὸς
1864 4107 1925 4161 τὸ

341 4195 534 4265 ἔργον,
594 4197 864 4266 πρότερον
899 4196 1008 4267 γὰρ
1051 4197 1218 4269 ὀλίγῳ
1269 4197 1512 4261 ἅπαντες
1565 4201 1614 4251 oi.
1656 4197 1924 4266 βασιλέως

344 4286 499 4354 φίλοι
525 4287 615 4339 ὐπ’
647 4289 833 4351 ἀνοίας
862 4287 1262 4358 διεφθάρησαν,
1319 4289 1574 4358 ἀσμένως
1614 4307 1674 4342 τε
1706 4290 1923 4360 ἐδέξατο

340 4379 376 4429 ὁ
405 4377 681 4446 βασιλεὺς,
723 4381 816 4432 καὶ
848 4381 1013 4449 τιμῆς
1045 4380 1246 4450 ἠξίωσε
1293 4383 1386 4434 καὶ
1431 4382 1720 4450 εὐμενείας
1771 4383 1920 4435 πλεί-
1953 4414 1994 4469 D

341 4483 503 4536 στης.
540 4469 694 4521 Μετὰ
725 4469 883 4523 τοῦτο
908 4470 966 4523 δὲ
1008 4473 1132 4526 ἐπεὶ
1164 4473 1196 4541 ή
1226 4469 1514 4542 Ἀδριανοῦ
1564 4473 1920 4544 ἀνεπιχείρηι

339 4574 439 4620 τος
466 4559 679 4627 ⁸ἐδόκει,
723 4560 889 4632 Βιζύῃ
945 4561 1384 4632 ἐπεστράτευσεν
1436 4565 1464 4616 ό
1493 4562 1770 4633 βασιλεὺς,
1829 4567 1924 4618 καὶ

341 4649 576 4720 ἐπόρθει
606 4654 706 4722 τὴν
740 4652 945 4723 χώραν·
981 4655 1278 4724 πρεσϐείαν
1328 4656 1384 4710 δὲ
1411 4654 1629 4725 ἔπεμπε
1665 4657 1799 4725 πρὸς
1825 4657 1923 4728 τὴν

343 4741 534 4807 πόλιν,
571 4744 858 4812 παραινῶν
897 4745 1048 4815 αὐτῷ
1082 4747 1458 4816 παραδιδόναι,
1510 4749 1605 4805 καὶ
1637 4747 1712 4817 μὴ
1760 4748 1924 4813 κενῆς

345 4834 568 4896 ἐλπίδος
601 4833 765 4887 ἕνεκα
801 4837 1071 4907 τοσαύτην
1107 4838 1306 4908 ζημίαν
1367 4839 1661 4908 ὑπομένειν
1685 4839 1926 4907 διαφθει-

346 4923 596 4994 ρομένων
619 4925 729 4977 τῶν
757 4926 963 4995 ἀγρῶν·
1002 4927 1143 4996 μετὰ
1173 4928 1282 4998 γάρ
1311 4929 1420 4980 τῶν
1457 4930 1642 4982 κακῶν
1666 4931 1765 5000 τὴν
1805 4932 1926 4981 ἐπι-

349 5016 990 5088 φορὰν,παραδώσουσιν
1044 5020 1258 5093 ἀνάγκῃ
1309 5022 1655 5087 πιεσθέντες.
1720 5023 1927 5088 Βιζύῖοι

347 5109 430 5176 δὲ,
459 5109 582 5162 οὐτε
608 5112 1016 5181 ἐπηγγέλλοντο
1069 5116 1212 5182 σφᾶς
1243 5115 1439 5177 αὐτοὺς
1503 5120 1596 5170 καὶ
1621 5119 1721 5183 τὴν
1773 5116 1926 5168 πόλιν

350 5201 728 5271 παραδιδόναι,
763 5203 888 5257 οὐτε
933 5205 1070 5274 πρὸς
1101 5205 1199 5276 τὴν
1233 5206 1486 5260 εἰωθυῖαν
1540 5209 1928 5278 ἀναισχυντίαν

351 5293 661 5363 ἐτράποντο
693 5296 789 5350 καὶ
825 5299 920 5359 τὰς
956 5297 1169 5368 ὕϐρεις·
1232 5298 1348 5352 ἀλλ’
1375 5298 1632 5368 εὐφήμως
1676 5301 1770 5352 καὶ
1823 5318 1926 5357 σω-

2009 507 2171 561 etiam
2203 515 2428 577 propter
2458 506 2665 560 amicos
2691 505 3051 576 ipsorummet
3077 504 3305 559 stultitia
3335 505 3578 572 perditos

2006 611 2356 664 summopere
2398 595 2594 650 doluit.
2646 597 2724 650 Ad
2771 611 2932 665 quem
2965 595 3180 650 Manuel
3215 595 3583 664 Apocauchus

2007 685 2177 750 misit,
2205 685 2298 753 qui
2350 684 2398 737 ei
2446 687 2561 739 suis
2608 686 2791 740 verbis
2837 685 3062 748 diceret,
3115 700 3173 738 se
3207 699 3426 753 quoque
3471 692 3582 736 tum

2007 786 2216 847 patrem
2267 779 2465 846 ipsum,
2496 787 2610 830 tum
2642 777 2778 831 alios
2807 778 3038 830 multum
3067 783 3122 830 et
3153 777 3393 845 graviter
3422 774 3574 827 illum

2011 875 2332 922 accusantes
2397 867 2716 922 audientem
2774 867 3098 932 credidisse,
3155 882 3218 920 ac
3282 880 3410 919 vera
3463 864 3588 916 illus

2009 956 2156 1028 loqui
2194 955 2493 1026 putavisse.
2529 955 2798 1011 Caeterum
2831 957 3154 1026 jampridem
3184 956 3367 1010 causis
3403 971 3586 1010 rerum

2012 1058 2268 1104 accurate
2295 1048 2581 1111 discussis,
2616 1049 2890 1102 invenisse
2915 1047 3092 1117 ipsum
3121 1047 3270 1100 nulla
3302 1062 3396 1101 sua
3426 1046 3586 1114 culpa

2011 1139 2155 1193 bello
2205 1137 2401 1193 lacessi
2435 1155 2448 1191 :
2479 1137 2600 1192 illos
2638 1146 2817 1192 autem
2861 1137 3017 1206 longe
3068 1135 3466 1204 iniquissimos.
3514 1136 3584 1186 ob

2012 1246 2252 1285 amorem
2306 1228 2650 1290 dominandi,
2689 1237 2743 1283 et
2796 1229 3200 1300 improbitatem
3253 1245 3407 1282 suam
3472 1244 3586 1281 non

2014 1323 2188 1393 ipsum
2243 1322 2425 1386 modo,
2459 1320 2556 1375 sed
2612 1321 2890 1375 Romanos
2931 1336 3123 1374 omnes
3158 1321 3211 1374 in
3266 1320 3584 1374 servitutem

2017 1427 2072 1470 ct
2119 1427 2428 1470 extremum
2468 1414 2691 1469 exitium
2726 1415 2910 1469 conari
2955 1413 3314 1483 praecipitare.
3356 1411 3435 1466 Ex
3478 1429 3589 1480 quo

2020 1519 2126 1562 tam
2158 1507 2370 1561 nefario
2405 1522 2595 1564 eorum
2637 1516 2835 1560 conatu
2866 1505 2966 1560 sibi
3002 1505 3344 1559 stomachum
3382 1503 3589 1557 moveri

2021 1595 2522 1650 vehementissime.
2558 1593 2723 1665 624
2755 1593 2893 1661 Quia
2925 1609 3057 1648 vero
3099 1593 3439 1658 condidisset,
3481 1595 3589 1648 cito

2021 1686 2175 1740 malis
2226 1687 2386 1739 linem
2443 1685 2708 1750 futurum,
2751 1686 2805 1738 in
2851 1700 3044 1740 eorum
3103 1684 3353 1739 sodalitio
3399 1699 3589 1754 perse-

1947 1758 1986 1812 B
2029 1773 2480 1853 verasse..Nunc
2519 1775 2644 1845 quia
2687 1790 2878 1836 eorum
2934 1775 3238 1829 vecordiam
3275 1774 3590 1847 perspiciat,

2013 1867 2106 1937 qui
2143 1881 2322 1936 neque
2371 1867 2528 1922 malis
2560 1866 2671 1936 jam
2722 1881 2887 1935 supra
2936 1873 3100 1937 caput
3147 1867 3456 1922 astantibus
3489 1867 3591 1921 sibi

2013 1960 2243 2028 aliisque
2293 1959 2691 2014 consulendum
2733 1960 3064 2026 statuerint,
3099 1959 3196 2014 sed
3251 1974 3441 2024 pacem
3493 1974 3591 2016 εει-

2017 2050 2266 2119 pudient,
2296 2050 2365 2104 ab
2395 2066 2461 2106 eo
2491 2051 2839 2121 petissimum
2867 2051 3102 2132 invitati,
3133 2049 3225 2120 qui
3259 2058 3368 2105 tam
3393 2049 3590 2105 multas

2016 2153 2071 2197 et
2117 2159 2309 2215 graves
2357 2143 2586 2213 injurias
2638 2145 2919 2213 hucusque
2974 2143 3074 2197 sibi
3122 2142 3429 2212 impositas
3468 2157 3592 2211 per-

2019 2246 2182 2306 petua
2239 2234 2514 2290 oblivione
2558 2234 2869 2290 deleturum
2914 2234 3220 2304 promittat,
3281 2243 3338 2288 et
3401 2248 3591 2306 eorum

2018 2327 2198 2381 scelus
2247 2334 2714 2391 exsecratum,.et
2760 2327 2878 2396 ejus
2925 2325 3201 2380 excelsum
3249 2325 3491 2380 animum
3527 2339 3592 2379 ac

2021 2417 2364 2473 tolerantiam
2415 2418 2764 2483 admiratum,
2819 2427 2874 2476 et
2922 2417 3065 2486 quod
3113 2415 3242 2471 boni
3285 2419 3593 2472 communis

2020 2511 2191 2580 gratia
2224 2525 2313 2564 res
2334 2524 2462 2564 suas
2485 2509 2621 2564 adeo
2649 2523 2757 2562 non
2787 2509 2954 2562 invite
2983 2507 3255 2577 projiciat,
3293 2522 3404 2561 non
3432 2522 3594 2577 posse

2021 2599 2089 2653 de
2128 2608 2326 2653 caetero
2365 2597 2698 2668 imperatrici
2730 2597 2915 2651 favere
2945 2636 2959 2661 ,
2994 2597 3088 2650 sed
3119 2595 3235 2664 ejus
3266 2607 3449 2666 partes
3478 2611 3596 2650 am-

2021 2691 2240 2760 plexum
2273 2688 2476 2759 potius,
2508 2688 2576 2742 ab
2605 2689 2708 2743 hac
2739 2688 2858 2759 ipsa
2899 2689 3033 2742 hora
3067 2687 3143 2741 illi
3175 2702 3342 2758 opera
3369 2687 3595 2742 inservi-

2029 2804 2234 2860 turum,
2265 2808 2472 2863 proque
2521 2791 2614 2847 illo
2661 2800 2716 2846 et
2765 2790 2981 2862 justitia
3029 2790 3239 2844 nullum
3295 2789 3592 2844 discrimen

2023 2894 2424 2939 recusaturum.
2472 2881 2599 2938 Haac
2639 2881 2729 2938 ille
2776 2881 3106 2936 clanculum.
3154 2881 3250 2936 Cui
3298 2881 3596 2950 imperator

2023 2985 2078 3027 et
2121 2973 2188 3027 de
2240 2981 2446 3027 mutato
2497 2971 2726 3026 consilio
2771 2971 2987 3026 laudem
3045 2971 3363 3041 impertivit,
3421 2981 3475 3026 et
3526 2970 3596 3024 de

1951 3085 1992 3141 (ι
2027 3065 2213 3120 animo
2244 3079 2368 3135 erga
2416 3078 2476 3117 se
2508 3072 2618 3117 tam
2667 3062 2885 3132 egregio
2933 3063 3130 3131 gratias
3187 3063 3320 3133 egit,
3364 3071 3420 3118 et
3450 3063 3597 3133 quod

2031 3168 2213 3229 posset
2239 3175 2336 3228 pro
2367 3173 2426 3212 se
2457 3157 2690 3227 impigre
2718 3154 2952 3210 faciendi
2997 3155 3337 3214 occasionem
3380 3155 3596 3223 praasti-

2030 3253 2115 3306 tit.
2153 3251 2354 3306 Diebus
2381 3249 2590 3319 aliquot
2619 3248 2971 3311 intermissis,
3011 3262 3130 3301 cum
3163 3247 3229 3306 ad
3257 3261 3379 3301 eum
3415 3256 3596 3302 trans.

1999 3342 2156 3404 'iret,
2205 3341 2366 3394 simul
2417 3347 2599 3392 autem
2648 3337 2836 3391 urbem
2877 3336 3095 3390 tradere
3129 3336 3404 3408 nequiret,
3451 3335 3597 3404 quod

2028 3429 2365 3484 administris
2414 3428 2577 3498 hujus
2625 3426 2805 3496 cperis
2850 3435 3062 3481 careret
3093 3426 3291 3495 (nuper
3329 3427 3599 3494 siquidem

2027 3535 2220 3574 oinncs
2260 3518 2605 3588 imperatoris
2632 3517 2804 3590 amici.
2827 3533 2924 3586 per
2970 3516 3339 3585 insipientiam
3374 3515 3599 3574 interie-

2030 3612 2194 3682 rant),
2237 3610 2473 3665 libenter
2509 3609 2658 3663 illum
2698 3608 2926 3676 accepit,
2948 3621 3272 3671 summoque
3300 3599 3508 3661 honore
3542 3615 3600 3661 et

2027 3715 2193 3788 gratia
2235 3702 2488 3784 dignatus
2521 3722 2623 3768 est.
2674 3712 2880 3766 Deinde
2920 3712 3179 3781 quoniam
3210 3712 3597 3782 Adrianopolis

2026 3805 2328 3863 invadenda
2362 3819 2475 3858 non
2522 3803 2828 3867 videbatur,
2879 3802 3094 3872 Bizyam
3150 3802 3339 3867 movit,
3379 3818 3600 3872 agrum-

2025 3914 2132 3968 que
2190 3897 2445 3952 vastavit.
2506 3894 2801 3964 Legatione
2857 3908 3022 3964 porro
3079 3893 3148 3948 ad
3197 3895 3344 3949 cives
3408 3895 3596 3960 missa.

2027 3991 2277 4045 hortatus
2326 3999 2410 4044 est
2447 4003 2568 4052 eos,
2601 3989 2675 4043 uti
2713 4001 2833 4042 sese
2882 3985 3167 4052 dederent,
3208 4001 3347 4043 neve
3377 3997 3600 4056 propter

2027 4082 2241 4137 inanem
2277 4096 2429 4152 spem
2473 4088 2621 4135 tanta
2668 4078 2812 4147 agris
2843 4077 3172 4134 detrimenta
3206 4076 3395 4131 inferri
3429 4076 3599 4133 susti-

2025 4182 2226 4228 nereut
2259 4188 2274 4226 :
2309 4188 2374 4230 eo
2428 4171 2575 4227 enim
2621 4157 2966 4238 compulsum
3012 4167 3101 4236 iri,
3151 4176 3207 4221 ut
3251 4169 3416 4224 etiam
3474 4177 3602 4239 post

2024 4260 2401 4318 vastationem
2426 4277 2487 4317 se
2533 4259 2816 4317 dederent.
2855 4259 3148 4329 Bizyenses
3193 4274 3373 4329 neque
3413 4275 3472 4314 se
3506 4275 3599 4313 ur—

2025 4355 2149 4410 bcm
2206 4353 2492 4409 dedituros
2549 4350 2860 4421 spondere,
2931 4364 3108 4419 neque
3159 4349 3230 4404 ad
3299 4351 3601 4408 solemnem

2024 4442 2413 4514 impudentiam
2451 4449 2506 4496 et
2542 4439 2898 4495 contumelias
2923 4437 3216 4507 confugere
3257 4478 3271 4502 ,
3317 4437 3413 4491 sed
3452 4437 3602 4508 lega-

2026 4541 2228 4592 tionem
2258 4535 2490 4589 honeste
2540 4531 2893 4600 modesteque
2922 4529 3170 4597 reiicerc.
3216 4528 3388 4582 Ratus
3415 4538 3600 4584 autem

2024 4629 2322 4695 imperator
2388 4622 2720 4694 agnitionem
2770 4621 3023 4678 beneﬁcii
3068 4622 3396 4692 principium
3452 4620 3603 4676 dedi-

2027 4729 2188 4784 tionis
2244 4727 2360 4782 fore
2389 4727 2738 4796 (observabat
2772 4727 2920 4781 enim
2957 4736 3182 4797 propter
3217 4725 3600 4781 assiduitatem

2026 4821 2403 4877 incursionum
2433 4820 2890 4888 vexationumque
2953 4820 3211 4890 paulatim
3242 4835 3337 4874 eos
3371 4817 3440 4873 de
3475 4832 3600 4886 per-

2027 4912 2225 4966 tinacia
2261 4910 2539 4964 remittere
2578 4924 2641 4964 ac
2685 4909 3246 4977 cedere).exercitum
3292 4923 3454 4977 quam
3481 4912 3590 4960 ‘Ce-

2025 5005 2244 5058 lerrime
2303 5000 2704 5056 removendum
2765 5001 3025 5062 censuit,
3093 5007 3151 5051 ut
3209 5013 3386 5067 neque
3450 4999 3603 5065 regio

2026 5104 2353 5158 vastaretur,
2385 5093 2546 5163 paulo
2581 5103 2701 5163 post
2738 5092 2791 5146 in
2837 5106 2988 5146 suam
3017 5091 3276 5144 ditionem
3327 5098 3556 5142 ventura
3584 5130 3600 5152 .

2027 5198 2082 5242 et
2141 5185 2243 5256 ipsi
2297 5185 2646 5239 securitatem
2683 5182 2888 5250 adepti,
2935 5180 3177 5238 salubria
3226 5180 3330 5236 sibi
3371 5181 3600 5236 medita-

2033 5291 2242 5345 rentur,
2276 5286 2329 5333 et
2367 5277 2543 5347 Apros
2583 5276 2825 5330 revertit.

351 5386 572 5456 φρόνως
613 5389 923 5442 ἀπείπαντο
968 5389 1065 5460 τὴν
1111 5389 1430 5461 πρεσϐείαν.
1492 5391 1744 5460 Νομίσας
1781 5393 1838 5446 δέ
1897 5399 1925 5450 ὁ
1967 5393 2222 5468 βασιλεὺς
2253 5391 2432 5463 ἀρχὴν
2501 5386 2947 5458 προσχωρήσεως
2989 5379 3252 5453 εἶναιτὴν
3322 5383 3602 5453 εὐγνωμο-

357 5483 555 5552 σύνην,
604 5480 855 5554 συνεώρα
931 5484 1042 5555 γὰρ
1083 5484 1462 5548 ὐπενδιδόντας
1524 5482 1662 5554 πρὸς
1734 5487 1834 5550 τὰς
1910 5492 2158 5560 συνεχεῖς
2216 5487 2438 5554 ἐφόδους
2497 5484 2595 5535 καὶ
2667 5479 2766 5550 τὴν
2831 5480 3096 5544 κάκωσιν,
3147 5478 3288 5546 ἔγνω
3338 5477 3448 5532 δεῖν
3501 5482 3600 5549 τὴν

357 5576 618 5646 στρατιὰν
639 5576 874 5646 ἀπάγειν
928 5577 1029 5648 τὴν
1079 5579 1364 5648 ταχίστην,
1400 5578 1488 5631 ἵνα
1531 5578 1667 5646 μήτε
1707 5579 1739 5648 ἡ
1773 5578 1928 5649 χώρα
1966 5579 2352 5650 διαφθείροιτο,
2376 5575 2646 5645 μέλλουσα
2675 5570 2921 5641 γίνεσθαι
2986 5569 3103 5640 μετ’
3135 5569 3311 5638 ὀλίγον
3353 5569 3444 5623 ὐπ’
3501 5573 3570 5628 αὐ

355 5673 473 5737 τὸν,
512 5672 666 5726 αὐτοί
703 5689 764 5726 τε
826 5672 1086 5744 τυχόντες
1137 5671 1339 5739 ἁδείας,
1397 5674 1465 5727 τά
1494 5671 1682 5726 δέοντα
1715 5673 2096 5741 βουλεύσαιντο
2141 5672 2268 5740 περὶ
2304 5669 2472 5738 σφῶν,
2504 5669 2596 5721 καὶ
2617 5664 2949 5734 ἀνέστρεφεν
2981 5666 3058 5728 εἰς
3099 5662 3352 5736 ’Λπρῶν.,
