4016 6208
269 265 411 334 1177

1397 275 1948 343 HISTORIARUM
1990 286 2222 359 LIBER
2268 291 2386 352 HI.

3393 301 3542 366 1178’

261 384 358 438 δύο
411 397 471 436 τε
524 381 633 436 τῶν
664 383 904 455 ἀρίστων
961 386 1378 468 ἀπολεξάμενοι,
1416 393 1511 446 καὶ
1541 393 1637 448 τοῦ
1667 394 1828 466 δῆμον

1943 409 2328 473 ttnpet'nmm
2366 407 2610 476 mittunt,
2641 414 2698 465 et
2735 405 2921 462 urbem
2977 379 3198 466 tradunt
3224 427 3240 466 :
3269 409 3529 469 fatentur-

262 479 359 531 καὶ
378 477 491 546 πῆς
518 477 846 546 Ἐκκλησίας
871 479 1160 546 τοσούτους
1187 482 1432 554 ἐτέρους,
1453 486 1587 556 πρὸς
1619 486 1846 556 βασιλέα

261 567 527 639 πρέσϐεις
551 567 820 638 ἔπεμπον,
852 571 946 624 καὶ
975 570 1074 642 τὴν
1125 573 1280 627 πόλιν
1311 576 1670 646 παρεδίδουνο
1708 578 1846 650 ἔφα-

264 677 370 713 σαν
413 659 469 712 δέ
502 660 600 713 καὶ
630 661 786 714 αὐτοὶ
817 662 1085 735 πρότερον
1124 663 1228 736 μὲν
1279 667 1386 722 ὑπὸ
1419 668 1528 721 τῶν
1561 669 1844 742 ἀρχόντων

259 750 695 823 ἐξηπατημένοι,
727 753 1131 828 ἀγνωμοσύνην
1181 774 1243 810 τε
1281 758 1448 813 αὐτοῦ
1491 765 1842 833 κατηγορεῖν,

260 844 357 896 καὶ
384 841 680 934 ἐπιϐουλὴν
720 845 817 898 καὶ
849 847 1145 917 προδοσίαν
1172 849 1430 918 ἐγκαλεῖν
1449 851 1559 906 τῶν
1579 853 1844 923 βασιλέως

264 934 496 989 παίδων.
554 935 706 989 Ἐπεὶ
763 936 819 990 δέ
867 938 960 991 τοῦ
991 940 1188 1011 χρόνου
1242 943 1588 1014 τριϐομένου,
1645 947 1842 1000 ἐκεῖνοι

263 1026 731 1095 συκοφαντοῦντες
773 1030 1166 1088 ἀπεδείκνυντο
1209 1036 1306 1090 καὶ
1343 1035 1412 1091 τὰ
1458 1037 1694 1109 μέγιστα
1720 1041 1845 1112 ἠδι-

261 1119 519 1187 κηκότες,
553 1116 714 1182 αὐτὸς
746 1119 803 1174 δὲ
828 1121 1187 1188 ἀδικούμενος
1207 1127 1302 1178 καὶ
1331 1127 1842 1199 ἐπιϐουλευόμενος,

259 1207 359 1258 καὶ
389 1207 543 1260 οὐδὲν
577 1209 822 1272 ἐπιεικὲς
858 1212 1097 1280 ἀκούων,
1155 1212 1348 1270 ἔπειτα
1393 1219 1489 1272 καὶ
1519 1219 1621 1289 τὴν
1652 1221 1842 1292 κοινὴν

258 1297 496 1367 ἐρῶντες
547 1301 967 1374 πανωλεθρίαν,
1029 1304 1064 1376 ἢ
1116 1305 1298 1376 ὀλίγου
1372 1309 1485 1363 δεῖν
1535 1309 1842 1382 Ῥωμαίους

254 1387 508 1453 ἅπαντας
536 1390 865 1463 διέφθειρεν,
887 1395 1180 1460 ἀκούοντές
1211 1418 1270 1454 τε
1303 1402 1395 1456 καὶ
1425 1403 1590 1458 αὐτὸν
1613 1405 1700 1458 dat
1733 1406 1843 1459 δεό-

261 1494 428 1543 μενον
486 1482 615 1550 περὶ
662 1485 908 1553 εἰρήνης,
962 1487 1210 1554 ἐκείνους
1254 1492 1313 1546 δὲ
1347 1495 1710 1566 αἱρουμένους
1747 1497 1838 1551 τὸν

256 1571 530 1624 τοσούτων
564 1574 737 1628 αἴτιον
766 1576 1002 1647 πόλεμον
1032 1582 1240 1648 κακῶν,
1268 1583 1419 1639 δεινὰ
1447 1587 1546 1656 μὲν
1581 1588 1837 1661 ἡγεῖσθαι

257 1663 329 1713 τὰ
359 1663 730 1734 πραττόμενα,
774 1668 868 1722 καὶ
923 1671 1347 1744 προθυμεῖσθαι,
1387 1679 1442 1731 εί
1491 1696 1574 1742 τις
1604 1679 1836 1750 δύναμις

256 1753 410 1820 ἐνῆν,
453 1752 605 1807 λύσιν
651 1758 774 1812 τινὰ
809 1758 1148 1833 ἐξευρίσκειν
1196 1767 1305 1821 τῶν
1333 1770 1546 1827 κακῶν.
1601 1771 1759 1826 Ἐπεὶ
1789 1773 1834 1827 δ’

257 1847 443 1906 αὐτοῖς
469 1845 627 1899 τοῦτο
657 1848 758 1902 οὐκ
793 1852 851 1903 ἐν
880 1853 1108 1925 ἐφικτῷ,
1146 1859 1272 1922 τοὺς
1305 1859 1410 1929 μὲν
1439 1862 1634 1927 ἀλλους
1656 1863 1834 1917 ἀπαν-

253 1951 357 1996 τας
391 1936 486 2005 τῆς
519 1943 810 2012 συμφορᾶς
838 1947 1150 2017 οίκτείρειν,
1183 1949 1378 2016 αὐτοὺς
1406 1953 1463 2006 δὲ
1490 1955 1558 2007 τὰ
1581 1953 1832 2026 λυσιτελῆ

253 2027 679 2098 βουλευομένους
709 2035 926 2103 ἑαυτοῖς
949 2081 962 2102 ,
995 2040 1255 2113 ψήφισμα
1305 2046 1638 2116 ποιήσασθαι
1663 2065 1834 2118 προσ-

251 2122 456 2213 χωρεῖν
497 2123 744 2190 ἑκόντας,
785 2130 880 2182 καὶ
925 2131 1024 2203 τὴν
1047 2135 1199 2188 πόλιν
1231 2139 1602 2206 παραδιδόναι,
1632 2142 1725 2193 καὶ
1756 2141 1832 2213 μὴ

251 2212 352 2281 τῆς
381 2213 583 2283 ἐτέρων
609 2219 795 2284 ἀνοίας
829 2223 1110 2279 ἀποτίνειν
1159 2229 1359 2293 αὐτοὺς
1387 2231 1564 2295 δίκας.
1594 2212 1832 2287 Τοιαῦτα

255 2303 358 2398 μέν
389 2308 436 2360 oi
462 2309 664 2373 Βιζύῖοι
706 2317 1061 2384 ἐπρέσϐευον.
1098 2322 1364 2388 Βασιλεὺς
1415 2319 1473 2379 δὲ
1507 2327 1608 2398 τῆς
1635 2328 1830 2382 εὐϐου-

251 2394 376 2490 λίας
407 2398 720 2468 ἐπαινέσας,
751 2410 864 2469 τοῖς
897 2425 956 2461 τε
991 2411 1258 2481 πρέσϐεσι
1305 2415 1454 2487 δῶρα
1505 2394 1826 2490 παρασχὼν,

249 2483 388 2557 ἦλθε
444 2493 578 2560 πρὸς
609 2496 707 2567 τὴν
764 2500 961 2566 πόλιν,
1023 2505 1329 2574 ἑπομένους
1379 2483 1521 2578 ἐχων
1574 2483 1670 2566 καὶ
1697 2483 1831 2578 τοὺς

250 2581 535 2675 πρέσϐεις,
569 2589 662 2640 καὶ
686 2592 712 2642 ὁ
733 2589 903 2661 δῆμος
930 2595 1074 2659 ἄπας
1104 2598 1244 2666 μετὰ
1269 2599 1378 2653 τῶν
1412 2602 1649 2673 ἀρίστων
1676 2605 1831 2675 ἐξῆλ-

249 2671 343 2726 Θεν
393 2676 736 2748 ὐνιαντήσων.
790 2684 945 2739 Ἐπεὶ
1002 2686 1061 2740 δέ
1127 2689 1346 2756 ἐγένετο
1394 2671 1564 2762 ἐγγὺς
1621 2671 1826 2765 πυλών,

246 2767 446 2860 πρῶτα
475 2769 572 2838 μὲν
605 2774 855 2829 ἐκέλευεν
887 2779 1092 2833 Ἀνναν
1121 2781 1221 2852 τὴν
1254 2782 1503 2852 βασιλίδα
1534 2787 1826 2860 εὐφημεῖν,

246 2858 494 2953 καὶΔμετ⁹
520 2863 736 2936 ἐκείνην
763 2867 991 2936 βασιλέα
1045 2873 1139 2925 τὸν
1186 2875 1324 2940 υἱὸν,
1377 2880 1592 2948 τρίτους
1707 2885 1826 2953 μετ’

246 2949 513 3017 ἐκείνους,
547 2955 708 3010 αὐτόν
737 2975 796 3012 τε
825 2962 918 3013 καὶ
958 2963 1195 3035 Είρήνην
1230 2966 1479 3037 βασιλίδα
1505 2973 1606 3043 τὴν
1640 2949 1828 3041 γυναῖ-

1949 510 2056 566 que
2079 505 2137 551 et
2163 498 2292 567 ipsi,
2316 514 2376 555 se
2410 501 2564 570 prius
2585 516 2616 555 a
2650 499 2920 570 praefectis
2952 500 3101 555 illum
3137 517 3230 570 pro
3259 502 3528 573 improbo,

1947 596 2002 642 et
2041 589 2384 658 insidiatore,
2445 601 2501 648 et
2554 592 2898 663 imperatoris
2958 592 3191 660 ﬁliorum
3254 594 3533 664 proditore

1945 682 2332 737 accusantibus
2389 683 2609 739 delusos
2660 698 2803 739 esse.
2825 683 2896 738 At
2941 691 3227 754 postquam
3282 692 3527 754 tempore

1944 774 2274 843 procedente
2305 775 2424 830 illos
2471 776 2894 832 calumniatores
2919 775 3091 831 fuisse
3119 774 3524 845 iuiquissimos,

1945 867 2233 938 Ipsumque
2268 867 2530 938 injuriose
2567 877 2623 923 et
2649 868 2909 924 insidiose
2952 876 3241 924 tractatum
3273 877 3330 923 et
3357 867 3525 924 male-

1944 959 2107 1016 dictis
2163 949 2468 1015 conilxum'
2503 962 2882 1031 apparuisset,
2954 975 3190 1031 cumque
3259 941 3529 1016 vidissent

1943 1069 2292 1110 communem
2342 1063 2574 1125 pestem,
2624 1070 2731 1123 qua
2775 1053 3007 1109 Romani
3042 1069 3183 1124 pene
3211 1068 3404 1108 omnes
3438 1055 3528 1108 in-

1944 1145 2212 1211 terierint,
2245 1154 2300 1200 et
2332 1145 2821 1215 audissent/ipsum
2855 1160 3044 1215 pacem
3079 1145 3200 1199 sine
3241 1141 3526 1198 intermis-

1942 1236 2096 1292 sione
2151 1236 2414 1305 ﬂagitare,
2469 1235 2590 1291 illos
2640 1246 2833 1290 contra
2880 1236 3081 1290 bellum
3128 1242 3205 1288 tot
3256 1234 3522 1288 malorum

1941 1342 2162 1382 causam
2192 1327 2314 1397 paci
2358 1327 2638 1398 praeferre,
2679 1326 2918 1397 graviter
2948 1326 3159 1388 tulisse,
3194 1334 3527 1395 paratosque

1941 1421 2008 1474 ad
2045 1419 2343 1474 remedium
2382 1418 2548 1489 tantis
2571 1418 2833 1472 aerumnis
2877 1417 3220 1472 afferendum
3253 1417 3444 1480 fuisse,
3479 1416 3525 1470 si

1941 1510 2105 1565 modo
2138 1511 2306 1565 ullum
2342 1507 2592 1564 invenire
2628 1507 2957 1578 potuissent.
2984 1505 3090 1560 Sed
3122 1505 3378 1574 quoniam
3415 1519 3526 1558 non

1941 1616 2004 1657 ea
2056 1610 2200 1656 esset
2261 1601 2502 1671 ipsorum
2557 1598 2806 1663 facultas,
2857 1597 3088 1650 aliorum
3149 1596 3395 1648 omnium
3451 1594 3527 1646 ita

1941 1694 2266 1750 amictorum
2300 1691 2678 1750 misericordia
2721 1689 3053 1746 commoveri
3084 1705 3098 1742 :
3127 1697 3183 1743 et
3220 1700 3279 1742 ut
3307 1686 3528 1740 sibimet

1942 1786 2340 1856 prospicerent,
2401 1785 2713 1840 decrevisse
2780 1783 2838 1838 in
2905 1783 3027 1852 ejus
3083 1798 3142 1836 se
3199 1787 3524 1851 potestatem

1943 1878 2086 1933 ultro
2115 1892 2240 1932 cum
2265 1877 2395 1930 urbe
2433 1875 2668 1938 tradere,
2703 1889 2772 1928 ne
2817 1873 3010 1928 alienae
3043 1872 3295 1927 amentiae
3336 1885 3527 1940 ptenas

1939 1969 2112 2023 luant.
2145 1966 2267 2022 Haec
2298 1967 2616 2038 Bizyenses.
2656 1966 2960 2036 Imperator
3000 1966 3233 2034 probato
3265 1973 3374 2016 tam
3407 1962 3521 2015 lau-

1939 2061 2104 2115 dabili
2140 2060 2370 2115 consilio
2401 2061 2607 2130 legatos
2637 2066 2980 2120 muneratur,
3011 2065 3066 2110 et
3091 2055 3155 2110 iis
3179 2067 3522 2124 prosequen-

1941 2154 2085 2209 tibus
2133 2154 2202 2208 ad
2248 2155 2436 2208 urbem
2492 2152 2704 2207 fertur:
2737 2151 2826 2206 cui
2878 2150 3032 2221 plebs
3093 2150 3344 2203 universa
3393 2162 3520 2200 cum

1939 2247 2294 2318 Optimatibus
2321 2260 2379 2301 se
2407 2246 2624 2300 obviam
2669 2243 2916 2299 eﬂ‘undit.
2942 2242 3042 2297 Ubi
3075 2241 3141 2296 ad
3169 2251 3352 2310 portas
3396 2239 3520 2300 fuit,

1937 2337 2175 2408 primum
2235 2335 2457 2404 quidem
2507 2333 2680 2387 Annae
2733 2330 3102 2402 imperatrici,
3160 2327 3357 2382 deinde
3412 2324 3522 2378 filio

1938 2431 2056 2500 ejus
2087 2427 2425 2496 imperatori,
2466 2435 2742 2496 postremo
2793 2424 2893 2477 sibi
2939 2431 2992 2476 et
3027 2419 3180 2474 uxori
3217 2433 3326 2473 sua:
3347 2417 3520 2471 Irenze

1938 2522 2179 2575 faustum
2216 2517 2502 2572 acelamari
2559 2516 2744 2587 jussit,
2794 2512 2940 2583 quod
2992 2511 3259 2566 fecerunt.
3313 2507 3516 2562 Eodem

1939 2611 2100 2666 modo
2135 2625 2236 2680 per
2279 2608 2412 2662 alias
2448 2608 2610 2662 urbes
2657 2606 2796 2671 fieri,
2830 2614 2884 2659 ct
2926 2603 3069 2660 inter
3101 2600 3516 2656 sacrificandum

1936 2701 2191 2756 similiter
2222 2701 2616 2770 imperatorum
2655 2698 2988 2752 mentionem
3022 2693 3285 2749 celebrari
3321 2690 3513 2746 voluit.

1938 2793 2133 2850 Statim
2171 2793 2335 2863 igitur
2364 2807 2473 2846 non
2504 2805 2672 2861 pauca
2693 2788 2745 2842 in
2783 2788 3015 2842 circuitu
3043 2785 3238 2856 oppida
3263 2796 3514 2838 accesse-

1935 2895 2083 2951 runt,
2148 2885 2348 2955 quibus
2392 2882 2621 2954 singulis
2676 2883 2969 2950 imperator
3015 2877 3300 2948 prmfectus
3347 2874 3513 2935 dedit.

1935 2992 2234 3048 earumque
2279 2985 2478 3032 statum
2521 2991 2641 3044 qua:
2671 2974 2877 3044 optima
2917 2972 3029 3026 visa
3053 2978 3134 3024 est
3164 2969 3375 3022 ratione
3398 2967 3514 3020 for-

243 3059 343 3152 ζα·
377 3047 470 3152 καὶ
501 3048 731 3152 ἐτελεῖτο
765 3052 798 3122 ἡ
835 3053 1080 3125 εὐφημία
1109 3060 1251 3114 κατά
1281 3062 1349 3114 τὰ
1390 3064 1823 3137 κεκελευσμένα.

1934 3071 2124 3126 mavit.
2165 3069 2341 3140 Byzize
2390 3068 2697 3122 Manuelcm
2728 3066 2987 3129 Asanem,
3018 3060 3205 3117 uxoris
3255 3073 3368 3114 suae
3401 3057 3512 3112 fra-

242 3132 356 3186 Τδν
398 3135 509 3188 ἴσον
533 3138 588 3190 δὲ
615 3141 814 3208 τρόπον
843 3146 948 3198 κάν
993 3149 1116 3211 ταῖς
1149 3149 1341 3216 ἄλλαις
1370 3153 1589 3207 πόλεσιν
1617 3132 1823 3210 ἐποίει·

244 3225 342 3277 καὶ
376 3228 515 3295 μετά
543 3229 640 3291 τὰς
692 3233 842 3301 ἱερὰς
893 3242 1286 3308 μυσταγωγίας
1334 3247 1537 3314 ὁμοίιος
1576 3250 1673 3318 τὴν
1714 3251 1825 3304 τῶν

246 3318 517 3385 βασιλέων
551 3325 773 3395 μνήμην
805 3328 1021 3382 ἐκέλευε
1071 3335 1364 3391 ποιεῖσθαι.
1397 3339 1575 3402 Εὐθὺς
1609 3344 1706 3410 μὲν
1734 3343 1825 3396 οὖν

244 3414 638 3483 προσεχώρουν
667 3420 759 3472 καὶ
797 3421 864 3474 τὰ
901 3426 1028 3494 περὶ
1063 3426 1266 3498 Βιζύην
1299 3430 1550 3501 πολίχνια
1579 3433 1707 3488 ὄντα
1727 3436 1825 3488 οὐκ

240 3503 426 3572 ὀλίγα,
471 3511 566 3561 καὶ
613 3511 780 3564 πᾶσιν
824 3513 853 3565 ό
885 3514 1143 3584 βασιλεὺς
1191 3519 1384 3592 ἐφίστη
1437 3523 1684 3593 ἡγεμόνα
1732 3529 1827 3583 καὶ

240 3594 456 3666 διῴκει,
553 3601 705 3674 αὐτῷ
755 3603 928 3659 ἐδόκει
971 3607 1192 3678 ἄριστα.
1243 3610 1446 3683 Βιζύης
1478 3615 1544 3686 δὴ
1582 3617 1826 3687 ἄρχοντα

239 3693 549 3764 κατέστησε
580 3697 672 3749 τὸν
719 3702 980 3767 γυναικὸς
1041 3702 1270 3774 ἀδελφὸν
1313 3707 1547 3776 Ἀσάνην
1576 3709 1668 3762 τὸν
1701 3709 1826 3762 Μα-

240 3784 430 3855 νουήλ.
459 3780 568 3839 Ἦν
594 3788 702 3860 γάρ
727 3806 851 3845 τινα
882 3794 977 3847 καὶ
1015 3797 1327 3868 οἰκειότητα
1363 3799 1501 3871 πρὸς
1535 3800 1640 3871 τὴν
1666 3802 1823 3856 πόλιν

238 3877 484 3946 ἀρχαίαν
502 3879 662 3951 ἔχων.
693 3883 1142 3960 Πρωτοστράτωρ
1165 3890 1273 3962 γὰρ
1299 3892 1327 3943 ό
1350 3893 1540 3945 τούτου
1560 3893 1824 3965 πενθερὸς

239 3969 362 4021 ἐκεῖ
387 3969 486 4042 τὴν
516 3975 692 4027 οίκίαν
740 3974 879 4046 ἔχων
926 3978 1182 4051 ἐξαρχῆς,
1221 3983 1443 4054 κτήσεις
1473 4001 1532 4038 τε
1563 3985 1824 4049 πλείστας

239 4061 340 4113 καὶ
377 4065 620 4132 μεγάλας
643 4064 790 4139 εἶχεν
822 4071 878 4124 ἐν
914 4073 1076 4143 αὐτῇ,
1123 4075 1352 4130 καὶτῶν
1381 4079 1686 4148 συγγενῶν,
1727 4085 1823 4133 καὶ

237 4155 354 4206 τῶν
412 4159 624 4212 οἰκείων
671 4163 789 4214 ἐκεῖ
830 4164 1017 4218 πολλοὶ
1071 4165 1377 4238 κατῴκουν,
1411 4171 1501 4240 ὐφ’
1550 4165 1624 4225 ὧν
1657 4174 1821 4245 ἤγετο

238 4243 435 4313 σχεδὸν
463 4247 496 4315 ἡ
525 4248 696 4311 πόλις.
744 4251 843 4305 Διὰ
875 4253 1080 4324 ταύτην
1109 4257 1172 4326 δὴ
1200 4258 1300 4328 τὴν
1326 4261 1643 4330 οἰκειότητα
1681 4243 1821 4332 πρὸς

239 4337 730 4408 πρωτοστράτορα,
762 4340 855 4392 τὸν
886 4343 1137 4413 γαμϐρὸν
1169 4345 1352 4408 αὐτοῖς
1385 4348 1686 4419 ἐπέστησεν
1712 4351 1816 4420 ἀρ-

1931 3175 2068 3218 trem
2121 3161 2434 3232 praefectum
2482 3159 2717 3228 delegit,
2759 3157 2845 3212 cui
2892 3163 3051 3209 vetus
3096 3153 3341 3223 quaedam
3387 3165 3509 3204 cum

1926 3257 2141 3312 civilius
2175 3255 2284 3310 illis
2311 3251 2626 3321 conjunctio
2660 3245 3077 3304 consuetudinis
3109 3241 3506 3298 intercedebat.

1925 3349 2088 3419 62³7
2120 3347 2492 3400 Ρΐοιοεῑνθιοῐ·
2537 3343 2739 3412 quippe
2785 3341 2906 3407 ejus
2951 3353 3109 3392 socer
3144 3337 3253 3390 illic
3283 3334 3513 3389 domici-

1926 3440 2057 3493 lium
2093 3437 2162 3490 ab
2205 3436 2384 3496 initio.
2418 3435 2732 3501 multasque
2772 3441 2828 3484 et
2880 3429 3087 3496 atuplas
3137 3425 3510 3496 possessiones

1925 3527 2182 3584 habebat.
2218 3525 2488 3579 Praeterea
2539 3530 2898 3591 cognatorum
2927 3525 2980 3570 et
3011 3513 3359 3571 familiarium
3390 3512 3510 3581 ejus

1925 3623 2236 3693 complures
2296 3619 2370 3674 ibi
2402 3617 2739 3680 incolebant,
2773 3630 2803 3669 a
2851 3612 3051 3681 quibus
3099 3609 3272 3663 ferme
3317 3606 3510 3661 civitas

1925 3711 2432 3769 administrabatur.
2490 3707 2573 3762 Ob
2635 3706 2776 3760 banc
2832 3703 3000 3774 igitur
3076 3696 3505 3754 familiaritatem

1925 3804 2174 3877 conjugis
2223 3818 2336 3860 sum
2385 3813 2704 3873 germanum
2757 3795 3058 3854 blanuelem
3094 3793 3326 3847 Asanem
3369 3801 3508 3858 prae-

1923 3898 2126 3953 fectum
2182 3896 2333 3967 ipsis,
2367 3907 2428 3949 ut
2477 3893 2813 3954 dicebamus,
2849 3885 3152 3942 constituit.
3185 3881 3318 3936 Nam
3376 3893 3505 3949 pro-

1926 4000 2185 4046 tostrator
2235 3998 2353 4059 post
2409 3985 2778 4042 secessionem
2832 3980 2900 4035 ab
2965 3979 3295 4048 imperatore
3357 3970 3501 4043 apud

1924 4081 2394 4152 Gynmcocastrum
2443 4091 2472 4130 a
2511 4059 2708 4145 magno
2739 4077 2876 4128 duce
2914 4069 3132 4141 egregie
3173 4067 3537 4126 ludificatus,‘

1923 4183 1976 4229 et
2006 4173 2148 4226 inter
2187 4171 2463 4241 principes
2511 4168 2809 4222 amicorum
2861 4171 3172 4233 cooptatus,
3228 4158 3502 4230 pauloque

1922 4275 2046 4337 post
2104 4261 2555 4334 protovcstiarius
2603 4259 2929 4320 declaratus,
2981 4262 3167 4324 postea
3214 4247 3357 4304 domi
3387 4261 3500 4300 suae

1922 4356 2188 4418 inclusus,
2218 4361 2272 4408 et
2303 4351 2545 4406 tenebris
2569 4350 2819 4406 similiter
2865 4355 2922 4400 ut
2951 4345 3040 4400 alii
3070 4341 3312 4410 ejusdem
3339 4337 3499 4394 ducis

235 4443 360 4532 χεν
393 4427 624 4532 ἶΛσΞνην
641 4432 732 4482 τὴν
758 4432 1034 4504 Μανουήλ.
1071 4436 1518 4510 Πρωτοστράτωρ
1538 4440 1646 4512 γὰρ
1676 4441 1814 4512 μετὰ

1931 4446 2081 4502 amici
2116 4447 2426 4507 damnatus,
2478 4443 2552 4497 ita
2599 4441 2787 4512 perdiu
2836 4439 2890 4493 in
2921 4437 3131 4492 :edibus
3163 4435 3280 4488 suis
3309 4439 3496 4487 custo-

236 4518 341 4585 τὴν
395 4518 454 4569 ἐν
488 4519 950 4596 Γυναικοκάστρῳ
990 4527 1083 4580 τοῦ
1143 4531 1410 4600 βασιλέως
1463 4534 1815 4606 ἀναχώρησιν

1931 4541 2088 4603 ditus,
2115 4541 2332 4593 tandem
2370 4551 2534 4607 egens
2583 4543 2637 4588 et
2667 4531 2887 4587 infamis
2917 4545 2983 4583 ex
3011 4528 3228 4596 copioso
3255 4535 3311 4580 et
3370 4525 3500 4579 illu-

236 4607 351 4660 ὐπὸ
407 4612 643 4678 μεγάλου
698 4614 891 4680 δουκδς
949 4620 1124 4674 πολλὰ
1187 4625 1557 4693 φενακισθεὶς,
1595 4630 1688 4680 καὶ
1738 4631 1818 4693 είς

233 4701 370 4759 τοὺς
402 4702 652 4772 πρώτους
679 4707 787 4759 τῶν
828 4709 998 4776 φίλων
1024 4715 1380 4783 τεταγμένος,
1410 4718 1819 4788 πρωτοϐεστιά-

234 4793 359 4860 ριός
384 4811 440 4846 τε
489 4795 656 4868 ὀλίγῳ
695 4797 924 4871 ὕστερον
976 4804 1339 4876 ἀναδειχθεὶς,
1389 4809 1580 4864 ἔπειτα
1613 4814 1694 4874 είς
1718 4813 1817 4883 τὴν

232 4885 421 4939 οἰκίαν
447 4891 825 4963 κατεκλείσθη,
857 4896 950 4948 καὶ
979 4897 1144 4966 ζόφον
1170 4901 1469 4972 κατεκρίθη
1497 4906 1609 4966 τοῖς
1635 4905 1818 4969 ἄλλοις

235 4977 445 5044 ὁμοίως
476 4981 693 5047 φίλοις,
738 4986 832 5038 καὶ
864 4988 1054 5056 χρόνον
1110 4987 1254 5043 οὕτω
1311 4993 1508 5062 συχνὸν
1559 4995 1816 5061 διανύσας

235 5071 648 5140 φρουρούμενος
672 5077 728 5126 ἐν
757 5078 820 5146 τῇ
856 5078 1025 5150 οίκίᾳ,
1059 5079 1288 5154 ὕστερον
1334 5084 1678 5158 ἐτελεύτησε,
1717 5090 1816 5141 πὲ-

232 5178 336 5229 νης
363 5162 456 5214 καὶ
499 5165 692 5235 ἄτιμος
726 5169 786 5232 ἐξ
823 5171 1060 5242 εὐπόρου
1092 5174 1188 5228 καὶ
1223 5177 1558 5246 περιφανοῦς
1590 5196 1818 5250 γεγενη-

231 5253 422 5321 μένος.
454 5256 776 5330 [Ιατριάρχῃ
808 5260 865 5313 δὲ
893 5261 970 5332 τῷ
1008 5262 1399 5336 Ἰεροσολύμων
1437 5269 1564 5338 ἄρτι
1599 5269 1720 5322 τότε
1752 5273 1816 5324 ἐκ

225 5344 534 5407 Βυζαντίου
591 5349 866 5421 διαδράντι
895 5393 909 5417 ,
970 5355 1402 5429 ὐποπτευομένῳ
1442 5363 1536 5413 καὶ
1580 5361 1815 5432 πάσχειν

230 5435 489 5504 μέλλοντι
514 5441 722 5506 κακῶς,
757 5444 852 5497 καὶ
877 5445 1170 5518 ἀφιγμένῳ
1201 5449 1338 5515 πρὸς
1365 5450 1553 5514 αὐτὸν,
1603 5455 1630 5505 ό
1655 5453 1812 5522 βασι-

228 5523 362 5588 λεὺς
403 5527 503 5598 τὴν
555 5530 756 5603 Βιζύης
796 5537 1144 5609 ἐνεχείρησεν
1179 5541 1530 5608 Ἐκκλησίαν,
1577 5541 1720 5597 ὥστε
1747 5548 1814 5598 τὰ

227 5621 345 5683 τοῖς
389 5621 556 5689 ίεροῖς
599 5626 820 5680 κανόσιν
849 5629 1167 5700 ἐνδεδομένα
1208 5633 1489 5704 πράττειν,
1524 5637 1648 5689 ἐπεὶ
1678 5637 1813 5690 ταύ-

227 5728 333 5781 της
363 5714 389 5765 ό
427 5716 718 5786 ἀρχιερεὺς
752 5721 1030 5793 ἀπεχώρει
1067 5725 1164 5795 τὴν
1192 5725 1454 5796 βασιλέως
1485 5729 1811 5798 ἀποσειόμε-

1921 4633 2015 4688 stri
2041 4641 2288 4686 mortuus
2309 4638 2410 4683 est.
2431 4626 2756 4682 Patriarcbae
2777 4633 2954 4677 autem
2982 4620 3500 4690 Hierosolymorum,

1918 4725 2016 4793 qui
2043 4732 2328 4790 suSpectus
2391 4728 2445 4773 et
2495 4731 2684 4788 pmnas
2728 4716 2954 4768 daturus
3009 4725 3198 4767 recens
3242 4709 3500 4780 Byzantio

1917 4816 1983 4872 ad
2028 4829 2087 4870 se
2142 4811 2496 4884 confugerat,
2528 4811 2820 4880 imperator
2858 4805 3171 4878 Bizyensem
3197 4803 3498 4858 Et-clesiam

1917 4921 2201 4962 sacrorum
2251 4919 2521 4960 canonum
2572 4915 2834 4957 COHCBSSU
2889 4899 3174 4970 regendam
3217 4911 3498 4950 commen-

1917 4998 2066 5053 davit
2112 5015 2128 5053 :
2186 4993 2629 5065 quandoquidem
2683 4994 2805 5063 ejus
2857 4991 3164 5060 episcOpns,
3196 4987 3494 5041 adventum

1918 5090 2091 5160 ipsius
2143 5096 2447 5152 aversatus,
2471 5086 2777 5158 aufugerat.
2822 5083 2960 5138 Toto
2989 5079 3136 5134 orbis
3171 5089 3316 5136 statu
3348 5094 3496 5132 cout-

1919 5181 2118 5251 posito,
2151 5180 2518 5250 Cbariopolim
2553 5195 2613 5234 se
2646 5176 2878 5246 recepit,
2911 5184 2966 5228 et
3002 5173 3200 5243 oppida
3234 5171 3496 5227 restantia

1921 5273 1986 5327 ad
2033 5273 2368 5328 deditionem
2403 5271 2598 5341 partim
2636 5269 2804 5324 armis
2860 5267 3057 5338 coegit,
3119 5265 3315 5336 partim
3373 5279 3498 5317 ora-

1922 5369 2068 5423 tione
2129 5368 2195 5424 ad
2263 5367 2699 5438 persuadendqu
2760 5363 3166 5418 accommodata
3223 5361 3506 5417 invitavit-

1917 5460 2036 5516 Jam
2072 5475 2201 5516 vero
2233 5475 2463 5526 magnus
2517 5461 2621 5511 dux
2651 5465 2842 5527 captus
2885 5459 3024 5512 intra
3077 5456 3260 5510 urbem
3292 5454 3502 5510 latendi-

1919 5551 2136 5606 fastidio
2160 5550 2299 5621 (alia:
2331 5549 2595 5618 siquidem
2619 5547 3002 5602 Cantacuzeno
3023 5561 3082 5601 se
3106 5548 3514 5617 permiseram,

1918 5643 2036 5696 alia:
2065 5641 2300 5696 obsessa:
2348 5648 2404 5694 et
2434 5638 2767 5708 quotidianis
2797 5637 3244 5709 pepulationibus
3274 5639 3509 5693 direxti--

1913 5744 1986 5798 ,ιω
2022 5732 2307 5798 nutabant,
2340 5747 2461 5787 cum
2491 5732 2791 5787 subsidium
2822 5733 2886 5787 ab
2926 5731 3016 5786 illo
3053 5731 3512 5801 ιιιιίιυηιμιιιαιηαι
