4016 6208
317 302 454 372 1181
1160 325 1169 332 '
1441 318 1997 388 HISTORIARUM
2040 327 2281 391 LIBER
2321 331 2442 395 III.
2552 326 2557 331 ’
3436 342 3589 412 1182

313 422 579 527 σαρκίας,“
631 420 815 527 ἔπειθε
856 425 1110 496 μεγάλοις
1144 428 1357 500 μισθοῖς
1410 434 1877 508 ἐπαγγελλόμενοι

2000 442 2320 504 Collocutus
2360 448 2526 520 igitur
2579 464 2707 506 cum
2758 453 2997 523 quodam
3057 455 3292 523 medico,
3360 459 3452 527 qui
3510 477 3577 516 ex

309 512 406 566 καὶ
456 512 641 576 αὐτὸν,
694 514 952 578 εὐσταλὲς
982 517 1041 570 τὸ
1084 519 1241 590 σῶμα
1279 524 1376 577 καὶ
1426 524 1745 598 σύμμετρόν
1784 524 1873 583 τισ

1996 537 2152 593 Italia
2206 554 2378 610 nuper
2421 552 2665 614 venerat,
2691 512 2789 600 de.
2814 544 2925 601 ista
2965 512 3327 617 corpulentia.
3367 512 3575 622 ingenti
3656 594 3659 597 -

309 606 559 711 seodio-etv
592 607 987 676 φαρμακείαις,
1039 612 1137 665 καὶ
1167 611 1230 683 δὴ
1266 614 1433 670 τάλλα
1462 617 1639 672 πάντα
1666 618 1877 690 δεύτερα

1995 631 2256 687 mercede
2300 646 2425 686 eum
2464 634 2744 711 demulsit,
2772 644 2827 690 et
2869 636 2918 691 is
2968 652 3028 693 se
3061 653 3264 708 corpus
3295 606 3576 711 ejusuqni-

304 694 637 761 ἡγούμενος,
673 698 920 801 λουτροῖς
945 701 1205 772 ἐσχόλαζε
1235 708 1331 760 καὶ
1358 707 1576 778 ἐμέτοις
1603 710 1697 765 καὶ
1728 711 1877 765 κενώ

1994 721 2224 778 busdam
2272 700 2556 781 medicinis
2598 726 2665 780 ad
2697 727 2945 783 decorem
2993 740 3046 783 et
3078 694 3431 801 gracilitatem
3464 694 3578 786 tra-

307 803 429 838 σεσι
482 789 729 888 γαστρδς
790 783 936 888 ᾖ*τῷ
1000 792 1171 865 ἰατρῷ
1231 796 1424 864 ἐδόκει,
1481 800 1779 876 ὀλιγοσιτίᾳ
1834 822 1877 860 τι

1995 815 2286 872 ducturum
2338 818 2652 888 Spopondit.
2681 819 2801 874 Mox
2833 783 3160 888 posthabitis
3186 783 3575 887 omnibus,
3618 856 3625 859 -

306 881 602 967 προσεῖχε,
646 881 739 934 καὶ
797 881 966 936 τᾶλλα
1002 885 1178 939 πάντα
1209 887 1558 962 ἐπετήδευεν,
1602 894 1705 950 ὅσα
1754 895 1894 967 πρὸς

303 964 612 1057 λεπτότητα
648 972 986 1042 συναίρεταε.
1022 974 1112 1041 Ἐξ
1145 972 1219 1032 ὧν
1249 980 1430 1049 ἠτόνει
1463 982 1563 1054 μὲν
1593 985 1690 1039 καὶ
1720 964 1892 1057 ἀδρα-

305 1060 406 1128 νὴς
432 1056 521 1130 ἦν,
551 1062 647 1115 καὶ
676 1063 980 1134 παρελύετο
1007 1068 1104 1138 τὴν
1139 1070 1352 1143 ῥώμην,
1385 1074 1416 1142 ὴ
1450 1077 1665 1148 γαστὴρ
1697 1078 1754 1132 δὲ
1782 1056 1889 1133 ὀλι-

304 1165 381 1240 γα
410 1151 548 1240 πρὸς
578 1154 669 1207 τὸν
692 1153 858 1222 ὄγκον
882 1157 1136 1213 ἐνεδίδου.
1158 1160 1542 1229 ’Υποπτεύσας
1571 1167 1629 1221 δὲ
1661 1170 1688 1222 6
1715 1169 1892 1240 μέγας

302 1238 548 1333 δσῦξηώς
577 1240 804 1314 ὕστερον
844 1264 973 1300 ποτε
1012 1248 1403 1320 ἀπαγορεύσας
1440 1256 1579 1327 πρὸς
1602 1238 1727 1323 τὰς
1754 1238 1892 1333 φαρο

309 1330 549 1396 μακείας
589 1335 798 1388 εἵσεται
834 1336 1018 1406 σαφῶς
1063 1339 1164 1409 τὴν
1200 1343 1484 1411 εἰρωνείαν
1509 1387 1525 1413 ,
1578 1349 1673 1403 καὶ
1710 1330 1891 1414 δείσας
1928 1361 1932 1364 ‘

308 1420 389 1513 9:11
420 1422 508 1477 διὰ
534 1424 595 1477 τὸ
624 1428 981 1497 περιορᾶσθαι
1010 1431 1147 1500 πρὸς
1176 1434 1266 1485 τὸν
1300 1437 1422 1488 κατ’
1448 1438 1615 1492 αὐτοῦ
1652 1441 1889 1513 πόλεμον

302 1511 459 1579 αὖθις
490 1518 739 1588 ἐκτραπῇ
768 1522 863 1573 καὶ
892 1522 1055 1593 πείσῃ
1090 1525 1343 1594 βασιλίδα
1377 1528 1624 1584 τίθεσθαι
1654 1511 1888 1597 σπονδὰς

302 1609 447 1677 πρὸς
493 1610 949 1680 Καντακουςηνδν
992 1616 1084 1668 τὸν
1122 1616 1348 1688 βασιλέα
1408 1621 1540 1690 περὶ
1580 1623 1888 1696 εἰρήνης,ιδ

1995 908 2374 979 praescriptum
2425 910 2622 966 medici
2662 911 2893 976 balneis,
2921 912 3335 975 vomitionibus.
3359 915 3572 969 crebris

1995 999 2099 1054 alvi
2130 999 2480 1057 ductionibus
2517 1003 2612 1057 dat
2662 1018 2905 1073 operam,
2950 1019 3142 1073 parum
3182 1005 3289 1059 cibi
3316 1014 3371 1060 et
3397 1005 3575 1075 potio-

1992 1078 2085 1146 nis
2124 1090 2367 1158 adhibet,
2423 1101 2726 1162 caeteraque
2777 1096 2957 1149 omnia
3023 1096 3092 1150 ad
3140 1097 3389 1166 corporis
3423 1109 3580 1153 exte-

1993 1182 2313 1237 nuationem
2371 1183 2607 1238 valentia
2671 1184 2860 1240 sedulo
2914 1195 3163 1255 usurpat.
3225 1187 3306 1241 Ex
3375 1188 3575 1256 quibus

1991 1273 2237 1346 languor,
2262 1274 2626 1339 imbecillitas,
2647 1290 3054 1346 nervorumque
3086 1277 3372 1332 dissolutio
3429 1279 3575 1334 exsi-

1992 1365 2191 1430 stebat,
2215 1373 2270 1419 at
2300 1366 2508 1421 ventris
2539 1365 2710 1421 moles
2739 1381 2927 1434 parum
2951 1366 3396 1422 imminuebatur.
3425 1367 3574 1422 Veri-

1992 1465 2081 1513 tus
2132 1466 2317 1511 autem
2365 1472 2596 1528 magnus
2659 1458 2791 1521 dux,
2849 1472 2920 1512 ne
2976 1458 3192 1513 tandem
3259 1459 3571 1529 pharmacis

1992 1545 2345 1617 defatigatus,
2394 1547 2650 1602 technam
2699 1547 3039 1617 perspiceret
3079 1564 3094 1601 :
3132 1557 3191 1601 et
3239 1548 3438 1603 timens
3476 1563 3568 1616 ne,

1990 1639 2119 1707 quia
2151 1647 2501 1709 contemptus
2534 1648 2698 1701 esset,
2743 1652 2933 1695 rursus
2985 1653 3137 1692 arma
3171 1646 3361 1693 contra
3389 1638 3568 1708 ipsum
3636 1672 3637 1675 η

300 1699 412 1751 τῶν
441 1701 707 1782 κινδύνων
738 1704 887 1774 αὐτῷ
920 1705 949 1757 6
979 1706 1357 1778 φοϐερώτατος
1391 1711 1591 1779 ἐδόκει,
1618 1714 1877 1785 ἐσκέψατο

1987 1699 2182 1794 ferret,
2223 1699 2393 1800 atque
2431 1699 2836 1799 imperatricem
2873 1729 2942 1784 ad
2979 1728 3158 1784 fmdus
3209 1744 3333 1784 cum
3364 1699 3570 1784 canta-

299 1788 490 1859 τρόπῳ
504 1789 569 1861 δή
594 1809 703 1846 τινι
730 1792 1073 1867 διαφθείρειν
1094 1799 1189 1852 καὶ
1210 1800 1373 1855 αὐτόν
1392 1817 1408 1833 ο
1445 1805 1539 1856 καὶ
1564 1805 1675 1857 τῶν
1706 1782 1877 1861 συνει-

1989 1834 2197 1874 cuzeno
2225 1782 2555 1890 patrandum
2594 1821 2919 1893 impelleret,
2948 1834 3059 1889 quo
3107 1820 3317 1875 nullum
3351 1821 3569 1891 pericu-

298 1878 565 1939 δότωντά
593 1884 883 1955 ἀπόρρητα
920 1888 1067 1958 αὑτῷ
1097 1904 1251 1953 τινας
1277 1894 1634 1964 προσέπεμπε
1655 1896 1886 1965 μηνύον-

297 1989 403 2059 τας
425 1972 491 2026 δι’
516 1975 732 2030 εὔνοιαν
765 1977 928 2047 δῆθεν
958 1980 1034 2050 τῷ
1060 1978 1589 2058 μεγάλῳ-λογοθέτῃ,
1613 1988 1695 2040 ὃτι
1728 1987 1885 2059 βασι-

311 2064 401 2126 λὶς
430 2065 662 2135 μάλιστα
683 2066 961 2139 ὀργίζοιτο
996 2071 1169 2141 αὐτῷ,
1200 2074 1300 2141 τὴν
1325 2074 1382 2127 δὲ
1419 2076 1599 2130 αἰτίαν
1632 2078 1845 2147 ἀγνοεῖν
1865 2098 1881 2114 ο

295 2154 349 2206 οἳ
382 2157 475 2208 καὶ
492 2158 719 2210 τοιαῦτα
754 2162 1266 2229 προσαγγέλλοντες
1295 2164 1611 2235 ὲξεφόϐουν.
1651 2168 1883 2225 Ἔπειτα

295 2250 401 2300 καὶ
424 2248 621 2319 ὅρκους
649 2248 879 2320 ᾐτοῦντο
912 2251 1072 2322 δῆθεν
1108 2254 1250 2326 ὑπὲρ
1285 2258 1385 2309 τοῦ
1411 2257 1611 2329 μηθενὶ
1640 2263 1879 2333 καταδή-

294 2339 427 2403 λους
457 2342 634 2393 ποιεῖν
670 2341 797 2404 τοὺς
837 2343 907 2396 τὰ
954 2344 1249 2416 ἀπόρρητα
1307 2347 1674 2417 μηνύσαντας.
1725 2351 1882 2407 Οὕτω

292 2433 403 2502 μὲν
432 2426 525 2485 οὖν
580 2434 779 2517 ἐκείνοι
823 2436 1201 2506 ἐκακούργουν
1234 2437 1331 2508 τὴν
1366 2441 1761 2513 πεπλασμένην
1788 2444 1882 2515 δή·

292 2522 467 2577 λωσιν
496 2524 605 2577 τῶν
635 2526 987 2597 ἀπορρήτων.
1030 2527 1280 2592 Γαϐαλᾶς
1325 2530 1382 2582 δὲ
1426 2532 1692 2602 Δοίόμενος
1738 2530 1880 2591 εἶναι

290 2615 479 2687 ἀληθῆ
504 2618 571 2669 τά
602 2617 725 2689 είρη
734 2618 892 2688 μένα,
934 2620 1277 2690 πανταχόθεν
1304 2622 1403 2677 ἑκυ
1412 2625 1637 2694 μαίνετο
1662 2626 1757 2680 καὶ
1780 2645 1880 2681 πε-

296 2706 604 2775 ριηντλείτο
635 2708 939 2780 λογισμοῖς,
976 2713 1073 2765 καὶ
1106 2713 1335 2777 σύννους
1370 2717 1465 2768 καὶ
1508 2715 1688 2787 ώχρδς
1716 2718 1880 2787 ’ἐφαί-

280 2819 439 2870 γετο,
470 2804 563 2857 καὶ
591 2808 709 2868 ταῖς
727 2805 972 2875 φροντίσι
994 2811 1360 2887 συντετηκὼς.
1380 2810 1518 2878 Δοὺξ
1549 2812 1605 2866 δὲ
1630 2813 1658 2865 6
1683 2813 1877 2883 μέγας,

289 2894 409 2947 τῶν
461 2898 851 2967 πραττομένων
889 2897 1113 2965 ἄγνοιαν
1135 2902 1633 2974 ’ὑποκρινόμενος,
1691 2905 1880 2975 ἠρώτα

287 2987 398 3057 τὴν
419 2988 597 3042 αίτίαν
624 2990 722 3059 τῆς
755 2991 1003 3055 συννοίας
1031 2992 1126 3045 καὶ
1152 2993 1254 3062 τῆς
1310 2994 1654 3065 ώχριάσεως.
1702 2997 1760 3051 '0
1799 2999 1875 3065 δὲ,

1985 1912 2098 1967 lum
2136 1913 2438 1982 impensius
2464 1913 2758 1978 metuebat,
2785 1912 2931 2003 illius
2959 1926 3179 1982 quoque
3200 1912 3570 1970 interficiendi
3660 1898 3666 1905 ’

1981 2004 2253 2060 rationem
2303 2003 2653 2075 excogitavit.
2678 2003 2814 2059 Nam
2846 2004 3116 2073 quosdam
3142 2003 3243 2058 sibi
3280 2020 3310 2059 a
3341 2006 3571 2061 secretis

1984 2095 2157 2162 misit,
2197 2096 2314 2166 qui,
2373 2105 2431 2149 ut
2482 2110 2682 2166 magno
2735 2096 3342 2166 logotbetae,benevolo
3385 2097 3570 2152 animo

1983 2183 2318 2249 indicarent,
2344 2187 2641 2255 Augustam
2677 2183 2726 2239 ei
2771 2184 2967 2239 iratam
3006 2198 3129 2239 esse
3168 2184 3564 2240 vehementer:

1983 2288 2204 2332 causam
2229 2290 2289 2330 se
2316 2276 2548 2331 nescire.
2573 2275 2798 2332 Talibus
2824 2276 3038 2332 nuntiis
3072 2276 3356 2332 hominem
3382 2286 3567 2331 exter-

1982 2370 2196 2425 rebant.
2250 2369 2458 2425 Deinde
2507 2377 2563 2424 et
2601 2369 2974 2438 juramentum
3021 2369 3337 2439 exigebant,
3368 2368 3567 2423 borum

1981 2477 2307 2519 arcanorum
2356 2462 2561 2518 indices
2601 2460 2808 2517 nemini
2858 2460 3228 2531 proditurum.
3261 2457 3356 2516 Sic
3393 2460 3561 2533 629
3619 2477 3629 2483 λ

1984 2554 2146 2611 ἰΙΙίοἰη
2182 2552 2581 2611 commentitiis
2627 2553 2855 2609 secretis
2893 2551 3268 2624 signiﬁcandis
3315 2566 3376 2607 se
3406 2553 3565 2608 mali-

1985 2645 2124 2701 tiose
2176 2644 2457 2717 gerebant.
2491 2644 2723 2699 Gabalas
2774 2643 3119 2699 mendacium
3165 2641 3392 2698 minime
3417 2641 3564 2698 offa—-

1982 2738 2158 2799 ciens.
2192 2736 2439 2806 undique
2485 2735 2880 2807 cogitationum
2930 2733 3191 2789 ﬂuctibus
3233 2732 3563 2804 iactabatur,

1982 2825 2429 2888 meditabundus,
2490 2824 2725 2894 pallidus
2792 2831 2850 2878 et
2928 2838 3040 2892 prae
3104 2821 3566 2876 sollicitudinibus

1982 2918 2395 2975 centabescens.
2420 2915 2646 2987 Magnus
2666 2922 2848 2970 autem
2878 2914 3009 2981 dux,
3030 2912 3111 2968 rei
3148 2923 3315 2984 gestae
3345 2913 3566 2981 ignora-

1983 3012 2187 3065 tionem
2242 3024 2358 3079 pra
2420 3023 2480 3065 se
2517 3007 2722 3071 ferens,
2774 3004 3015 3060 tristitiae
3054 3012 3109 3058 et
3137 3002 3361 3073 palloris
3398 3003 3564 3074 hujus

289 3081 461 3133 οὐδὲν⁶
476 3082 852 3146 ὑπωπτευκὼς
880 3084 1010 3153 περὶ
1031 3083 1244 3137 ἐκείνου
1299 3087 1529 3155 φαῦλον,
1565 3083 1653 3142 οἷα
1681 3089 1744 3160 δὴ
1774 3106 1869 3160 κηο

1981 3117 2202 3157 causam
2259 3100 2607 3169 exquirebat.
2656 3097 2795 3152 Tum
2845 3095 3079 3152 Gabalas
3141 3094 3393 3153 candide.
3438 3102 3562 3151 tan-

291 3171 455 3242 δεστῇ
477 3174 571 3251 καί
593 3172 893 3244 ἀλγήσαντι
920 3176 1060 3245 ὑπὲρ
1084 3176 1314 3244 ἐκείνου,
1341 3180 1448 3232 πᾶν
1472 3179 1532 3234 τδ
1556 3181 1872 3255 ἀπόρρητον

290 3261 569 3329 ἐξέφαινε,
623 3267 720 3319 καὶ
777 3266 1097 3336 ἐπικουρίας
1129 3271 1493 3339 τυχεῖν.τινος
1545 3273 1739 3339 ἐδεῖτο,
1778 3277 1873 3330 καὶ

296 3356 525 3426 γνώμην
555 3359 923 3428 εἰσηγεῖσθαι,
958 3356 992 3433 ᾗ
1030 3364 1378 3453 χρησάμενρς
1412 3363 1518 3428 ἔξω
1567 3365 1722 3419 ἔσται
1766 3367 1900 3418 τῶν·

264 3448 580 3504 ’κινδύνων.
613 3451 777 3504 Οὐδὲν
808 3452 913 3524 γὰρ
939 3449 1006 3524 ἦν
1047 3456 1108 3506 τὸ
1139 3448 1428 3524 μέσοντοῦ
1460 3455 1872 3526 ὑποπευθῆναι

286 3541 419 3593 τότε
440 3542 533 3595 καὶ
556 3542 944 3615 διαφθαρῆναι.
999 3540 1137 3611 sese
1166 3546 1224 3600 δὲ
1273 3547 1302 3599 6
1339 3547 1511 3617 μέγας
1537 3546 1745 3616 ἔφασκε
1774 3548 1874 3618 μὲν

286 3632 521 3687 τοιαῦτα
547 3636 642 3688 καὶ
671 3637 836 3700 αὐτὸς
868 3638 1168 3707 ἀκηκοέναι
1222 3640 1352 3707 περὶ
1386 3639 1576 3704 αὐτοῦ,
1618 3638 1872 3710 ἡγεῖσθαι

284 3723 351 3777 δὲ
403 3726 478 3795 μὴ
524 3725 721 3795 ἀληθῆ,
766 3728 916 3795 ὅμως
941 3728 1183 3782 ὑπετίθει
1232 3730 1330 3800 τὴν
1352 3732 1541 3784 οὐσίαν
1576 3731 1727 3802 παρά
1753 3733 1867 3791 τοτῐ

284 3816 471 3884 φίλοις
499 3817 788 3873 ἐκτιθέναι.
825 3820 936 3886 Τὴν
966 3820 1073 3890 γὰρ
1105 3821 1530 3892 πολιτευομένην
1570 3824 1688 3876 νυνὶ
1720 3834 1873 3893 παρα

305 3906 598 3977 Ῥωμαίοις
625 3909 831 3977 ἔφασκε
859 3913 1224 3979 συκοφαντίαν
1254 3916 1348 3967 καὶ
1381 3914 1659 3985 διαϐολὴν,
1690 3914 1870 3969 πάντα

279 3998 535 4051 ὁντινοῦν
577 4000 939 4067 φυλάττεσθαι
994 4004 1195 4074 χρεών.
1252 4004 1364 4059 Καὶ
1416 4005 1524 4077 γὰρ
1570 4005 1734 4070 αὐτὸς
1763 4006 1873 4060 τῶν

281 4089 491 4143 κοινῶν
525 4090 777 4146 ἀπάντων
805 4092 1012 4163 ἀρχων,
1042 4096 1136 4149 καὶ
1164 4098 1260 4165 τῆς
1285 4096 1508 4166 πρώτης
1542 4097 1692 4168 παρά
1731 4097 1867 4150 Ῥω-

283 4181 480 4251 μαίοις
502 4182 795 4238 ἀπολαύων
818 4184 984 4255 τιμῆς
1024 4189 1117 4239 καὶ
1149 4187 1476 4256 εὐπραγίας,
1511 4188 1574 4242 οὐ
1629 4188 1867 4259 μάλιστα

280 4273 479 4334 αὐτοῖς
516 4274 760 4346 θαρρεῖν,
810 4276 944 4330 ἀλλά
976 4279 1044 4332 τὰ
1088 4278 1256 4332 πλείω
1306 4279 1398 4332 καὶ
1435 4280 1872 4350 πολυτελέστερα

274 4365 403 4417 τῶν
431 4365 630 4428 ὄντων.
663 4367 720 4421 ἐν
753 4385 814 4422 τε
855 4369 1172 4433 Ἐπιϐἀταις
1198 4371 1274 4443 τῷ
1300 4373 1569 4442 φρουρίῳ,
1607 4374 1702 4426 καὶ
1731 4375 1873 4444 πρὸς

1976 3205 2137 3259 quam
2198 3202 2392 3244 socero
2453 3196 2509 3241 et
2560 3186 2734 3241 vicem
2771 3199 2926 3241 suam
2978 3184 3233 3247 doliture,
3276 3198 3563 3249 arcanum,

1977 3290 2037 3336 ut
2086 3291 2227 3346 erat,
2260 3286 2490 3345 reserat,
2538 3278 2771 3348 ejusque
2796 3291 2966 3346 .opem
3000 3275 3239 3346 aliquam
3289 3283 3343 3330 et
3371 3276 3561 3331 consi-

1976 3371 2115 3425 lium
2160 3370 2440 3438 implerat,
2473 3384 2583 3438 quo
2633 3384 2768 3423 usus
2804 3368 3096 3424 discrimen
3153 3368 3385 3435 evadat;
3433 3383 3562 3422 nam

1976 3469 2106 3515 tunc
2161 3460 2307 3514 inter
2351 3467 2664 3528 suspectum
2716 3473 2838 3513 esse
2876 3468 2932 3513 et
2992 3459 3230 3529 iugulari
3264 3459 3402 3513 nihil
3430 3467 3553 3514 erat

1974 3553 2246 3610 medium.
2290 3550 2389 3605 llic
2433 3564 2668 3620 magnus
2711 3551 2843 3614 dux,
2868 3565 2930 3605 se
2970 3565 3192 3620 quoque
3222 3550 3338 3604 haec
3361 3550 3430 3605 de
3466 3550 3562 3605 illo

1973 3642 2286 3707 audivisse;
2322 3648 2517 3710 putare
2548 3651 2732 3696 tamen
2770 3656 2906 3696 vera
2936 3657 3068 3697 [non
3103 3655 3244 3696 esse.
3272 3640 3562 3695 Nihilomi-

1975 3748 2083 3789 nus
2114 3734 2194 3787 uti
2221 3731 2510 3787 facultates
2538 3746 2665 3786 suas
2685 3730 2876 3786 amicis
2906 3731 3283 3798 concrederet,
3312 3744 3558 3787 monere.

1975 3822 2109 3888 Quae
2147 3821 2297 3876 enim
2330 3834 2481 3875 nunc
2521 3819 2665 3889 apud
2720 3820 2996 3875 Romanos
3047 3833 3274 3891 regnum
3310 3827 3560 3875 tenerent

1976 3911 2332 3986 sycophantia
2358 3920 2415 3966 et
2442 3910 2742 3974 calumnia,
2765 3924 2861 3966 eas
2895 3926 3090 3967 cavere
3114 3925 3559 3981 unumquemque

1977 4013 2255 4074 oportere.
2292 4002 2430 4059 Nam
2487 4014 2543 4059 et
2599 4018 2696 4069 se,
2727 4005 2892 4059 totius
2933 4002 3241 4073 reipublicae
3288 4011 3451 4072 caput
3491 4016 3559 4056 ac

1976 4094 2281 4166 principem
2312 4131 2327 4158 ,
2362 4092 2775 4163 honoribusque
2802 4107 2866 4146 ac
2895 4091 3151 4146 felicitate
3179 4089 3320 4144 inter
3353 4090 3557 4146 Roma-

1975 4202 2077 4242 nos
2103 4187 2456 4257 praecipuum,
2486 4186 2805 4254 neutiquam
2831 4184 2940 4239 illis
2970 4182 3157 4247 fidere,
3181 4182 3274 4239 sed
3297 4184 3557 4252 majorem

1975 4293 2040 4333 ac
2080 4278 2455 4347 pretiosiorem
2487 4289 2704 4347 partem
2754 4292 2937 4333 rerum
2973 4291 3198 4333 suarum
3235 4276 3471 4346 Epihatis
3502 4275 3559 4330 in

1976 4366 2224 4429 castello,
2248 4377 2303 4421 et
2329 4360 2539 4423 aree'in
2573 4367 2854 4437 Manpnis
2879 4366 3268 4422 recondidisse.
3299 4365 3404 4436 Ipsi
3429 4379 3559 4423 vero

278 4456 369 4528 τῷ
400 4458 458 4509 ἑν
508 4459 823 4527 Μαγκάνοις
875 4462 1072 4532 πύργῳ
1107 4463 1267 4531 ἔχειν.
1318 4463 1491 4516 Αὐτὸν
1524 4464 1582 4517 δὲ
1632 4466 1756 4518 ἐπεὶ
1794 4469 1870 4537 μὴ

1980 4457 2239 4529 quoniam
2273 4458 2500 4514 castello
2528 4468 2763 4524 careret,
2804 4474 2912 4528 quo
2948 4458 3006 4513 in
3037 4459 3348 4516 istiusmodi
3373 4474 3559 4515 rerum

282 4550 536 4621 συμϐαίη
568 4552 825 4623 φρούριόν
858 4570 909 4606 τι
932 4554 1097 4623 ἔχειν,
1121 4548 1165 4621 ᾧ
1201 4554 1473 4624 χρήσαιτο
1504 4555 1640 4626 πρὸς
1690 4554 1875 4610 τοιαύ-

275 4659 386 4705 τας
426 4642 537 4696 τῶν
586 4644 928 4714 πραγμάτων
962 4644 1285 4713 μεταϐολὰς,
1327 4645 1502 4716 ἑτέρῳ
1534 4646 1723 4718 τρόπῳ
1767 4647 1875 4700 τινὶ

275 4732 395 4803 τῆς
415 4734 603 4797 οὐσίας
649 4736 911 4805 προνοεῖν,
946 4735 1011 4788 ἶν’
1059 4736 1112 4787 ετ
1141 4753 1194 4790 τι
1221 4736 1467 4807 συμϐαίη
1500 4736 1785 4807 δυσχερὲς,
1809 4737 1872 4790 οὐ

281 4824 404 4892 γὰρ
436 4822 613 4892 μάτην
665 4825 816 4895 παρά
845 4824 1113 4894 βασιλίδος
1146 4826 1574 4892 ὑποπτεύεσθαι⁹
1610 4829 1710 4897 τὴν
1736 4810 1870 4897 γοῦν

279 4912 479 4967 οὐσίαν
510 4912 630 4986 ἔχῃ,
664 4918 755 4968 καὶ
817 4916 891 4986 μὴ
937 4917 1268 4989 ἀμφοτέρων
1305 4919 1495 4982 οὐσίας
1529 4935 1588 4971 τε
1626 4919 1744 4988 ἅμα
1776 4921 1872 4973 καὶ

277 5003 466 5073 ἀρχῆς
496 5003 604 5056 τῶν
655 5006 994 5075 πραγμάτων
1051 5007 1426 5079 ἀποστερηθῇ.
1499 5009 1560 5062 Ὀ
1620 5010 1721 5080 μὲν
1774 5010 1871 5064 οὖν

278 5094 516 5149 τοιαῦτα
540 5096 913 5151 συνεϐούλευε.
940 5097 1246 5170 Δογοθέτης
1268 5100 1323 5152 δὲ
1355 5102 1383 5152 6
1400 5098 1602 5169 ’μέγας
1627 5102 1726 5173 τὴν
1748 5102 1873 5155 ἐπι-

280 5184 491 5254 ϐουλὴν
546 5186 620 5255 μὴ
659 5186 905 5252 συνιδὼν,
938 5186 1186 5241 ἐπείθετό
1220 5204 1302 5253 τε,
1341 5186 1437 5241 καὶ
1462 5187 1530 5241 τὰ
1558 5187 1687 5241 ὄντα
1730 5188 1868 5258 πρὸς

278 5277 420 5336 τοὺς
447 5275 633 5343 φίλους
659 5276 907 5341 ἐξετίθει.
954 5276 1013 5332 ⁸0
1037 5277 1312 5336 δ’,αύτίκα
1349 5279 1712 5349 προσέπεμπε
1743 5280 1870 5343 τοὺς

281 5366 525 5436 βασιλίδι
577 5369 646 5421 τὰ
692 5371 1038 5439 πραττόμενα
1073 5370 1436 5439 μηνύσοντας,
1474 5370 1549 5432 ὡς
1580 5370 1747 5424 αὐτοῦ
1786 5371 1865 5443 μὴ

283 5459 614 5522 συνειδότος.
683 5461 962 5533 Παρῄνουν
1015 5480 1075 5515 τε
1106 5463 1157 5514 oi
1209 5463 1730 5533 προσαγγέλλοντες,
1791 5464 1866 5535 μὴ

279 5547 518 5601 τοιαῦτα
547 5553 839 5623 περιορᾷν·
871 5552 931 5605 ού
960 5552 1068 5623 γάρ
1095 5552 1181 5605 ἐπ’
1209 5551 1401 5623 ἀγαθῷ
1428 5553 1527 5623 τὴν
1553 5552 1745 5607 οὖσίαν
1773 5555 1864 5606 τὸν

284 5637 469 5707 μέγαν
496 5639 786 5711 λογοθέτην
829 5642 1102 5697 ἐκτιθέναι
1123 5660 1135 5674 '
1170 5643 1284 5698 ἀλλ’
1315 5644 1347 5716 ἢ
1408 5645 1601 5700 στάσιν
1633 5646 1862 5716 βουλεύ-

285 5728 449 5783 saliat
504 5734 672 5785 ποιεῖν
710 5734 804 5787 ἐπὶ
836 5733 911 5804 τῷ
954 5735 1404 5808 Καντακουζηνδν
1450 5736 1670 5808 βασιλέα
1698 5739 1853 5812 δέχε-

1979 4549 2509 4604 commntationibus
2534 4558 2795 4613 uteretur,
2820 4548 2923 4602 alio
2955 4547 3359 4617 quodammodo
3388 4547 3560 4603 facul-

1980 4648 2120 4695 tates
2165 4654 2294 4694 suas
2343 4640 2575 4694 tuendas
2611 4657 2626 4694 :
2670 4649 2730 4693 ut
2784 4639 2829 4693 si
2855 4640 2985 4709 quid
3022 4639 3311 4696 adversum
3346 4641 3558 4697 accidat

1979 4730 2114 4802 (non
2145 4730 2290 4784 enim
2326 4730 2527 4786 frustra
2571 4730 2717 4801 apud
2762 4730 3166 4801 imperatricem
3198 4731 3252 4786 in
3282 4732 3555 4803 suspicio-

1974 4838 2100 4878 nem
2136 4823 2446 4894 cecidisse),
2482 4823 2675 4877 saltem
2734 4840 2831 4879 sua
2871 4827 3123 4893 retineat,
3161 4840 3231 4879 ne
3260 4825 3423 4880 simul
3450 4824 3558 4879 illis

1975 4924 2197 4986 tamque
2258 4918 2438 4986 amplo
2492 4916 2809 4987 magistratu
2858 4918 3122 4987 privetur.
3149 4917 3373 4988 Magnus
3397 4917 3553 4988 logo-

1976 5008 2127 5062 theta
2159 5022 2269 5061 non
2301 5008 2598 5063 intellectis
2622 5007 2841 5064 insidiis
2868 5017 3040 5078 paret,
3068 5015 3126 5061 et
3150 5006 3401 5063 fortunas
3421 5023 3552 5061 snas

1972 5101 2114 5170 apud
2143 5099 2347 5155 amicos
2384 5100 2637 5175 collocat.
2673 5100 2817 5166 Quid
2855 5100 3063 5155 multa?
3093 5098 3289 5155 Subito
3321 5114 3555 5170 magnus

1975 5193 2086 5248 dux
2144 5192 2334 5254 mittit,
2361 5192 2473 5258 qui,
2521 5192 2664 5261 quod
2700 5191 2980 5261 agebatur.
3009 5188 3364 5265 imperatrici,
3393 5189 3551 5259 quasi

1973 5299 2033 5338 se
2068 5283 2295 5337 minime
2349 5283 2591 5347 conscio,
2626 5280 2997 5351 patefacerent
3028 5297 3042 5333 :
3079 5289 3134 5335 et
3189 5279 3551 5334 hortabantur

1968 5375 2064 5444 qui
2099 5376 2446 5432 nuntiabant.
2477 5388 2694 5429 nemem
2722 5373 2884 5427 istam
2911 5371 3239 5443 negligeret;
3261 5385 3371 5425 non
3401 5369 3550 5432 enim

1972 5482 2228 5536 magnum
2283 5466 2614 5537 logothetani
2666 5464 2879 5518 sincero
2934 5463 3039 5517 fine
3085 5477 3174 5518 res
3233 5476 3359 5517 suas
3400 5462 3549 5531 apud

1971 5555 2175 5609 amicos
2204 5555 2541 5622 deposuime,
2574 5552 2665 5607 sed
2699 5560 2793 5607 aut
2822 5552 3144 5607 seditionem
3177 5551 3244 5606 ad
3279 5550 3552 5605 Cantaeu-

1971 5658 2168 5697 zenum
2202 5643 2576 5711 recipiendum
2621 5642 2946 5708 machinari,
2976 5649 3070 5695 aut
3119 5640 3187 5697 ad
3222 5640 3371 5696 illum
3394 5639 3551 5711 cogi-

1971 5747 2087 5790 tare
2144 5733 2400 5791 deficere.
2463 5733 2781 5805 lmpcratrix
2836 5734 2976 5789 dicta
3023 5734 3363 5801 examinans,
3404 5742 3462 5787 ut
3513 5745 3555 5805 ᾳ
