4016 6208
574 307 746 393 1153,

1754 308 2079 372 JOANNIS
2119 306 2651 385 CANTACUZENI

3622 307 3721 374 lliil

557 424 750 482 multis
780 438 904 480 vera
926 436 1048 478 esse
1085 422 1296 479 audivit
1346 422 1508 495 (clam
1539 420 1804 492 siquidem
1836 436 1867 475 a
1905 420 2138 476 consciis

2133 426 2216 487 LA
2243 418 2388 483 σθαι,
2432 417 2464 487 ἢ
2522 415 2855 486 ἀφίστασθαι
2903 414 3226 470 διανοεῖσθαι
3279 415 3408 486 πρὸς
3455 417 3643 475 ἐκεῖνον.
3675 423 3719 477 'H

557 516 741 586 magni
797 514 978 577 ducis,
1031 529 1100 570 eo
1150 513 1203 568 id
1240 523 1511 577 struente,
1541 514 1597 568 in
1633 513 1832 568 multos
1865 522 2138 568 secretum

557 606 975 663 disseminatum
1023 604 1242 675 fuerat),
1263 606 1455 661 acerbe
1503 604 1644 670 tulit,
1685 603 2139 675 manifestamque

527 697 924 754 defectionem
960 705 1100 762 rata,
1130 697 1258 768 quid
1286 712 1570 767 pinnarum
1596 697 1654 751 in
1697 711 1818 751 eum
1853 702 2137 761 statueret,

558 788 928 844 deliberabat.
952 787 1088 843 Cum
1121 788 1331 842 insidiae
1372 787 1790 858 processissent,
1821 795 1875 842 et
1908 801 2140 859 magnus

564 878 832 949 logotbeta
865 876 1099 932 Gabalas
1144 875 1496 931 facultatibus
1542 876 1666 932 alibi
1695 877 1956 947 depositis
1985 876 2138 932 sede-

558 981 664 1035 ret,
696 983 1078 1038 carceremque
1099 975 1462 1038 exspectaret,
1488 977 1544 1023 et
1569 968 1809 1039 Augusta
1840 977 1898 1022 ut
1929 967 2136 1038 perfido

564 1065 918 1124 irasceretur,
947 1074 1179 1128 magnus
1227 1061 1332 1115 dux
1365 1059 1615 1114 simulata
1650 1059 1973 1115 necessitate
2003 1074 2140 1130 qua-

560 1150 686 1204 dam
736 1149 977 1219 publica,
1011 1148 1256 1214 Hierum,
1288 1150 1430 1219 quod
1476 1158 1561 1204 est
1590 1150 1851 1219 oppidum
1889 1151 1958 1206 ad
1996 1151 2136 1206 ostia

559 1239 742 1302 Ponti,
791 1240 958 1311 63o
998 1240 1208 1296 triremi
1263 1255 1565 1297 conscensa
1605 1241 1902 1312 navigavit,
1934 1242 2137 1312 quique

561 1331 798 1401 primum
852 1331 1140 1402 logotlieta‘.
1199 1331 1332 1386 iram
1387 1333 1752 1402 imperatricis
1806 1333 2132 1401 indicarant,

561 1435 656 1474 eos
675 1421 740 1474 ad
775 1420 934 1474 linem
967 1421 1184 1492 negotio
1208 1421 1596 1492 imponendum
1633 1423 1870 1494 reliquit.
1895 1423 2135 1478 Rursum

564 1513 726 1582 igitur
768 1511 1093 1566 accedentes
1153 1511 1254 1578 illi,
1288 1513 1606 1584 perfusique
1651 1514 1924 1584 lacrymis,
1956 1524 2011 1569 et
2040 1515 2136 1568 de-

561 1603 725 1670 iectis
755 1601 907 1656 hutni
942 1601 1205 1666 vultibus,
1255 1603 1540 1658 certiorem
1595 1603 1822 1668 faciunt,
1856 1605 1945 1658 illa
1977 1615 2137 1660 nocte

564 1693 622 1748 in
653 1707 865 1747 summo
906 1693 1219 1748 discrimine
1259 1694 1523 1758 futurum,
1551 1696 1900 1766 imperatrice
1928 1697 2136 1751 scilicet

565 1784 850 1838 iracundia
907 1785 1297 1841 eﬂ'ervescente

565 1873 869 1943 pravideat.
905 1873 1282 1929 Subornarant
1335 1875 1551 1931 interim
1604 1892 1670 1932 ex
1707 1878 1810 1931 alia
1859 1879 2142 1948 conspira-

564 1963 732 2029 tione,
763 1965 852 2032 qui
901 1965 1093 2019 eadem
1135 1966 1264 2020 hora
1293 1966 1358 2021 ad
1411 1967 1529 2037 ejus
1562 1969 1708 2023 aedes
1779 1969 2056 2034 venirent,
2090 1975 2144 2023 et

562 2055 684 2110 sine
715 2055 959 2121 nomine,
989 2071 1116 2110 num
1172 2056 1292 2125 ipse
1319 2066 1460 2113 esset
1515 2058 1664 2113 intus
1714 2060 2144 2124 sciscitarentur,

561 2147 713 2198 velut
749 2144 835 2198 bis
867 2145 1048 2200 verbis
1076 2147 1340 2201 horribile
1370 2147 1630 2216 quiddam
1675 2147 2147 2219 praesignificanti-

562 2237 702 2305 bus;
758 2252 870 2291 non
929 2240 1078 2292 enim
1118 2239 1254 2295 alias
1301 2239 1379 2294 sic
1423 2249 1658 2294 tractare
1705 2240 1856 2294 illum
1891 2239 2145 2308 Romani,

565 2327 662 2383 sed
713 2329 881 2384 multa
933 2344 1056 2384 cum
1106 2329 1453 2385 observantia
1495 2339 1552 2386 et
1597 2330 1962 2386 assentatione
2017 2347 2150 2387 con-

568 2429 884 2474 sueverant.
914 2420 1146 2476 Gabalas
1193 2421 1447 2476 omnibus
1476 2421 1693 2478 indiciis
1731 2437 1923 2477 necem
1956 2423 2061 2478 sibi
2090 2424 2147 2478 in

565 2510 774 2566 foribus
797 2528 916 2567 esse
943 2513 1270 2582 conjiciens.
1297 2523 1351 2568 et
1382 2513 1682 2569 formidans
1709 2529 1779 2569 ne
1807 2512 2143 2584 quibusdam

564 2619 633 2657 ex
661 2603 786 2658 odio
829 2604 885 2658 in
921 2619 978 2659 se
1033 2604 1371 2660 irruentibus
1418 2605 1559 2660 male
1609 2607 1834 2676 periret,
1866 2620 1992 2660 cum
2036 2614 2148 2661 tre-

564 2709 715 2749 more
758 2710 823 2750 ac
878 2710 1078 2765 pavore
1126 2711 1322 2767 magno
1355 2698 1412 2750 in
1449 2697 1709 2768 templum
1754 2697 2150 2768 Sophim,.tan-

565 2802 726 2855 quam
763 2787 829 2842 ad
879 2789 1084 2858 asylum
1131 2789 1270 2843 facta
1322 2789 1466 2860 luga,
1497 2789 1755 2858 quoniam
1803 2805 1873 2845 ne
1910 2790 1991 2845 sic
2028 2789 2150 2859 qui-

567 2876 692 2930 dem
725 2891 784 2932 se
831 2878 1041 2932 salvum
1079 2878 1194 2933 fore
1225 2880 1504 2945 credebat,
1536 2892 1592 2936 et
1639 2882 1943 2951 producere
1981 2881 2148 2936 vitam

567 2985 674 3021 non
702 2969 1050 3025 mediocriter
1079 2971 1356 3040 cupiebat,
1381 2972 1635 3027 monachi
1664 2974 1908 3028 habitum
1946 2974 2146 3042 induit,

567 3056 658 3109 vix
697 3057 860 3111 etiam
911 3057 1013 3112 hac
1063 3061 1274 3112 ratione
1328 3075 1388 3114 se
1428 3072 1707 3116 servatum
1761 3063 1828 3116 iri
1880 3079 2146 3134 sperans;
2177 3088 2219 3148 ο

569 3145 721 3198 adeo'
748 3145 909 3199 minis
947 3145 1212 3201 attonitus
1237 3154 1293 3201 et
1322 3161 1623 3203 concussus
1667 3159 1785 3204 erat
1814 3153 2152 3209 medullitus.

575 3235 796 3306 Magnus
819 3236 928 3290 dux
960 3244 1130 3290 totum
1159 3238 1484 3294 maleﬁcium
1513 3254 1577 3294 ex
1598 3241 1870 3297 sententia
1901 3245 2154 3301 evenisse

571 3338 857 3400 pstquam
907 3330 1200 3396 intellexit,
1249 3329 1414 3387 Hiero
1477 3349 1750 3400 reversus,
1793 3335 1939 3392 ilicet
1979 3338 2152 3394 aedem

573 3422 790 3491 Sepbia:
828 3421 985 3492 petit,
1016 3423 1348 3494 inventoque
1382 3425 1456 3480 ibi
1488 3425 1764 3498 logotheta
1790 3443 1913 3482 cum
1950 3429 2153 3486 vestitu

574 3512 900 3575 monastico,
929 3512 1135 3584 plangit
1157 3513 1358 3569 mirum
1391 3515 1445 3570 in
1479 3517 1726 3582 modum,
1748 3525 1805 3572 et
1828 3519 2151 3575 viduitatem

573 3603 695 3657 lilia:
727 3601 1052 3656 lamentatur
1084 3603 1222 3673 (46),
1267 3604 1523 3676 doletque
1571 3606 1813 3662 dolorem
1846 3607 2154 3664 inconsola-

574 3693 764 3747 bilem.
800 3692 1100 3764 Logotlteta
1133 3696 1255 3764 ejus
1290 3697 1492 3751 luctum
1530 3697 1734 3753 levare'
1759 3700 1943 3755 multis
1971 3701 2154 3756 verbis

572 3785 791 3849 nititur,
838 3785 1043 3856 aitque,
1074 3786 1214 3841 nihil
1265 3789 1562 3860 contigisse
1609 3789 1757 3856 novi,
1800 3790 1848 3846 si
1896 3791 2153 3849 humanis

574 3877 741 3932 rebus
769 3892 987 3947 semper
1028 3877 1190 3933 aliter
1219 3885 1276 3934 et
1308 3881 1466 3934 aliter
1501 3881 1843 3937 volventibus
1871 3891 1926 3937 et
1961 3883 2153 3939 incon-

575 3969 873 4036 stantibus,
903 3962 1051 4025 ‘nnnc
1080 3971 1296 4041 quidem
1339 3973 1587 4038 meliora,
1618 3988 1763 4031 nunc
1790 3975 2069 4030 deteriora
2099 3984 2154 4030 et

578 4061 697 4130 ipse
727 4072 986 4132 expertus
1031 4074 1200 4119 esset.
1237 4065 1302 4117 Et
1334 4063 1626 4134 apparebat
1664 4067 2051 4135 Apocauchum
2086 4067 2152 4121 ad

577 4152 697 4206 haec
745 4153 1081 4222 aliquantum
1129 4157 1498 4223 acquiescere.
1545 4157 1714 4211 Paulo
1766 4167 1889 4227 post
1923 4173 2153 4229 magnus

1351 1800 1365 1838 :
1419 1795 1474 1841 et
1526 1761 1836 1854 hortantur,
1897 1798 1955 1843 ut
2031 1789 2139 1844 sibi
2170 1761 2211 1816 Β

2242 508 2452 581 βασιλὶς
2475 507 2530 561 δὲ
2563 508 2630 562 τὰ
2653 508 2781 578 περὶ
2819 507 3054 578 μεγάλου
3085 506 3360 576 λογοθέτου
3387 509 3614 578 εἰρημένα
3637 514 3720 578 ἒξε-

2240 601 2500 667 τάζουσα,
2535 600 2610 663 ὡς
2641 599 2974 654 ἐπυνθάνετο
3016 600 3166 668 παρά
3195 600 3401 654 πολλῶν
3432 597 3554 654 εἶναι
3579 604 3724 675 ἀληθῆ,

2240 693 2426 764 κρύφα
2483 695 2592 764 γὰρ
2651 691 2804 762 παρὰ
2860 691 2971 745 τῶν
3022 691 3334 746 συνειδότων
3387 691 3510 762 πρὸς
3554 693 3727 758 πολλοὺς

2238 783 2444 854 διεδόθη
2475 784 2536 837 τὸ
2566 783 2899 855 ἀπόρρητον,
2925 782 3020 835 τοῦ
3058 782 3293 851 μεγάλου
3327 781 3499 843 δουκδς
3526 783 3639 835 οὕτω
3662 801 3727 857 ον.

2239 874 2628 937 σκευάσαντας,
2647 871 2970 943 ἠγανάκτει,
3012 875 3104 925 καὶ
3131 871 3461 926 ἀποστασίαν
3485 867 3606 925 εἶναι
3628 873 3726 943 ᾤετο

2237 966 2298 1020 τὸ
2327 967 2560 1038 πρᾶγμα
2585 965 2836 1033 φανερῶς
2855 978 2870 994 ⁸
2919 964 3015 1017 καὶ
3044 963 3355 1019 ἐϐουλεύετο
3405 966 3430 1017 ὃ
3457 981 3503 1017 τι
3523 965 3612 1016 δέοι
3630 967 3726 1034 χρῆ-

2241 1060 2363 1114 σθαι
2381 1061 2461 1130 τῷ
2497 1058 2718 1130 μεγάλῳ
2744 1057 3024 1128 λογοθὲτῃ.
3067 1055 3222 1108 Ἐπεὶ
3249 1054 3306 1108 δὲ
3330 1054 3427 1124 ἤδη
3456 1056 3602 1124 πέρας
3622 1051 3727 1124 εἶχεν

2235 1150 2270 1220 ἡ
2294 1149 2578 1218 ἐπιϐουλὴ,
2609 1149 2703 1202 κα)⁸
2736 1147 3029 1218 λογοθέτης
3074 1139 3130 1199 τε
3163 1148 3191 1199 6
3225 1145 3395 1216 μέγας
3437 1148 3595 1199 πᾶσαν
3614 1147 3730 1199 ὲκθέ·

2241 1241 2525 1314 μενοςτὴν
2560 1240 2771 1305 οὐσίαν,
2800 1237 3035 1308 ἐκάθητο
3065 1236 3438 1306 δεσμωτήριον
3465 1236 3727 1306 περιμένων,

2241 1332 2335 1386 καὶ
2358 1333 2392 1402 ἡ
2440 1331 2649 1402 βασιλὶς
2675 1330 2941 1401 ὠργίζετο
2985 1330 3122 1400 πρὸς
3159 1330 3260 1396 τὴν
3291 1328 3614 1390 ἀποστασίαν,
3637 1327 3733 1380 πλα-

2240 1424 2472 1494 σάμενος
2493 1423 2520 1475 6
2554 1423 2724 1494 μέγας
2747 1422 2870 1488 δούξ
2905 1438 3030 1475 τινα
3059 1421 3170 1474 τῶν
3199 1419 3463 1490 δημοσίων
3486 1419 3659 1490 χρείαν,
3677 1419 3734 1480 εἰς

2251 1510 2418 1582 Ἱερὸν
2441 1512 2504 1564 τὸ
2526 1512 2658 1581 πρὸς
2693 1510 2930 1580 ἐμϐολὰς
2955 1509 3049 1562 τοῦ
3076 1509 3281 1562 Πόντου
3304 1508 3528 1561 ἀπέπλεε
3553 1508 3732 1575 τριήρει,

2237 1601 2362 1664 τοὺς
2393 1601 2457 1670 δὴ
2486 1600 2702 1670 πρῶτον
2722 1599 2820 1670 τὴν
2845 1598 3306 1670 βασιλίδοςιδῆθεν
3332 1597 3489 1668 ὀργὴν
3522 1589 3738 1667 μηνύσαιμ’

2236 1707 2360 1755 τας,
2395 1690 2473 1760 τῷ
2510 1690 2729 1761 μεγάλῳ
2755 1690 3018 1762 λογοθέτῃ
3044 1691 3333 1744 κατέλιπεν
3365 1689 3604 1740 ἐπιθεῖναι
3624 1687 3733 1749 τέλος

2242 1785 2307 1853 τῇ
2337 1781 2633 1853 ἐπιϐουλῇ·
2667 1782 3055 1854 προσελθόντες
3100 1781 3211 1850 γάρ
3264 1782 3454 1833 ἐκείνοι
3479 1779 3611 1841 αὖθις
3630 1780 3736 1832 δεδα-

2242 1877 2505 1946 κρυμένοι
2537 1878 2630 1928 καὶ
2656 1878 2939 1945 κατηφεῖς,
2980 1875 3219 1944 ἐμήνυον
3261 1874 3334 1936 ὡς
3364 1874 3528 1943 ἐκείνῃ
3553 1876 3607 1940 τῇ
3628 1873 3739 1925 νυκτὶ

2246 1967 2382 2037 πρὸς
2407 1967 2634 2037 ἔσχατον
2659 1966 2903 2019 κινδύνου
2927 1967 3043 2036 ’ἡξει
3062 2005 3078 2030 ,
3108 1965 3380 2036 βασιλίδος
3407 1964 3608 2035 μάλιστα
3628 1963 3741 2032 ἐξωρ-

2245 2058 2534 2126 γισμένης,
2567 2056 2660 2110 καὶ
2700 2056 2955 2125 πρόνοιάν
2989 2072 3111 2108 τινα
3156 2055 3324 2108 αὐτοῦ
3361 2057 3581 2108 ἐκέλευον
3613 2054 3739 2104 ποιεί-

2247 2147 2405 2200 σθαι·
2443 2147 2545 2217 τῆς
2570 2146 2737 2214 αὐτῆς
2763 2146 2819 2198 δὲ
2850 2146 2998 2215 ὧρας
3024 2147 3114 2198 καὶ
3144 2146 3366 2215 ἑτέρους
3391 2147 3448 2197 ὲκ
3474 2144 3740 2211 συνθήματος

2250 2239 2668 2309 παρεσκεύαζον
2697 2239 3133 2308 ἀφικνουμένους
3189 2239 3344 2309 παρὰ
3372 2239 3464 2308 τὴν
3491 2237 3639 2290 οἰκίαν
3673 2237 3742 2301 τὴν

2249 2330 2489 2397 ἐκείνου,
2519 2331 2818 2401 ἀνωνύμως
2860 2331 3036 2394 οὕτως
3059 2332 3107 2383 εί
3147 2330 3312 2392 αὐτὸς
3341 2330 3517 2383 αὐτόθι
3548 2330 3618 2397 εἴη
3642 2328 3740 2397 ἔρω-

2247 2421 2462 2492 τᾷν,ὧς
2489 2438 2540 2474 τι
2568 2421 2737 2477 δεινὸν
2767 2421 2858 2475 τοῦ
2890 2421 3051 2490 λόγου
3083 2421 3556 2493 προσημαίνοντος.
3585 2419 3644 2472 Οὐ
3662 2419 3738 2486 rip

2248 2512 2510 2564 εἰώθεσαν
2541 2513 2733 2581 ἐκείνῳ
2775 2513 3037 2583 πρότερον
3067 2513 3212 2566 οὕτω
3240 2510 3612 2582 προσφέρεσθαι
3642 2509 3739 2560 Ῥω·

2251 2606 2420 2672 μαῖοι,
2453 2602 2587 2656 ἀλλά
2611 2603 2814 2671 πολλὴν
2841 2604 2935 2675 τὴν
2962 2605 3260 2675 θεραπείαν
3285 2606 3546 2672 προσῆγον
3571 2601 3645 2653 καὶ
3671 2597 3740 2666 τὴν

2249 2693 2562 2748 κολακείαν.
2593 2694 2843 2758 Γαδαλᾶς
2892 2695 2948 2748 δὲ
2982 2696 3083 2766 ἠδη
3116 2697 3210 2748 τὸν
3262 2695 3476 2764 δλεθρον
3500 2695 3556 2745 ὲκ
3581 2690 3742 2744 πάντων

2247 2785 2702 2856 τεκμαιρόμενος,
2739 2787 2831 2839 καὶ
2856 2785 3038 2847 δείσας
3078 2787 3152 2855 μὴ
3187 2789 3285 2838 καὶ
3317 2783 3662 2853 παραπόλοιτο,
3683 2795 3740 2830 τις

2249 2876 2355 2929 νῶν
2372 2875 2508 2942 πρὸς
2533 2876 2732 2947 ἔχθραν
2751 2877 3104 2943 ἐπελθόντων,
3127 2867 3438 2946 ὒπότρομος
3452 2876 3534 2928 καὶ
3552 2868 3742 2941 περιδεὴς

2249 2968 2328 3029 είς
2356 2967 2445 3020 τὸν
2473 2967 2575 3037 τῆς
2614 2968 2751 3020 Θεοῦ
2780 2968 2976 3036 Σοφίας
3010 2969 3304 3036 γενίμενος
3336 2968 3483 3030 νεὼν,
3528 2961 3618 3017 οὐδ’
3642 2959 3743 3014 οὕτω

2251 3056 2518 3119 σώζεσθαι
2575 3057 2855 3116 ἐπείθετο·
2914 3057 3049 3111 ἀλλὰ
3110 3055 3422 3126 φιλοψυχῶ
3467 3052 3630 3114 πολλὰ,
3677 3047 3745 3114 τὴν

2255 3147 2458 3216 ἐσθῆτα
2485 3149 2708 3213 ἀποδὺς,
2739 3149 2925 3224 σχῆμα
2958 3148 3211 3218 μοναχῶν
3246 3145 3594 3218 περιεϐάλετο,
3615 3139 3741 3201 οὕτως

2255 3237 2501 3305 οἰόμενος
2562 3238 2714 3307 μόλις
2764 3239 2945 3308 ἐαυτῷ
2997 3239 3094 3307 τὴν
3145 3239 3423 3307 σωτηρίαν
3466 3234 3745 3302 ὲκπορίσειν·

2253 3328 2507 3382 τοσοῦτον
2538 3328 2914 3400 ἐξεπέπληκτο
2949 3331 3068 3393 ταῖς
3091 3330 3348 3392 ἀπειλαῖς
3372 3330 3460 3383 καὶ
3484 3328 3568 3390 τὰς
3600 3326 3748 3394 φρένας

2254 3421 2606 3492 κατεσείσθη.
2671 3423 2728 3476 '0
2762 3423 2937 3492 μέγας
2963 3423 3019 3475 δὲ
3051 3421 3177 3484 δοὺξ
3216 3421 3343 3474 ἕπε).
3377 3421 3580 3473 πύθοιτο
3617 3415 3748 3466 πᾶσαν

2254 3514 2397 3566 κατὰ
2446 3513 2572 3568 νοῦν
2627 3513 2966 3584 κακουργίαν
3025 3515 3337 3580 ἀποὸᾶσαν,
3394 3515 3456 3566 ἐκ
3490 3509 3572 3563 τοῦ
3623 3501 3746 3574 Ἱεροῦ

2255 3606 2588 3672 ἐπανελθὼν,
2639 3608 2839 3662 αὐτίκα
2890 3608 3024 3677 πρὸς
3053 3607 3151 3676 τῆς
3194 3609 3293 3660 τοῦ
3345 3606 3475 3660 Θεοῦ
3501 3601 3667 3670 Σοφίας
3687 3597 3746 3650 τὸν

2252 3695 2388 3751 νεὼν
2409 3698 2629 3765 ἀφῖκτο,
2667 3696 2879 3751 καὶτὸν
2913 3697 3089 3767 μέγαν
3135 3697 3434 3767 λογοθέτην
3456 3688 3667 3763 εὑρηκὼς
3702 3682 3748 3736 τά

2257 3787 2507 3858 μοναχῶν
2559 3789 2953 3860 ἠμφιεσμένον,
3003 3789 3269 3842 ἑκόπτετο
3323 3787 3506 3848 πολλὰ,
3553 3782 3633 3836 καὶ
3673 3777 3742 3844 τὴν

2251 3881 2478 3951 χηρείαν
2499 3881 2816 3952 ἀπωδύρετο
2844 3883 2944 3952 τῆς
3001 3879 3294 3952 θυγατρδς,
3327 3879 3420 3933 καὶ
3462 3867 3752 3944 ἀπαραμύθηο

2253 3985 2322 4023 τα
2350 3967 2585 4024 ἐπένθει.
2622 3969 2929 4040 Λογοθέτης
2962 3969 3019 4022 δὲ
3055 3970 3084 4022 6
3112 3971 3288 4040 μέγας
3323 3969 3526 4029 πολλοῖς
3552 3974 3745 4030 παρεμυ·

2256 4061 2400 4114 θεῖτο
2428 4060 2630 4128 λόγοις,
2684 4047 2836 4114 ούδέν
2892 4061 3078 4115 καινὸν
3120 4059 3518 4131 συμϐεϐηκέναι
3562 4057 3745 4124 φάσκων.

2261 4155 2312 4206 εί
2377 4152 2486 4206 τῶν
2539 4153 2895 4224 ἀνθρωπίνων
2957 4156 3046 4208 del.
3103 4155 3442 4224 πραγμάτων
3493 4149 3648 4202 ἄλλοτε
3681 4139 3746 4193 ἄλο

579 4244 854 4315 logotbeta
904 4245 1267 4314 impcratricis
1304 4246 1458 4317 jussu
1504 4247 1570 4302 ad
1601 4248 1990 4304 monasterium
2017 4259 2158 4304 'san-

2255 4245 2364 4308 λωῖ
2422 4248 2748 4316 φερομένων
2803 4246 2898 4298 καὶ
2965 4246 3366 4310 ἀστατούντων,
3431 4241 3519 4294 νῦν
3570 4238 3648 4304 μὲν
3665 4231 3746 4301 βελ-

579 4336 837 4391 ctissimae
888 4335 1128 4406 Virginis
1178 4335 1449 4391 abiit.‘ln
1510 4335 1632 4407 fuga
1682 4345 1883 4402 autem,
1940 4337 2154 4406 abiecto

2254 4337 2470 4402 τιόνων,
2526 4335 2622 4391 νῦν
2669 4336 2726 4389 δὲ
2758 4338 3016 4408 χειρόνων
3067 4338 3336 4408 ἐπειράθη
3376 4337 3464 4388 καὶ
3484 4330 3645 4390 αὐτός·
3684 4319 3747 4374 καὶ

581 4425 834 4479 monachi
877 4427 1046 4489 cultu,
1075 4425 1392 4481 adornanda
1446 4425 1846 4496 deprehensus,
1880 4426 1936 4481 in
1965 4442 2152 4484 carce-

2182 4415 2226 4472 D
2258 4429 2432 4483 ἐδόκει
2490 4431 2553 4482 τὸ
2591 4429 2727 4482 πολὺ
2779 4431 2878 4498 τῆς
2923 4429 3099 4500 λύπης
3149 4429 3240 4482 διὰ
3268 4431 3367 4497 τὴν
3407 4424 3590 4479 ἐκείνου
3618 4429 3745 4483 παραυ

580 4531 697 4571 rem
731 4517 910 4570 datur.
943 4515 1036 4571 Sic
1090 4516 1255 4586 igitur
1305 4525 1362 4572 et
1412 4519 1556 4572 hunc
1607 4531 1671 4571 ex
1715 4517 1897 4572 medio
1931 4535 2156 4592 magnus

2258 4518 2456 4587 μυθίαν
2491 4519 2871 4575 ἀποτίθεσθαι.
2911 4521 3179 4587 ’Ὕστερον
3231 4521 3291 4574 δὲ
3337 4517 3496 4586 ὀλίγῳ
3539 4513 3650 4583 πρὸς
3673 4507 3745 4571 τὴν

581 4606 688 4659 dux
720 4608 972 4670 removit,
1001 4606 1092 4676 qui
1120 4607 1322 4661 bellum
1352 4617 1538 4663 contra
1571 4606 2014 4664 Cantacuzenum
2043 4625 2156 4665 non

2255 4609 2356 4678 τῆς
2384 4611 2860 4681 παμμακαρίστου
2892 4611 3058 4682 μονὴν
3085 4614 3114 4664 6
3149 4612 3325 4679 μέγας
3364 4611 3549 4678 ἀφῖκτο
3587 4597 3748 4666 λογθθέ’

580 4697 885 4766 vulgariter
913 4706 1300 4768 promoverat:
1344 4701 1666 4772 condignam
1710 4703 1968 4756 nimirum
2016 4717 2160 4758 mer-

2253 4717 2380 4771 της,
2401 4703 2496 4769 τῆς
2516 4701 2784 4771 βασιλίδος
2803 4703 3128 4773 κελευούσης
3151 4719 3164 4734 ·
3185 4703 3454 4774 φωραθεὶς
3470 4699 3519 4752 δὲ
3544 4691 3747 4757 διαδιδρὼ

579 4789 770 4843 cedent
832 4805 934 4858 pro
982 4791 1255 4860 pestiferis
1288 4790 1531 4848 cladibus
1564 4808 1631 4848 eo
1661 4793 1804 4849 bello
1842 4794 2076 4850 invectis
2106 4794 2157 4850 ei

2257 4812 2411 4848 σκειν
2448 4797 2678 4865 μέλλων,
2700 4799 2796 4850 καὶ
2821 4801 2891 4850 τὰ
2932 4799 3182 4868 μοναχῶν
3212 4788 3670 4867 ἁπαμφιέννυσθαι,
3695 4782 3747 4838 εἰς

583 4881 909 4951 rependens.
1370 4899 1377 4912 ·

2259 4887 2634 4958 δεσμωτήριον
2686 4888 2971 4960 ἐνεϐλήθη.
3032 4889 3189 4943 Οὕτω
3243 4891 3340 4958 μὲν
3373 4883 3461 4940 οὖν
3506 4874 3747 4937 miro-3:01!

583 4974 1000 5028 ἀπεσκευάσατο
1029 4974 1058 5026 6
1093 4972 1267 5044 μέγας
1314 4972 1464 5039 δοὺξ,
1502 4974 1713 5045 μεγάλα
1756 4977 1855 5045 μὲν
1885 4977 2022 5048 πρὸς
2058 4976 2152 5031 τὸν
2189 4978 2647 5048 Καντακουζηνοῦ
2677 4984 3053 5052 συναράμενον
3116 4982 3212 5036 τοῦ
3250 4981 3504 5052 βασιλέως
3554 4973 3748 5038 πόλεμον.

583 5071 750 5137 ἀξίων
793 5071 852 5124 δὲ
891 5070 1304 5125 ἀπολελαυκότα
1349 5072 1480 5142 παρ’
1517 5061 1727 5124 ἐκείνου
1778 5073 2046 5144 ἀμοιὸὦν,
2087 5067 2154 5146 ἧς
2193 5075 2473 5145 ἐπήγαγεν
2510 5077 2792 5148 ἀμυθήτου
2818 5075 3020 5148 φθορᾶς
3043 5081 3072 5132 6
3101 5079 3334 5148 πόλεμος
3373 5073 3646 5144 Ῥωμαίοιςο

1853 5212 2074 5274 Jacobi
2097 5213 2360 5276 Pontani
2411 5222 2599 5276 notte.

661 5331 770 5401 (56)
809 5331 919 5386 Cur
952 5332 1288 5397 viduitatem,
1321 5348 1444 5388 cum
1481 5350 1588 5390 non
1623 5344 1767 5390 esset
1799 5335 2000 5390 vidua?
2047 5352 2149 5391 nec
2247 5336 2518 5404 Quoniam
2545 5339 2754 5395 scilicet
2785 5341 2947 5396 vidua
2971 5341 3114 5396 dicta
3145 5343 3216 5397 sit
3246 5350 3303 5397 ut
3331 5351 3524 5394 vecors,
3549 5335 3728 5404 vesanus

585 5404 735 5480 enim
766 5418 886 5457 cunt
915 5418 1187 5480 quoquam
1239 5414 1406 5472 nupta
1437 5405 1627 5480 fuerat.
1662 5406 1766 5480 Sed
1797 5405 2151 5480 iureconsulti
2248 5401 2340 5480 qui
2395 5410 2517 5466 sine
2561 5411 2751 5480 corde,
2795 5413 2914 5468 sine
2962 5412 3198 5468 sanitate
3245 5419 3425 5467 esset:
3455 5415 3505 5462 et
3549 5401 3624 5456 illa
3656 5401 3740 5448 si“

584 5473 752 5525 etiam
803 5475 1044 5527 nondum
1103 5482 1323 5543 nuptam
1367 5475 1641 5544 appellare
1683 5475 1864 5531 solent
1906 5477 2148 5531 viduam.
2252 5473 2480 5534 duitate.
