4016 6208
305 283 448 352 1185

1437 287 1982 350 HISTORIARUM
2027 289 2260 352 LIBER
2304 291 2426 353 III.

3417 285 3565 362 1186'

1574 421 1732 492 631
1775 421 2001 476 CAPUT
2041 422 2281 480 LXXXI.

291 507 553 587 Orchanis
581 509 758 587 Persa
792 507 1090 587 societatem
1121 525 1231 587 pro;
1261 511 1597 587 imperati-ire
1628 514 2034 587 Cautacuzcnus
2053 516 2268 570 obtinet.
2298 515 2468 586 Capta
2499 519 2564 572 ab
2596 533 2655 572 eo
2703 518 2895 587 oppida
2931 521 3001 573 ad
3033 519 3278 576 Pontum.
3311 522 3552 576 Mirabile

363 577 924 659 somniumnlllanuflis
973 579 1094 659 Ejus
1122 577 1247 644 lilii.
1302 577 1603 659 Imperator
1651 586 1720 637 ad
1768 596 1950 659 portas
1983 585 2246 656 Byzantii
2292 577 2451 659 uenit.
2507 577 2846 659 Apocauélius
2885 606 3023 659 cum
3072 593 3254 659 paucis
3316 609 3552 656 caressus

365 650 583 719 refugit.
620 645 845 702 Romani
879 658 929 709 et
960 645 1140 702 Persa:
1172 645 1730 728 agrum,'in3peratore
1757 645 1807 706 ἐι
1841 645 2095 710 Romanis
2124 645 2638 723 conmtiserantib'us,
2667 645 3080 729 depouulantur:

363 786 630 848 Βασιλεὺς
651 786 705 838 δέ
746 788 773 838 ό
803 787 1256 859 Καντακουζηνδς
1304 791 1632 862 πυθόμενος,
1668 793 1744 856 ὡς
1773 794 1857 865 βα-

2053 795 2354 865 lmperator
2388 806 2448 851 ut
2498 798 2720 853 rescivit
2770 800 3174 870 imperatricem
3217 816 3377 857 missa
3406 780 3555 874 legao

290 878 431 939 σιλὶς
471 875 774 945 πρεσϐείαν
816 879 1023 930 ποιοῖτο
1065 879 1203 946 πρὸς
1268 879 1538 950 Ὀρχάνην
1572 883 1665 934 ἐπὶ
1727 898 1868 951 συμ-

292 968 488 1039 μαχίᾳ,
526 967 750 1036 πέμψας
783 968 879 1020 καὶ
939 969 1103 1032 αὐτὸς
1166 971 1460 1040 ἔπραττεν,
1527 973 1674 1035 ὅπως
1719 971 1870 1042 αύτῷ

291 1059 518 1130 μ’ἆλλον,
574 1062 666 1112 καὶ
710 1061 784 1130 μὴ
817 1059 1130 1125 Βυζαντίοις
1182 1064 1494 1130 πρόσθοιτο.
1551 1065 1660 1117 Καὶ
1698 1065 1871 1116 εἵλετο

299 1154 568 1224 Ὀρχάνης
617 1154 717 1223 τὴν
773 1154 913 1222 πρὸς
976 1156 1436 1228 Καντακουζηνδν
1491 1158 1582 1210 τὸν
1639 1157 1866 1226 βασιλέα

288 1247 488 1316 μᾶλλον
511 1246 856 1316 συμμαχίαν.
888 1247 998 1300 Καὶ
1025 1249 1252 1317 πέμψας
1296 1249 1517 1319 Χατςὴν
1551 1249 1642 1301 τὸν
1672 1248 1864 1301 εύνοῦ⁴

282 1355 401 1409 χον,
435 1337 605 1389 ἐτέλει
636 1339 734 1400 τὰς
767 1339 1025 1403 σπονδάς.
1065 1340 1257 1402 Ὀντος
1302 1340 1358 1393 δέ
1409 1339 1470 1393 ού
1517 1341 1735 1411 μακρὰν
1767 1339 1867 1393 αὐ-

283 1429 399 1491 τοῦ,
443 1429 582 1482 ἀλλὰ
612 1431 712 1497 τῆς
749 1431 813 1482 ἐκ
854 1431 1238 1500 Παφλαγονίας
1268 1433 1395 1502 ἄχρι
1424 1431 1666 1503 Φρυγίας
1695 1449 1872 1503 παρα-

281 1522 402 1574 λίου
442 1520 730 1590 ἄρχοντος,
761 1521 958 1591 ῥᾳδίως
993 1525 1380 1594 μετεπέμπετο
1408 1524 1868 1591 Καντακουζηνδς

280 1616 314 1666 ὁ
343 1613 598 1682 βασιλεὺς
631 1613 732 1682 τὴν
765 1613 1085 1684 συμμαχίαν
1116 1616 1284 1680 ἡνίκα
1321 1615 1426 1668 ἔδει
1448 1631 1464 1646 ·
1506 1615 1535 1668 ὃ
1571 1619 1667 1671 καὶ
1703 1617 1862 1685 μάλιο

283 1721 390 1756 στα
417 1705 669 1757 ἐκάκωσε
703 1706 770 1757 τὰ
789 1705 1092 1774 πράγματα
1122 1706 1412 1776 Ῥωμαίων
1435 1720 1450 1738 ·
1481 1705 1555 1769 ὡς
1590 1707 1866 1761 ἐπιπλείον

278 1798 394 1867 γὰρ
455 1797 550 1850 καί⁹
600 1797 862 1867 βασιλέως
914 1797 989 1868 μὴ
1037 1799 1297 1870 δεομένου
1355 1799 1751 1871 περαιούμενοι
1811 1801 1861 1854 oi

279 1890 510 1958 Πέρσαι,
561 1888 658 1952 τὰς
686 1889 854 1958 μήπω
911 1889 1122 1959 βασιλεῖ
1161 1891 1641 1961 προσχωρησάσας
1677 1891 1865 1953 πόλεις

275 1982 536 2045 ἐκάκουν,
584 1981 658 2044 ὡς
717 1981 1004 2051 πολεμίας.
1046 1983 1180 2036 Τότε
1217 1983 1274 2035 δέ
1334 1985 1398 2037 ἐκ
1451 1985 1557 2053 τῆς
1622 1983 1862 2054 Ὀρχάνη

274 2073 541 2142 στρατιᾶς
580 2072 721 2141 ἔχων
777 2073 1120 2144 συμμαχίαν,
1171 2075 1293 2136 ταῖς
1329 2075 1466 2144 πρὸς
1516 2075 1610 2127 τὸν
1655 2075 1858 2127 Πόντον

1978 888 2128 942 tione
2157 890 2423 943 Orcbanis
2461 892 2776 946 societatem
2804 901 3084 961 expetere,
3118 893 3301 949 missis
3333 904 3389 950 et
3430 895 3550 966 ipse

1976 980 2294 1034 oratoribus
2337 980 2388 1034 id
2423 981 2554 1050 egit,
2609 989 2668 1033 ut
2722 985 2789 1036 ad
2832 996 2913 1045 se,
2969 997 3078 1036 non
3138 982 3204 1037 ad
3258 982 3551 1055 Byzantios

1973 1071 2173 1125 auxilia
2209 1073 2472 1125 mitteret.
2511 1072 2611 1137 Qui
2645 1071 2820 1142 legato
2846 1073 3050 1127 Chatze
3075 1074 3330 1128 eunucho
3365 1073 3546 1131 foedus

1971 1178 2096 1216 eum
2131 1163 2519 1218 Cantacuzeno
2558 1164 2698 1217 iniit.
2732 1165 2976 1233 Cumque
3029 1179 3136 1219 non
3177 1165 3339 1237 longe
3376 1167 3550 1222 dista-

1973 1262 2078 1320 ret,
2128 1257 2222 1309 sed
2268 1271 2299 1309 a
2355 1254 2724 1326 Paphlagonia
2762 1256 3245 1326 maritima-usque
3281 1259 3336 1310 in
3375 1258 3548 1329 Phry-

1971 1345 2116 1416 giam
2159 1346 2524 1414 imperitaret,
2560 1346 2718 1400 facile
2763 1345 3178 1403 Cantacuzenus
3215 1350 3432 1418 quoties
3464 1351 3548 1403 in-

1970 1437 2190 1507 digebat
2224 1439 2509 1493 Persarum
2556 1453 2778 1494 manum
2829 1440 3169 1504 accersebat,
3202 1442 3295 1510 qui
3346 1439 3549 1494 Roma-

1968 1547 2069 1588 nas
2099 1532 2353 1603 regiones
2405 1530 2741 1587 infestabant
2788 1533 3122 1603 plurimum;
3154 1549 3278 1587 nam
3325 1534 3544 1603 saepius,

1967 1625 2298 1696 imperatore
2350 1626 2514 1679 etiam
2573 1640 2683 1678 non
2732 1633 2988 1696 rogante,
3032 1625 3392 1694 trajicientes,
3424 1641 3547 1694 quae

1965 1719 2207 1772 nondum
2237 1733 2296 1772 se
2327 1717 2650 1773 dediderant
2706 1719 2891 1784 urbes,
2927 1731 2985 1772 ut
3018 1717 3246 1772 hostiles
3280 1717 3549 1786 direptio’

1965 1808 2129 1864 nibus
2156 1807 2484 1880 alnigebant.
2519 1808 2675 1863 Tunc
2705 1823 2836 1863 vero
2871 1808 2940 1863 ab
2969 1808 3244 1863 Orchanis
3287 1808 3542 1863 exercitu

1968 1901 2178 1956 habens
2211 1899 2547 1964 subsidium,
2600 1909 2790 1955 contra
2839 1899 3041 1970 oppida
3089 1899 3158 1954 ad
3191 1913 3342 1954 oram
3387 1899 3544 1953 Ponti

1969 1989 2072 2044 sita
2106 1987 2412 2059 profectus,
2467 1988 2653 2042 omnia
2706 1997 2906 2058 praeter
2941 1986 3256 2058 Sozopolim
3305 1987 3542 2056 subegit.

1963 2077 2124 2148 Cepit
2166 2080 2296 2133 item
2331 2077 2592 2149 oppidum
2625 2079 2682 2132 in
2723 2078 2890 2133 Derce
2923 2079 3145 2148 palude,
3172 2088 3227 2134 et
3260 2079 3543 2134 castellum

272 2165 500 2217 πόλεσιν
531 2164 958 2233 ἐπεστράτευσε,
996 2162 1091 2217 καὶ
1125 2159 1240 2219 εἷλε
1281 2166 1462 2228 πάσας
1493 2164 1637 2234 πλὴν
1682 2164 1857 2228 Σωζο-

1967 2171 2239 2240 quoddam
2295 2185 2406 2223 non
2442 2169 2636 2238 procul
2686 2167 2969 2238 Byzantio,
3007 2171 3325 2242 Entpyriten
3372 2185 3540 2226 voca-

275 2256 507 2317 πόλεως.
541 2252 665 2309 Εἷλε
711 2256 768 2309 δὲ
795 2259 888 2308 καὶ
922 2257 1022 2326 τὴν
1056 2257 1115 2310 ἐν
1146 2261 1210 2328 τῇ
1254 2259 1433 2329 Δέρκῃ
1461 2259 1526 2327 τῇ
1566 2256 1728 2327 λίμνῃ
1761 2256 1860 2309 πό-

273 2346 364 2399 λιν
384 2363 398 2376 ·
435 2350 529 2400 καὶ
558 2348 817 2417 φρούριόν
863 2364 916 2399 τι
945 2347 1132 2418 ἕτερον
1163 2351 1223 2401 ού
1283 2351 1504 2418 μακρὰν
1535 2347 1856 2411 Βυζαντίου,

288 2437 628 2507 Ἐμπυρίτην
684 2440 1268 2509 προσαγορευόμενον⁹
1339 2434 1459 2492 εἶτα
1514 2440 1856 2510 ἀνέστρεφεν

275 2529 360 2590 εἰς
387 2528 484 2598 τὴν
512 2528 736 2583 οἰκείαν.
780 2529 918 2582 Ὑπὸ
955 2530 1012 2583 δέ
1065 2530 1190 2592 τοὺς
1223 2531 1421 2592 αὐτοὺς
1476 2531 1724 2601 χρόνους,
1761 2529 1857 2583 καὶ

272 2620 539 2688 Μανουὴλ
591 2624 617 2674 ὁ
674 2621 942 2692 νεώτερος
975 2622 1084 2675 τῶν
1133 2623 1403 2692 βασιλέως
1444 2625 1576 2676 υίῶν
1622 2623 1858 2694 Βερροίᾳ

273 2712 646 2782 ἐνδιατρίϐων,
684 2712 818 2783 δναρ
872 2712 1115 2782 ἔγραφεν
1166 2715 1296 2768 ἰδεῖν
1335 2715 1609 2770 τοιοῦτον.
1647 2715 1858 2768 Ἐδόκει

272 2805 374 2856 ἐπὶ
423 2805 612 2874 κλίνης
653 2805 816 2867 αύτδς
854 2804 1108 2858 ἑστάναι·
1170 2805 1394 2875 βασιλέα
1427 2807 1483 2859 δὲ
1521 2807 1613 2860 τὸν
1643 2807 1857 2877 πατέρα

269 2893 534 2963 τήϐεννον
558 2893 750 2964 ἔχοντα
782 2894 876 2946 καὶ
911 2893 1115 2963 χιτῶνα
1139 2897 1551 2966 περιπόρφυρα,
1580 2896 1676 2950 καὶ
1702 2897 1854 2966 ἱερα-

272 2988 434 3041 τικὸν
466 2989 852 3058 ἐπιτραχήλιον
883 2989 1144 3058 χρυσοῦν,
1185 2990 1320 3060 πρὸς
1351 2991 1514 3044 αὐτὸν
1545 2991 1739 3054 ἐλθεῖν,
1765 2989 1858 3044 δύο

270 3080 333 3132 δὲ
367 3080 591 3150 ἐτέρους
619 3081 958 3150 ἑκατέρωθεν
984 3081 1130 3150 αὐτῷ
1156 3083 1520 3150 παρέπεσθαι,
1555 3076 1630 3135 ὧν
1660 3083 1854 3152 ἅτερος

275 3171 380 3240 μὲν
405 3172 466 3223 ού
501 3171 777 3242 γνώριμος
830 3167 899 3242 ἦν
927 3211 943 3236 ,
973 3167 1087 3242 εἶχε
1121 3173 1178 3224 δέ
1212 3174 1270 3226 τὸ
1303 3175 1585 3244 προφήτου
1625 3173 1850 3226 Ἡσαΐου

273 3264 482 3334 βιϐλίον
512 3265 857 3333 ἀνεῳγμένον
881 3281 896 3295 ο
923 3265 1302 3334 Λαντζαρέτος
1341 3265 1396 3318 δὲ
1433 3267 1462 3317 ὁ
1489 3265 1741 3333 δεύτερος
1793 3263 1854 3316 τὺ

273 3355 545 3425 βασιλέως
595 3355 746 3425 ξίφος
795 3351 947 3425 εἶχεν
979 3357 1038 3410 ἐν
1087 3355 1264 3426 χερσί.
1301 3357 1538 3410 Βασιλέα
1585 3357 1641 3409 δὲ
1683 3359 1854 3426 κηρὸν

269 3445 422 3516 αὐτῷ
453 3449 889 3517 παρεσχημένον,
937 3449 1032 3501 καὶ
1064 3448 1336 3516 σφραγῖδα
1363 3484 1378 3512 ,
1424 3448 1591 3516 ἄμφω
1624 3447 1852 3517 ἐρυθρὰ,
1882 3499 1924 3554 c

269 3541 614 3610 Σφράγισον,
652 3541 786 3611 πρὸς
827 3541 916 3594 τὸν
980 3536 1340 3594 υίὸνέίπεῖν.
1368 3539 1472 3592 Τοῦ
1501 3540 1559 3592 δέ
1616 3540 1852 3610 σφραγί-

271 3647 488 3693 σαντος,
520 3629 698 3694 ζῶντα
720 3631 908 3683 λέοντα
945 3631 1324 3701 ἐντυπωθῆναι
1351 3629 1429 3700 τῷ
1456 3629 1633 3700 κηρῷ,
1656 3630 1854 3699 ἄστρον

269 3722 761 3792 λαμπρότατονιτῷ
783 3722 941 3793 δεξιῷ
970 3724 1269 3792 κατέχοντα
1301 3723 1442 3786 ποδὶ,
1475 3723 1571 3775 καὶ⁸
1607 3721 1740 3790 πρὸς
1777 3719 1855 3791 τῷ

269 3813 411 3883 ὤμῳ
443 3815 627 3884 ἕτερον
666 3816 859 3884 μικρὸν
887 3818 1080 3885 ἔχοντα
1112 3815 1589 3884 ἐγκεκολαμμένον
1632 3813 1852 3881 ἄστρον.

270 3904 510 3959 Βασιλέα
559 3908 616 3960 δέ
653 3911 846 3971 εἰπεῖν,
904 3909 1230 3977 Ἀνάστησον
1287 3907 1480 3959 αὐτόν·
1511 3907 1854 3975 ἀναστήσανο

271 4015 368 4062 τος
404 3999 460 4050 δέ
509 3999 602 4050 τοῦ
649 3999 787 4063 υἱοῦ,
812 3999 904 4051 τὸν
939 3999 996 4050 τὸ
1022 3999 1226 4068 βιϐλίον
1271 3997 1490 4050 Ἡσαΐου
1549 3997 1851 4066 κατέχοντα

272 4090 472 4150 εἰπεῖν,
518 4106 537 4139 ‹
586 4086 644 4140 Ὀ
703 4088 831 4151 Θεὸς
890 4090 1173 4158 ὡδήγησεν
1241 4088 1406 4141 αὐτὸν
1435 4088 1495 4154 ἐξ
1548 4087 1850 4155 Αἰγύπτου,

270 4177 349 4240 ὡς
383 4177 538 4244 δόξαν
579 4177 947 4248 μονοκέρωτος
983 4178 1178 4245 αὐτοῦ,
1210 4178 1421 4231 ἐδεσθαι
1453 4178 1580 4249 ἔθνη
1624 4178 1852 4249 -ἐχθρῶν

271 4271 481 4337 αὐτοῦ,
515 4271 608 4323 καὶ
649 4272 769 4332 ταῖς
815 4270 1021 4340 βολίσιν
1066 4272 1249 4324 αὐτῶν
1285 4271 1696 4335 κατατοξεύσει,
1755 4272 1851 4325 καὶ

270 4363 347 4416 τὰ
382 4363 529 4432 πάχη
549 4363 730 4417 αὐτῶν
761 4364 1067 4433 ἐκμυελιεῖ.
1102 4363 1450 4426 ⁵’Δνακλιθεὶς
1501 4363 1851 4417 ἀνεπαύσατο

268 4454 346 4515 ὡς
369 4453 522 4517 λέων,
551 4456 644 4507 καὶ
667 4454 741 4517 ὡς
771 4454 1008 4523 σκύμνος
1033 4470 1047 4485 ’
1069 4453 1152 4516 τίς
1184 4455 1368 4523 ἐγερεῖ
1397 4455 1667 4521 αὖτόν;οί
1698 4454 1850 4507 εὐλο-

271 4539 502 4607 γοῦντές
529 4557 585 4592 σε
615 4542 994 4610 εὐλογημένοι,
1033 4540 1125 4594 καὶ
1159 4543 1207 4593 οἱ
1238 4540 1620 4612 καταρώμενοί
1660 4559 1720 4596 σε
1754 4561 1849 4595 κε·

270 4634 664 4703 κατήρανται.»
699 4633 883 4685 Ταῦτα
903 4634 960 4686 δέ
988 4634 1162 4686 ἐδόκει
1193 4631 1270 4703 τῷ
1307 4632 1497 4704 βιϐλίῳ
1529 4635 1658 4686 ὄντα
1685 4637 1848 4703 ἐγγε-

267 4723 570 4792 γραμμένα
607 4720 1020 4790 ἀναγινώσκειν.
1053 4723 1317 4785 Βασιλεὺς
1366 4721 1420 4775 δὲ
1450 4717 1606 4786 αὖθις
1636 4722 1713 4792 τῷ
1740 4721 1842 4792 υἱῷ

1968 2265 2100 2321 bulo
2160 2277 2176 2323 :
2231 2263 2430 2318 deinde
2480 2262 2535 2315 in
2593 2261 2934 2331 provinciam
2986 2261 3172 2316 rediit.
3227 2261 3344 2316 Sub
3397 2261 3542 2315 idem

1971 2367 2188 2426 tempus
2236 2354 2450 2408 Manuel
2511 2353 2701 2423 junior
2750 2351 2896 2407 ﬁlius
2943 2352 3063 2422 ejus
3098 2351 3373 2407 Berrhma:
3422 2367 3544 2405 ma-

1968 2463 2131 2511 nens,
2179 2446 2287 2500 tale
2321 2450 2499 2500 visum
2534 2461 2632 2514 per
2658 2461 2914 2500 somnum
2955 2445 3058 2500 sibi
3110 2445 3353 2500 oblatum
3402 2445 3542 2500 scri-

1968 2540 2100 2611 psit.
2141 2537 2444 2594 Videbatur
2474 2539 2576 2594 sibi
2613 2539 2804 2594 sedere
2829 2553 2994 2608 super
3040 2538 3238 2593 lectulo
3272 2537 3409 2608 (47),
3447 2553 3543 2607 pa-

1969 2639 2103 2686 trem
2133 2641 2317 2685 autem
2368 2640 2543 2702 togam
2577 2640 2633 2684 et
2665 2631 2907 2684 tunicam
2963 2644 3203 2699 purpura
3242 2638 3541 2698 praetextas

1967 2723 2237 2788 indutum,
2275 2731 2686 2793 gestantemque
2717 2737 2745 2775 a
2775 2721 2915 2777 collo
2937 2721 3182 2791 pendens
3215 2721 3418 2776 monile
3448 2737 3540 2775 sa-

1965 2814 2238 2870 cerdotale
2286 2828 2512 2868 aureum
2552 2813 2835 2876 accedere,
2869 2814 3059 2867 dextra
3097 2813 3335 2880 laeuaque
3373 2813 3541 2881 stipa-

1966 2916 2078 2961 tum
2114 2907 2346 2970 duobus,
2375 2921 2606 2974 quorum
2639 2905 2776 2959 alter
2797 2905 3016 2976 ignotus
3073 2903 3354 2973 prepheta:
3386 2903 3541 2959 Isaiae

1963 3000 2221 3054 volumen
2304 3007 2557 3067 apertum
2631 2997 2889 3059 tenebat;
2970 2996 3110 3049 alter
3181 2995 3539 3049 Lantzaretus

1962 3088 2198 3158 gladium
2240 3085 2587 3157 imperatoris
2617 3100 2783 3140 manu
2817 3085 3068 3155 portabat
3099 3100 3114 3150 ;
3147 3094 3201 3139 et
3233 3084 3411 3155 ipsum
3439 3085 3541 3138 im-

1962 3185 2272 3244 peratorem
2327 3189 2508 3228 ceram
2543 3183 2598 3227 et
2647 3174 2906 3244 sigillum,
2943 3177 3102 3228 ambo
3136 3174 3328 3238 rubra,
3361 3173 3539 3244 porri-

1962 3274 2177 3334 gentem
2239 3265 2621 3334 dicentemque
2658 3281 2673 3321 :
2722 3263 2906 3334 Signa.
2939 3263 3075 3318 Cum
3111 3266 3402 3335 signassct,
3458 3265 3538 3319 vi-

1960 3374 2088 3413 vum
2123 3356 2339 3410 leonem
2377 3356 2434 3408 in
2463 3369 2587 3409 cera
2630 3354 2956 3423 impressum
3011 3370 3296 3424 apparere,
3342 3355 3537 3410 dextro

1961 3451 2100 3522 pede
2130 3447 2342 3502 stellam
2375 3453 2654 3500 tenentem
2706 3445 3122 3510 lueidissimam,
3152 3455 3210 3498 et
3238 3445 3393 3513 juxta
3440 3461 3534 3499 ar-

1958 3557 2106 3598 mum
2140 3541 2298 3595 aliam
2331 3539 2544 3592 stellam
2570 3537 2863 3601 modicam,
2900 3535 3047 3590 velut
3076 3536 3407 3606 insculptam
3430 3537 3543 3592 ιη--

1956 3636 2197 3691 bentem.
2235 3630 2375 3685 Tum
2424 3630 2816 3698 imperatorem
2849 3627 3054 3694 dicere,
3103 3629 3293 3682 Excita
3323 3629 3527 3698 ipsum.

1955 3725 2106 3791 Quod
2143 3738 2269 3779 cum
2313 3721 2539 3785 faceret,
2571 3717 2665 3788 qui
2713 3717 2909 3772 librum
2950 3718 3104 3772 Isaia:
3137 3721 3378 3784 tenebat,
3413 3720 3530 3775 haec

1956 3818 2084 3873 inde
2117 3817 2402 3871 videbatur
2454 3811 2712 3877 recitare,
2777 3827 2798 3862 ι
2832 3809 3098 3865 Dominus
3127 3813 3238 3866 dux
3271 3813 3394 3881 ejus
3425 3811 3530 3865 fuit

1953 3927 2017 3966 ex
2038 3908 2295 3980 Egypto,
2327 3916 2384 3962 ut
2415 3905 2641 3976 gloriam
2671 3902 2956 3958 unicornis
2989 3902 3130 3972 ejus,
3171 3909 3232 3956 ut
3261 3903 3530 3958 comedat

1954 3999 2514 4072 gentesinimicorum
2544 3997 2685 4065 ejus,
2723 4005 2778 4050 et
2801 3994 3004 4066 jaculis
3033 4009 3220 4050 eorum
3251 3996 3526 4066 jaculabi-

1954 4099 2062 4156 tur,
2084 4098 2138 4144 et
2157 4088 2458 4144 crassitiem
2491 4101 2681 4142 eorum
2719 4085 3092 4141 emedullabit.
3139 4085 3416 4140 Reeubuit
3472 4093 3526 4141 et

1953 4182 2166 4254 quievit
2194 4189 2255 4235 ut
2299 4179 2405 4242 leo,
2442 4188 2498 4234 et
2527 4185 2586 4232 ut
2609 4178 2820 4233 catulus
2849 4178 3045 4242 leonis,
3093 4177 3218 4247 quis
3257 4176 3518 4231 excitabit

1953 4271 2145 4327 illum?
2171 4269 2274 4337 Qui
2305 4269 2639 4325 benedicunt
2668 4269 2787 4334 tibi,
2833 4278 2962 4324 sunt
2993 4267 3297 4333 benedicti,
3347 4275 3402 4321 et
3430 4267 3523 4336 qui

1950 4365 2304 4428 maledicunt,
2346 4362 2621 4418 maledicti
2644 4361 2682 4414 ⁸.
2721 4380 2742 4413 ›
2772 4362 2933 4432 632
2971 4360 3092 4414 llaec
3139 4351 3232 4414 ille
3265 4358 3404 4414 libro
3442 4359 3522 4412 in-

1951 4440 2154 4526 scripta
2185 4454 2419 4509 recitare
2448 4453 2757 4508 videbatur.
2795 4454 3093 4522 Imperator
3112 4465 3306 4506 rursus
3339 4450 3515 4505 illium

1949 4549 2166 4619 signare
2191 4546 2378 4616 jussit.
2430 4544 2563 4600 Cum
2613 4545 2906 4616 signasset,
2951 4556 3210 4612 expressa
3258 4550 3342 4595 est
3397 4540 3522 4596 viva

1894 4641 1909 4659 ‘
1949 4639 2207 4708 pardalis,
2235 4639 2409 4692 altero
2452 4637 2592 4708 pede
2633 4638 2881 4692 chartam
2924 4636 3207 4690 sustinens
3249 4648 3373 4688 eum
3420 4633 3527 4688 hac
3568 4636 3570 4638 ’

1951 4729 2309 4799 inscriptione
2343 4748 2356 4784 :
2401 4746 2418 4780 ι
2452 4728 2594 4784 Ecce
2635 4729 2750 4784 fera
2797 4727 2972 4782 altera
3001 4735 3059 4779 ut
3089 4725 3314 4796 pardus,
3345 4733 3402 4779 ct
3427 4739 3526 4795 po-

269 4816 606 4883 προσέταττε
661 4816 983 4884 σφραγίσαι.
1033 4814 1444 4884 Σφραγίσαντος
1479 4814 1538 4868 δὲ
1574 4814 1842 4884 πάρδαλις

1962 4828 2117 4876 uastas
2147 4820 2196 4874 ei
2228 4820 2349 4876 data
2374 4822 2516 4876 est”.
2564 4838 2585 4874 ι
2623 4819 2871 4889 Cumque
2904 4819 3204 4889 imperator
3244 4819 3293 4872 ei
3325 4817 3417 4887 qui
3467 4815 3528 4870 li-

268 4906 467 4976 ἐξῆλθε
509 4907 679 4973 ζῶσα,
711 4907 805 4959 καῖ⁹
836 4906 1044 4976 χάρτην
1070 4902 1184 4976 εἶχε
1217 4906 1431 4978 θατέρῳ
1465 4907 1573 4959 τῶν
1632 4906 1841 4973 ποδῶν,

264 4993 316 5068 ᾧ
339 5001 730 5070 ἐνεγέγραπτο,
754 4999 886 5051 Ἰδοὺ
916 4999 1104 5070 θηρίον
1149 5000 1338 5071 ἕτερον
1375 5001 1509 5054 ὡσεὶ
1537 5001 1802 5071 πάρδαλις
1826 5018 1841 5033 ο

265 5094 367 5174 καὶ.
397 5092 616 5157 ἐξουσία
642 5093 800 5163 ἐδόθη
827 5091 995 5162 αὐτῷ.
1023 5110 1042 5143 ι
1081 5091 1453 5154 Κελεύσαντος
1483 5093 1539 5146 δέ
1587 5093 1847 5164 βασιλέως

353 5253 370 5283 ί
408 5251 573 5308 Num.
605 5268 754 5320 xxxv,
788 5253 842 5317 8,
878 5253 935 5309 9.
1009 5254 1032 5284 '
1071 5251 1187 5307 Dan
1217 5268 1315 5319 νυ,
1348 5252 1403 5308 6.

1958 4912 2116 4967 brum
2175 4913 2396 4968 tenebat
2451 4915 2832 4985 praecepisset,
2871 4922 2932 4968 ut
2997 4911 3124 4965 ferae
3179 4911 3526 4980 prophetiam

1956 5003 2179 5074 legeret,
2225 5007 2417 5059 eadem
2474 5005 2710 5077 legebat.
2763 5004 3013 5060 Tertium
3070 5005 3286 5075 signare
3339 4998 3528 5070 jussit,-

1956 5095 2205 5166 Cumque
2259 5095 2554 5168 signasset,
2599 5096 2722 5152 felis
2767 5096 2928 5152 etiam
2975 5094 3096 5151 viva
3157 5091 3350 5172 eaivit,
3406 5102 3527 5159 qua!

1527 5391 1746 5454 Jacobi
1781 5393 2053 5456 Pontani
2085 5401 2276 5458 notae.

350 5518 463 5587 (47)
507 5517 580 5572 De
610 5518 712 5572 hoc
757 5531 970 5572 sommo
1002 5513 1196 5587 viderit
1244 5513 1414 5587 lector
1459 5511 1586 5580 quid
1623 5514 1841 5587 sentiat,

271 5597 333 5644 et
362 5582 647 5659 quomodo
680 5603 867 5642 verum
914 5587 1005 5650 sit,
1055 5584 1198 5654 quod
1229 5585 1302 5659 ait
1339 5592 1527 5659 postea
1594 5582 1674 5635 sie
1711 5596 1844 5636 eve-

273 5653 449 5714 nisse.
481 5658 776 5714 Commista
805 5666 932 5712 sunt
969 5653 1153 5711 autem
1189 5655 1351 5710 verba
1395 5653 1690 5722 Scriptum
1720 5667 1843 5706 san-

1953 5521 2075 5576 etre,
2101 5524 2175 5592 _et
2210 5513 2584 5592 consarcinata
2613 5485 2922 5588 aliquoties,
2957 5516 3250 5576 utnescias
3287 5519 3416 5592 quid
3451 5536 3522 5576 ex

1950 5597 2063 5652 quo
2099 5582 2219 5638 loco
2257 5585 2576 5640 adducatur.
