4016 6208
579 293 606 363 1
620 296 718 363 1‘91

1761 297 2089 361 JOANNIS
2126 299 2626 364 CANTACUZEN
2636 301 2660 362 Ι

3621 323 3715 386 lli!

576 409 653 464 ris
683 404 1101 477 praedatoribus,
1135 403 1227 474 qui
1273 403 1530 473 pluribus
1586 411 1644 459 et
1696 403 2151 476 irreparabilibus

2132 411 2229 472 ΒΛ
2251 407 2309 462 δὲ
2344 411 2541 464 πεῖσαν
2573 405 2714 464 εἶναι
2761 410 3084 480 ἀφικέσθαι,
3129 417 3210 472 ὅτι
3257 422 3430 491 χρᾶνον
3451 428 3538 497 ἤδη
3575 427 3718 504 dum,

581 515 701 554 eam
760 495 1112 552 detrimentis
1172 494 1518 561 affecissent,
1582 495 1878 566 multisque
1929 498 2151 552 assidue

577 589 750 658 captis
783 597 839 643 et
874 587 1212 656 interemptis
1239 585 1424 641 nullus
1481 584 1660 640 adhuc
1712 587 1979 641 malorum
2025 586 2150 643 linis

577 689 836 749 appareat
873 701 882 734 :
915 693 1093 747 neque
1141 678 1244 730 hoc
1280 676 1471 730 saltem
1506 690 1633 730 vere
1685 691 2022 746 cognoscere
2083 676 2154 730 li-

1965 691 2022 732 re
2083 676 2154 730 li-
2253 678 2345 733 ὑπ’
2377 681 2626 752 ἀλλήλων
2674 685 3099 753 στασιαζόντων,
3153 692 3370 764 καὶτῆς
3408 698 3551 769 ἄλλης

580 784 723 836 ceat,
761 771 904 825 unde
963 770 1166 824 bellum
1202 769 1438 838 primum
1495 769 1745 836 cmperit,
1781 776 1836 822 et
1885 783 2025 836 quas
2076 767 2150 823 ob

577 878 772 918 causas
803 878 973 931 usque
1009 863 1169 915 hodie
1209 860 1389 915 sedari
1420 860 1754 928 nequiverit,
1788 860 1884 915 sed
1916 876 2027 916 non
2059 875 2148 917 se-

579 970 678 1009 cus
712 970 872 1023 quam
925 955 1114 1007 furens
1151 953 1369 1006 ﬂamma
1422 952 1606 1005 omnia
1640 951 1904 1021 pervadat
1947 961 2003 1006 et
2055 953 2150 1007 ab-

579 1056 783 1100 sumat.
836 1045 901 1099 Ει
925 1059 1236 1113 quanquam
1274 1058 1340 1097 ex
1383 1043 1507 1097 aliis
1538 1042 1726 1096 multis
1756 1043 1915 1097 aliter
1963 1043 2149 1098 audie-

579 1139 710 1200 rint,
736 1145 795 1190 ut
826 1137 1061 1205 quisque
1092 1144 1184 1190 aut
1218 1135 1357 1189 bene
1380 1144 1474 1187 aut
1504 1133 1644 1188 male
1685 1135 1736 1187 in
1763 1135 2145 1204 imperatorem

579 1230 851 1281 animatus
878 1238 983 1291 est,
1017 1237 1198 1281 tamen
1235 1227 1300 1282 iis
1329 1225 1664 1280 credendum
1696 1241 1805 1278 non
1829 1225 2144 1280 censuisse:

577 1321 690 1388 qni,
725 1319 999 1388 quomodo
1033 1318 1136 1386 ipsi
1161 1333 1356 1372 sensus
1381 1326 1436 1372 ct
1469 1317 1825 1387 cogitationes
1867 1332 1995 1371 suas
2026 1334 2144 1372 mu-

587 1422 726 1471 tant,
755 1413 836 1466 sic
863 1412 1026 1466 etiam
1062 1426 1150 1465 res
1169 1410 1364 1464 mutari
1401 1409 1600 1462 debere
1629 1409 1941 1477 opinantur.
1966 1409 2147 1475 Quare

578 1521 636 1558 se
665 1519 854 1572 rogare
887 1517 1216 1573 magnopere
1258 1511 1318 1555 ut
1369 1501 1486 1570 ipse
1522 1509 1791 1555 memoret
1830 1516 1940 1569 quo
1985 1511 2146 1572 pacto

549 1596 790 1666 ‘singula
824 1609 881 1648 se
916 1593 1230 1654 habuerint,
1282 1593 1372 1662 qui
1411 1607 1472 1646 ea
1507 1607 1621 1659 prae
1651 1592 1908 1647 omnibus
1952 1593 2147 1648 certis-

575 1687 716 1743 simo
773 1685 937 1751 norit,
973 1694 1030 1740 et
1071 1686 1358 1738 veritatem
1395 1683 1673 1737 occultare
1733 1683 1903 1746 nolet,
1955 1691 2145 1754 utpote

571 1779 821 1849 ejusdem
867 1750 998 1833 inde
1025 1793 1054 1832 a
1083 1791 1280 1846 puero,
1341 1777 1484 1830 sicut
1507 1776 1854 1844 acceperint.
1905 1777 2146 1831 tenacis-
2176 1750 2219 1807 Β

575 1873 750 1926 simus
781 1887 796 1925 :
828 1871 990 1940 idque
1023 1886 1087 1925 eo
1120 1869 1323 1931 minus,
1362 1867 1505 1935 quod
1543 1877 1758 1922 exstent
1793 1867 2014 1937 plurimi
2051 1866 2144 1938 qui

578 1977 712 2018 vera
777 1962 1140 2018 subticentem
1196 1961 1408 2030 possint
1456 1962 1802 2028 redarguere.
1846 1959 2148 2029 Imperator

577 2069 690 2110 non
733 2055 800 2110 de
831 2054 1069 2108 adventu
1102 2051 1505 2117 tantummodo,
1558 2052 1653 2106 sed
1689 2052 1855 2107 etiam
1893 2052 1962 2107 de
2011 2053 2147 2122 peti-

575 2150 728 2203 tione
781 2160 877 2200 eos
903 2143 1113 2210 laudat,
1166 2145 1478 2215 gratiasque
1538 2159 1761 2216 magnas
1813 2145 1945 2217 agit,
1999 2146 2147 2201 afﬁr-

574 2255 733 2296 mans
762 2238 970 2307 pridem
1010 2246 1232 2306 optasse
1263 2238 1396 2292 tales
1429 2237 1531 2292 sibi
1561 2239 1902 2308 contingere,
1939 2242 2032 2310 qui
2074 2241 2145 2297 ad

577 2329 887 2392 veritatem,
943 2341 1055 2380 non
1089 2326 1156 2379 ad
1192 2325 1344 2379 litem
1389 2334 1444 2379 et
1499 2325 1910 2383 altercationem
1953 2329 2146 2386 audire

576 2420 797 2474 vellent.
828 2419 1031 2472 Pratter
1062 2417 1172 2471 alia
1199 2418 1403 2486 quippe
1440 2417 1580 2470 mala
1619 2432 1740 2485 quae
1790 2419 1897 2474 sibi
1939 2419 2143 2475 bellum

575 2511 682 2566 hoc
731 2508 1022 2571 inﬂixerit,
1065 2516 1122 2560 et
1152 2507 1259 2562 hoc
1311 2507 1605 2560 molestum
1661 2508 1946 2574 accidisse,
1997 2512 2144 2580 quod

575 2600 816 2656 nondum
854 2600 1002 2653 viros
1031 2598 1242 2667 aliquos
1283 2598 1588 2667 prudentes
1613 2599 1904 2665 invenerit,
1934 2615 2026 2669 qut
2057 2601 2142 2672 ju-

571 2703 716 2751 stam
775 2692 844 2746 de
896 2691 1066 2745 armis
1123 2691 1244 2745 istis
1304 2693 1635 2745 sententiam
1694 2694 2142 2760 pronuntiarent.

572 2786 730 2841 Nunc
761 2783 894 2853 ipsis
936 2782 1233 2851 improviso
1265 2781 1683 2837 advenientibus
1709 2792 1763 2838 et
1802 2799 1914 2840 rem
1943 2786 2142 2856 eXponi

579 2877 918 2947 rogantibus,
949 2889 1087 2943 quos
1117 2874 1232 2944 ipse
1272 2875 1515 2929 nancisci
1551 2876 1692 2930 votis
1721 2879 1949 2933 summis
1983 2889 2144 2948 opta-

572 2970 736 3029 verit,
769 2978 824 3022 et
853 2968 946 3036 qui
998 2968 1224 3035 insuper
1259 2968 1405 3034 apud
1444 2983 1502 3021 se
1533 2983 1642 3022 non
1683 2969 1857 3022 solum
1911 2971 1983 3024 ob
2013 2986 2144 3026 eru-

582 3058 852 3113 ditionem
936 3066 1100 3124 atque
1196 3056 1540 3125 prudentiam
1603 3059 1850 3126 iudicum
1943 3077 2144 3118 munus

571 3150 724 3219 fungi
765 3146 1004 3217 possint,
1036 3145 1129 3199 sed
1151 3146 1222 3199 ob
1249 3146 1300 3200 id
1340 3147 1518 3216 ipsum
1546 3149 1820 3214 venerint,
1844 3161 1904 3204 ut
1928 3167 1992 3205 ex
2023 3154 2144 3223 ejus

572 3253 671 3295 ore
695 3241 982 3294 veritatem
1038 3237 1107 3292 de
1152 3237 1315 3308 635
1347 3237 1453 3293 hoc
1514 3240 1658 3294 bello
1684 3242 2049 3312 perciperent,
2077 3229 2150 3302 li-ﬂ

572 3328 899 3384 bentissime
969 3327 1153 3380 omnia
1212 3327 1608 3396 explicaturum
1642 3370 1658 3390 ,
1714 3339 1770 3385 et
1823 3334 2144 3402 petitionem

573 3419 717 3474 hanc
746 3420 799 3473 in
837 3419 1104 3472 memoria
1139 3418 1475 3474 habiturum.
1505 3420 1708 3504 Orabat
1737 3424 1921 3490 simul,
1971 3442 2038 3482 ne
2087 3442 2148 3483 se

573 3511 978 3581 reprehendere
1025 3519 1380 3576 vererentur,
1429 3514 1474 3566 si
1508 3527 1566 3567 se
1600 3523 1694 3568 aut
1722 3515 2020 3585 peierasse,
2050 3528 2145 3573 aut

573 3602 834 3672 injurium
882 3601 1074 3663 fuisse,
1108 3610 1205 3656 aut
1237 3603 1597 3673 imperatoris
1632 3608 1792 3662 amici
1837 3607 1964 3664 ﬁliis
2005 3610 2142 3664 insi-

572 3694 692 3749 dias
719 3697 1116 3763 composuisse.
1176 3704 1272 3749 aut
1307 3697 1450 3751 bello
1475 3707 1749 3755 cnmmoto
1798 3701 2139 3758 calamitates

574 3784 994 3854 inexplicabiles
1049 3787 1323 3844 invexisse
1371 3788 1872 3859 deprehenderent.
1909 3793 2143 3850 Exorsus

572 3874 735 3944 igitur
766 3890 796 3927 a
830 3875 1123 3945 principio,
1156 3877 1352 3932 ordine
1383 3878 1596 3949 singula
1631 3882 1944 3946 recensuit,
1977 3899 2138 3952 quam

568 3962 815 4032 perfecte
850 3964 965 4032 ipse
1018 3975 1072 4020 et
1113 3967 1462 4023 Andronicus
1499 3970 1643 4024 inter
1668 3985 1726 4026 se
1770 3971 2090 4029 dilexissem
2122 3992 2137 4029 :

567 4062 625 4108 et
655 4054 932 4122 quomodo
959 4049 1026 4110 eo
1049 4067 1266 4112 mortuo
1290 4073 1398 4111 non
1434 4059 1586 4114 liberi
1610 4061 1808 4126 solum,
1841 4073 1896 4118 et
1915 4067 2140 4134 coniux,

567 4154 626 4201 et
681 4148 998 4217 respublica
1049 4158 1215 4205 tanta:
1261 4151 1367 4207 sibl
1409 4168 1554 4210 cura:
1584 4154 1808 4223 fuerint,
1857 4169 1917 4214 ut
1949 4176 2143 4218 eorum

567 4251 737 4292 causa
797 4253 910 4292 non
963 4239 1126 4294 modo
1166 4243 1480 4310 pecuniam,
1515 4246 1630 4312 sed,
1691 4248 1736 4303 si
1789 4264 1928 4320 opus
1973 4251 2134 4322 foret,

568 4330 736 4384 vitam
769 4345 988 4400 quoque
1021 4331 1344 4402 impendere
1376 4345 1600 4405 paratus
1628 4348 1776 4425 esset
1808 4359 1822 4395 :
1863 4345 2138 4412 quomodo

2251 496 2348 550 τοῦ
2381 498 2520 568 πρὸς
2556 500 2826 568 ἀλλήλους
2867 502 3163 571 Ῥωμαίοις
3200 509 3424 580 πολέμου
3458 496 3722 578 τουτωῒ-ήκε-

2251 603 2375 655 κινη
2384 589 2572 658 μένου,
2598 591 2692 643 καὶ
2714 591 3176 664 διαφθειρομένων
3192 600 3443 673 ὁσημέραι
3466 607 3555 659 τῶν
3571 613 3723 668 πόλεων

3619 722 3722 771 tum;

2255 722 2327 733 ,η
2377 722 2622 752 ...η-..ηυντ
2674 722 3099 753 νυυιυῑ-ωξυνιωγ,
3153 722 3243 744 aut
3277 722 3368 764 Ἡίς
3408 722 3552 769 tum;
3593 722 3721 775 χωρας

2255 771 2360 825 ὑπὸ
2413 773 2703 844 Ῥωμαίων
2734 777 2830 829 καὶ
2878 777 3170 850 βαρϐάρων
3213 784 3317 837 τῶν
3341 797 3721 865 κατατρεχόντω,

2249 863 2346 915 καὶ
2377 864 2643 918 πλείστων
2665 866 2758 918 καὶ
2779 867 3092 938 ἀνηκέστων
3109 871 3450 944 τελουμένων,
3473 883 3552 934 καὶ
3572 863 3724 940 πολλῶν

2251 956 2377 1009 καθ’
2407 958 2626 1028 ἡμέραν
2660 960 3030 1031 κτεινομένων
3063 967 3156 1019 καὶ
3189 963 3723 1044 ἐξανδραποδιζομένων,

2251 1045 2377 1099 οὔτε
2425 1046 2581 1110 λύσις
2608 1048 2723 1102 τῶν
2765 1051 2954 1104 κακῶν
3001 1055 3225 1125 οὐδεμία
3268 1056 3618 1131 ἐξευρίσκεται,
3647 1069 3727 1120 οὐδ’

2251 1137 2384 1190 αὐτὸ
2433 1139 2593 1192 τοῦτο
2640 1139 2816 1206 ἔξεστι
2843 1144 3072 1214 τάληθὲς
3099 1149 3307 1216 μαθεῖν,
3332 1152 3445 1204 ὅθεν
3467 1169 3516 1205 τε
3536 1155 3728 1224 ήρξατοδ

2251 1228 2483 1297 πόλεμος
2499 1231 2563 1281 τδ
2588 1231 2825 1298 πρῶτον,
2844 1237 2952 1287 κάκ
2969 1237 3134 1290 τίνων
3153 1239 3263 1291 τῶν
3278 1243 3452 1295 αἰτίων
3470 1244 3597 1299 οὔπω
3611 1252 3726 1318 μέχρι

2253 1316 2349 1370 νῦν
2387 1319 2755 1391 καταλυθῆναι
2790 1323 3057 1398 ἠδυνήθη,
3083 1327 3378 1395 ἀλλὀῦτως
3411 1336 3564 1388 ἔπεισι
3581 1316 3725 1401 πάντα,

2250 1405 2436 1475 ὥσπερ
2498 1409 2628 1478 φλὸξ
2685 1415 3120 1474 καταναλίσκων.
3178 1422 3364 1476 Καίτοι
3417 1441 3476 1492 γε
3503 1427 3727 1497 ἀκηκοέναι

2257 1499 2321 1551 ὲκ
2355 1500 2585 1563 πολλῶν,
2637 1502 2813 1558 ἄλλων
2849 1505 3025 1571 ἄλλως
3058 1509 3136 1573 ῶς
3185 1511 3406 1577 ἕκαστος
3444 1517 3724 1588 ἀπεχθείαςή

2250 1591 2468 1681 εὐνοίας,
2497 1594 2630 1672 πρὸς
2661 1597 2804 1666 ὑμᾶς
2851 1599 2978 1663 τοὺς
3010 1601 3270 1671 βασιλέας
3298 1606 3471 1677 ἔχουσι
3494 1608 3724 1681 διηγουμέ-

2251 1699 2378 1736 νωψ
2411 1678 2491 1748 οἷς
2519 1687 2579 1739 ού
2625 1687 2832 1742 δίκαιον
2867 1693 3150 1746 πιστεύειν
3181 1699 3480 1767 κεκρικέναι
3518 1703 3610 1763 τοῖς
3632 1717 3728 1769 σφε·

2253 1775 2434 1844 τέροις
2459 1778 2639 1832 αὐτῶν
2673 1782 2872 1836 πάθεσι
2891 1787 3438 1854 συμμεταὸἀλλεσθαι
3461 1790 3639 1856 ἀξιοῦσι
3663 1796 3728 1847 καὶ

2251 1865 2321 1918 τὰ
2355 1867 2680 1940 πράγματα.
2713 1873 2808 1927 Διὸ
2841 1877 2936 1928 καὶ
2962 1877 3175 1932 δεῖσθαι
3205 1880 3428 1949 μάλιστα
3450 1883 3591 1936 αύτοῦ
3611 1885 3732 1938 asa»

2252 1962 2651 2034 ἐξηγήσασθαι,
2675 1967 2752 2032 ὡς
2785 1969 2943 2039 ἔσχεν
2973 1973 3184 2026 ἕκαστα
3217 1976 3509 2044 σαφέστατά
3532 1993 3582 2030 τι
3601 1978 3731 2031 εἰδότα

2253 2056 2360 2110 τῶν
2384 2057 2576 2126 ίάλλων
2611 2061 2838 2131 μᾶλλον,
2887 2045 2982 2118 καὶ
3023 2068 3261 2139 τάληθὲς
3305 2069 3364 2121 οὐ
3412 2070 3732 2140 paulchng

2251 2147 2656 2219 ἀποκρύπτειν,
2687 2148 2776 2206 οἷα
2826 2154 2892 2224 δὴ
2933 2155 3197 2227 ἀληθείας
3226 2177 3286 2212 τε
3314 2160 3564 2231 ἐχόμενον,
3595 2161 3732 2232 ῶσπερ

2251 2239 2523 2310 ἀκούομεν
2554 2243 2816 2314 ἐξαρχῆς,
2849 2248 3024 2312 ἄλλως
3052 2265 3113 2302 τε
3147 2253 3243 2305 καὶ
3275 2252 3472 2306 πολλῶν
3498 2254 3638 2307 ὅντων
3657 2254 3734 2306 τῶν

2250 2330 2631 2402 δυνησομένων
2685 2338 3040 2412 ἀπελέγχειν,
3074 2339 3145 2394 ἂν
3193 2345 3442 2414 φαίνηται
3493 2345 3557 2413 μὴ
3605 2343 3735 2408 λέγειν

2251 2423 2529 2493 ᾑρημένος
2559 2427 2786 2499 τάληθῇ.
2828 2431 3092 2493 Βασιλεὺς
3139 2435 3224 2498 δὲ,
3253 2437 3314 2487 οὐ
3353 2435 3440 2488 τοῦ
3468 2437 3581 2505 παρ’
3619 2435 3735 2488 αὑτὸν

2255 2516 2484 2585 ἀφῖχθαι
2517 2518 2700 2586 μόνον,
2727 2521 2862 2575 ἀλλά
2906 2523 3000 2576 καὶ
3029 2525 3128 2594 τῆς
3178 2525 3442 2596 αἰτήσεως
3467 2525 3644 2596 ἐπῄνει,
3669 2528 3735 2579 καὶ

2249 2607 2483 2677 χάριτας
2507 2609 2566 2662 οὐ
2587 2609 2686 2674 τὰς
2716 2612 2984 2682 τυχούσας
3007 2615 3305 2686 ὡμολόγει.
3343 2619 3502 2672 Πάλαι
3531 2619 3618 2688 γάρ
3639 2617 3735 2686 εφα-

2252 2714 2380 2752 σκεν
2418 2699 2708 2770 ἐπιθυμεῖν
2758 2705 2865 2757 τῶν
2907 2708 3045 2776 πρὸς
3080 2709 3366 2780 ἀλήθειαν,
3411 2711 3516 2765 ἀλλ’
3549 2711 3600 2764 οὐ
3638 2711 3736 2774 πρὸς

2250 2785 2366 2857 ἔριν
2407 2794 2502 2842 καὶ
2548 2791 2885 2858 φιλονεικίαν
2929 2797 3154 2853 ἀκούειν
3205 2801 3736 2872 βουλησομένωνωρις

2249 2880 2361 2948 γὰρ
2389 2883 2497 2943 τοῖς
2534 2883 2714 2948 ἄλλοις
2748 2883 2831 2950 οἷς
2865 2890 3178 2958 ἐπήνεγκεν
3209 2897 3236 2946 ὁ
3282 2895 3504 2963 πόλεμος
3525 2893 3646 2962 αὐτῷ
3667 2911 3736 2944 κα-

2250 2973 2388 3038 κοῖς,
2421 2974 2516 3027 καὶ
2536 2976 2700 3028 τοῦτο
2730 2978 2837 3031 τῶν
2864 2981 3121 3052 ἐπαχθῶν
3153 2986 3429 3054 ἡγεῖσθαι,
3447 2987 3502 3040 τὸ
3529 2987 3737 3057 μηδέποτε

2252 3063 2490 3116 συνετῶν
2515 3081 2676 3118 τινων
2705 3067 2996 3136 ἀκροατῶν
3022 3076 3210 3144 τυχεῖν
3239 3075 3290 3129 οἳ
3315 3077 3598 3129 δικάσουσιν
3628 3073 3738 3140 αὖτῷ

2249 3153 2379 3222 περὶ
2408 3154 2561 3208 τοῦδε
2587 3157 2680 3211 τοῦ
2717 3162 2980 3232 πολέμου.
3011 3163 3150 3219 Νυνὶ
3177 3167 3234 3220 δὲ
3265 3169 3445 3232 αὐτοῖς
3474 3170 3594 3221 κατά
3612 3166 3739 3234 τύχην

2249 3244 2599 3317 ἀφιγμένοις,
2636 3254 2976 3325 παρέχεσθαι
3003 3274 3064 3310 τε
3102 3243 3399 3328 δεομένοις,
3427 3256 3497 3316 ὧν
3523 3263 3652 3324 αὐτὸς
3673 3277 3740 3311 ru-

2246 3341 2362 3406 χείν
2426 3341 2483 3393 ὲν
2529 3343 2796 3418 μεγίστης
2842 3347 3006 3418 εὐχῆς
3035 3345 3138 3422 ἦγε
3191 3355 3373 3423 μέρει,
3402 3354 3558 3418 ἄλλως
3593 3371 3642 3407 τε
3673 3354 3741 3405 καὶ

2245 3430 2568 3502 δυναμένοις
2601 3438 2768 3492 τόπον
2797 3439 3070 3494 δικαστῶν
3105 3447 3359 3517 κατέχειν
3387 3449 3506 3518 παρ’
3530 3445 3669 3514 αὐτῷ.
3696 3446 3740 3496 αὖ

2250 3523 2410 3590 μόνον
2437 3525 2526 3578 διὰ
2552 3525 2650 3597 τὴν
2679 3529 2872 3599 σοφίαν
2900 3535 2994 3585 καὶ
3018 3534 3120 3602 τὴν
3177 3539 3418 3603 σύνεσιν,
3459 3537 3559 3602 ἀλλ’
3584 3537 3650 3590 ὅτι
3674 3538 3740 3589 καὶ

2244 3611 2334 3664 ἐπ’
2378 3615 2527 3688 αύτῷ
2556 3618 2732 3690 τούτῳ
2771 3621 2981 3691 ἥκοιεν,
3018 3625 3083 3678 ἵν’
3125 3629 3191 3680 ὲκ
3226 3629 3335 3682 τῶν
3366 3630 3643 3698 λεγομένων
3663 3627 3739 3678 τὰ·

2245 3703 2385 3776 ληθῆ
2411 3709 2540 3778 περὶ
2594 3709 2690 3763 τοῦ
2739 3712 2978 3784 πολέμου
3030 3719 3231 3785 γνοῖεν,
3265 3721 3528 3790 ἧκιστάτε
3573 3719 3739 3773 ἅπαντα

2244 3799 2408 3852 αὑτὸν
2457 3799 2809 3871 ὲκθήσεσθαι,
2839 3806 2932 3858 καὶ
2957 3806 3119 3877 χάριν
3138 3811 3375 3882 εἰδήσειν
3401 3813 3492 3883 τῆς
3513 3814 3738 3881 αἰτήσεως.

2255 3886 2457 3941 Ἐδεῖτό
2482 3906 2538 3942 τε
2563 3892 2744 3947 αὐτῶν
2777 3894 2948 3963 μηδὲν
2980 3897 3470 3972 ὑποστειλαμένους
3499 3901 3740 3967 ἐξελέγχειν

2242 3978 2310 4032 ἂν
2341 3981 2600 4053 φαίνηται
2625 3983 2902 4054 ἐπιορκῶν
2935 3989 3032 4039 καὶ
3066 3990 3292 4059 ἀδικῶν,
3325 3996 3414 4048 καὶ
3443 3994 3472 4064 ἢ
3505 3997 3601 4055 τοῖς
3627 3993 3738 4060 βασι-

2241 4070 2378 4135 λέως
2409 4077 2570 4127 παισὶ
2607 4076 2702 4129 τοῦ
2733 4079 2888 4145 φίλου
2921 4083 3316 4149 ἐπιϐουλεύων,
3361 4085 3391 4153 ἢ
3439 4085 3526 4139 τοῦ
3555 4085 3737 4151 πολέμου

2239 4165 2435 4233 αἴτιος,
2473 4171 2568 4220 καὶ
2598 4169 2697 4238 τῆς
2738 4169 3030 4243 Ῥωμαίων
3077 4175 3366 4248 ἀμυθήτου
3411 4179 3596 4247 φθορᾶς
3626 4190 3735 4243 γεγε·

2241 4259 2537 4326 νημένους.
2578 4259 2917 4332 Ἀρξάμενός
2944 4281 3002 4318 τε
3038 4268 3132 4319 ἀπ’
3165 4268 3342 4338 ἀρχῆς
3378 4269 3529 4331 εὐθὺς
3555 4265 3737 4336 διηγεῖτο

2239 4345 2464 4411 ἕκαστα,
2495 4349 2594 4419 τήν
2619 4367 2679 4402 τε
2707 4352 2873 4406 αὑτοῦ
2916 4356 3012 4408 καὶ
3037 4354 3306 4424 βασιλέως
3349 4358 3646 4428 Ἀνδρονίκου
3669 4350 3734 4403 sic

568 4422 703 4476 item
735 4424 988 4492 przefeeti
1026 4426 1268 4482 cubiculi
1327 4428 1556 4485 insidias
1606 4422 1884 4490 immerito
1911 4448 2136 4507 perpes-

2167 4429 2212 4485 D
2239 4453 2388 4490 νοιαν
2413 4441 2508 4491 καὶ
2527 4440 2710 4508 φιλίαν
2742 4444 2878 4514 πρὸς
2905 4422 3169 4517 ἀλλήλους
3198 4449 3424 4521 ἀκριϐῆ,
3449 4422 3613 4509 καλῶς
3634 4442 3734 4514 μεεά

567 4528 662 4567 sus
691 4515 784 4579 sit,
822 4517 916 4585 qui
942 4532 1010 4570 ex
1051 4517 1257 4573 invidia
1290 4535 1479 4575 necem
1515 4521 1619 4577 sibl
1653 4539 1850 4594 parare
1896 4529 2132 4597 quaesie-

568 4605 664 4669 rit,
711 4615 772 4659 ut
824 4606 942 4675 ipse
997 4623 1184 4664 rerum
1241 4611 1612 4682 principatum
1659 4617 1969 4684 obtineret;
2027 4636 2137 4690 quo

564 4695 728 4747 etiam
759 4705 920 4762 pacto
947 4699 1275 4754 commentis
1327 4715 1392 4755 ac
1443 4705 1815 4774 syeOphantiis
1845 4708 1978 4774 suis,
2029 4709 2136 4764 im~

565 4783 822 4853 ponendo
877 4784 1001 4849 sibi,
1031 4787 1180 4855 quod
1235 4805 1515 4860 nunquam
1563 4796 1856 4864 cogitarat,
1893 4801 2132 4868 patriar-

565 4875 727 4929 cbam
761 4874 1004 4943 aliosque
1035 4875 1317 4947 deceperit
1359 4897 1373 4933 :
1415 4897 1521 4948 qua
1563 4885 1773 4941 ratione
1807 4888 1908 4952 illi,
1939 4905 2136 4959 quam-

566 4968 652 5020 vis
689 4980 748 5020 se
786 4966 1006 5021 mentiri
1056 4976 1112 5022 et
1137 4969 1463 5025 calumniari
1519 4975 1725 5030 scirent
1755 4980 2136 5037 manifestissi-

569 5073 676 5124 me,
718 5059 885 5113 verbo
921 5073 1030 5128 ,pro
1089 5061 1442 5130 imperatrice
1487 5074 1545 5120 et
1588 5066 1716 5123 ﬁliis
1775 5071 1918 5142 ejus,
1952 5069 2134 5145 rei'psa

566 5163 666 5217 pro
697 5149 1002 5206 commodis
1031 5152 1144 5206 suis
1171 5153 1253 5221 (ut
1280 5156 1568 5224 putabant)
1607 5161 1778 5215 multa
1808 5179 1933 5218 cum
1967 5166 2127 5220 falla-

565 5239 649 5293 cia
683 5240 884 5295 bellum
927 5243 1261 5300 concitarint
1293 5261 1307 5298 :
1343 5263 1616 5319 quamque
1684 5254 1916 5323 improbi
1958 5268 2012 5312 et
2045 5261 2132 5312 in-

562 5327 783 5384 humani
807 5344 930 5384 cum
969 5333 1019 5386 in
1056 5349 1136 5400 se,
1173 5344 1284 5390 tum
1331 5337 1384 5391 in
1424 5349 1649 5396 matrem
1703 5357 1859 5398 suam
1906 5355 1963 5400 et
2001 5364 2131 5417 pro-

561 5420 797 5490 pinquos
829 5424 1172 5492 exstiterint,
1231 5427 1444 5497 injuriis
1467 5446 1564 5487 eos
1603 5436 1920 5499 insolenter,
1957 5440 2130 5495 illibe-

561 5509 750 5564 raliter
782 5523 838 5566 et
893 5512 1107 5569 nefarie
1155 5521 1513 5588 exagitantes,
1537 5532 1592 5578 et
1626 5525 1842 5582 divitias
1879 5544 2006 5585 suas
2033 5549 2129 5602 per

561 5602 780 5693 ultimas
826 5597 1017 5662 mundi
1063 5620 1258 5680 gentes
1307 5614 1546 5682 auditas,
1595 5619 1661 5672 ad
1695 5621 1904 5675 nullum
1943 5597 2127 5693 opera:

558 5689 796 5757 pretium
855 5701 1167 5766 temereque
1223 5707 1704 5774 consumpserint:
1739 5711 1831 5766 sed
1877 5721 1933 5766 ct
1979 5689 2119 5767 ami-

2237 4525 2334 4596 τὴν
2369 4528 2577 4582 ἐκείνου
2605 4531 2888 4604 τελευτὴν,
2925 4536 3130 4606 πολλὴν
3158 4541 3420 4609 πρόνοιαν
3448 4540 3590 4602 αὐτὸς
3617 4535 3734 4603 mur

2239 4634 2415 4684 σαιτο,
2446 4620 2507 4671 ού
2536 4623 2644 4674 τῶν
2673 4623 2940 4692 βασιλέως
2985 4629 3146 4698 μόνον
3180 4632 3388 4685 παίδων
3419 4635 3513 4686 καὶ.¹
3533 4628 3734 4701 γυναικὸς

2234 4709 2333 4778 τῆς
2365 4709 2662 4779 βασιλίδος,
2691 4715 2828 4769 ἀλλά
2877 4718 2972 4770 κα).
3020 4719 3123 4790 τῆς
3161 4721 3474 4795 ,Ῥωμαίων
3499 4721 3730 4791 ὡφελείας·

2235 4801 2296 4852 οὐ
2327 4803 2588 4872 χρήματα
2624 4807 2787 4875 μόνον
2815 4808 3032 4881 ἕτοιμος
3068 4812 3210 4885 ὑπὲρ
3235 4817 3455 4869 ἐκείνων
3479 4814 3732 4868 ἀναλίσκειν

2233 4892 2332 4962 ὢν,
2368 4895 2502 4950 ἀλλά
2535 4900 2629 4950 καὶ
2662 4898 2809 4968 ζωὴν
2837 4906 2937 4973 τὴν
2958 4905 3141 4977 φίλην,
3182 4909 3232 4961 εί
3263 4911 3448 4980 καιρὸς
3476 4907 3638 4974 καλοίη
3664 4903 3733 4972 ῥᾷ-

2235 5001 2338 5040 στα
2389 4991 2789 5062 προησόμενος,
2838 4999 2988 5062 ὅπως
3032 5015 3093 5051 τε
3143 5001 3247 5054 ὑπὸ
3300 4998 3730 5071 παρακοιμωμένσδ

2233 5075 2643 5150 ἐπιϐουλευθείη
2676 5085 2935 5156 οὐδεμιᾶς
2985 5091 3168 5154 αἰτίας
3203 5094 3388 5159 ἕνεκα,
3419 5096 3450 5165 ἦ
3489 5093 3730 5162 φθονήσ²ν⁶

2231 5183 2322 5231 τος
2357 5169 2508 5241 αύτῷ
2539 5175 2633 5227 καὶ
2661 5176 2906 5247 φθείρειν
2937 5180 3336 5252 διανοηθέντος,
3365 5185 3431 5238 ἶν’
3455 5185 3597 5244 αὐτὸς
3620 5181 3728 5249 ἄρχῃ

2229 5260 2340 5311 τῶν
2378 5266 2742 5333 πραγμάτων·
2777 5271 2870 5321 καὶ
2911 5271 2986 5335 ὡς
3027 5275 3374 5346 πατριάρχην
3413 5279 3501 5329 καὶ
3533 5277 3640 5334 τοὺς
3663 5269 3731 5322 ἀλ·

2231 5349 2357 5412 λους
2388 5353 2774 5424 ἑξαπατήσειε,
2802 5359 2974 5433 ψεύδη
3002 5364 3376 5434 πλασαμὲνους
3401 5366 3489 5417 καὶ
3517 5373 3710 5426 saxosa?

2230 5441 2372 5504 τίσις.
2405 5442 2439 5496 ἃ
2487 5445 2607 5498 οὐδὲ
2641 5449 2978 5522 ἐνεθυμήθη,
3015 5456 3108 5506 καὶ
3139 5456 3215 5518 ὼς
3263 5451 3456 5508 ἐκεῖνοὶ
3489 5454 3585 5506 τῶν
3614 5449 3726 5502 ἰδίων

2228 5529 2414 5595 ἕνεκα,
2459 5534 2532 5598 ὡς
2561 5535 2732 5606 ᾤοντο
2771 5541 3044 5614 διαφορῶν
3091 5547 3405 5616 σαφέστατα
3440 5545 3632 5604 ειδότες.
3663 5539 3723 5588 δτι

2231 5621 2518 5690 ψεύδονται
2566 5631 2660 5681 καὶ
2719 5635 3172 5703 συκοφαντοῦσιν,
3217 5637 3356 5708 ὑπὲρ
3385 5637 3624 5707 βασιλίδος
3657 5630 3725 5697 δῆ-

2229 5715 2320 5767 θεν
2354 5718 2446 5771 καὶ
2476 5721 2584 5774 τῶν
2617 5725 2821 5779 παῖδων
2841 5729 2944 5782 ’τὸν
2979 5729 3216 5800 πόλεμον
3244 5734 3436 5806 κινοῖεν
3462 5728 3604 5784 πολλὰ
3628 5721 3720 5784 ἐξα·
