4016 6208
501 234 640 299 1199

1675 229 1996 294 JOANNIS
2033 196 2557 292 CANTACUZENI
3042 266 3081 309 ς

3550 237 3658 304 im

495 352 628 407 dum
665 347 998 412 censuerint,
1036 353 1206 401 totum
1238 345 1511 417 negotium
1535 344 1737 415 iudicio
1756 346 2057 416 permissu-

2172 347 2195 417 ἦ
2232 348 2339 401 τῶν
2379 348 2678 417 συγγενῶν.
2716 352 2837 404 Ἐτι
2870 367 2923 403 τε
2963 349 3073 402 οὐδ’
3113 342 3186 402 ὧν
3230 348 3457 419 αὐτοῖςή
3497 352 3661 420 βασιλὶς

496 457 639 496 rum.
672 437 954 493 Iudicibus
986 446 1168 491 autem
1194 436 1314 490 aliis
1346 451 1453 489 non
1478 444 1616 501 utar,
1663 435 1763 490 nisr
1819 434 1932 504 ipsa
1962 436 2065 487 im—

496 534 781 604 peratrice,
814 530 1138 602 patriarcha,
1172 528 1450 583 monachis
1506 539 1559 582 et
1590 527 1817 582 delectis
1847 526 2065 596 episco-

494 624 598 694 pis,
630 631 686 678 et
710 620 987 686 Romanis,
1008 620 1055 675 si
1081 619 1172 689 qui
1194 626 1506 687 supersunt,
1541 616 1893 688 optimatibus
1920 635 1929 666 :
1954 616 2068 671 imo

494 729 626 770 vero
663 712 829 767 etiam
870 712 1246 781 cujuscunque
1295 707 1607 777 reipublice
1645 707 1776 761 viris
1824 708 2066 778 pruden-

418 849 423 855 .
498 806 723 863 tioribus
765 804 829 858 Et
850 805 893 859 si
924 803 1139 874 quidem
1168 800 1388 870 iniquus
1410 841 1425 864 ,
1475 800 1730 869 pcrjurus
1762 810 1816 853 et
1844 798 2068 853 insidia-

498 906 582 950 tor
609 895 935 963 comperiar,
969 892 1110 962 quod
1146 890 1236 945 isti
1265 887 1538 950 dictitant.
1573 887 1874 943 sceleribus
1926 889 2060 941 meis

495 1002 604 1041 non
635 985 778 1041 aliud
809 984 1133 1055 supplicium
1158 1022 1173 1050 ,
1208 996 1373 1052 quam
1428 989 1657 1056 mortem
1700 978 1983 1049 inglorium
2013 985 2069 1033 ct

495 1078 751 1132 infamem
784 1075 1007 1144 irrogari
1043 1074 1187 1129 volo.
1222 1074 1277 1128 Si
1306 1073 1447 1126 hanc
1477 1070 1881 1125 damnationem
1908 1086 2066 1124 aver-

495 1180 704 1232 santur,
747 1168 964 1224 etudele
985 1166 1271 1231 ducentes,
1316 1165 1367 1218 in
1414 1164 1690 1219 hominem
1742 1163 2066 1217 sententiam

493 1266 779 1336 capitalem
816 1264 989 1319 ferre:
1038 1271 1095 1316 at
1136 1277 1233 1332 ego
1284 1260 1399 1330 ipse
1423 1268 1551 1313 ante
1589 1257 1851 1329 judicium
1887 1266 2067 1311 atrum

495 1359 757 1412 adversus
788 1371 874 1409 me
922 1354 1223 1429 calculum‘
1254 1351 1417 1414 dabo.
1472 1358 1531 1403 ut
1576 1350 1719 1420 ipsi,
1776 1357 2066 1419 postquam

494 1451 774 1509 convictus
805 1448 977 1511 fuero,
1001 1445 1249 1515 supplicii
1299 1443 1459 1510 hujus
1488 1440 1921 1512 reprehensione
1970 1456 2068 1494 va-

494 1555 638 1597 cent.
692 1540 787 1594 Sin
841 1546 1022 1592 autem
1065 1535 1243 1605 potius
1296 1532 1400 1587 alia
1459 1532 1643 1586 omnia
1695 1529 2066 1596 constiterint,

493 1649 604 1688 non
636 1648 721 1687 me
757 1629 918 1699 simpl
941 1628 1079 1683 citcr
1109 1642 1171 1680 ac
1204 1635 1406 1680 temere
1427 1623 1767 1687 allirmante,
1802 1621 1895 1677 sed
1923 1622 2065 1676 dicta

497 1740 613 1779 mea
641 1721 987 1777 evidentibus
1018 1717 1349 1773 testimoniis
1384 1718 1766 1780 contirmante,
1804 1730 1913 1770 non
1935 1713 2062 1785 qui-

494 1818 618 1872 dem
650 1813 834 1885 petitis
871 1829 899 1866 a
949 1825 1191 1866 mearum
1236 1810 1471 1878 partium
1507 1807 1766 1863 studiosis
1810 1810 1902 1876 (ne
1938 1806 2071 1861 mihi

496 1905 787 1979 gratiﬁcari
827 1902 1251 1971 existimentur),
1283 1916 1468 1956 verum
1498 1902 1564 1955 ab
1596 1900 1724 1966 illis,
1775 1915 1914 1971 quos
1962 1900 2068 1969 ipsi

497 2008 613 2055 toto
634 1998 778 2054 bello
817 1997 1097 2065 adjutores
1130 1995 1485 2053 habuerunt.
1530 1993 1639 2046 imo
1676 2007 1807 2047 vero
1847 1992 1915 2046 ab
1952 1992 2067 2060 ipsa

497 2089 845 2161 impetatrice
896 2096 949 2141 et
979 2086 1306 2157 patriarcha,
1360 2084 1452 2153 qui
1493 2098 1615 2137 cum
1646 2081 1895 2151 pluribus
1925 2081 2060 2136 mihi

500 2193 665 2238 testes
692 2190 855 2237 erunt
880 2180 1012 2251 (non
1041 2178 1189 2231 enim
1228 2191 1428 2244 negare
1456 2184 1732 2245 poterunt,
1771 2191 1892 2244 qua:
1930 2173 2064 2228 mihi

498 2276 782 2348 perspicue
812 2269 1359 2337 commandaveriut),
1382 2267 1607 2337 iustitia:
1637 2276 2064 2320 consentaneum

498 2373 622 2435 erit,
660 2378 720 2422 ut
746 2367 836 2436 qui
872 2361 1346 2419 criminationibus
1391 2368 1448 2414 et
1478 2358 1692 2414 insidiis
1738 2358 1945 2413 nefarie
1980 2372 2066 2411 me

496 2460 892 2532 appetiverunt,
923 2454 1142 2509 easdem
1177 2467 1366 2522 pinnas
1414 2451 1734 2519 suscipiant.
1768 2447 2064 2504 Verumta-

500 2568 624 2608 mcn
640 2566 742 2622 ego
776 2545 1233 2619 quemadmodum
1259 2544 1312 2598 in
1346 2544 1488 2607 aliis,
1521 2542 1599 2597 sic
1633 2542 1687 2595 in
1722 2541 1810 2596 his
1851 2540 2068 2595 deside-

501 2650 582 2703 rio
627 2645 861 2718 quodam
914 2642 1100 2713 gloria:
1133 2655 1223 2695 me
1280 2640 1503 2710 quidem
1544 2653 1709 2692 causa
1781 2636 2065 2691 cadentem

502 2749 676 2796 morte
716 2735 1050 2792 multandum
1092 2731 1387 2803 pronuntio
1422 2748 1436 2785 :
1489 2730 1573 2784 sin
1616 2729 1718 2799 ipsi
1747 2729 1896 2784 litem
1945 2743 2072 2798 per-

501 2830 763 2894 diderint,
792 2827 928 2882 nihil
949 2841 1042 2880 eos
1073 2824 1361 2879 molestum
1390 2821 1506 2890 'pati
1550 2820 1765 2891 postulo
1792 2861 1808 2885 ,
1838 2818 1942 2874 nisi
1969 2820 2071 2872 hoc

500 2937 691 2985 unum,
727 2929 785 2974 ut
813 2916 1165 2988 sycophanta:
1216 2923 1272 2968 et
1325 2911 1702 2967 criminatores
1736 2923 2073 2979 cognoscan-

506 3024 639 3076 tur,
674 3018 840 3064 etme
891 3004 1225 3066 absolutum,
1268 3001 1676 3071 imperatorem,
1728 2999 2069 3069 ﬁliorumque

501 3098 743 3155 defuncti
776 3095 1038 3167 collegam
1091 3107 1120 3145 a
1172 3089 1434 3144 Romanis
1499 3089 1675 3158 palam
1720 3086 2061 3157 proclamari.

500 3192 595 3247 S:n
630 3196 813 3244 autem
840 3187 923 3240 vel
950 3199 1071 3239 cum
1102 3190 1250 3237 veste
1302 3179 1650 3250 imperatoria
1689 3178 1755 3232 ad
1800 3176 2065 3247 judicium

502 3292 859 3336 occursurum
894 3281 1169 3345 metuunt,
1210 3271 1294 3325 vel
1319 3284 1443 3326 cum
1468 3270 1709 3324 exercitu
1740 3267 2060 3340 Byzantium

502 3372 871 3441 ingressurum
917 3364 1265 3449 suSpicaqtur
1290 3402 1306 3424 ,
1340 3376 1441 3431 ego
1467 3350 1587 3413 illos
1640 3358 1743 3412 hoc
1772 3373 1975 3430 angore
2008 3358 2072 3411 li-

502 3464 731 3521 berabo.
766 3458 910 3514 Nam
964 3456 1160 3526 positis
1210 3452 1513 3524 insignibus
1550 3451 1934 3521 imperatoriis,
1983 3466 2075 3503 or-

502 3564 637 3609 natu
663 3549 857 3622 privati
889 3589 905 3614 ,
954 3547 1109 3602 denis
1164 3545 1425 3599 duntaxat
1481 3541 1775 3596 comitibus
1831 3539 2070 3595 intrabo.

501 3643 821 3704 Communis
845 3640 991 3695 enim
1028 3638 1149 3692 boni
1206 3650 1368 3692 causa
1394 3674 1409 3700 ,
1462 3642 1520 3688 et
1549 3644 1606 3688 ut
1638 3629 1926 3698 Romanos,
1978 3635 2071 3703 qui

502 3737 637 3793 mihi
667 3741 796 3789 sunt
825 3728 1157 3790 cbarissimi,
1208 3741 1238 3779 a
1276 3725 1403 3779 belli
1433 3724 1775 3778 detrimentis
1801 3723 2070 3778 vindicem

505 3835 835 3900 (quanquam
881 3821 1226 3892 syc0phantze
1256 3818 1340 3872 isti
1384 3827 1439 3870 et
1490 3817 1577 3871 hic
1602 3816 1942 3881 obtrectent,
1988 3815 2065 3870 di-

504 3930 736 3989 cantqne
786 3931 873 3969 me
923 3914 1164 3982 ipsorum
1201 3910 1411 3965 hostem
1445 3917 1499 3962 et
1552 3908 1880 3977 perditorem
1899 3906 2070 3974 esse),

504 4026 614 4065 non
647 4009 771 4062 talia
809 4004 996 4067 modo,
1031 4001 1128 4058 sed
1151 4001 1309 4070 longe
1349 4003 1513 4053 etiam
1557 3998 1826 4053 odiosiora
1874 3997 2073 4050 alacri-

508 4114 591 4157 ter
643 4097 858 4154 deerevi
897 4094 1203 4148 sustinere:
1244 4087 1545 4159 praesertim
1594 4104 1716 4141 cum
1764 4086 1818 4141 id
1843 4086 2074 4140 celebri-

508 4191 605 4247 tati
652 4204 787 4245 nieae
835 4201 939 4240 nec
982 4182 1254 4236 tantillum
1326 4179 1631 4232 nociturum
1683 4177 1774 4231 sit.
1801 4173 1966 4246 640
2016 4174 2071 4227 Si

506 4282 653 4336 enim
685 4279 893 4350 judicio
925 4276 1101 4329 vietus
1126 4273 1366 4335 occidor,-
1394 4269 1537 4323 nulla
1571 4267 1637 4322 ad
1672 4284 1754 4321 me
1791 4283 1853 4320 ex
1909 4267 2075 4334 impe-

2171 441 2477 511 παρέσχετο
2508 442 2651 495 κατά
2686 443 2774 495 τὸν
2808 441 2899 494 τοῦ
2935 441 3173 511 πολέμου
3210 441 3410 511 χρόνον,
3448 442 3552 495 οὐτε
3579 446 3662 498 τῶν

2168 532 2343 600 τιμῶν
2380 533 2447 587 ἂν
2491 533 2693 588 δοκῶσι
2743 533 2876 604 παρ’
2921 533 3101 598 ἀξίαν,
3146 530 3270 585 οὐτε
3312 530 3413 586 τῶν
3444 535 3663 603 κτήσεων,

2168 624 2278 678 εἴτε
2307 627 2371 680 ἐκ
2400 625 2509 678 τῶν
2534 626 2809 696 δημοσίων
2850 620 3011 695 ἦσαν,
3043 624 3081 695 ἢ
3106 624 3213 677 τῶν
3253 624 3371 691 ἐμοὶ
3409 603 3666 694 ἶιροσηκουο

2170 717 2278 771 σῶν
2301 734 2315 748 ⁸
2344 716 2484 771 ἀλλά
2516 717 2694 770 πάντα
2751 716 3027 786 στέργειν,
3076 716 3171 767 καὶ
3232 715 3483 786 μηδεμίαν
3522 717 3666 779 αὐτοῖς

2173 807 2443 876 μηδέποτε
2505 806 2711 877 βλάϐην
2778 800 3026 874 ἐπάγειν,
3068 804 3394 875 ἀμυνόμενον
3426 807 3519 859 τῶν
3558 812 3668 861 κατὰ

2169 900 2262 954 τὸν
2296 899 2533 968 πόλεμον
2554 898 2766 954 κακῶν.
2792 899 2851 951 El
2888 898 2945 951 δὲ
2977 896 3120 951 τοῦτ’
3150 896 3329 960 αὐτοῖς
3356 897 3482 968 μήτε
3503 896 3669 952 δίκαιον
3701 954 3712 970 ο

2170 988 2313 1044 εἶναι
2352 990 2628 1058 φαίνεται,
2677 989 2813 1059 μήτε
2862 988 3110 1050 ἀνεκτὸν,
3152 988 3326 1041 πάντα
3365 988 3671 1057 ἐπιτρέψομεν

2168 1084 2234 1152 τῇ
2264 1079 2412 1153 δίκῃ.
2444 1080 2736 1151 Χρήσομαι
2768 1079 2824 1133 δὲ
2853 1081 2952 1149 οὐχ
3004 1080 3214 1149 ἑτέροις
3243 1078 3507 1142 δ.κασταῖς
3539 1096 3670 1143 τισιν,

2168 1174 2283 1227 ἀλλ’
2308 1175 2444 1244 αὐτῇ
2479 1172 2710 1243 βασιλίδι
2738 1173 2833 1225 καὶ
2870 1172 3213 1242 πατριάρχῃ.
3246 1172 3338 1224 καὶ
3367 1171 3465 1223 τῶν
3505 1188 3554 1223 τε
3596 1188 3670 1237 μο-

2171 1266 2352 1336 ναχῶν
2403 1268 2501 1322 καὶ
2545 1265 2865 1319 ἐπισκόπων
2913 1267 3025 1327 τοῖς
3077 1263 3290 1330 λογάσι,
3320 1263 3409 1318 καὶ
3444 1261 3538 1314 τῶν
3572 1260 3673 1314 Ῥωο

2172 1359 2369 1428 μαίων,
2420 1359 2475 1411 εί
2519 1375 2664 1421 τινες
2700 1356 2779 1411 ἐτι
2826 1354 3287 1426 κατελείφθησαν,
3322 1357 3429 1419 τοῖς
3457 1352 3671 1423 ἀρίστοις,

2168 1452 2228 1504 οὐ
2272 1450 2380 1521 μὴν
2425 1448 2563 1503 ἀλλὰ
2624 1450 2719 1502 καὶ
2769 1449 2880 1501 τῶν
2927 1445 3236 1516 ἑκασταχοῦ
3287 1443 3548 1497 πολιτειῶν
3583 1444 3671 1505 τοῖς

2170 1542 2583 1612 συνετωτέροις.
2607 1540 2727 1595 Κάν
2757 1541 2857 1610 μὲν
2892 1540 3054 1603 αὐτὸς
3083 1537 3287 1591 ἀδικῶν
3318 1537 3408 1589 καὶ
3430 1535 3675 1602 ἐπιορκῶν,

2170 1634 2265 1686 καὶ
2311 1632 2575 1702 βασιλέως
2626 1632 2737 1692 τοῖς
2809 1628 2970 1681 παισὶ
3022 1626 3302 1695 φαίνωμαι
3342 1620 3673 1681 ἐπιϐουλεύων,

2167 1722 2356 1792 ῶσπερ
2402 1715 2547 1776 οὗτοι
2600 1719 3010 1791 κατηγόρησαν,
3064 1714 3340 1786 μηδεμίαν
3379 1710 3528 1780 ἀλλην
3567 1704 3679 1762 εἶναι

2168 1815 2267 1885 τῆς
2296 1812 2511 1875 ἀδικίας
2541 1809 2834 1882 τιμωρίαν,
2859 1809 2894 1881 ἦ
2933 1807 3163 1861 Θάνατον
3192 1807 3381 1874 ἄτιμον
3409 1803 3493 1855 καὶ
3521 1802 3676 1854 ἀκλεᾶ.

2169 1904 2303 1961 Είδ⁸
2333 1904 2486 1959 αὐτοὶ
2530 1901 2623 1973 τὴν
2672 1900 2929 1968 τοιαύτην
2978 1895 3282 1967 καταδίκην
3316 1892 3675 1964 παραιτοῦνται,

2167 1994 2375 2067 ἀπηνὲς
2404 1989 2545 2047 εἶναι
2574 1989 2888 2059 νομίζοντες
2912 1985 3205 2059 ἀνθρώπου
3234 1985 3455 2038 Θάνατον
3477 1982 3678 2051 καταψηο

2169 2083 2444 2155 φίζισοαι,
2470 2081 2588 2136 ἀλλ’
2618 2080 2783 2144 αὐτὸς
2814 2078 2935 2132 κατ’
2978 2076 3223 2145 ἐμαυτοῦ
3277 2077 3368 2129 καὶ
3416 2075 3530 2144 πρὶν
3558 2074 3679 2141 γενέ-

2170 2178 2293 2232 σθαι
2317 2178 2414 2248 τὴν
2442 2174 2622 2244 δίκην,
2658 2171 2892 2243 κυρώσω
2918 2170 3015 2239 τὴν
3046 2170 3259 2241 ψῆφον,
3287 2168 3354 2221 ἶν’
3390 2165 3529 2219 αὐτοὶ
3570 2180 3680 2233 μετα

2166 2273 2228 2325 τὸ
2268 2274 2380 2333 τοῖς
2427 2269 2759 2339 ἀδικήμασιν
2804 2265 3027 2329 ἁλῶναι,
3058 2261 3333 2333 μηδεμίαν
3373 2261 3491 2330 περὶ
3515 2259 3684 2327 τῆςτι-

2172 2364 2383 2435 μωρίας
2408 2363 2617 2434 μέμψιν
2644 2360 2863 2430 ἔχωσιν.
2901 2360 3001 2410 “Av
3023 2358 3069 2412 δ’
3094 2358 3255 2410 αὐτοὶ
3278 2354 3518 2409 τάναντία
3543 2351 3683 2404 πάντα

2170 2455 2493 2525 φαίνωνται,
2521 2456 2621 2525 οὐχ
2651 2452 2836 2515 ἁπλῶς
2861 2451 2983 2505 οὐδὲ
3013 2452 3165 2519 εἰκῆ,
3197 2448 3332 2502 ἀλλά
3363 2446 3464 2499 τῶν
3502 2444 3685 2514 λεγομέ-

2169 2563 2276 2600 νων
2307 2546 2614 2616 μαρτυρίας
2641 2546 2889 2613 ἐναργεῖς
2914 2542 3049 2613 ἐμοῦ
3078 2542 3442 2613 παράγοντος,
3476 2538 3529 2590 οὐ
3568 2538 3685 2602 παρὰ

2168 2640 2279 2693 τῶν
2305 2641 2601 2711 ᾑρημένων
2633 2640 2701 2693 τὰ
2730 2635 2994 2707 ἡμέτερα,
3029 2634 3118 2687 ἵνα
3155 2633 3233 2704 μὴ
3265 2628 3562 2704 χαρίζεσθαι
3591 2629 3687 2694 ἐμοὶ

2167 2732 2417 2795 δοκῶσιν,
2443 2729 2559 2784 ἀλλ’
2604 2724 2687 2791 οἷς
2732 2728 2891 2780 αὐτοὶ
2923 2724 3213 2794 συνεργοῖς
3243 2722 3391 2792 παρὰ
3437 2720 3593 2771 πάντα
3616 2713 3685 2766 τὶν

2170 2825 2405 2892 πόλεμον
2449 2821 2708 2894 ἐχρῶντο,
2777 2817 2979 2888 μᾶλλον
3025 2816 3083 2869 δὲ
3126 2815 3301 2885 αὐτῆς
3349 2810 3591 2885 βασιλίδος
3617 2811 3687 2860 καὶ

2171 2918 2514 2988 πατριάρχου
2561 2915 2675 2976 τοῖς
2722 2910 2963 2966 πλείοσιν
3003 2909 3131 2979 ἐμοὶ
3179 2903 3683 2976 συμμαρτυρούντων.

2095 3037 2142 3101 c
2171 3011 2247 3064 Οὐ
2281 3009 2389 3078 γὰρ
2429 3006 2494 3061 ἂν
2533 3004 2783 3059 δύναιντο
2827 3003 3043 3072 ἔξαρνοι
3088 2999 3340 3068 γίνεσθαι
3370 2997 3496 3069 πρὸς
3529 2996 3561 3050 ἀ
3590 2994 3688 3064 ἐμοὶ

2175 3101 2426 3156 συνίσασι
2471 3095 2680 3165 σαφῶς,
2715 3096 2924 3150 δίκαιον
2962 3092 3061 3164 μὲν
3104 3092 3235 3154 τοὺς
3271 3085 3689 3156 σεσυκοφαντηκὰ

2173 3211 2269 3257 τας
2302 3194 2398 3247 καὶ
2435 3189 2930 3252 ἐπιϐουλεύσαντας
2965 3187 3193 3248 ἀδίκως,
3224 3187 3318 3240 καὶ
3344 3181 3591 3238 τοσούτων
3615 3194 3691 3230 κα-

2175 3285 2286 3339 κῶν
2315 3284 2517 3346 αίτίους
2553 3279 2848 3352 Ῥωμαίοις
2890 3279 3243 3348 γενομένους,
3271 3278 3337 3331 τά
3378 3279 3465 3330 ῐσα
3500 3273 3690 3339 πάσχειν

2176 3375 2242 3429 ἂν
2284 3374 2581 3444 ἡττῶνται.
2638 3371 2779 3440 Ἐγὼ
2819 3370 2877 3424 δὲ
2924 3369 3113 3437 ῶσπερ
3149 3372 3210 3422 ὲν
3254 3369 3365 3431 τοῖς
3409 3365 3569 3428 ἀλλοις
3611 3364 3692 3416 κὰν

2172 3464 2384 3525 τούτοις
2437 3462 2753 3532 φιλοτιμίαν
2798 3461 2924 3514 τινά
2972 3456 3439 3527 ἐπιδεικνύμενος,
3478 3454 3568 3523 ἐμὲ
3612 3452 3693 3514 μὲν

2175 3553 2489 3626 ἡττώμενον
2526 3551 2773 3623 τιμῶμαι
2804 3551 3170 3620 ἀποθνήσκειν
3201 3566 3216 3581 ο
3256 3549 3322 3602 ἂν
3353 3549 3397 3603 δ’
3422 3545 3561 3600 αὐτοὶ
3603 3542 3696 3596 Ui-

2175 3652 2419 3698 σκωνται
2443 3681 2459 3708 ,
2494 3642 2661 3714 μηδὲν
2702 3641 2996 3711 ὑπομένειν
3025 3640 3191 3709 ἀηδές
3217 3654 3233 3668 ⁸
3269 3638 3384 3693 ἀλλ’
3417 3635 3537 3690 αὐτὸ
3566 3631 3694 3685 τοῦτο

2179 3737 2341 3808 μόνον
2376 3734 2737 3804 συκοφάνταις
2772 3732 3223 3796 ἀποδείκνυσθαι,
3249 3730 3351 3802 ἐμὲ
3384 3728 3441 3783 δὶ
3471 3726 3593 3798 μετά
3617 3721 3695 3787 τὴν

2174 3830 2353 3900 νίκην,
2369 3827 2590 3897 βασιλέα
2616 3828 2771 3895 κοινῇ
2794 3824 3269 3897 ἀνακηρύττεσθαι
3293 3824 3399 3877 ὐπὸ
3425 3818 3691 3890 Ῥωμαίων.

2175 3921 2270 3974 καὶ
2302 3920 2639 3990 συνάρχοντα
2674 3918 2942 3987 βασιλέως
2971 3919 3084 3980 τοῖς
3129 3916 3340 3969 παισίν.
3373 3915 3431 3967 Et
3468 3910 3595 3966 δὲτὸ
3619 3907 3694 3978 βσ-

2176 4012 2389 4082 σιλικὴν
2421 4012 2622 4081 ἐσθῆτα
2671 4009 2863 4078 ἔχοντα
2936 4005 3207 4059 δεδοίκασι
3262 4006 3397 4076 πρὸς
3443 4003 3535 4073 τὴν
3571 4000 3695 4064 δίκην

2174 4101 2445 4172 ἀπαντᾷιο,
2477 4101 2511 4171 ἢ
2557 4100 2615 4153 τὸ
2662 4098 2925 4168 στρατιὰν
2978 4096 3173 4166 ἔχοντα
3225 4098 3603 4152 ὑποπτεύουσιν
3635 4092 3695 4148 είς

2176 4193 2471 4257 Βυζάντιον
2500 4191 2697 4255 ελθιίν,
2728 4191 2838 4257 ἐγὼ
2868 4193 2964 4245 καί⁸
2986 4189 3188 4254 ταύτας
3222 4192 3440 4259 ἰάσομαι
3468 4188 3557 4256 τὰς
3585 4185 3709 4236 ἀπο-⁸

2179 4286 2322 4354 ρίας.
2356 4284 2429 4336 Οὐ
2466 4283 2686 4345 πλείους
2718 4284 2824 4348 γὰρ
2856 4281 2996 4351 ἔχων
3024 4280 3405 4349 εἰσελεύσομαι
3429 4280 3530 4332 τῶν
3568 4276 3691 4335 δέκα,

508 4372 712 4427 ratorio
750 4369 1027 4425 schemate
1072 4362 1268 4418 redibit
1301 4362 1523 4416 utilitas.
1587 4358 1683 4412 Sin
1725 4365 2070 4411 accusatores

2178 4377 2246 4430 τά
2289 4390 2350 4426 τε
2402 4373 2654 4445 βασιλικὰ
2706 4373 2952 4441 ἐπίσημα
3005 4372 3383 4441 ἀποθέμενος,
3464 4368 3691 4431 ἰδιωτικὴν

506 4480 724 4537 pessum
769 4462 992 4525 dedero,
1056 4457 1189 4511 nihil
1230 4455 1382 4509 triste
1429 4454 1554 4517 erit,
1609 4468 1731 4506 eum
1789 4449 1856 4503 ad
1912 4450 2113 4504 breve.

508 4568 724 4631 tempus
754 4551 1089 4622 deposuisse,
1116 4561 1277 4617 quem
1307 4559 1430 4599 mox
1454 4546 1659 4611 majore
1686 4554 1811 4594 cum
1843 4539 2071 4602 honore,

506 4658 562 4702 et
588 4643 870 4715 applausu,
894 4638 1250 4706 omniumque
1292 4632 1565 4703 suﬂ'ragiis
1593 4640 1914 4700 recepturus
1947 4631 2072 4683 sim.

507 4738 693 4806 Neque
737 4733 882 4787 enim
945 4729 1196 4784 noctibus
1252 4725 1501 4795 singulis,
1564 4720 1781 4794 quando
1830 4721 2075 4778 cubitum

508 4827 775 4887 concedo,
826 4840 891 4879 ex
920 4823 1038 4893 ejus
1065 4818 1405 4889 depositione
1429 4825 1522 4871 aut
1552 4816 1826 4871 tristitiam
1859 4824 1954 4871 aut
1983 4814 2077 4870 de-

509 4924 678 4979 decus
704 4914 925 4987 aliquod
947 4912 1147 4968 sentio.
1181 4909 1387 4964 Idcirco
1418 4922 1520 4963 ncc
1552 4906 1712 4962 modo
1742 4921 1907 4977 super
1932 4905 2077 4960 ami-

508 5024 600 5067 ctu
640 5010 795 5081 plura
826 5007 1039 5079 loquar,
1073 5012 1294 5076 paratus
1322 5000 1501 5057 facere
1525 4999 1671 5071 quod
1724 5000 1831 5056 illis
1856 5000 2078 5070 placue-

507 5106 600 5159 rit.
629 5101 783 5168 Quod
812 5100 857 5155 si
898 5097 1067 5153 semel
1111 5094 1310 5151 invidia
1347 5103 1402 5149 et
1430 5092 1556 5147 odio
1610 5092 1714 5146 mei
1770 5091 2074 5163 praepediti,

508 5197 702 5251 borum
739 5190 876 5246 nihil
908 5200 1101 5261 putant
1138 5187 1404 5250 sulliccre.
1436 5201 1615 5255 neque
1645 5186 1750 5239 ulla
1782 5188 2076 5254 sponsione

505 5283 884 5340 conditioueve
913 5296 996 5334 me
1028 5279 1411 5347 imperatorem
1453 5291 1575 5330 csse
1603 5275 1810 5339 sinunt,
1850 5275 1945 5328 sed
1988 5289 2074 5328 se-

507 5378 614 5433 mel
655 5381 963 5430 atatueruut
1004 5388 1090 5426 me
1165 5370 1416 5440 rejicerc,
1474 5367 1808 5438 perdcreque
1870 5368 2074 5434 omnia,

508 5485 669 5538 quam
723 5469 855 5523 mihi
893 5466 1119 5521 subesse
1161 5462 1414 5517 malunt:
1465 5463 1564 5516 etsi
1622 5461 1699 5515 ita
1745 5460 2079 5515 insanientes

512 5568 862 5615 contemnere
893 5554 1199 5625 oportebat,
1232 5562 1412 5607 tamen
1457 5567 1522 5606 ne
1555 5566 1897 5607 communem
1942 5553 2080 5606 salu-

515 5656 625 5702 tem
661 5648 841 5702 studio
891 5648 1013 5702 vitae
1046 5660 1179 5699 mea:
1207 5644 1486 5699 servandae
1514 5644 1815 5715 neglexisse
1868 5645 2073 5712 videar,

2179 4466 2633 4536 μεταμφιάσομαι
2677 4464 2901 4533 σκευὴν.
2932 4460 3037 4514 Τοῦ
3084 4466 3237 4534 κοινῇ
3267 4476 3375 4532 γαρ
3401 4461 3549 4514 ἕνεκα
3579 4460 3694 4508 λυσ-

2175 4556 2477 4618 τελοῦντος,
2516 4558 2609 4609 καὶ
2642 4554 2734 4608 τοῦ
2785 4554 3087 4622 Ῥωμαίους
3119 4554 3229 4607 τῶν
3260 4556 3325 4607 ἐκ
3370 4553 3461 4607 τοῦ
3500 4550 3694 4617 πολέμου

2177 4649 2369 4703 δεινῶν
2399 4647 2810 4717 ἀπαλλαγῆναι,
2834 4646 2922 4709 οὒς
2954 4646 3064 4713 ἐγὼ
3094 4646 3330 4717 μάλιστα
3361 4644 3515 4714 φιλῶ,
3541 4644 3628 4694 κᾶν
3659 4639 3696 4688 oi

2179 4741 2514 4810 συκοφάνται
2543 4733 2691 4794 οὗτοι
2725 4741 2822 4792 καὶ
2863 4740 3001 4806 πρὸς
3044 4739 3205 4792 τοῦτο
3236 4738 3590 4797 διαϐάλλουσι,
3623 4748 3695 4799 μισ

2180 4834 2295 4886 σεὶν
2316 4832 2622 4902 φάσκοντες
2654 4831 2751 4884 καὶ
2779 4829 3037 4900 πολεμεῖν
3066 4832 3251 4894 αὐτοῖς
3280 4833 3372 4883 καὶ
3388 4828 3696 4896 διαφθείρειν.

2180 4923 2241 4976 οὐ
2287 4922 2451 4993 μόνον
2490 4920 2719 4977 τοιαῦτα
2761 4921 2853 4974 καὶ
2896 4919 3279 4992 ιπαχθέστερα
3311 4920 3369 4976 δὲ
3399 4916 3567 4987 πολλῷ
3594 4930 3698 4981 προ·

2179 5013 2368 5083 Θύμως
2409 5011 2702 5082 ὑπομένειν
2743 5010 2961 5080 ἔγνωκα
2985 5027 3001 5043 ’
3032 5011 3207 5077 ἄλλως
3242 5010 3290 5064 θ’
3326 5012 3407 5065 ὅτι
3451 5009 3561 5063 οὐδὲ
3587 5005 3695 5075 cpi:

2178 5105 2278 5174 τὴν
2309 5102 2551 5167 εὐδοξίαν
2580 5103 2705 5174 ἐμοὶ
2734 5103 2895 5157 τοῦτο
2923 5101 3032 5156 οὐδ’
3058 5096 3216 5171 ὀλίγα
3257 5101 3579 5171 λυμανεῖται.
3618 5096 3695 5146 “Av

2183 5198 2281 5266 μὲν
2307 5195 2416 5265 γὰρ
2432 5184 2755 5266 ’ἡττώμενος
2802 5194 3157 5264 ἀποθνήσκω,
3197 5194 3423 5261 οὐδεμία
3454 5191 3619 5269 δνησις
3645 5200 3695 5235 εκ

2178 5285 2271 5341 τοῦ
2309 5285 2597 5357 βασιλικὴν
2649 5286 3039 5357 ἐσθῆτα-ἒχειν
3082 5287 3405 5355 περιέσται·
3441 5283 3503 5338 ἂν
3535 5279 3584 5334 Gl
3612 5279 3695 5331 τῶν

2181 5379 2631 5448 κατηγορούντων
2655 5378 2917 5446 κρείττων
2938 5379 3232 5449 φαίνωμαι,
3262 5378 3411 5432 οὐδὲν
3430 5376 3635 5445 λυπήσει
3650 5367 3696 5417 τὸ

2184 5469 2486 5524 ἀποθέσθαι
2514 5472 2648 5541 πρὸς
2677 5471 2875 5541 βραχὺ,
2903 5472 3167 5540 μέλλοντα
3197 5471 3362 5538 ὀλίγῳ
3391 5468 3596 5536 ὕστερον
3615 5455 3694 5514 αὖ-

2183 5560 2268 5623 θις
2298 5561 2701 5630 ἀναλαμϐάνειν
2730 5563 2870 5630 μετά
2900 5562 3141 5625 πλείονος
3184 5561 3281 5630 τῆς
3304 5558 3475 5626 δόξης,
3501 5555 3585 5609 καὶ
3617 5549 3695 5613 ﬁl;

2184 5652 2478 5723 εὐφημίας,
2506 5652 2601 5706 καὶ
2633 5652 2731 5724 τῆς
2763 5653 2946 5724 ψήφου
2980 5653 3076 5723 τῆς
3097 5652 3305 5723 κοινῆς.
3328 5648 3457 5706 Οὐδὲ
3481 5644 3575 5717 γὰρ
3594 5636 3694 5693 οὐδὲ
