4016 6208
1678 120 1693 149 ἱ

365 316 509 380 1225

1510 316 2054 378 lllSTORlAllUM
2106 316 2332 375 1.1mm
2371 293 2491 375 tu.

3518 317 3621 380 5:95

364 442 493 487 των,
554 424 650 475 καὶ.
685 424 864 477 πᾶσαν
914 424 1128 478 ἐκείνου
1155 426 1253 497 τὴν
1286 428 1514 498 ῆπειρον
1571 427 1937 498 ἀφελομένου,

2059 439 2167 479 lem
2201 427 2345 479 lianc
2390 434 2648 487 recuset,
2698 440 2816 479 eam
2860 429 3622 496 oppugnaturum;indicium

364 513 529 567 αὑτὸν
560 515 863 584 κρατήσειν
892 517 992 585 τῆς
1030 516 1309 589 θαλάσσης
1343 518 1701 571 ἀναλίσκοντα
1735 519 1801 570 ὲκ
1826 518 1934 569 τῶν

373 606 544 660 ίόίων.
605 606 716 658 Καὶ
766 607 1095 672 Βυζαντίου,
1136 610 1249 661 καὶ·
1293 610 1405 664 τῶν
1440 611 1624 679 νήσων
1685 608 1947 676 ἀσφαλῶς

364 700 626 763 καθέξειν
675 698 775 766 τὴν
828 699 1026 768 ἀρχὴν,
1068 698 1181 773 κᾶν
1211 700 1312 768 μὲν
1342 701 1526 768 ἐκείνη
1575 701 1817 753 πείθοιτο
1842 700 1941 769 τὴν

356 790 646 860 θυγατέρα
689 789 1063 860 προσαμόζειν
1112 791 1327 861 βασιλεῖ
1371 792 1448 861 τῷ
1486 792 1607 862 υίῷ,
1645 794 1738 846 καὶ
1783 792 1949 850 αὐτὶν

360 880 506 936 εἶναι
536 882 751 952 πατέρα
780 881 1070 950 βασιλέων,
1098 884 1195 936 καὶ
1225 886 1406 937 πᾶσαν
1440 883 1585 953 ἔχειν
1612 885 1806 954 ἀρχὴν,
1841 886 1940 936 καὶ

365 978 634 1046 πράττειν
689 974 828 1026 ἄττα
882 973 950 1026 ἂν
1005 974 1182 1047 δοκῇο
1240 977 1305 1029 ἂν
1355 975 1403 1027 δ’
1428 977 1798 1046 ἀπαναίνηται
1847 976 1948 1045 τὴν

355 1068 711 1136 δυσγένειαν,
788 1067 877 1120 ἐπ’
931 1069 1103 1140 αὐτὴν
1155 1072 1375 1139 χωρεῖν.
1431 1072 1613 1140 Δήλην
1674 1070 1784 1141 γὰρ
1845 1068 1946 1140 ήδη

363 1158 507 1215 εἶναι
533 1163 678 1215 κακὰ
712 1161 1112 1231 βουλευομένην
1139 1165 1269 1233 περὶ
1319 1163 1520 1218 αὐτοῦ.
1570 1163 1949 1218 Συνεσκεύακε

362 1255 421 1306 δὲ
451 1254 550 1306 καὶ
584 1254 706 1307 κατ’
740 1254 911 1323 αὐτῆς
945 1253 1241 1325 ἐπιϐουλὴν
1286 1254 1569 1326 τοιαύτην.
1621 1256 1939 1327 Γράμματα

363 1346 503 1412 πρὸς
538 1346 725 1398 πᾶσαν
770 1345 1011 1417 ἔγραφεν
1034 1347 1110 1409 ὡς
1139 1347 1199 1413 ἐξ
1257 1347 1454 1416 αὐτῆς.
1495 1347 1723 1418 Ἑδήλου
1778 1347 1837 1401 δὲ
1876 1350 1949 1403 τὰ

361 1437 694 1505 γράμματα,
758 1436 839 1497 ὡς
912 1437 1052 1507 αὐτὴ
1120 1438 1222 1507 μὲν
1276 1438 1572 1509 ἐντραφείη
1633 1438 1782 1492 ἔθεσι
1853 1439 1948 1493 καὶ

362 1527 555 1595 νόμοις
592 1528 705 1588 τοῖς
748 1525 1062 1596 Ῥωμαίων,
1092 1529 1187 1580 καὶ
1241 1528 1491 1597 δόγματα
1540 1529 1861 1600 πρεσϐεύοι,
1908 1528 1946 1582 ἃ

365 1622 468 1671 καὶ
518 1619 551 1688 ή
615 1618 909 1686 Ῥωμαίων
970 1618 1262 1688 ἐκκλησία.
1308 1620 1532 1673 Βασιλεῖ
1588 1622 1645 1674 δέ
1684 1621 1791 1675 ὑπὸ
1838 1622 1947 1674 τῶν

361 1710 586 1764 οἰκείων
611 1710 895 1763 ἐκδοθεῖσα
924 1711 1140 1777 ἀνάγκη
1171 1712 1240 1763 τά
1270 1713 1482 1766 ἐκείνου
1515 1712 1968 1784 ὑποκρίνεσθαιο,

363 1804 468 1869 τὴν
505 1802 607 1870 μέν
636 1818 718 1853 τοι
744 1801 975 1871 πρώτην
1002 1802 1294 1855 εὐλάϐειαν
1336 1803 1431 1855 καὶ
1469 1802 1659 1856 πίστιν
1686 1803 1785 1858 καὶ
1812 1804 1947 1874 ὁμό-

368 1910 521 1946 τοιαν
548 1896 615 1961 τῇ
636 1890 926 1961 Ῥωμαίων
957 1893 1227 1962 ἐκκλησία
1256 1893 1605 1963 περισώζειν.
1641 1894 1748 1947 Καὶ
1779 1896 1944 1948 αὐτὸν

372 1980 627 2051 ἡγεῖσθαι
668 1985 881 2053 πατέρα
911 1984 1008 2037 καὶ
1052 1984 1399 2048 διδάσκαλον,
1433 1988 1528 2041 καὶ
1564 1986 1698 2056 πρὸς
1731 1986 1831 2057 τὴν
1860 1987 1951 2039 πί-

374 2095 496 2131 στιν
530 2077 728 2147 ὁδηγὸν
754 2094 769 2109 ο
812 2079 913 2131 καὶ
947 2077 1233 2145 βούλεσθαι
1272 2079 1373 2149 μὲν
1420 2081 1513 2132 καὶ
1548 2080 1686 2149 μετὰ
1723 2078 1824 2151 τὴν
1852 2080 1950 2133 άνε-

369 2169 500 2240 δρὸς
530 2170 733 2222 αὐτίκα
777 2169 1038 2238 τελευτὴν
1085 2169 1227 2236 δῆλα
1268 2172 1448 2225 πάντα
1482 2172 1747 2243 καθιστᾷν
1778 2171 1951 2242 αὐτῷ,

370 2264 474 2316 καὶ
527 2262 850 2330 πειρᾶσθαι,
902 2262 1002 2315 καὶ
1040 2263 1222 2315 πᾶσαν
1260 2263 1361 2334 τὴν
1412 2263 1610 2333 ἀρχὴν,
1660 2264 1727 2316 τὰ
1780 2263 1870 2316 ῖσα
1918 2262 1951 2333 ἦ

365 2355 609 2419 πείθειν,
659 2356 692 2426 ἢ
748 2354 1195 2425 καταναγκάζειν
1235 2356 1364 2426 περὶ
1417 2355 1529 2409 τῶν
1571 2358 1668 2425 τῆς
1718 2356 1954 2418 πίστεως

365 2450 665 2518 δογμάτων
712 2448 851 2518 αὐτῇ
913 2451 1155 2516 φρονεῖν.
1210 2447 1537 2519 κωλυθῆναι
1584 2448 1643 2500 δὲ
1696 2448 1801 2501 ὑπὸ
1847 2450 1955 2501 τῶν

369 2543 746 2611 περισχόντων
777 2526 1159 2610 πολέμων’τῶν
1192 2541 1429 2611 μάλιστα
1464 2539 1615 2610 παρὰ
1657 2540 1955 2610 Ῥωμαίοις

366 2633 767 2685 δυνατωτάτων
818 2631 956 2702 πρὸς
982 2632 1152 2701 αὐτὴν
1182 2632 1324 2702 ὑπὲρ
1366 2632 1463 2700 τῆς
1497 2631 1675 2700 ἀρχῆς
1708 2632 1951 2699 πολεμη·

369 2727 608 2787 σάντων,
640 2727 737 2776 καὶ
788 2722 870 2775 ἐτι
898 2722 1068 2792 μέχρι
1110 2722 1204 2775 νῦν
1245 2723 1634 2791 ἐπικειμένων.
1662 2721 1825 2774 Ὅθεν
1856 2722 1955 2774 αὒ-

367 2817 467 2870 τοῦ
499 2817 704 2868 δεῖσθαι
733 2812 928 2883 πρῶτα
958 2814 1059 2883 μὲν
1105 2814 1241 2883 αὐτῇ
1270 2814 1333 2864 τὸ
1365 2813 1524 2866 Θεῖον
1561 2811 1833 2865 ίλεοῦσθαι
1858 2810 1950 2865 διὰ

373 2912 478 2981 τὴν
498 2907 764 2962 δοκοῦσαν
791 2907 899 2959 τῶν
925 2906 1380 2976 διεστραμμένων
1403 2904 1691 2975 δογμάτων
1715 2904 1951 2975 αἵρεσιν.

378 3002 616 3055 Ἐπειτα
641 3000 700 3052 δὲ
727 3001 819 3053 καὶ
848 2997 1065 3069 βοηθεῖν
1097 2998 1191 3049 ἐπὶ
1218 2998 1344 3059 τοὺς
1378 2995 1777 3064 πολεμοῦντας,
1807 2997 1955 3058 ὅπως

2049 515 2254 585 quippe
2286 516 2427 569 haud
2460 517 2683 571 dubium
2717 517 2854 582 fore,
2890 532 3009 572 eam
3056 519 3158 573 sibi
3188 520 3387 573 malum
3422 522 3625 574 machi-

2043 608 2189 661 nari.
2236 606 2574 677 Excogitavit
2608 595 2779 661 etiam.
2838 608 3090 678 nequiter
3136 625 3200 663 ac
3246 611 3471 665 subdole
3526 614 3624 666 1ιύ-

2046 699 2290 767 jusmodi
2349 710 2540 754 contra
2599 716 2716 754 eam
2776 699 3023 757 insidias.
3086 702 3318 759 Litteras
3383 705 3438 759 in
3507 708 3627 775 ejus

2050 809 2288 863 persona
2322 796 2389 848 ad
2428 810 2621 864 papam
2673 786 2894 864 scripsit
2929 795 3031 849 hoc
3065 797 3320 865 exemplo
3356 798 3465 853 :Se
3506 815 3628 853 mo-

2051 886 2207 940 ribus
2235 925 2249 949 ,
2311 900 2374 938 ac
2402 885 2614 957 legibus
2646 882 3021 941 Romanorum
3051 886 3337 943 educatam
3364 929 3380 953 ,
3434 890 3626 945 eadem

2052 991 2180 1030 cum
2250 978 2490 1030 Romana
2543 977 2785 1032 Ecclesia
2836 978 3088 1049 dogmata
3129 981 3312 1036 colere
3373 999 3438 1039 ac
3466 998 3632 1038 vene-

2053 1071 2185 1124 rari.
2257 1071 2302 1123 Δ
2372 1072 2493 1125 suis
2555 1079 2739 1125 autem
2810 1074 3236 1142 consanguineis
3309 1076 3630 1147 imperatori

2053 1159 2292 1215 locatam
2325 1200 2340 1224 ,
2394 1161 2529 1216 velit
2582 1162 2745 1229 nolit,
2796 1163 2920 1232 ejus
2969 1166 3291 1237 religionem
3344 1170 3627 1226 simulare.

2044 1251 2212 1324 655
2274 1252 2665 1309 Verumtamen
2728 1270 2891 1323 quam
2948 1256 3016 1311 ab
3073 1257 3303 1313 infantia
3355 1255 3633 1317 imbiberit

2054 1345 2399 1415 religionem,
2446 1346 2635 1409 ﬁdem,
2668 1347 3043 1414 concordiam,
3088 1349 3347 1407 Romana:
3369 1351 3631 1410 Ecclesia:

2050 1438 2315 1508 integram
2365 1437 2788 1509 inviolatamque
2840 1442 3160 1510 custodire,
3202 1453 3260 1499 et
3315 1445 3492 1514 ipsum
3539 1463 3633 1517 pa-

2050 1538 2265 1585 rentem
2302 1572 2316 1596 ,
2362 1532 2679 1601 magistrum
2751 1548 2814 1588 ac
2862 1532 3054 1589 ducem
3110 1536 3234 1591 ﬁdei
3281 1552 3626 1608 agnoscere:

2052 1620 2412 1693 voluisseque
2470 1640 2595 1679 mox
2664 1636 2791 1695 post
2838 1627 3023 1680 mariti
3069 1626 3278 1684 obitum
3330 1640 3531 1687 statum
3581 1635 3632 1689 ei

2053 1728 2213 1768 suum
2248 1731 2557 1785 exponere,
2593 1727 2648 1772 et
2697 1719 2885 1773 conari
2914 1760 2929 1786 ,
2980 1729 3040 1774 ut
3076 1729 3247 1776 totum
3281 1739 3500 1795 quoque
3532 1726 3634 1781 im-

2052 1803 2291 1872 perium,
2342 1820 2439 1859 seu
2490 1807 2896 1873 voluntarium,
2949 1826 3045 1865 seu
3091 1822 3338 1869 coactum
3377 1816 3632 1872 eamdem

2052 1909 2239 1949 secum
2292 1898 2615 1967 religionem
2668 1901 3038 1969 proﬁteretur,
3090 1905 3184 1961 sed
3229 1906 3387 1962 bellis
3437 1925 3635 1980 urgen-

2055 1985 2237 2050 tibus,
2282 1997 2337 2040 et
2385 2004 2561 2058 usque
2612 1989 2780 2045 hodie
2834 1992 3203 2057 durantibus,
3258 1997 3460 2066 quibus
3489 2000 3634 2070 apud

2060 2075 2342 2132 Romanos
2370 2081 2733 2148 potentissimi
2787 2097 2955 2152 super
3001 2083 3231 2154 imperio
3254 2103 3443 2145 secum
3470 2091 3635 2146 dimi-

2053 2178 2218 2235 cent,
2276 2171 2593 2240 impeditam
2641 2172 2836 2228 fnisse.’
2892 2173 3052 2233 Unde
3104 2193 3162 2234 se
3213 2183 3425 2250 precari
3457 2183 3631 2248 illum,

2030 2262 2288 2331 'primum
2342 2262 2568 2331 quidem
2613 2267 2691 2319 uti
2740 2263 2954 2321 Numen
2999 2267 3100 2323 sibi
3153 2272 3429 2341 propitiet,
3485 2277 3632 2345 quod

2014 2351 2480 2420 ,perversitatem
2535 2352 2693 2408 istam
2742 2357 3055 2426 dogmatum
3087 2370 3291 2417 sectata
3341 2363 3631 2432 videatur;

2058 2443 2258 2498 deinde
2310 2458 2500 2499 contra
2557 2447 2743 2502 hostes
2796 2465 2915 2505 eam
2964 2467 3062 2520 pro
3106 2455 3315 2513 viribus
3355 2459 3575 2528 adjuvet
3616 2479 3632 2515 :

2056 2538 2256 2606 quibus
2291 2540 2571 2593 subversis
2596 2580 2610 2604 ,
2664 2542 2847 2595 statim
2895 2541 3157 2600 Romana!
3185 2550 3501 2617 apostolica:
3532 2551 3635 2607 Ec-

2057 2628 2241 2683 clesia:
2275 2630 2583 2684 doctrinam
2612 2672 2626 2695 ,
2664 2642 2719 2687 et
2754 2634 2888 2689 ritus
2943 2638 3158 2703 publice
3211 2640 3632 2706 celeliraturam,

2065 2729 2122 2775 et
2153 2720 2278 2774 aliis
2325 2723 2579 2791 exemplo
2625 2728 2963 2794 przeitunam.
3016 2728 3384 2800 lmperatricis
3436 2734 3636 2791 litterae

2060 2809 2125 2864 ad
2161 2825 2381 2879 papam,
2414 2813 2508 2882 qui
2542 2828 2607 2867 ea
2643 2824 2967 2884 tempestate
2996 2818 3253 2875 Clemens
3280 2834 3438 2889 erat,
3472 2824 3637 2894 hujus

2058 2904 2304 2960 nominis
2352 2914 2579 2973 sextus,
2637 2909 2947 2978 huiusmodi
2998 2910 3242 2971 fuerunt.
3289 2914 3397 2971 Eas
3438 2918 3636 2986 pictori

2059 2993 2315 3059 cuidam,
2351 2996 2438 3049 cui
2488 3010 2689 3051 nomen
2737 2997 3069 3069 Prwpositns
3094 3041 3109 3063 ,
3156 3020 3279 3057 cum
3318 3006 3639 3064 tradidisset

373 3100 443 3151 ἂν
497 3096 736 3157 δύναιτο,
792 3092 867 3155 ὡς
922 3092 973 3144 εἰ
1023 3092 1222 3143 ἐκεῖνοι
1261 3091 1721 3159 καταστραφεῖεν,
1780 3089 1952 3157 αὐτῆς

2061 3085 2419 3158 Apocauchus
2446 3129 2461 3153 ,
2519 3089 2584 3143 ad
2615 3104 2811 3160 papam
2859 3091 3008 3146 misit
3033 3131 3047 3154 .
3084 3094 3387 3159 mandans,
3438 3112 3508 3152 ne
3544 3101 3634 3154 cui

369 3188 572 3244 αὐτίκα
622 3187 689 3240 τά
744 3187 845 3249 τῆς
903 3182 1191 3251 Ῥωμαίων
1248 3182 1616 3251 ἀποστολικῆς
1659 3181 1955 3252 ἐκκλησίας

380 3278 831 3351 πρεσὸευσούσης
888 3274 1160 3345 φανερῶς,
1214 3275 1309 3327 καὶ
1356 3277 1470 3337 τοῖς
1521 3273 1703 3336 ἄλλοις
1737 3274 1977 3343 ὑφηγη-ο

386 3374 650 3442 σομένης.
693 3368 929 3421 Τοιαῦτα
965 3368 1062 3438 μέν
1093 3369 1157 3420 τὰ
1187 3366 1324 3437 πρὸς
1347 3366 1536 3418 πάπαν
1558 3366 1657 3435 τῆς
1683 3364 1956 3434 βασιλίδος

370 3467 537 3536 δῆθεν
585 3466 887 3535 γράμματα
935 3461 1145 3532 ἐδήλου.
1176 3457 1286 3512 Ἦν
1322 3460 1378 3511 δὲ
1408 3460 1639 3529 Κλήμης
1681 3459 1778 3527 τῆς
1824 3457 1959 3510 Ῥω-

378 3562 557 3631 μαίων
588 3558 886 3627 ἐκκλησίας
919 3555 1040 3608 τότε
1069 3552 1379 3625 προεστώς.
1411 3552 1519 3606 Καὶ
1546 3552 1825 3629 ζωγράφῳ
1850 3550 1959 3603 τινὶ

378 3649 744 3720 Πραιποσίτῳ
775 3648 1102 3717 καλουμένῳ
1137 3646 1479 3715 ἐγχειρίσας,
1510 3644 1793 3712 ἐξέπεμπε
1821 3643 1960 3713 πρὸς

377 3741 572 3794 πάπαν
608 3739 799 3809 μηδενὶ
828 3736 1068 3799 ἐξειπεῖν
1114 3735 1382 3796 κελεύσας
1421 3734 1482 3786 τὸ
1517 3733 1832 3803 ἀπόρρητον
1867 3733 1960 3799 βα-

376 3835 599 3896 σιλίδος.
635 3831 803 3887 Οὐδὲν
832 3830 887 3883 δὲ
917 3831 1124 3891 ἐκεῖνος
1151 3828 1270 3899 ᾔδει
1298 3828 1481 3891 πλέον,
1514 3828 1561 3878 εί
1592 3826 1668 3896 μὴ
1699 3827 1782 3878 ὄτι
1817 3824 1961 3893 πέμ·

376 3944 540 3979 ποιτο
567 3927 703 3993 πρὸς
733 3922 951 3976 πάπαν.
980 3920 1210 3991 Κλήμης
1234 3920 1289 3972 δὲ
1315 3922 1344 3972 ὁ
1373 3920 1587 3982 πάπας,
1629 3919 1751 3969 ἐπεὶ
1782 3916 1959 3982 δέξαι-

376 4037 444 4072 το
493 4019 559 4071 τὰ
613 4014 881 4087 βασιλίδος
921 4013 1255 4083 γράμματα,
1300 4009 1637 4079 ὑπερησθεὶς
1677 4010 1759 4062 ὃτι
1796 4008 1890 4061 καὶ
1925 4009 1958 4076 ἡ

381 4110 600 4181 βασιλὶς
628 4111 834 4179 αίροῖτο
867 4106 937 4159 τά
962 4104 1207 4167 ἐκείνων,
1243 4103 1343 4157 καὶ
1374 4103 1454 4163 ὡς
1483 4103 1531 4154 εί
1555 4102 1663 4154 τῶν
1703 4099 1959 4170 πολέμων

380 4202 752 4271 ἁπαλλαγοίη,
812 4199 1066 4269 φανερῶς
1120 4198 1304 4259 αὐτοῖς
1354 4196 1750 4265 προσθήσεται,
1802 4194 1959 4248 ἀντέ-

377 4313 558 4366 γραψε
592 4295 686 4347 καὶ
719 4294 898 4355 αὐτὸς,
938 4291 1130 4359 πρῶτα
1170 4289 1269 4358 μέν
1296 4288 1536 4341 ἐπαινῶν
1570 4288 1667 4355 τῆς
1705 4288 1961 4357 προαιρέ-

378 4391 586 4452 σεως,ὃ
637 4405 687 4439 τι
727 4385 906 4440 καίτοι
942 4384 1352 4453 τυραννουμένη
1388 4381 1494 4433 τῶν
1541 4379 1717 4449 ὀρθῶν
1758 4380 1958 4447 δπγμά-

372 4501 487 4537 των
530 4484 630 4534 οὐκ
669 4481 903 4549 ἀπέστη,
932 4477 1068 4530 ἀλλὰ
1104 4480 1171 4546 τῇ
1215 4476 1502 4544 Ῥωμαίων
1534 4476 1798 4543 ἐκκλησία
1827 4490 1962 4541 συμ-

376 4575 633 4643 φρονοὶη.
665 4573 896 4624 Ἔπειτα
946 4569 1042 4621 καὶ
1075 4567 1357 4620 ἐδίδασκεν
1402 4566 1475 4627 ὡς
1522 4564 1629 4633 χρὴ
1678 4564 1786 4615 τῶν
1829 4564 1959 4616 [σων

378 4665 602 4734 ἔχεσθαι
632 4664 742 4728 ἀεὶ,
777 4663 870 4714 καὶ
906 4661 1033 4722 τοὺς
1064 4658 1257 4720 ἄλλους
1288 4657 1506 4724 ἐνάγειν
1546 4656 1957 4725 ἠπατημένους,

376 4757 479 4808 καὶ
512 4755 608 4822 τῆς
650 4752 909 4820 ἀληθείας
951 4748 1311 4809 ἐκπεσόντας.
1341 4746 1672 4800 Τελευταῖον
1705 4746 1762 4798 δὲ
1788 4745 1962 4815 ἐπηύ-

379 4863 532 4917 χετο,
569 4846 663 4896 καὶ
701 4845 943 4913 χρηστὰς
975 4839 1220 4892 ὑπετίθει
1258 4839 1359 4901 τὰς
1395 4839 1615 4900 ἐλπίδας
1654 4838 1726 4901 ὼς
1759 4838 1962 4908 βοηθή-

383 4956 497 4992 σων
527 4939 555 4990 ὅ
575 4954 627 4988 τι
653 4935 720 4989 ἂν
746 4934 984 4988 δύναιτο.
1008 4932 1194 4985 Ταῦτα
1222 4932 1292 4984 τὰ
1313 4932 1620 5001 γράμματα
1649 4932 1965 4999 ἐνεγκόντος

383 5029 780 5099 Πραιποσίτου,
826 5025 1126 5092 ἐφύλαττεν
1169 5024 1336 5087 αὐτὸς
1371 5025 1427 5075 ἐν
1473 5024 1794 5094 ἀπορρήτῳ.
1846 5028 1966 5074 Διε-

383 5121 563 5177 νοεῖτὸ
591 5136 649 5172 τε
679 5119 754 5181 ὡς
787 5120 835 5197 sil
863 5118 960 5187 μέν
986 5115 1234 5168 πείθοιτο
1275 5116 1309 5186 ἡ
1343 5114 1552 5184 βασιλὶς
1582 5116 1732 5184 αὐτῷ
1770 5115 1857 5184 ἐφ’
1883 5110 1965 5179 οἷς
1998 5134 2009 5151 ο

385 5214 457 5267 ἂν
491 5212 665 5280 ἀξιοίη
700 5210 869 5280 μηδὲν
906 5209 1100 5259 κινεῖν.
1125 5208 1186 5259 ΕΞ
1216 5206 1275 5259 δὲ
1308 5206 1406 5277 μὴ,
1443 5206 1615 5258 ταῦτα
1648 5206 1735 5259 ἐπ’
1765 5207 1966 5277 ἐκκλη-

387 5308 517 5369 σίας
557 5304 879 5371 άπιαγνόντα,
923 5300 1253 5365 Βυζαντίους
1304 5299 1389 5353 ἐπ’
1427 5299 1597 5369 αὐτὴν
1648 5302 1965 5371 παρορμᾷν,

383 5399 484 5451 καὶ
522 5394 853 5462 διαφθείρειν
902 5391 1071 5461 αὐτὴν
1114 5392 1210 5444 καὶ
1248 5391 1447 5453 παῖδας
1476 5406 1492 5420 ο
1534 5389 1649 5461 ᾔδει
1690 5393 1800 5461 γὰρ
1834 5393 1971 5464 πρὸς

382 5484 548 5537 τοῦτο
584 5484 725 5535 πάνυ
743 5479 1311 5550 δυσανασχετοῦντας,
1335 5480 1433 5533 καὶ
1469 5481 1646 5549 ῥᾷστα
1674 5483 1814 5532 κατὰ
1839 5499 1971 5533 πανο

384 5578 484 5638 τὶς
529 5572 842 5627 οὑτινοσοῦν
874 5576 1238 5643 χωρήσοντος,
1266 5570 1332 5624 ἂν
1373 5570 1651 5624 πύθωνται
1699 5571 1767 5623 τὰ
1810 5572 1974 5625 Λατί-

389 5684 503 5718 νων
532 5666 852 5736 ᾑρημένηνο
881 5664 979 5715 καὶ.
1031 5661 1175 5715 οὕτω
1210 5663 1391 5715 πᾶσαν
1444 5660 1607 5714 αὑτὸν
1655 5661 1971 5728 Βυζαντίου,

2058 3197 2321 3243 arcanum
2353 3180 2615 3253 Augustae
2651 3187 3006 3252 patefaceret.
3055 3184 3198 3253 Qui,
3242 3188 3344 3241 nisi
3397 3192 3544 3260 quod
3568 3193 3638 3247 ad

2059 3289 2257 3344 papam
2292 3274 2624 3340 mitteretur,
2664 3285 2925 3344 pra-terea
2959 3276 3093 3331 nihil
3122 3279 3348 3335 sciebat.
3382 3282 3641 3341 Clemens

2059 3366 2261 3420 litteris
2296 3367 2570 3441 acceptis,
2604 3368 2862 3422 onmibus
2888 3368 3120 3424 incessit
3147 3372 3368 3437 laetitiis,
3405 3376 3640 3446 impera-

2061 3458 2251 3516 tricem
2280 3471 2465 3512 secum
2496 3459 2900 3515 communicare
2923 3502 2937 3526 ,
2985 3471 3074 3525 et,
3122 3464 3169 3517 si
3198 3466 3337 3520 bello
3382 3467 3641 3540 defunge-

2063 3558 2232 3611 retur,
2266 3547 2440 3615 palam
2488 3547 2543 3600 id
2588 3549 2859 3601 facturam
2888 3589 2905 3617 ,
2939 3550 3215 3605 rescribit.
3248 3556 3324 3607 Ac
3368 3556 3640 3626 principio

2061 3655 2181 3695 eam
2214 3641 2282 3694 de
2312 3639 2583 3693 constanti
2629 3640 2903 3694 voluntate
2952 3641 3171 3709 laudat,
3221 3646 3362 3714 quod
3395 3649 3639 3716 quamvis

2062 3732 2163 3785 sub
2200 3731 2391 3800 iniquo
2452 3730 2713 3799 domino,
2764 3748 2793 3785 a
2850 3732 3106 3804 legitimis
3139 3737 3482 3807 dogmatibus
3526 3757 3637 3796 non

2068 3823 2421 3886 discesserit,
2457 3823 2554 3877 sed
2582 3839 2705 3877 cum
2754 3824 2996 3879 Romana
3030 3824 3268 3882 Ecclesia
3315 3835 3634 3887 consentiat.

2066 3917 2270 3972 Deinde
2331 3919 2605 3986 quomodo
2666 3918 2856 3973 iisdem
2917 3931 3181 3989 perpetuo
3244 3921 3552 3987 adhaerere,
3584 3937 3640 3980 et

2066 4011 2204 4066 alios
2233 4011 2286 4065 in
2319 4011 2565 4065 fraudem
2622 4010 2893 4073 inductos.
2922 4021 3085 4081 atque
3116 4029 3145 4066 a
3192 4015 3419 4070 veritate
3449 4016 3639 4073 devios

2064 4104 2255 4160 eodem
2287 4105 2546 4159 reducere
2575 4104 2788 4169 debeat,
2821 4104 3031 4160 edocet.
3065 4105 3302 4160 Tandem
3340 4109 3479 4164 bene
3512 4126 3636 4180 prc-

2066 4205 2257 4260 catus,
2310 4205 2365 4250 et
2398 4197 2536 4250 bene
2591 4211 2811 4266 sperare
2860 4197 3103 4267 jubens,
3158 4208 3419 4268 quantum
3470 4202 3525 4255 in
3580 4216 3639 4255 se

2065 4298 2240 4353 esset,
2294 4304 2451 4357 opem
2483 4287 2719 4339 laturum
2755 4287 3061 4354 pollicetur.
3117 4286 3224 4343 llas
3280 4289 3487 4344 litteras
3516 4306 3638 4343 cum

2067 4379 2401 4449 l’r.rpositus
2465 4379 2732 4432 attulisset
2768 4418 2783 4441 ,
2844 4377 2958 4447 ipse
3014 4379 3377 4447 Apocaucbus
3441 4398 3642 4435 arcane

2068 4473 2318 4526 sembat
2354 4510 2370 4534 ,
2418 4480 2475 4524 ut
2536 4472 2579 4523 si
2640 4468 2855 4538 quidem
2905 4471 3068 4539 petita
3131 4470 3237 4525 sibi
3292 4472 3533 4527 concede
3563 4485 3640 4537 et,

2067 4563 2204 4616 nihil
2240 4570 2527 4625 moveret;
2573 4561 2655 4614 sin
2688 4563 2869 4615 minus
2898 4600 2913 4624 ,
2968 4577 3062 4629 per
3118 4577 3210 4616 eas
3260 4563 3311 4617 in
3368 4578 3641 4619 contentu

2069 4654 2261 4716 lectas,
2317 4652 2529 4722 plebem
2578 4651 2643 4703 ad
2694 4651 2865 4721 ipsam
2914 4670 3017 4706 una
3055 4670 3177 4709 cum
3210 4655 3399 4709 liberis
3453 4658 3645 4711 interi—

2071 4745 2323 4799 tnendam
2381 4740 2703 4796 concitaret.
2767 4742 2990 4798 Sciebat
3044 4745 3189 4799 enim
3252 4746 3303 4799 id
3358 4751 3644 4815 aget-rium

2073 4837 2300 4889 laturam
2337 4875 2351 4899 ,
2410 4832 2774 4901 facillimcque
2805 4832 2978 4887 cuivis
3031 4849 3090 4887 se
3154 4824 3564 4905 oppositurum.
3596 4840 3640 4890 si

2070 4942 2191 4982 eam
2231 4926 2547 4979 Latinorum
2600 4924 2822 4979 decreta
2877 4925 3211 4994 (amplexam
3267 4910 3639 4994 intelligech

2070 5020 2152 5073 sic
2200 5026 2372 5071 totum
2430 5033 2489 5071 se
2540 5016 2827 5085 Byzantii,
2884 5017 3295 5086 insularumque
3356 5018 3639 5087 imperium

2070 5111 2420 5178 adepturum.
2484 5108 2636 5175 Quod
2690 5110 2735 5164 si
2793 5111 2846 5162 id
2900 5124 3060 5163 secus
3121 5110 3411 5171 eveniret,
3467 5124 3644 5174 neque

2073 5205 2314 5277 Byzantii
2349 5203 2415 5257 ad
2451 5203 2850 5272 imperatricem
2879 5217 3002 5255 cum
3050 5201 3235 5255 liberis
3266 5200 3642 5256 trucidandam

2073 5297 2498 5361 adducerentur,
2548 5307 2660 5349 tum
2731 5293 2891 5349 rebus
2923 5295 3226 5363 deSpcratis
3249 5335 3263 5358 ,
3318 5303 3411 5348 aut
3441 5294 3495 5348 in
3523 5311 3648 5349 arte

2073 5386 2417 5456 Magnaccnsi
2448 5384 2838 5449 munitissima,
2886 5392 2944 5438 et
2974 5399 3093 5453 qua:
3128 5387 3221 5439 toti
3258 5386 3648 5438 Constantino-

2074 5482 2181 5549 poli
2260 5487 2442 5546 posset
2497 5474 2787 5538 resistere,
2842 5489 2900 5528 se
2953 5475 3297 5529 includeret:
3345 5475 3510 5548 656
3556 5487 3651 5533 aut

2077 5570 2286 5625 triremi
2366 5568 2431 5621 ad
2510 5549 2768 5635 Epiliatas
2818 5569 3136 5632 secederet,
3184 5565 3367 5634 ibique
3416 5567 3552 5622 liber
3581 5583 3649 5624 ac

2078 5678 2231 5725 suus,
2263 5659 2532 5727 reliquum
2560 5657 2659 5712 aevi
2692 5666 2995 5728 perageret.
3598 5663 3609 5667 “

389 5762 492 5816 καὶ
543 5760 652 5815 τῶν
701 5760 885 5828 νήσων
933 5758 1076 5830 ἔχειν
1108 5759 1208 5830 τὴν
1245 5760 1440 5829 ἀρχήν.
1493 5759 1554 5812 Εἰ
1583 5759 1638 5812 δέ
1673 5760 1748 5832 μὴ
1818 5761 2155 5833 προχωροίη,
2199 5756 2334 5831 μηδὲ
2406 5754 2677 5810 πείθοιντο
2707 5757 2754 5807 οξ
2797 5754 3081 5822 Βυζάντιοι
3151 5754 3417 5827 βασιλίδα,
3462 5758 3556 5812 καὶ.
3583 5758 3654 5814 τὰ

717 5860 985 5920 Ρλτειυι..
1028 5860 1142 5920 Gn.
1186 5861 1384 5921 CLIII.

3258 5851 3333 5915 39
