4016 6208
297 292 434 374 1257

1409 295 1959 359 IIISTORIARUM
2003 283 2237 377 Lmll
2278 294 2396 354 IIl.

3408 291 3430 356 1
3443 292 3551 358 958

291 425 356 477 τὸ
381 423 544 492 ἔργον
574 412 840 477 ὑποστὰς,
871 411 1051 482 ῶθησε
1083 409 1143 462 τὸ
1176 408 1328 479 ξίφος
1355 410 1498 462 κατά
1521 407 1628 460 τῶν
1661 405 1863 471 σπλάγ·

1977 403 2160 460 medio
2189 403 2536 466 recedentes,
2567 401 2809 458 latibulis
2841 418 2900 458 se
2931 405 3195 461 condunt.
3222 405 3351 477 Ejus
3382 419 3559 465 morte

289 528 458 584 χνων,
489 507 586 561 καὶ
631 505 972 560 ἀπέκτεινεν.
1031 499 1220 564 Εὐθὺς
1261 501 1359 570 μὲν
1391 499 1485 554 οὖν
1533 502 1584 552 oi
1615 500 1866 570 Ζηλωταὶ

290 601 637 673 ὑπεχώρουν,
683 597 778 649 καὶ
840 592 1164 647 κατεδύοντο
1218 593 1300 655 είς
1342 590 1672 662 χηραμούς⁸
1707 591 1736 643 ὃ
1805 607 1866 642 τε

287 695 462 764 δῆμος
492 687 649 742 οὐδὲν
675 685 817 756 ὑπὲρ
865 683 961 737 τοῦ
1004 681 1265 746 πεσόντος
1313 681 1723 752 ἠγανάκτησεν,
1756 674 1867 732 Ἦν

287 783 400 851 γὰρ
450 777 572 831 οὐδὲ
616 776 886 846 πρότερον
931 773 1113 834 καλῶς
1169 771 1512 840 διακείμενος
1562 770 1693 840 περὶ
1737 770 1867 832 τοὺς

288 870 548 943 Ζηλωτάς
577 885 590 900 ·
619 865 762 938 ἦσαν
809 865 918 935 γὰρ
958 863 1162 934 ὁμοίως
1191 863 1286 915 καὶ
1317 862 1447 932 περὶ
1477 860 1546 914 τὰ
1576 861 1719 922 θεῖα.
1758 859 1866 913 ῶσο

289 982 400 1035 περ
433 962 676 1030 καὶπερὶ
705 959 772 1012 τὰ
793 959 1111 1030 ἀνθρώπινα
1140 951 1475 1026 ὑϐρίζοντες,
1527 953 1624 1006 καὶ
1663 952 1866 1023 πολλὴν

291 1053 727 1122 ἐπιδεικνύμενοι
784 1051 884 1122 τὴν
922 1047 1252 1120 μοχθηρίαν.
1286 1047 1360 1100 Ού
1410 1047 1574 1116 μόνον
1609 1046 1722 1115 γὰρ
1749 1044 1868 1116 ἠδί-

292 1165 425 1202 κουν
478 1145 670 1207 ἀδεῶς,
704 1143 799 1196 καὶ
853 1140 1176 1209 διεπόρθουν
1214 1139 1313 1208 τὴν
1375 1136 1563 1208 χώραν
1591 1138 1861 1200 ἐπιόντες,

289 1236 508 1299 καὶτὰς
553 1233 746 1296 κοινὰς
779 1231 1071 1306 συμφορὰς
1110 1230 1368 1301 ἀφορμὰς
1389 1227 1701 1298 ποιούμενοι
1729 1226 1866 1291 ιδίας

285 1329 623 1398 εὐπραγίας,
657 1326 795 1381 ἀλλά
852 1324 949 1379 καὶ
991 1323 1134 1378 κατά
1181 1324 1279 1386 τὰς
1327 1321 1526 1389 ἀγυιὰς
1568 1319 1868 1390 δεξαμενάς

285 1436 441 1482 τινας
478 1418 670 1482 ὓδατος
718 1415 1078 1487 πληροῦντες,
1105 1411 1227 1467 εἶτα
1260 1413 1354 1467 καὶ
1379 1413 1722 1483 ύφάπτοντες
1757 1429 1864 1483 κη-

289 1510 439 1579 ροὺς,
473 1512 626 1572 τινὰς
654 1511 763 1562 τῶν
791 1510 860 1562 τὰ
891 1506 1353 1576 Καντακουζηνοῦ
1379 1506 1618 1578 ᾑρῆσθαι
1645 1506 1866 1561 δοκούν-

283 1618 396 1656 των
428 1600 714 1669 βασιλέως,
755 1600 1228 1670 συλλαμϐάνοντες
1261 1597 1423 1661 ὂντας
1451 1598 1514 1650 ὲκ
1542 1597 1636 1651 τοῦ
1665 1599 1862 1670 δήμου.

283 1693 651 1756 ἀνεϐάπτιζον
702 1693 779 1754 ὡς
824 1691 1275 1761 ἀπομοσαμένους
1330 1689 1391 1743 τὸ
1427 1689 1711 1760 βάπτισμα
1775 1689 1864 1744 διὰ

283 1785 384 1854 τὴν
403 1766 630 1836 ’ἓκείνου
673 1782 964 1836 κοινωνίαν
991 1798 1005 1813 ·
1033 1781 1161 1846 τούς
1187 1799 1248 1835 τε
1269 1783 1569 1854 παριόντας
1610 1783 1864 1838 ἐκέλευον

283 1876 552 1946 ἀργύριον
588 1875 754 1946 ρητδν
795 1873 1184 1928 κατατίθεσθαι
1230 1876 1309 1938 είς
1334 1876 1436 1944 τὴν
1462 1875 1672 1947 ζὲορτήν
1705 1890 1720 1906 ο
1767 1877 1864 1928 καὶ

280 1967 353 2039 ἦν
386 1968 602 2037 ἀνάγκη
639 1969 904 2038 πράττειν
957 1967 1098 2021 κατά
1141 1967 1202 2021 τὸ
1238 1968 1462 2021 ἐκείνων
1489 1967 1796 2036 κέλευσμα,
1829 1966 1861 2039 ἦ

282 2059 692 2115 ὑποπτεύεσθαι
743 2059 944 2112 αὐτίκα
997 2052 1104 2129 ἦν.
1151 2057 1228 2122 ὡς
1278 2058 1346 2112 τὰ
1401 2058 1862 2128 Κανταπουζηνοῦ

276 2155 378 2207 τοῦ
441 2152 707 2223 βασιλέως
761 2138 1063 2223 ᾑρημένον,
1118 2150 1214 2204 καὶ
1261 2150 1562 2222 ἀχθόμενον
1595 2153 1734 2221 πρὸς
1762 2151 1862 2220 τὴν

281 2245 624 2314 tegulam.
657 2243 821 2297 Μετὰ
851 2241 1010 2296 τοῦτο
1033 2242 1089 2296 δὲ
1125 2239 1420 2314 μεθύοντες
1443 2244 1502 2296 ὲν
1530 2241 1856 2313 καπηλείοις

281 2340 379 2390 καὶ
406 2339 474 2390 τὰ
506 2336 642 2391 ἀλλα
673 2334 1011 2406 ὲξωρχοῦντο
1036 2333 1145 2388 τῶν
1172 2333 1515 2406 Χριστιανῶν
1556 2336 1859 2406 μυστήρια,

277 2431 382 2499 τῆς
416 2429 571 2498 δίκης
601 2428 962 2498 ἀνεχομένης,
1009 2427 1104 2480 καὶ
1129 2425 1480 2496 ἀμελούντων
1509 2427 1620 2478 τῶν
1651 2443 1859 2496 κεραυ-

278 2521 412 2574 νῶν.
452 2515 554 2572 Ὧν
597 2519 698 2590 τὴν
737 2518 974 2572 ἀτοπίαν
1025 2517 1266 2588 μισήσας
1313 2515 1408 2570 καὶ
1439 2518 1468 2570 ὁ
1498 2516 1694 2586 δῆμος,
1729 2518 1863 2588 πρό-

277 2630 340 2666 τε
351 2603 440 2681 ρόν
463 2629 522 2664 τε
562 2611 626 2663 ἐκ
655 2629 818 2664 τινων
838 2609 1028 2663 αἰτιῶν
1045 2609 1430 2679 κεκινημένος,
1462 2608 1572 2663 τῶν
1592 2609 1862 2680 Ζηλωτῶν

278 2722 438 2768 τινας
491 2707 550 2758 ἐν
587 2704 664 2774 τῷ
688 2703 787 2772 τῆς
833 2701 1100 2755 θεοτόκου
1137 2699 1238 2770 τῆς
1297 2701 1715 2772 ἀχειροποιήτου
1771 2717 1862 2756 τε-

283 2800 438 2868 μένει
465 2799 594 2859 τοὺς
625 2796 724 2863 μὲν
755 2794 1084 2863 ἀπέσφαξαν
1115 2793 1381 2864 ἀνηλεῶς,
1417 2795 1514 2849 ἕνα
1543 2795 1600 2850 δὲ
1633 2797 1728 2850 καὶ
1771 2796 1860 2852 διὰ

277 2891 382 2959 τῆς
408 2890 612 2957 ἀγορᾶς
639 2886 964 2956 κατέσυραν,
992 2885 1166 2950 λίθοις
1197 2885 1488 2956 βάλλοντες
1531 2888 1628 2942 καὶ
1679 2887 1859 2954 ξύλοις

1977 493 2213 566 populus
2259 494 2397 549 nihil
2444 494 2646 562 doluit,
2681 495 2884 566 alioqui
2932 497 3098 552 etiam
3146 513 3176 552 a
3209 500 3399 554 zelotis
3428 499 3562 556 alie—

1969 603 2098 653 nus,
2130 586 2305 659 6⁸14·
2327 587 2598 657 siquidem
2643 589 2827 645 divina
2862 601 2917 645 et
2957 592 3192 646 humana
3215 593 3338 660 jura
3365 600 3561 648 contu.-

1971 680 2201 736 meliose
2253 693 2319 735 ac
2373 679 2604 736 sceleste
2630 683 2932 738 violabant.
2962 683 3079 739 Non
3117 685 3261 740 enim
3292 685 3560 742 duntaxat

1974 772 2182 843 absque
2215 772 2327 828 ullo
2363 781 2510 828 metu
2543 774 2859 845 irrogabant
2889 775 3143 847 injurias,
3173 779 3559 850 regionemque

1971 862 2346 930 tlevastabant,
2382 873 2440 918 et
2485 878 2551 920 ex
2596 866 2979 922 communibus
3013 868 3255 924 miseriis
3295 884 3425 924 suas
3454 871 3558 927 sibi

1971 953 2262 1010 felicitates
2313 955 2756 1025 comparabant:
2804 957 2901 1013 sed
2953 966 3007 1013 et
3045 973 3142 1029 per
3180 959 3330 1017 vicos
3387 961 3558 1028 urbis,

1970 1046 2123 1102 soliis
2154 1061 2296 1116 aqua
2352 1047 2577 1116 repletis
2635 1056 2689 1102 et
2752 1049 2926 1104 cereis
2987 1052 3260 1115 accensis,
3292 1052 3557 1121 quosdam

1970 1142 2040 1192 de
2093 1137 2280 1208 plebe,
2350 1137 2443 1206 qui
2499 1137 2882 1195 Cantacuzeno
2958 1138 3146 1196 favere
3207 1143 3556 1210 videbantur,

1969 1227 2422 1298 comprehensos,
2470 1226 2621 1281 velut
2668 1227 2763 1298 qui
2816 1244 2914 1297 per
2947 1231 3070 1299 ejus
3110 1233 3557 1288 communionem

1968 1318 2302 1390 baptismum
2337 1319 2670 1390 ejurassent,
2709 1321 2891 1380 denuo
2921 1323 3250 1405 lustrabant,
3309 1343 3374 1383 ac
3424 1343 3562 1398 prae-

1970 1420 2250 1468 tereuntes
2298 1417 2656 1469 constitutum
2703 1416 2940 1485 pretium
2968 1417 3036 1473 ad
3068 1417 3233 1474 ferias
3262 1421 3549 1492 agitandas

1967 1505 2236 1575 jubebant
2290 1505 2628 1574 persolvere.
2661 1505 2767 1573 Qui
2807 1507 2852 1562 si
2906 1509 3236 1576 abnuerent,
3267 1513 3453 1568 statim
3502 1513 3557 1568 in

1968 1596 2334 1666 suspicionem
2381 1595 2861 1652 Cantacuzenismi
2916 1598 3253 1665 incidebant,
3311 1611 3367 1656 et
3414 1603 3560 1658 ludi-

1975 1689 2110 1744 briis
2142 1688 2252 1743 illis
2277 1687 2481 1744 offendi
2529 1690 2890 1760 putabantur.
2916 1689 3185 1748 Praeterea
3217 1693 3272 1748 in
3299 1695 3562 1765 cauponis

1969 1794 2142 1850 usque
2171 1779 2238 1835 ad
2266 1781 2588 1835 ebrietatem
2611 1791 2984 1852 perpotantes,
3007 1783 3333 1841 Christianis
3364 1797 3562 1860 myste-

1969 1871 2067 1926 riis
2124 1870 2451 1938 illudebant,
2505 1873 2749 1942 patiente
2825 1881 2883 1926 et
2951 1872 3183 1929 fulmina
3237 1878 3561 1934 continente

1968 1959 2153 2016 divina
2192 1960 2428 2030 justitia.
2479 1961 2726 2027 Quorum
2780 1961 3014 2018 nefanda
3079 1964 3288 2020 scelera
3325 1970 3561 2039 populus

1968 2067 2192 2118 exosus,
2217 2063 2274 2108 et
2305 2053 2538 2108 antehac
2565 2053 2827 2124 quasdam
2849 2056 2920 2110 ob
2949 2070 3148 2112 causas
3175 2061 3560 2126 exacerbatus.

1968 2145 2172 2200 zelotes
2204 2144 2502 2200 nonnullos
2535 2144 2590 2199 in
2634 2144 2881 2214 Deiparze
2914 2162 3024 2202 non
3057 2150 3374 2206 manufacto
3404 2162 3561 2208 tem-

1965 2238 2056 2307 pio
2105 2235 2219 2308 (60)
2268 2237 2476 2307 absque
2528 2237 2907 2294 misericordia
2962 2241 3170 2296 occidit
3200 2259 3214 2296 :
3244 2259 3413 2299 unum
3463 2261 3562 2316 per

1965 2328 2147 2384 forum
2187 2329 2374 2394 traxit,
2423 2329 2805 2401 lapidibusque
2860 2342 2918 2388 et
2958 2333 3123 2404 lignis
3153 2335 3332 2392 obviis
3369 2339 3558 2393 tandiu

1964 2420 2236 2491 impetivit
2280 2435 2346 2477 ac
2396 2423 2668 2488 contudit,
2707 2424 2883 2479 donec
2941 2427 3180 2481 animam
3230 2431 3556 2498 exspiraret,

1965 2511 2122 2566 Tune
2154 2513 2341 2582 itaque
2374 2512 2446 2569 ob
2475 2512 2720 2569 occisum
2764 2513 3129 2588 Palaeolotgum
3165 2519 3312 2575 haud
3355 2521 3562 2578 irasce-

1964 2600 2144 2668 batur,
2177 2602 2275 2657 sed
2317 2602 2489 2658 libere
2520 2611 2575 2658 et
2621 2605 2800 2674 palam
2828 2615 3051 2676 propter
3086 2607 3373 2666 submotos
3405 2611 3563 2667 Zelo-

1967 2703 2051 2749 tas
2105 2693 2316 2750 laetitiis
2365 2694 2669 2750 incedebat.
2699 2696 3062 2766 Apocauchus
3107 2700 3256 2757 solus
3280 2702 3393 2772 jam
3425 2720 3562 2776 prte-

1964 2784 2165 2850 fectus,
2207 2785 2401 2841 amicis
2447 2785 2798 2856 imperatoris
2831 2805 2942 2845 non
2980 2806 3203 2861 parvam
3244 2795 3556 2853 libertatem

1963 2877 2338 2948 impertiebat,
2395 2877 2624 2949 ipseque
2679 2882 3000 2938 earumdem
3051 2900 3112 2940 se
3163 2887 3404 2956 partium
3435 2904 3560 2946 esse

277 2983 394 3042 τοῖς
425 2976 842 3048 προστυχοῦσιν,
875 2977 981 3040 ἕως
1024 2978 1338 3032 ἀπέπνευσε
1390 2977 1709 3050 συρόμενος,
1763 2980 1859 3034 καὶ

1968 2983 2074 3023 non
2111 2967 2518 3034 dissimulabat,
2541 2979 2598 3025 et
2648 2970 2864 3028 Zelotas
2913 2973 3244 3047 insigniores
3269 2980 3338 3034 ad
3376 2979 3562 3051 Plata-

276 3072 403 3124 τότε
431 3071 548 3122 οὐδὲ
589 3070 942 3140 ἠγανάκτησε
980 3071 1069 3126 διὰ
1097 3071 1190 3125 τὸν
1234 3067 1602 3136 ῐΙαλαιολόγου
1645 3071 1810 3142 φόνον
1841 3089 1852 3104 ·

1968 3073 2184 3116 monem
2229 3068 2393 3131 atque
2423 3060 2491 3116 ad
2547 3060 2652 3116 alia
2703 3065 2960 3134 oppidula
3001 3067 3142 3138 juris
3182 3069 3268 3124 sui
3310 3072 3561 3140 mittens,

277 3163 422 3216 ἀλλά
468 3163 624 3228 δῆλος
660 3158 728 3233 ἦν
791 3162 1048 3233 ἡδόμενος
1113 3163 1209 3215 ἐπὶ
1252 3162 1331 3233 τῷ
1380 3162 1862 3226 ἀποσκευάζεσθαι

276 3255 408 3315 τοὺς
464 3253 742 3321 Ζηλωτάς.
797 3250 1135 3322 Ἀπόκαυχος
1169 3253 1225 3306 δὲ
1251 3253 1354 3324 ήδη
1385 3255 1570 3307 πᾶσαν
1598 3255 1738 3324 έχων
1762 3255 1863 3324 τὴν

277 3346 461 3414 ἀρχὴν
493 3345 678 3407 eam.
735 3344 1047 3416 παρρησίας
1081 3361 1140 3397 τε
1196 3345 1499 3414 μετέδωκεν
1528 3346 1589 3398 σύ
1622 3348 1721 3415 τῆς
1755 3351 1853 3402 τυ-

278 3439 483 3506 χούσης
515 3436 624 3498 τοῖς
658 3437 726 3489 τὰ
758 3436 1022 3506 βασιλέως
1053 3436 1398 3507 πράττουσι,
1446 3437 1542 3490 καλ⁸
1585 3438 1751 3502 αὐτὸς
1793 3435 1864 3512 ἦν

281 3527 516 3596 φανερὸς
548 3526 616 3578 τὰ
663 3528 872 3580 ἐκείνου
930 3527 1230 3597 ᾑρημένος,
1279 3527 1514 3580 καὶτῶν
1564 3529 1860 3601 Ζηλωτῶν,

280 3619 408 3689 ὅσοι,
431 3619 529 3687 μὲν
559 3621 614 3669 ἐν
640 3617 782 3688 λόγῳ
808 3613 970 3688 ἦσαν,
1006 3617 1364 3671 κατέκλεισεν
1392 3618 1452 3670 ἐν
1494 3618 1863 3693 δεσμωτηρίῳ

282 3710 423 3778 πρὸς
463 3711 808 3778 Πλαταμὼνα
858 3708 1107 3778 πέμψας,
1141 3709 1236 3762 καὶ
1269 3711 1367 3772 τὰς
1399 3709 1572 3774 ἄλλας
1606 3713 1864 3782 πολίχνας

280 3803 410 3854 ὅσαι
441 3803 531 3854 ὑπ’
554 3802 704 3872 αύτῷ
730 3801 967 3856 ἐτέλουν.
990 3801 1094 3856 Τὸν
1124 3802 1182 3856 δὲ
1214 3801 1392 3856 ἀλλων
1425 3803 1692 3874 συρψετδν
1743 3805 1867 3875 seq.

282 3893 418 3944 λασε
443 3893 539 3962 τῆς
567 3893 773 3955 πόλεως
802 3909 816 3924 ο
849 3894 1060 3954 ἐκεῖνος
1089 3892 1198 3946 είτε
1216 3893 1309 3946 τὸν
1341 3895 1562 3963 πατέρα
1586 3893 1863 3961 δεδοικὼς,

283 3988 402 4038 εἴτε
444 3989 552 4048 τοῖς
584 3986 837 4037 συνοῦσιν
907 3987 1180 4050 ἀπιστιῖν,
1223 3987 1363 4054 πρὸς
1414 3987 1512 4058 τὴν
1569 3988 1868 4058 ἀκρόπολιν

283 4077 460 4129 ἐλθὼν
489 4076 641 4144 διῆγε
671 4090 685 4105 ⁸
718 4077 812 4128 καὶ
852 4076 1306 4130 Θεσσαλονικέων
1339 4078 1454 4131 ὅσοι
1498 4078 1566 4131 τά
1602 4077 1864 4148 βασιλέως

284 4169 524 4238 ἐξαρχῆς
556 4167 809 4239 ᾑροῦντο,
845 4168 1032 4221 ούκέτι
1063 4168 1482 4235 ύπεστέλλοντο,
1536 4169 1673 4223 ἀλλὰ
1725 4170 1866 4240 μετά

283 4260 600 4330 παρρησίας
635 4259 936 4328 προσίεσαν
969 4259 1189 4330 ἐκείνῳ,
1229 4260 1325 4312 καὶ
1368 4258 1535 4312 αὐτοῦ
1567 4261 1867 4314 ὑποποιού-

1965 3152 2020 3206 in
2053 3167 2331 3209 carcerem
2375 3155 2646 3219 tradebat,
2700 3157 2968 3228 reliquam
3005 3159 3294 3218 colluviem
3326 3179 3392 3220 ex
3425 3166 3562 3221 urbe

1964 3243 2392 3299 exterminabat.
2451 3243 2660 3301 Deinde
2711 3262 2843 3302 vero
2893 3249 3011 3305 sive
3071 3261 3283 3320 patrem
3341 3255 3562 3321 timens.

1970 3331 2088 3386 sive
2121 3332 2374 3388 difﬁdens
2424 3334 2560 3398 suis,
2596 3335 2709 3391 arci
2762 3353 2823 3394 se
2862 3340 3076 3396 credit:
3118 3349 3175 3398 et
3209 3344 3562 3402 Thessaloni-

1977 3440 2192 3490 censes,
2226 3436 2497 3497 quotquot
2530 3429 2601 3484 ab
2631 3429 2792 3485 initio
2816 3432 2886 3485 ab
2917 3434 3250 3504 imperatore
3276 3437 3558 3496 faciebant

1971 3513 2109 3568 nihil
2148 3515 2258 3584 jam
2302 3515 2745 3582 reformidantes,
2793 3534 2988 3576 secure
3019 3537 3079 3576 se
3109 3523 3184 3578 illi
3208 3524 3511 3597 jungebant
3543 3547 3557 3583 :

1969 3608 2132 3678 cujus
2155 3613 2490 3664 auctoritate
2516 3619 2572 3664 et
2601 3625 2791 3682 opera,
2814 3613 2944 3683 quid
2971 3617 3201 3685 quisque
3231 3618 3299 3674 de
3326 3619 3561 3690 impera-

1973 3707 2092 3754 tore
2120 3699 2372 3767 sentiret,
2405 3701 2625 3770 publice
2675 3705 3024 3762 ostendebat.
3045 3706 3181 3762 Cutn
3225 3710 3338 3778 jam
3368 3727 3562 3770 omnes

1967 3794 2247 3863 explorate
2278 3803 2486 3860 nosset,
2520 3806 2749 3866 repente
2781 3808 3062 3872 mutatus,
3095 3800 3298 3858 divites
3345 3804 3562 3874 objecta

1938 3885 2465 3942 'Cantacuzenismo
2515 3890 2805 3959 pecuniam
2841 3891 3039 3962 poscit.
3066 3891 3171 3958 Qui
3204 3908 3328 3950 cum
3357 3910 3560 3967 negare

1968 3981 2094 4031 non'
2141 3985 2390 4047 possent,
2444 3981 2590 4048 quod
2629 3983 2910 4052 semetipsi
2967 3984 3342 4053 prodiderant,
3379 4004 3489 4059 quo
3528 4007 3558 4044 a

1969 4068 2130 4138 culpa
2165 4068 2608 4140 absolverentur,
2641 4074 2868 4130 multam
2897 4075 3178 4133 definitam
3202 4081 3509 4150 pendebant
3541 4099 3556 4138 :

1969 4162 2317 4218 tenuioribus
2355 4164 2618 4222 molestus
2647 4182 2758 4224 non
2793 4180 2932 4226 erat.
2963 4170 3032 4226 Et
3067 4187 3194 4228 cum
3224 4182 3560 4230 tantummo-

1971 4253 2044 4309 do
2100 4255 2336 4323 priorem
2399 4256 2469 4312 de
2519 4256 2853 4328 imperatore
2903 4265 3238 4321 sententiam
3315 4277 3558 4323 mutasse

287 4352 453 4420 μένου
496 4351 731 4420 μάλιστα
768 4353 863 4405 καὶ
899 4352 1440 4420 παρασκευάζοντος,
1471 4351 1538 4423 ἢν
1565 4351 1679 4421 ἔχει
1737 4355 1863 4424 περὶ

1975 4346 2275 4411 videretur,
2307 4347 2362 4402 id
2407 4362 2570 4404 secus
2597 4361 2742 4406 erat.
2771 4351 2986 4408 Etenim
3026 4365 3236 4425 patrem
3281 4368 3556 4424 metuens,

287 4439 520 4508 βασιλέα
550 4440 777 4509 γνώμην
799 4440 1031 4503 ἕκαστος
1050 4440 1355 4508 ἐκφαίνειν.
1395 4440 1551 4494 Ἐπεὶ
1577 4441 1635 4495 δὲ
1653 4442 1861 4507 πάντας

1968 4452 2034 4493 ne
2065 4437 2159 4493 illo
2193 4439 2298 4494 sibi
2323 4449 2552 4511 propter
2581 4441 2799 4500 Zelotas
2823 4445 3060 4510 occisos,
3086 4457 3138 4503 et
3171 4463 3334 4517 quam
3364 4466 3559 4522 seque-

279 4531 405 4601 ᾔδει
439 4531 708 4598 ἀκριϐῶς,
754 4529 1079 4600 μεταϐαλὼν
1109 4530 1325 4601 ἀθρόον,
1359 4531 1722 4616 ἠργυρολόγει
1745 4532 1863 4596 τοὺς

1977 4536 2128 4582 retur
2179 4527 2530 4598 imperatoris
2581 4530 2876 4588 factionem
2939 4535 3100 4601 irato,
3134 4539 3270 4594 urbe
3318 4556 3416 4610 per
3453 4542 3558 4596 ali-

284 4619 605 4683 πλουσίους,
641 4620 1210 4690 Καντακουζηνισμὺν
1233 4620 1532 4676 ἐπικαλῶν.
1557 4621 1624 4674 Οίξ
1647 4621 1726 4685 δὲ,
1751 4621 1863 4674 έπεΊ

1971 4621 2136 4684 quem
2201 4618 2537 4676 submissum
2599 4622 2930 4693 pelleretur,
2984 4637 3080 4683 aut
3121 4629 3300 4684 dirum
3352 4633 3556 4703 aliquid

285 4712 546 4766 ἀδύνατοι
571 4706 712 4783 ἦσαν
749 4710 1122 4782 ὲξαρνεῐσθαι,
1189 4711 1482 4782 αύτοὶγάρ
1529 4711 1863 4781 ἐξηλέγχθη·

1971 4718 2270 4781 pateretur,
2295 4712 2461 4784 675
2509 4725 2728 4769 rursum
2789 4729 2850 4770 se
2891 4716 3223 4787 imperatrici
3277 4721 3554 4776 addictum

288 4820 392 4858 σαν
427 4797 521 4873 ὗφ⁴
544 4802 776 4871 ἑαυτῶν,
818 4803 984 4875 ῥητὸν
1014 4801 1280 4876 ἀργύριον
1319 4802 1624 4858 κατέϐαλον
1649 4803 1744 4855 ἐπὶ
1790 4803 1863 4874 τῷ

1973 4803 2227 4876 fingebat,
2267 4815 2321 4860 ut
2355 4807 2546 4860 eodem
2583 4807 2804 4879 negotio
2820 4818 2875 4863 et
2900 4811 3191 4880 pecuniam
3227 4821 3338 4868 tum
3372 4816 3558 4884 acqui-

1559 4963 1781 5025 Jacohi
1815 4957 2084 5026 Pontani
2120 4972 2312 5027 notae.

361 5111 473 5191 _(60_)
536 5109 788 5191 Forsitan
847 5113 954 5166 tale
1007 5112 1146 5191 istuc
1189 5115 1478 5191 _templutn
1544 5112 1647 5165 fuit
1702 5112 1878 5191 Thes-
1979 5112 2306 5191 vocabulum
2335 5117 2762 5191 ἀχειροποίητον
2788 5136 2894 5176 nec
2923 5121 3083 5191 velle,
3115 5119 3262 5191 quod
3295 5138 3398 5176 non
3429 5137 3554 5191 prc-

287 5183 586 5244 salonicze,
639 5181 800 5248 quale
852 5182 1024 5237 sancti
1075 5181 1356 5237 Michaebs
1403 5181 1474 5235 in'
1508 5191 1690 5236 tnoute
1738 5182 1875 5236 Gar-

288 5267 466 5325 gano,
502 5251 646 5325 quod
692 5257 748 5302 et
798 5252 978 5325 ipsum
1033 5251 1447 5325 ἀχειροποίητον
1495 5251 1602 5306 dici
1641 5259 1871 5325 poterat,

285 5320 344 5377 et
389 5322 531 5390 quod
591 5320 772 5390 locum
824 5323 974 5376 illum
1035 5320 1171 5376 non
1203 5323 1484 5374 hominum
1537 5336 1627 5373 ars
1683 5331 1737 5375 et
1785 5323 1872 5376 ine

288 5388 519 5454 dustria,
545 5391 638 5443 sed
671 5388 784 5458 ipsa
819 5402 1010 5445 natura
1037 5392 1104 5447 ad
1132 5391 1318 5460 templi
1349 5391 1583 5460 speciem
1631 5397 1870 5444 commo-

287 5463 527 5530 dumque
562 5473 719 5511 u.~uui
773 5470 1029 5530 aptasset.
1075 5462 1192 5528 Qua
1235 5462 1454 5530 notione
1502 5463 1861 5528 nympharum

287 5529 508 5596 domus,
545 5530 780 5597 vivoque
810 5529 998 5586 aedilia
1031 5548 1162 5586 saxo
1195 5549 1208 5585 ι
1237 5529 1452 5585 Αἰνεία.
1484 5530 1768 5588 dicuntur.
1795 5531 1862 5587 Et

290 5612 442 5656 recte
466 5601 686 5672 quidem
715 5603 1129 5672 ἀχειροποίητα,
1157 5601 1283 5669 quia
1313 5617 1422 5654 non
1480 5615 1588 5672 :r-rs,
1617 5599 1711 5672 sed
1741 5599 1860 5672 ipsa

282 5669 495 5748 natura
514 5669 848 5748 etlormarat.
881 5669 1232 5748 Sitniiequul
1268 5671 1572 5748 persuadeo
1623 5669 1754 5748 mihi
1789 5671 1858 5724 de

284 5742 381 5796 illo
423 5743 644 5812 templo,
685 5756 747 5794 ex
802 5743 921 5811 ipso
968 5742 1231 5813 epitheto.
1278 5742 1392 5796 Non
1443 5741 1590 5795 enim
1623 5741 1860 5794 arbitror

612 5838 884 5898 PATBOL.
931 5840 1042 5899 Gtt.
1083 5836 1288 5900 CLlli.

1975 5181 2565 5261 cibus__episcoporutn
2588 5227 2603 5252 ,
2647 5181 3147 5261 'sedangeloru'tn'
3175 5181 3552 5247 consecratum

1973 5259 2030 5305 et
2056 5251 2566 5326 dedicatum'esset,
2592 5251 2748 5326 quod
2774 5251 2913 5314 fama
2950 5260 3055 5315 fert
3079 5261 3149 5314 de
3185 5263 3386 5316 Sacello
3425 5261 3552 5314 Dei-

1973 5336 2118 5390 parte
2163 5325 2534 5382 Einsidlensi:
2573 5325 2697 5381 nam
2750 5329 2864 5384 hzec
2892 5333 3044 5386 notio
3083 5331 3246 5384 nimis
3293 5333 3550 5391 violenta,

1969 5401 2088 5469 (ξι-ο
2125 5397 2401 5469 communi
2439 5397 3017 5469 rationeiabhorrens
3065 5410 3230 5466 esset,
3276 5402 3381 5456 nisi
3431 5417 3500 5469 qu
3527 5416 3555 5454 s

1968 5462 2336 5532 p‘lIlIOSOpllal‘l
2368 5467 2550 5528 vellet,
2576 5468 2644 5520 de
2673 5468 2884 5522 formali
2911 5486 3032 5525 esse
3077 5484 3133 5527 et
3159 5462 3548 5527 constitutione

1971 5534 2176 5618 templi.
2214 5533 2338 5588 Haec
2364 5535 2679 5618 conjectura
2719 5548 2803 5618 est
2845 5539 3054 5618 {aeolii
3083 5544 3551 5618 Gretseriuquam

1966 5599 2062 5685 tibi
2095 5605 2267 5685 lector
2302 5599 2713 5673 proponendum
2745 5609 2898 5667 duxi.
2927 5612 3057 5667 Mihi
3087 5605 3308 5684 quidem
3333 5599 3549 5685 proba-

1966 5669 2090 5726 bilis
2127 5669 2356 5728 videtur.

3150 5851 3232 5916 to
