4106 6292
270 365 3505 448 W

332 622 366 652 -
1386 753 1392 760 _
1491 556 2303 794 'NOTITIA

1256 839 1456 887 FADRIC.
1488 837 1663 890 ΗΑΜ...
1696 833 1929 884 Biblioth.
1955 833 2036 883 Gr.
2071 834 2189 880 tom.
2214 830 2319 887 VH,
2345 843 2393 891 p.
2422 829 2531 878 787.

332 1105 572 1160 Joannes
623 1099 1064 1154 Cantacuzenus,
1124 1089 1490 1145 Cantacuzeni
1542 1088 1922 1155 Peloponneso
1974 1086 2218 1154 praefecti
2249 1094 2305 1138 et
2360 1085 2666 1139 Theodorte
2725 1086 3119 1156 Palaéologinze.
3174 1089 3524 1159 imperatoris

261 1193 562 1254 Andronici
608 1188 897 1256 Palmologi
979 1186 1175 1248 amitte,
1235 1183 1379 1236 ﬁlius
1425 1182 1525 1249 (α),
1580 1181 2002 1248 dislinguendus
2049 1181 2102 1246 1)
2149 1196 2177 1232 a
2228 1179 2438 1233 Joanne
2483 1178 2888 1243 Cantacuzeno,
2941 1179 3206 1234 Mannelis
3253 1181 3521 1239 Comneni

265 1305 593 1365 progenero,
625 1288 720 1356 qui
754 1283 1023 1337 adversus
1060 1279 1281 1334 Servios
1311 1286 1363 1331 et
1397 1276 1688 1344 Ilungaros
1737 1275 1958 1329 fortiter
2003 1275 2267 1344 pugnavit
2296 1283 2352 1326 et
2386 1273 2446 1326 in.
2477 1273 2620 1326 bello
2667 1271 2931 1326 adversus
2974 1272 3183 1329 Turcos
3211 1276 3355 1329 circa
3389 1294 3521 1332 ann.

262 1363 392 1438 Chr.
431 1379 593 1442 1174,
631 1373 866 1436 cecidit;
901 1372 958 1441 2)
987 1385 1016 1424 a
1039 1369 1246 1424 Joanne
1273 1367 1659 1419 Cantacuzeno
1693 1365 1928 1425 Caesare,
1960 1379 2121 1433 quem
2159 1363 2336 1418 oculis
2371 1364 2604 1430 privavit
2629 1365 2977 1418 Andronicus
3010 1366 3343 1430 Coninenus,
3377 1380 3429 1422 et
3468 1372 3524 1443 5)

267 1495 294 1532 a
318 1476 528 1531 Joanne
553 1473 963 1530 Cantacuzeno,
995 1463 1088 1534 qui
1123 1463 1362 1530 despota:
1397 1460 1661 1530 dignitate
1697 1474 1830 1512 usus
1865 1459 1967 1513 fuit
1998 1459 2100 1512 sub
2130 1459 2340 1513 Joanne
2374 1455 2858 1528 Palaeologo'circa
2893 1476 3024 1514 ann.
3069 1462 3201 1515 Chr.
3249 1465 3424 1529 1556;
3456 1469 3525 1520 ab

274 1569 378 1630 his,
429 1569 681 1636 inquam,
720 1558 1139 1630 distinguendus
1178 1557 1420 1612 Joannes
1461 1554 1902 1619 Cantacuzenus,
1938 1554 2259 1624 imperator,
2304 1554 2504 1611 litteris
2550 1555 2970 1610 humanioribus
2999 1557 3227 1624 perinde
3259 1575 3320 1613 ac
3351 1562 3527 1616 sacris

270 1660 487 1730 egregie
513 1656 768 1711 excultus
805 1655 876 1723 (b)
908 1665 958 1707 et
992 1649 1281 1720 prudentia
1311 1648 1365 1699 in
1409 1646 1573 1699 rebus
1600 1645 1879 1728 gerendis,
1912 1644 2101 1714 reique
2135 1644 2390 1698 militaris
2418 1646 2616 1714 peritia
2641 1656 2699 1699 et
2725 1646 2895 1701 animi
2931 1648 3134 1704 virtute
3162 1649 3526 1718 conspicuus;

269 1751 354 1806 hic
399 1751 504 1803 sub
545 1747 860 1802 Andronico
894 1742 1198 1810 Palmologo
1233 1736 1449 1791 seniore
1501 1735 1790 1803 praefectus
1823 1735 1964 1787 sacri
1995 1735 2233 1788 cubiculi
2257 1775 2269 1796 .
2308 1735 2424 1789 sive
2459 1736 2640 1806 magni
2673 1737 2855 1806 Papiae
2904 1753 3133 1792 munere
3179 1739 3408 1810 insignis
3433 1739 3526 1812 (ε),

272 1843 469 1898 deinde
500 1843 736 1894 donatus
783 1835 965 1904 magni
1005 1827 1298 1886 domestici
1344 1824 1608 1897 dignitate
1655 1825 1723 1878 ab
1767 1825 2088 1880 Andronico
2126 1825 2354 1882 Juniore
2390 1827 2744 1901 imperatore,
2781 1829 2871 1882 cui
2912 1845 2940 1882 a
2980 1830 3184 1884 teneris
3215 1846 3530 1900 peramatus

270 1951 325 1994 et
369 1934 657 1990 iamiliaris
702 1940 876 1998 atque
923 1926 1063 1980 adeo
1110 1923 1311 1978 charus
1349 1917 1486 1984 fuit,
1537 1932 1596 1976 ut
1647 1920 1868 1989 imperii
1921 1920 2186 1986 collegam
2241 1920 2348 1974 sibi
2395 1922 2663 1974 asciscere
2709 1920 3051 1990 cogitaverit,
3100 1931 3528 1993 constanterque

276 2037 599 2085 renuentem
633 2027 738 2081 hoc
783 2036 926 2092 aegre
971 2018 1182 2080 tulerit,
1216 2031 1273 2076 et
1303 2019 1548 2075 moriens
1591 2030 1721 2068 ann.
1751 2013 1880 2067 Chr.
1918 2012 2050 2066 1541
2089 2013 2216 2066 tiliis
2248 2013 2363 2067 suis
2406 2013 2810 2079 impuberibus,
2845 2013 3065 2072 Joanni.
3108 2029 3304 2069 novem
3354 2033 3529 2072 annos

271 2133 416 2186 nato,
459 2119 750 2175 Theodoro
777 2114 1093 2172 etManueli
1143 2111 1696 2183 delegerit'tutorem.
1729 2105 2168 2171 Cantacuzenus,
2216 2121 2339 2190 cum
2403 2107 2606 2181 tutorio
2653 2108 2874 2159 nomine
2934 2106 3225 2174 imperium
3273 2101 3530 2176 coepisset

270 2217 677 2277 administrare,
710 2209 1186 2276 intercedentibus
1235 2209 1402 2262 variis
1446 2221 1571 2261 cum
1619 2204 1795 2266 Anna,
1849 2217 2011 2270 quam
2065 2200 2283 2254 viduam
2327 2199 2678 2254 Andronicus
2709 2201 3030 2269 reliquerat,
3064 2202 3526 2268 dissensionihus,

273 2325 365 2382 per
398 2307 707 2362 calumnias
740 2302 1080 2370 insidiasque
1110 2301 1432 2355 aemulorum
1469 2297 1787 2366 compulsus
1819 2303 1904 2348 est
1934 2293 2000 2347 ad
2028 2292 2256 2358 bellum,
2287 2290 2434 2362 quod
2483 2290 2852 2362 Didymotichi
2882 2307 3014 2346 ann.
3045 2293 3184 2348 1542
3225 2297 3531 2364 appellatus

272 2411 324 2452 et
353 2412 478 2452 cum
509 2397 766 2465 conjuge,
794 2393 969 2458 lrene,
1013 2407 1042 2445 a
1085 2391 1314 2453 Lazaro,
1359 2388 1669 2459 patriarcha
1701 2385 1972 2440 Hierosol.
2004 2392 2300 2439 coronatus
2333 2384 2652 2452 imperator,
2686 2383 2953 2440 adversus
2985 2387 3198 2442 Annam
3242 2389 3530 2459 ﬁliumque

269 2492 405 2558 ejus,
455 2491 745 2551 Joannem,
798 2501 896 2556 per
926 2485 1366 2554 quinquennium
1401 2482 1592 2552 gessit.
1625 2481 1743 2546 His,
1784 2489 1909 2550 post
1952 2489 2166 2548 captam
2200 2479 2234 2533 8
2270 2479 2394 2534 Jan.
2432 2480 2570 2534 1547
2605 2480 2916 2549 proditione
2959 2481 3184 2547 CPolin,
3217 2484 3356 2538 nihil
3401 2485 3528 2538 mali

269 2584 484 2645 intulit;
521 2581 618 2636 sed
654 2580 854 2634 iterum
898 2578 1283 2632 reconciliatus
1322 2576 1488 2630 ﬁliam
1533 2591 1689 2630 suam
1730 2575 1988 2629 Helenam
2033 2574 2257 2639 Joanni,
2301 2574 2445 2642 quod
2492 2574 2647 2643 prius
2678 2576 2858 2638 Anna,
2893 2577 3107 2630 aemulis
3153 2576 3529 2633 Cantacuzeni

268 2680 589 2748 suﬁ‘ragata,
621 2676 766 2729 ferre
815 2674 1090 2736 noluerat,
1125 2672 1496 2741 desponsavit,
1531 2681 1694 2739 atque
1741 2671 1941 2724 iterum
1987 2669 2307 2722 solemniter
2338 2668 2498 2722 CPoli
2536 2669 2908 2737 proclamatus
2939 2671 2972 2724 8
3003 2669 3163 2724 Febr.
3197 2671 3526 2740 imperator,

267 2777 670 2834 coronatusqne
705 2766 760 2819 in
803 2765 1229 2818 Blachernarum
1265 2763 1468 2833 templo
1513 2771 1600 2817 est
1644 2777 1672 2815 a
1708 2762 2025 2830 patriarcha
2058 2760 2222 2814 CPol.
2266 2759 2478 2814 Isidoro
2527 2761 2593 2815 15
2621 2761 2770 2827 Maii,
2818 2773 3070 2817 consorte
3099 2765 3314 2832 imperii
3353 2764 3529 2819 assito

267 2861 476 2916 Joanne
511 2861 606 2914 illo
637 2859 961 2928 Palmologo,
993 2857 1459 2927 quindecimgtum
1504 2871 1678 2909 annos
1726 2865 1873 2920 nato,
1916 2857 1987 2908 ita
2027 2859 2206 2908 tamen
2248 2855 2325 2923 (d)
2373 2863 2431 2906 ut
2469 2854 2656 2924 junior
2685 2857 2883 2911 seniori
2931 2859 3162 2927 potiores
3196 2859 3438 2940 deferret
3472 2861 3527 2912 in

267 2957 526 3015 omnibus,
556 2973 619 3010 ac
647 2946 860 3022 propter
893 2964 1101 3009 wtatem
1133 2955 1359 3008 nondum
1395 2953 1688 3019 firmatam,
1719 2951 1894 3003 decem
1925 2966 2090 3004 annos
2121 2950 2583 3004 administratione
2612 2951 2839 3016 cederet,
2864 2955 3050 3022 quibus
3081 2957 3301 3017 exactis,
3333 2957 3528 3023 a'quali

267 3051 586 3103 auctoritate
615 3067 730 3103 cum
759 3065 816 3102 eo
848 3050 1154 3117 imperaret.
1191 3047 1295 3102 Sed
1324 3062 1434 3099 non
1472 3047 1565 3099 diu
1597 3054 1719 3114 post
1750 3045 2264 3100 recrudescentibus
2289 3044 2561 3107 dissidiis,
2595 3060 2680 3108 res
2711 3046 2910 3100 iterum
2947 3047 3170 3103 devenit
3199 3050 3264 3104 ad
3294 3051 3523 3113 bellum,

269 3147 324 3200 in
353 3161 466 3216 quo
493 3146 748 3214 superior
779 3145 1018 3199 Joannes
1044 3143 1242 3199 CPolin
1280 3143 1427 3209 cepit
1456 3156 1587 3193 ann.
1619 3140 1778 3204 1555,
1814 3141 1973 3196 Joan.
2023 3141 2444 3194 Cantacuzenus
2469 3141 2633 3194 cessit
2671 3141 2925 3211 imperio,
2955 3153 3010 3196 et
3054 3159 3162 3198 non
3195 3146 3285 3198 diu
3314 3155 3438 3214 post
3466 3147 3522 3200 in

267 3235 658 3305 Manganorum
692 3237 1028 3290 monasterio
1061 3236 1312 3289 monachi
1344 3234 1592 3288 habitum
1624 3241 1679 3285 et
1711 3233 1968 3302 Joasaphi
1997 3248 2196 3287 nomen
2233 3233 2429 3298 induit,
2465 3243 2522 3288 ut
2559 3231 2734 3301 Irene,
2767 3251 2924 3297 uxor,
2956 3235 3174 3290 delituit
3207 3238 3260 3293 in
3297 3239 3524 3294 Martha:

266 3331 629 3392 monasterio,
663 3329 918 3400 Eugeniae
961 3327 1326 3398 appellatione
1369 3328 1559 3382 ascita.
1608 3327 1709 3382 Per
1742 3330 1964 3395 longum
2013 3337 2226 3395 tempus
2273 3325 2327 3379 in
2383 3327 2688 3380 monastico
2723 3341 2947 3384 secessu
2989 3343 3053 3384 ac
3099 3331 3288 3400 quiete
3320 3333 3524 3389 vixisse

264 3420 706 3476 Cantacuzenum
739 3422 933 3476 scribit
959 3419 1138 3475 Ducas
1169 3421 1263 3490 (ε),
1296 3421 1388 3474 scd
1417 3421 1575 3490 plane
1609 3428 1822 3475 aetatem
1853 3421 2178 3489 produxisse
2215 3433 2388 3488 usque
2429 3419 2494 3472 ad
2545 3434 2675 3473 ann.
2720 3418 2851 3474 Chr.
2892 3423 3054 3488 MU,
3085 3423 3156 3477 20
3181 3425 3322 3480 Nov.
3357 3426 3520 3481 Lam-

265 3517 460 3572 becius
489 3515 558 3570 ad
582 3515 878 3578 Codinutn,
912 3530 1036 3585 pag.
1072 3513 1486 3601 210,'observat
1533 3530 1600 3570 ex
1643 3523 1772 3568 nota
1811 3513 2071 3570 Demetrii
2106 3512 2389 3583 cujusdam
2421 3511 2720 3574 Leontarii,
2762 3514 2856 3583 qui
2890 3517 3067 3571 codici
3109 3533 3211 3572 ms.
3242 3519 3517 3578 Tacticor.
3583 3547 3587 3549 ·

262 3609 510 3664 Gnecor.
544 3609 639 3678 qui
673 3621 758 3663 est
790 3609 846 3662 in
884 3608 1020 3662 bibl.
1050 3607 1369 3671 Barberina,
1408 3607 1718 3671 adnotavit,
1753 3607 1920 3662 ﬁliam
1955 3609 2095 3679 ejus,
2129 3606 2476 3661 Lascarinam
2513 3605 2880 3673 Leontariam,
2914 3619 3096 3664 natam
3131 3627 3254 3668 esse
3294 3628 3349 3668 a.
3381 3615 3520 3672 6919

262 3701 498 3774 (Christi
552 3701 738 3769 1411),
767 3700 953 3771 ἡμέρᾳ
997 3700 1228 3770 δευτέρᾳ
1277 3701 1418 3770 μετὰ
1452 3702 1544 3755 τὸν
1575 3702 1803 3756 θάνατον
1831 3703 1924 3757 τοῦ
1972 3701 2215 3771 ἀοιδίμου
2247 3700 2508 3770 βασιλέως
2540 3700 2636 3753 τοῦ
2674 3701 2763 3753 διὰ
2797 3703 2889 3756 τοῦ
2917 3703 3061 3756 Θείου
3095 3707 3189 3760 καὶ
3227 3708 3522 3776 ἁγγελικοῦ

261 3795 548 3862 σχήματος
599 3791 1099 3861 μετονομασθέντος
1143 3790 1341 3862 Ἰωσὴφ
1376 3791 1608 3862 μοναχοῦ
1654 3807 1672 3824 ⁶
1719 3793 1802 3847 die
1846 3810 1882 3848 St

1902 3795 2078 3846 cunda
2112 3799 2226 3861 post
2273 3791 2469 3844 obitum
2497 3791 2680 3860 inclyti
2707 3793 3063 3862 imperatoris,
3095 3798 3188 3864 qui
3235 3798 3294 3851 in
3341 3799 3521 3854 habitu

257 3883 572 3938 monachali
606 3899 796 3936 nomen
825 3881 1040 3954 Iosephi
1071 3885 1321 3953 suscepit.
1353 3882 1460 3938 Sed
1505 3893 1618 3938 tum
1650 3886 1970 3940 centenario
2014 3882 2236 3954 propior
2266 3883 2352 3937 vel
2398 3883 2572 3951 major
2600 3885 2762 3938 etiam
2797 3885 3210 3944 Cantacuzenus
3233 3873 3420 3948 fuerit.
3454 3893 3522 3949 Et

257 3978 420 4032 addit
451 3977 568 4046 ipse
601 3977 953 4040 Lambecius,
985 3977 1090 4031 hoc
1139 3977 1282 4032 forte
1325 3979 1532 4033 rectius
1576 3979 1808 4051 intelligi
1845 3980 1914 4033 de
1955 3978 2166 4033 Joanne
2197 3977 2527 4047 Palmologo,
2565 3977 2865 4034 Andronici
2912 3982 3158 4038 Junioris
3193 3984 3326 4053 ﬁlio,
3354 4003 3516 4056 quem

258 4067 522 4135 perinde,
553 4075 614 4122 ut
641 4067 1116 4138 Cantacuzenum,
1151 4079 1204 4122 et
1233 4067 1436 4123 factum
1474 4084 1598 4126 esse
1633 4072 1962 4125 monachum
1991 4075 2048 4123 et
2079 4066 2307 4134 Josephi
2339 4081 2541 4122 nomen
2577 4076 2700 4136 post
2728 4084 2906 4124 annos
2945 4071 3083 4126 duos
3121 4083 3180 4133 et
3225 4076 3514 4132 dimidium

257 4160 483 4231 imperii
517 4163 878 4231 assumpsisse
900 4163 1148 4218 .Codinus
1179 4163 1199 4233 (
1215 4165 1238 4230 Ῑ
1253 4162 1270 4232 )
1299 4164 1514 4219 scribit.
1542 4164 1985 4219 Cantacuzenum
2011 4174 2199 4231 porro,
2229 4173 2396 4228 quem
2424 4169 2574 4216 certe
2602 4161 2788 4217 adhuc
2811 4177 2940 4216 ann.
2965 4163 3100 4219 Chr.
3134 4167 3270 4222 1575
3323 4183 3518 4238 snper-

253 4257 450 4312 stitetn
473 4254 651 4310 fuisse
681 4253 920 4325 Cangius
947 4256 1282 4320 observavit,
1310 4271 1424 4310 non
1451 4258 1630 4311 minus
1661 4257 1804 4311 inter
1832 4257 2054 4321 milites,
2096 4254 2377 4324 ducesque
2421 4253 2651 4309 bellicos
2683 4262 2744 4308 et
2773 4253 3134 4324 imperatores
3179 4259 3284 4314 sub
3315 4260 3517 4317 Canta-

247 4348 480 4411 cuzeni,
513 4361 677 4415 quam
703 4346 856 4406 inter
903 4347 1204 4403 monachos
1246 4346 1504 4416 Joasaphi
1540 4349 1762 4403 nomine
1804 4350 2058 4405 omnibus
2094 4346 2312 4404 saeculis
2351 4344 2747 4432 celebrandum
2790 4349 2941 4402 canit
2982 4347 3194 4419 Simon,
3241 4353 3518 4423 archiepi-

247 4455 467 4510 scopus
499 4437 794 4496 Thebanus
830 4437 929 4507 (g),
965 4438 1118 4493 hisce
1144 4439 1399 4494 versibus
1431 4455 1446 4493 :

831 4551 1326 4622 Θρυλλοῑτοᾼνῦν
1375 4553 1445 4606 δὲ
1486 4553 1613 4618 τοῖς
1658 4553 1919 4622 ἀπείροις
1967 4553 2086 4607 τῶν·
2133 4552 2365 4621 χρόνων

837 4620 895 4672 Ὁ
943 4620 1338 4692 στρατιώτης,
1377 4624 1422 4692 id
1469 4620 1808 4690 στρατηγύςὲ
1852 4629 1885 4677 ό
1936 4620 2180 4692 βρέμώῦ

830 4690 1326 4756 Καντακουξηνὸς
1355 4691 1432 4756 ὡς
1469 4692 1625 4756 ἅναξ
1671 4690 1994 4758 Ἰωὰννηςζ

829 4760 1078 4829 ξεπτοῖς
1121 4777 1192 4829 τε
1233 4758 1432 4819 συζῶν
1468 4761 1657 4826 ἁγίοις
1718 4761 1990 4829 ’1ωασὰφ,

836 4828 1010 4893 Τάξει
1047 4828 1214 4896 πάσῃ
1252 4831 1361 4897 γὰρ
1401 4829 1745 4899 ἐξέλαμψεν
1779 4828 2070 4901 uxorm.

329 4977 605 5054 (a)_Vid_e,
629 4991 748 5054 quae
773 4976 840 5054 de
863 4974 1374 5054 Cantacuaenoruin
1391 4987 1676 5054 stemmate
1693 4978 1835 5043 Can-
1936 4975 2227 5054 Appendi;
2247 4977 2311 5031 ad
2336 4975 2501 5054 Cav_e_i
2520 4976 2818 5054 Historiam
2847 4979 3164 5054 litterariam
3193 4987 3507 5054 scriptorum

280 5044 477 5104 iusin
510 5044 754 5098 Famitiis
781 5045 825 5099 Β
867 5063 938 5110 z.,
973 5062 1026 5113 p.
1057 5045 1162 5098 258
1193 5062 1312 5114 seq.
1343 5047 1418 5100 De
1454 5046 1835 5101 Cantacuzeno
1938 5044 2117 5100 coclea.
2153 5046 2219 5098 ad
2254 5062 2305 5100 a.
2336 5047 2398 5100 Ο.
2438 5046 2574 5101 1512
2600 5065 2613 5111 ;
2642 5046 2879 5104 1300b“
2908 5050 3189 5107 Ροιηεηιυε
3220 5055 3274 5108 ίιι
3298 5044 3508 5112 ’(ὶεὶηιδ·

238 5068 555 5176 (gi-exoras,
585 5114 777 5176 Ducas,
811 5061 1076 5176 gliranza,
1108 5125 1271 5176 atque
1313 5116 1365 5169 in
1395 5116 1588 5176 primis
1629 5115 1832 5170 Canta-
1938 5117 2131 5170 cuzeni
2166 5116 2304 5176 Vita,
2338 5117 2578 5170 historia:
2607 5121 2724 5176 eius
2756 5119 3055 5176 praernissa.

296 5133 563 5194 regoras,
585 5114 1076 5197 DucalePhranEa,
1108 5125 1271 5197 atque
1313 5116 1365 5169 in
1395 5116 1604 5197 primis.
1629 5115 1832 5197 capta:
1938 5116 2304 5197 cuneitLVita,
2338 5117 2578 5170 historia:
2607 5121 2724 5197 eius
2756 5119 3055 5197 praemis”.

239 5181 507 5265 cuzénus
550 5185 687 5252 ipse.
733 5181 946 5264 _(FAna.)
994 5183 1074 5263 De.
1107 5181 1485 5262 Cantaeuzeno
1519 5185 1641 5238 vide
1791 5185 1833 5240 l.

239 5260 544 5324 Vossnuln,
573 5253 645 5304 De
677 5249 1125 5324 Ηςδιοπηϐτωειε,
1151 5254 1244 5306 ltb.
1275 5271 1331 5318 ιι,
1360 5269 1480 5320 cap.
1505 5253 1593 5324 28,
1619 5269 1673 5321 p.
1699 5255 1854 5319 255;

1475 5202 1485 5236 ι
1519 5185 1641 5238 vide
1682 5184 1745 5239 G.
1791 5185 1833 5240 l.
2013 5185 2089 5254 (ά)
2118 5183 2555 5246 Cantacuzenus,
2599 5181 2696 5240 lib.
2729 5181 2806 5250 tit,
2840 5205 2962 5257 cap.
2994 5189 3096 5243 ult.

1475 5253 1593 5324 .28,
1619 5269 1673 5321 p.
1699 5255 1854 5319 255;
2009 5257 2078 5316 (ε)
2115 5253 2312 5315 Ducas,
2350 5253 2490 5307 Hist.
2529 5255 2682 5324 Byz..
2713 5270 2832 5324 cap.
2870 5274 2925 5310 n.

235 5324 448 5398 Oudin
480 5319 976 5398 (Σόιηιηι.ἐἰεμξνὶριἶ
1005 5321 1158 5386 ercl.,
1189 5332 1228 5376 t.
1263 5323 1352 5398 Ill,
1382 5319 1445 5398 p_.:
1467 5323 1590 5386 978,
1618 5319 1837 5398 etalios
2012 5324 2077 5398 (Ι)
2109 5324 2372 5398 Codinus,
2408 5319 2866 5398 0_rig.'C_Poi.,'p.
2891 5328 2979 5384 82.

234 5408 402 5470 quos
437 5391 664 5470 laudant
685 5389 1076 5470 [ab‘riemipse
1125 5408 1256 5470 more
1300 5394 1352 5470 in
1383 5389 1620 5470 iNotaAc,
1670 5391 1834 5445 Ham-
1945 5389 2084 5470 “(9)
2109 5389 2563 5470 ApudAllatium,
2589 5394 2656 5470 de
2683 5389 3050 5470 Siniconibus,
3077 5420 3126 5470 p.
3155 5402 3280 5455 205.
3303 5400 3506 5470 (ΕΔΜ.)

235 5458 462 5535 Berger
485 5458 842 5535 Z_.__N.,1_V,p.
863 5460 964 5515 609
983 5458 1199 5531 seq.;et
1225 5461 1441 5524 Saxius,
1465 5459 1834 5529 inOnom.,1t,
1941 5458 2215 5517 Simeonis
2265 5462 2411 5535 illius
2454 5464 2706 5535 carmina
2745 5463 2880 5527 XIV,
2930 5470 2995 5522 ad
3040 5458 3506 5535 Cantacuieltung;

234 5549 304 5604 ρ.
337 5529 480 5604 _375_.
515 5529 728 5604 (_H_ARL.)
789 5597 802 5604 _
833 5597 894 5604 ___
1007 5598 1018 5604 _
1059 5529 1074 5531 ί
1102 5598 1132 5604 _
1445 5600 1546 5604 ___
1939 5547 2173 5604 quorum
2197 5529 2772 5604 _quinque_pos_trcma
2809 5537 2993 5591 attulit
3039 5541 3340 5602 Fabricius,
3381 5529 3512 5597 sunt

356 5601 411 5676 ὸ)
444 5597 715 5676 Quivinus
737 5597 802 5676 ad
833 5597 1060 5676 Niceph.
1093 5598 1630 5676 Gregorarn,_?97.__
1769 5670 1798 5676 _
2029 5602 2156 5676 cod.
2197 5597 2402 5654 Veneto
2437 5597 2533 5655 151
2567 5601 2635 5654 de
2676 5616 2786 5671 quo
2813 5606 2976 5672 paulo
3007 5618 3130 5676 post
3156 5611 3262 5664 erit
3302 5597 3504 5666 sermo.

351 5665 408 5738 ε)
438 5667 707 5740 Caugiusl
735 5665 936 5740 Fami}.
965 5665 1124 5738 Byz.,
1167 5665 1225 5736 βξ
1256 5668 1391 5740 260;
1426 5667 1723 5734 Hanckius,
1759 5670 1835 5724 De
1939 5669 2155 5740 (Hum)

233 5736 621 5810 Scriptoribus
667 5736 820 5806 Περι,
868 5737 962 5792 lib.
999 5736 1059 5801 ii,
1110 5753 1158 5790 c.
1209 5739 1312 5806 56;
1348 5738 1511 5795 Henr.
1541 5741 1832 5796 Warthoni
1948 5736 1959 5739 “
2137 5736 2144 5740 ⁷
2269 5767 2282 5772 --
3125 5805 3128 5808 ι

515 5833 792 5894 Puram“
828 5832 945 5893 Gn.
993 5833 1186 5894 CLIII.
2364 5922 2366 5924 ν
3155 5842 3189 5902 ί

1901 6066 1966 6104 Π*

1705 6054 2244 6170 Εὓῧῡῦἐ
