4106 6292
358 350 425 425 17
1673 362 2266 427 PROLEGOMENA.
3522 353 3605 430 18

388 509 3591 555 Μ

1623 645 2372 816 ΙΩΑΝΝΟΥ

446 909 971 1118 ΤΟΥ
1107 907 3625 1120 ΚΑΝΤΑΚΟΥΖΗΝΟΓ

1201 1245 1918 1361 ΙΣΤΟΡΙΩΝ
2007 1240 2528 1385 ΒΙΒΛΙΑ
2615 1247 2767 1362 Δ⁷.

696 1623 1604 1814 JOANNIS
1761 1627 3288 1816 CANTACUZENI

1017 1947 2133 2165 HISTORIARUM
2225 1954 2654 2104 LIBRI
2768 1956 2986 2088 IV.

1571 2330 1937 2396 LECTORI
1978 2332 2377 2400 CANDIDO.

450 2449 775 2514 Secundus
809 2462 864 2516 et
893 2455 1410 2535 quadragesimus
1440 2474 1643 2517 annus
1671 2458 1774 2519 hic
1803 2458 2039 2537 agitur,
2073 2467 2409 2538 postquam
2431 2458 2709 2522 Iacobus
2742 2457 3071 2521 Pontanus
3095 2457 3432 2520 Societatis
3461 2460 3616 2524 Jesu

363 2554 672 2616 Joannem
701 2555 1204 2617 Cantacuzenum
1234 2555 1517 2619 Orientis
1548 2558 1991 2636 imperatorem
2032 2577 2061 2620 e
2098 2558 2371 2639 palliato
2403 2568 2681 2639 togatum
2708 2559 2863 2639 fecit
2894 2579 2916 2620 :
2948 2559 3035 2635 de.
3056 2557 3299 2632 Graeco,
3335 2561 3610 2639 inquam,

365 2657 437 2716 in
466 2656 765 2719 Latinum
794 2657 1109 2737 eleganter
1131 2659 1441 2721 convertit
1468 2679 1489 2719 :
1522 2668 1797 2740 togaque
1850 2663 1985 2742 ejus
2029 2671 2215 2724 notas
2238 2662 2647 2743 pereruditas
2678 2659 2877 2722 veluti
2911 2676 3270 2740 purpuram
3303 2661 3607 2729 intexuit,

365 2776 448 2817 ne
472 2757 712 2821 scilicet
740 2772 927 2822 terra:
951 2761 1209 2823 Graeciae
1235 2764 1530 2842 princeps
1557 2764 1627 2824 in
1654 2763 1978 2843 publicum
2002 2768 2138 2829 sine
2162 2783 2465 2846 purpura
2483 2764 2803 2843 prodiret.
2835 2765 3057 2843 Itaque
3090 2761 3275 2841 longe
3305 2764 3612 2840 optimum

368 2857 764 2936 historicum,
800 2868 857 2921 et
878 2860 1189 2924 veteribus
1222 2881 1435 2923 rerum
1463 2863 1887 2942 scriptoribus
1920 2866 2053 2926 sine
2084 2865 2273 2928 dubio
2304 2865 2817 2944 comparandum,
2853 2882 2976 2943 qua
2998 2863 3194 2938 docti,
3220 2881 3345 2943 qua
3367 2862 3616 2924 indocti

367 2959 653 3021 manibus
671 2959 1013 3025 versabant.
1038 2963 1128 3025 Hi
1141 2973 1406 3043 propter
1432 2981 1641 3024 rerum
1668 2974 1985 3043 gestarum
2001 2967 2360 3027 memoriam
2380 2975 2703 3028 auctorem
2724 2963 3066 3026 laudabant
3097 2971 3177 3033 ,et
3209 2960 3612 3040 probabant:

371 3057 474 3120 illi
512 3075 723 3122 rerum
762 3063 1126 3124 divinarum
1153 3074 1357 3144 atque
1398 3066 1812 3126 humanarum
1860 3067 2191 3130 scientiam
2230 3067 2300 3127 in
2337 3067 2631 3147 principe
2669 3064 3098 3144 suspiciebant
3134 3083 3154 3122 :
3187 3062 3430 3123 civilem
3467 3065 3616 3125 ani-

369 3182 558 3231 mum,
594 3163 993 3246 prudentiam
1031 3165 1198 3226 domi
1245 3152 1630 3245 militiaeque,
1661 3165 2101 3246 fortitudinem
2128 3167 2201 3228 in
2226 3167 2413 3227 rebus
2461 3163 2798 3227 hostilibus
2833 3183 2854 3222 :
2882 3163 3080 3223 animi
3119 3161 3616 3240 magnitudinem

370 3266 440 3323 in
472 3264 867 3344 perferendis
898 3264 1183 3344 injuriis,
1216 3283 1369 3345 quas
1409 3264 1763 3329 intulerant
1798 3268 2117 3331 modestia:
2159 3268 2385 3340 nescii,
2420 3276 2477 3328 et
2507 3264 2781 3347 pudoris’
2824 3264 3038 3340 ignari
3077 3264 3377 3337 homines,
3427 3281 3616 3343 quos-

372 3387 488 3448 que
516 3387 592 3429 ex
619 3386 777 3446 pene
822 3370 1018 3430 servis
1051 3367 1284 3431 liberos
1319 3372 1573 3450 fecerat,
1607 3377 1665 3431 et
1702 3387 1780 3431 ex
1817 3373 2048 3452 infimis
2090 3373 2431 3445 hominum,
2473 3386 2768 3430 summos.
2806 3367 3090 3448 Denique
3126 3368 3197 3429 in
3238 3367 3620 3446 imperatore

375 3470 758 3530 clementiam
798 3486 949 3547 erga
993 3468 1218 3542 hostes,
1264 3468 1489 3549 dignos
1531 3472 1823 3550 profecto
1855 3474 1966 3552 qui
2007 3472 2268 3539 hostilia
2307 3479 2705 3552 paterentur,
2750 3470 3169 3551 funditusque
3212 3467 3614 3530 tollerentur.

371 3572 696 3634 Postremo
724 3573 1181 3636 abdicationem
1212 3577 1482 3655 imperii,
1522 3578 2089 3659 despection'emque
2115 3597 2363 3640 summa:
2395 3578 2489 3639 rei
2519 3576 3015 3659 demirabantur,
3049 3577 3229 3656 cujus
3261 3592 3448 3635 causa
3477 3573 3617 3651 ple-

376 3673 556 3748 rique
570 3674 731 3752 jura
758 3674 969 3763 divina
998 3676 1385 3754 humanaque
1412 3678 1682 3749 violant,
1714 3689 1774 3740 et
1800 3658 2111 3741 secessum
2134 3681 2204 3741 in
2228 3658 2703 3749 monasterium,
2733 3696 2855 3758 quo
2887 3676 3223 3739 solitarius
3249 3688 3620 3756 separatus-

375 3791 495 3852 que
542 3791 620 3833 ex
670 3773 992 3835 hominum
1037 3776 1401 3855 frequentia
1443 3779 1772 3855 puriorem
1827 3788 1887 3839 et
1935 3781 2317 3857 sanctiorem
2357 3766 2552 3841 vitam
2599 3781 2861 3842 viveret.
2907 3780 3020 3851 Hi,
3068 3779 3344 3856 inquam,
3397 3778 3466 3838 id
3502 3787 3615 3851 est,

380 3874 612 3935 ercx
636 3874 864 3953 lingua:
881 3876 1099 3948 nescii,
1122 3895 1254 3937 non
1272 3877 1461 3938 aliter
1479 3896 1662 3958 quam
1680 3880 1898 3942 Latine
1922 3880 2265 3960 loquentem
2285 3880 2511 3942 vellent
2538 3902 2557 3943 :
2579 3879 2701 3954 illi,
2734 3881 2803 3942 id
2825 3890 2948 3954 est,
2968 3878 3263 3940 callentes
3287 3880 3622 3956 utriusque

379 3975 610 4055 lingua:
636 3979 881 4038 diutius
902 3981 1067 4059 ferre
1086 3999 1211 4040 non
1233 3992 1552 4059 poterant,
1573 3993 1642 4044 ut
1670 3983 1924 4044 Gracus
1948 3994 2174 4045 auctor
2196 3984 2406 4057 aliter,
2431 4003 2615 4062 quam
2636 3984 2846 4046 Gra'ce
2871 3966 3252 4060 loquerelur.
3279 3981 3462 4055 Quod
3482 3999 3621 4040 cum

381 4080 757 4156 intelligeret
779 4079 1262 4141 illustrissimus
1281 4083 1382 4141 vir
1402 4085 1474 4146 D.
1497 4082 1569 4142 de
1591 4083 1835 4162 Noyers
1859 4089 1996 4164 regi
2011 4086 2085 4146 ab
2108 4087 2349 4146 intimis
2373 4083 2660 4146 consiliis
2681 4093 2737 4144 et
2752 4082 3029 4159 secretis,
3050 4081 3228 4160 cujus
3241 4097 3408 4140 cura:
3424 4077 3620 4158 aedi/i-

381 4185 478 4244 cia
497 4180 696 4257 regia,
716 4192 903 4253 artes,
921 4182 1178 4260 ipsaque
1200 4183 1621 4260 typographia
1641 4185 1814 4262 regia
1823 4187 2129 4263 permissa
2148 4194 2320 4258 sunt,
2341 4202 2460 4264 pro
2480 4177 2799 4267 singulari
2814 4181 3202 4245 humanitate
3220 4197 3360 4252 sua,
3377 4196 3621 4259 proque

381 4284 599 4340 innato
631 4300 759 4343 non
790 4282 1040 4358 vulgari
1086 4298 1231 4360 erga
1261 4280 1507 4347 litteras
1542 4281 1799 4361 affectu,
1837 4302 2105 4362 quarum
2146 4284 2671 4363 propagationem
2716 4280 2799 4343 ad
2828 4298 3127 4343 summam
3171 4280 3621 4359 rempublicam

376 4386 694 4463 pertinere
719 4387 917 4465 probe
951 4388 1094 4460 scit,
1125 4388 1340 4446 statim
1370 4386 1673 4465 optimum
1696 4390 1932 4467 factum
1952 4389 2157 4451 videri
2193 4388 2317 4449 sibi
2345 4385 2758 4465 significavit,
2779 4391 2851 4446 ut
2881 4391 3173 4461 δίγλωττος
3197 4383 3482 4446 ederetur
3511 4403 3624 4449 au-

381 4496 518 4546 ctor
553 4488 690 4548 luce
727 4488 1155 4566 dignissimus,
1198 4508 1320 4569 quo
1367 4500 1665 4569 utrosque
1703 4492 1838 4553 voti
1877 4502 2191 4571 compotes
2240 4494 2521 4572 faceret:
2549 4500 2741 4569 utque
2776 4491 2911 4567 ipse
2957 4475 3431 4550 Cantacuzenus
3480 4508 3620 4549 cum

381 4584 571 4646 tineis
601 4599 655 4651 et
691 4586 909 4651 blattis
936 4607 1220 4668 pugnare
1252 4590 1582 4662 desineret,
1615 4591 1725 4670 qui
1755 4600 1846 4651 tot
1875 4606 2121 4669 pugnas
2150 4580 2516 4670 pugnasset,
2552 4597 2760 4666 totque
2791 4587 3108 4651 hominum
3134 4594 3381 4663 strages
3407 4588 3624 4665 prius-

380 4710 565 4771 quam
595 4709 624 4750 e
648 4690 931 4752 virorum
964 4710 1219 4751 numero
1252 4693 1654 4764 eximeretur,
1701 4691 1988 4753 edidisset
2021 4715 2041 4753 :
2069 4712 2189 4772 quo
2220 4678 2389 4773 facto
2424 4693 2668 4772 egregio
2698 4709 2875 4752 nemo
2907 4708 3055 4752 sane
3085 4693 3338 4768 sapiens
3364 4689 3482 4753 ibit
3513 4691 3619 4752 in-

383 4794 583 4871 ﬁcias,
636 4793 1146 4854 illustrissimum
1189 4795 1395 4853 virum
1444 4795 1676 4871 optime
1716 4794 1790 4853 de
1848 4794 2081 4854 litteris
2126 4814 2252 4854 esse
2285 4795 2724 4872 promeritum,
2770 4811 2959 4873 eoque
3012 4795 3260 4854 nomine
3302 4795 3522 4856 unicas
3567 4792 3623 4853 ei

385 4895 629 4972 gratias
659 4895 952 4974 agendas.
976 4892 1156 4969 Quin
1190 4896 1334 4968 imo,
1370 4896 1427 4955 si
1456 4895 1606 4975 quid
1643 4915 1850 4956 manes
1881 4900 2183 4970 sentiunt,
2226 4899 2292 4959 id
2324 4901 2449 4979 ipsi
2481 4881 2912 4960 Cdntacuzeno
2945 4899 3449 4975 acceptissimum
3480 4900 3620 4979 fore

386 4995 681 5055 credibile
711 5007 821 5067 est,
864 4995 1029 5074 quod
1060 4994 1300 5054 Latina:
1326 4993 1554 5072 lingua?
1584 5004 1639 5057 et
1663 4997 1891 5057 Grmcw
1910 4996 2175 5081 quodam
2207 4998 2526 5058 consortio
2565 4998 2744 5076 quasi
2777 4995 3224 5075 quodammodo
3260 4997 3425 5055 inter
3452 5005 3619 5056 vete-
3673 5016 3679 5021 ’

384 5113 511 5153 rem
555 5113 903 5175 novamque
955 5099 1208 5156 Romam
1255 5097 1403 5158 bene
1450 5098 1782 5158 convenire
1824 5097 2135 5171 videatur,
2188 5099 2355 5177 quod
2404 5097 2508 5160 ille
2539 5099 2720 5173 vivus
2763 5099 3196 5176 percupierat.
3241 5097 3380 5157 Hoc
3421 5096 3623 5178 igitur

383 5196 617 5274 fruere,
646 5196 863 5271 lector,
897 5208 951 5258 et
985 5199 1341 5277 beneﬁcium
1376 5214 1643 5276 agnosce
1665 5200 1818 5270 viri,
1850 5217 1968 5279 quo
1998 5218 2171 5259 nemo
2202 5201 2283 5262 ad
2322 5200 2516 5262 bonas
2558 5209 2725 5261 artes
2753 5199 3230 5277 promovendas,
3266 5208 3318 5258 et
3358 5199 3620 5261 eximios

386 5299 461 5360 ab
491 5310 630 5361 arte
656 5301 831 5362 viros
848 5299 1169 5380 juvandos
1197 5301 1577 5377 propensior
1621 5301 1904 5373 exsistit,
1938 5302 1997 5361 si
2032 5320 2161 5361 non
2179 5303 2477 5386 ingratus
2521 5310 2706 5380 atque
2737 5299 2811 5359 ab
2852 5300 3019 5359 omni
3047 5298 3433 5360 humanitate
3470 5297 3623 5359 alie—
3677 5306 3688 5311 ’

384 5420 504 5462 nus
537 5422 620 5462 es.
659 5403 845 5478 Quod
872 5404 928 5464 si
958 5412 1017 5463 te
1043 5404 1139 5464 hic
1175 5421 1414 5483 (equum
1456 5401 1826 5480 prwbueris,
1848 5403 2067 5479 primo
2105 5421 2344 5483 quoque
2383 5415 2660 5481 tempore
2701 5421 2908 5462 omnes
2938 5402 3220 5463 historia:
3256 5403 3623 5478 Byzantina:

386 5507 730 5584 scriptores
781 5516 907 5566 tam
941 5507 1161 5576 editos,
1195 5524 1379 5585 quam
1411 5523 1597 5564 manu
1630 5513 1923 5565 exaratos
1973 5494 2145 5583 lypis
2186 5507 2379 5583 regiis
2412 5504 2676 5566 edendos
2712 5503 2983 5583 ejusdem
3030 5502 3454 5565 illustrissimi
3495 5505 3625 5566 viri

388 5608 603 5680 ductu,
650 5619 705 5670 et
749 5610 914 5687 regis
951 5609 1477 5672 Christianissimi
1522 5610 1830 5686 auspiciis
1878 5607 2204 5686 prolaturi
2243 5627 2455 5668 sumus
2487 5629 2507 5668 :
2537 5608 2609 5668 de
2656 5608 2836 5684 cujus
2877 5607 2971 5665 rei
3016 5606 3299 5666 utilitate
3340 5598 3625 5685 plerique

393 5725 599 5772 omnes
629 5710 1055 5773 consentiunt.
1104 5710 1213 5773 Vos
1245 5711 1354 5787 qui
1383 5709 1628 5771 litteras
1663 5709 1911 5781 aniatis,
1955 5710 2171 5778 favete,
2217 5718 2271 5769 et
2304 5706 2564 5770 consilio
2586 5707 2824 5787 juvafe.
2869 5704 3082 5778 Fama,
3116 5704 3347 5778 virtus,
3386 5714 3439 5766 et
3472 5708 3629 5768 recti
