4106 6292
506 429 574 492 19
1602 425 1942 489 JOANNES
1982 423 2605 491 CANTACUZENUS.
3670 423 3741 486 Ξῖ,

502 562 678 604 amor
724 562 857 604 eum
889 543 1236 618 deseruere,
1285 545 1393 625 qui
1431 543 1680 606 litteras
1710 561 1836 602 non
1876 532 2212 611 amat,‘aut
2260 559 2358 599 eas
2399 538 2669 599 incultas
2717 539 2943 600 deserit
2978 559 2997 599 :
3031 549 3088 599 et
3120 540 3373 616 penitus
3407 539 3746 616 inglorius,

501 648 594 708 vel
613 648 864 728 judicio
896 666 1009 706 suo
1042 666 1153 706 nec
1184 647 1502 715 memoria,
1539 664 1734 725 neque
1767 643 1998 703 litteris
2036 644 2295 716 (lignum
2325 642 2664 719 quidquam
2690 642 2901 717 gessit,
2944 641 3050 701 sed
3077 641 3246 719 quod
3290 651 3520 701 (eterna
3551 640 3747 701 silen-

501 749 589 809 tio
620 748 818 825 magis
845 747 1229 807 obruendum
1258 747 1363 817 sit,
1397 763 1580 824 quam
1617 745 1974 802 litterarum
2013 730 2427 800 monumentis
2460 739 2903 799 mandandum.
2942 736 3104 800 Vale.

1494 1098 1604 1208 J.
1693 1093 2323 1215 PONTANI
2413 1093 2532 1205 S.
2624 1097 2734 1209 J.

1038 1320 1145 1379 AD
1186 1315 1598 1379 CANDIDUM
1644 1316 1747 1376 ET
1797 1313 2039 1374 ERUDI

2155 1313 2215 1373 M
2261 1313 2695 1375 LECTOREM
2740 1313 3194 1379 PREFATIO.

488 1604 883 1671 Interpretandi
930 1604 1066 1663 laus,
1100 1606 1300 1656 occasio
1330 1604 1559 1672 suscepti
1591 1600 2045 1673 laboristftucto‘r.
2077 1598 2128 1655 Α
2221 1596 2494 1651 Cancrum
2523 1611 2647 1651 cum
2685 1597 2739 1652 in
2776 1597 2880 1653 hoc
2907 1614 3128 1670 Quoque
3159 1613 3265 1657 tam
3297 1606 3580 1673 praestanti
3611 1622 3733 1661 mu-

560 1669 879 1734 mconomia,
924 1684 1162 1741 tempus.
1209 1673 1385 1733 locus,
1439 1669 1761 1741 prwconium
1808 1669 2052 1741 Historia:

559 1745 841 1813 proposita
872 1751 962 1795 :et
997 1739 1207 1795 tandem
1243 1743 1369 1812 quid
1397 1739 1607 1795 a'nobis
1639 1742 1931 1811 prwstitum
1962 1739 2052 1791 sit.

559 1878 664 1944 Qui
711 1880 777 1932 de
828 1878 1034 1933 Grrecis
1087 1878 1141 1931 in
1193 1877 1447 1931 Latinum
1497 1884 1825 1930 convertere
1866 1891 2055 1945 aggre-

489 1971 810 2035 diuntur,et
839 1970 1013 2024 bonos
1046 1970 1345 2037 scriptores
1377 1970 1544 2022 veluti
1580 1969 1920 2022 immortales
1956 1982 2054 2035 pe-

489 2063 759 2129 regrinos.
807 2070 971 2129 atque
1015 2061 1083 2114 ab
1110 2061 1313 2115 exteris
1341 2060 1657 2127 regionibus
1691 2059 1758 2112 ad
1791 2074 1848 2112 se
1877 2058 2054 2111 venti-

489 2160 693 2215 tantes,
736 2152 1330 2222 hospitiohumaniter
1372 2167 1435 2204 ac
1479 2152 1713 2220 benigne
1753 2146 2049 2218 accipiunt,

484 2257 686 2312 eosque
715 2245 903 2311 patriae
937 2258 1049 2297 suae
1076 2244 1336 2311 linguam,
1369 2256 1550 2295 mores
1593 2251 1648 2294 et
1678 2241 1926 2295 instituta
1953 2238 2054 2291 do-

485 2349 610 2387 cere
641 2345 932 2394 conantur,
966 2350 1077 2400 quo
1117 2338 1342 2400 (contra
1378 2349 1541 2403 quam
1587 2334 1717 2387 olim
1750 2332 1902 2411 civili
1937 2332 2049 2386 Ro-

482 2440 768 2479 manorum
806 2427 929 2494 jure
973 2427 1420 2494 permittebatur,
1475 2442 1574 2495 per
1622 2426 1766 2493 quod
1812 2426 2047 2478 duarum

481 2517 765 2571 civitatum
810 2517 956 2570 .civis
998 2532 1120 2570 esse
1164 2534 1324 2570 nemo
1360 2517 1611 2585 poterat)
1660 2518 1713 2570 in
1769 2526 2050 2584 posterum

482 2623 593 2662 non
639 2610 819 2662 minus
850 2607 993 2663 inter
1029 2608 1275 2669 Latinos,
1309 2626 1472 2678 quam
1505 2611 1647 2663 inter
1679 2608 1896 2664 Graecos
1927 2625 2054 2678 pro-

483 2696 628 2751 ﬁteri
663 2708 886 2764 queant,
925 2714 1006 2751 nae
1042 2699 1119 2752 illi
1166 2715 1366 2751 munus
1395 2714 1524 2752 sane
1558 2700 1870 2767 pulchrum,
1899 2698 2051 2752 utili-

484 2792 634 2853 tatis,
680 2792 1151 2862 jucunditatisque
1188 2795 1426 2861 plenum.
1465 2793 1604 2845 addo
1634 2793 1822 2855 etiam,
1862 2784 1964 2845 nisi
1994 2790 2049 2844 in

480 2898 549 2937 eo
580 2886 1160 2954 exercitationemjam
1197 2887 1466 2953 ceperint,
1499 2885 1845 2954 impeditum,
1874 2900 1938 2938 ac
1969 2885 2049 2937 la-

480 2972 766 3027 boriosum
802 2975 1213 3044 aggrediuntur.
1261 2975 1401 3041 Quid
1442 2977 1617 3032 enim.
1658 2975 1886 3037 amabo,
1923 2991 2046 3029 cum

482 3063 741 3117 universo
767 3080 968 3134 genere
997 3065 1326 3127 litterarum,
1362 3076 1475 3119 tum
1508 3067 1725 3119 duabus
1759 3066 1910 3119 hisce
1941 3066 2049 3120 lin-

480 3154 621 3225 guis,
650 3155 838 3211 Grasca
873 3156 1104 3216 scilicet.
1135 3157 1440 3217 ac‘Latina,
1470 3159 1674 3227 quibus
1696 3158 1915 3222 divinae,
1942 3158 2045 3211 hu-

479 3262 763 3315 mamcque
816 3256 984 3305 artes.
1040 3256 1094 3300 et
1139 3249 1386 3302 scientia:
1433 3264 1623 3302 omnes
1666 3249 2044 3307 continentur.

477 3336 832 3405 praeclarius?
880 3338 1012 3405 quid
1060 3337 1402 3407 elegantius?
1443 3355 1673 3407 quarum
1723 3341 1775 3392 in
1816 3350 2083 3409 utraque‘

478 3436 789 3490 versantur,
833 3426 927 3495 qui
971 3427 1037 3480 de
1081 3427 1248 3480 altera
1286 3427 1340 3480 in
1388 3428 1613 3481 alteram
1653 3429 1795 3482 bona
1842 3432 2044 3495 scripta

478 3517 795 3581 transferre,
840 3528 897 3571 et
930 3518 996 3571 de
1042 3519 1419 3573 tlovtrinarum
1467 3520 1795 3581 candidatis,
1837 3535 2043 3589 perque

478 3605 603 3658 illos
657 3605 725 3659 de
778 3605 1064 3659 hominum
1113 3623 1313 3677 genere
1362 3624 1525 3677 quam
1579 3611 1784 3678 optime
1843 3610 2041 3664 mereri

476 3694 659 3763 (quod
701 3694 877 3764 ipsum
902 3707 989 3752 est
1025 3698 1082 3751 in
1114 3698 1306 3767 primis
1351 3699 1659 3768 laudabile)
1693 3701 2040 3756 annituntur.

473 3785 697 3840 Etcum
744 3789 1046 3842 etiamnum
1083 3790 1231 3844 haud
1269 3806 1439 3861 pauca
1484 3792 1542 3846 in
1586 3793 1790 3848 Graecis
1834 3794 2043 3849 codici-

475 3875 600 3940 bus,
641 3892 737 3945 per
768 3878 1100 3935 illustriores
1135 3881 1584 3950 praepotentium,
1619 3898 1681 3936 ac
1722 3883 2037 3951 principum

475 3966 747 4033 virorum,
777 3978 834 4023 et
862 3986 1044 4024 rerum
1071 3963 1415 4040 publicarum
1440 3972 1803 4028 bibliothecas
1832 3974 2039 4039 abdita,

475 4068 532 4111 et
562 4059 770 4112 inclusa
797 4061 1021 4123 lateant,
1046 4063 1248 4131 quibus
1279 4063 1332 4116 in
1359 4076 1608 4132 apertum
1654 4065 1887 4133 proditis
1920 4082 2041 4119 cre-

476 4163 653 4231 scere,
685 4165 748 4203 ac
776 4155 1062 4222 prOpagari
1096 4157 1271 4223 possit
1301 4154 1353 4208 in
1377 4170 1592 4210 omnem
1618 4165 1825 4225 partem
1852 4166 2038 4210 nostra

2159 1701 2291 1741 nere
2313 1686 2657 1753 elaborandi,
2686 1698 2739 1744 et
2765 1690 2987 1758 aliquod
3017 1706 3200 1761 Opera:
3224 1696 3459 1762 pretium
3491 1697 3725 1751 faciendi

2158 1779 2410 1832 voluntas
2463 1793 2573 1832 non
2618 1779 2912 1833 mediocris
2957 1782 3067 1851 jam
3120 1784 3331 1850 pridem
3384 1788 3519 1840 mihi
3576 1789 3723 1842 haud

2157 1867 2416 1927 defuerit,
2453 1868 2814 1921 nihilominus
2851 1871 2970 1938 ejus
2999 1871 3354 1927 difﬁcultates
3387 1879 3726 1945 cogitatione

2155 1960 2645 2025 complectentem,
2701 1975 2809 2013 non
2853 1961 3074 2029 quidem
3128 1964 3306 2031 pudor
3352 1967 3724 2033 subrusticus,

2156 2049 2249 2102 sed
2281 2057 2459 2104 metus
2493 2048 2737 2116 quidam,
2776 2060 2830 2103 ut
2874 2051 3141 2115 arbitror,
3192 2054 3466 2133 ingenuus
3511 2073 3728 2127 semper

2156 2138 2475 2192 absterruit.
2507 2139 2573 2192 Et
2604 2140 2791 2193 nescio
2829 2142 3106 2209 quomodo
3136 2144 3306 2198 haeret
3342 2148 3395 2200 in
3447 2149 3724 2210 medullis.

2154 2245 2258 2285 nec
2301 2230 2551 2284 oblivisci
2589 2245 2755 2299 queo,
2796 2232 2943 2301 quod
2981 2235 3123 2302 apud
3167 2238 3493 2306 scriptorem
3540 2256 3726 2309 ρει-επ-

2155 2323 2393 2392 pientem
2418 2322 2598 2392 legere
2626 2324 2846 2377 memini
2875 2343 2888 2377 :
2918 2336 3177 2393 praestare
3202 2330 3418 2387 timere,
3443 2347 3605 2399 quam
3634 2349 3731 2386 au-

2155 2413 2286 2464 dere
2329 2411 2381 2463 in
2423 2410 2643 2465 litteris.
2701 2413 2948 2467 Accessit
3015 2414 3081 2468 ad
3143 2431 3230 2470 me
3293 2420 3725 2487 retarda‘ndum,

2153 2501 2297 2568 quml
2354 2500 2446 2569 qui
2504 2502 2808 2568 primorum
2868 2505 3064 2570 primi,
3121 2507 3503 2577 signil'erique,
3560 2523 3725 2580 atque

2153 2588 2314 2652 adeo,
2346 2590 2440 2657 qui
2477 2590 2837 2658 interpretum
2873 2593 3134 2647 familiam
3180 2596 3383 2652 ducere
3412 2603 3728 2654 existimau-

2156 2689 2264 2743 tur,
2306 2680 2390 2733 vel
2423 2680 2478 2732 in
2515 2695 2625 2733 uno
2656 2681 2796 2735 libro
2827 2685 3206 2739 convertenda
3235 2690 3574 2744 creberrime
3607 2692 3724 2744 hal-

2152 2772 2403 2834 lucinati,
2450 2783 2615 2842 atque
2647 2789 2677 2827 a
2716 2773 2910 2835 lineis,
2941 2776 3100 2844 ,quod
3147 2777 3386 2841 dicitur,
3430 2783 3722 2847 excidisse,

2154 2863 2565 2933 diligentiorum
2626 2865 3103 2921 animadversione
3165 2869 3499 2937 deprehensi
3573 2884 3721 2927 sum.

2088 2929 2124 2980 Β
2158 2929 2416 3022 Quaenam
2458 2972 2589 3027 ergo
2620 2958 2752 3011 mihi
2784 2958 3089 3012 semidocto
3118 2929 3258 3015 fama
3289 2964 3558 3031 Sperando
3587 2966 3730 3020 fuit?

2156 3049 2666 3111 Verumenimvero,
2699 3059 3072 3115 cunctantem,
3131 3067 3195 3106 ac
3224 3055 3603 3122 ,trepidantem
3633 3074 3724 3112 sa-
3785 3056 3797 3071 “

2153 3140 2423 3210 pientium
2475 3140 2720 3193 virorum
2774 3141 3075 3196 auctoritas
3123 3147 3440 3208 commovit,
3496 3148 3724 3216 ipsaque

2157 3233 2295 3285 ratio
2318 3232 2683 3292 confirmavit,
2705 3239 2764 3284 ut
2784 3231 3074 3301 aliquando
3099 3235 3153 3287 in
3177 3235 3390 3291 isthanc
3413 3241 3720 3306 palmstratn

2154 3323 2545 3378 descenderem
2595 3341 2607 3374 :
2654 3322 2945 3391 siquidem,
2994 3327 3144 3394 juxta
3204 3327 3505 3397 vulgatum,
3560 3347 3721 3385 nemo

2153 3417 2400 3470 nascitur
2429 3412 2623 3467 artifex
2652 3430 2666 3467 :
2699 3423 2754 3467 et
2780 3430 2870 3468 ars
2905 3417 3053 3469 nulla
3087 3426 3190 3481 est,
3229 3419 3282 3472 in
3313 3435 3418 3487 qua
3454 3439 3557 3474 non
3589 3438 3716 3490 pec.

2153 3513 2328 3565 cando
2386 3512 2677 3564 discatur:
2713 3511 2970 3580 quodque
3013 3513 3172 3566 nobis
3218 3517 3402 3582 pueris
3441 3521 3716 3585 quondam

2153 3615 2515 3674 praeceptores
2538 3604 2594 3656 in
2622 3603 2751 3656 ludo
2771 3604 3107 3673 ingerebant.
3125 3605 3227 3671 Qui
3253 3622 3530 3677 nunquam
3559 3612 3719 3673 male,

2152 3710 2432 3764 nunquam
2470 3696 2629 3749 bene.
2661 3694 2885 3749 Factum
2935 3696 3123 3764 igitur,
3160 3707 3221 3750 ut
3258 3713 3383 3751 cum
3427 3703 3720 3753 serenissi-

2152 3801 2271 3838 mus
2338 3785 2599 3840 Boiorum
2663 3785 2920 3854 princeps
2971 3786 3375 3844 Maximilianus
3441 3791 3722 3847 societatis

2152 3889 2353 3933 nostra:
2404 3877 2723 3934 domesticis
2781 3888 3106 3948 potestatem
3154 3882 3499 3945 liberaliter,
3554 3895 3721 3953 atque

2152 3971 2296 4023 ultro
2334 3970 2714 4035 concessisset,
2758 3985 2789 4024 e
2835 3971 3213 4027 voluminibus
3258 3973 3461 4028 Graecis
3507 3977 3716 4028 calamo

2147 4062 2385 4115 exaratis
2421 4061 2689 4131 (quorum
2722 4062 2888 4115 habet
2916 4063 2972 4114 in
2997 4062 3331 4117 bibliotheca
3360 4081 3457 4118 sua
3491 4066 3718 4119 nobilis-

2147 4153 2283 4206 sima
2319 4154 2671 4207 lectissimam
2703 4153 2949 4223 copiam)
2980 4153 3360 4222 depromendi,
3386 4165 3443 4209 et
3474 4157 3540 4209 ad
3568 4174 3719 4211 com-

476 4241 733 4304 eruditio,
768 4257 962 4296 eorum
998 4245 1199 4305 studia,
1238 4247 1331 4314 qui
1375 4247 1430 4300 id
1473 4256 1755 4316 praestant,
1801 4248 2037 4301 fructum
2072 4271 2115 4327 ο
2154 4260 2374 4298 munem
2419 4260 2603 4307 usum,
2649 4246 3220 4314 emolumentumque,
3280 4249 3438 4317 cujus
3491 4249 3720 4303 incenso

471 4331 618 4385 ferre
653 4347 1009 4402 permagnum
1039 4336 1164 4404 quis
1194 4336 1528 4392 inﬁciabitur
1549 4338 1571 4390 ?
1594 4336 1700 4391 Sed
1727 4353 2039 4406 quanquam

473 4423 632 4476 labor
668 4424 714 4477 is
741 4425 919 4480 adhuc
953 4428 1262 4496 tyronibus,
1287 4443 1701 4498 paucorumque
1734 4429 2043 4498 stipendio-

475 4529 598 4567 rum
649 4515 919 4570 militibus
968 4519 1251 4586 operosior
1281 4519 1479 4575 accidit
1535 4530 1849 4589 propterea,
1892 4518 2040 4588 quod

479 4607 750 4674 permulta
801 4608 959 4670 vitia,
994 4618 1051 4663 et
1091 4621 1314 4679 peccata
1348 4620 1669 4675 occurrunt,
1715 4626 1838 4679 quae
1870 4612 2044 4663 vitare

474 4695 695 4750 difﬁcile
721 4706 806 4751 est
834 4698 1031 4767 (cujus
1063 4702 1141 4752 rei
1179 4715 1287 4752 non
1318 4700 1435 4753 leve
1465 4708 1869 4769 argumentum,
1892 4700 2042 4767 quod

474 4803 600 4840 cum
642 4774 981 4859 interpretes
1024 4781 1163 4857 pene
1205 4791 1659 4855 innumerabiles,
1708 4794 2042 4848 excellentes

476 4888 680 4941 tanien,
740 4888 902 4947 atque
929 4870 1199 4947 perfectos
1232 4882 1524 4935 admodum
1566 4899 1718 4937 raros
1755 4885 2042 4938 nominare

477 4971 814 5040 possumus),
848 4973 1210 5027 nihilominus
1252 4974 1308 5026 in
1362 4974 1464 5028 ista
1497 4983 1924 5044 quantacunque
1956 4977 2041 5029 in-

479 5064 812 5133 terpretandi
855 5065 1244 5132 defatigatione
1270 5109 1284 5132 ,
1341 5083 1404 5122 ac
1430 5058 1679 5121 inolesna
1706 5107 1718 5130 ,
1768 5064 2041 5125 suavitate

474 5155 711 5222 quadam
775 5155 1148 5224 perfunditur,
1199 5157 1559 5227 expleturque
1609 5159 1869 5221 animus,
1916 5174 2042 5212 cum

475 5246 580 5300 sibi
625 5246 679 5299 in
725 5247 849 5301 sinu
890 5247 1295 5316 quodammodo
1322 5251 1472 5303 nasci
1513 5250 1829 5304 thesaurum
1867 5250 2040 5316 videt,

476 5341 622 5395 unde
660 5340 929 5394 bonarum
978 5340 1285 5394 litterarum
1322 5340 1490 5394 ditior
1541 5341 1776 5395 evadat:
1811 5356 2043 5410 quaeque

477 5432 742 5509 hactenus
777 5440 857 5485 tot
904 5431 1209 5495 hominmn,
1254 5432 1424 5485 etiam
1450 5432 1820 5493 eruditorum,
1872 5433 2040 5485 millia

479 5523 822 5590 ignmarunt,
851 5522 1132 5592 multoque
1158 5523 1388 5603 diytius,
1419 5539 1482 5577 ac
1512 5535 1774 5592 perpetuo
1809 5523 2038 5575 forsitan

2148 4347 2369 4390 tenetur
2417 4337 2715 4401 desiderio,
2766 4338 3165 4407 interpretandi
3212 4355 3334 4409 quae
3382 4339 3714 4409 placuisset,

2145 4444 2247 4497 ego
2299 4429 2355 4481 in
2403 4428 2553 4483 hunc
2597 4444 2708 4482 non
2758 4428 3177 4484 Christodulum
3232 4432 3449 4501 utique,
3508 4433 3603 4486 sed
3660 4434 3715 4487 in

2147 4522 2479 4587 ipsissimnm
2551 4521 2818 4576 Joannem
2869 4520 3314 4577 Cantacuzenum
3357 4524 3646 4578 inciderint
3701 4545 3716 4579 :

2145 4628 2256 4683 quo
2286 4614 2351 4667 ad
2381 4622 2623 4683 gustum,
2656 4614 3097 4682 sententiamque
3127 4631 3307 4669 meam
3340 4616 3474 4670 nihil
3501 4632 3719 4671 accom-

2145 4707 2440 4769 modatius,
2464 4706 2686 4760 nihilad
2713 4710 2887 4774 prima
2918 4707 3125 4760 militiae
3148 4707 3312 4776 hujus
3344 4709 3600 4762 tentanda
3628 4724 3710 4776 pe-

2146 4798 2343 4860 ricula,
2376 4806 2600 4866 propter
2631 4798 2952 4851 facilitatem
2984 4799 3278 4867 quamdam
3325 4800 3445 4868 ejus
3491 4800 3546 4853 in
3582 4784 3720 4852 scri-

2146 4887 2328 4943 bendo
2368 4889 2735 4956 opportunius
2763 4887 3007 4941 nancisci
3045 4868 3370 4956 potuissEm.

2217 4980 2308 5035 Sic
2331 4980 2557 5034 omnino
2583 4988 2685 5043 est,
2714 4988 2772 5032 ut
2806 4980 2941 5043 dixi,
2977 4979 3033 5033 in
3071 4979 3337 5034 Joannem
3370 4980 3712 5035 Cantacuze-

2146 5085 2279 5124 num
2327 5069 2493 5123 incidi
2543 5086 2557 5120 :
2598 5069 2690 5136 qui
2720 5069 2944 5137 quidem
2997 5083 3108 5136 quo
3157 5068 3502 5122 commodius
3551 5070 3716 5135 hujus

2147 5159 2274 5213 libri
2312 5158 2397 5212 sui
2432 5159 2777 5212 occasionem
2806 5198 2819 5220 ,
2853 5173 3160 5227 causasque
3202 5159 3424 5213 alfcrret
3449 5200 3463 5222 ,
3494 5171 3549 5213 et
3586 5177 3715 5227 per-

2147 5265 2339 5303 sonam
2367 5263 2523 5301 suam
2558 5249 2765 5303 celaret
2795 5248 2978 5318 (quod
3005 5257 3184 5304 tamen
3219 5252 3365 5304 haud
3396 5256 3529 5304 satis
3557 5263 3716 5307 caute

2147 5341 2301 5405 fecit,
2337 5349 2395 5393 ut
2425 5354 2549 5392 mox
2580 5340 2829 5399 docebo)
2862 5339 3016 5407 lingit
3048 5357 3077 5393 a
3113 5342 3350 5409 quodam
3400 5342 3523 5394 Nilo
3557 5342 3716 5395 fami-

2145 5431 2265 5485 liari
2301 5445 2357 5484 se
2392 5430 2457 5483 ad
2500 5431 2856 5499 scriptionem
2894 5447 2993 5500 per
3030 5431 3245 5486 litteras
3279 5433 3590 5495 sollicitari,
3652 5448 3717 5486 ac

2147 5524 2247 5576 sibi
2276 5523 2606 5577 vocabulum
2635 5523 2969 5577 Christodnli
3002 5524 3256 5592 imponit.
3292 5525 3555 5577 Idoneum
3590 5540 3717 5590 pro-

478 5614 840 5681 ignorassent,
875 5631 937 5670 ea
985 5597 1240 5684 princeps
1272 5616 1573 5681 cognoscit,
1616 5625 1668 5668 et
1710 5614 2037 5668 sollicitudi-
2065 5597 2120 5656 Β
2148 5613 2313 5675 fectu,
2360 5630 2555 5674 nempe
2599 5631 2627 5667 a
2672 5624 2841 5676 statu.
2887 5626 2943 5671 et
2985 5617 3301 5671 conditione
3348 5618 3495 5681 vitm,
3549 5634 3713 5686 quam

476 5721 596 5766 nes,
638 5698 899 5776 operam,
952 5720 1116 5778 atque
1156 5718 1383 5764 conatus
1435 5726 1564 5763 suos
1608 5724 1701 5777 spe
1740 5719 1794 5760 et
1840 5707 2037 5762 fiducia

474 5806 643 5869 grata:
672 5798 1006 5873 posteritatis
1034 5800 1371 5854 consolatur.
1753 5810 1763 5818 ’

2150 5707 2266 5760 hate
2311 5707 2559 5760 scribens
2593 5708 2830 5777 agebat:
2877 5710 3077 5778 agebat
3108 5720 3291 5764 autem
3331 5711 3714 5776 monasticam,

2146 5809 2200 5852 et
2228 5798 2450 5853 Christo
2475 5802 2740 5866 serviens,
2784 5803 2981 5856 merito
3012 5784 3132 5872 ejus
3166 5816 3388 5857 servum
3422 5817 3477 5857 se
3511 5804 3706 5873 appel-
