  <div class='ocr_page' id='page_1' title='image "/cluster/home/n/w/nwhite01/storage/ocr_20150623/153/mdp.39015078384727/018.png"; bbox 0 0 4106 6292; ppageno 0'>
   <div class='ocr_carea' id='block_1_1' title="bbox 347 353 3590 432">
    <p class='ocr_par' dir='ltr' id='par_1_1' title="bbox 347 353 3590 432">
     <span class='ocr_line' id='line_1_1' title="bbox 347 353 3590 432; baseline -0.001 -2"><span class='ocrx_word' id='word_1_1' title='bbox 347 364 412 422; x_wconf 70' lang='lat'><strong>&#39;21</strong></span> <span class='ocrx_word' id='word_1_2' title='bbox 1659 366 2250 432; x_wconf 65' lang='lat' dir='ltr'><strong>PROLEGOMENA’.</strong></span> <span class='ocrx_word' id='word_1_3' title='bbox 2719 353 2727 362; x_wconf 85' lang='lat'>&#39;</span> <span class='ocrx_word' id='word_1_4' title='bbox 3519 356 3590 416; x_wconf 70' lang='lat'><strong>22</strong></span> 
     </span>
    </p>
   </div>
   <div class='ocr_carea' id='block_1_2' title="bbox 345 471 3587 552">
    <p class='ocr_par' dir='ltr' id='par_1_2' title="bbox 345 471 3587 552">
     <span class='ocr_line' id='line_1_2' title="bbox 345 471 3587 552; baseline -0.002 -22"><span class='ocrx_word' id='word_1_5' title='bbox 345 473 500 530; x_wconf 81' lang='lat' dir='ltr'><strong>lavit.</strong></span> <span class='ocrx_word' id='word_1_6' title='bbox 549 474 836 532; x_wconf 78' lang='lat' dir='ltr'><strong>Occultare</strong></span> <span class='ocrx_word' id='word_1_7' title='bbox 885 495 1068 548; x_wconf 90' lang='lat' dir='ltr'><strong>porro,</strong></span> <span class='ocrx_word' id='word_1_8' title='bbox 1099 492 1154 536; x_wconf 84' lang='lat' dir='ltr'><strong>et</strong></span> <span class='ocrx_word' id='word_1_9' title='bbox 1195 491 1376 552; x_wconf 78' lang='lat' dir='ltr'><strong>legere</strong></span> <span class='ocrx_word' id='word_1_10' title='bbox 1425 499 1714 552; x_wconf 81' lang='lat' dir='ltr'><strong>personam</strong></span> <span class='ocrx_word' id='word_1_11' title='bbox 1751 501 1904 540; x_wconf 90' lang='lat' dir='ltr'><strong>suam</strong></span> <span class='ocrx_word' id='word_1_12' title='bbox 1939 486 1978 541; x_wconf 93' lang='lat' dir='ltr'><strong>A</strong></span> <span class='ocrx_word' id='word_1_13' title='bbox 2010 471 2184 550; x_wconf 76' lang='lat' dir='ltr'><strong>nimis,</strong></span> <span class='ocrx_word' id='word_1_14' title='bbox 2206 495 2253 540; x_wconf 86' lang='lat' dir='ltr'><strong>et</strong></span> <span class='ocrx_word' id='word_1_15' title='bbox 2277 485 2516 540; x_wconf 73' lang='lat' dir='ltr'><strong>amabilis</strong></span> <span class='ocrx_word' id='word_1_16' title='bbox 2541 475 2950 552; x_wconf 71' lang='lat' dir='ltr'><strong>superamérem</strong></span> <span class='ocrx_word' id='word_1_17' title='bbox 2976 475 3326 544; x_wconf 73' lang='lat' dir='ltr'><strong>mulierum&#39;),</strong></span> <span class='ocrx_word' id='word_1_18' title='bbox 3351 487 3459 527; x_wconf 88' lang='lat' dir='ltr'><strong>non</strong></span> <span class='ocrx_word' id='word_1_19' title='bbox 3483 471 3587 522; x_wconf 64' lang='lat' dir='ltr'><strong>nisi</strong></span> 
     </span>
    </p>
   </div>
   <div class='ocr_carea' id='block_1_3' title="bbox 309 568 1909 645">
    <p class='ocr_par' dir='ltr' id='par_1_3' title="bbox 309 568 1909 645">
     <span class='ocr_line' id='line_1_3' title="bbox 309 568 1909 645; baseline 0.006 -23"><span class='ocrx_word' id='word_1_20' title='bbox 309 594 312 602; x_wconf 67' lang='grc' dir='ltr'><strong>ι</strong></span> <span class='ocrx_word' id='word_1_21' title='bbox 345 568 475 622; x_wconf 87' lang='lat' dir='ltr'><strong>ideo</strong></span> <span class='ocrx_word' id='word_1_22' title='bbox 509 569 702 631; x_wconf 88' lang='lat' dir='ltr'><strong>voluit,</strong></span> <span class='ocrx_word' id='word_1_23' title='bbox 735 569 901 638; x_wconf 86' lang='lat' dir='ltr'><strong>idque</strong></span> <span class='ocrx_word' id='word_1_24' title='bbox 943 573 1264 640; x_wconf 86' lang='lat' dir='ltr'><strong>prudenter,</strong></span> <span class='ocrx_word' id='word_1_25' title='bbox 1298 577 1443 645; x_wconf 89' lang='lat' dir='ltr'><strong>quod</strong></span> <span class='ocrx_word' id='word_1_26' title='bbox 1488 577 1556 632; x_wconf 87' lang='lat' dir='ltr'><strong>de</strong></span> <span class='ocrx_word' id='word_1_27' title='bbox 1588 579 1753 632; x_wconf 83' lang='lat' dir='ltr'><strong>rebus</strong></span> <span class='ocrx_word' id='word_1_28' title='bbox 1783 595 1909 632; x_wconf 80' lang='lat' dir='ltr'><strong>eum</strong></span> 
     </span>
    </p>
   </div>
   <div class='ocr_carea' id='block_1_4' title="bbox 345 659 1912 734">
    <p class='ocr_par' dir='ltr' id='par_1_4' title="bbox 345 659 1912 734">
     <span class='ocr_line' id='line_1_4' title="bbox 345 659 1912 734; baseline 0.008 -22"><span class='ocrx_word' id='word_1_29' title='bbox 345 659 566 722; x_wconf 87' lang='lat' dir='ltr'><strong>alienis,</strong></span> <span class='ocrx_word' id='word_1_30' title='bbox 594 670 708 713; x_wconf 89' lang='lat' dir='ltr'><strong>tum</strong></span> <span class='ocrx_word' id='word_1_31' title='bbox 753 661 872 716; x_wconf 83' lang='lat' dir='ltr'><strong>suis</strong></span> <span class='ocrx_word' id='word_1_32' title='bbox 913 663 1198 718; x_wconf 70' lang='lat' dir='ltr'><strong>historiam</strong></span> <span class='ocrx_word' id='word_1_33' title='bbox 1242 669 1654 734; x_wconf 86' lang='lat' dir='ltr'><strong>compositurus</strong></span> <span class='ocrx_word' id='word_1_34' title='bbox 1684 679 1823 732; x_wconf 75' lang='lat' dir='ltr'><strong>erat,</strong></span> <span class='ocrx_word' id='word_1_35' title='bbox 1857 681 1912 724; x_wconf 90' lang='lat' dir='ltr'><strong>et</strong></span> 
     </span>
    </p>
   </div>
   <div class='ocr_carea' id='block_1_5' title="bbox 345 752 1911 830">
    <p class='ocr_par' dir='ltr' id='par_1_5' title="bbox 345 752 1911 830">
     <span class='ocr_line' id='line_1_5' title="bbox 345 752 1911 830; baseline 0.006 -25"><span class='ocrx_word' id='word_1_36' title='bbox 345 761 670 806; x_wconf 74' lang='lat' dir='ltr'><strong>narraturus</strong></span> <span class='ocrx_word' id='word_1_37' title='bbox 713 752 971 821; x_wconf 88' lang='lat' dir='ltr'><strong>plurima,</strong></span> <span class='ocrx_word' id='word_1_38' title='bbox 1009 757 1214 826; x_wconf 84' lang='lat' dir='ltr'><strong>quibus</strong></span> <span class='ocrx_word' id='word_1_39' title='bbox 1260 760 1550 814; x_wconf 84' lang='lat' dir='ltr'><strong>audiendis</strong></span> <span class='ocrx_word' id='word_1_40' title='bbox 1587 776 1750 816; x_wconf 85' lang='lat' dir='ltr'><strong>aures</strong></span> <span class='ocrx_word' id='word_1_41' title='bbox 1785 762 1911 830; x_wconf 85' lang='lat' dir='ltr'><strong>qui-</strong></span> 
     </span>
    </p>
   </div>
   <div class='ocr_carea' id='block_1_6' title="bbox 347 843 1916 909">
    <p class='ocr_par' dir='ltr' id='par_1_6' title="bbox 347 843 1916 909">
     <span class='ocr_line' id='line_1_6' title="bbox 347 843 1916 909; baseline 0.004 -11"><span class='ocrx_word' id='word_1_42' title='bbox 347 843 580 898; x_wconf 78' lang='lat' dir='ltr'><strong>busdam</strong></span> <span class='ocrx_word' id='word_1_43' title='bbox 623 843 898 909; x_wconf 91' lang='lat' dir='ltr'><strong>dolerent,</strong></span> <span class='ocrx_word' id='word_1_44' title='bbox 927 855 989 901; x_wconf 89' lang='lat' dir='ltr'><strong>ut</strong></span> <span class='ocrx_word' id='word_1_45' title='bbox 1027 857 1188 902; x_wconf 87' lang='lat' dir='ltr'><strong>antea</strong></span> <span class='ocrx_word' id='word_1_46' title='bbox 1233 849 1490 905; x_wconf 77' lang='lat' dir='ltr'><strong>videndis</strong></span> <span class='ocrx_word' id='word_1_47' title='bbox 1532 853 1678 905; x_wconf 91' lang='lat' dir='ltr'><strong>oculi</strong></span> <span class='ocrx_word' id='word_1_48' title='bbox 1723 851 1916 906; x_wconf 57' lang='lat' dir='ltr'><strong>doluen</strong></span> 
     </span>
    </p>
   </div>
   <div class='ocr_carea' id='block_1_7' title="bbox 346 933 1911 1007">
    <p class='ocr_par' dir='ltr' id='par_1_7' title="bbox 346 933 1911 1007">
     <span class='ocr_line' id='line_1_7' title="bbox 346 933 1911 1007; baseline 0.006 -23"><span class='ocrx_word' id='word_1_49' title='bbox 346 941 492 986; x_wconf 90' lang='lat' dir='ltr'><strong>rant.</strong></span> <span class='ocrx_word' id='word_1_50' title='bbox 533 933 628 987; x_wconf 89' lang='lat' dir='ltr'><strong>Est</strong></span> <span class='ocrx_word' id='word_1_51' title='bbox 659 949 790 988; x_wconf 89' lang='lat' dir='ltr'><strong>vero</strong></span> <span class='ocrx_word' id='word_1_52' title='bbox 823 943 935 989; x_wconf 89' lang='lat' dir='ltr'><strong>tam</strong></span> <span class='ocrx_word' id='word_1_53' title='bbox 967 935 1291 1007; x_wconf 72' lang='lat' dir='ltr'><strong>infrequens</strong></span> <span class='ocrx_word' id='word_1_54' title='bbox 1312 939 1524 994; x_wconf 66' lang='lat' dir='ltr'><strong>Graecis</strong></span> <span class='ocrx_word' id='word_1_55' title='bbox 1556 941 1662 996; x_wconf 83' lang='lat' dir='ltr'><strong>hoc</strong></span> <span class='ocrx_word' id='word_1_56' title='bbox 1687 957 1911 1006; x_wconf 86' lang='lat' dir='ltr'><strong>nomen,</strong></span> 
     </span>
    </p>
   </div>
   <div class='ocr_carea' id='block_1_8' title="bbox 347 1022 1916 1096">
    <p class='ocr_par' dir='ltr' id='par_1_8' title="bbox 347 1022 1916 1096">
     <span class='ocr_line' id='line_1_8' title="bbox 347 1022 1916 1096; baseline 0.01 -24"><span class='ocrx_word' id='word_1_57' title='bbox 347 1022 754 1086; x_wconf 80' lang='lat' dir='ltr'><strong>Cliristodulus,</strong></span> <span class='ocrx_word' id='word_1_58' title='bbox 803 1033 865 1079; x_wconf 79' lang='lat' dir='ltr'><strong>ut</strong></span> <span class='ocrx_word' id='word_1_59' title='bbox 915 1027 996 1080; x_wconf 90' lang='lat' dir='ltr'><strong>vel</strong></span> <span class='ocrx_word' id='word_1_60' title='bbox 1043 1027 1174 1082; x_wconf 89' lang='lat' dir='ltr'><strong>hinc</strong></span> <span class='ocrx_word' id='word_1_61' title='bbox 1207 1029 1312 1083; x_wconf 87' lang='lat' dir='ltr'><strong>isto</strong></span> <span class='ocrx_word' id='word_1_62' title='bbox 1359 1031 1482 1085; x_wconf 89' lang='lat' dir='ltr'><strong>loco</strong></span> <span class='ocrx_word' id='word_1_63' title='bbox 1529 1031 1806 1096; x_wconf 85' lang='lat' dir='ltr'><strong>ﬁctilium,</strong></span> <span class='ocrx_word' id='word_1_64' title='bbox 1852 1048 1916 1088; x_wconf 87' lang='lat' dir='ltr'><strong>ac</strong></span> 
     </span>
    </p>
   </div>
   <div class='ocr_carea' id='block_1_9' title="bbox 345 1114 1914 1194">
    <p class='ocr_par' dir='ltr' id='par_1_9' title="bbox 345 1114 1914 1194">
     <span class='ocr_line' id='line_1_9' title="bbox 345 1114 1914 1194; baseline 0.008 -27"><span class='ocrx_word' id='word_1_65' title='bbox 345 1114 764 1183; x_wconf 86' lang='lat' dir='ltr'><strong>supposititium</strong></span> <span class='ocrx_word' id='word_1_66' title='bbox 797 1129 1078 1186; x_wconf 87' lang='lat' dir='ltr'><strong>appareat.</strong></span> <span class='ocrx_word' id='word_1_67' title='bbox 1112 1118 1362 1190; x_wconf 89' lang='lat' dir='ltr'><strong>Cumque</strong></span> <span class='ocrx_word' id='word_1_68' title='bbox 1393 1137 1493 1192; x_wconf 89' lang='lat' dir='ltr'><strong>per</strong></span> <span class='ocrx_word' id='word_1_69' title='bbox 1529 1124 1584 1177; x_wconf 97' lang='lat' dir='ltr'><strong>id</strong></span> <span class='ocrx_word' id='word_1_70' title='bbox 1613 1133 1829 1194; x_wconf 86' lang='lat' dir='ltr'><strong>tempus</strong></span> <span class='ocrx_word' id='word_1_71' title='bbox 1859 1125 1914 1178; x_wconf 93' lang='lat' dir='ltr'><strong>in</strong></span> 
     </span>
    </p>
   </div>
   <div class='ocr_carea' id='block_1_10' title="bbox 349 1207 1918 1284">
    <p class='ocr_par' dir='ltr' id='par_1_10' title="bbox 349 1207 1918 1284">
     <span class='ocr_line' id='line_1_10' title="bbox 349 1207 1918 1284; baseline 0.009 -28"><span class='ocrx_word' id='word_1_72' title='bbox 349 1207 682 1260; x_wconf 85' lang='lat' dir='ltr'><strong>monasterio</strong></span> <span class='ocrx_word' id='word_1_73' title='bbox 735 1223 835 1276; x_wconf 89' lang='lat' dir='ltr'><strong>pro</strong></span> <span class='ocrx_word' id='word_1_74' title='bbox 877 1208 1088 1264; x_wconf 82' lang='lat' dir='ltr'><strong>Joanne</strong></span> <span class='ocrx_word' id='word_1_75' title='bbox 1135 1212 1305 1265; x_wconf 87' lang='lat' dir='ltr'><strong>etiam</strong></span> <span class='ocrx_word' id='word_1_76' title='bbox 1348 1213 1660 1284; x_wconf 79' lang='lat' dir='ltr'><strong>J‘casaplius</strong></span> <span class='ocrx_word' id='word_1_77' title='bbox 1707 1225 1918 1272; x_wconf 87' lang='lat' dir='ltr'><strong>mutato</strong></span> 
     </span>
    </p>
   </div>
   <div class='ocr_carea' id='block_1_11' title="bbox 347 1289 1917 1376">
    <p class='ocr_par' dir='ltr' id='par_1_11' title="bbox 347 1289 1917 1376">
     <span class='ocr_line' id='line_1_11' title="bbox 347 1289 1917 1376; baseline 0.01 -30"><span class='ocrx_word' id='word_1_78' title='bbox 347 1294 568 1348; x_wconf 88' lang='lat' dir='ltr'><strong>nomine</strong></span> <span class='ocrx_word' id='word_1_79' title='bbox 624 1299 926 1364; x_wconf 85' lang='lat' dir='ltr'><strong>diceretur,</strong></span> <span class='ocrx_word' id='word_1_80' title='bbox 980 1300 1129 1356; x_wconf 81' lang='lat' dir='ltr'><strong>sicut</strong></span> <span class='ocrx_word' id='word_1_81' title='bbox 1176 1317 1286 1376; x_wconf 85' lang='lat' dir='ltr'><strong>non</strong></span> <span class='ocrx_word' id='word_1_82' title='bbox 1337 1289 1646 1374; x_wconf 69' lang='lat' dir='ltr'><strong>antiquum,</strong></span> <span class='ocrx_word' id='word_1_83' title='bbox 1693 1315 1749 1360; x_wconf 89' lang='lat' dir='ltr'><strong>et</strong></span> <span class='ocrx_word' id='word_1_84' title='bbox 1790 1322 1917 1374; x_wconf 91' lang='lat' dir='ltr'><strong>pro-</strong></span> 
     </span>
    </p>
   </div>
   <div class='ocr_carea' id='block_1_12' title="bbox 342 1387 1916 1469">
    <p class='ocr_par' dir='ltr' id='par_1_12' title="bbox 342 1387 1916 1469">
     <span class='ocr_line' id='line_1_12' title="bbox 342 1387 1916 1469; baseline 0.011 -30"><span class='ocrx_word' id='word_1_85' title='bbox 342 1387 548 1452; x_wconf 83' lang='lat' dir='ltr'><strong>prium,</strong></span> <span class='ocrx_word' id='word_1_86' title='bbox 575 1389 650 1443; x_wconf 86' lang='lat' dir='ltr'><strong>ita</strong></span> <span class='ocrx_word' id='word_1_87' title='bbox 676 1405 780 1446; x_wconf 90' lang='lat' dir='ltr'><strong>nec</strong></span> <span class='ocrx_word' id='word_1_88' title='bbox 809 1407 1012 1447; x_wconf 90' lang='lat' dir='ltr'><strong>novum</strong></span> <span class='ocrx_word' id='word_1_89' title='bbox 1045 1395 1212 1461; x_wconf 85' lang='lat' dir='ltr'><strong>istud,</strong></span> <span class='ocrx_word' id='word_1_90' title='bbox 1241 1406 1298 1451; x_wconf 91' lang='lat' dir='ltr'><strong>et</strong></span> <span class='ocrx_word' id='word_1_91' title='bbox 1323 1399 1756 1469; x_wconf 86' lang='lat' dir='ltr'><strong>assumptitium,</strong></span> <span class='ocrx_word' id='word_1_92' title='bbox 1788 1402 1916 1457; x_wconf 82' lang='lat' dir='ltr'><strong>Joa-</strong></span> 
     </span>
    </p>
   </div>
   <div class='ocr_carea' id='block_1_13' title="bbox 346 1480 1918 1550">
    <p class='ocr_par' dir='ltr' id='par_1_13' title="bbox 346 1480 1918 1550">
     <span class='ocr_line' id='line_1_13' title="bbox 346 1480 1918 1550; baseline 0.013 -21"><span class='ocrx_word' id='word_1_93' title='bbox 346 1480 552 1546; x_wconf 82' lang='lat' dir='ltr'><strong>saplius</strong></span> <span class='ocrx_word' id='word_1_94' title='bbox 601 1482 864 1550; x_wconf 87' lang='lat' dir='ltr'><strong>inquam,</strong></span> <span class='ocrx_word' id='word_1_95' title='bbox 913 1485 980 1540; x_wconf 86' lang='lat' dir='ltr'><strong>ad</strong></span> <span class='ocrx_word' id='word_1_96' title='bbox 1039 1487 1169 1540; x_wconf 86' lang='lat' dir='ltr'><strong>libri</strong></span> <span class='ocrx_word' id='word_1_97' title='bbox 1219 1497 1504 1546; x_wconf 81' lang='lat' dir='ltr'><strong>auctorem</strong></span> <span class='ocrx_word' id='word_1_98' title='bbox 1559 1491 1918 1549; x_wconf 89' lang='lat' dir='ltr'><strong>indicandum</strong></span> 
     </span>
    </p>
   </div>
   <div class='ocr_carea' id='block_1_14' title="bbox 349 1573 1920 1656">
    <p class='ocr_par' dir='ltr' id='par_1_14' title="bbox 349 1573 1920 1656">
     <span class='ocr_line' id='line_1_14' title="bbox 349 1573 1920 1656; baseline 0.013 -35"><span class='ocrx_word' id='word_1_99' title='bbox 349 1583 620 1640; x_wconf 85' lang='lat' dir='ltr'><strong>usurpare</strong></span> <span class='ocrx_word' id='word_1_100' title='bbox 665 1573 854 1630; x_wconf 84' lang='lat' dir='ltr'><strong>decuit</strong></span> <span class='ocrx_word' id='word_1_101' title='bbox 886 1593 900 1630; x_wconf 90' lang='lat'><strong>:</strong></span> <span class='ocrx_word' id='word_1_102' title='bbox 933 1593 1002 1633; x_wconf 92' lang='lat' dir='ltr'><strong>ne</strong></span> <span class='ocrx_word' id='word_1_103' title='bbox 1051 1581 1355 1636; x_wconf 82' lang='lat' dir='ltr'><strong>monachus</strong></span> <span class='ocrx_word' id='word_1_104' title='bbox 1393 1585 1615 1638; x_wconf 90' lang='lat' dir='ltr'><strong>inanem</strong></span> <span class='ocrx_word' id='word_1_105' title='bbox 1657 1589 1920 1656; x_wconf 82' lang='lat' dir='ltr'><strong>aucupari</strong></span> 
     </span>
    </p>
   </div>
   <div class='ocr_carea' id='block_1_15' title="bbox 347 1660 1920 1740">
    <p class='ocr_par' dir='ltr' id='par_1_15' title="bbox 347 1660 1920 1740">
     <span class='ocr_line' id='line_1_15' title="bbox 347 1660 1920 1740; baseline 0.014 -29"><span class='ocrx_word' id='word_1_106' title='bbox 347 1660 602 1729; x_wconf 75' lang='lat' dir='ltr'><strong>gloriam,</strong></span> <span class='ocrx_word' id='word_1_107' title='bbox 632 1673 690 1720; x_wconf 83' lang='lat' dir='ltr'><strong>et</strong></span> <span class='ocrx_word' id='word_1_108' title='bbox 717 1667 811 1734; x_wconf 92' lang='lat' dir='ltr'><strong>qui</strong></span> <span class='ocrx_word' id='word_1_109' title='bbox 857 1667 970 1722; x_wconf 88' lang='lat' dir='ltr'><strong>Deo</strong></span> <span class='ocrx_word' id='word_1_110' title='bbox 1008 1671 1305 1726; x_wconf 85' lang='lat' dir='ltr'><strong>militatum</strong></span> <span class='ocrx_word' id='word_1_111' title='bbox 1347 1684 1596 1740; x_wconf 83' lang='lat' dir='ltr'><strong>venerat,</strong></span> <span class='ocrx_word' id='word_1_112' title='bbox 1633 1677 1828 1732; x_wconf 84' lang='lat' dir='ltr'><strong>iterum</strong></span> <span class='ocrx_word' id='word_1_113' title='bbox 1863 1694 1920 1733; x_wconf 82' lang='lat' dir='ltr'><strong>se</strong></span> 
     </span>
    </p>
   </div>
   <div class='ocr_carea' id='block_1_16' title="bbox 349 1753 1920 1839">
    <p class='ocr_par' dir='ltr' id='par_1_16' title="bbox 349 1753 1920 1839">
     <span class='ocr_line' id='line_1_16' title="bbox 349 1753 1920 1839; baseline 0.012 -35"><span class='ocrx_word' id='word_1_114' title='bbox 349 1753 586 1821; x_wconf 81' lang='lat' dir='ltr'><strong>negotiis</strong></span> <span class='ocrx_word' id='word_1_115' title='bbox 634 1755 919 1825; x_wconf 88' lang='lat' dir='ltr'><strong>implicare</strong></span> <span class='ocrx_word' id='word_1_116' title='bbox 981 1757 1340 1817; x_wconf 65' lang='lat' dir='ltr'><strong>anicularibus</strong></span> <span class='ocrx_word' id='word_1_117' title='bbox 1388 1765 1690 1822; x_wconf 77' lang='lat' dir='ltr'><strong>videretur.</strong></span> <span class='ocrx_word' id='word_1_118' title='bbox 1739 1771 1920 1839; x_wconf 80' lang='lat' dir='ltr'><strong>Atque</strong></span> 
     </span>
    </p>
   </div>
   <div class='ocr_carea' id='block_1_17' title="bbox 350 1841 1918 1923">
    <p class='ocr_par' dir='ltr' id='par_1_17' title="bbox 350 1841 1918 1923">
     <span class='ocr_line' id='line_1_17' title="bbox 350 1841 1918 1923; baseline 0.013 -29"><span class='ocrx_word' id='word_1_119' title='bbox 350 1841 659 1900; x_wconf 72' lang='lat' dir='ltr'><strong>ita&#39;codex</strong></span> <span class='ocrx_word' id='word_1_120' title='bbox 705 1846 928 1905; x_wconf 66' lang='lat' dir='ltr'><strong>Graecus</strong></span> <span class='ocrx_word' id='word_1_121' title='bbox 976 1853 1352 1923; x_wconf 77' lang='grc' dir='ltr'><strong>ἀνεπίγραφος</strong></span> <span class='ocrx_word' id='word_1_122' title='bbox 1402 1865 1526 1920; x_wconf 88' lang='lat' dir='ltr'><strong>est,</strong></span> <span class='ocrx_word' id='word_1_123' title='bbox 1583 1859 1704 1913; x_wconf 87' lang='lat' dir='ltr'><strong>sine</strong></span> <span class='ocrx_word' id='word_1_124' title='bbox 1757 1862 1918 1915; x_wconf 86' lang='lat' dir='ltr'><strong>titulo</strong></span> 
     </span>
    </p>
   </div>
   <div class='ocr_carea' id='block_1_18' title="bbox 349 1937 1916 2038">
    <p class='ocr_par' dir='ltr' id='par_1_18' title="bbox 349 1937 1916 2038">
     <span class='ocr_line' id='line_1_18' title="bbox 349 1937 1916 2038; baseline 0.013 -54"><span class='ocrx_word' id='word_1_125' title='bbox 349 1949 598 2002; x_wconf 87' lang='lat' dir='ltr'><strong>prorsus.</strong></span> <span class='ocrx_word' id='word_1_126' title='bbox 622 1937 834 1995; x_wconf 85' lang='lat' dir='ltr'><strong>Deinde</strong></span> <span class='ocrx_word' id='word_1_127' title='bbox 854 1955 922 1996; x_wconf 83' lang='lat' dir='ltr'><strong>ex</strong></span> <span class='ocrx_word' id='word_1_128' title='bbox 947 1943 1061 2010; x_wconf 87' lang='lat' dir='ltr'><strong>ipsa</strong></span> <span class='ocrx_word' id='word_1_129' title='bbox 1086 1941 1194 1998; x_wconf 88' lang='lat' dir='ltr'><strong>Nili</strong></span> <span class='ocrx_word' id='word_1_130' title='bbox 1215 1947 1447 2014; x_wconf 83' lang='lat' dir='ltr'><strong>epistola</strong></span> <span class='ocrx_word' id='word_1_131' title='bbox 1476 1947 1916 2038; x_wconf 54' lang='lat' dir='ltr'><strong>Cantaeuzpnum</strong></span> 
     </span>
    </p>
   </div>
   <div class='ocr_carea' id='block_1_19' title="bbox 351 2023 1920 2109">
    <p class='ocr_par' dir='ltr' id='par_1_19' title="bbox 351 2023 1920 2109">
     <span class='ocr_line' id='line_1_19' title="bbox 351 2023 1920 2109; baseline 0.012 -33"><span class='ocrx_word' id='word_1_132' title='bbox 351 2023 518 2092; x_wconf 84' lang='lat' dir='ltr'><strong>hujus</strong></span> <span class='ocrx_word' id='word_1_133' title='bbox 561 2025 805 2083; x_wconf 70' lang='lat' dir='ltr'><strong>historiae</strong></span> <span class='ocrx_word' id='word_1_134' title='bbox 849 2043 1155 2100; x_wconf 90' lang='lat' dir='ltr'><strong>parentem,</strong></span> <span class='ocrx_word' id='word_1_135' title='bbox 1181 2044 1238 2088; x_wconf 90' lang='lat' dir='ltr'><strong>et</strong></span> <span class='ocrx_word' id='word_1_136' title='bbox 1269 2037 1614 2092; x_wconf 86' lang='lat' dir='ltr'><strong>conditorem</strong></span> <span class='ocrx_word' id='word_1_137' title='bbox 1645 2023 1765 2094; x_wconf 78' lang='lat' dir='ltr'><strong>esse</strong></span> <span class='ocrx_word' id='word_1_138' title='bbox 1799 2057 1920 2109; x_wconf 86' lang='lat' dir='ltr'><strong>per-</strong></span> 
     </span>
    </p>
   </div>
   <div class='ocr_carea' id='block_1_20' title="bbox 348 2116 1923 2200">
    <p class='ocr_par' dir='ltr' id='par_1_20' title="bbox 348 2116 1923 2200">
     <span class='ocr_line' id='line_1_20' title="bbox 348 2116 1923 2200; baseline 0.011 -32"><span class='ocrx_word' id='word_1_139' title='bbox 348 2116 602 2182; x_wconf 83' lang='lat' dir='ltr'><strong>spicuum</strong></span> <span class='ocrx_word' id='word_1_140' title='bbox 635 2120 716 2174; x_wconf 89' lang='lat' dir='ltr'><strong>ﬁt.</strong></span> <span class='ocrx_word' id='word_1_141' title='bbox 749 2121 846 2176; x_wconf 83' lang='lat' dir='ltr'><strong>Illa</strong></span> <span class='ocrx_word' id='word_1_142' title='bbox 875 2124 1022 2176; x_wconf 90' lang='lat' dir='ltr'><strong>enim</strong></span> <span class='ocrx_word' id='word_1_143' title='bbox 1060 2126 1248 2190; x_wconf 86' lang='lat' dir='ltr'><strong>verba,</strong></span> <span class='ocrx_word' id='word_1_144' title='bbox 1270 2127 1377 2180; x_wconf 78' lang='grc' dir='ltr'><strong>Καὶ</strong></span> <span class='ocrx_word' id='word_1_145' title='bbox 1405 2131 1492 2182; x_wconf 85' lang='grc' dir='ltr'><strong>ὅτε</strong></span> <span class='ocrx_word' id='word_1_146' title='bbox 1523 2131 1632 2200; x_wconf 83' lang='grc' dir='ltr'><strong>γὰρ</strong></span> <span class='ocrx_word' id='word_1_147' title='bbox 1673 2131 1740 2184; x_wconf 81' lang='grc' dir='ltr'><strong>τὰ</strong></span> <span class='ocrx_word' id='word_1_148' title='bbox 1765 2133 1923 2187; x_wconf 76' lang='grc' dir='ltr'><strong>κοινὰ</strong></span> 
     </span>
    </p>
   </div>
   <div class='ocr_carea' id='block_1_21' title="bbox 236 2207 1918 2294">
    <p class='ocr_par' dir='ltr' id='par_1_21' title="bbox 236 2207 1918 2294">
     <span class='ocr_line' id='line_1_21' title="bbox 236 2207 1918 2294; baseline 0.012 -37"><span class='ocrx_word' id='word_1_149' title='bbox 236 2224 257 2232; x_wconf 87' lang='grc'><strong><em>-</em></strong></span> <span class='ocrx_word' id='word_1_150' title='bbox 350 2207 612 2274; x_wconf 73' lang='grc' dir='ltr'><strong>διετέλεις</strong></span> <span class='ocrx_word' id='word_1_151' title='bbox 645 2213 922 2282; x_wconf 76' lang='grc' dir='ltr'><strong>πράττων,</strong></span> <span class='ocrx_word' id='word_1_152' title='bbox 967 2218 1208 2289; x_wconf 83' lang='grc' dir='ltr'><strong>σωτηρία</strong></span> <span class='ocrx_word' id='word_1_153' title='bbox 1245 2223 1360 2282; x_wconf 74' lang='grc' dir='ltr'><strong>τοῖς</strong></span> <span class='ocrx_word' id='word_1_154' title='bbox 1393 2225 1709 2292; x_wconf 76' lang='grc' dir='ltr'>πράγμασιν</span> <span class='ocrx_word' id='word_1_155' title='bbox 1737 2221 1878 2294; x_wconf 77' lang='grc' dir='ltr'>ἦσθα</span> <span class='ocrx_word' id='word_1_156' title='bbox 1902 2245 1918 2262; x_wconf 78' lang='grc' dir='ltr'><strong><em>ο</em></strong></span> 
     </span>
    </p>
   </div>
   <div class='ocr_carea' id='block_1_22' title="bbox 351 2301 1922 2388">
    <p class='ocr_par' dir='ltr' id='par_1_22' title="bbox 351 2301 1922 2388">
     <span class='ocr_line' id='line_1_22' title="bbox 351 2301 1922 2388; baseline 0.013 -38"><span class='ocrx_word' id='word_1_157' title='bbox 351 2302 447 2351; x_wconf 76' lang='grc' dir='ltr'><strong>καὶ</strong></span> <span class='ocrx_word' id='word_1_158' title='bbox 475 2301 568 2352; x_wconf 84' lang='grc' dir='ltr'><strong>νῦν</strong></span> <span class='ocrx_word' id='word_1_159' title='bbox 595 2304 795 2358; x_wconf 83' lang='grc' dir='ltr'><strong>σαυτοῦ</strong></span> <span class='ocrx_word' id='word_1_160' title='bbox 838 2309 1100 2374; x_wconf 84' lang='grc' dir='ltr'><strong>γεγονὼς,</strong></span> <span class='ocrx_word' id='word_1_161' title='bbox 1132 2310 1393 2376; x_wconf 81' lang='grc' dir='ltr'><strong>ἀληθείας</strong></span> <span class='ocrx_word' id='word_1_162' title='bbox 1431 2315 1539 2368; x_wconf 82' lang='grc' dir='ltr'><strong>Καὶ</strong></span> <span class='ocrx_word' id='word_1_163' title='bbox 1575 2316 1922 2388; x_wconf 73' lang='grc' dir='ltr'><strong>δικαιοσύνης</strong></span> 
     </span>
    </p>
   </div>
   <div class='ocr_carea' id='block_1_23' title="bbox 356 2393 1922 2470">
    <p class='ocr_par' dir='ltr' id='par_1_23' title="bbox 356 2393 1922 2470">
     <span class='ocr_line' id='line_1_23' title="bbox 356 2393 1922 2470; baseline 0.013 -29"><span class='ocrx_word' id='word_1_164' title='bbox 356 2393 706 2464; x_wconf 82' lang='grc' dir='ltr'><strong>παράδειγμα</strong></span> <span class='ocrx_word' id='word_1_165' title='bbox 753 2395 846 2448; x_wconf 75' lang='grc' dir='ltr'><strong>τὸν</strong></span> <span class='ocrx_word' id='word_1_166' title='bbox 887 2399 1004 2468; x_wconf 80' lang='grc' dir='ltr'><strong>βίον</strong></span> <span class='ocrx_word' id='word_1_167' title='bbox 1039 2403 1382 2470; x_wconf 77' lang='grc' dir='ltr'><strong>κατέστησας</strong></span> <span class='ocrx_word' id='word_1_168' title='bbox 1416 2407 1508 2458; x_wconf 83' lang='grc' dir='ltr'><strong>τὸν</strong></span> <span class='ocrx_word' id='word_1_169' title='bbox 1559 2407 1758 2460; x_wconf 80' lang='grc' dir='ltr'>σαυτοῦ</span> <span class='ocrx_word' id='word_1_170' title='bbox 1787 2427 1799 2438; x_wconf 88' lang='grc'><strong>·</strong></span> <span class='ocrx_word' id='word_1_171' title='bbox 1842 2409 1922 2464; x_wconf 85' lang='lat' dir='ltr'><strong>Tu</strong></span> 
     </span>
    </p>
   </div>
   <div class='ocr_carea' id='block_1_24' title="bbox 353 2483 1923 2573">
    <p class='ocr_par' dir='ltr' id='par_1_24' title="bbox 353 2483 1923 2573">
     <span class='ocr_line' id='line_1_24' title="bbox 353 2483 1923 2573; baseline 0.016 -40"><span class='ocrx_word' id='word_1_172' title='bbox 353 2483 496 2535; x_wconf 84' lang='lat' dir='ltr'><strong>enim</strong></span> <span class='ocrx_word' id='word_1_173' title='bbox 513 2493 562 2536; x_wconf 83' lang='lat' dir='ltr'><strong>et</strong></span> <span class='ocrx_word' id='word_1_174' title='bbox 589 2488 825 2554; x_wconf 87' lang='lat' dir='ltr'><strong>quandiu</strong></span> <span class='ocrx_word' id='word_1_175' title='bbox 852 2493 1060 2559; x_wconf 85' lang='lat' dir='ltr'><strong>gessisti</strong></span> <span class='ocrx_word' id='word_1_176' title='bbox 1093 2495 1483 2564; x_wconf 79' lang='lat' dir='ltr'><strong>rempublicam,</strong></span> <span class='ocrx_word' id='word_1_177' title='bbox 1521 2499 1669 2552; x_wconf 78' lang='lat' dir='ltr'><strong>salus</strong></span> <span class='ocrx_word' id='word_1_178' title='bbox 1716 2503 1923 2573; x_wconf 85' lang='lat' dir='ltr'><strong>imperii</strong></span> 
     </span>
    </p>
   </div>
   <div class='ocr_carea' id='block_1_25' title="bbox 351 2569 1924 2657">
    <p class='ocr_par' dir='ltr' id='par_1_25' title="bbox 351 2569 1924 2657">
     <span class='ocr_line' id='line_1_25' title="bbox 351 2569 1924 2657; baseline 0.017 -35"><span class='ocrx_word' id='word_1_179' title='bbox 351 2569 542 2638; x_wconf 78' lang='lat' dir='ltr'><strong>fuisti:</strong></span> <span class='ocrx_word' id='word_1_180' title='bbox 593 2585 643 2628; x_wconf 92' lang='lat' dir='ltr'><strong>et</strong></span> <span class='ocrx_word' id='word_1_181' title='bbox 703 2577 876 2646; x_wconf 81' lang='lat' dir='ltr'><strong>hodie,</strong></span> <span class='ocrx_word' id='word_1_182' title='bbox 929 2591 1210 2651; x_wconf 75' lang='lat' dir='ltr'><strong>postquam</strong></span> <span class='ocrx_word' id='word_1_183' title='bbox 1257 2589 1532 2657; x_wconf 76' lang='lat' dir='ltr'><strong>defunctus</strong></span> <span class='ocrx_word' id='word_1_184' title='bbox 1578 2569 1799 2656; x_wconf 77' lang='lat' dir='ltr'><strong>honore,</strong></span> <span class='ocrx_word' id='word_1_185' title='bbox 1847 2595 1924 2648; x_wconf 84' lang='lat' dir='ltr'><strong>tui</strong></span> 
     </span>
    </p>
   </div>
   <div class='ocr_carea' id='block_1_26' title="bbox 349 2666 1922 2746">
    <p class='ocr_par' dir='ltr' id='par_1_26' title="bbox 349 2666 1922 2746">
     <span class='ocr_line' id='line_1_26' title="bbox 349 2666 1922 2746; baseline 0.014 -35"><span class='ocrx_word' id='word_1_186' title='bbox 349 2666 516 2730; x_wconf 83' lang='lat' dir='ltr'><strong>ipsius</strong></span> <span class='ocrx_word' id='word_1_187' title='bbox 549 2679 661 2718; x_wconf 83' lang='lat' dir='ltr'><strong>esse</strong></span> <span class='ocrx_word' id='word_1_188' title='bbox 687 2666 984 2732; x_wconf 74' lang='lat' dir='ltr'><strong>instituisti,</strong></span> <span class='ocrx_word' id='word_1_189' title='bbox 1041 2675 1200 2726; x_wconf 80' lang='lat' dir='ltr'><strong>vitam</strong></span> <span class='ocrx_word' id='word_1_190' title='bbox 1241 2679 1512 2746; x_wconf 76' lang='lat' dir='ltr'><strong>moresque</strong></span> <span class='ocrx_word' id='word_1_191' title='bbox 1545 2685 1658 2731; x_wconf 83' lang='lat' dir='ltr'><strong>tuos</strong></span> <span class='ocrx_word' id='word_1_192' title='bbox 1687 2681 1922 2734; x_wconf 79' lang='lat' dir='ltr'><strong>veritatis</strong></span> 
     </span>
    </p>
   </div>
   <div class='ocr_carea' id='block_1_27' title="bbox 351 2757 1922 2840">
    <p class='ocr_par' dir='ltr' id='par_1_27' title="bbox 351 2757 1922 2840">
     <span class='ocr_line' id='line_1_27' title="bbox 351 2757 1922 2840; baseline 0.014 -34"><span class='ocrx_word' id='word_1_193' title='bbox 351 2771 418 2807; x_wconf 83' lang='lat' dir='ltr'><strong>ac</strong></span> <span class='ocrx_word' id='word_1_194' title='bbox 432 2757 659 2824; x_wconf 79' lang='lat' dir='ltr'><strong>justitite</strong></span> <span class='ocrx_word' id='word_1_195' title='bbox 681 2763 952 2833; x_wconf 66' lang='lat' dir='ltr'><strong>exemplar</strong></span> <span class='ocrx_word' id='word_1_196' title='bbox 963 2767 1177 2835; x_wconf 75' lang='lat' dir='ltr'><strong>eﬁ‘ecisti</strong></span> <span class='ocrx_word' id='word_1_197' title='bbox 1199 2783 1218 2820; x_wconf 90' lang='lat'><strong><em>:</em></strong></span> <span class='ocrx_word' id='word_1_198' title='bbox 1240 2768 1346 2833; x_wconf 83' lang='lat' dir='ltr'><strong>lizr,</strong></span> <span class='ocrx_word' id='word_1_199' title='bbox 1372 2770 1614 2840; x_wconf 90' lang='lat' dir='ltr'><strong>inquam,</strong></span> <span class='ocrx_word' id='word_1_200' title='bbox 1636 2789 1797 2827; x_wconf 89' lang='lat' dir='ltr'><strong>voces</strong></span> <span class='ocrx_word' id='word_1_201' title='bbox 1811 2789 1922 2828; x_wconf 91' lang='lat' dir='ltr'><strong>non</strong></span> 
     </span>
    </p>
   </div>
   <div class='ocr_carea' id='block_1_28' title="bbox 353 2845 1923 2931">
    <p class='ocr_par' dir='ltr' id='par_1_28' title="bbox 353 2845 1923 2931">
     <span class='ocr_line' id='line_1_28' title="bbox 353 2845 1923 2931; baseline 0.015 -35"><span class='ocrx_word' id='word_1_202' title='bbox 353 2845 745 2917; x_wconf 80' lang='lat' dir='ltr'><strong>ad-judicem,</strong></span> <span class='ocrx_word' id='word_1_203' title='bbox 789 2856 1096 2922; x_wconf 87' lang='lat' dir='ltr'><strong>consulem,</strong></span> <span class='ocrx_word' id='word_1_204' title='bbox 1142 2858 1465 2927; x_wconf 66' lang='lat' dir='ltr'><strong>praefectum</strong></span> <span class='ocrx_word' id='word_1_205' title='bbox 1505 2862 1771 2931; x_wconf 81' lang='lat' dir='ltr'><strong>aliquem,</strong></span> <span class='ocrx_word' id='word_1_206' title='bbox 1827 2865 1923 2920; x_wconf 83' lang='lat' dir='ltr'><strong>sed</strong></span> 
     </span>
    </p>
   </div>
   <div class='ocr_carea' id='block_1_29' title="bbox 352 2939 1924 3019">
    <p class='ocr_par' dir='ltr' id='par_1_29' title="bbox 352 2939 1924 3019">
     <span class='ocr_line' id='line_1_29' title="bbox 352 2939 1924 3019; baseline 0.013 -30"><span class='ocrx_word' id='word_1_207' title='bbox 352 2939 420 2990; x_wconf 92' lang='lat' dir='ltr'><strong>ad</strong></span> <span class='ocrx_word' id='word_1_208' title='bbox 448 2953 704 3010; x_wconf 79' lang='lat' dir='ltr'><strong>magnum</strong></span> <span class='ocrx_word' id='word_1_209' title='bbox 741 2943 1109 3002; x_wconf 75' lang='lat' dir='ltr'><strong>domesticum</strong></span> <span class='ocrx_word' id='word_1_210' title='bbox 1140 2949 1406 3004; x_wconf 86' lang='lat' dir='ltr'><strong>Joannem</strong></span> <span class='ocrx_word' id='word_1_211' title='bbox 1453 2951 1924 3019; x_wconf 86' lang='lat' dir='ltr'><strong>Cantacuzcnum,</strong></span> 
     </span>
    </p>
   </div>
   <div class='ocr_carea' id='block_1_30' title="bbox 352 3031 1922 3114">
    <p class='ocr_par' dir='ltr' id='par_1_30' title="bbox 352 3031 1922 3114">
     <span class='ocr_line' id='line_1_30' title="bbox 352 3031 1922 3114; baseline 0.015 -31"><span class='ocrx_word' id='word_1_212' title='bbox 352 3031 510 3101; x_wconf 86' lang='lat' dir='ltr'><strong>cujus</strong></span> <span class='ocrx_word' id='word_1_213' title='bbox 541 3045 666 3104; x_wconf 88' lang='lat' dir='ltr'><strong>post</strong></span> <span class='ocrx_word' id='word_1_214' title='bbox 683 3037 1060 3094; x_wconf 78' lang='lat' dir='ltr'><strong>Andronicum</strong></span> <span class='ocrx_word' id='word_1_215' title='bbox 1096 3043 1386 3108; x_wconf 84' lang='lat' dir='ltr'><strong>minorem,</strong></span> <span class='ocrx_word' id='word_1_216' title='bbox 1413 3047 1656 3114; x_wconf 88' lang='lat' dir='ltr'><strong>quandiu</strong></span> <span class='ocrx_word' id='word_1_217' title='bbox 1689 3047 1737 3102; x_wconf 84' lang='lat' dir='ltr'><strong>is</strong></span> <span class='ocrx_word' id='word_1_218' title='bbox 1763 3049 1922 3114; x_wconf 77' lang='lat' dir='ltr'><strong>vixit,</strong></span> 
     </span>
    </p>
   </div>
   <div class='ocr_carea' id='block_1_31' title="bbox 2015 563 3590 649">
    <p class='ocr_par' dir='ltr' id='par_1_31' title="bbox 2015 563 3590 649">
     <span class='ocr_line' id='line_1_31' title="bbox 2015 563 3590 649; baseline -0.012 -17"><span class='ocrx_word' id='word_1_219' title='bbox 2015 579 2246 647; x_wconf 87' lang='lat' dir='ltr'><strong>ipsemet</strong></span> <span class='ocrx_word' id='word_1_220' title='bbox 2286 581 2359 635; x_wconf 90' lang='lat' dir='ltr'><strong>ita</strong></span> <span class='ocrx_word' id='word_1_221' title='bbox 2394 577 2700 649; x_wconf 82' lang='grc' dir='ltr'>συμπαθῶς</span> <span class='ocrx_word' id='word_1_222' title='bbox 2726 574 3048 644; x_wconf 68' lang='grc' dir='ltr'><strong>(ιιὲναργῶς</strong></span> <span class='ocrx_word' id='word_1_223' title='bbox 3095 569 3342 623; x_wconf 85' lang='lat' dir='ltr'><strong>scribere</strong></span> <span class='ocrx_word' id='word_1_224' title='bbox 3375 563 3590 634; x_wconf 76' lang='lat' dir='ltr'><strong>potuit?</strong></span> 
     </span>
    </p>
   </div>
   <div class='ocr_carea' id='block_1_32' title="bbox 2014 657 3592 739">
    <p class='ocr_par' dir='ltr' id='par_1_32' title="bbox 2014 657 3592 739">
     <span class='ocr_line' id='line_1_32' title="bbox 2014 657 3592 739; baseline -0.01 -19"><span class='ocrx_word' id='word_1_225' title='bbox 2014 670 2157 735; x_wconf 91' lang='lat' dir='ltr'><strong>quod</strong></span> <span class='ocrx_word' id='word_1_226' title='bbox 2176 671 2392 739; x_wconf 86' lang='lat' dir='ltr'><strong>quidem</strong></span> <span class='ocrx_word' id='word_1_227' title='bbox 2413 683 2788 739; x_wconf 72' lang='lat' dir='ltr'><strong>saepenumero</strong></span> <span class='ocrx_word' id='word_1_228' title='bbox 2801 664 3046 720; x_wconf 81' lang='lat' dir='ltr'><strong>facit.Sic</strong></span> <span class='ocrx_word' id='word_1_229' title='bbox 3065 657 3592 725; x_wconf 69' lang='lat' dir='ltr'><strong>solcniuerequen-</strong></span> 
     </span>
    </p>
   </div>
   <div class='ocr_carea' id='block_1_33' title="bbox 2018 748 3585 830">
    <p class='ocr_par' dir='ltr' id='par_1_33' title="bbox 2018 748 3585 830">
     <span class='ocr_line' id='line_1_33' title="bbox 2018 748 3585 830; baseline -0.009 -19"><span class='ocrx_word' id='word_1_230' title='bbox 2018 769 2120 821; x_wconf 87' lang='lat' dir='ltr'><strong>ter.</strong></span> <span class='ocrx_word' id='word_1_231' title='bbox 2151 761 2395 829; x_wconf 88' lang='lat' dir='ltr'><strong>inquam,</strong></span> <span class='ocrx_word' id='word_1_232' title='bbox 2435 775 2739 830; x_wconf 80' lang='lat' dir='ltr'><strong>magnoque</strong></span> <span class='ocrx_word' id='word_1_233' title='bbox 2769 773 2894 813; x_wconf 91' lang='lat' dir='ltr'><strong>cum</strong></span> <span class='ocrx_word' id='word_1_234' title='bbox 2923 770 3087 811; x_wconf 88' lang='lat' dir='ltr'><strong>sensu</strong></span> <span class='ocrx_word' id='word_1_235' title='bbox 3117 754 3183 807; x_wconf 88' lang='lat' dir='ltr'><strong>de</strong></span> <span class='ocrx_word' id='word_1_236' title='bbox 3229 751 3298 805; x_wconf 94' lang='lat' dir='ltr'><strong>iis</strong></span> <span class='ocrx_word' id='word_1_237' title='bbox 3321 748 3498 816; x_wconf 83' lang='lat' dir='ltr'><strong>loqui,</strong></span> <span class='ocrx_word' id='word_1_238' title='bbox 3521 759 3585 798; x_wconf 85' lang='lat' dir='ltr'><strong>ac</strong></span> 
     </span>
    </p>
   </div>
   <div class='ocr_carea' id='block_1_34' title="bbox 2016 837 3590 922">
    <p class='ocr_par' dir='ltr' id='par_1_34' title="bbox 2016 837 3590 922">
     <span class='ocr_line' id='line_1_34' title="bbox 2016 837 3590 922; baseline -0.01 -19"><span class='ocrx_word' id='word_1_239' title='bbox 2016 852 2283 914; x_wconf 85' lang='lat' dir='ltr'><strong>scribere,</strong></span> <span class='ocrx_word' id='word_1_240' title='bbox 2333 868 2456 922; x_wconf 75' lang='lat' dir='ltr'><strong>qua:</strong></span> <span class='ocrx_word' id='word_1_241' title='bbox 2497 860 2596 906; x_wconf 91' lang='lat' dir='ltr'><strong>aut</strong></span> <span class='ocrx_word' id='word_1_242' title='bbox 2653 849 2906 904; x_wconf 86' lang='lat' dir='ltr'><strong>absentia</strong></span> <span class='ocrx_word' id='word_1_243' title='bbox 2960 845 3120 900; x_wconf 81' lang='lat' dir='ltr'><strong>valde</strong></span> <span class='ocrx_word' id='word_1_244' title='bbox 3167 845 3224 897; x_wconf 91' lang='lat' dir='ltr'><strong>in</strong></span> <span class='ocrx_word' id='word_1_245' title='bbox 3278 837 3590 900; x_wconf 77' lang='lat' dir='ltr'><strong>desideriis,</strong></span> 
     </span>
    </p>
   </div>
   <div class='ocr_carea' id='block_1_35' title="bbox 2017 933 3588 1015">
    <p class='ocr_par' dir='ltr' id='par_1_35' title="bbox 2017 933 3588 1015">
     <span class='ocr_line' id='line_1_35' title="bbox 2017 933 3588 1015; baseline -0.013 -14"><span class='ocrx_word' id='word_1_246' title='bbox 2017 956 2110 1001; x_wconf 82' lang='lat' dir='ltr'><strong>aut</strong></span> <span class='ocrx_word' id='word_1_247' title='bbox 2140 945 2428 1015; x_wconf 71' lang='lat' dir='ltr'><strong>pricsentia</strong></span> <span class='ocrx_word' id='word_1_248' title='bbox 2466 946 2827 996; x_wconf 82' lang='lat' dir='ltr'><strong>vehementer</strong></span> <span class='ocrx_word' id='word_1_249' title='bbox 2856 938 3016 993; x_wconf 89' lang='lat' dir='ltr'><strong>nobis</strong></span> <span class='ocrx_word' id='word_1_250' title='bbox 3044 937 3098 990; x_wconf 90' lang='lat' dir='ltr'><strong>in</strong></span> <span class='ocrx_word' id='word_1_251' title='bbox 3125 933 3410 989; x_wconf 88' lang='lat' dir='ltr'><strong>amoribus</strong></span> <span class='ocrx_word' id='word_1_252' title='bbox 3439 937 3588 983; x_wconf 87' lang='lat' dir='ltr'><strong>sunt.</strong></span> 
     </span>
    </p>
   </div>
   <div class='ocr_carea' id='block_1_36' title="bbox 2017 1021 3595 1096">
    <p class='ocr_par' dir='ltr' id='par_1_36' title="bbox 2017 1021 3595 1096">
     <span class='ocr_line' id='line_1_36' title="bbox 2017 1021 3595 1096; baseline -0.015 -4"><span class='ocrx_word' id='word_1_253' title='bbox 2017 1037 2129 1092; x_wconf 81' lang='lat' dir='ltr'><strong>Nec</strong></span> <span class='ocrx_word' id='word_1_254' title='bbox 2159 1039 2302 1096; x_wconf 89' lang='lat' dir='ltr'><strong>alius</strong></span> <span class='ocrx_word' id='word_1_255' title='bbox 2341 1045 2450 1090; x_wconf 91' lang='lat' dir='ltr'><strong>tam</strong></span> <span class='ocrx_word' id='word_1_256' title='bbox 2493 1034 2700 1088; x_wconf 88' lang='lat' dir='ltr'><strong>diserte</strong></span> <span class='ocrx_word' id='word_1_257' title='bbox 2736 1032 2804 1086; x_wconf 87' lang='lat' dir='ltr'><strong>de</strong></span> <span class='ocrx_word' id='word_1_258' title='bbox 2839 1037 3097 1084; x_wconf 85' lang='lat' dir='ltr'><strong>recusato</strong></span> <span class='ocrx_word' id='word_1_259' title='bbox 3136 1025 3302 1079; x_wconf 87' lang='lat' dir='ltr'><strong>toties</strong></span> <span class='ocrx_word' id='word_1_260' title='bbox 3334 1021 3595 1092; x_wconf 83' lang='lat' dir='ltr'><strong>imperio,</strong></span> 
     </span>
    </p>
   </div>
   <div class='ocr_carea' id='block_1_37' title="bbox 2019 1111 3596 1197">
    <p class='ocr_par' dir='ltr' id='par_1_37' title="bbox 2019 1111 3596 1197">
     <span class='ocr_line' id='line_1_37' title="bbox 2019 1111 3596 1197; baseline -0.014 -13"><span class='ocrx_word' id='word_1_261' title='bbox 2019 1131 2088 1184; x_wconf 84' lang='lat' dir='ltr'><strong>de</strong></span> <span class='ocrx_word' id='word_1_262' title='bbox 2122 1129 2377 1184; x_wconf 81' lang='lat' dir='ltr'><strong>libertate</strong></span> <span class='ocrx_word' id='word_1_263' title='bbox 2407 1126 2550 1197; x_wconf 89' lang='lat' dir='ltr'><strong>apud</strong></span> <span class='ocrx_word' id='word_1_264' title='bbox 2590 1123 2966 1179; x_wconf 85' lang='lat' dir='ltr'><strong>Andronicum</strong></span> <span class='ocrx_word' id='word_1_265' title='bbox 2999 1134 3122 1180; x_wconf 84' lang='lat' dir='ltr'><strong>sua,</strong></span> <span class='ocrx_word' id='word_1_266' title='bbox 3186 1117 3366 1184; x_wconf 89' lang='lat' dir='ltr'><strong>deque</strong></span> <span class='ocrx_word' id='word_1_267' title='bbox 3398 1111 3596 1180; x_wconf 84' lang='lat' dir='ltr'><strong>ampli-</strong></span> 
     </span>
    </p>
   </div>
   <div class='ocr_carea' id='block_1_38' title="bbox 2022 1205 3647 1298">
    <p class='ocr_par' dir='ltr' id='par_1_38' title="bbox 2022 1205 3647 1298">
     <span class='ocr_line' id='line_1_38' title="bbox 2022 1205 3647 1298; baseline -0.015 -21"><span class='ocrx_word' id='word_1_268' title='bbox 2022 1223 2212 1278; x_wconf 90' lang='lat' dir='ltr'><strong>tudine</strong></span> <span class='ocrx_word' id='word_1_269' title='bbox 2243 1219 2532 1290; x_wconf 84' lang='lat' dir='ltr'><strong>potestatis</strong></span> <span class='ocrx_word' id='word_1_270' title='bbox 2566 1231 2731 1287; x_wconf 89' lang='lat' dir='ltr'><strong>quam</strong></span> <span class='ocrx_word' id='word_1_271' title='bbox 2763 1212 3120 1270; x_wconf 84' lang='lat' dir='ltr'><strong>obtinuisset,</strong></span> <span class='ocrx_word' id='word_1_272' title='bbox 3155 1217 3356 1298; x_wconf 69' lang='lat' dir='ltr'><strong>praeter</strong></span> <span class='ocrx_word' id='word_1_273' title='bbox 3387 1205 3598 1298; x_wconf 84' lang='lat' dir='ltr'><strong>ipsum-</strong></span> <span class='ocrx_word' id='word_1_274' title='bbox 3637 1291 3647 1298; x_wconf 39' lang='lat'><em>-</em></span> 
     </span>
    </p>
   </div>
   <div class='ocr_carea' id='block_1_39' title="bbox 2023 1297 3594 1375">
    <p class='ocr_par' dir='ltr' id='par_1_39' title="bbox 2023 1297 3594 1375">
     <span class='ocr_line' id='line_1_39' title="bbox 2023 1297 3594 1375; baseline -0.016 -5"><span class='ocrx_word' id='word_1_275' title='bbox 2023 1321 2134 1369; x_wconf 88' lang='lat' dir='ltr'><strong>met</strong></span> <span class='ocrx_word' id='word_1_276' title='bbox 2152 1329 2387 1375; x_wconf 70' lang='lat' dir='ltr'><strong>narrare</strong></span> <span class='ocrx_word' id='word_1_277' title='bbox 2415 1310 2702 1370; x_wconf 88' lang='lat' dir='ltr'><strong>voluisset,</strong></span> <span class='ocrx_word' id='word_1_278' title='bbox 2728 1305 2945 1362; x_wconf 89' lang='lat' dir='ltr'><strong>etiamsi</strong></span> <span class='ocrx_word' id='word_1_279' title='bbox 2977 1303 3268 1374; x_wconf 72' lang='lat' dir='ltr'><strong>potuisset.</strong></span> <span class='ocrx_word' id='word_1_280' title='bbox 3291 1297 3594 1364; x_wconf 66' lang='lat' dir='ltr'><strong>Scriptura!</strong></span> 
     </span>
    </p>
   </div>
   <div class='ocr_carea' id='block_1_40' title="bbox 2023 1390 3594 1474">
    <p class='ocr_par' dir='ltr' id='par_1_40' title="bbox 2023 1390 3594 1474">
     <span class='ocr_line' id='line_1_40' title="bbox 2023 1390 3594 1474; baseline -0.018 -10"><span class='ocrx_word' id='word_1_281' title='bbox 2023 1418 2226 1464; x_wconf 64' lang='lat' dir='ltr'><strong>sanctae</strong></span> <span class='ocrx_word' id='word_1_282' title='bbox 2250 1407 2412 1462; x_wconf 88' lang='lat' dir='ltr'><strong>toties</strong></span> <span class='ocrx_word' id='word_1_283' title='bbox 2438 1403 2741 1474; x_wconf 66' lang='lat' dir='ltr'><strong>productae,</strong></span> <span class='ocrx_word' id='word_1_284' title='bbox 2766 1411 2822 1454; x_wconf 90' lang='lat' dir='ltr'><strong>et</strong></span> <span class='ocrx_word' id='word_1_285' title='bbox 2842 1395 3151 1452; x_wconf 88' lang='lat' dir='ltr'><strong>monastica</strong></span> <span class='ocrx_word' id='word_1_286' title='bbox 3170 1390 3465 1459; x_wconf 87' lang='lat' dir='ltr'><strong>disciplina</strong></span> <span class='ocrx_word' id='word_1_287' title='bbox 3487 1400 3594 1440; x_wconf 85' lang='lat' dir='ltr'><strong>non</strong></span> 
     </span>
    </p>
   </div>
   <div class='ocr_carea' id='block_1_41' title="bbox 2023 1487 3598 1566">
    <p class='ocr_par' dir='ltr' id='par_1_41' title="bbox 2023 1487 3598 1566">
     <span class='ocr_line' id='line_1_41' title="bbox 2023 1487 3598 1566; baseline -0.016 -10"><span class='ocrx_word' id='word_1_288' title='bbox 2023 1501 2192 1556; x_wconf 88' lang='lat' dir='ltr'><strong>semel</strong></span> <span class='ocrx_word' id='word_1_289' title='bbox 2213 1511 2319 1554; x_wconf 90' lang='lat' dir='ltr'><strong>tam</strong></span> <span class='ocrx_word' id='word_1_290' title='bbox 2337 1497 2540 1552; x_wconf 82' lang='lat' dir='ltr'><strong>eximie</strong></span> <span class='ocrx_word' id='word_1_291' title='bbox 2565 1495 2882 1566; x_wconf 78' lang='lat' dir='ltr'><strong>przedicata,</strong></span> <span class='ocrx_word' id='word_1_292' title='bbox 2909 1501 3074 1559; x_wconf 87' lang='lat' dir='ltr'><strong>atque</strong></span> <span class='ocrx_word' id='word_1_293' title='bbox 3106 1487 3272 1542; x_wconf 87' lang='lat' dir='ltr'><strong>etiam</strong></span> <span class='ocrx_word' id='word_1_294' title='bbox 3299 1499 3398 1554; x_wconf 90' lang='lat' dir='ltr'><strong>per</strong></span> <span class='ocrx_word' id='word_1_295' title='bbox 3422 1491 3598 1535; x_wconf 84' lang='lat' dir='ltr'><strong>totam</strong></span> 
     </span>
    </p>
   </div>
   <div class='ocr_carea' id='block_1_42' title="bbox 2024 1576 3654 1659">
    <p class='ocr_par' dir='ltr' id='par_1_42' title="bbox 2024 1576 3654 1659">
     <span class='ocr_line' id='line_1_42' title="bbox 2024 1576 3654 1659; baseline -0.013 -12"><span class='ocrx_word' id='word_1_296' title='bbox 2024 1592 2310 1647; x_wconf 79' lang='lat' dir='ltr'><strong>historiam</strong></span> <span class='ocrx_word' id='word_1_297' title='bbox 2337 1603 2538 1659; x_wconf 59' lang='lat' dir='ltr'><strong>sparsae</strong></span> <span class='ocrx_word' id='word_1_298' title='bbox 2558 1596 2635 1642; x_wconf 87' lang='lat' dir='ltr'><strong>tot</strong></span> <span class='ocrx_word' id='word_1_299' title='bbox 2659 1584 2880 1655; x_wconf 86' lang='lat' dir='ltr'><strong>pictatis</strong></span> <span class='ocrx_word' id='word_1_300' title='bbox 2904 1591 3067 1644; x_wconf 70' lang='lat' dir='ltr'><strong>notae,</strong></span> <span class='ocrx_word' id='word_1_301' title='bbox 3092 1594 3202 1632; x_wconf 90' lang='lat' dir='ltr'><strong>non</strong></span> <span class='ocrx_word' id='word_1_302' title='bbox 3237 1576 3403 1630; x_wconf 85' lang='lat' dir='ltr'><strong>alium</strong></span> <span class='ocrx_word' id='word_1_303' title='bbox 3429 1586 3595 1642; x_wconf 87' lang='lat' dir='ltr'><strong>quam</strong></span> <span class='ocrx_word' id='word_1_304' title='bbox 3647 1621 3654 1626; x_wconf 92' lang='lat'><strong>.</strong></span> 
     </span>
    </p>
   </div>
   <div class='ocr_carea' id='block_1_43' title="bbox 2027 1664 3602 1746">
    <p class='ocr_par' dir='ltr' id='par_1_43' title="bbox 2027 1664 3602 1746">
     <span class='ocr_line' id='line_1_43' title="bbox 2027 1664 3602 1746; baseline -0.015 -8"><span class='ocrx_word' id='word_1_305' title='bbox 2027 1684 2356 1739; x_wconf 73' lang='lat' dir='ltr'><strong>monachum.</strong></span> <span class='ocrx_word' id='word_1_306' title='bbox 2403 1683 2575 1739; x_wconf 87' lang='lat' dir='ltr'><strong>olent,</strong></span> <span class='ocrx_word' id='word_1_307' title='bbox 2627 1677 2808 1746; x_wconf 90' lang='lat' dir='ltr'><strong>qualis</strong></span> <span class='ocrx_word' id='word_1_308' title='bbox 2855 1675 2948 1728; x_wconf 93' lang='lat' dir='ltr'><strong>ille</strong></span> <span class='ocrx_word' id='word_1_309' title='bbox 2998 1683 3111 1726; x_wconf 90' lang='lat' dir='ltr'><strong>tum</strong></span> <span class='ocrx_word' id='word_1_310' title='bbox 3142 1677 3280 1732; x_wconf 89' lang='lat' dir='ltr'><strong>erat,</strong></span> <span class='ocrx_word' id='word_1_311' title='bbox 3315 1679 3440 1720; x_wconf 89' lang='lat' dir='ltr'><strong>cum</strong></span> <span class='ocrx_word' id='word_1_312' title='bbox 3482 1664 3602 1716; x_wconf 63' lang='lat' dir='ltr'><strong>hare</strong></span> 
     </span>
    </p>
   </div>
   <div class='ocr_carea' id='block_1_44' title="bbox 2025 1755 3600 1836">
    <p class='ocr_par' dir='ltr' id='par_1_44' title="bbox 2025 1755 3600 1836">
     <span class='ocr_line' id='line_1_44' title="bbox 2025 1755 3600 1836; baseline -0.015 -5"><span class='ocrx_word' id='word_1_313' title='bbox 2025 1775 2232 1831; x_wconf 88' lang='lat' dir='ltr'><strong>chartis</strong></span> <span class='ocrx_word' id='word_1_314' title='bbox 2281 1773 2584 1828; x_wconf 89' lang='lat' dir='ltr'><strong>mandaret.</strong></span> <span class='ocrx_word' id='word_1_315' title='bbox 2625 1768 2852 1824; x_wconf 87' lang='lat' dir='ltr'><strong>Dicendi</strong></span> <span class='ocrx_word' id='word_1_316' title='bbox 2901 1780 3094 1836; x_wconf 83' lang='lat' dir='ltr'><strong>genus,</strong></span> <span class='ocrx_word' id='word_1_317' title='bbox 3143 1759 3292 1830; x_wconf 86' lang='lat' dir='ltr'><strong>quod</strong></span> <span class='ocrx_word' id='word_1_318' title='bbox 3337 1759 3393 1812; x_wconf 91' lang='lat' dir='ltr'><strong>in</strong></span> <span class='ocrx_word' id='word_1_319' title='bbox 3442 1755 3600 1810; x_wconf 85' lang='lat' dir='ltr'><strong>libris</strong></span> 
     </span>
    </p>
   </div>
   <div class='ocr_carea' id='block_1_45' title="bbox 2022 1848 3599 1924">
    <p class='ocr_par' dir='ltr' id='par_1_45' title="bbox 2022 1848 3599 1924">
     <span class='ocr_line' id='line_1_45' title="bbox 2022 1848 3599 1924; baseline -0.014 -2"><span class='ocrx_word' id='word_1_320' title='bbox 2022 1878 2214 1922; x_wconf 90' lang='lat' dir='ltr'><strong>contra</strong></span> <span class='ocrx_word' id='word_1_321' title='bbox 2242 1865 2677 1924; x_wconf 84' lang='lat' dir='ltr'><strong>Mahomelanos,</strong></span> <span class='ocrx_word' id='word_1_322' title='bbox 2707 1870 2764 1916; x_wconf 90' lang='lat' dir='ltr'><strong>et</strong></span> <span class='ocrx_word' id='word_1_323' title='bbox 2792 1859 3014 1914; x_wconf 69' lang='lat' dir='ltr'><strong>Judmos</strong></span> <span class='ocrx_word' id='word_1_324' title='bbox 3045 1857 3098 1909; x_wconf 91' lang='lat' dir='ltr'><strong>in</strong></span> <span class='ocrx_word' id='word_1_325' title='bbox 3127 1851 3447 1908; x_wconf 79' lang='lat' dir='ltr'><strong>defensione</strong></span> <span class='ocrx_word' id='word_1_326' title='bbox 3475 1848 3599 1902; x_wconf 86' lang='lat' dir='ltr'><strong>lidei</strong></span> 
     </span>
    </p>
   </div>
   <div class='ocr_carea' id='block_1_46' title="bbox 2021 1938 3600 2016">
    <p class='ocr_par' dir='ltr' id='par_1_46' title="bbox 2021 1938 3600 2016">
     <span class='ocr_line' id='line_1_46' title="bbox 2021 1938 3600 2016; baseline -0.013 -3"><span class='ocrx_word' id='word_1_327' title='bbox 2021 1943 2347 2013; x_wconf 78' lang='lat' dir='ltr'><strong>Christiana:</strong></span> <span class='ocrx_word' id='word_1_328' title='bbox 2393 1953 2674 2016; x_wconf 89' lang='lat' dir='ltr'><strong>adhibuit,</strong></span> <span class='ocrx_word' id='word_1_329' title='bbox 2713 1952 2841 2006; x_wconf 85' lang='lat' dir='ltr'><strong>ideo</strong></span> <span class='ocrx_word' id='word_1_330' title='bbox 2875 1945 3142 2002; x_wconf 82' lang='lat' dir='ltr'><strong>dissimile</strong></span> <span class='ocrx_word' id='word_1_331' title='bbox 3169 1951 3274 2007; x_wconf 88' lang='lat' dir='ltr'><strong>est,</strong></span> <span class='ocrx_word' id='word_1_332' title='bbox 3311 1941 3441 2011; x_wconf 91' lang='lat' dir='ltr'><strong>quia</strong></span> <span class='ocrx_word' id='word_1_333' title='bbox 3485 1938 3600 1992; x_wconf 81' lang='lat' dir='ltr'><strong>iliic</strong></span> 
     </span>
    </p>
   </div>
   <div class='ocr_carea' id='block_1_47' title="bbox 2023 2032 3600 2136">
    <p class='ocr_par' dir='ltr' id='par_1_47' title="bbox 2023 2032 3600 2136">
     <span class='ocr_line' id='line_1_47' title="bbox 2023 2032 3600 2136; baseline -0.013 -32"><span class='ocrx_word' id='word_1_334' title='bbox 2023 2049 2325 2120; x_wconf 82' lang='lat' dir='ltr'><strong>disputatio</strong></span> <span class='ocrx_word' id='word_1_335' title='bbox 2355 2047 2608 2117; x_wconf 65' lang='lat' dir='ltr'><strong>quaedam</strong></span> <span class='ocrx_word' id='word_1_336' title='bbox 2641 2053 2928 2114; x_wconf 88' lang='lat' dir='ltr'><strong>perpetua,</strong></span> <span class='ocrx_word' id='word_1_337' title='bbox 2961 2051 3015 2094; x_wconf 91' lang='lat' dir='ltr'><strong>et</strong></span> <span class='ocrx_word' id='word_1_338' title='bbox 3050 2038 3341 2092; x_wconf 87' lang='lat' dir='ltr'><strong>dialectica</strong></span> <span class='ocrx_word' id='word_1_339' title='bbox 3380 2032 3600 2136; x_wconf 74' lang='lat' dir='ltr'><strong>potius;</strong></span> 
     </span>
    </p>
   </div>
   <div class='ocr_carea' id='block_1_48' title="bbox 2025 2130 3598 2200">
    <p class='ocr_par' dir='ltr' id='par_1_48' title="bbox 2025 2130 3598 2200">
     <span class='ocr_line' id='line_1_48' title="bbox 2025 2130 3598 2200; baseline -0.016 -3"><span class='ocrx_word' id='word_1_340' title='bbox 2025 2143 2114 2197; x_wconf 86' lang='lat' dir='ltr'><strong>hic</strong></span> <span class='ocrx_word' id='word_1_341' title='bbox 2163 2141 2410 2195; x_wconf 84' lang='lat' dir='ltr'><strong>narratio</strong></span> <span class='ocrx_word' id='word_1_342' title='bbox 2469 2138 2691 2200; x_wconf 72' lang='lat' dir='ltr'><strong>diffusa,</strong></span> <span class='ocrx_word' id='word_1_343' title='bbox 2759 2143 2817 2188; x_wconf 86' lang='lat' dir='ltr'><strong>et</strong></span> <span class='ocrx_word' id='word_1_344' title='bbox 2879 2131 3201 2187; x_wconf 90' lang='lat' dir='ltr'><strong>continuata</strong></span> <span class='ocrx_word' id='word_1_345' title='bbox 3258 2130 3598 2192; x_wconf 68' lang='lat' dir='ltr'><strong>suscipitur;</strong></span> 
     </span>
    </p>
   </div>
   <div class='ocr_carea' id='block_1_49' title="bbox 2022 2220 3599 2305">
    <p class='ocr_par' dir='ltr' id='par_1_49' title="bbox 2022 2220 3599 2305">
     <span class='ocr_line' id='line_1_49' title="bbox 2022 2220 3599 2305; baseline -0.016 -16"><span class='ocrx_word' id='word_1_346' title='bbox 2022 2235 2256 2305; x_wconf 88' lang='lat' dir='ltr'><strong>proinde</strong></span> <span class='ocrx_word' id='word_1_347' title='bbox 2289 2241 2352 2286; x_wconf 90' lang='lat' dir='ltr'><strong>ut</strong></span> <span class='ocrx_word' id='word_1_348' title='bbox 2387 2231 2492 2285; x_wconf 90' lang='lat' dir='ltr'><strong>alia</strong></span> <span class='ocrx_word' id='word_1_349' title='bbox 2526 2229 2628 2290; x_wconf 90' lang='lat' dir='ltr'><strong>ibi,</strong></span> <span class='ocrx_word' id='word_1_350' title='bbox 2656 2227 2762 2281; x_wconf 88' lang='lat' dir='ltr'><strong>alia</strong></span> <span class='ocrx_word' id='word_1_351' title='bbox 2799 2225 2888 2279; x_wconf 90' lang='lat' dir='ltr'><strong>hic</strong></span> <span class='ocrx_word' id='word_1_352' title='bbox 2914 2220 3205 2283; x_wconf 79' lang='lat' dir='ltr'><strong>sit‘facies,</strong></span> <span class='ocrx_word' id='word_1_353' title='bbox 3237 2223 3599 2305; x_wconf 6' lang='lat' dir='ltr'><strong>necessepcst.</strong></span> 
     </span>
    </p>
   </div>
   <div class='ocr_carea' id='block_1_50' title="bbox 2026 2303 3604 2386">
    <p class='ocr_par' dir='ltr' id='par_1_50' title="bbox 2026 2303 3604 2386">
     <span class='ocr_line' id='line_1_50' title="bbox 2026 2303 3604 2386; baseline -0.017 -5"><span class='ocrx_word' id='word_1_354' title='bbox 2026 2303 2118 2381; x_wconf 75' lang='lat' dir='ltr'><strong>illa</strong></span> <span class='ocrx_word' id='word_1_355' title='bbox 2151 2326 2378 2380; x_wconf 91' lang='lat' dir='ltr'><strong>demum</strong></span> <span class='ocrx_word' id='word_1_356' title='bbox 2416 2323 2514 2376; x_wconf 85' lang='lat' dir='ltr'><strong>lib.</strong></span> <span class='ocrx_word' id='word_1_357' title='bbox 2553 2336 2628 2383; x_wconf 85' lang='lat' dir='ltr'><strong>iv,</strong></span> <span class='ocrx_word' id='word_1_358' title='bbox 2661 2333 2781 2386; x_wconf 87' lang='lat' dir='ltr'><strong>cap.</strong></span> <span class='ocrx_word' id='word_1_359' title='bbox 2817 2315 2887 2368; x_wconf 70' lang='grc'><strong>24</strong></span> <span class='ocrx_word' id='word_1_360' title='bbox 2916 2327 2972 2368; x_wconf 90' lang='lat' dir='ltr'><strong>et</strong></span> <span class='ocrx_word' id='word_1_361' title='bbox 3015 2311 3108 2372; x_wconf 65' lang='lat'><strong>23,</strong></span> <span class='ocrx_word' id='word_1_362' title='bbox 3139 2310 3409 2363; x_wconf 87' lang='lat' dir='ltr'><strong>adversus</strong></span> <span class='ocrx_word' id='word_1_363' title='bbox 3441 2303 3604 2359; x_wconf 79' lang='lat' dir='ltr'><strong>Nice-</strong></span> 
     </span>
    </p>
   </div>
   <div class='ocr_carea' id='block_1_51' title="bbox 2023 2396 3604 2498">
    <p class='ocr_par' dir='ltr' id='par_1_51' title="bbox 2023 2396 3604 2498">
     <span class='ocr_line' id='line_1_51' title="bbox 2023 2396 3604 2498; baseline -0.016 -25"><span class='ocrx_word' id='word_1_364' title='bbox 2023 2420 2259 2490; x_wconf 85' lang='lat' dir='ltr'><strong>phorum</strong></span> <span class='ocrx_word' id='word_1_365' title='bbox 2286 2416 2583 2481; x_wconf 72' lang='lat' dir='ltr'><strong>Gregoram</strong></span> <span class='ocrx_word' id='word_1_366' title='bbox 2618 2411 2788 2465; x_wconf 87' lang='lat' dir='ltr'><strong>multa</strong></span> <span class='ocrx_word' id='word_1_367' title='bbox 2823 2423 2949 2464; x_wconf 90' lang='lat' dir='ltr'><strong>cum</strong></span> <span class='ocrx_word' id='word_1_368' title='bbox 2981 2400 3310 2462; x_wconf 86' lang='lat' dir='ltr'><strong>acrimonia,</strong></span> <span class='ocrx_word' id='word_1_369' title='bbox 3347 2406 3404 2452; x_wconf 86' lang='lat' dir='ltr'><strong>et</strong></span> <span class='ocrx_word' id='word_1_370' title='bbox 3426 2396 3604 2498; x_wconf 61' lang='lat' dir='ltr'><strong>iusius</strong></span> 
     </span>
    </p>
   </div>
   <div class='ocr_carea' id='block_1_52' title="bbox 2025 2489 3604 2592">
    <p class='ocr_par' dir='ltr' id='par_1_52' title="bbox 2025 2489 3604 2592">
     <span class='ocr_line' id='line_1_52' title="bbox 2025 2489 3604 2592; baseline -0.016 -28"><span class='ocrx_word' id='word_1_371' title='bbox 2025 2489 2204 2582; x_wconf 86' lang='lat' dir='ltr'><strong>posita</strong></span> <span class='ocrx_word' id='word_1_372' title='bbox 2233 2511 2335 2578; x_wconf 81' lang='lat' dir='ltr'><strong>(ne</strong></span> <span class='ocrx_word' id='word_1_373' title='bbox 2362 2506 2600 2577; x_wconf 89' lang='lat' dir='ltr'><strong>amplius</strong></span> <span class='ocrx_word' id='word_1_374' title='bbox 2621 2504 2921 2558; x_wconf 90' lang='lat' dir='ltr'><strong>verborum</strong></span> <span class='ocrx_word' id='word_1_375' title='bbox 2950 2499 3006 2552; x_wconf 91' lang='lat' dir='ltr'><strong>in</strong></span> <span class='ocrx_word' id='word_1_376' title='bbox 3033 2511 3091 2550; x_wconf 92' lang='lat' dir='ltr'><strong>re</strong></span> <span class='ocrx_word' id='word_1_377' title='bbox 3121 2507 3314 2564; x_wconf 87' lang='lat' dir='ltr'><strong>parum</strong></span> <span class='ocrx_word' id='word_1_378' title='bbox 3348 2489 3604 2592; x_wconf 70' lang='lat' dir='ltr'><strong>ambigua</strong></span> 
     </span>
    </p>
   </div>
   <div class='ocr_carea' id='block_1_53' title="bbox 2025 2582 3603 2671">
    <p class='ocr_par' dir='ltr' id='par_1_53' title="bbox 2025 2582 3603 2671">
     <span class='ocr_line' id='line_1_53' title="bbox 2025 2582 3603 2671; baseline -0.015 -13"><span class='ocrx_word' id='word_1_379' title='bbox 2025 2601 2451 2669; x_wconf 81' lang='lat' dir='ltr'><strong>consumamus)</strong></span> <span class='ocrx_word' id='word_1_380' title='bbox 2503 2595 2790 2652; x_wconf 79' lang='lat' dir='ltr'><strong>manifeste</strong></span> <span class='ocrx_word' id='word_1_381' title='bbox 2839 2592 3000 2646; x_wconf 88' lang='lat' dir='ltr'><strong>nobis</strong></span> <span class='ocrx_word' id='word_1_382' title='bbox 3046 2587 3417 2657; x_wconf 88' lang='lat' dir='ltr'><strong>astipulantur</strong></span> <span class='ocrx_word' id='word_1_383' title='bbox 3446 2597 3469 2671; x_wconf 59' lang='lat'><strong>;_</strong></span> <span class='ocrx_word' id='word_1_384' title='bbox 3509 2582 3603 2634; x_wconf 89' lang='lat' dir='ltr'><strong>ubi</strong></span> 
     </span>
    </p>
   </div>
   <div class='ocr_carea' id='block_1_54' title="bbox 2025 2678 3684 2774">
    <p class='ocr_par' dir='ltr' id='par_1_54' title="bbox 2025 2678 3684 2774">
     <span class='ocr_line' id='line_1_54' title="bbox 2025 2678 3684 2774; baseline -0.017 -25"><span class='ocrx_word' id='word_1_385' title='bbox 2025 2711 2138 2765; x_wconf 76' lang='lat' dir='ltr'><strong>prae</strong></span> <span class='ocrx_word' id='word_1_386' title='bbox 2189 2691 2566 2762; x_wconf 77' lang='lat' dir='ltr'><strong>indignatione</strong></span> <span class='ocrx_word' id='word_1_387' title='bbox 2604 2685 2966 2742; x_wconf 72' lang='lat' dir='ltr'><strong>dissimulata:</strong></span> <span class='ocrx_word' id='word_1_388' title='bbox 3002 2693 3250 2752; x_wconf 74' lang='lat' dir='ltr'><strong>persona:</strong></span> <span class='ocrx_word' id='word_1_389' title='bbox 3294 2678 3604 2734; x_wconf 80' lang='lat' dir='ltr'><strong>immenmr,</strong></span> <span class='ocrx_word' id='word_1_390' title='bbox 3671 2760 3684 2774; x_wconf 45' lang='grc' dir='ltr'><strong><em>Ι</em></strong></span> 
     </span>
    </p>
   </div>
   <div class='ocr_carea' id='block_1_55' title="bbox 2025 2767 3609 2842">
    <p class='ocr_par' dir='ltr' id='par_1_55' title="bbox 2025 2767 3609 2842">
     <span class='ocr_line' id='line_1_55' title="bbox 2025 2767 3609 2842; baseline -0.015 -4"><span class='ocrx_word' id='word_1_391' title='bbox 2025 2780 2247 2838; x_wconf 77' lang='lat' dir='ltr'><strong>causam</strong></span> <span class='ocrx_word' id='word_1_392' title='bbox 2320 2795 2477 2834; x_wconf 85' lang='lat' dir='ltr'><strong>suam</strong></span> <span class='ocrx_word' id='word_1_393' title='bbox 2513 2777 2828 2834; x_wconf 88' lang='lat' dir='ltr'><strong>accuratius</strong></span> <span class='ocrx_word' id='word_1_394' title='bbox 2867 2774 3002 2842; x_wconf 84' lang='lat' dir='ltr'><strong>agit,</strong></span> <span class='ocrx_word' id='word_1_395' title='bbox 3039 2783 3204 2840; x_wconf 90' lang='lat' dir='ltr'><strong>quam</strong></span> <span class='ocrx_word' id='word_1_396' title='bbox 3235 2767 3378 2820; x_wconf 84' lang='lat' dir='ltr'><strong>alius</strong></span> <span class='ocrx_word' id='word_1_397' title='bbox 3410 2779 3510 2834; x_wconf 83' lang='lat' dir='ltr'><strong>pro</strong></span> <span class='ocrx_word' id='word_1_398' title='bbox 3541 2778 3609 2815; x_wconf 89' lang='lat' dir='ltr'><strong>eo</strong></span> 
     </span>
    </p>
   </div>
   <div class='ocr_carea' id='block_1_56' title="bbox 2027 2855 3608 2945">
    <p class='ocr_par' dir='ltr' id='par_1_56' title="bbox 2027 2855 3608 2945">
     <span class='ocr_line' id='line_1_56' title="bbox 2027 2855 3608 2945; baseline -0.014 -17"><span class='ocrx_word' id='word_1_399' title='bbox 2027 2877 2229 2945; x_wconf 78' lang='lat' dir='ltr'><strong>egisset</strong></span> <span class='ocrx_word' id='word_1_400' title='bbox 2261 2891 2275 2927; x_wconf 91' lang='lat'>:</span> <span class='ocrx_word' id='word_1_401' title='bbox 2311 2871 2531 2927; x_wconf 87' lang='lat' dir='ltr'><strong>tametsi</strong></span> <span class='ocrx_word' id='word_1_402' title='bbox 2576 2870 2630 2926; x_wconf 88' lang='lat' dir='ltr'><strong>id</strong></span> <span class='ocrx_word' id='word_1_403' title='bbox 2668 2865 3020 2938; x_wconf 89' lang='lat' dir='ltr'><strong>postmodum</strong></span> <span class='ocrx_word' id='word_1_404' title='bbox 3051 2859 3521 2918; x_wconf 75' lang='lat' dir='ltr'><strong>anim-advertens,</strong></span> <span class='ocrx_word' id='word_1_405' title='bbox 3555 2855 3608 2907; x_wconf 90' lang='lat' dir='ltr'><strong>in</strong></span> 
     </span>
    </p>
   </div>
   <div class='ocr_carea' id='block_1_57' title="bbox 2029 2948 3612 3028">
    <p class='ocr_par' dir='ltr' id='par_1_57' title="bbox 2029 2948 3612 3028">
     <span class='ocr_line' id='line_1_57' title="bbox 2029 2948 3612 3028; baseline -0.013 -7"><span class='ocrx_word' id='word_1_406' title='bbox 2029 2970 2172 3022; x_wconf 85' lang='lat' dir='ltr'><strong>viam</strong></span> <span class='ocrx_word' id='word_1_407' title='bbox 2247 2971 2470 3028; x_wconf 88' lang='lat' dir='ltr'><strong>redeat,</strong></span> <span class='ocrx_word' id='word_1_408' title='bbox 2535 2973 2866 3028; x_wconf 86' lang='lat' dir='ltr'><strong>rursumque</strong></span> <span class='ocrx_word' id='word_1_409' title='bbox 2925 2955 3021 3026; x_wconf 91' lang='lat' dir='ltr'><strong>qui</strong></span> <span class='ocrx_word' id='word_1_410' title='bbox 3087 2955 3192 3016; x_wconf 89' lang='lat' dir='ltr'><strong>sit,</strong></span> <span class='ocrx_word' id='word_1_411' title='bbox 3259 2948 3612 3005; x_wconf 67' lang='lat' dir='ltr'><strong>dissimulare</strong></span> 
     </span>
    </p>
   </div>
   <div class='ocr_carea' id='block_1_58' title="bbox 2029 3058 2270 3114">
    <p class='ocr_par' dir='ltr' id='par_1_58' title="bbox 2029 3058 2270 3114">
     <span class='ocr_line' id='line_1_58' title="bbox 2029 3058 2270 3114; baseline -0.017 0"><span class='ocrx_word' id='word_1_412' title='bbox 2029 3058 2270 3114; x_wconf 88' lang='lat' dir='ltr'><strong>studeat.</strong></span> 
     </span>
    </p>
   </div>
   <div class='ocr_carea' id='block_1_59' title="bbox 352 3127 3610 3222">
    <p class='ocr_par' dir='ltr' id='par_1_59' title="bbox 352 3127 3610 3222">
     <span class='ocr_line' id='line_1_59' title="bbox 352 3127 3610 3222; baseline 0.003 -47"><span class='ocrx_word' id='word_1_413' title='bbox 352 3136 610 3193; x_wconf 86' lang='lat' dir='ltr'><strong>suprema</strong></span> <span class='ocrx_word' id='word_1_414' title='bbox 641 3127 747 3182; x_wconf 79' lang='lat' dir='ltr'><strong>fuit</strong></span> <span class='ocrx_word' id='word_1_415' title='bbox 779 3140 1042 3222; x_wconf 68' lang='lat' dir='ltr'><strong>potestas,</strong></span> <span class='ocrx_word' id='word_1_416' title='bbox 1087 3144 1140 3188; x_wconf 89' lang='lat' dir='ltr'><strong>et</strong></span> <span class='ocrx_word' id='word_1_417' title='bbox 1179 3136 1547 3206; x_wconf 85' lang='lat' dir='ltr'><strong>imperatoriae</strong></span> <span class='ocrx_word' id='word_1_418' title='bbox 1583 3142 1830 3208; x_wconf 79' lang='lat' dir='ltr'><strong>proxima</strong></span> <span class='ocrx_word' id='word_1_419' title='bbox 1871 3143 1924 3196; x_wconf 93' lang='lat' dir='ltr'><strong>in</strong></span> <span class='ocrx_word' id='word_1_420' title='bbox 1954 3141 1998 3198; x_wconf 74' lang='grc' dir='ltr'><strong>ϐ</strong></span> <span class='ocrx_word' id='word_1_421' title='bbox 2104 3153 2366 3221; x_wconf 83' lang='lat' dir='ltr'><strong>Sequitur</strong></span> <span class='ocrx_word' id='word_1_422' title='bbox 2396 3157 2456 3202; x_wconf 91' lang='lat' dir='ltr'><strong>ut</strong></span> <span class='ocrx_word' id='word_1_423' title='bbox 2485 3142 2878 3201; x_wconf 73' lang='lat' dir='ltr'><strong>demconomia</strong></span> <span class='ocrx_word' id='word_1_424' title='bbox 2900 3139 3144 3196; x_wconf 87' lang='lat' dir='ltr'><strong>breviter</strong></span> <span class='ocrx_word' id='word_1_425' title='bbox 3175 3145 3226 3192; x_wconf 91' lang='lat' dir='ltr'><strong>te</strong></span> <span class='ocrx_word' id='word_1_426' title='bbox 3261 3147 3610 3190; x_wconf 89' lang='lat' dir='ltr'><strong>moneamus.</strong></span> 
     </span>
    </p>
   </div>
   <div class='ocr_carea' id='block_1_60' title="bbox 353 3219 1924 3292">
    <p class='ocr_par' dir='ltr' id='par_1_60' title="bbox 353 3219 1924 3292">
     <span class='ocr_line' id='line_1_60' title="bbox 353 3219 1924 3292; baseline 0.013 -23"><span class='ocrx_word' id='word_1_427' title='bbox 353 3219 635 3282; x_wconf 86' lang='lat' dir='ltr'><strong>omnibus,</strong></span> <span class='ocrx_word' id='word_1_428' title='bbox 669 3231 726 3275; x_wconf 91' lang='lat' dir='ltr'><strong>et</strong></span> <span class='ocrx_word' id='word_1_429' title='bbox 772 3228 916 3292; x_wconf 89' lang='lat' dir='ltr'><strong>apud</strong></span> <span class='ocrx_word' id='word_1_430' title='bbox 941 3219 1148 3281; x_wconf 83' lang='lat' dir='ltr'><strong>omnes</strong></span> <span class='ocrx_word' id='word_1_431' title='bbox 1175 3229 1480 3284; x_wconf 89' lang='lat' dir='ltr'><strong>auctoritas</strong></span> <span class='ocrx_word' id='word_1_432' title='bbox 1510 3247 1524 3282; x_wconf 89' lang='lat'>:</span> <span class='ocrx_word' id='word_1_433' title='bbox 1558 3231 1670 3286; x_wconf 93' lang='lat' dir='ltr'><strong>imo</strong></span> <span class='ocrx_word' id='word_1_434' title='bbox 1698 3249 1830 3288; x_wconf 75' lang='lat' dir='ltr'><strong>vero</strong></span> <span class='ocrx_word' id='word_1_435' title='bbox 1857 3236 1924 3290; x_wconf 87' lang='lat' dir='ltr'><strong>ad</strong></span> 
     </span>
    </p>
   </div>
   <div class='ocr_carea' id='block_1_61' title="bbox 355 3309 1944 3392">
    <p class='ocr_par' dir='ltr' id='par_1_61' title="bbox 355 3309 1944 3392">
     <span class='ocr_line' id='line_1_61' title="bbox 355 3309 1944 3392; baseline 0.014 -30"><span class='ocrx_word' id='word_1_436' title='bbox 355 3309 533 3376; x_wconf 81' lang='lat' dir='ltr'><strong>ipsum</strong></span> <span class='ocrx_word' id='word_1_437' title='bbox 570 3328 775 3370; x_wconf 78' lang='lat' dir='ltr'><strong>munus</strong></span> <span class='ocrx_word' id='word_1_438' title='bbox 804 3315 1246 3386; x_wconf 88' lang='lat' dir='ltr'><strong>imperatorium,</strong></span> <span class='ocrx_word' id='word_1_439' title='bbox 1286 3323 1432 3392; x_wconf 92' lang='lat' dir='ltr'><strong>quod</strong></span> <span class='ocrx_word' id='word_1_440' title='bbox 1466 3324 1608 3380; x_wconf 87' lang='lat' dir='ltr'><strong>idem</strong></span> <span class='ocrx_word' id='word_1_441' title='bbox 1654 3327 1792 3382; x_wconf 85' lang='lat' dir='ltr'><strong>citra</strong></span> <span class='ocrx_word' id='word_1_442' title='bbox 1829 3347 1944 3384; x_wconf 90' lang='lat' dir='ltr'><strong>no--</strong></span> 
     </span>
    </p>
   </div>
   <div class='ocr_carea' id='block_1_62' title="bbox 355 3405 1927 3478">
    <p class='ocr_par' dir='ltr' id='par_1_62' title="bbox 355 3405 1927 3478">
     <span class='ocr_line' id='line_1_62' title="bbox 355 3405 1927 3478; baseline 0.015 -23"><span class='ocrx_word' id='word_1_443' title='bbox 355 3417 481 3457; x_wconf 89' lang='lat' dir='ltr'><strong>men</strong></span> <span class='ocrx_word' id='word_1_444' title='bbox 517 3405 634 3467; x_wconf 90' lang='lat' dir='ltr'><strong>diu,</strong></span> <span class='ocrx_word' id='word_1_445' title='bbox 673 3409 1021 3474; x_wconf 87' lang='lat' dir='ltr'><strong>postmodum</strong></span> <span class='ocrx_word' id='word_1_446' title='bbox 1053 3423 1109 3468; x_wconf 90' lang='lat' dir='ltr'><strong>et</strong></span> <span class='ocrx_word' id='word_1_447' title='bbox 1141 3429 1220 3476; x_wconf 88' lang='lat' dir='ltr'><strong>re,</strong></span> <span class='ocrx_word' id='word_1_448' title='bbox 1264 3425 1317 3470; x_wconf 89' lang='lat' dir='ltr'><strong>et</strong></span> <span class='ocrx_word' id='word_1_449' title='bbox 1360 3418 1582 3472; x_wconf 87' lang='lat' dir='ltr'><strong>nomine</strong></span> <span class='ocrx_word' id='word_1_450' title='bbox 1614 3421 1802 3476; x_wconf 89' lang='lat' dir='ltr'><strong>multis</strong></span> <span class='ocrx_word' id='word_1_451' title='bbox 1827 3439 1927 3478; x_wconf 90' lang='lat' dir='ltr'><strong>an-</strong></span> 
     </span>
    </p>
   </div>
   <div class='ocr_carea' id='block_1_63' title="bbox 355 3485 1928 3584">
    <p class='ocr_par' dir='ltr' id='par_1_63' title="bbox 355 3485 1928 3584">
     <span class='ocr_line' id='line_1_63' title="bbox 355 3485 1928 3584; baseline 0.013 -36"><span class='ocrx_word' id='word_1_452' title='bbox 355 3497 444 3550; x_wconf 86' lang='lat' dir='ltr'><strong>nis</strong></span> <span class='ocrx_word' id='word_1_453' title='bbox 475 3485 912 3566; x_wconf 74' lang='lat' dir='ltr'><strong>administravit,</strong></span> <span class='ocrx_word' id='word_1_454' title='bbox 949 3505 1269 3572; x_wconf 82' lang='lat' dir='ltr'><strong>planissime</strong></span> <span class='ocrx_word' id='word_1_455' title='bbox 1317 3511 1599 3578; x_wconf 90' lang='lat' dir='ltr'><strong>pertinent</strong></span> <span class='ocrx_word' id='word_1_456' title='bbox 1631 3531 1645 3566; x_wconf 91' lang='lat'><strong>:</strong></span> <span class='ocrx_word' id='word_1_457' title='bbox 1688 3515 1782 3582; x_wconf 87' lang='lat' dir='ltr'><strong>qui</strong></span> <span class='ocrx_word' id='word_1_458' title='bbox 1819 3531 1928 3584; x_wconf 86' lang='lat' dir='ltr'><strong>quo</strong></span> 
     </span>
    </p>
   </div>
   <div class='ocr_carea' id='block_1_64' title="bbox 355 3595 1932 3674">
    <p class='ocr_par' dir='ltr' id='par_1_64' title="bbox 355 3595 1932 3674">
     <span class='ocr_line' id='line_1_64' title="bbox 355 3595 1932 3674; baseline 0.013 -32"><span class='ocrx_word' id='word_1_459' title='bbox 355 3601 520 3658; x_wconf 85' lang='lat' dir='ltr'><strong>pacto</strong></span> <span class='ocrx_word' id='word_1_460' title='bbox 557 3595 806 3662; x_wconf 72' lang='grc' dir='ltr'><strong>σωτηρία</strong></span> <span class='ocrx_word' id='word_1_461' title='bbox 835 3595 946 3649; x_wconf 84' lang='grc' dir='ltr'><strong>τῶν</strong></span> <span class='ocrx_word' id='word_1_462' title='bbox 974 3603 1326 3668; x_wconf 79' lang='grc' dir='ltr'><strong>πραγμάτων</strong></span> <span class='ocrx_word' id='word_1_463' title='bbox 1357 3602 1544 3668; x_wconf 82' lang='lat' dir='ltr'><strong>fuerit,</strong></span> <span class='ocrx_word' id='word_1_464' title='bbox 1593 3604 1822 3674; x_wconf 78' lang='lat' dir='ltr'><strong>legendo</strong></span> <span class='ocrx_word' id='word_1_465' title='bbox 1853 3607 1932 3662; x_wconf 90' lang='lat' dir='ltr'><strong>di-</strong></span> 
     </span>
    </p>
   </div>
   <div class='ocr_carea' id='block_1_65' title="bbox 358 3684 1931 3759">
    <p class='ocr_par' dir='ltr' id='par_1_65' title="bbox 358 3684 1931 3759">
     <span class='ocr_line' id='line_1_65' title="bbox 358 3684 1931 3759; baseline 0.011 -25"><span class='ocrx_word' id='word_1_466' title='bbox 358 3696 481 3744; x_wconf 79' lang='lat' dir='ltr'><strong>sces</strong></span> <span class='ocrx_word' id='word_1_467' title='bbox 515 3725 522 3734; x_wconf 89' lang='lat'><strong>.</strong></span> <span class='ocrx_word' id='word_1_468' title='bbox 556 3693 614 3738; x_wconf 87' lang='lat' dir='ltr'><strong>et</strong></span> <span class='ocrx_word' id='word_1_469' title='bbox 643 3684 784 3740; x_wconf 89' lang='lat' dir='ltr'><strong>nihil</strong></span> <span class='ocrx_word' id='word_1_470' title='bbox 816 3687 1007 3742; x_wconf 89' lang='lat' dir='ltr'><strong>verius</strong></span> <span class='ocrx_word' id='word_1_471' title='bbox 1037 3688 1145 3743; x_wconf 90' lang='lat' dir='ltr'><strong>dici</strong></span> <span class='ocrx_word' id='word_1_472' title='bbox 1177 3691 1424 3759; x_wconf 85' lang='lat' dir='ltr'><strong>potuisse</strong></span> <span class='ocrx_word' id='word_1_473' title='bbox 1459 3695 1787 3751; x_wconf 87' lang='lat' dir='ltr'><strong>constitues.</strong></span> <span class='ocrx_word' id='word_1_474' title='bbox 1833 3697 1931 3752; x_wconf 90' lang='lat' dir='ltr'><strong>llla</strong></span> 
     </span>
    </p>
   </div>
   <div class='ocr_carea' id='block_1_66' title="bbox 356 3771 1929 3850">
    <p class='ocr_par' dir='ltr' id='par_1_66' title="bbox 356 3771 1929 3850">
     <span class='ocr_line' id='line_1_66' title="bbox 356 3771 1929 3850; baseline 0.008 -24"><span class='ocrx_word' id='word_1_475' title='bbox 356 3771 616 3828; x_wconf 81' lang='lat' dir='ltr'><strong>similiter</strong></span> <span class='ocrx_word' id='word_1_476' title='bbox 655 3775 710 3828; x_wconf 92' lang='lat' dir='ltr'><strong>in</strong></span> <span class='ocrx_word' id='word_1_477' title='bbox 739 3791 903 3845; x_wconf 88' lang='lat' dir='ltr'><strong>quem</strong></span> <span class='ocrx_word' id='word_1_478' title='bbox 951 3778 1143 3838; x_wconf 87' lang='lat' dir='ltr'><strong>alium.</strong></span> <span class='ocrx_word' id='word_1_479' title='bbox 1185 3795 1390 3848; x_wconf 68' lang='lat' dir='ltr'><strong>quaaso,</strong></span> <span class='ocrx_word' id='word_1_480' title='bbox 1432 3782 1540 3836; x_wconf 90' lang='lat' dir='ltr'><strong>nisi</strong></span> <span class='ocrx_word' id='word_1_481' title='bbox 1575 3783 1630 3836; x_wconf 91' lang='lat' dir='ltr'><strong>in</strong></span> <span class='ocrx_word' id='word_1_482' title='bbox 1662 3785 1929 3850; x_wconf 62' lang='lat' dir='ltr'><strong>jeumdem</strong></span> 
     </span>
    </p>
   </div>
   <div class='ocr_carea' id='block_1_67' title="bbox 360 3865 1932 3944">
    <p class='ocr_par' dir='ltr' id='par_1_67' title="bbox 360 3865 1932 3944">
     <span class='ocr_line' id='line_1_67' title="bbox 360 3865 1932 3944; baseline 0.01 -28"><span class='ocrx_word' id='word_1_483' title='bbox 360 3865 654 3931; x_wconf 88' lang='lat' dir='ltr'><strong>quadrant,</strong></span> <span class='ocrx_word' id='word_1_484' title='bbox 707 3869 914 3936; x_wconf 88' lang='lat' dir='ltr'><strong>quibus</strong></span> <span class='ocrx_word' id='word_1_485' title='bbox 947 3885 1074 3924; x_wconf 90' lang='lat' dir='ltr'><strong>eum</strong></span> <span class='ocrx_word' id='word_1_486' title='bbox 1120 3869 1275 3926; x_wconf 81' lang='lat' dir='ltr'><strong>Nilus</strong></span> <span class='ocrx_word' id='word_1_487' title='bbox 1308 3873 1378 3926; x_wconf 88' lang='lat' dir='ltr'><strong>ab</strong></span> <span class='ocrx_word' id='word_1_488' title='bbox 1413 3876 1682 3944; x_wconf 82' lang='lat' dir='ltr'><strong>exemplis</strong></span> <span class='ocrx_word' id='word_1_489' title='bbox 1711 3887 1932 3932; x_wconf 89' lang='lat' dir='ltr'><strong>nostra—</strong></span> 
     </span>
    </p>
   </div>
   <div class='ocr_carea' id='block_1_68' title="bbox 361 3953 1934 4032">
    <p class='ocr_par' dir='ltr' id='par_1_68' title="bbox 361 3953 1934 4032">
     <span class='ocr_line' id='line_1_68' title="bbox 361 3953 1934 4032; baseline 0.011 -26"><span class='ocrx_word' id='word_1_490' title='bbox 361 3953 519 4018; x_wconf 91' lang='lat' dir='ltr'><strong>tium,</strong></span> <span class='ocrx_word' id='word_1_491' title='bbox 567 3969 999 4028; x_wconf 81' lang='lat' dir='ltr'><strong>exteroruinqne</strong></span> <span class='ocrx_word' id='word_1_492' title='bbox 1039 3963 1373 4031; x_wconf 82' lang='lat' dir='ltr'><strong>scriptorum</strong></span> <span class='ocrx_word' id='word_1_493' title='bbox 1418 3965 1644 4032; x_wconf 89' lang='lat' dir='ltr'><strong>incitat,</strong></span> <span class='ocrx_word' id='word_1_494' title='bbox 1689 3969 1766 4022; x_wconf 90' lang='lat' dir='ltr'><strong>uti</strong></span> <span class='ocrx_word' id='word_1_495' title='bbox 1813 3978 1934 4024; x_wconf 87' lang='lat' dir='ltr'><strong>acta</strong></span> 
     </span>
    </p>
   </div>
   <div class='ocr_carea' id='block_1_69' title="bbox 362 4050 1936 4122">
    <p class='ocr_par' dir='ltr' id='par_1_69' title="bbox 362 4050 1936 4122">
     <span class='ocr_line' id='line_1_69' title="bbox 362 4050 1936 4122; baseline 0.008 -22"><span class='ocrx_word' id='word_1_496' title='bbox 362 4061 458 4101; x_wconf 83' lang='lat' dir='ltr'><strong>sua</strong></span> <span class='ocrx_word' id='word_1_497' title='bbox 489 4050 770 4104; x_wconf 77' lang='lat' dir='ltr'><strong>memoria:</strong></span> <span class='ocrx_word' id='word_1_498' title='bbox 798 4051 1030 4120; x_wconf 81' lang='lat' dir='ltr'><strong>ipsemet</strong></span> <span class='ocrx_word' id='word_1_499' title='bbox 1061 4054 1292 4122; x_wconf 89' lang='lat' dir='ltr'><strong>prodat?</strong></span> <span class='ocrx_word' id='word_1_500' title='bbox 1316 4057 1473 4108; x_wconf 82' lang='grc' dir='ltr'><strong>Ἐστι</strong></span> <span class='ocrx_word' id='word_1_501' title='bbox 1511 4057 1569 4110; x_wconf 84' lang='grc' dir='ltr'><strong>δὲ</strong></span> <span class='ocrx_word' id='word_1_502' title='bbox 1600 4058 1694 4111; x_wconf 76' lang='grc' dir='ltr'><strong>καὶ</strong></span> <span class='ocrx_word' id='word_1_503' title='bbox 1726 4061 1808 4122; x_wconf 76' lang='grc' dir='ltr'><strong>εἰς</strong></span> <span class='ocrx_word' id='word_1_504' title='bbox 1831 4078 1936 4114; x_wconf 85' lang='grc' dir='ltr'><strong>πα-</strong></span> 
     </span>
    </p>
   </div>
   <div class='ocr_carea' id='block_1_70' title="bbox 360 4141 1936 4216">
    <p class='ocr_par' dir='ltr' id='par_1_70' title="bbox 360 4141 1936 4216">
     <span class='ocr_line' id='line_1_70' title="bbox 360 4141 1936 4216; baseline 0.008 -23"><span class='ocrx_word' id='word_1_505' title='bbox 360 4141 634 4210; x_wconf 78' lang='grc' dir='ltr'><strong>ράδειγμα</strong></span> <span class='ocrx_word' id='word_1_506' title='bbox 661 4143 762 4210; x_wconf 76' lang='grc' dir='ltr'><strong>τὴν</strong></span> <span class='ocrx_word' id='word_1_507' title='bbox 802 4144 1084 4213; x_wconf 75' lang='grc' dir='ltr'><strong>ἡμετέραν</strong></span> <span class='ocrx_word' id='word_1_508' title='bbox 1115 4146 1353 4199; x_wconf 77' lang='grc' dir='ltr'><strong>ἱκετείαν</strong></span> <span class='ocrx_word' id='word_1_509' title='bbox 1402 4148 1741 4216; x_wconf 78' lang='grc' dir='ltr'><strong>ἀνενεγκεῖν.</strong></span> <span class='ocrx_word' id='word_1_510' title='bbox 1771 4151 1936 4206; x_wconf 81' lang='grc' dir='ltr'><strong>Ἀντε</strong></span> 
     </span>
    </p>
   </div>
   <div class='ocr_carea' id='block_1_71' title="bbox 357 4231 1938 4313">
    <p class='ocr_par' dir='ltr' id='par_1_71' title="bbox 357 4231 1938 4313">
     <span class='ocr_line' id='line_1_71' title="bbox 357 4231 1938 4313; baseline 0.006 -27"><span class='ocrx_word' id='word_1_511' title='bbox 357 4231 467 4302; x_wconf 79' lang='grc' dir='ltr'><strong>γὰρ</strong></span> <span class='ocrx_word' id='word_1_512' title='bbox 497 4234 624 4296; x_wconf 77' lang='grc' dir='ltr'><strong>τοὺς</strong></span> <span class='ocrx_word' id='word_1_513' title='bbox 679 4233 906 4300; x_wconf 75' lang='grc' dir='ltr'><strong>ἔξωθεν,</strong></span> <span class='ocrx_word' id='word_1_514' title='bbox 954 4235 1080 4288; x_wconf 74' lang='grc' dir='ltr'><strong>ἄντε</strong></span> <span class='ocrx_word' id='word_1_515' title='bbox 1126 4239 1254 4300; x_wconf 80' lang='grc' dir='ltr'><strong>τοὺς</strong></span> <span class='ocrx_word' id='word_1_516' title='bbox 1310 4239 1616 4312; x_wconf 78' lang='grc' dir='ltr'><strong>ἡμετέρους</strong></span> <span class='ocrx_word' id='word_1_517' title='bbox 1661 4243 1938 4313; x_wconf 71' lang='grc' dir='ltr'><strong>ἡγεμόνας</strong></span> 
     </span>
    </p>
   </div>
   <div class='ocr_carea' id='block_1_72' title="bbox 359 4325 1938 4402">
    <p class='ocr_par' dir='ltr' id='par_1_72' title="bbox 359 4325 1938 4402">
     <span class='ocr_line' id='line_1_72' title="bbox 359 4325 1938 4402; baseline 0.009 -26"><span class='ocrx_word' id='word_1_518' title='bbox 359 4325 696 4395; x_wconf 75' lang='grc' dir='ltr'><strong>ἒνθυμηθῇς,</strong></span> <span class='ocrx_word' id='word_1_519' title='bbox 747 4327 1000 4396; x_wconf 76' lang='grc' dir='ltr'><strong>οὐδαμῶς</strong></span> <span class='ocrx_word' id='word_1_520' title='bbox 1051 4330 1328 4400; x_wconf 81' lang='grc' dir='ltr'><strong>ἀτιμάσῃς</strong></span> <span class='ocrx_word' id='word_1_521' title='bbox 1367 4331 1466 4402; x_wconf 78' lang='grc' dir='ltr'><strong>τὴν</strong></span> <span class='ocrx_word' id='word_1_522' title='bbox 1515 4334 1775 4402; x_wconf 75' lang='grc' dir='ltr'><strong>ἱστορίαν.</strong></span> <span class='ocrx_word' id='word_1_523' title='bbox 1831 4338 1938 4390; x_wconf 74' lang='grc' dir='ltr'><strong>Καὶ</strong></span> 
     </span>
    </p>
   </div>
   <div class='ocr_carea' id='block_1_73' title="bbox 357 4415 1935 4497">
    <p class='ocr_par' dir='ltr' id='par_1_73' title="bbox 357 4415 1935 4497">
     <span class='ocr_line' id='line_1_73' title="bbox 357 4415 1935 4497; baseline 0.007 -25"><span class='ocrx_word' id='word_1_524' title='bbox 357 4415 502 4474; x_wconf 61' lang='grc' dir='ltr'><strong>οὗτοι</strong></span> <span class='ocrx_word' id='word_1_525' title='bbox 533 4424 644 4490; x_wconf 79' lang='grc' dir='ltr'><strong>γὰρ</strong></span> <span class='ocrx_word' id='word_1_526' title='bbox 689 4422 932 4476; x_wconf 80' lang='grc' dir='ltr'><strong>κάκεῖνοι</strong></span> <span class='ocrx_word' id='word_1_527' title='bbox 959 4424 1051 4476; x_wconf 79' lang='grc' dir='ltr'><strong>ἐπὶ</strong></span> <span class='ocrx_word' id='word_1_528' title='bbox 1073 4423 1134 4476; x_wconf 80' lang='grc' dir='ltr'><strong>τὸ</strong></span> <span class='ocrx_word' id='word_1_529' title='bbox 1166 4427 1506 4496; x_wconf 76' lang='grc' dir='ltr'><strong>συγγράφειν</strong></span> <span class='ocrx_word' id='word_1_530' title='bbox 1537 4429 1786 4497; x_wconf 73' lang='grc' dir='ltr'><strong>καθῆκαν</strong></span> <span class='ocrx_word' id='word_1_531' title='bbox 1812 4433 1935 4483; x_wconf 68' lang='grc' dir='ltr'><strong>ἑαυ-</strong></span> 
     </span>
    </p>
   </div>
   <div class='ocr_carea' id='block_1_74' title="bbox 359 4512 1934 4586">
    <p class='ocr_par' dir='ltr' id='par_1_74' title="bbox 359 4512 1934 4586">
     <span class='ocr_line' id='line_1_74' title="bbox 359 4512 1934 4586; baseline 0.008 -24"><span class='ocrx_word' id='word_1_532' title='bbox 359 4513 506 4572; x_wconf 64' lang='grc' dir='ltr'><strong>τοὺς,</strong></span> <span class='ocrx_word' id='word_1_533' title='bbox 536 4512 598 4562; x_wconf 79' lang='grc' dir='ltr'><strong>οὐ</strong></span> <span class='ocrx_word' id='word_1_534' title='bbox 642 4513 816 4582; x_wconf 75' lang='grc' dir='ltr'><strong>μικρὰ</strong></span> <span class='ocrx_word' id='word_1_535' title='bbox 868 4512 962 4566; x_wconf 70' lang='grc' dir='ltr'><strong>τὸν</strong></span> <span class='ocrx_word' id='word_1_536' title='bbox 1019 4514 1365 4585; x_wconf 80' lang='grc' dir='ltr'><strong>ἀνθρώπινον</strong></span> <span class='ocrx_word' id='word_1_537' title='bbox 1399 4517 1514 4586; x_wconf 82' lang='grc' dir='ltr'><strong>βίον</strong></span> <span class='ocrx_word' id='word_1_538' title='bbox 1555 4520 1619 4572; x_wconf 78' lang='grc' dir='ltr'><strong>ἐκ</strong></span> <span class='ocrx_word' id='word_1_539' title='bbox 1677 4521 1934 4576; x_wconf 76' lang='grc' dir='ltr'><strong>τοιούτων</strong></span> 
     </span>
    </p>
   </div>
   <div class='ocr_carea' id='block_1_75' title="bbox 357 4602 1936 4682">
    <p class='ocr_par' dir='ltr' id='par_1_75' title="bbox 357 4602 1936 4682">
     <span class='ocr_line' id='line_1_75' title="bbox 357 4602 1936 4682; baseline 0.009 -28"><span class='ocrx_word' id='word_1_540' title='bbox 357 4602 578 4672; x_wconf 60' lang='grc' dir='ltr'><strong>ὀνήσειν</strong></span> <span class='ocrx_word' id='word_1_541' title='bbox 606 4603 846 4672; x_wconf 73' lang='grc' dir='ltr'><strong>οἰόμενοι</strong></span> <span class='ocrx_word' id='word_1_542' title='bbox 868 4621 882 4635; x_wconf 92' lang='grc'><strong>·</strong></span> <span class='ocrx_word' id='word_1_543' title='bbox 919 4604 1024 4659; x_wconf 86' lang='lat' dir='ltr'><strong>Nec</strong></span> <span class='ocrx_word' id='word_1_544' title='bbox 1050 4623 1170 4660; x_wconf 83' lang='lat' dir='ltr'><strong>vero</strong></span> <span class='ocrx_word' id='word_1_545' title='bbox 1199 4617 1344 4662; x_wconf 85' lang='lat' dir='ltr'><strong>caret</strong></span> <span class='ocrx_word' id='word_1_546' title='bbox 1377 4613 1638 4679; x_wconf 73' lang='lat' dir='ltr'><strong>exemplo,</strong></span> <span class='ocrx_word' id='word_1_547' title='bbox 1669 4615 1809 4682; x_wconf 78' lang='lat' dir='ltr'><strong>quod</strong></span> <span class='ocrx_word' id='word_1_548' title='bbox 1843 4616 1936 4668; x_wconf 80' lang='lat' dir='ltr'><strong>abs</strong></span> 
     </span>
    </p>
   </div>
   <div class='ocr_carea' id='block_1_76' title="bbox 360 4695 1938 4765">
    <p class='ocr_par' dir='ltr' id='par_1_76' title="bbox 360 4695 1938 4765">
     <span class='ocr_line' id='line_1_76' title="bbox 360 4695 1938 4765; baseline 0.008 -17"><span class='ocrx_word' id='word_1_549' title='bbox 360 4705 408 4748; x_wconf 88' lang='lat' dir='ltr'><strong>te</strong></span> <span class='ocrx_word' id='word_1_550' title='bbox 430 4697 677 4765; x_wconf 81' lang='lat' dir='ltr'><strong>petimus.</strong></span> <span class='ocrx_word' id='word_1_551' title='bbox 705 4695 914 4750; x_wconf 83' lang='lat' dir='ltr'><strong>Etenim</strong></span> <span class='ocrx_word' id='word_1_552' title='bbox 940 4699 1046 4751; x_wconf 83' lang='lat' dir='ltr'><strong>sire</strong></span> <span class='ocrx_word' id='word_1_553' title='bbox 1067 4698 1137 4751; x_wconf 82' lang='lat' dir='ltr'><strong>ad</strong></span> <span class='ocrx_word' id='word_1_554' title='bbox 1162 4709 1425 4762; x_wconf 72' lang='lat' dir='ltr'><strong>externos.</strong></span> <span class='ocrx_word' id='word_1_555' title='bbox 1444 4703 1552 4756; x_wconf 78' lang='lat' dir='ltr'><strong>sive</strong></span> <span class='ocrx_word' id='word_1_556' title='bbox 1581 4706 1650 4756; x_wconf 81' lang='lat' dir='ltr'><strong>ad</strong></span> <span class='ocrx_word' id='word_1_557' title='bbox 1676 4711 1938 4760; x_wconf 68' lang='lat' dir='ltr'><strong>nostrates</strong></span> 
     </span>
    </p>
   </div>
   <div class='ocr_carea' id='block_1_77' title="bbox 358 4786 1940 4862">
    <p class='ocr_par' dir='ltr' id='par_1_77' title="bbox 358 4786 1940 4862">
     <span class='ocr_line' id='line_1_77' title="bbox 358 4786 1940 4862; baseline 0.006 -22"><span class='ocrx_word' id='word_1_558' title='bbox 358 4786 478 4840; x_wconf 83' lang='lat' dir='ltr'><strong>belli</strong></span> <span class='ocrx_word' id='word_1_559' title='bbox 500 4789 658 4839; x_wconf 78' lang='lat' dir='ltr'><strong>duces</strong></span> <span class='ocrx_word' id='word_1_560' title='bbox 679 4787 951 4856; x_wconf 80' lang='lat' dir='ltr'><strong>respicias,</strong></span> <span class='ocrx_word' id='word_1_561' title='bbox 977 4804 1080 4842; x_wconf 85' lang='lat' dir='ltr'><strong>non</strong></span> <span class='ocrx_word' id='word_1_562' title='bbox 1109 4791 1306 4856; x_wconf 85' lang='lat' dir='ltr'><strong>poteris</strong></span> <span class='ocrx_word' id='word_1_563' title='bbox 1323 4791 1420 4843; x_wconf 82' lang='lat' dir='ltr'><strong>hoc</strong></span> <span class='ocrx_word' id='word_1_564' title='bbox 1448 4808 1610 4862; x_wconf 86' lang='lat' dir='ltr'><strong>genus</strong></span> <span class='ocrx_word' id='word_1_565' title='bbox 1637 4794 1940 4862; x_wconf 83' lang='lat' dir='ltr'><strong>scriptionis</strong></span> 
     </span>
    </p>
   </div>
   <div class='ocr_carea' id='block_1_78' title="bbox 360 4881 1941 4959">
    <p class='ocr_par' dir='ltr' id='par_1_78' title="bbox 360 4881 1941 4959">
     <span class='ocr_line' id='line_1_78' title="bbox 360 4881 1941 4959; baseline 0.004 -24"><span class='ocrx_word' id='word_1_566' title='bbox 360 4891 713 4959; x_wconf 73' lang='lat' dir='ltr'><strong>contemnere.</strong></span> <span class='ocrx_word' id='word_1_567' title='bbox 745 4881 949 4952; x_wconf 80' lang='lat' dir='ltr'><strong>Quippe</strong></span> <span class='ocrx_word' id='word_1_568' title='bbox 968 4892 1078 4934; x_wconf 87' lang='lat' dir='ltr'><strong>tum</strong></span> <span class='ocrx_word' id='word_1_569' title='bbox 1101 4883 1174 4946; x_wconf 84' lang='lat' dir='ltr'><strong>hi,</strong></span> <span class='ocrx_word' id='word_1_570' title='bbox 1195 4891 1305 4936; x_wconf 84' lang='lat' dir='ltr'><strong>tum</strong></span> <span class='ocrx_word' id='word_1_571' title='bbox 1329 4883 1413 4937; x_wconf 80' lang='lat' dir='ltr'><strong>illi</strong></span> <span class='ocrx_word' id='word_1_572' title='bbox 1427 4885 1526 4937; x_wconf 74' lang='lat' dir='ltr'><strong>liuc</strong></span> <span class='ocrx_word' id='word_1_573' title='bbox 1546 4887 1750 4954; x_wconf 86' lang='lat' dir='ltr'><strong>pariter</strong></span> <span class='ocrx_word' id='word_1_574' title='bbox 1771 4904 1826 4940; x_wconf 76' lang='lat' dir='ltr'><strong>se</strong></span> <span class='ocrx_word' id='word_1_575' title='bbox 1848 4889 1941 4942; x_wconf 85' lang='lat' dir='ltr'><strong>de-</strong></span> 
     </span>
    </p>
   </div>
   <div class='ocr_carea' id='block_1_79' title="bbox 362 4975 1937 5044">
    <p class='ocr_par' dir='ltr' id='par_1_79' title="bbox 362 4975 1937 5044">
     <span class='ocr_line' id='line_1_79' title="bbox 362 4975 1937 5044; baseline 0.004 -16"><span class='ocrx_word' id='word_1_576' title='bbox 362 4977 643 5036; x_wconf 79' lang='lat' dir='ltr'><strong>miserunt,</strong></span> <span class='ocrx_word' id='word_1_577' title='bbox 680 4990 782 5028; x_wconf 85' lang='lat' dir='ltr'><strong>non</strong></span> <span class='ocrx_word' id='word_1_578' title='bbox 815 4991 1005 5042; x_wconf 84' lang='lat' dir='ltr'><strong>parum</strong></span> <span class='ocrx_word' id='word_1_579' title='bbox 1037 4975 1158 5026; x_wconf 80' lang='lat' dir='ltr'><strong>inde</strong></span> <span class='ocrx_word' id='word_1_580' title='bbox 1181 4977 1412 5028; x_wconf 76' lang='lat' dir='ltr'><strong>humano</strong></span> <span class='ocrx_word' id='word_1_581' title='bbox 1435 4976 1612 5044; x_wconf 81' lang='lat' dir='ltr'><strong>generi</strong></span> <span class='ocrx_word' id='word_1_582' title='bbox 1641 4979 1937 5034; x_wconf 77' lang='lat' dir='ltr'><strong>consultant</strong></span> 
     </span>
    </p>
   </div>
   <div class='ocr_carea' id='block_1_80' title="bbox 364 5055 1936 5132">
    <p class='ocr_par' dir='ltr' id='par_1_80' title="bbox 364 5055 1936 5132">
     <span class='ocr_line' id='line_1_80' title="bbox 364 5055 1936 5132; baseline 0.004 -16"><span class='ocrx_word' id='word_1_583' title='bbox 364 5065 433 5118; x_wconf 86' lang='lat' dir='ltr'><strong>iri</strong></span> <span class='ocrx_word' id='word_1_584' title='bbox 475 5065 822 5118; x_wconf 84' lang='lat' dir='ltr'><strong>arbitrantes.</strong></span> <span class='ocrx_word' id='word_1_585' title='bbox 865 5055 1009 5130; x_wconf 64' lang='lat' dir='ltr'><strong>Quid</strong></span> <span class='ocrx_word' id='word_1_586' title='bbox 1037 5064 1184 5132; x_wconf 87' lang='lat' dir='ltr'><strong>quod</strong></span> <span class='ocrx_word' id='word_1_587' title='bbox 1223 5065 1292 5120; x_wconf 88' lang='lat' dir='ltr'><strong>de</strong></span> <span class='ocrx_word' id='word_1_588' title='bbox 1326 5079 1584 5120; x_wconf 72' lang='lat' dir='ltr'><strong>suacum</strong></span> <span class='ocrx_word' id='word_1_589' title='bbox 1619 5065 1936 5122; x_wconf 85' lang='lat' dir='ltr'><strong>Andronico</strong></span> 
     </span>
    </p>
   </div>
   <div class='ocr_carea' id='block_1_81' title="bbox 365 5138 1935 5230">
    <p class='ocr_par' dir='ltr' id='par_1_81' title="bbox 365 5138 1935 5230">
     <span class='ocr_line' id='line_1_81' title="bbox 365 5138 1935 5230; baseline 0.003 -20"><span class='ocrx_word' id='word_1_590' title='bbox 365 5156 812 5222; x_wconf 83' lang='lat' dir='ltr'><strong>conjunctissima</strong></span> <span class='ocrx_word' id='word_1_591' title='bbox 857 5138 1285 5226; x_wconf 73' lang='lat' dir='ltr'><strong>ﬁdelissimaque</strong></span> <span class='ocrx_word' id='word_1_592' title='bbox 1346 5156 1612 5211; x_wconf 79' lang='lat' dir='ltr'><strong>amicitia&quot;</strong></span> <span class='ocrx_word' id='word_1_593' title='bbox 1667 5158 1776 5228; x_wconf 92' lang='lat' dir='ltr'><strong>(de</strong></span> <span class='ocrx_word' id='word_1_594' title='bbox 1827 5177 1935 5230; x_wconf 87' lang='lat' dir='ltr'><strong>qua</strong></span> 
     </span>
    </p>
   </div>
   <div class='ocr_carea' id='block_1_82' title="bbox 365 5247 1936 5318">
    <p class='ocr_par' dir='ltr' id='par_1_82' title="bbox 365 5247 1936 5318">
     <span class='ocr_line' id='line_1_82' title="bbox 365 5247 1936 5318; baseline 0.003 -16"><span class='ocrx_word' id='word_1_595' title='bbox 365 5249 618 5316; x_wconf 82' lang='lat' dir='ltr'><strong>equidem</strong></span> <span class='ocrx_word' id='word_1_596' title='bbox 657 5249 937 5318; x_wconf 74' lang='lat' dir='ltr'><strong>cogitans,</strong></span> <span class='ocrx_word' id='word_1_597' title='bbox 978 5249 1140 5303; x_wconf 84' lang='lat' dir='ltr'><strong>simul</strong></span> <span class='ocrx_word' id='word_1_598' title='bbox 1188 5250 1257 5304; x_wconf 88' lang='lat' dir='ltr'><strong>de</strong></span> <span class='ocrx_word' id='word_1_599' title='bbox 1309 5247 1530 5302; x_wconf 89' lang='lat' dir='ltr'><strong>Davidis</strong></span> <span class='ocrx_word' id='word_1_600' title='bbox 1584 5258 1640 5303; x_wconf 91' lang='lat' dir='ltr'><strong>et</strong></span> <span class='ocrx_word' id='word_1_601' title='bbox 1688 5248 1936 5306; x_wconf 82' lang='lat' dir='ltr'><strong>.Ionatliae</strong></span> 
     </span>
    </p>
   </div>
   <div class='ocr_carea' id='block_1_83' title="bbox 365 5338 1935 5410">
    <p class='ocr_par' dir='ltr' id='par_1_83' title="bbox 365 5338 1935 5410">
     <span class='ocr_line' id='line_1_83' title="bbox 365 5338 1935 5410; baseline 0.003 -20"><span class='ocrx_word' id='word_1_602' title='bbox 365 5338 780 5394; x_wconf 84' lang='lat' dir='ltr'><strong>devinctissima</strong></span> <span class='ocrx_word' id='word_1_603' title='bbox 809 5338 1184 5394; x_wconf 80' lang='lat' dir='ltr'><strong>familiaritate</strong></span> <span class='ocrx_word' id='word_1_604' title='bbox 1211 5339 1390 5410; x_wconf 66' lang='lat' dir='ltr'><strong>cogito</strong></span> <span class='ocrx_word' id='word_1_605' title='bbox 1418 5356 1434 5392; x_wconf 91' lang='lat'><strong>:</strong></span> <span class='ocrx_word' id='word_1_606' title='bbox 1467 5339 1534 5393; x_wconf 89' lang='lat' dir='ltr'><strong>de</strong></span> <span class='ocrx_word' id='word_1_607' title='bbox 1568 5339 1769 5408; x_wconf 85' lang='lat' dir='ltr'><strong>quibus</strong></span> <span class='ocrx_word' id='word_1_608' title='bbox 1798 5343 1935 5405; x_wconf 75' lang='lat' dir='ltr'><strong>scri-</strong></span> 
     </span>
    </p>
   </div>
   <div class='ocr_carea' id='block_1_84' title="bbox 365 5431 1936 5505">
    <p class='ocr_par' dir='ltr' id='par_1_84' title="bbox 365 5431 1936 5505">
     <span class='ocr_line' id='line_1_84' title="bbox 365 5431 1936 5505; baseline 0.002 -22"><span class='ocrx_word' id='word_1_609' title='bbox 365 5437 518 5498; x_wconf 86' lang='lat' dir='ltr'><strong>ptum</strong></span> <span class='ocrx_word' id='word_1_610' title='bbox 541 5431 776 5500; x_wconf 77' lang='lat' dir='ltr'><strong>legimus</strong></span> <span class='ocrx_word' id='word_1_611' title='bbox 799 5451 811 5486; x_wconf 87' lang='lat'><strong>:</strong></span> <span class='ocrx_word' id='word_1_612' title='bbox 831 5433 1028 5486; x_wconf 80' lang='lat' dir='ltr'><strong>Anima</strong></span> <span class='ocrx_word' id='word_1_613' title='bbox 1053 5433 1298 5488; x_wconf 78' lang='lat' dir='ltr'><strong>Jonatlite</strong></span> <span class='ocrx_word' id='word_1_614' title='bbox 1325 5435 1691 5505; x_wconf 82' lang='lat' dir='ltr'><strong>conglutinata</strong></span> <span class='ocrx_word' id='word_1_615' title='bbox 1717 5443 1791 5488; x_wconf 74' lang='grc' dir='ltr'><strong>εει</strong></span> <span class='ocrx_word' id='word_1_616' title='bbox 1813 5435 1936 5488; x_wconf 84' lang='lat' dir='ltr'><strong>ani-</strong></span> 
     </span>
    </p>
   </div>
   <div class='ocr_carea' id='block_1_85' title="bbox 366 5521 1930 5596">
    <p class='ocr_par' dir='ltr' id='par_1_85' title="bbox 366 5521 1930 5596">
     <span class='ocr_line' id='line_1_85' title="bbox 366 5521 1930 5596; baseline 0.003 -22"><span class='ocrx_word' id='word_1_617' title='bbox 366 5537 466 5574; x_wconf 68' lang='lat' dir='ltr'><strong>mae</strong></span> <span class='ocrx_word' id='word_1_618' title='bbox 501 5521 718 5578; x_wconf 76' lang='lat' dir='ltr'><strong>Davidis</strong></span> <span class='ocrx_word' id='word_1_619' title='bbox 744 5540 762 5578; x_wconf 90' lang='lat'><strong><em>:</em></strong></span> <span class='ocrx_word' id='word_1_620' title='bbox 793 5533 839 5578; x_wconf 86' lang='lat' dir='ltr'><strong>et</strong></span> <span class='ocrx_word' id='word_1_621' title='bbox 862 5523 1050 5579; x_wconf 73' lang='lat' dir='ltr'><strong>dilexit</strong></span> <span class='ocrx_word' id='word_1_622' title='bbox 1081 5543 1199 5579; x_wconf 85' lang='lat' dir='ltr'><strong>eum</strong></span> <span class='ocrx_word' id='word_1_623' title='bbox 1245 5528 1398 5596; x_wconf 81' lang='lat' dir='ltr'><strong>quasi</strong></span> <span class='ocrx_word' id='word_1_624' title='bbox 1427 5528 1666 5580; x_wconf 83' lang='lat' dir='ltr'><strong>animam</strong></span> <span class='ocrx_word' id='word_1_625' title='bbox 1701 5543 1852 5578; x_wconf 83' lang='lat' dir='ltr'><strong>suam</strong></span> <span class='ocrx_word' id='word_1_626' title='bbox 1875 5527 1930 5592; x_wconf 85' lang='grc'><strong>¹;</strong></span> 
     </span>
    </p>
   </div>
   <div class='ocr_carea' id='block_1_86' title="bbox 364 5604 1938 5687">
    <p class='ocr_par' dir='ltr' id='par_1_86' title="bbox 364 5604 1938 5687">
     <span class='ocr_line' id='line_1_86' title="bbox 364 5604 1938 5687; baseline 0.003 -21"><span class='ocrx_word' id='word_1_627' title='bbox 364 5628 584 5668; x_wconf 87' lang='lat' dir='ltr'><strong>rursum</strong></span> <span class='ocrx_word' id='word_1_628' title='bbox 621 5633 635 5670; x_wconf 88' lang='lat'>:</span> <span class='ocrx_word' id='word_1_629' title='bbox 671 5615 837 5670; x_wconf 89' lang='lat' dir='ltr'><strong>Doleo</strong></span> <span class='ocrx_word' id='word_1_630' title='bbox 879 5604 1042 5687; x_wconf 65' lang='lat' dir='ltr'><strong>super</strong></span> <span class='ocrx_word' id='word_1_631' title='bbox 1071 5626 1141 5680; x_wconf 89' lang='lat' dir='ltr'><strong>te,</strong></span> <span class='ocrx_word' id='word_1_632' title='bbox 1174 5618 1342 5686; x_wconf 80' lang='lat' dir='ltr'><strong>frater</strong></span> <span class='ocrx_word' id='word_1_633' title='bbox 1370 5619 1442 5670; x_wconf 81' lang='lat' dir='ltr'><strong>nti</strong></span> <span class='ocrx_word' id='word_1_634' title='bbox 1473 5617 1728 5683; x_wconf 76' lang='lat' dir='ltr'><strong>lauat/ia,</strong></span> <span class='ocrx_word' id='word_1_635' title='bbox 1754 5617 1938 5672; x_wconf 85' lang='lat' dir='ltr'><strong>decore</strong></span> 
     </span>
    </p>
   </div>
   <div class='ocr_carea' id='block_1_87' title="bbox 441 5768 1555 5845">
    <p class='ocr_par' dir='ltr' id='par_1_87' title="bbox 441 5768 1555 5845">
     <span class='ocr_line' id='line_1_87' title="bbox 441 5768 1555 5845; baseline -0.003 -17"><span class='ocrx_word' id='word_1_636' title='bbox 441 5776 456 5806; x_wconf 91' lang='grc'><strong>¹</strong></span> <span class='ocrx_word' id='word_1_637' title='bbox 490 5773 666 5845; x_wconf 70' lang='lat' dir='ltr'><strong>Illeg.</strong></span> <span class='ocrx_word' id='word_1_638' title='bbox 702 5788 868 5842; x_wconf 74' lang='lat' dir='ltr'><strong>xviii,</strong></span> <span class='ocrx_word' id='word_1_639' title='bbox 908 5776 959 5828; x_wconf 86' lang='grc'><strong>1.</strong></span> <span class='ocrx_word' id='word_1_640' title='bbox 1040 5776 1056 5805; x_wconf 86' lang='grc'><strong>²</strong></span> <span class='ocrx_word' id='word_1_641' title='bbox 1101 5772 1142 5827; x_wconf 90' lang='lat' dir='ltr'><strong>ll</strong></span> <span class='ocrx_word' id='word_1_642' title='bbox 1195 5775 1308 5844; x_wconf 76' lang='lat' dir='ltr'><strong>Reg</strong></span> <span class='ocrx_word' id='word_1_643' title='bbox 1377 5791 1413 5842; x_wconf 86' lang='lat' dir='ltr'><strong>i,</strong></span> <span class='ocrx_word' id='word_1_644' title='bbox 1464 5768 1555 5827; x_wconf 62' lang='lat'><strong>2&#39;6.</strong></span> 
     </span>
    </p>
   </div>
   <div class='ocr_carea' id='block_1_88' title="bbox 2030 3226 3650 3324">
    <p class='ocr_par' dir='ltr' id='par_1_88' title="bbox 2030 3226 3650 3324">
     <span class='ocr_line' id='line_1_88' title="bbox 2030 3226 3650 3324; baseline -0.017 -22"><span class='ocrx_word' id='word_1_645' title='bbox 2030 3247 2126 3302; x_wconf 88' lang='lat' dir='ltr'><strong>llis</strong></span> <span class='ocrx_word' id='word_1_646' title='bbox 2157 3255 2393 3314; x_wconf 87' lang='lat' dir='ltr'><strong>quatuor</strong></span> <span class='ocrx_word' id='word_1_647' title='bbox 2413 3226 2572 3294; x_wconf 83' lang='lat' dir='ltr'><strong>libris</strong></span> <span class='ocrx_word' id='word_1_648' title='bbox 2605 3252 2693 3292; x_wconf 89' lang='lat' dir='ltr'><strong>res</strong></span> <span class='ocrx_word' id='word_1_649' title='bbox 2721 3235 2824 3289; x_wconf 91' lang='lat' dir='ltr'><strong>sub</strong></span> <span class='ocrx_word' id='word_1_650' title='bbox 2857 3243 3093 3300; x_wconf 89' lang='lat' dir='ltr'><strong>utroque</strong></span> <span class='ocrx_word' id='word_1_651' title='bbox 3118 3226 3456 3288; x_wconf 87' lang='lat' dir='ltr'><strong>Andronico,</strong></span> <span class='ocrx_word' id='word_1_652' title='bbox 3508 3239 3612 3324; x_wconf 62' lang='lat' dir='ltr'><strong>aro</strong></span> <span class='ocrx_word' id='word_1_653' title='bbox 3637 3230 3650 3236; x_wconf 73' lang='lat'><strong>‘</strong></span> 
     </span>
    </p>
   </div>
   <div class='ocr_carea' id='block_1_89' title="bbox 2029 3319 3612 3416">
    <p class='ocr_par' dir='ltr' id='par_1_89' title="bbox 2029 3319 3612 3416">
     <span class='ocr_line' id='line_1_89' title="bbox 2029 3319 3612 3416; baseline -0.017 -24"><span class='ocrx_word' id='word_1_654' title='bbox 2029 3347 2086 3394; x_wconf 92' lang='lat' dir='ltr'><strong>et</strong></span> <span class='ocrx_word' id='word_1_655' title='bbox 2122 3345 2358 3405; x_wconf 82' lang='lat' dir='ltr'><strong>nepote,</strong></span> <span class='ocrx_word' id='word_1_656' title='bbox 2411 3339 2469 3387; x_wconf 87' lang='lat' dir='ltr'><strong>et</strong></span> <span class='ocrx_word' id='word_1_657' title='bbox 2519 3329 2623 3384; x_wconf 91' lang='lat' dir='ltr'><strong>sub</strong></span> <span class='ocrx_word' id='word_1_658' title='bbox 2676 3325 3066 3381; x_wconf 84' lang='lat' dir='ltr'><strong>Cantacuzeno</strong></span> <span class='ocrx_word' id='word_1_659' title='bbox 3123 3319 3361 3372; x_wconf 87' lang='lat' dir='ltr'><strong>ﬁliorum</strong></span> <span class='ocrx_word' id='word_1_660' title='bbox 3396 3319 3612 3416; x_wconf 73' lang='lat' dir='ltr'><strong>nepotis</strong></span> 
     </span>
    </p>
   </div>
   <div class='ocr_carea' id='block_1_90' title="bbox 2033 3411 3606 3494">
    <p class='ocr_par' dir='ltr' id='par_1_90' title="bbox 2033 3411 3606 3494">
     <span class='ocr_line' id='line_1_90' title="bbox 2033 3411 3606 3494; baseline -0.019 -9"><span class='ocrx_word' id='word_1_661' title='bbox 2033 3439 2236 3488; x_wconf 89' lang='lat' dir='ltr'><strong>tutore,</strong></span> <span class='ocrx_word' id='word_1_662' title='bbox 2271 3437 2437 3494; x_wconf 86' lang='lat' dir='ltr'><strong>atque</strong></span> <span class='ocrx_word' id='word_1_663' title='bbox 2470 3421 2801 3489; x_wconf 89' lang='lat' dir='ltr'><strong>imperatore</strong></span> <span class='ocrx_word' id='word_1_664' title='bbox 2844 3424 3012 3485; x_wconf 73' lang='lat' dir='ltr'><strong>gesta:</strong></span> <span class='ocrx_word' id='word_1_665' title='bbox 3045 3411 3410 3480; x_wconf 81' lang='lat' dir='ltr'><strong>explanantur</strong></span> <span class='ocrx_word' id='word_1_666' title='bbox 3451 3423 3464 3462; x_wconf 91' lang='lat'><strong>:</strong></span> <span class='ocrx_word' id='word_1_667' title='bbox 3504 3411 3606 3468; x_wconf 85' lang='lat' dir='ltr'><strong>sic,</strong></span> 
     </span>
    </p>
   </div>
   <div class='ocr_carea' id='block_1_91' title="bbox 2031 3500 3610 3588">
    <p class='ocr_par' dir='ltr' id='par_1_91' title="bbox 2031 3500 3610 3588">
     <span class='ocr_line' id='line_1_91' title="bbox 2031 3500 3610 3588; baseline -0.016 -14"><span class='ocrx_word' id='word_1_668' title='bbox 2031 3533 2094 3574; x_wconf 90' lang='lat' dir='ltr'><strong>ut</strong></span> <span class='ocrx_word' id='word_1_669' title='bbox 2127 3519 2338 3588; x_wconf 89' lang='lat' dir='ltr'><strong>primus</strong></span> <span class='ocrx_word' id='word_1_670' title='bbox 2367 3510 2698 3569; x_wconf 59' lang='lat' dir='ltr'><strong>discordiam</strong></span> <span class='ocrx_word' id='word_1_671' title='bbox 2727 3547 2742 3572; x_wconf 89' lang='lat'><strong>,</strong></span> <span class='ocrx_word' id='word_1_672' title='bbox 2769 3519 2824 3562; x_wconf 90' lang='lat' dir='ltr'><strong>et</strong></span> <span class='ocrx_word' id='word_1_673' title='bbox 2863 3505 3004 3560; x_wconf 90' lang='lat' dir='ltr'><strong>bella</strong></span> <span class='ocrx_word' id='word_1_674' title='bbox 3037 3503 3180 3556; x_wconf 90' lang='lat' dir='ltr'><strong>inter</strong></span> <span class='ocrx_word' id='word_1_675' title='bbox 3226 3500 3610 3564; x_wconf 60' lang='lat' dir='ltr'><strong>Andronicus:</strong></span> 
     </span>
    </p>
   </div>
   <div class='ocr_carea' id='block_1_92' title="bbox 2031 3589 3618 3676">
    <p class='ocr_par' dir='ltr' id='par_1_92' title="bbox 2031 3589 3618 3676">
     <span class='ocr_line' id='line_1_92' title="bbox 2031 3589 3618 3676; baseline -0.017 -10"><span class='ocrx_word' id='word_1_676' title='bbox 2031 3612 2173 3666; x_wconf 87' lang='lat' dir='ltr'><strong>alter</strong></span> <span class='ocrx_word' id='word_1_677' title='bbox 2201 3608 2496 3676; x_wconf 86' lang='lat' dir='ltr'><strong>imperium</strong></span> <span class='ocrx_word' id='word_1_678' title='bbox 2529 3599 2760 3656; x_wconf 89' lang='lat' dir='ltr'><strong>minoris</strong></span> <span class='ocrx_word' id='word_1_679' title='bbox 2799 3615 2814 3650; x_wconf 87' lang='lat'><strong>:</strong></span> <span class='ocrx_word' id='word_1_680' title='bbox 2847 3597 3044 3652; x_wconf 87' lang='lat' dir='ltr'><strong>tertius</strong></span> <span class='ocrx_word' id='word_1_681' title='bbox 3096 3592 3301 3647; x_wconf 89' lang='lat' dir='ltr'><strong>bellum</strong></span> <span class='ocrx_word' id='word_1_682' title='bbox 3343 3589 3618 3644; x_wconf 76' lang='lat' dir='ltr'><strong>(.antacu—</strong></span> 
     </span>
    </p>
   </div>
   <div class='ocr_carea' id='block_1_93' title="bbox 2033 3685 3617 3758">
    <p class='ocr_par' dir='ltr' id='par_1_93' title="bbox 2033 3685 3617 3758">
     <span class='ocr_line' id='line_1_93' title="bbox 2033 3685 3617 3758; baseline -0.016 0"><span class='ocrx_word' id='word_1_683' title='bbox 2033 3701 2156 3758; x_wconf 83' lang='lat' dir='ltr'><strong>zeni</strong></span> <span class='ocrx_word' id='word_1_684' title='bbox 2185 3715 2312 3754; x_wconf 90' lang='lat' dir='ltr'><strong>cum</strong></span> <span class='ocrx_word' id='word_1_685' title='bbox 2371 3691 2847 3752; x_wconf 88' lang='lat' dir='ltr'><strong>obtrectatoribus</strong></span> <span class='ocrx_word' id='word_1_686' title='bbox 2895 3697 2951 3743; x_wconf 86' lang='lat' dir='ltr'><strong>et</strong></span> <span class='ocrx_word' id='word_1_687' title='bbox 2990 3685 3232 3740; x_wconf 87' lang='lat' dir='ltr'><strong>inimicis</strong></span> <span class='ocrx_word' id='word_1_688' title='bbox 3255 3722 3269 3746; x_wconf 94' lang='lat'><strong>,</strong></span> <span class='ocrx_word' id='word_1_689' title='bbox 3303 3691 3617 3752; x_wconf 84' lang='lat' dir='ltr'><strong>postremus</strong></span> 
     </span>
    </p>
   </div>
   <div class='ocr_carea' id='block_1_94' title="bbox 2033 3780 3618 3876">
    <p class='ocr_par' dir='ltr' id='par_1_94' title="bbox 2033 3780 3618 3876">
     <span class='ocr_line' id='line_1_94' title="bbox 2033 3780 3618 3876; baseline -0.015 -26"><span class='ocrx_word' id='word_1_690' title='bbox 2033 3791 2282 3866; x_wconf 84' lang='lat' dir='ltr'><strong>ejusdem</strong></span> <span class='ocrx_word' id='word_1_691' title='bbox 2307 3788 2535 3844; x_wconf 86' lang='lat' dir='ltr'><strong>victoris</strong></span> <span class='ocrx_word' id='word_1_692' title='bbox 2564 3801 2630 3840; x_wconf 89' lang='lat' dir='ltr'><strong>ac</strong></span> <span class='ocrx_word' id='word_1_693' title='bbox 2669 3780 3096 3876; x_wconf 72' lang='lat' dir='ltr'><strong>triumphatoris</strong></span> <span class='ocrx_word' id='word_1_694' title='bbox 3135 3789 3383 3845; x_wconf 91' lang='lat' dir='ltr'><strong>tempora</strong></span> <span class='ocrx_word' id='word_1_695' title='bbox 3435 3789 3618 3843; x_wconf 78' lang='lat' dir='ltr'><strong>perse-</strong></span> 
     </span>
    </p>
   </div>
   <div class='ocr_carea' id='block_1_95' title="bbox 2035 3869 3618 3961">
    <p class='ocr_par' dir='ltr' id='par_1_95' title="bbox 2035 3869 3618 3961">
     <span class='ocr_line' id='line_1_95' title="bbox 2035 3869 3618 3961; baseline -0.015 -17"><span class='ocrx_word' id='word_1_696' title='bbox 2035 3897 2284 3961; x_wconf 89' lang='lat' dir='ltr'><strong>quatur:</strong></span> <span class='ocrx_word' id='word_1_697' title='bbox 2330 3886 2388 3948; x_wconf 84' lang='lat' dir='ltr'><strong>in</strong></span> <span class='ocrx_word' id='word_1_698' title='bbox 2445 3897 2557 3953; x_wconf 90' lang='lat' dir='ltr'><strong>quo</strong></span> <span class='ocrx_word' id='word_1_699' title='bbox 2601 3880 2772 3936; x_wconf 80' lang='lat' dir='ltr'><strong>etiam</strong></span> <span class='ocrx_word' id='word_1_700' title='bbox 2830 3869 3239 3936; x_wconf 84' lang='lat' dir='ltr'><strong>subtexuntur,</strong></span> <span class='ocrx_word' id='word_1_701' title='bbox 3301 3887 3422 3940; x_wconf 72' lang='lat' dir='ltr'><strong>quae</strong></span> <span class='ocrx_word' id='word_1_702' title='bbox 3475 3869 3618 3922; x_wconf 78' lang='lat' dir='ltr'><strong>inter</strong></span> 
     </span>
    </p>
   </div>
   <div class='ocr_carea' id='block_1_96' title="bbox 2035 3962 3620 4041">
    <p class='ocr_par' dir='ltr' id='par_1_96' title="bbox 2035 3962 3620 4041">
     <span class='ocr_line' id='line_1_96' title="bbox 2035 3962 3620 4041; baseline -0.016 -5"><span class='ocrx_word' id='word_1_703' title='bbox 2035 3983 2302 4038; x_wconf 85' lang='lat' dir='ltr'><strong>Joannem</strong></span> <span class='ocrx_word' id='word_1_704' title='bbox 2329 3974 2696 4041; x_wconf 75' lang='lat' dir='ltr'><strong>Palaeologum</strong></span> <span class='ocrx_word' id='word_1_705' title='bbox 2719 3969 3025 4039; x_wconf 80' lang='lat' dir='ltr'><strong>legitimum</strong></span> <span class='ocrx_word' id='word_1_706' title='bbox 3058 3962 3334 4018; x_wconf 70' lang='lat' dir='ltr'><strong>hiercdem</strong></span> <span class='ocrx_word' id='word_1_707' title='bbox 3360 4003 3374 4024; x_wconf 94' lang='lat'><strong>,</strong></span> <span class='ocrx_word' id='word_1_708' title='bbox 3420 3971 3476 4014; x_wconf 90' lang='lat' dir='ltr'><strong>et</strong></span> <span class='ocrx_word' id='word_1_709' title='bbox 3524 3975 3620 4028; x_wconf 84' lang='lat' dir='ltr'><strong>pa-</strong></span> 
     </span>
    </p>
   </div>
   <div class='ocr_carea' id='block_1_97' title="bbox 2039 4048 3675 4126">
    <p class='ocr_par' dir='ltr' id='par_1_97' title="bbox 2039 4048 3675 4126">
     <span class='ocr_line' id='line_1_97' title="bbox 2039 4048 3675 4126; baseline -0.016 0"><span class='ocrx_word' id='word_1_710' title='bbox 2039 4071 2140 4126; x_wconf 88' lang='lat' dir='ltr'><strong>tris</strong></span> <span class='ocrx_word' id='word_1_711' title='bbox 2185 4067 2272 4122; x_wconf 88' lang='lat' dir='ltr'><strong>sui</strong></span> <span class='ocrx_word' id='word_1_712' title='bbox 2299 4062 2598 4120; x_wconf 85' lang='lat' dir='ltr'><strong>Andronici</strong></span> <span class='ocrx_word' id='word_1_713' title='bbox 2639 4071 3042 4118; x_wconf 89' lang='lat' dir='ltr'><strong>successorem,</strong></span> <span class='ocrx_word' id='word_1_714' title='bbox 3072 4065 3440 4119; x_wconf 86' lang='lat' dir='ltr'><strong>socerumque</strong></span> <span class='ocrx_word' id='word_1_715' title='bbox 3472 4048 3620 4104; x_wconf 82' lang='lat' dir='ltr'><strong>Can-</strong></span> <span class='ocrx_word' id='word_1_716' title='bbox 3661 4086 3675 4101; x_wconf 89' lang='lat'><strong>.</strong></span> 
     </span>
    </p>
   </div>
   <div class='ocr_carea' id='block_1_98' title="bbox 2039 4138 3617 4220">
    <p class='ocr_par' dir='ltr' id='par_1_98' title="bbox 2039 4138 3617 4220">
     <span class='ocr_line' id='line_1_98' title="bbox 2039 4138 3617 4220; baseline -0.016 -2"><span class='ocrx_word' id='word_1_717' title='bbox 2039 4173 2364 4218; x_wconf 85' lang='lat' dir='ltr'><strong>tacuzenum</strong></span> <span class='ocrx_word' id='word_1_718' title='bbox 2396 4195 2410 4214; x_wconf 88' lang='lat'><strong>.</strong></span> <span class='ocrx_word' id='word_1_719' title='bbox 2464 4163 2522 4207; x_wconf 87' lang='lat' dir='ltr'><strong>et</strong></span> <span class='ocrx_word' id='word_1_720' title='bbox 2557 4138 2804 4220; x_wconf 84' lang='lat' dir='ltr'><strong>ejusdem</strong></span> <span class='ocrx_word' id='word_1_721' title='bbox 2855 4147 3028 4202; x_wconf 89' lang='lat' dir='ltr'><strong>ﬁlium</strong></span> <span class='ocrx_word' id='word_1_722' title='bbox 3079 4145 3395 4200; x_wconf 81' lang='lat' dir='ltr'><strong>Matthaeum</strong></span> <span class='ocrx_word' id='word_1_723' title='bbox 3443 4141 3617 4210; x_wconf 83' lang='lat' dir='ltr'><strong>(cum</strong></span> 
     </span>
    </p>
   </div>
   <div class='ocr_carea' id='block_1_99' title="bbox 2037 4234 3617 4326">
    <p class='ocr_par' dir='ltr' id='par_1_99' title="bbox 2037 4234 3617 4326">
     <span class='ocr_line' id='line_1_99' title="bbox 2037 4234 3617 4326; baseline -0.016 -16"><span class='ocrx_word' id='word_1_724' title='bbox 2037 4255 2238 4326; x_wconf 88' lang='lat' dir='ltr'><strong>quibus</strong></span> <span class='ocrx_word' id='word_1_725' title='bbox 2261 4249 2534 4306; x_wconf 84' lang='lat' dir='ltr'><strong>ambobus</strong></span> <span class='ocrx_word' id='word_1_726' title='bbox 2561 4243 2850 4299; x_wconf 91' lang='lat' dir='ltr'><strong>dissidium</strong></span> <span class='ocrx_word' id='word_1_727' title='bbox 2892 4241 2942 4296; x_wconf 89' lang='lat' dir='ltr'><strong>ei</strong></span> <span class='ocrx_word' id='word_1_728' title='bbox 2977 4237 3330 4303; x_wconf 83' lang='lat' dir='ltr'><strong>intercessit)</strong></span> <span class='ocrx_word' id='word_1_729' title='bbox 3365 4234 3617 4326; x_wconf 80' lang='lat' dir='ltr'><strong>conlige-</strong></span> 
     </span>
    </p>
   </div>
   <div class='ocr_carea' id='block_1_100' title="bbox 2040 4324 3616 4403">
    <p class='ocr_par' dir='ltr' id='par_1_100' title="bbox 2040 4324 3616 4403">
     <span class='ocr_line' id='line_1_100' title="bbox 2040 4324 3616 4403; baseline -0.013 -2"><span class='ocrx_word' id='word_1_730' title='bbox 2040 4324 2191 4401; x_wconf 76' lang='lat' dir='ltr'><strong>runt.</strong></span> <span class='ocrx_word' id='word_1_731' title='bbox 2217 4340 2458 4397; x_wconf 84' lang='lat' dir='ltr'><strong>Tametsi</strong></span> <span class='ocrx_word' id='word_1_732' title='bbox 2483 4347 2538 4392; x_wconf 88' lang='lat' dir='ltr'><strong>et</strong></span> <span class='ocrx_word' id='word_1_733' title='bbox 2567 4337 2619 4390; x_wconf 89' lang='lat' dir='ltr'><strong>in</strong></span> <span class='ocrx_word' id='word_1_734' title='bbox 2642 4334 2858 4390; x_wconf 86' lang='lat' dir='ltr'><strong>duobus</strong></span> <span class='ocrx_word' id='word_1_735' title='bbox 2890 4331 3167 4403; x_wconf 89' lang='lat' dir='ltr'><strong>prioribus</strong></span> <span class='ocrx_word' id='word_1_736' title='bbox 3199 4329 3306 4384; x_wconf 82' lang='lat' dir='ltr'><strong>ta&#39;m</strong></span> <span class='ocrx_word' id='word_1_737' title='bbox 3344 4327 3516 4382; x_wconf 88' lang='lat' dir='ltr'><strong>multa</strong></span> <span class='ocrx_word' id='word_1_738' title='bbox 3545 4324 3616 4380; x_wconf 79' lang='lat' dir='ltr'><strong>de</strong></span> 
     </span>
    </p>
   </div>
   <div class='ocr_carea' id='block_1_101' title="bbox 2039 4415 3610 4494">
    <p class='ocr_par' dir='ltr' id='par_1_101' title="bbox 2039 4415 3610 4494">
     <span class='ocr_line' id='line_1_101' title="bbox 2039 4415 3610 4494; baseline -0.015 -1"><span class='ocrx_word' id='word_1_739' title='bbox 2039 4438 2421 4494; x_wconf 82' lang='lat' dir='ltr'><strong>Cantacuzeno</strong></span> <span class='ocrx_word' id='word_1_740' title='bbox 2448 4433 2874 4483; x_wconf 89' lang='lat' dir='ltr'><strong>commemorata</strong></span> <span class='ocrx_word' id='word_1_741' title='bbox 2909 4431 3058 4484; x_wconf 87' lang='lat' dir='ltr'><strong>sunt,</strong></span> <span class='ocrx_word' id='word_1_742' title='bbox 3102 4428 3162 4473; x_wconf 87' lang='lat' dir='ltr'><strong>ut</strong></span> <span class='ocrx_word' id='word_1_743' title='bbox 3217 4420 3364 4491; x_wconf 87' lang='lat' dir='ltr'><strong>quod</strong></span> <span class='ocrx_word' id='word_1_744' title='bbox 3401 4418 3454 4472; x_wconf 86' lang='lat' dir='ltr'><strong>in</strong></span> <span class='ocrx_word' id='word_1_745' title='bbox 3489 4415 3610 4486; x_wconf 84' lang='lat' dir='ltr'><strong>epi-</strong></span> 
     </span>
    </p>
   </div>
   <div class='ocr_carea' id='block_1_102' title="bbox 2037 4511 3612 4584">
    <p class='ocr_par' dir='ltr' id='par_1_102' title="bbox 2037 4511 3612 4584">
     <span class='ocr_line' id='line_1_102' title="bbox 2037 4511 3612 4584; baseline -0.013 -1"><span class='ocrx_word' id='word_1_746' title='bbox 2037 4528 2172 4584; x_wconf 84' lang='lat' dir='ltr'><strong>stola</strong></span> <span class='ocrx_word' id='word_1_747' title='bbox 2207 4525 2363 4580; x_wconf 87' lang='lat' dir='ltr'><strong>Nilus</strong></span> <span class='ocrx_word' id='word_1_748' title='bbox 2396 4522 2492 4584; x_wconf 88' lang='lat' dir='ltr'><strong>ait,</strong></span> <span class='ocrx_word' id='word_1_749' title='bbox 2523 4534 2650 4572; x_wconf 89' lang='lat' dir='ltr'><strong>eum</strong></span> <span class='ocrx_word' id='word_1_750' title='bbox 2686 4515 3012 4584; x_wconf 75' lang='grc' dir='ltr'><strong>αὐτουργδν,</strong></span> <span class='ocrx_word' id='word_1_751' title='bbox 3043 4514 3146 4567; x_wconf 88' lang='lat' dir='ltr'><strong>hoc</strong></span> <span class='ocrx_word' id='word_1_752' title='bbox 3176 4521 3281 4576; x_wconf 85' lang='lat' dir='ltr'><strong>est,</strong></span> <span class='ocrx_word' id='word_1_753' title='bbox 3325 4513 3494 4565; x_wconf 79' lang='lat' dir='ltr'><strong>rebus</strong></span> <span class='ocrx_word' id='word_1_754' title='bbox 3529 4511 3612 4580; x_wconf 85' lang='lat' dir='ltr'><strong>ip-</strong></span> 
     </span>
    </p>
   </div>
   <div class='ocr_carea' id='block_1_103' title="bbox 2035 4607 3614 4677">
    <p class='ocr_par' dir='ltr' id='par_1_103' title="bbox 2035 4607 3614 4677">
     <span class='ocr_line' id='line_1_103' title="bbox 2035 4607 3614 4677; baseline -0.01 -1"><span class='ocrx_word' id='word_1_755' title='bbox 2035 4623 2228 4677; x_wconf 88' lang='lat' dir='ltr'><strong>sismet</strong></span> <span class='ocrx_word' id='word_1_756' title='bbox 2264 4630 2448 4670; x_wconf 88' lang='lat' dir='ltr'><strong>coram</strong></span> <span class='ocrx_word' id='word_1_757' title='bbox 2477 4655 2490 4676; x_wconf 93' lang='lat'><strong>,</strong></span> <span class='ocrx_word' id='word_1_758' title='bbox 2523 4622 2584 4667; x_wconf 90' lang='lat' dir='ltr'><strong>ut</strong></span> <span class='ocrx_word' id='word_1_759' title='bbox 2610 4620 2878 4671; x_wconf 90' lang='lat' dir='ltr'><strong>actorem,</strong></span> <span class='ocrx_word' id='word_1_760' title='bbox 2905 4607 3173 4669; x_wconf 80' lang='lat' dir='ltr'><strong>adfuisse,</strong></span> <span class='ocrx_word' id='word_1_761' title='bbox 3193 4621 3349 4674; x_wconf 65' lang='lat' dir='ltr'><strong>aeque</strong></span> <span class='ocrx_word' id='word_1_762' title='bbox 3375 4607 3442 4662; x_wconf 86' lang='lat' dir='ltr'><strong>de</strong></span> <span class='ocrx_word' id='word_1_763' title='bbox 3471 4607 3580 4661; x_wconf 90' lang='lat' dir='ltr'><strong>illis</strong></span> <span class='ocrx_word' id='word_1_764' title='bbox 3599 4646 3614 4671; x_wconf 93' lang='lat'><strong>,</strong></span> 
     </span>
    </p>
   </div>
   <div class='ocr_carea' id='block_1_104' title="bbox 2037 4696 3405 4776">
    <p class='ocr_par' dir='ltr' id='par_1_104' title="bbox 2037 4696 3405 4776">
     <span class='ocr_line' id='line_1_104' title="bbox 2037 4696 3405 4776; baseline -0.011 -11"><span class='ocrx_word' id='word_1_765' title='bbox 2037 4721 2099 4766; x_wconf 88' lang='lat' dir='ltr'><strong>ut</strong></span> <span class='ocrx_word' id='word_1_766' title='bbox 2128 4710 2197 4764; x_wconf 90' lang='lat' dir='ltr'><strong>de</strong></span> <span class='ocrx_word' id='word_1_767' title='bbox 2227 4703 2636 4776; x_wconf 87' lang='lat' dir='ltr'><strong>posterioribus</strong></span> <span class='ocrx_word' id='word_1_768' title='bbox 2678 4698 3104 4769; x_wconf 78' lang='lat' dir='ltr'><strong>intelligendum</strong></span> <span class='ocrx_word' id='word_1_769' title='bbox 3131 4696 3405 4750; x_wconf 81' lang='lat' dir='ltr'><strong>videatur.</strong></span> 
     </span>
    </p>
   </div>
   <div class='ocr_carea' id='block_1_105' title="bbox 2107 4787 3620 4858">
    <p class='ocr_par' dir='ltr' id='par_1_105' title="bbox 2107 4787 3620 4858">
     <span class='ocr_line' id='line_1_105' title="bbox 2107 4787 3620 4858; baseline -0.011 -2"><span class='ocrx_word' id='word_1_770' title='bbox 2107 4801 2272 4856; x_wconf 82' lang='lat' dir='ltr'><strong>Gesta</strong></span> <span class='ocrx_word' id='word_1_771' title='bbox 2308 4805 2437 4850; x_wconf 90' lang='lat' dir='ltr'><strong>sunt</strong></span> <span class='ocrx_word' id='word_1_772' title='bbox 2462 4804 2644 4848; x_wconf 88' lang='lat' dir='ltr'><strong>autem</strong></span> <span class='ocrx_word' id='word_1_773' title='bbox 2673 4791 2854 4846; x_wconf 91' lang='lat' dir='ltr'><strong>omnia</strong></span> <span class='ocrx_word' id='word_1_774' title='bbox 2889 4789 2958 4844; x_wconf 91' lang='lat' dir='ltr'><strong>ab</strong></span> <span class='ocrx_word' id='word_1_775' title='bbox 3003 4804 3150 4844; x_wconf 87' lang='lat' dir='ltr'><strong>anno</strong></span> <span class='ocrx_word' id='word_1_776' title='bbox 3191 4797 3314 4858; x_wconf 88' lang='lat' dir='ltr'><strong>post</strong></span> <span class='ocrx_word' id='word_1_777' title='bbox 3339 4787 3620 4844; x_wconf 85' lang='lat' dir='ltr'><strong>Christum</strong></span> 
     </span>
    </p>
   </div>
   <div class='ocr_carea' id='block_1_106' title="bbox 2046 4880 3620 4952">
    <p class='ocr_par' dir='ltr' id='par_1_106' title="bbox 2046 4880 3620 4952">
     <span class='ocr_line' id='line_1_106' title="bbox 2046 4880 3620 4952; baseline -0.01 -4"><span class='ocrx_word' id='word_1_778' title='bbox 2046 4903 2236 4948; x_wconf 88' lang='lat' dir='ltr'><strong>natum</strong></span> <span class='ocrx_word' id='word_1_779' title='bbox 2274 4889 2568 4944; x_wconf 87' lang='lat' dir='ltr'><strong>millesimo</strong></span> <span class='ocrx_word' id='word_1_780' title='bbox 2605 4883 2996 4940; x_wconf 89' lang='lat' dir='ltr'><strong>trecentesimo</strong></span> <span class='ocrx_word' id='word_1_781' title='bbox 3024 4882 3286 4937; x_wconf 83' lang='lat' dir='ltr'><strong>vicesimo</strong></span> <span class='ocrx_word' id='word_1_782' title='bbox 3319 4882 3519 4952; x_wconf 89' lang='lat' dir='ltr'><strong>primo,</strong></span> <span class='ocrx_word' id='word_1_783' title='bbox 3550 4880 3620 4934; x_wconf 87' lang='lat' dir='ltr'><strong>ad</strong></span> 
     </span>
    </p>
   </div>
   <div class='ocr_carea' id='block_1_107' title="bbox 2046 4975 3621 5048">
    <p class='ocr_par' dir='ltr' id='par_1_107' title="bbox 2046 4975 3621 5048">
     <span class='ocr_line' id='line_1_107' title="bbox 2046 4975 3621 5048; baseline -0.009 -12"><span class='ocrx_word' id='word_1_784' title='bbox 2046 4997 2252 5036; x_wconf 84' lang='lat' dir='ltr'><strong>annum</strong></span> <span class='ocrx_word' id='word_1_785' title='bbox 2291 4981 2411 5048; x_wconf 89' lang='lat' dir='ltr'><strong>plus</strong></span> <span class='ocrx_word' id='word_1_786' title='bbox 2462 4978 2646 5030; x_wconf 87' lang='lat' dir='ltr'><strong>minus</strong></span> <span class='ocrx_word' id='word_1_787' title='bbox 2689 4975 3211 5048; x_wconf 76' lang='lat' dir='ltr'><strong>quinquagesimum</strong></span> <span class='ocrx_word' id='word_1_788' title='bbox 3252 4987 3482 5036; x_wconf 83' lang='lat' dir='ltr'><strong>nonum,</strong></span> <span class='ocrx_word' id='word_1_789' title='bbox 3521 4987 3621 5023; x_wconf 89' lang='lat' dir='ltr'><strong>an-</strong></span> 
     </span>
    </p>
   </div>
   <div class='ocr_carea' id='block_1_108' title="bbox 2045 5061 3618 5138">
    <p class='ocr_par' dir='ltr' id='par_1_108' title="bbox 2045 5061 3618 5138">
     <span class='ocr_line' id='line_1_108' title="bbox 2045 5061 3618 5138; baseline -0.008 -11"><span class='ocrx_word' id='word_1_790' title='bbox 2045 5075 2132 5127; x_wconf 91' lang='lat' dir='ltr'><strong>nis</strong></span> <span class='ocrx_word' id='word_1_791' title='bbox 2164 5073 2424 5138; x_wconf 72' lang='lat' dir='ltr'><strong>nimirum</strong></span> <span class='ocrx_word' id='word_1_792' title='bbox 2454 5069 2672 5138; x_wconf 77' lang='lat' dir='ltr'><strong>triginta</strong></span> <span class='ocrx_word' id='word_1_793' title='bbox 2695 5082 2917 5130; x_wconf 89' lang='lat' dir='ltr'><strong>novem,</strong></span> <span class='ocrx_word' id='word_1_794' title='bbox 2945 5076 3040 5118; x_wconf 91' lang='lat' dir='ltr'><strong>aut</strong></span> <span class='ocrx_word' id='word_1_795' title='bbox 3077 5065 3320 5118; x_wconf 83' lang='lat' dir='ltr'><strong>circiter.</strong></span> <span class='ocrx_word' id='word_1_796' title='bbox 3357 5064 3448 5116; x_wconf 78' lang='lat' dir='ltr'><strong>Sic</strong></span> <span class='ocrx_word' id='word_1_797' title='bbox 3472 5061 3618 5115; x_wconf 85' lang='lat' dir='ltr'><strong>enim</strong></span> 
     </span>
    </p>
   </div>
   <div class='ocr_carea' id='block_1_109' title="bbox 2047 5131 3622 5237">
    <p class='ocr_par' dir='ltr' id='par_1_109' title="bbox 2047 5131 3622 5237">
     <span class='ocr_line' id='line_1_109' title="bbox 2047 5131 3622 5237; baseline -0.008 -19"><span class='ocrx_word' id='word_1_798' title='bbox 2047 5131 2742 5220; x_wconf 42' lang='lat' dir='ltr'><strong>rationem~subducimus.</strong></span> <span class='ocrx_word' id='word_1_799' title='bbox 2781 5155 3012 5212; x_wconf 80' lang='lat' dir='ltr'><strong>Michael</strong></span> <span class='ocrx_word' id='word_1_800' title='bbox 3044 5154 3382 5224; x_wconf 67' lang='lat' dir='ltr'><strong>Palieologus</strong></span> <span class='ocrx_word' id='word_1_801' title='bbox 3411 5151 3622 5237; x_wconf 71' lang='lat' dir='ltr'><strong>collega</strong></span> 
     </span>
    </p>
   </div>
   <div class='ocr_carea' id='block_1_110' title="bbox 2046 5247 3624 5331">
    <p class='ocr_par' dir='ltr' id='par_1_110' title="bbox 2046 5247 3624 5331">
     <span class='ocr_line' id='line_1_110' title="bbox 2046 5247 3624 5331; baseline -0.008 -22"><span class='ocrx_word' id='word_1_802' title='bbox 2046 5257 2217 5326; x_wconf 87' lang='lat' dir='ltr'><strong>patris</strong></span> <span class='ocrx_word' id='word_1_803' title='bbox 2247 5255 2329 5308; x_wconf 91' lang='lat' dir='ltr'><strong>sui</strong></span> <span class='ocrx_word' id='word_1_804' title='bbox 2358 5252 2656 5308; x_wconf 87' lang='lat' dir='ltr'><strong>Andronici</strong></span> <span class='ocrx_word' id='word_1_805' title='bbox 2683 5260 2937 5331; x_wconf 78' lang='lat' dir='ltr'><strong>mortuus</strong></span> <span class='ocrx_word' id='word_1_806' title='bbox 2957 5258 3042 5302; x_wconf 91' lang='lat' dir='ltr'><strong>est</strong></span> <span class='ocrx_word' id='word_1_807' title='bbox 3071 5247 3367 5302; x_wconf 86' lang='lat' dir='ltr'><strong>millesimo</strong></span> <span class='ocrx_word' id='word_1_808' title='bbox 3400 5255 3624 5322; x_wconf 82' lang='lat' dir='ltr'><strong>trecen-</strong></span> 
     </span>
    </p>
   </div>
   <div class='ocr_carea' id='block_1_111' title="bbox 2047 5335 3626 5434">
    <p class='ocr_par' dir='ltr' id='par_1_111' title="bbox 2047 5335 3626 5434">
     <span class='ocr_line' id='line_1_111' title="bbox 2047 5335 3626 5434; baseline -0.008 -34"><span class='ocrx_word' id='word_1_809' title='bbox 2047 5347 2240 5401; x_wconf 89' lang='lat' dir='ltr'><strong>tesimo</strong></span> <span class='ocrx_word' id='word_1_810' title='bbox 2265 5345 2524 5400; x_wconf 89' lang='lat' dir='ltr'><strong>vicesimo</strong></span> <span class='ocrx_word' id='word_1_811' title='bbox 2547 5343 2748 5414; x_wconf 88' lang='lat' dir='ltr'><strong>primo.</strong></span> <span class='ocrx_word' id='word_1_812' title='bbox 2779 5341 2982 5414; x_wconf 80' lang='lat' dir='ltr'><strong>Eodem</strong></span> <span class='ocrx_word' id='word_1_813' title='bbox 2995 5339 3122 5434; x_wconf 62' lang='lat' dir='ltr'><strong>ipso</strong></span> <span class='ocrx_word' id='word_1_814' title='bbox 3145 5351 3289 5392; x_wconf 90' lang='lat' dir='ltr'><strong>anno</strong></span> <span class='ocrx_word' id='word_1_815' title='bbox 3318 5337 3386 5406; x_wconf 91' lang='lat' dir='ltr'><strong>(si</strong></span> <span class='ocrx_word' id='word_1_816' title='bbox 3414 5350 3443 5388; x_wconf 89' lang='lat' dir='ltr'><strong>a</strong></span> <span class='ocrx_word' id='word_1_817' title='bbox 3467 5335 3626 5389; x_wconf 80' lang='lat' dir='ltr'><strong>Sem-</strong></span> 
     </span>
    </p>
   </div>
   <div class='ocr_carea' id='block_1_112' title="bbox 2045 5425 3625 5496">
    <p class='ocr_par' dir='ltr' id='par_1_112' title="bbox 2045 5425 3625 5496">
     <span class='ocr_line' id='line_1_112' title="bbox 2045 5425 3625 5496; baseline -0.006 -5"><span class='ocrx_word' id='word_1_818' title='bbox 2045 5438 2243 5492; x_wconf 85' lang='lat' dir='ltr'><strong>tembri</strong></span> <span class='ocrx_word' id='word_1_819' title='bbox 2275 5438 2445 5490; x_wconf 86' lang='lat' dir='ltr'><strong>ducas</strong></span> <span class='ocrx_word' id='word_1_820' title='bbox 2467 5435 2595 5488; x_wconf 88' lang='lat' dir='ltr'><strong>anni</strong></span> <span class='ocrx_word' id='word_1_821' title='bbox 2631 5432 2892 5492; x_wconf 86' lang='lat' dir='ltr'><strong>initium,</strong></span> <span class='ocrx_word' id='word_1_822' title='bbox 2930 5425 3202 5484; x_wconf 70' lang='lat' dir='ltr'><strong>ut&#39;Grmci</strong></span> <span class='ocrx_word' id='word_1_823' title='bbox 3249 5425 3464 5496; x_wconf 81' lang='lat' dir='ltr'><strong>dicunt)</strong></span> <span class='ocrx_word' id='word_1_824' title='bbox 3507 5427 3625 5481; x_wconf 81' lang='lat' dir='ltr'><strong>bel-</strong></span> 
     </span>
    </p>
   </div>
   <div class='ocr_carea' id='block_1_113' title="bbox 2043 5518 3623 5592">
    <p class='ocr_par' dir='ltr' id='par_1_113' title="bbox 2043 5518 3623 5592">
     <span class='ocr_line' id='line_1_113' title="bbox 2043 5518 3623 5592; baseline -0.003 -13"><span class='ocrx_word' id='word_1_825' title='bbox 2043 5527 2154 5580; x_wconf 91' lang='lat' dir='ltr'><strong>lum</strong></span> <span class='ocrx_word' id='word_1_826' title='bbox 2217 5527 2360 5579; x_wconf 88' lang='lat' dir='ltr'><strong>inter</strong></span> <span class='ocrx_word' id='word_1_827' title='bbox 2390 5539 2550 5577; x_wconf 85' lang='lat' dir='ltr'><strong>avum</strong></span> <span class='ocrx_word' id='word_1_828' title='bbox 2593 5533 2649 5577; x_wconf 87' lang='lat' dir='ltr'><strong>et</strong></span> <span class='ocrx_word' id='word_1_829' title='bbox 2699 5531 2952 5592; x_wconf 89' lang='lat' dir='ltr'><strong>nepotem</strong></span> <span class='ocrx_word' id='word_1_830' title='bbox 3005 5521 3250 5582; x_wconf 79' lang='lat' dir='ltr'><strong>exarsit,</strong></span> <span class='ocrx_word' id='word_1_831' title='bbox 3293 5518 3623 5590; x_wconf 87' lang='lat' dir='ltr'><strong>duravitque</strong></span> 
     </span>
    </p>
   </div>
   <div class='ocr_carea' id='block_1_114' title="bbox 2044 5611 3624 5682">
    <p class='ocr_par' dir='ltr' id='par_1_114' title="bbox 2044 5611 3624 5682">
     <span class='ocr_line' id='line_1_114' title="bbox 2044 5611 3624 5682; baseline -0.003 -8"><span class='ocrx_word' id='word_1_832' title='bbox 2044 5616 2388 5682; x_wconf 79' lang='lat' dir='ltr'><strong>sexennium,</strong></span> <span class='ocrx_word' id='word_1_833' title='bbox 2427 5625 2481 5668; x_wconf 86' lang='lat' dir='ltr'><strong>et</strong></span> <span class='ocrx_word' id='word_1_834' title='bbox 2504 5629 2746 5669; x_wconf 91' lang='lat' dir='ltr'><strong>mensem</strong></span> <span class='ocrx_word' id='word_1_835' title='bbox 2798 5628 2989 5678; x_wconf 90' lang='lat' dir='ltr'><strong>unum,</strong></span> <span class='ocrx_word' id='word_1_836' title='bbox 3050 5619 3110 5664; x_wconf 87' lang='lat' dir='ltr'><strong>ut</strong></span> <span class='ocrx_word' id='word_1_837' title='bbox 3167 5611 3224 5664; x_wconf 90' lang='lat' dir='ltr'><strong>in</strong></span> <span class='ocrx_word' id='word_1_838' title='bbox 3281 5611 3432 5669; x_wconf 82' lang='lat' dir='ltr'><strong>calce</strong></span> <span class='ocrx_word' id='word_1_839' title='bbox 3493 5613 3624 5669; x_wconf 86' lang='lat' dir='ltr'><strong>libri</strong></span> 
     </span>
    </p>
   </div>
  </div>
