4106 6292
478 326 552 390 23
1583 318 1925 403 JOANNES
1955 318 2579 382 CANTACUZENUS.
3660 313 3729 377 st

478 439 644 511 primi
674 436 905 494 relatum
932 443 1036 493 est.
1057 434 1215 492 Victo
1248 445 1384 498 avo,
1431 448 1607 503 nepos
1639 434 1791 488 solus
1840 430 2060 503 praefuit
2091 436 2132 490 Α
2162 429 2268 486 Sed
2293 432 2451 504 juvat
2512 428 2687 500 ipsius
2729 425 3102 486 Cantaeuzeni
3151 424 3318 481 verba
3375 423 3623 494 proferre
3672 422 3729 480 in

478 530 711 601 imperio
742 534 905 584 annis
939 527 1156 598 viginti,
1195 526 1242 581 si
1306 541 1500 581 verum
1528 525 1723 581 scribit
1753 524 2046 594 Gregoras.
2155 522 2425 588 medium,
2465 537 2529 577 ex
2581 521 2712 577 libri
2752 519 2937 591 quarti
2978 518 3156 584 capite
3207 516 3473 572 vicesimo
3501 524 3726 584 quarto,

476 625 595 690 Quo
622 639 653 677 e
699 621 840 676 vivis
907 619 1167 681 sublato,
1232 619 1568 690 pupillorum
1607 617 1832 672 tutelam
1884 616 2052 686 gessit
2155 616 2322 679 unde,
2365 614 2644 685 quomodo
2674 630 2737 669 se
2785 611 3022 682 gesserit
3056 612 3113 664 in
3165 607 3406 665 Historia
3440 606 3732 662 scribenda

474 715 912 773 Cautacuzcnus,
947 712 1038 766 vix
1063 727 1292 768 annum.
1315 719 1375 765 ut
1401 709 1662 780 colligere
1689 719 1813 762 est:
1853 708 2051 761 adver-
2153 707 2450 775 Gregoras,
2489 706 2704 775 liquido
2737 704 3147 774 perspiciatur:
3188 701 3571 768 Imperatorem
3614 712 3735 750 uero

475 820 571 859 sus
609 818 772 872 quem
822 799 1024 869 deinde
1062 812 1122 856 ut
1153 808 1445 871 tyranuum
1483 799 1706 853 nomine
1742 797 1921 851 viduae
1952 796 2053 850 im-
2152 799 2621 862 Cantacazenum,
2674 805 2954 868 postquam
2980 797 3149 862 ipsum
3200 810 3293 864 per
3333 808 3388 846 se
3424 788 3735 863 deprimere.
3768 854 3775 859 α

476 895 787 966 peratricis,
836 902 891 947 et
922 893 1160 947 liberum
1210 893 1328 963 ejus
1360 892 1563 945 bellum
1594 889 2050 944 administratum
2157 901 2316 961 atque
2342 900 2574 946 evertere
2614 907 2720 945 non
2765 892 2956 960 potuit,
2983 887 3411 956 Palteologorum
3448 887 3738 955 imparato-

473 999 557 1041 est
608 985 766 1038 annis
795 985 1061 1053 quinque.
1119 982 1197 1037 Eo
1233 980 1384 1035 finito
1431 982 1870 1045 Cantacuzenus,
1926 980 2053 1034 data
2156 1001 2276 1038 rum
2326 983 2522 1036 bellum
2584 990 2831 1037 mutuum
2884 996 2982 1051 pro
3035 987 3351 1051 argumento
3392 991 3647 1041 sumens;
3690 983 3739 1028 et

475 1076 673 1132 Joanni
727 1074 1038 1144 Palmologo
1091 1074 1144 1128 in
1203 1072 1615 1127 matrimonium
1655 1068 1767 1125 lilia
1795 1111 1807 1133 ,
1862 1069 2051 1123 decem
2157 1076 2356 1145 partim
2403 1075 2711 1144 ignorantia
2746 1089 2928 1126 rerum
2975 1083 3267 1143 gestarum,
3300 1069 3516 1139 partim
3560 1065 3739 1136 gratia

478 1184 655 1223 annos
695 1168 764 1222 ab
794 1184 862 1222 eo
914 1167 1236 1236 paciscitur,
1272 1167 1476 1234 quibus
1525 1181 1695 1233 penes
1737 1179 1793 1218 se
1836 1161 2054 1231 imperii
2157 1176 2409 1236 corrupta
2460 1167 2704 1228 veritate,
2736 1180 2799 1217 ac
2842 1164 2964 1217 totis
3017 1161 3213 1216 viribus
3268 1159 3411 1213 velut
3451 1158 3507 1211 in
3559 1154 3742 1226 fabula

477 1260 807 1332 gubernatio
840 1275 966 1313 cum
1003 1258 1228 1312 nomine
1272 1266 1490 1312 maneat
1519 1275 1532 1312 :
1561 1272 1729 1326 penes
1760 1255 1915 1310 illum
1953 1269 2056 1307 no-
2158 1254 2603 1309 comminiscenda
2651 1256 2942 1314 mentiens,
2978 1250 3166 1304 deinde
3189 1249 3374 1303 ordine
3393 1247 3462 1301 ad
3509 1244 3740 1305 bellum,

481 1370 603 1406 men
638 1353 929 1416 duntaxat,
961 1359 1015 1404 et
1040 1350 1280 1420 dignitas
1307 1349 1682 1417 imperatoria,
1717 1345 1902 1401 donec
1922 1353 2056 1399 astas
2158 1347 2299 1417 quod
2329 1356 2515 1400 nostra
2565 1346 2825 1399 memoria
2867 1352 3052 1419 contra
3083 1341 3512 1397 Cantacuzenum
3541 1336 3745 1389 excita-

479 1453 815 1497 maturescat
872 1440 1094 1513 (agebat
1150 1442 1296 1493 enim
1368 1440 1607 1495 Joannes
1674 1451 1879 1491 annum
1943 1449 2054 1488 non
2161 1449 2272 1493 tum
2302 1448 2400 1501 est,
2432 1453 2761 1510 progressus,
2789 1445 2901 1490 tum
2938 1435 3050 1489 alia
3082 1432 3359 1504 complura
3390 1429 3600 1485 crimini
3626 1427 3742 1489 dat.

479 1535 602 1602 plus
633 1534 907 1587 decimum
944 1532 1247 1602 quintum),
1281 1538 1469 1601 postca
1502 1545 1560 1584 se
1598 1529 1862 1598 collegam
1884 1526 2058 1596 patia-

2159 1535 2438 1588 servitutes
2462 1571 2476 1595 ,
2508 1531 2677 1585 caedes
2700 1568 2716 1590 .
2790 1528 3173 1583 trucidationes
3200 1563 3215 1586 ,
3271 1522 3657 1592 populationes,
3695 1527 3745 1573 et

481 1633 588 1677 tur.
629 1624 806 1692 llujus
831 1624 996 1693 spatii
1031 1626 1122 1677 vix
1156 1623 1450 1677 dimidium
1490 1621 1713 1676 videtur
1731 1618 2058 1688 explevisse,
2163 1639 2491 1694 quaecunque
2518 1621 2775 1676 Romanis
2804 1635 2898 1689 per
2926 1620 2981 1672 id
3026 1616 3220 1671 bellum
3261 1614 3501 1668 luctuosa
3542 1610 3746 1665 incide-

480 1730 667 1770 rerum
703 1716 864 1786 hujus
910 1714 1140 1780 mundi,
1175 1726 1233 1771 et
1281 1715 1528 1769 adversae
1580 1711 1748 1767 sortis
1782 1717 2061 1765 renovata:
2092 1760 2101 1786 1

2125 1763 2139 1786 ,
2164 1724 2312 1777 runt,
2333 1714 2417 1767 illi
2440 1713 2705 1768 ascribens
2722 1751 2740 1775 ,
2795 1720 2907 1763 tum
2936 1708 2998 1762 ob
3034 1723 3269 1763 amorem
3296 1703 3629 1766 dominandi,
3654 1701 3746 1754 im-

483 1760 667 1770 .ν......
703 1760 864 1786 ....,-..
910 1760 1140 1780 ..........,
1178 1760 1233 1771 ν-
1281 1760 1527 1769 --.η-η
1581 1760 1745 1767 _----_

479 1808 717 1874 qtmdatu
747 1809 932 1863 ta-dio.
979 1809 1111 1875 Quae
1145 1811 1261 1877 ipso
1312 1808 1417 1879 jam
1472 1803 1742 1859 monacho
1786 1802 1931 1858 inter
1956 1799 2061 1856 Pa-
2092 1761 2100 1822 1

2121 1761 2140 1818 ι
2165 1760 2487 1879 peridlisque
2517 1760 3347 1873 fastigii,cupidinemwmalorum
3375 1794 3591 1847 illorum
3616 1760 3742 1843 inul-

478 1899 767 1969 lmologum
837 1907 894 1954 et
950 1900 1266 1955 Mattharum
1346 1906 1536 1952 secuta
1597 1900 1767 1960 sunt,
1831 1892 2060 1947 forsitan

2167 1900 2277 1954 lam
2307 1900 2516 1952 duxisse
2537 1898 2803 1951 rationem
2838 1892 3101 1963 afﬁrmat.
3138 1888 3287 1944 Illud
3327 1898 3503 1941 autem
3546 1882 3744 1939 Canta-

482 1991 670 2055 unius,
695 2001 789 2044 ant
820 1993 1057 2044 duorum
1098 1972 1374 2043 annorum
1412 1986 1636 2040 fuerunt
1668 2002 1682 2038 :
1716 1999 1840 2037 nam
1873 1983 1929 2036 in
1976 1981 2062 2035 his

2164 2004 2418 2043 cuzenum
2450 1986 2782 2057 potissimum
2831 1981 3069 2045 vellicat,
3117 1988 3165 2033 et
3190 1994 3283 2031 cor
3311 1977 3425 2045 ejus
3453 1976 3583 2035 urit.
3608 1972 3748 2039 quod

480 2082 630 2152 quod
659 2097 758 2151 pro
786 2093 939 2136 certo
981 2080 1272 2144 allirmcm,
1325 2094 1435 2132 non
1475 2076 1675 2131 habeo.
1710 2074 1825 2129 Hac
1849 2073 2061 2126 ratione

2163 2079 2446 2140 mentitur,
2498 2092 2641 2143 eum,
2704 2076 2875 2129 adhuc
2926 2075 3132 2127 uiuente
3170 2068 3495 2124 Andronico.
3542 2064 3749 2141 imperii

481 2175 824 2244 ctilliguntur
867 2174 998 2227 anni
1041 2171 1284 2227 historia:
1328 2171 1497 2240 hujus
1558 2166 1786 2222 circiter
1838 2164 2062 2235 triginta
2163 2165 2391 2220 Romani
2414 2163 2568 2234 longe
2592 2160 3102 2234 appetentissimum,
3134 2173 3253 2210 cum
3297 2155 3352 2208 id
3398 2152 3608 2222 assequi
3642 2165 3749 2203 non

482 2282 702 2320 novem.
734 2246 811 2319 Ex
840 2265 925 2318 his
964 2268 1133 2333 patet,
1165 2238 1416 2331 tempora
1444 2258 1744 2315 Andronici
1775 2255 2018 2313 Juuioris
2044 2295 2060 2320 ,
2165 2263 2356 2328 posset.
2398 2254 2468 2308 ad
2493 2252 2777 2307 monachos
2800 2251 2853 2303 in
2882 2257 3058 2303 monte
3090 2246 3245 2309 Atho,
3288 2244 3378 2313 qui
3411 2241 3514 2294 viri
3554 2238 3746 2302 sancti,

490 2356 888 2418 Cantacuzeni,
920 2330 1222 2409 etloannis
1258 2330 1546 2419 Palmologi
1575 2365 1685 2403 non
1718 2348 1852 2403 satis
1892 2345 2062 2416 probe
2166 2360 2217 2403 et
2244 2367 2277 2402 α
2308 2347 2419 2401 Deo
2440 2345 2605 2417 amati
2649 2343 2955 2413 futurorum
3002 2339 3408 2410 praesensionem
3439 2333 3632 2386 habere
3654 2330 3749 2399 ju-

484 2450 781 2520 digcssisse
808 2444 1178 2513 Ouuphrium,
1207 2452 1263 2496 et
1288 2442 1446 2494 alios.
1472 2441 1598 2493 Err:
1613 2446 1741 2491 runt
1778 2439 1908 2489 item
1936 2449 2060 2490 cum

2165 2441 2508 2502 dicebantur,
2538 2438 2832 2507 profectum
2861 2420 2996 2498 esse,
3039 2432 3106 2485 de
3139 2430 3357 2500 futuris.
3393 2434 3444 2479 et
3479 2440 3550 2478 an
3599 2423 3667 2477 ad
3693 2437 3749 2475 se

483 2542 748 2611 Gregora,
779 2539 908 2591 dum
948 2534 1324 2589 Andronicum
1372 2532 1654 2587 iuniorem
1706 2543 1853 2582 anno
1882 2528 2063 2580 aetatis
2168 2529 2775 2591 Romanumimperium
2814 2533 3191 2596 ρενυεηιηηιηι
3239 2528 3393 2573 “ut.
3436 2523 3750 2586 permacra-

486 2631 909 2702 quadragesimo
925 2629 1118 2696 quinto
1147 2626 1479 2679 exstinctum
1516 2621 1887 2677 tradiderunt.
1925 2618 2059 2672 Nam
2167 2634 2368 2689 turum,
2408 2633 2517 2676 etc,
2553 2622 2813 2676 Attamen
2846 2619 2965 2670 ﬁeri
3002 2622 3181 2681 potest
3213 2652 3228 2675 ,
3267 2622 3330 2665 ut
3379 2610 3654 2678 Gregorius
3679 2605 3748 2659 de

423 2738 426 2742 ’
486 2727 532 2780 Si
569 2736 728 2779 Italus
761 2730 881 2785 erat
920 2735 1094 2774 annos
1131 2716 1326 2786 viginti
1377 2722 1586 2784 septem
1638 2722 1933 2781 antequam
1979 2724 2067 2763 εθ-
2170 2716 2418 2771 moribus
2440 2710 2745 2766 Andronici
2775 2707 3025 2778 quaedam
3056 2720 3169 2760 non
3204 2715 3429 2772 prorsus
3451 2700 3585 2753 falsa
3614 2695 3725 2751 seri

488 2817 724 2873 cundam
775 2816 1004 2868 uiorem
1067 2814 1317 2873 duceret,
1370 2814 1431 2863 tit
1470 2818 1659 2863 noster
1704 2806 1850 2860 libro
1884 2804 2063 2874 primo
2167 2809 2282 2870 hat,
2314 2817 2372 2860 et
2414 2820 2479 2858 ea
2513 2814 2707 2858 noster
2735 2810 2830 2854 aut
2863 2797 3000 2853 tanti
3057 2810 3167 2849 non
3220 2793 3483 2852 estiniet,
3515 2790 3749 2859 ejusque

487 2918 700 2974 πίπτω,
735 2917 791 2962 οι
813 2922 877 2961 ea
909 2907 1073 2960 (luela
1131 2904 1319 2957 adhuc
1358 2902 1568 2970 aliquot
1600 2899 1760 2951 almis
1786 2911 1914 2950 cum
1960 2908 2064 2947 3V0
2163 2895 2444 2969 juventuti
2493 2889 2860 2948 condonanda
2895 2895 3054 2956 putet
3083 2922 3099 2949 ,
3127 2893 3223 2938 aut
3248 2881 3581 2943 dissimulet,
3607 2886 3664 2932 et
3692 2875 3746 2929 id

488 3005 694 3057 bellum
730 3002 899 3073 gessit
929 3018 942 3053 :
990 3000 1033 3053 si
1068 3013 1133 3051 eo
1167 2998 1315 3048 victo
1356 2967 1517 3047 annis
1544 2992 1740 3061 viginti
1772 2989 1922 3043 solus
1957 2978 2063 3039 ἰιιιὶ
2167 2967 2429 3041 amicitia:
2459 2980 2725 3049 singulari
2757 2980 2990 3032 fortasse
3025 2975 3257 3034 tribuat,
3283 2972 3352 3028 de
3373 2982 3484 3040 quo
3514 2969 3569 3022 in
3591 2967 3751 3022 Notis
3838 2998 3843 3003 -

489 3097 734 3165 peravit,
785 3093 1041 3163 sequitur
1064 3086 1629 3159 quiuquageuarium,
1662 3094 1757 3136 aut
1784 3096 1850 3135 eo
1898 3079 2066 3148 majo-
2090 3101 2135 3165 ο
2170 3094 2270 3133 suo
2303 3077 2427 3130 loco
2455 3073 2795 3127 videbimus.

492 3203 607 3241 rem
634 3186 862 3240 obiisse.
1221 3153 1237 3158 Ἰ
1325 3153 1343 3154 7
2095 3153 2135 3165 v
2240 3172 2359 3227 iam
2389 3170 2457 3223 de
2491 3163 2826 3222 excellentia
2848 3200 2864 3227 ,
2921 3160 3104 3215 fructu
3133 3196 3152 3222 ,
3200 3153 3479 3226 elegantia
3506 3191 3522 3216 ,
3554 3159 3625 3204 et
3662 3164 3752 3203 or-

559 3273 927 3328 Οειεηάθηιυε
981 3282 1174 3336 nunc.
1243 3284 1353 3339 quo
1413 3266 1536 3321 Ιοοο
1599 3264 1744 3318 inter
1806 3257 2065 3333 Byzanli-
2175 3262 2454 3321 namentis
2494 3256 2744 3313 historiae
2796 3253 2966 3323 hujus
3022 3250 3155 3322 quid
3209 3263 3313 3320 ego
3348 3249 3486 3301 satis
3523 3244 3751 3314 dignum

494 3376 593 3415 nas
655 3360 922 3429 historias
982 3358 1102 3413 hare
1155 3368 1349 3413 nostra
1399 3355 1719 3409 collocanda
1771 3352 1865 3405 sit.
1925 3349 2069 3403 Can-

2171 3355 2654 3417 commemorem?
2704 3354 2854 3409 inter
2897 3350 3243 3405 recentiores
3288 3345 3515 3416 quidem
3563 3356 3749 3396 rerum

493 3464 795 3506 tacuzenus
840 3446 1157 3519 Nicephoro
1209 3448 1467 3516 Gregora‘:
1506 3447 1753 3515 proxime
1798 3439 2066 3504 succedit,

2171 3454 2508 3510 Graecarum.
2549 3462 2647 3501 seu
2684 3442 3115 3515 Byzantinarum
3146 3439 3471 3507 scriptores,
3525 3443 3588 3486 ut
3623 3437 3754 3483 sunt

492 3545 727 3612 ejusque
786 3522 1139 3594 narrationes
1187 3539 1476 3592 continuat
1537 3552 1553 3589 :
1609 3546 1922 3603 quanquam
1957 3543 2067 3583 non

2172 3545 2442 3603 Zonaras,
2484 3537 2732 3599 Nicetas,
2773 3531 3084 3592 Cedrenus,
3123 3539 3180 3583 et
3209 3527 3327 3591 alii,
3371 3538 3494 3578 meo
3528 3519 3749 3589 quidem

496 3633 771 3701 praecise,
847 3644 911 3685 ac
983 3629 1329 3698 simpliciter.
1401 3627 1535 3681 Nam
1607 3640 1729 3678 cum
1798 3621 2071 3689 Gregoras

2173 3645 2229 3690 ct
2252 3628 2626 3703 quorumdam
2650 3627 2792 3681 bene
2817 3624 3189 3677 litteratorum
3210 3617 3420 3688 judicio
3440 3613 3529 3669 hic
3550 3611 3755 3682 primas

495 3700 553 3780 in
578 3725 733 3778 obitu
788 3720 1091 3776 Andronici
1125 3718 1374 3774 iunioris
1408 3716 1657 3776 desinat,
1711 3722 1902 3767 noster
1941 3709 2070 3763 inde
2177 3700 2329 3779 mn,“
2361 3741 2376 3777 ε
2414 3722 2749 3787 videturque
2795 3715 2945 3789 ευιηβ
2992 3711 3294 3773 didicisse,
3339 3723 3449 3778 quo
3496 3713 3654 3779 pach
3685 3700 3753 3755 ad

495 3831 607 3871 non
653 3815 914 3869 orditur:
960 3812 1094 3881 quin
1150 3812 1261 3863 imo
1301 3807 1605 3863 secundum
1658 3804 1902 3858 liistorize
1958 3814 2071 3854 sua:

2173 3820 2394 3873 laudem
2447 3808 2864 3867 accommodate
2928 3804 3272 3860 contexenda
3355 3801 3428 3854 sit
3501 3795 3754 3852 historia.

498 3907 699 3961 librum
736 3904 803 3959 ad
854 3904 1101 3975 ejusdem
1152 3899 1455 3956 Andronici
1516 3908 1749 3952 mortem
1795 3892 2071 3964 perducit.
2177 3911 2335 3971 Mira,
2388 3921 2553 3967 nova,
2611 3900 2887 3964 mandi”,
2942 3897 3227 3958 magna”,
3263 3894 3607 3948 occultorum
3662 3886 3757 3942 De;

498 4000 705 4055 Verum
743 4000 871 4068 quia
916 3996 1190 4066 Gregoras
1239 3994 1343 4047 iste
1383 4006 1522 4055 avo,
1580 3990 1635 4044 in
1693 3987 1852 4058 cuius
1891 3983 2072 4039 aulam

2172 4000 2509 4073 iudiciorum
2537 3995 2700 4065 plena
2720 4031 2737 4057 ,
2768 3991 3021 4063 grandia,
3057 3986 3294 4042 illustria
3326 3985 3498 4038 multa
3543 3981 3637 4035 hic
3669 3996 3762 4035 re-

499 4092 734 4153 desertis
797 4089 996 4145 studiis
1045 4086 1369 4142 liberalibus
1404 4100 1460 4140 se
1504 4076 1772 4141 contulit.
1820 4079 2105 4142 amicior,‘
2181 4098 2509 4145 censentur,
2560 4088 2667 4147 Et,
2722 4086 2770 4140 si
2829 4083 3062 4138 historia
3101 4080 3270 4137 debet
3308 4092 3432 4131 esse
3476 4074 3758 4144 prudens,

500 4184 689 4255 nepoti
730 4192 913 4237 autem
948 4180 1190 4249 iniquior
1230 4178 1336 4233 fuit
1403 4195 1417 4231 :
1464 4177 1730 4243 illumque
1779 4171 2078 4241 plurimum
2181 4191 2348 4250 atque
2397 4187 2593 4234 omnia
2642 4190 2828 4231 rerum
2864 4171 3205 4242 οκριίυειίο,
3253 4179 3449 4222 neu";
3490 4166 3670 4218 γίτιυε
3702 4164 3758 4216 in

500 4286 559 4330 et
634 4287 779 4343 saepe
841 4270 1299 4333 commendavit;
1350 4267 1500 4320 hunc
1553 4274 1764 4333 aperte,
1810 4275 1912 4315 nec
1961 4276 2080 4314 mo-

2182 4271 2287 4324 hac
2325 4264 2724 4323 desideratur:
2761 4278 2886 4334 quae
2916 4261 3054 4315 mihi
3099 4273 3319 4328 semper
3362 4273 3393 4311 a
3436 4256 3555 4335 viro
3598 4253 3760 4308 nobi-

507 4366 652 4433 dice,
677 4376 735 4420 et
782 4378 912 4444 non.
932 4377 1058 4416 raro
1110 4356 1471 4418 insimulavit,
1502 4370 1568 4410 ac
1600 4353 1975 4421 vituperavit;
2008 4351 2076 4405 ad

2185 4362 2422 4424 lissimo,
2455 4369 2510 4413 et
2547 4357 2768 4427 ingenio
2795 4352 3263 4409 excellentissimo
3319 4346 3760 4414 suavissimoque

503 4462 788 4529 lizec,quaa
813 4440 960 4511 inter
1011 4453 1133 4508 illos
1163 4449 1508 4509 acciderunt,
1545 4455 1756 4515 partem
1790 4444 2082 4497 maximam
2121 4441 2124 4490 1

2139 4443 2303 4510 ³νῑςτι
2349 4460 2435 4506 est
2486 4448 2836 4520 proﬂuxisse.
2879 4444 3182 4499 Prudentia
3238 4440 3537 4501 militaris.
3595 4446 3760 4504 atque

504 4551 737 4608 ιηῖηίιηθ
778 4556 1062 4616 compelli“
1094 4544 1291 4615 habuit
1322 4560 1335 4596 ³
1366 4556 1488 4610 qua3
1543 4548 1725 4593 amem
1770 4539 2079 4605 Comperit.
2186 4546 2366 4602 civilis
2401 4554 2510 4597 tam
2546 4542 2751 4597 eximia
2791 4540 2882 4593 hic
2935 4540 3156 4599 elucet,
3205 4544 3267 4588 ut
3313 4533 3598 4588 civitatum
3633 4544 3762 4598 pro-

506 4661 571 4700 ca
610 4642 862 4705 confuse.
890 4638 1233 4710 imperfecte.
1267 4635 1517 4706 (ιυὶεάθιιι
1547 4648 1766 4702 (ιυοψιυ
1790 4632 1952 4685 aliis?
1981 4630 2086 4683 ali-
2189 4637 2616 4703 vinciarumque
2641 4630 2975 4688 rectoribus.
2997 4642 3066 4681 ac
3087 4626 3215 4681 belli
3234 4625 3474 4680 ducibus
3497 4622 3763 4690 majorem

508 4744 756 4807 quanto;
806 4734 937 4804 quid
988 4729 1311 4800 aliquanto?
1342 4728 1519 4782 multo
1548 4726 1729 4787 aliter,
1762 4740 1925 4793 quam
1954 4738 2082 4777 eve-
2190 4728 2247 4781 in
2302 4725 2528 4780 modum
2578 4723 3056 4778 commodaturam
3125 4728 3336 4788 putem.
3388 4714 3525 4770 Cum
3579 4721 3762 4766 autem

506 4831 739 4887 nerunt,
770 4803 970 4878 etcum
993 4820 1299 4875 mendaciis
1325 4818 1581 4887 exposuit
1608 4832 1624 4882 ;
1664 4817 1717 4869 in
1750 4815 2086 4884 ipsiusquo-

2191 4819 2374 4872 virum
2426 4815 2709 4884 politicum
2742 4812 2810 4867 ad
2844 4812 2985 4866 bene
3027 4808 3330 4877 regendum
3371 4803 3496 4858 aliis
3545 4816 3763 4871 quoque

511 4933 625 4988 que
649 4914 1022 4971 εᾶηῑίιοιῖῑεῐιί
1073 4909 1241 4976 bello.
1271 4911 1550 4981 rebusque
1590 4903 2088 4964 COIIlmcmOFandiS
2190 4909 2495 4965 virtutibus
2547 4904 2918 4961 nihilominus
2957 4902 3291 4957 instructum
3319 4912 3446 4951 esse
3476 4902 3763 4964 oporteat.

513 4983 660 5080 (quae
691 5007 898 5076 scripta
928 5005 1015 5060 vel
1050 5003 1406 5066 interierunt,
1465 5001 1552 5055 vel
1588 5000 1769 5055 adhuc
1822 4999 1877 5052 in
1906 4995 2089 5064 aliqua

2195 4998 2509 5058 nee‘earum
2567 4999 2794 5067 quidem
2845 4992 3103 5063 exempla
3160 4992 3626 5055 Qlocumentaque
3674 4983 3766 5037 hic

512 5076 857 5156 bibliotheca
894 5096 1089 5164 latent)
1120 5108 1316 5164 parum
1344 5093 1490 5147 bona
1524 5092 1670 5157 fide,
1711 5088 2090 5156 malevoleque
2193 5094 2399 5148 frustra
2448 5089 2722 5159 requiras.
2777 5087 2836 5141 ln
2882 5085 3089 5155 quibus
3132 5084 3313 5153 qualis
3362 5078 3533 5134 fuerit
3563 5076 3767 5132 Canta-

514 5200 775 5249 versatus
817 5180 921 5246 est.
956 5189 1378 5244 Cantacuzenus
1405 5187 1518 5239 haec
1549 5185 1683 5238 vitia
1725 5197 1833 5236 non
1883 5180 2090 5242 ferens,

2195 5198 2461 5247 cnzenus,
2498 5181 2641 5236 infra
2673 5177 3036 5234 ostendemus
3070 5196 3082 5230 :
3119 5176 3173 5229 in
3203 5187 3444 5242 praesens
3464 5167 3670 5237 aliquid
3701 5166 3790 5246 de‘

512 5286 675 5357 longe
705 5280 978 5340 sincerius
999 5321 1014 5346 ,
1054 5279 1328 5348 longeque
1374 5275 1656 5343 copiosius
1679 5316 1693 5340 ,
1733 5260 2051 5326 distinctius
2075 5307 2090 5330 ,

2195 5274 2512 5331 Andronico
2538 5272 2811 5328 dicemus.
2833 5283 3040 5339 quem,
3071 5267 3164 5337 qui
3194 5281 3225 5319 a
3259 5265 3542 5318 Clemente
3568 5259 3609 5313 ν
3636 5274 3770 5328 pon-

516 5379 827 5450 ῖιὶῑοετίυεν
872 5373 1078 5429 Cellius
1113 5371 1296 5429 omnia
1354 5368 1684 5439 “lineam:
1750 5367 1953 5435 quippe
1997 5362 2088 5431 (illi
2197 5366 2344 5420 tilice
2377 5363 2618 5418 maximo
2658 5362 2715 5415 in
2750 5360 3048 5428 Extravag.
3087 5354 3474 5411 communibus
3504 5360 3567 5405 ut
3596 5349 3773 5404 haere-

517 5470 780 5525 omnibus
811 5481 955 5538 pene
986 5479 1094 5519 non
1139 5462 1392 5518 interfurit
1442 5460 1642 5523 solum,
1684 5474 1874 5513 verum
1926 5455 2093 5509 etiam
2198 5456 2433 5510 ticorum
2496 5458 2553 5506 et
2591 5449 2912 5505 schismatis
2969 5446 3182 5515 antiqui
3233 5445 3504 5499 fautorem
3552 5453 3773 5494 excom-

518 5562 786 5632 preefnit,
845 5570 900 5615 et
943 5572 1066 5628 quae
1109 5556 1227 5625 ipse
1280 5571 1392 5609 non
1445 5554 1620 5616 vidit,
1680 5559 1777 5605 aut
1834 5547 1947 5619 egit
1979 5545 2094 5615 (qui
2197 5546 2577 5602 municntione
2607 5556 2929 5615 percussum
2955 5540 3259 5600 existimat,
3292 5539 3338 5591 is
3358 5541 3608 5604 tempora
3631 5532 3772 5586 male

524 5632 671 5707 eiiim
711 5652 890 5723 potuit
918 5650 1170 5720 omnia?)
1194 5662 1259 5703 ea
1300 5662 1329 5703 a
1367 5646 1603 5703 testibus
1642 5641 1980 5713 gravissimis
2006 5654 2098 5693 ac-
2200 5641 2525 5710 componit,
2569 5647 2627 5693 et
2669 5636 3028 5707 ἀνιστορησῐᾳ
3060 5630 3353 5687 manileste
3388 5628 3621 5683 laborat.
3667 5622 3774 5690 Qui

524 5744 705 5816 cepit;
744 5714 1206 5818 quemadmodum
1236 5741 1291 5796 in
1325 5739 1433 5796 line
1462 5738 1590 5794 libri
1634 5735 1817 5807 quarti
1847 5740 2095 5790 testatur.
2202 5732 2351 5790 enim
2402 5740 2534 5787 tunc
2565 5728 2907 5801 imperabat,
2958 5734 3014 5781 et
3041 5723 3186 5779 ultra
3218 5720 3399 5777 adhuc
3425 5717 3589 5775 annis
3610 5714 3773 5787 quin-
