4106 6292
346 381 418 447 25
1657 373 1952 435 PROLEG

2055 371 2256 436 IENA.
2364 384 2375 391 ‘
3534 359 3609 426 26

355 495 536 553 decim
573 501 704 565 post
737 490 1046 550 Clementis
1072 504 1104 547 e
1128 491 1242 547 vita
1287 489 1592 547 discessum
1645 487 1938 557 imperavit

2055 484 2348 554 τελεωτάτη
2384 480 2674 548 πολιτείαν
2707 479 2851 535 θεῖόν
2879 496 2933 533 τι
2979 477 3167 548 χρῆμα
3207 476 3302 531 καὶ
3331 474 3497 546 ἱερὶν,
3528 495 3619 547 φι-

351 586 706 642 Andronieus
737 588 952 652 senior,
1005 599 1165 641 sacro
1204 584 1302 639 illo
1344 583 1577 638 fulmine
1611 590 1792 636 tactus
1817 587 1926 636 est.

253 717 258 723 -
352 680 494 750 Ergo
523 679 582 732 in
603 678 921 732 Andronico
961 677 1193 734 Juniore
1232 676 1530 732 Christiani
1580 674 1932 743 imperatoris

353 785 675 840 expressum
735 785 802 824 ac
873 769 1061 822 vivum
1105 768 1509 838 quodammodo
1574 766 1928 820 simulacrum

355 865 448 918 hic
479 864 827 932 proponitur.
859 861 958 917 Est
996 862 1167 924 enim,
1202 871 1261 915 ut
1291 861 1500 930 paucis.
1540 869 1595 913 et
1619 856 1930 913 summatim

359 971 607 1025 agamus,
643 954 872 1017 excelsi,
911 969 1015 1008 nec
1047 955 1232 1007 minus
1259 953 1494 1007 modesti
1531 950 1731 1014 animi,
1767 949 1933 1004 bene-

358 1047 516 1109 ﬁcus,
543 1047 722 1108 fortis,
749 1060 814 1100 ac
837 1061 1166 1114 generosus.
1199 1046 1468 1099 adversus
1493 1045 1633 1098 bene
1660 1051 1936 1096 merentes

356 1146 580 1205 gratus,
617 1137 924 1200 humanus,
978 1135 1308 1204 iniuriarum
1363 1135 1724 1201 laborumque
1801 1130 1936 1184 tole-

359 1241 520 1290 rans,
567 1229 620 1280 in
668 1225 1005 1296 ignoscendo
1049 1225 1236 1284 mitis,
1272 1225 1628 1286 misericors,
1665 1222 1814 1290 pacis
1841 1235 1937 1274 cu-

359 1319 542 1389 pidus,
585 1322 641 1373 in
688 1319 1058 1373 consultando
1091 1332 1216 1371 cum
1245 1317 1441 1370 amicis
1479 1316 1716 1383 diligens
1751 1311 1934 1381 (quod

358 1421 559 1466 contra
603 1411 877 1465 mentitur
903 1410 1197 1479 Gregoras,
1230 1411 1360 1462 dum
1401 1407 1628 1462 consilia
1662 1405 1810 1461 nulla
1840 1404 1939 1457 ad-

360 1504 596 1560 misisse,
633 1512 690 1556 et
721 1501 1014 1570 imperium
1047 1499 1352 1569 neglexisse
1390 1498 1683 1564 autumat),
1712 1497 1782 1550 ab
1809 1496 1938 1549 odio

363 1596 419 1648 in
451 1609 785 1664 quemquam
832 1591 1187 1661 suscipiendo
1218 1592 1470 1652 alienus,
1508 1587 1756 1657 pecuniae
1797 1587 1939 1641 libe-

364 1687 496 1739 ralis
517 1725 531 1748 ,
563 1684 872 1739 aedificandi
908 1683 1192 1736 studiosus
1213 1722 1227 1743 .
1261 1695 1393 1749 erga
1422 1680 1595 1733 Deum
1621 1720 1635 1744 ,
1689 1677 1901 1731 coclites
1923 1714 1938 1738 ,

363 1777 687 1838 sacerdotes
713 1816 728 1841 ,
779 1789 941 1829 avum
977 1774 1117 1828 mire
1147 1773 1293 1842 pius.
1339 1771 1533 1825 Insunt
1574 1771 1626 1823 in
1668 1769 1756 1822 his
1787 1767 1942 1822 libris

366 1867 596 1936 insuper
627 1867 729 1920 alia
777 1867 832 1920 in
883 1865 1009 1918 aliis
1043 1865 1438 1934 praclarorum
1491 1862 1835 1923 facinorum,
1887 1867 1944 1914 et

366 1958 560 2026 (quod
597 1957 1067 2011 dissimulandum
1109 1969 1218 2008 non
1261 1955 1386 2021 est)
1432 1951 1598 2007 etiam
1646 1950 1944 2020 insignium

362 2053 628 2104 vitiorum
658 2050 910 2118 exempla
945 2065 960 2102 :
997 2063 1234 2117 quorum
1285 2055 1344 2098 ut
1388 2046 1478 2099 illa
1509 2043 1773 2098 imitanda
1800 2084 1814 2108 ,
1866 2042 1945 2096 sic

301 2170 304 2173 -
366 2141 467 2193 ista
497 2139 754 2194 evitanda
806 2137 970 2191 nobis
1001 2145 1154 2190 sunt.
1190 2135 1394 2190 Notum
1423 2143 1510 2188 est
1539 2147 1777 2201 namque
1807 2130 1942 2184 illud

367 2233 630 2287 Romanae
655 2230 900 2285 historiae
926 2227 1235 2298 principis:
1271 2226 1384 2280 Hoc
1409 2223 1545 2278 illud
1580 2224 1948 2292 estprincipue

366 2327 421 2379 in
447 2327 744 2396 cognitione
771 2341 947 2378 rerum
997 2322 1209 2375 salubre
1239 2337 1302 2374 ac
1333 2319 1672 2390 frugiferum,
1706 2318 1876 2370 omnis
1899 2326 1948 2368 te

368 2415 592 2485 exempli
622 2415 936 2468 documenta
961 2416 1015 2466 iu
1047 2412 1246 2466 illustri
1279 2413 1449 2480 posita
1500 2414 1838 2462 monumento
1867 2408 1950 2460 in-

370 2508 529 2570 tueri,
561 2506 697 2565 unde
727 2506 819 2559 tibi
863 2504 1400 2575 tumquenipnbﬁcrv
1427 2501 1567 2571 quod
1627 2501 1831 2553 imiter:
1857 2515 1948 2551 ca-

369 2600 484 2667 pias
517 2613 534 2651 :
564 2599 703 2650 unde
729 2597 920 2666 [indum
953 2598 1186 2664 inceptu,
1220 2594 1410 2664 fwdum
1440 2595 1581 2645 exitu
1616 2590 1754 2660 quod
1795 2591 1945 2644 vites.

372 2689 551 2743 Habet
581 2689 671 2742 hic
695 2689 838 2752 dux,
872 2688 1038 2742 habet
1071 2687 1230 2740 miles
1253 2727 1266 2748 ,
1301 2685 1466 2739 habet
1500 2683 1747 2752 privatus
1779 2681 1946 2746 civis,

372 2778 538 2832 habet
571 2778 955 2847 magistratus,
991 2778 1200 2830 habent
1229 2775 1407 2839 sacri,
1451 2775 1656 2828 habent
1692 2772 1946 2842 profani,

374 2870 581 2925 habent
620 2869 846 2935 summi,
881 2869 1089 2946 habent
1116 2867 1312 2927 intimi,
1353 2866 1558 2920 habent
1587 2864 1950 2927 viri,liabent

371 2965 671 3026 mulieres,
712 2963 858 3031 quod
890 2963 976 3015 vel
1014 2961 1222 3029 fugiant
1257 2960 1342 3014 vel
1379 2967 1707 3027 sequantur.
1754 2956 1951 3010 Insunt

372 3056 656 3111 orationes
698 3053 1096 3108 creberrimae:
1135 3067 1278 3122 quas
1319 3066 1444 3104 cum
1497 3050 1588 3104 hic
1632 3058 1829 3102 auctor
1859 3048 1948 3101 di-

2033 574 2278 643 λοσοφια,
2337 572 2430 625 καὶ
2485 573 2612 642 περὶ
2666 572 2935 642 οὐρανίων
2991 569 3331 640 πραγμάτων
3381 568 3615 636 γνῶσις,

2034 670 2194 741 ἔργον
2232 670 2454 739 ὑψηλὸν,
2485 669 2578 722 καὶ
2606 669 2709 738 τὴν
2727 667 2824 722 ἀνθ
2835 666 3076 739 ρωπίνὴν
3105 666 3434 738 ὑπερϐαῖνωθ
3455 649 3619 716 asia—

2037 781 2151 833 μιν,
2190 763 2310 834 ἱερὰ
2361 761 2582 832 ἡσυχεαζ
2623 763 2679 816 ld
2711 770 2819 824 est,
2857 778 2938 816 res
2985 762 3225 821 honesta,
3253 768 3304 812 et
3339 758 3444 812 Deo
3471 773 3624 811 ama-

2037 854 2158 908 bilis
2184 893 2198 917 ,
2254 856 2362 908 vita
2411 856 2632 924 negotiis
2669 871 2868 918 vacua,
2903 861 2951 906 et
2983 847 3390 922 tranquillitatis
3433 849 3616 919 plena,

2037 964 2342 1017 supremum
2394 963 2456 999 ac
2519 947 2957 1016 perfectissimum
2995 946 3119 998 vitae
3161 945 3483 1004 institutum,
3538 957 3622 994 res

2035 1047 2220 1091 sancta
2279 1049 2326 1090 et
2406 1037 2606 1105 divina,
2668 1037 2995 1106 philosophia
3075 1044 3125 1088 et
3172 1035 3398 1104 cognitio
3449 1048 3626 1085 rerum

2040 1131 2349 1193 etalt-stium,
2400 1127 2530 1198 aptis
2585 1129 2807 1182 sublime
2841 1138 2889 1182 et
2921 1130 3163 1182 humanis
3204 1127 3398 1181 viribus
3424 1125 3625 1194 majus,

2039 1226 2186 1292 quies
2228 1231 2439 1275 sancta.
2472 1221 2714 1275 Montem
2759 1237 2927 1290 porro
2971 1223 3136 1285 Atho,
3173 1220 3238 1272 ad
3274 1234 3437 1289 quem
3470 1233 3626 1272 com-

2041 1316 2203 1384 plura
2233 1315 2504 1369 aadilicata
2542 1315 2905 1381 monasteria,
2947 1313 3002 1368 in
3038 1313 3245 1382 quibus
3281 1313 3472 1377 ingens
3504 1323 3626 1362 mo-

2041 1407 2348 1461 nachorum
2381 1407 2700 1467 multitudo,
2735 1406 2890 1458 πόλιν
2945 1404 3224 1473 οὐράνιον,
3267 1401 3528 1456 οωιοειεηι
3555 1399 3630 1452 ci-

2042 1502 2260 1554 vitatem
2289 1499 2557 1552 nominat.
2597 1498 2776 1551 Fucos
2810 1497 2933 1549 illos
2961 1493 3323 1550 scholasticos
3347 1531 3362 1553 ,
3394 1492 3487 1544 καὶ
3525 1489 3626 1552 τὰς

2043 1591 2338 1660 ληκύθους,
2383 1597 2440 1644 et
2499 1589 2777 1658 pigmenta
2836 1588 3111 1641 lsocratea
3164 1599 3272 1638 non
3303 1583 3469 1637 habet
3511 1582 3630 1636 haec

2045 1684 2281 1738 historia
2311 1700 2325 1736 :
2356 1681 2449 1736 sed
2477 1691 2736 1736 ornatum
2765 1679 3057 1749 quemdam
3083 1676 3446 1732 matronalem
3495 1672 3632 1726 viri-

2046 1773 2287 1846 leinque,
2322 1790 2387 1830 ac
2423 1775 2706 1829 robustam
2757 1771 3112 1842 elegantiam.
3155 1769 3446 1824 Schemata
3481 1780 3632 1836 quae-

2045 1869 2171 1922 dam
2219 1866 2460 1921 oratoria
2527 1873 2583 1920 et
2649 1864 2928 1920 Atticismi
2981 1878 3093 1916 non
3139 1861 3364 1931 penitus
3406 1860 3633 1913 absunt.

2045 1960 2255 2030 Lingua
2286 1959 2480 2028 purior
2525 1965 2632 2018 est,
2669 1970 2836 2026 quam
2872 1969 2976 2024 pro
3008 1953 3099 2007 illa
3133 1959 3315 2014 aetate,
3368 1965 3478 2004 non
3504 1962 3633 2003 cum

2047 2051 2188 2106 lacte
2219 2049 2457 2104 nutricis
2490 2049 2685 2102 hausta
2709 2089 2722 2113 ,
2776 2047 2872 2102 sed
2906 2062 2974 2100 ex
3006 2044 3166 2099 libris
3197 2051 3457 2113 percepta
3477 2040 3638 2095 vide-

2044 2144 2195 2198 licet.
2249 2143 2384 2198 Nam
2433 2143 2527 2196 illo
2569 2141 2772 2196 sarculo
2821 2139 2946 2209 (sub
2977 2137 3310 2192 Audronicis
3347 2135 3634 2198 nimirum,

2047 2243 2103 2288 ct
2147 2238 2345 2303 antea)
2399 2250 2507 2287 non
2553 2232 2918 2286 mediocriter
2957 2229 3320 2288 infuscatam,
3363 2234 3421 2281 et
3452 2233 3636 2278 muta-

2051 2330 2232 2381 tiones
2256 2326 2404 2380 haud
2434 2326 2584 2380 leves
2606 2339 2946 2393 perpessam,
2980 2321 3184 2375 eruditi
3216 2335 3326 2373 non
3352 2317 3634 2372 nesciunt.

2050 2420 2336 2474 Addamus
2380 2421 2485 2473 hoc
2537 2433 2638 2488 pro
2679 2415 2996 2472 corollario.
3029 2413 3351 2467 Genuenses
3427 2420 3484 2464 et
3525 2409 3634 2464 Ve-

2053 2511 2169 2567 neti
2202 2512 2374 2566 multa
2419 2511 2511 2566 hic
2541 2512 2608 2565 ab
2640 2510 2763 2564 aliis
2792 2506 3076 2562 historicis
3104 2506 3220 2560 suis
3248 2501 3637 2574 praetermissa.

2051 2615 2146 2660 aut
2175 2621 2460 2675 nunquam
2487 2605 2708 2672 cognita
2737 2603 2805 2657 de
2834 2600 3144 2671 majoribus
3167 2597 3305 2657 suis.
3331 2608 3641 2661 eorumque

2050 2702 2255 2753 virtute
2279 2707 2334 2752 et
2359 2697 2520 2750 lactis
2545 2697 2748 2766 legere,
2788 2703 2849 2750 et
2905 2692 3157 2762 quaedam
3187 2689 3324 2743 falso
3347 2688 3414 2741 de
3442 2686 3643 2740 iisdem

2053 2789 2319 2843 hactenus
2351 2788 2556 2855 scripta
2593 2784 3013 2855 deprehendere
3041 2786 3324 2850 poterunt.

2125 2883 2346 2945 Restat,
2379 2888 2438 2933 ut
2481 2893 2602 2948 qua!
2648 2893 2749 2931 nos
2791 2879 2876 2930 vel
2926 2874 3302 2943 praestitimus,
3363 2869 3450 2925 vel
3499 2883 3642 2938 prae-

2055 2982 2204 3026 state
2248 2971 2677 3029 contendimus,
2735 2966 3072 3020 indicemus.
3112 2964 3167 3017 ln
3221 2962 3651 3030 interpretando

2057 3078 2184 3142 cani
2211 3063 2450 3133 speciem
2484 3076 2584 3131 pro
2622 3067 2786 3128 captu
2827 3067 3019 3113 nostro
3071 3054 3378 3112 consectati
3427 3069 3653 3136 sumus,

375 3157 556 3204 rectas
582 3147 744 3201 valde
776 3155 922 3201 amet
954 3151 1106 3214 (sunt
1131 3144 1674 3213 euim'speeiosiores
1728 3150 1786 3195 et
1824 3156 1950 3210 gra-

2059 3169 2222 3224 quam
2269 3170 2337 3207 ex
2393 3168 2587 3207 eorum
2625 3153 2867 3206 lectione
2895 3190 2909 3214 ,
2943 3150 3038 3218 qui
3071 3149 3140 3203 de
3186 3148 3395 3218 optimo
3443 3161 3654 3216 genere-

374 3241 604 3308 vioresl,
632 3254 731 3294 nos
753 3238 1029 3292 interdum
1066 3237 1349 3290 brevitatis
1374 3236 1570 3306 gratia,
1594 3247 1651 3289 et
1675 3236 1742 3289 ad
1773 3235 1953 3288 vitan-

375 3334 499 3386 dam
530 3348 596 3386 ex
622 3329 986 3384 similitudine
1019 3329 1329 3383 satietatem
1357 3372 1369 3391 ,
1395 3328 1462 3381 ad
1485 3328 1757 3396 obliquas,
1799 3339 1954 3380 more

374 3424 689 3480 Caesariano
714 3423 1046 3492 redegimus.
1066 3420 1176 3476 Nec
1205 3437 1424 3488 possum
1451 3421 1519 3474 de
1544 3420 1664 3474 istis
1687 3417 1954 3473 orationi-

376 3518 482 3571 bus
504 3515 816 3586 quidquam
847 3514 1047 3568 melius
1098 3529 1162 3566 ac
1215 3499 1403 3566 verius
1449 3512 1671 3575 dicere,
1707 3527 1870 3582 quam
1907 3509 1952 3566 si

379 3623 474 3661 eas
497 3607 822 3676 prudentes,
849 3605 1125 3672 copiosas,
1152 3617 1561 3672 nervorumque
1584 3619 1647 3657 ac
1671 3607 1958 3672 sanguinis

380 3699 608 3769 plenas,
645 3707 702 3751 et
731 3696 959 3750 omnino
1004 3695 1444 3764 ρητορικωτέρας
1489 3695 1698 3750 dixero.
1727 3697 1960 3751 Praeter-

379 3807 444 3846 ea
500 3790 594 3844 hic
671 3789 923 3843 invenire
973 3795 1056 3841 est
1099 3775 1630 3840 locos'communes
1690 3798 1958 3843 tractatos

378 3886 620 3952 egregie.
656 3883 793 3937 scite
820 3881 966 3936 dicta
988 3921 1003 3944 ,
1037 3880 1333 3948 paruamias
1359 3895 1466 3931 non
1507 3879 1780 3948 vulgares,
1815 3883 1962 3935 cele-

382 3976 567 4029 brium
597 3975 931 4042 scriptorum
964 3971 1046 4042 (ut
1069 3971 1138 4025 de
1166 3970 1341 4024 sacris
1364 3975 1595 4039 taceam)
1628 3975 1956 4032 sententias.

382 4066 613 4120 tabellas
641 4066 855 4134 aliquot
883 4061 1116 4132 lepidas,
1151 4073 1206 4116 et
1236 4062 1300 4114 ad
1328 4077 1441 4114 rem
1470 4062 1957 4117 demonstrandam

382 4159 712 4228 appositas:
749 4171 912 4226 quas,
961 4144 1180 4217 ut'scis,
1211 4155 1671 4223 philosophorum
1725 4155 1804 4208 illi
1861 4172 1960 4209 au-

385 4251 610 4311 tistites,
667 4249 819 4302 Plato
868 4257 924 4300 et
956 4247 1284 4300 Aristoteles
1308 4285 1321 4308 ,
1360 4249 1682 4315 neutiquam
1715 4258 1963 4301 contem-

383 4343 597 4397 nendas
626 4350 986 4394 censuerunt.
1019 4339 1254 4408 Capient
1297 4349 1348 4392 te
1382 4340 1514 4394 item
1546 4354 1684 4408 quas
1725 4339 1962 4394 strictim

385 4433 608 4501 attingit
638 4432 899 4485 Romana:
923 4431 1203 4499 historiae;
1239 4433 1463 4500 capient
1493 4433 1632 4486 varii
1664 4433 1840 4498 ritus;
1873 4448 1964 4486 ca-

2062 3245 2466 3315 iuterpretandi
2499 3253 2910 3314 praeceperunt,
2941 3244 3331 3310 bonorumque
3365 3241 3654 3308 interpre-

2059 3349 2172 3393 tum
2205 3338 2599 3392 observatione
2667 3347 2850 3392 mente
2898 3345 3219 3403 conceptam
3284 3341 3447 3401 atque
3478 3329 3655 3383 infor-

2059 3439 2261 3484 matam
2315 3429 2690 3486 tenebamus:
2727 3443 2849 3497 quae
2901 3425 3211 3497 cuiusmodi
3261 3424 3368 3486 sit,
3409 3424 3442 3476 ii
3475 3422 3648 3492 polis-

2059 3522 2263 3575 simuut
2321 3521 2687 3590 intelligunt,
2740 3534 2976 3589 quorum
3027 3517 3298 3572 industria
3342 3515 3394 3568 in
3450 3513 3655 3571 eodem

2060 3612 2343 3668 curriculo
2397 3628 2455 3666 se
2504 3611 2807 3682 aliquando
2859 3610 3179 3680 explicavit.
3221 3608 3477 3663 Codicem
3525 3620 3651 3674 per-

2060 3720 2222 3773 quam
2276 3704 2652 3770 mendosum,
2712 3703 2969 3770 maleque
3024 3700 3441 3768 interpunctum
3493 3709 3655 3750 acce-

2062 3797 2263 3864 pimus,
2294 3804 2355 3848 ut
2384 3795 2636 3849 divinare
2702 3804 2757 3847 et
2791 3794 3068 3863 conjicere
3116 3793 3441 3859 frequenter
3478 3803 3650 3858 Opor-

2063 3889 2250 3942 tucrit.
2290 3888 2523 3941 Nomina
2570 3887 2845 3949 locorum,
2894 3902 3014 3955 quae
3055 3900 3157 3938 nec
3185 3882 3652 3952 diligentissimus

2061 3977 2308 4032 Ortelius
2342 3979 2528 4030 omnia
2559 3977 2822 4046 collegit,
2861 3987 2917 4029 et
2967 3989 3329 4044 personarum
3352 4013 3366 4037 ,
3401 3988 3521 4042 quae
3563 3972 3656 4032 vel
3743 3993 3746 3996 λ

2063 4068 2272 4123 Graecia
2319 4069 2432 4138 iam
2484 4068 2744 4121 occidens
2801 4076 2858 4120 et
2917 4065 3425 4134 βεϐαρϐαρωμένη,
3457 4065 3542 4117 vel
3584 4065 3655 4118 lia

2065 4161 2379 4214 brariorum
2422 4159 2715 4213 oscitantia
2763 4156 3124 4225 depravarat,
3167 4155 3370 4208 alicubi
3396 4155 3464 4209 de
3498 4170 3648 4209 con-

2058 4251 2277 4322 iectura
2305 4249 2724 4304 emendavimus
2781 4253 2927 4318 (nam
2958 4245 3324 4322 qui'omuium
3354 4259 3540 4298 veram
3596 4253 3660 4304 et,

2066 4359 2389 4417 germanam
2426 4342 2756 4412 scripturam
2790 4339 3155 4411 coniectando
3198 4320 3374 4409 possit
3402 4339 3654 4408 assequi,

2065 4453 2167 4508 ego
2190 4437 2412 4506 quidem
2441 4435 2686 4489 futurum
2716 4435 2914 4504 opinor
2939 4433 3265 4496 neminem),
3287 4431 3489 4486 omissa
3507 4446 3658 4501 quas.

386 4527 702 4595 pientquos
745 4524 939 4577 miscet
969 4524 1280 4576 animorum
1319 4534 1520 4588 motus,
1562 4533 1675 4578 tum
1717 4525 1870 4579 lenes
1898 4501 2039 4580 aco
2069 4531 2198 4584 dam
2247 4528 2666 4598 supplevimus;
2717 4527 2773 4580 in
2826 4526 3074 4591 singulos
3113 4525 3289 4578 libros
3345 4525 3655 4594 periocbas,

391 4615 592 4679 sedati,
633 4629 770 4682 quos
802 4609 907 4683 ἢθη
939 4613 1136 4676 Graeci,
1174 4624 1286 4667 tum
1327 4629 1520 4685 graves
1546 4615 1644 4679 illi,
1693 4626 1748 4671 et
1773 4617 1962 4671 conci-

390 4708 532 4772 tati,
582 4723 722 4776 quos
767 4707 933 4760 iidem
978 4707 1128 4776 πάθη
1177 4715 1422 4760 vocant:
1454 4710 1675 4776 capient
1750 4709 1963 4764 descri-

387 4801 610 4870 ptiones
641 4799 851 4867 aliquot
887 4800 1134 4868 insignes
1166 4817 1178 4851 :
1212 4799 1431 4868 capient
1463 4800 1566 4853 alia
1593 4801 1814 4854 demum
1849 4801 1966 4868 piti-

389 4896 557 4947 rinia.
578 4892 734 4958 Quod
761 4892 804 4946 si
834 4907 1017 4946 rerum
1041 4891 1281 4945 varietas
1305 4891 1564 4957 delectat,
1587 4892 1657 4948 de
1673 4907 1786 4962 quo
1802 4908 1966 4946 nemo

390 4987 633 5048 dubitat,
666 5001 729 5039 ea
758 5001 892 5039 sane
929 4985 1021 5039 hic
1048 4984 1286 5039 miriﬁca
1309 4987 1578 5048 cernitur,
1614 4995 1675 5040 ut
1718 4987 1966 5055 singulo-

388 5093 514 5130 rum
544 5076 810 5129 librorum
851 5077 1157 5145 periochae,
1207 5091 1301 5130 seu
1332 5077 1588 5145 epitomate
1620 5077 1966 5132 indicabunt.

391 5167 684 5238 Episcopis
697 5169 922 5222 debitus
945 5168 1120 5222 honos
1151 5178 1204 5222 et
1243 5170 1550 5223 reverentia
1570 5169 1662 5224 hic
1682 5169 1966 5224 tribuitur.

340 5314 343 5316 _
391 5261 683 5317 Catholica
747 5262 997 5316 instituta
1043 5261 1494 5331 caeremoniieque
1554 5261 1628 5315 ita
1686 5271 1816 5315 sunt
1873 5277 1972 5331 per

396 5353 562 5408 hosce
589 5353 1088 5417 libroslueulenta,
1119 5361 1178 5406 ut
1204 5369 1313 5407 non
1349 5362 1506 5422 optes
1541 5355 1733 5423 magis.
1771 5355 1828 5407 In
1855 5355 1970 5423 pri-

396 5448 502 5500 mis
528 5462 664 5501 vero
689 5447 783 5501 Dei
811 5437 1218 5526 Mater/summa
1253 5447 1308 5500 in
1341 5447 1694 5501 veneratione
1723 5457 1806 5502 est
1839 5465 1851 5501 :
1882 5447 1972 5502 cui

396 5540 566 5589 etiam
619 5536 756 5590 urbs
804 5545 919 5590 tota
965 5534 1476 5606 Constantinopolis
1528 5552 1559 5590 a
1611 5535 1974 5592 Constantino

396 5628 593 5692 Magno
643 5631 937 5683 commissa
997 5644 1061 5682 ac
1119 5629 1372 5685 dedicata
1407 5629 1631 5700 legitur.
1690 5630 1814 5687 Vita
1861 5648 1978 5687 mo-

395 5717 606 5771 uastica
641 5726 728 5771 est
757 5717 858 5782 illi,
904 5720 1136 5786 πρᾶγμα
1161 5719 1321 5772 καλὴν
1359 5721 1452 5775 καὶ
1483 5720 1748 5788 θεοφιλὲς,
1799 5723 1978 5793 ἀπρά-

402 5823 560 5879 γμων
588 5814 680 5863 καὶ
721 5809 914 5880 psset;
946 5810 1184 5882 γαλήνης
1217 5813 1350 5883 βίης,
1387 5813 1685 5882 ἀκρότατος
1716 5813 1852 5885 βίος,
1885 5816 1976 5871 καὶ

2064 4641 2158 4681 seu
2209 4625 2484 4695 epitomas
2541 4618 3021 4688 conscripsimus:
3060 4633 3199 4688 quas
3245 4626 3301 4671 et
3350 4620 3559 4672 lecturo
3590 4618 3660 4674 ad

2070 4715 2548 4790 προπαρασκευὴν
2577 4755 2593 4781 ,
2645 4724 2702 4767 et
2736 4713 2786 4766 ei
2826 4713 2920 4782 qui
2962 4714 3073 4783 iam
3133 4712 3308 4782 legit,
3359 4711 3424 4765 ad
3459 4711 3660 4764 ἀνακε-

2069 4813 2374 4882 φαλαίωσιν
2417 4809 2584 4863 miles
2635 4807 2755 4862 fore
2808 4806 3144 4861 conﬁdimus
3173 4823 3187 4862 :
3222 4805 3431 4860 relictis
3455 4806 3661 4860 sectio-
3695 4803 3704 4813 '

2067 4904 2232 4957 nibus
2262 4905 2424 4971 (quas
2457 4900 2514 4954 in
2567 4898 2850 4969 plerisque
2880 4895 3174 4952 codicibus
3200 4936 3214 4958 ,
3254 4897 3369 4950 sive
3422 4894 3656 4959 scribas,

2069 5000 2184 5051 sive
2207 4995 2475 5056 lectores,
2513 5007 2626 5045 non
2674 4991 2828 5059 ipsos
2875 4998 3134 5043 auctores
3186 4989 3529 5058 excogitasse
3605 4995 3662 5042 et

2071 5085 2395 5141 adhibuisse
2439 5084 2585 5150 reor)
2617 5081 2764 5151 quod
2818 5079 3183 5134 modo'nimis
3231 5079 3461 5142 crebrae,
3498 5076 3666 5130 modo

2073 5177 2242 5232 nimis
2300 5191 2471 5237 rarae,
2520 5175 2724 5244 saepius
2773 5182 3160 5243 argumentum
3216 5172 3305 5224 vix
3350 5185 3414 5224 ex
3463 5168 3664 5224 triente

2077 5268 2650 5338 comprehenderent,
2681 5267 2735 5320 in
2773 5266 2949 5334 capita
2979 5305 2994 5329 ,
3030 5281 3181 5318 more
3227 5263 3545 5318 Latinorum
3577 5268 3665 5313 to-

2075 5347 2192 5413 tum
2224 5373 2427 5427 corpus
2453 5358 2747 5412 divisimus
2773 5397 2788 5418 ,
2835 5366 2893 5410 et
2920 5357 2987 5410 ad
3031 5357 3300 5426 cuiusque
3329 5349 3524 5420 capitis
3556 5351 3664 5405 ini-

2078 5453 2214 5506 tium
2277 5452 2401 5520 eius
2475 5464 2745 5502 summam
2815 5448 3180 5516 apposuimus
3227 5452 3535 5513 notasque,
3605 5453 3664 5497 ut

2034 5574 2036 5582 τ
2076 5549 2341 5610 quantum
2375 5541 2614 5592 maxime
2660 5553 2949 5606 possemus
2974 5580 2989 5604 ,
3023 5547 3078 5591 et
3130 5537 3280 5589 hisce
3325 5534 3577 5598 summis,
3609 5542 3664 5590 et

2079 5631 2188 5686 illis
2222 5631 2483 5700 epitomis
2516 5629 2714 5683 lectori
2746 5629 2931 5682 lumen
2957 5627 3461 5697 prmpanderemus.
3486 5626 3661 5682 Locos

2079 5724 2291 5794 aliquot
2327 5739 2519 5794 parum
2564 5737 2761 5786 sanos,
2793 5720 3073 5790 praetextis
3125 5723 3178 5773 in
3231 5721 3362 5790 ipso‘
3393 5729 3654 5775 contextu

2081 5815 2659 5872 auiiuadversionibus
2731 5813 3189 5888 perstrinximus,
3235 5829 3372 5886 quas
3421 5813 3646 5886 quidem
