4106 6292
380 374 485 435 29'

1699 378 2292 443 PROLEGOMENA.

3574 355 3648 443 se

1011 735 1160 824 DE
1235 735 1526 827 VITA
1599 734 2114 826 JOANNIS
2187 741 3010 839 CANTACUZENI

1541 931 1656 991 EX
1700 931 2057 993 EIUSDEM
2101 933 2513 997 HISTORIA.

890 1227 1072 1291 Genui
1095 1240 1146 1287 et
1173 1230 1410 1311 familia.

443 1372 691 1439 Joannis,
719 1371 1010 1437 Manuelis,
1052 1383 1108 1429 et
1147 1373 1382 1429 aliorum
1419 1361 1958 1435 Cantacuzenorum,

373 1475 437 1522 ut
487 1467 728 1520 virorum
786 1465 1084 1520 illustrium
1133 1474 1191 1521 et
1261 1466 1650 1520 bellicosorum
1710 1465 1961 1519 meminit

373 1555 608 1612 Nicetas.
640 1557 790 1623 Quos
829 1555 920 1610 hic
965 1565 1154 1610 noster
1199 1554 1620 1610 Cantacuzenus
1652 1555 1705 1608 in
1737 1554 1962 1624 majori-

375 1649 482 1703 bus
501 1649 618 1702 suis
640 1648 828 1702 habet.
858 1647 1034 1707 idem,
1056 1645 1326 1702 Joannem
1367 1646 1638 1700 Mannclis
1663 1646 1960 1714 imperato-

370 1743 452 1795 ris
484 1750 702 1809 neptem
726 1779 742 1802 ,
781 1739 949 1792 alium
983 1726 1251 1794 Joannem
1295 1736 1740 1792 Cantaenzenum
1788 1737 1959 1791 lsaaci

373 1835 570 1905 Angeli
603 1847 848 1888 sororem
885 1831 938 1885 in
969 1830 1324 1884 matrimonio
1354 1829 1638 1882 habuisse.
1675 1829 1848 1884 Natus
1877 1837 1962 1884 est

371 1925 644 1998 Byzantii.
698 1923 915 1977 Patrem
975 1937 1006 1976 a
1065 1920 1342 1974 natalibus
1393 1919 1641 1972 modeste
1699 1917 1960 1987 praedicat

368 2017 470 2070 lib.
499 2031 584 2079 ιιι,
617 2029 743 2070 cum
775 2013 932 2075 dicit,
959 2013 1031 2064 Οὐ
1059 2013 1166 2083 γὰρ
1185 2011 1291 2064 τῶν
1328 2009 1539 2062 πολλῶν
1565 2005 1664 2074 εἷς,
1694 2008 1807 2064 Νοη
1845 2015 1960 2062 erat

367 2125 505 2162 unus
555 2123 584 2161 θ
642 2105 846 2168 multis,
899 2121 992 2158 seu
1039 2103 1322 2173 vulgaris:
1371 2113 1423 2155 ct
1475 2101 1678 2156 alicubi
1726 2112 1955 2154 matrem

366 2217 522 2256 suam
595 2197 876 2268 Syrgianis
930 2197 1168 2266 appellat
1224 2195 1380 2248 θείαν
1441 2201 1812 2256 materteram,
1867 2209 1960 2246 seu

369 2295 613 2354 amitam.
646 2309 736 2345 seu
765 2292 974 2346 demum
1017 2296 1300 2359 cognatum
1324 2305 1473 2341 suam
1523 2285 1776 2354 (liberius
1811 2285 1958 2340 enim

368 2387 471 2440 hac
497 2400 630 2440 voce
657 2387 853 2446 utitur,
872 2379 934 2436 ut
964 2379 1333 2445 docebimus),
1357 2393 1521 2448 quam
1549 2377 1772 2448 quidem
1799 2376 1960 2430 femi-

365 2493 494 2532 nam
529 2493 595 2532 ex
651 2475 798 2530 libro
854 2475 1057 2542 primo,
1087 2471 1235 2526 baud
1287 2471 1450 2542 longe
1488 2470 1557 2524 ab
1616 2470 1775 2524 initio
1817 2470 1958 2524 scire

361 2565 496 2620 licet
529 2565 598 2618 ad
636 2564 1006 2630 imperatores
1055 2576 1230 2638 gepus
1273 2562 1549 2616 retulisse.
1591 2561 1736 2614 Puer
1772 2559 1957 2615 adhuc
1989 2593 2032 2648 Β

365 2669 577 2728 patrem
608 2655 790 2710 amisit
818 2671 830 2708 ε
857 2655 952 2722 qui
990 2669 1135 2707 anno
1166 2653 1344 2708 aetatis
1383 2653 1564 2722 primo
1596 2667 1766 2722 supra
1797 2653 1951 2727 vice-

365 2750 586 2808 simum,
612 2745 952 2815 priefceturze
985 2758 1098 2798 suae
1148 2742 1594 2810 Peloponesiaca:
1633 2753 1854 2801 octavo,
1895 2742 1948 2794 in

362 2836 554 2891 eadem
586 2835 879 2906 peninsula
919 2833 1182 2889 decessit.
1216 2833 1388 2886 Mater
1414 2833 1560 2888 dicta
1589 2843 1672 2886 est
1693 2821 1951 2886 Theodo-

365 2945 446 2992 ra,
473 2929 632 2998 cujus
665 2927 978 2982 avunculus
1019 2941 1271 2996 magnus,
1297 2926 1352 2980 id
1379 2934 1482 2988 est,
1517 2925 1654 2979 avi:e
1689 2935 1952 2980 maternas

364 3021 557 3082 frater,
589 3019 820 3075 Michael
867 3019 1078 3087 primus
1109 3019 1452 3089 Palatologns
1481 3019 1806 3089 imperator.
1836 3019 1948 3074 Ita-

361 3129 469 3182 que
522 3112 714 3167 eadem
769 3111 1050 3165 Michaelis
1077 3128 1258 3176 soror,
1301 3121 1357 3166 et
1407 3110 1775 3166 Cantacnzeni
1817 3126 1949 3181 pro-

362 3205 508 3258 avia.
564 3205 686 3259 Fuit
739 3202 1034 3258 Theodora
1090 3205 1291 3259 mulier
1335 3205 1642 3273 prudentiae
1701 3204 1948 3274 majoris,

364 3311 530 3365 quam
571 3311 672 3366 pro
726 3307 891 3365 captu
939 3311 1126 3357 sexus,
1175 3305 1231 3350 et
1263 3296 1577 3350 tiactatieni
1608 3311 1790 3349 rerum
1823 3311 1948 3364 gra-

363 3392 510 3444 vium
589 3400 755 3460 atque
817 3406 1142 3459 magnarum
1200 3391 1416 3452 idonea,
1471 3407 1630 3458 quam
1675 3387 1949 3459 Gregoras

361 3490 512 3535 recte
560 3479 648 3532 his
701 3462 888 3533 verbis
927 3481 1245 3546 celebravit,
1276 3480 1431 3534 lib."
1467 3501 1480 3534 :
1520 3478 1691 3544 Quam
1717 3479 1950 3556 assistﬁ-

361 3589 471 3627 cem
501 3573 1022 3642 conjugiimperator
1051 3573 1356 3640 reliquerat,
1381 3573 1649 3624 senatoria
1676 3580 1945 3632 matrona,

362 3680 408 3718 ei
449 3667 712 3737 gravitate
744 3681 950 3718 marum
992 3665 1294 3732 conspicua.
1327 3674 1376 3718 et
1415 3664 1680 3734 singulari
1713 3664 1944 3732 pruden-

363 3747 435 3812 tia
485 3769 698 3816 ornata.
731 3775 793 3811 ac
831 3759 886 3810 in
935 3756 1086 3810 rebus
1112 3757 1278 3810 dubiis
1319 3760 1566 3827 presenti
1613 3757 1832 3809 consilio
1865 3757 1950 3809 itt-

361 3858 585 3902 structa.
629 3849 761 3916 Ejus
804 3848 1188 3916 indignissima
1226 3849 1446 3902 vexatio
1485 3857 1709 3918 propter
1747 3848 1942 3912 filium,

1990 1243 2038 1302 Α
2075 1236 2400 1320 Andronici?
2424 1241 2651 1312 majoris
2701 1251 2884 1298 natam
2929 1243 3124 1302 lrenen
3178 1263 3404 1306 uxorem
3442 1252 3644 1312 duxit:

2065 1345 2188 1396 quae
2246 1329 2387 1384 filios
2439 1331 2490 1384 ei
2552 1333 2772 1400 peperit
2829 1334 2992 1402 duos,
3035 1337 3303 1395 Joannem
3348 1350 3404 1396 et
3450 1343 3646 1401 Demc-

2069 1423 2271 1486 trium;
2310 1423 2449 1476 tilias
2473 1432 2680 1486 ternas,
2713 1440 2949 1493 quarum
2993 1429 3375 1500 primogenita:
3406 1417 3645 1490 inditum

2065 1525 2267 1563 nomen
2317 1511 2646 1584 Theodorre.
2707 1513 3025 1570 Matthtcum
3057 1529 3214 1587 pater
3254 1520 3643 1590 imperatorem

2065 1602 2418 1662 renuntiavit.
2437 1605 2695 1674 deditque
2715 1605 2765 1659 id
2793 1607 3048 1674 precibus
3067 1611 3376 1679 prmsertim
3395 1613 3642 1668 excerci-

2065 1701 2154 1748 tus
2185 1711 2388 1764 :qucm
2429 1706 2610 1752 tamen
2641 1697 2884 1754 Joannes
2926 1692 3268 1773 Palieologus
3295 1705 3470 1761 haeres
3504 1707 3642 1777 legi-

2067 1785 2234 1838 timus
2273 1786 2506 1856 imperio
2531 1789 2684 1843 abire
2737 1792 2936 1861 coegit.
2977 1793 3217 1848 Manueli
3244 1793 3410 1856 ﬁliani
3438 1796 3642 1868 ,Syrgis

2065 1875 2189 1936 (fuit
2250 1876 2340 1930 lrie
2371 1877 2700 1948 Cypriorum
2758 1898 2888 1952 rege
2933 1889 3284 1954 procreatus)
3323 1867 3640 1957 despondit.

2065 1969 2168 2020 Sed
2212 1968 2263 2022 id
2301 1966 2638 2026 connuhium
2685 1972 2884 2046 Syrgcs
2930 1986 3065 2031 .ante
3110 1981 3334 2047 nuptias
3389 1981 3639 2036 rescidit.

2063 2060 2213 2124 Post,
2245 2061 2480 2117 Liberos
2505 2065 2879 2121 Triballorum
2928 2069 3284 2140 dynastarum
3316 2074 3641 2141 potentissi-

2063 2165 2207 2213 mus,
2246 2152 2412 2206 filiam
2437 2169 2592 2208 suam
2631 2157 2811 2210 cidem
2839 2159 3070 2214 Manucli
3104 2161 3436 2230 desponderi
3461 2161 3640 2234 cupit.

2061 2253 2116 2296 et
2156 2243 2556 2312 despondetur,
2586 2257 2750 2302 utcst
2801 2250 2944 2304 libro
2967 2267 3051 2317 ιιι,
3089 2267 3212 2321 cap.
3237 2255 3328 2307 48.
3363 2254 3640 2312 Hactenus

2062 2335 2130 2394 de
2161 2337 2426 2392 maribus.
2475 2339 2784 2395 Puellarum
2829 2344 2996 2396 trium
3033 2344 3258 2398 nomina
3291 2356 3418 2401 sunt
3447 2347 3638 2414 Maria,

2064 2424 2380 2496 Theodora,
2458 2430 2688 2487 Helena.
2758 2434 2995 2488 Primam
3072 2435 3385 2506 Nicephoro
3451 2438 3636 2502 Docte,

2059 2521 2289 2578 Joannis
2321 2525 2568 2596 Despotae
2599 2528 2732 2593 tilio,
2757 2528 3077 2585 Acarnaniae
3111 2531 3372 2602 principi,
3393 2533 3639 2588 nondum

2056 2623 2347 2690 septennio
2395 2639 2618 2691 egresso
2688 2635 2881 2692 pactus
2929 2635 3038 2682 est.
3098 2627 3343 2684 Alteram
3392 2629 3636 2692 Orchani

2055 2710 2254 2774 Persas.
2285 2729 2381 2768 seu
2409 2713 2603 2769 Turcas
2638 2717 2840 2784 potius,
2903 2717 3170 2790 Bithyniae
3198 2721 3427 2775 domino
3463 2723 3638 2778 tradi-

2011 2857 2023 2863 -
2053 2800 2173 2854 dit:
2203 2803 2362 2872 cujus
2392 2805 2594 2874 opibus
2631 2821 2745 2861 rem
2776 2823 2930 2862 suam
2955 2825 3338 2878 saepenumero
3363 2820 3641 2868 sustenta-

2053 2892 2132 2944 vit
2201 2901 2369 2961 atque
2421 2896 2819 2954 constabitivii.
2849 2899 3190 2954 Postremam
3247 2915 3372 2956 cum
3423 2902 3638 2959 Joanne

2053 2976 2356 3050 Palaeologo
2413 2983 2764 3054 imperatore,
2799 3003 3071 3042 annorum
3132 2991 3449 3060 quindecim
3505 2996 3639 3047 ada-

2053 3072 2296 3129 lescente
2327 3077 2631 3146 conjunxit,
2665 3095 2828 3148 quem
2851 3076 3038 3135 laudat
3074 3082 3178 3136 lib.
3215 3099 3287 3150 tv,
3320 3099 3444 3153 cap.
3482 3085 3534 3137 i.
3561 3084 3639 3138 Ex

2052 3181 2118 3220 eo
2145 3169 2497 3224 matrimonio
2543 3172 2910 3237 Andronicus,
2955 3173 3192 3239 Manuel,
3227 3175 3487 3242 Joannes,
3535 3177 3640 3232 De-

2055 3255 2288 3310 metrius
2336 3255 2456 3322 lilii,
2511 3269 2570 3312 et
2600 3258 2757 3313 lrene
2813 3260 2922 3314 tilia
2953 3261 3239 3330 pr0pagati
3281 3271 3428 3315 sunt.
3463 3262 3634 3317 Suam

2051 3349 2252 3415 cuique
2276 3349 2441 3400 trium
2469 3347 2702 3402 ﬁliarum
2736 3349 3085 3418 {peculiarem
3125 3351 3497 3407 laudationem
3527 3355 3632 3408 im-

2052 3441 2217 3508 pertit
2246 3456 2262 3494 :
2295 3441 2600 3497 Theodorae
2625 3443 2720 3502 lib.
2753 3459 2834 3507 ιιι,
2859 3459 2981 3514 cap.
3009 3445 3119 3511 95;
3158 3445 3381 3500 Helenae
3434 3445 3632 3500 eodem

2050 3530 2218 3592 libro,
2283 3547 2406 3600 cap.
2457 3533 2566 3597 ὄις
2635 3533 2839 3599 Marias,
2898 3550 3020 3604 qum
3093 3535 3347 3590 adversis
3407 3533 3633 3590 casibus

2049 3631 2278 3692 propter
2313 3641 2548 3694 nequam
2574 3629 2834 3680 maritum
2854 3627 3078 3697 jactata.
3109 3627 3331 3682 tandem
3361 3641 3428 3680 eo
3447 3626 3632 3680 occiso

2049 3731 2174 3769 cum
2200 3725 2370 3770 matre
2397 3719 2721 3798 monacham
2743 3717 2984 3788 Byzantii
3011 3720 3142 3790 egit,
3167 3719 3265 3774 lib.
3285 3733 3364 3784 ιιι,
3389 3733 3512 3787 cap.
3537 3717 3630 3772 45.

2557 3861 2596 3891 ε
2706 3833 2962 3893 Honores.

363 3951 417 3994 et
453 3955 602 3994 mors
635 3940 1008 4010 lacrymabilis
1041 3941 1138 3994 lib.
1165 3955 1247 4002 ut,
1279 3957 1401 4010 cap.
1423 3941 1516 4005 Ἠ,
1542 3942 1633 4005 $26,
1665 3942 1939 4010 56,exlio-
1966 3939 2011 4002 C
2114 3939 2395 4011 Principio
2429 3942 2725 3998 Andronici
2777 3945 2861 3998 avi
2915 3944 3154 4000 cubiculi
3194 3945 3336 3998 sacri
3365 3945 3629 4013 praeposi-

362 4033 532 4084 nitur.
566 4031 870 4100 Nirephori
905 4031 1296 4094 Cantacuzeni,
1321 4042 1376 4084 et
1406 4031 1670 4085 Manuelis
1691 4017 1967 4086 Tarchav

364 4123 549 4184 niotae.
585 4123 734 4176 illius
788 4123 1080 4192 patruelis,
1135 4123 1299 4193 hujus
1356 4123 1695 4186 consobrini,
1727 4132 1822 4176 aut
1868 4139 1934 4177 ex

363 4229 552 4269 sorore
602 4215 821 4284 nepotis
867 4215 966 4270 lib.
1017 4231 1076 4275 tl.
1127 4230 1246 4281 cap.
1273 4215 1326 4278 8,
1363 4215 1634 4268 meminit.
1667 4214 1933 4270 Joannem

360 4306 626 4377 Angelum
656 4307 967 4374 ἐξάδελφον,
993 4317 1050 4361 et
1073 4299 1575 4370 ἁνεῲιὸνέἱιιιίιίιρι·
1597 4309 1938 4378 appellath

360 4415 424 4453 ex
471 4399 668 4454 eadem
721 4401 906 4454 radice
938 4399 1211 4470 prodiisse
1267 4399 1480 4454 scribit.
1518 4399 1720 4454 Mentio
1750 4410 1935 4455 autem

359 4481 570 4545 sororis
597 4500 683 4546 est
711 4491 812 4544 lib.
840 4507 919 4556 ιιι,
945 4507 1066 4562 cap.
1097 4492 1190 4546 26.

841 4626 1003 4688 Uxor,
1043 4626 1215 4692 liberi,
1241 4632 1472 4698 nepotes.

431 4761 730 4832 Conjttgcm
763 4759 958 4814 habuit
1007 4759 1227 4822 Irenen,
1255 4759 1556 4815 Andronici
1609 4761 1801 4816 Asanis
1833 4763 1934 4822 viri

359 4853 742 4918 illustrissimi,
772 4853 951 4923 magni
981 4853 1162 4910 ducis.
1190 4861 1244 4906 ct
1303 4868 1426 4906 cum
1484 4853 1800 4908 Andronico
1849 4871 1938 4909 se-

359 4945 512 4998 niore
601 4945 928 5009 cognatione
989 4942 1274 5012 conjuncti
1333 4942 1526 4996 filiam.
1589 4943 1720 4997 Fuit
1783 4947 1932 4999 enim

357 5039 566 5090 Asanes
606 5052 635 5090 e
671 5053 864 5091 sorore
912 5035 1214 5090 Andronici
1261 5047 1442 5090 natus.
1477 5037 1556 5090 Ex
1603 5054 1665 5090 ea
1707 5041 1934 5093 sustulit

356 5127 726 5190 lilii-ros'sex,
788 5146 967 5182 mares
1023 5140 1158 5194 tres,
1215 5129 1455 5182 feminas
1510 5131 1763 5185 totidem.
1817 5133 1931 5186 Illis

2043 4040 2134 4086 tus
2161 4032 2286 4096 fuit,
2349 4033 2551 4088 deinde
2593 4037 2898 4089 Andronici
2939 4037 3158 4104 nepotis
3203 4036 3385 4105 (cujus
3409 4036 3627 4090 videtur

2041 4125 2283 4192 eoasvus)
2318 4141 2549 4194 magnus
2583 4127 2945 4181 domesticus.
2979 4127 3272 4180 Thraciam
3305 4127 3624 4195 prtefcctus,

2041 4228 2137 4267 seu
2175 4225 2382 4284 praator
2406 4217 2754 4284 gubernarit.
2809 4215 2934 4271 Fuit
2963 4220 3091 4270 item
3120 4217 3376 4287 princeps
3409 4216 3622 4272 militia:

2040 4307 2433 4378 imperatoriae,
2479 4310 2596 4364 sire
2637 4311 2922 4380 copiarum
2973 4311 3082 4364 dux
3119 4327 3391 4366 summus.
3421 4309 3622 4366 Aucto-

2045 4402 2178 4454 ritas
2233 4401 2376 4471 cjus.
2435 4410 2676 4470 potestas
2727 4411 2783 4454 et
2853 4402 3189 4455 existimatio
3245 4400 3616 4465 incredibilis,

2041 4491 2137 4553 ita,
2185 4501 2246 4544 ut
2273 4502 2342 4544 eo
2383 4491 2719 4555 inconsulto,
2744 4499 2839 4544 aut
2865 4492 3168 4562 refragante
3206 4490 3345 4545 nihil
3401 4506 3621 4562 gerere-

2042 4593 2152 4646 tur,
2198 4583 2425 4652 ipseque
2463 4583 2873 4638 administraret
2913 4587 3119 4644 omnia,
3173 4593 3229 4636 et
3267 4595 3439 4648 esset,
3505 4599 3618 4638 non

2039 4672 2261 4741 quidem
2310 4673 2578 4726 vocabulo
2611 4681 2759 4741 (nam
2814 4675 2865 4728 id
2903 4692 3010 4730 una
3059 4692 3182 4730 cum
3235 4675 3454 4740 habitu,
3489 4677 3622 4732 licet

2039 4780 2148 4816 non
2181 4765 2348 4818 semel
2379 4765 2448 4817 ab
2493 4766 2812 4820 Andronico
2862 4767 3143 4833 invitatus,
3169 4782 3225 4822 et
3259 4769 3420 4824 enixe
3461 4785 3620 4839 roga-

2042 4867 2149 4916 tus.
2184 4867 2506 4912 constanter
2566 4859 2749 4928 fugit),
2778 4861 2872 4914 sed
2923 4877 3088 4931 Opere
3138 4864 3256 4931 ipso
3298 4862 3617 4933 imperator.

2039 4946 2180 5016 Lege
2204 4966 2322 5018 cap.
2348 4951 2401 5010 9.
2425 4951 2500 5003 tib
2539 4965 2594 5004 ιι.
2614 4952 2733 5017 Quo
2763 4953 3044 5018 defuncto,
3067 4970 3358 5024 ιηὀιὊιύιιι
3383 4973 3445 5009 ac
3475 4957 3619 5009 mili-

2039 5050 2152 5094 tum
2189 5045 2331 5096 votis
2357 5044 2718 5115 ltiilymotachi
2764 5047 3088 5108 obsecutus,
3123 5048 3367 5116 itemque
3390 5049 3514 5102 aliis
3545 5051 3614 5101 de

2035 5137 2216 5188 causis
2280 5141 2436 5204 (quas
2494 5138 2724 5204 profert,
2771 5139 2902 5190 dum
2953 5138 3223 5192 alfecmt'e
3302 5141 3612 5209 tyrannidis

356 5223 576 5274 nomina
616 5222 862 5284 ruerunt,
906 5221 1214 5282 .‘llatthmos,
1258 5222 1496 5282 Manuel.
1558 5222 1924 5278 Andronicus.
1965 5269 2010 5327 υ
2037 5229 2412 5298 suspicionem
2441 5245 2469 5282 ει
2495 5247 2550 5284 se
2584 5231 2810 5298 depellit
2845 5231 3110 5300 :dcpcllit
3157 5241 3339 5286 autem
3373 5234 3612 5302 saepissi—

355 5313 530 5382 Atque
588 5313 676 5367 hic
736 5323 1048 5378 postremus
1093 5313 1178 5366 vix
1235 5313 1623 5367 duodecimum
1656 5318 1931 5385 attingens

351 5421 581 5466 annum,
623 5419 748 5458 cum
809 5406 928 5458 avia
989 5415 1214 5474 paterna
1273 5406 1326 5458 in
1379 5406 1684 5460 custodiam
1741 5409 1922 5474 datus,

352 5497 698 5559 postmodum
755 5495 1013 5564 pestifera
1086 5498 1174 5552 lue
1239 5515 1336 5567 per
1393 5499 1445 5551 id
1507 5508 1719 5568 tempus
1774 5519 1926 5571 gras-

349 5600 503 5640 sante
557 5589 770 5642 interiit
822 5590 1210 5658 :rcliquorum
1265 5606 1434 5660 opera
1474 5591 1622 5646 domi
1678 5595 1920 5664 bellique

281 5693 292 5698 ·
339 5678 583 5739 multum
611 5695 744 5734 usus
773 5691 849 5733 est
881 5691 1053 5746 pater.
1099 5681 1338 5750 Uterque
1389 5694 1620 5737 ornatur
1666 5686 1920 5743 laudibus

347 5765 542 5833 Iib.ttt,
571 5785 692 5841 cap.
742 5771 828 5823 913.
875 5771 1157 5826 Ἀίειῑιῗιςιιιις
1211 5773 1470 5827 ὓῡῐιιριτίἰ
1520 5776 1774 5846 despuas,
1819 5780 1916 5834 lilii

2039 5338 2124 5375 me
2171 5338 2234 5375 ac
2273 5323 2658 5386 disertissime,
2697 5332 2751 5377 et
2785 5334 2892 5377 tam
2938 5321 3336 5384 verisimiliter,
3373 5334 3432 5376 ut
3469 5325 3608 5380 nihil

2034 5413 2340 5470 desideres)
2397 5430 2692 5483 purpuram
2737 5424 2794 5470 et
2843 5416 3036 5470 tiaram
3087 5416 3285 5470 induit.
3334 5417 3606 5472 Adriano-

2031 5505 2141 5574 poli
2187 5523 2216 5557 ει
2249 5505 2454 5558 Lazaro
2513 5507 3038 5578 Hierosolymorum,
3093 5523 3310 5562 rursum
3351 5509 3597 5582 Byzantii

2026 5596 2096 5650 ab
2145 5596 2356 5651 lsidmo
2411 5599 2742 5667 patriarchis
2797 5615 3060 5654 coronam
3107 5599 3449 5668 impcrialem
3503 5619 3598 5658 so-

2019 5688 2188 5741 lemni
2227 5690 2333 5744 ritu
2368 5691 2598 5762 accepit.
2636 5691 2809 5758 Quam
2840 5693 2997 5748 beate
3023 5692 3248 5757 vixerit,
3275 5693 3329 5748 in
3375 5698 3596 5766 quintis

2020 5783 2285 5847 cujusque
2337 5784 2480 5838 nimii
2527 5783 2741 5850 opibus,
2772 5785 2822 5839 in
2857 5797 3058 5850 quanta
3093 5787 3378 5843 hominum
3420 5787 3592 5842 admi-

3573 6103 3798 6196 Α
