4106 6292
427 365 501 438 31
1556 377 1905 442 JOANNES
1943 376 2586 440 CANTACUZENUS.‘
3617 381 3691 446 32

433 484 649 542 ratione
689 491 746 540 et
797 482 993 557 gloria,
1034 485 1152 559 ipse
1193 487 1519 547 clarissimis
1554 493 1762 556 verbis,
1798 492 1897 547 lib.
1924 507 2005 558 ni,
2038 497 2082 552 Δ
2114 499 2205 545 tur
2233 508 2247 545 :
2277 491 2440 562 digna
2472 490 2744 562 profecto,
2794 494 2883 548 cui
2914 493 3001 551 vel
3029 495 3206 568 majus
3248 496 3688 555 committeretur

434 590 556 646 cap.
583 576 653 634 55
674 585 729 634 et
752 575 821 632 78
853 578 1098 634 edocuit.

821 667 1032 728 Studia,
1054 669 1308 724 doctrina!
1347 680 1397 725 et
1427 688 1619 726 mores.

504 755 565 810 ln
597 757 822 813 militari
847 760 1171 830 disciplina,
1200 764 1352 818 socio
1399 763 1722 834 Syrgianne,
1746 762 2008 832 magisuo

438 846 649 915 Angelo
684 863 844 902 usum
871 865 930 903 se
953 861 1141 905 narrat
1173 870 1186 906 :
1212 853 1265 906 in
1297 868 1403 922 qua
1451 855 1652 908 deinde
1682 871 1778 923 per
1800 854 2009 907 exerci-

336 944 340 947 ‘
436 937 699 992 tationem
750 939 1154 1009 lectionemque
1180 943 1339 1012 longe
1379 944 1675 999 admodum
1717 947 2004 1013 processit,

439 1026 671 1097 talisque
701 1044 927 1097 prorsus
965 1031 1148 1084 extitit
1189 1033 1504 1101 imperator,
1538 1035 1753 1102 qualem
1775 1033 1845 1087 Μ.
1880 1032 2009 1086 Tul-

438 1119 549 1174 lius
579 1121 632 1174 in
682 1121 1012 1190 Pompeiana
1059 1124 1308 1192 depinxit
1337 1124 1645 1193 :siqnidem
1679 1126 1730 1177 in
1767 1140 1835 1179 eo
1868 1138 2006 1193 quo-

440 1225 549 1280 que
586 1211 674 1265 illa
701 1225 960 1281 quatuor,
993 1229 1113 1283 quae
1147 1215 1203 1267 in
1232 1230 1445 1267 summo
1470 1216 1804 1285 imperatore
1828 1215 2007 1270 inesse

437 1302 662 1368 debent,
693 1303 1037 1381 enituerunt,
1072 1305 1328 1368 scientia,
1395 1308 1594 1368 virtus,
1634 1306 1887 1369 felicitas,
1913 1321 2009 1360 au-

353 1446 365 1468 ,Λ
436 1394 685 1449 ctoritas.
744 1394 891 1449 Talis
941 1395 1094 1460 item,
1141 1396 1358 1464 qualem
1411 1396 1464 1449 in
1526 1397 1833 1468 Strategico
1886 1412 2009 1468 gra-

356 1464 381 1495 ”
435 1485 700 1540 rissimus
737 1497 1045 1556 praeceptor
1080 1487 1333 1541 militaris
1385 1487 1711 1543 Onosander
1747 1488 2012 1544 describit

372 1569 376 1572 ⁴
437 1591 558 1645 cap.
596 1578 650 1642 1,
679 1584 885 1637 castus,
918 1588 1255 1648 temperans,
1293 1581 1529 1646 sobrius,
1563 1580 1729 1649 frugi,
1770 1580 2011 1636 laborio-

437 1680 554 1733 sus,
597 1667 933 1737 intelligens,
978 1670 1205 1724 minime
1255 1685 1475 1733 avarus,
1520 1684 1623 1725 nec
1658 1670 1872 1741 junior,
1909 1686 2011 1726 nec

437 1757 646 1821 senior,
708 1759 947 1813 filiorum
1006 1769 1184 1829 pater,
1247 1761 1466 1834 dicendi
1518 1761 1771 1827 ,peritus,
1837 1761 2011 1830 gloria

2112 584 2426 651 imperium.
2473 583 2861 649 Fortitudinis,
2919 588 3410 656 magnanimitatis,
3459 604 3526 644 ac
3588 604 3688 659 pa-

2111 673 2315 728 tientia:
2343 683 2449 738 est,
2475 674 2623 743 quod
2653 691 2925 745 nusquam
2955 676 3125 731 ferme
3148 678 3305 733 abest
3324 678 3394 732 ab
3415 679 3688 743 exercitu,

2110 778 2388 833 manuque
2457 779 2556 819 sua
2617 765 2673 819 in
2725 767 2939 822 hostem
3010 778 3217 837 pugnat
3262 768 3544 823 viriliter:
3585 785 3691 825 nec

2108 854 2485 922 voluptatibus
2549 855 2819 925 indulget,
2873 866 2928 911 et
2985 858 3233 913 adversis
3301 859 3520 914 casibus
3579 874 3690 912 non

2109 941 2386 1009 frangitur
2416 958 2431 995 :
2468 942 2688 1012 injuriis
2719 945 3094 1012 (potissimum
3129 946 3199 999 ab
3230 947 3579 1015 Apocattcho.
3600 948 3687 1001 cui
3716 1006 3725 1013 J

2111 1041 2403 1101 tantopere
2463 1033 2837 1098 benefecerat,
2864 1034 3053 1102 illatis)
3090 1051 3198 1091 non
3252 1037 3692 1093 succumbimet

2108 1118 2373 1176 invidiam
2429 1138 2585 1190 aequa
2647 1135 2835 1179 mente
2884 1126 3136 1179 sustinet.
3194 1126 3252 1180 in
3312 1126 3450 1181 bene
3504 1126 3573 1180 de
3631 1141 3691 1179 se

2108 1221 2387 1266 merentes
2410 1227 2553 1266 unus
2590 1214 2840 1267 omnium
2882 1214 3229 1284 gratissimus
3259 1232 3271 1266 :
3302 1230 3466 1285 quam
3510 1216 3689 1269 virtu-

2109 1314 2220 1357 tem
2251 1305 2306 1357 in
2343 1303 2464 1357 aliis
2490 1304 2655 1358 etiam
2686 1314 2852 1369 amat,
2877 1315 2933 1360 et
2962 1306 3090 1360 ideo
3114 1308 3262 1362 nulla
3298 1308 3689 1376 propemodum

2109 1397 2305 1464 pagina
2336 1394 2642 1463 gratiarum
2673 1395 2989 1451 actionibus
3020 1406 3194 1451 vacat.
3238 1398 3321 1450 Ad
3354 1397 3694 1451 moderatio-

2111 1497 2235 1537 nem
2321 1485 2827 1553 continentiamque
2925 1487 3200 1553 pertinet,
3269 1485 3415 1555 quod
3476 1485 3692 1554 imperii

2111 1572 2557 1628 communionem
2605 1572 2712 1628 sibi
2752 1574 2822 1628 ab
2860 1573 3179 1629 Andronico
3233 1576 3397 1630 etiam
3437 1585 3692 1645 quartum

2112 1662 2372 1729 delatam,
2397 1673 2640 1719 recusat.
2679 1664 2742 1719 ln
2769 1664 3011 1720 amicitia
3047 1664 3278 1720 colenda
3309 1666 3696 1721 constantissi-

2114 1766 2256 1813 mus,
2289 1738 2669 1806 Andronicum
2703 1752 2975 1807 minorem
3001 1754 3296 1823 praecipue,
3323 1762 3378 1809 et
3404 1754 3694 1809 Amurium

436 1848 691 1903 illustris.
746 1848 975 1914 Qualem
1024 1859 1291 1918 praeterea
1341 1850 1410 1904 de
1444 1850 1662 1904 bellico
1719 1859 2005 1918 apparatu,
2040 1844 2082 1899 Β
2111 1843 2332 1898 Persam
2381 1843 2547 1898 lonia.-
2597 1844 2907 1913 Satrapam,
2958 1845 3074 1899 sive
3118 1845 3425 1914 principem
3480 1845 3692 1910 dilexit,

438 1951 561 2007 cap.
586 1935 641 2003 2,
674 1935 785 1990 Leo
817 1937 1138 2007 imperator.
1172 1937 1439 2007 Linguam
1480 1937 1727 1991 Latinam
1755 1937 2009 1993 calluisse

436 2028 568 2083 inde
629 2027 1001 2097 conjecturam
1054 2029 1232 2098 capio.
1257 2028 1474 2082 Etenim
1515 2042 1604 2082 res
1635 2028 2010 2083 Romanorum

437 2120 833 2188 imperatorum
874 2118 958 2183 (ut
990 2133 1093 2174 nos
1117 2118 1394 2173 Romanos
1432 2118 1796 2188 imperatores
1827 2117 2013 2187 appel-

438 2208 641 2272 lamus,
688 2208 794 2262 hoc
814 2217 898 2263 est
927 2224 1119 2262 eorum
1152 2211 1247 2278 qui
1282 2208 1337 2264 in
1359 2210 1514 2265 ltalia
1553 2218 1609 2264 et
1643 2210 1831 2264 Romae
1858 2209 2012 2264 vixe-

435 2300 908 2367 runt)a|iqu0ties
941 2299 994 2352 in
1025 2300 1267 2354 medium
1311 2300 1556 2363 adducit,
1588 2316 1724 2369 quas
1763 2299 1997 2354 forsitan

436 2389 582 2459 apud
618 2389 867 2444 historiae
912 2390 1170 2457 Augustae
1204 2374 1501 2460 scriptores
1533 2386 1683 2461 le'git.
1725 2392 1788 2444 Et
1839 2392 2015 2460 Arego

436 2479 707 2536 monacho
734 2479 989 2536 Sabaudo
1027 2481 1273 2551 qmedatn
1313 2481 1501 2537 Graece
1552 2483 1758 2552 scripta
1789 2497 1896 2536 non
1929 2482 2015 2556 in-_

435 2573 726 2642 telligenti,
780 2574 1174 2642 interpretatur
1213 2574 1311 2627 lib.
1372 2591 1453 2638 lll,‘
1486 2590 1607 2641 cap.
1654 2576 1742 2629 84.
1794 2574 1850 2627 Si
1892 2576 2017 2644 quis

434 2663 728 2717 auditione
775 2674 987 2718 tantum
1033 2666 1407 2719 liornanorum
1465 2667 1603 2719 facta
1632 2667 1934 2733 accepisse,
1962 2674 2018 2719 et

434 2755 624 2811 Graeca
697 2755 791 2810 illa
840 2755 1023 2811 ltalice
1084 2757 1356 2810 monacho
1411 2758 1837 2826 interpretatum
1896 2772 2019 2812 esse

436 2847 666 2924 credere
695 2848 872 2909 malit,
908 2863 1032 2902 cum
1073 2863 1142 2903 eo
1175 2863 1284 2902 non
1327 2850 1657 2904 contendam
1686 2860 1780 2905 :et
1818 2849 1889 2903 ita
1920 2864 2020 2902 no-

436 2943 586 2996 mine
639 2942 848 2996 Latinae
899 2942 1122 3012 linguae,
1151 2944 1309 3009 cuius
1355 2957 1414 2994 se
1460 2943 1725 2995 scientem
1780 2940 2017 3009 quodam

436 3034 560 3094 loco
593 3031 852 3095 aﬂirmat,
874 3048 1093 3102 quaque
1119 3031 1492 3102 praesidiarios
1524 3033 1686 3086 Italos
1718 3030 2021 3101 alloquitur

434 3124 913 3192 Constantinopoli
944 3124 1041 3177 lib.
1077 3140 1153 3188 tv,
1193 3140 1318 3192 cap.
1358 3124 1448 3186 54,
1484 3123 1668 3176 Italica
1707 3123 2016 3193 intelligen-

435 3216 506 3269 da
554 3214 663 3268 erit
689 3231 703 3268 :
737 3214 881 3269 sicut
913 3229 1012 3284 per
1037 3213 1263 3268 Latinos
1292 3214 1433 3278 Itali,
1459 3223 1514 3267 et
1539 3213 1658 3277 alii,
1688 3228 1797 3266 non
1824 3212 2020 3266 Grmci.

437 3304 659 3367 Persice
689 3320 927 3375 quoque,
952 3304 1066 3360 sive
1117 3305 1348 3359 Turciee
1377 3319 1537 3359 nosse
1565 3319 1624 3358 se
1670 3304 1770 3358 lib.
1809 3319 1880 3364 tv,
1904 3317 2023 3370 cap.

441 3400 531 3461 10,
562 3396 813 3451 aﬂirmat.
846 3397 1033 3450 Artem
1073 3395 1334 3449 didicisse
1365 3397 1686 3457 oratoriam,
1716 3394 2028 3462 eloquentia

440 3485 625 3552 ipsius
641 3485 790 3538 omni
827 3485 1221 3552 praedicatione
1250 3484 1412 3552 digna
1441 3494 1498 3539 et
1526 3485 1579 3538 in
1616 3494 1722 3538 tam
1748 3484 2029 3553 praeclaris

440 3574 807 3639 orationibus,
835 3583 1054 3643 totaque
1080 3575 1381 3641 scriptione
1405 3590 1463 3629 se
1487 3589 1772 3636 exserens,
1801 3575 2046 3628 demon-'

437 3673 600 3725 ιιι-ει.
631 3665 772 3719 Sane
796 3665 942 3734 quod
988 3664 1057 3718 Η.
1089 3664 1303 3719 Tullius
1333 3665 1402 3718 de
1428 3664 1709 3734 Pompeio,
1757 3665 1899 3719 idem
1926 3681 2027 3733 ego

440 3758 726 3812 verissime
745 3757 810 3809 de
831 3757 933 3810 hoc
952 3756 1093 3811 viro.
1116 3759 1305 3824 paucis
1322 3756 1629 3810 immutatis
1648 3771 2021 3825 usurpavero:

441 3845 711 3913 Quantum
738 3848 973 3909 consilio,
996 3862 1252 3916 quantum
1281 3848 1498 3921 dicemﬁ
1513 3849 1772 3918 gravitate
1811 3858 1859 3902 et
1876 3851 2025 3917 copia

440 3940 641 4002 valeat,
669 3941 723 3993 in
756 3956 858 4008 quo
893 3941 1002 4006 ipso
1030 3940 1161 3991 inest
1200 3939 1452 4009 quwdam
1480 3940 1716 4010 dignitas
1739 3942 2023 4010 imperatm

443 4034 548 4093 ria,
572 4048 660 4085 vos
687 4046 750 4085 ea;
780 4032 916 4084 hisce
940 4030 1084 4084 libris
1105 4048 1241 4100 stripe
1267 4033 1606 4101 cognoscetis.
1636 4030 1844 4101 Oppida
1868 4048 2021 4086 com-

442 4125 625 4193 plura,
671 4138 794 4192 quae
852 4124 1021 4178 armis
1073 4124 1426 4189 resistebant.
1472 4124 1586 4179 oris
1622 4125 1706 4179 sui
1770 4124 2023 4179 facundia

441 4215 701 4286 subegit:
741 4225 800 4269 ut
844 4215 989 4283 quod
1017 4216 1232 4284 Cyneas
1287 4217 1500 4285 legatus
1534 4217 1744 4284 Pyrrho
1771 4216 2023 4284 Epirota-
2060 4279 2071 4292 .

443 4320 570 4358 rum
626 4304 763 4373 regi,
816 4302 923 4356 hoc
977 4302 1120 4357 idem
1174 4320 1310 4370 pene
1354 4306 1666 4356 Andronico
1704 4303 2022 4371 imperatori

441 4394 863 4450 Cantacuzenus
908 4391 1098 4447 fuerit.
1153 4393 1217 4447 Et
1256 4409 1380 4447 cum
1434 4380 1672 4446 oratoris
1717 4394 1789 4446 sit
1849 4394 2022 4447 histo-

442 4488 583 4540 riatn
621 4485 882 4547 scribere,
914 4484 959 4537 si
1006 4500 1112 4551 qua
1158 4485 1286 4547 alia,
1339 4485 1461 4558 hare
1491 4485 1610 4538 sine
1645 4485 2017 4539 controversia
2052 4516 2094 4570 Β

447 4581 710 4639 oratorie.
736 4580 839 4632 hoc
861 4587 948 4631 est
990 4577 1311 4646 prudenter,
1346 4576 1631 4644 disposite,
1672 4576 1894 4639 diserte,
1919 4592 2020 4632 nec

448 4670 739 4722 invenuste
791 4667 999 4734 scripta
1048 4676 1150 4718 est.
1211 4666 1403 4718 Poetas
1452 4666 1746 4734 diligenter
1798 4667 2019 4737 legisse,

449 4759 746 4811 llninerum
773 4757 1067 4825 praecipue.
1110 4764 1165 4809 et
1205 4756 1543 4825 Euripidem,
1577 4757 1829 4810 crebrius
1856 4774 1920 4811 ex
1956 4757 2023 4813 iis

449 4848 649 4917 prolati
683 4861 877 4899 versus
915 4847 1131 4901 docent.
1169 4847 1457 4901 Sacrarum
1505 4846 1804 4898 litterarum
1841 4846 2023 4899 scien-

453 4947 526 4997 tia
566 4959 674 4996 non
711 4957 901 5011 parum
935 4944 1229 5006 imbutum,
1256 4952 1338 4995 tot
1376 4943 1483 4996 lori
1529 4944 1776 5011 apposite
1814 4944 2020 4998 inducti

445 5044 774 5107 argumento
805 5044 955 5090 sunt.
994 5028 1191 5089 Sediid
1243 5050 1308 5087 ex
1339 5035 1495 5087 libris
1523 5034 1644 5088 aliis
1675 5035 1790 5088 sole
1822 5037 2026 5091 clarius

443 5135 551 5189 est,
580 5141 721 5195 quos
770 5142 964 5194 nempe
1009 5134 1199 5181 contra
1237 5125 1652 5179 Mahometanos
1718 5136 1773 5180 et
1805 5127 2025 5181 Judaaos

444 5220 640 5275 edidit.
672 5218 869 5274 Fertur
912 5220 1141 5287 insuper
1196 5220 1249 5271 in
1286 5225 1529 5289 quinque
1572 5219 1783 5287 priores
1814 5220 2027 5273 [Ct/tiro-

448 5328 568 5365 rum
593 5309 907 5365 Aristotelis
954 5310 1317 5377 Paraphrasin
1364 5310 1776 5379 conscripsisse.
1809 5312 1931 5367 lla:c
1960 5313 2029 5367 de

448 5403 649 5458 studiis
702 5412 759 5456 et
780 5402 981 5456 litteris
1008 5404 1146 5473 ejus.

519 5493 677 5565 Quod
725 5492 792 5545 ad
867 5509 1049 5549 mores
1094 5507 1149 5549 et
1210 5496 1444 5551 virtutes
1491 5498 1704 5562 attinet,
1743 5496 2028 5550 veritatem

449 5586 677 5645 amavit,
721 5592 780 5637 ut
827 5584 920 5653 qui
949 5584 1203 5649 maxime,
1261 5586 1425 5656 idque
1481 5589 1641 5642 toties
1683 5598 1922 5641 testatur
1967 5602 2032 5641 ac

458 5673 772 5741 proﬁtetur.
805 5675 936 5745 Ejus
976 5670 1283 5745 'prttdcntia
1332 5694 1362 5732 c
1407 5679 1592 5742 dictis,
1626 5678 1972 5747 maximeque
2000 5693 2032 5732 e

455 5763 705 5819 condiiis
733 5765 951 5828 egregia
992 5780 1206 5830 semper
1282 5780 1337 5822 et
1385 5771 1735 5824 irentoranda
1770 5768 2034 5823 nersoici-

2112 1933 2329 2004 fuitque
2381 1932 2627 1989 vicissim
2688 1934 2958 1988 ambobus
2988 1949 3157 2005 supra
3182 1951 3346 2007 quam
3379 1935 3488 1989 dici
3515 1945 3692 2004 potest

2111 2027 2313 2081 chartis
2335 2034 2390 2080 et
2414 2026 2721 2097 jucundus.
2752 2026 2956 2081 Dilexit
2980 2041 3107 2081 eum
3133 2026 3300 2083 etiam
3333 2028 3691 2083 vehementer

2112 2134 2144 2174 e
2205 2118 2534 2187 proceribus
2572 2118 2941 2173 Triballorum
2985 2118 3438 2188 epulentissimus
3473 2120 3696 2189 quidam
3739 2132 3754 2145 '

2112 2211 2368 2277 Liberos,
2400 2219 2460 2265 ut
2503 2207 2587 2265 e'st
2632 2210 2731 2265 lib.
2768 2226 2848 2277 tu,
2879 2225 3005 2279 cap.
3037 2209 3126 2263 42.
3168 2209 3595 2265 Beneficentiam
3634 2225 3697 2265 ac

2113 2303 2501 2357 liberalitatem
2528 2301 2697 2355 coluit
2724 2300 3077 2363 mirabiliter,
3119 2310 3173 2354 et
3203 2301 3255 2353 in
3290 2300 3602 2355 exercitum
3628 2300 3698 2355 de

2114 2408 2213 2445 suo
2241 2400 2541 2461 sumptum,
2569 2390 2899 2462 imperatore
2932 2392 3057 2446 vivo
3106 2400 3461 2459 mortuoque,
3496 2392 3700 2461 sapius

2113 2482 2243 2537 fecit
2270 2501 2283 2536 :
2312 2482 2535 2537 castella
2565 2493 2620 2537 et
2647 2483 2846 2553 Oppida
2873 2500 2971 2537 sua
3010 2484 3241 2553 pecunia
3277 2483 3474 2540 refecit
3527 2494 3584 2539 et
3614 2485 3698 2539 in-

2116 2573 2421 2639 etauravit,
2480 2571 2774 2642 eidemque
2829 2571 3155 2640 imperatori
3213 2572 3380 2627 funus
3428 2574 3699 2644 amplissi-

2115 2680 2263 2720 mum
2312 2680 2410 2719 sua
2458 2665 2705 2735 impensa
2764 2667 3000 2720 curavit.
3047 2667 3257 2719 Aurum
3307 2666 3455 2735 quod
3496 2666 3701 2721 habere

2117 2760 2286 2828 gratis
2316 2767 2534 2828 poterat
2565 2760 2922 2827 contempsit.
2948 2760 3105 2816 Pacis
3152 2769 3206 2814 et
3235 2759 3547 2813 concordiae
3576 2759 3702 2826 quis

2118 2846 2212 2901 illo
2239 2846 2529 2913 cupidior?
2567 2847 2693 2916 quis
2751 2848 3013 2903 Barbaris
3064 2858 3121 2903 et
3176 2847 3488 2902 idololatris
3520 2848 3702 2902 inimi-

2119 2937 2272 2990 cior?
2307 2935 2426 2991 Non
2460 2946 2641 3005 potest
2693 2953 2794 3006 pro
2850 2938 3123 3008 dignitate
3186 2938 3492 2992 collaudari
3535 2938 3701 3008 hujus

2123 3028 2567 3097 prwstantissimi
2628 3028 2898 3097 principis
2947 3029 3271 3083 admiranda
3302 3029 3523 3093 lenitas,
3552 3037 3609 3083 et
3633 3029 3699 3085 ad

2123 3116 2506 3183 detonendam
2538 3116 2921 3182 offensionem,
2986 3118 3307 3187 veniamque
3349 3117 3701 3175 tribuendam

2141 3206 2492 3274 suspicienda
2524 3206 2781 3270 facilitas,
2806 3207 3198 3261 beneficiorum
3225 3208 3489 3264 altissima
3513 3224 3702 3263 recor-

2131 3300 2307 3361 datio,
2345 3307 2401 3353 et
2453 3300 2507 3352 in
2556 3298 2748 3369 gratiis
2774 3300 2998 3369 agendis
3021 3300 3503 3355 commemoranda
3542 3300 3704 3356 sedu-

2129 3392 2276 3446 litas.
2300 3390 2498 3447 Omnia
2533 3391 2620 3445 his
2642 3390 2802 3445 libris
2826 3392 3127 3461 gratiarum
3163 3392 3478 3447 actionibus
3501 3393 3702 3448 referta

2128 3493 2277 3537 sunt.
2345 3482 2569 3536 Summa
2619 3491 2885 3551 praeterea
2939 3482 2996 3535 in
3053 3484 3291 3552 negotiis
3342 3483 3704 3552 procurandis

2128 3574 2439 3643 diligentia,
2469 3583 2524 3627 et
2584 3572 2889 3643 vigilantia.
2941 3575 3219 3641 animique
3279 3575 3493 3644 religio.
3524 3575 3705 3628 Mona-

2126 3668 2398 3721 ehismum
2425 3666 2647 3734 quantis
2673 3666 2981 3733 prtrconiis,
3015 3666 3160 3721 Deus
3193 3667 3358 3731 bone,
3393 3676 3449 3722 et
3474 3667 3701 3727 quidem

2129 3759 2316 3819 toties,
2344 3758 2709 3811 cohonestat?
2732 3772 2797 3810 ac
2828 3758 3046 3811 tandem
3087 3759 3204 3825 ipse
3255 3761 3309 3811 in
3340 3758 3704 3828 Manganense

2125 3850 2522 3904 monasterium
2552 3863 2725 3918 prope
2774 3850 3307 3917 Constantinoliolim
3356 3865 3415 3904 sc
3451 3851 3591 3905 ultro
3638 3865 3703 3905 ac

2124 3941 2307 3994 libens
2331 3940 2586 4003 includit,
2623 3956 2746 3993 cum
2800 3940 3092 4008 imperium
3144 3940 3387 3993 retinere
3413 3940 3702 4008 potuisset,

2127 4043 2187 4086 ut
2236 4030 2449 4085 videbis
2494 4031 2593 4083 lib.
2644 4046 2719 4083 tv.
2766 4032 3001 4084 Tantum
3064 4029 3239 4088 abest.
3288 4038 3350 4083 ut
3402 4045 3469 4083 eo
3525 4031 3702 4094 ipsum

2121 4124 2364 4180 Joannes
2416 4121 2758 4193 Palaeologus
2797 4123 2975 4176 victor
3012 4120 3363 4188 compulerit,
3396 4120 3545 4188 quod
3577 4121 3703 4189 qui-

2123 4216 2249 4270 dam
2275 4216 2441 4287 hujus
2475 4225 2678 4268 nostra:
2725 4213 2969 4267 historia:
3005 4211 3255 4265 funditus
3284 4211 3461 4279 ignari
3494 4226 3704 4280 nugon-

2126 4314 2235 4359 tur.
2265 4306 2477 4376 Conjux
2540 4288 2706 4373 porro
2754 4304 2913 4359 lrene
2974 4304 3029 4357 in
3061 4305 3397 4359 monasterio
3431 4318 3460 4357 a
3494 4302 3707 4358 Martha

2122 4394 2402 4448 Michaelis
2460 4394 2627 4463 primi
2712 4392 3001 4459 Paiaeologi
3087 4406 3274 4446 sorore
3362 4401 3702 4455 constructo,

2123 4485 2444 4538 monacham
2494 4482 2692 4538 induit.
2753 4470 3042 4553 Ῥωμαίων
3076 4492 3129 4535 ιιι
3168 4480 3424 4562 quidem,
3477 4480 3593 4535 ἀλλ’
3642 4482 3705 4535 οὐ

2135 4574 2443 4643 Ῥωμαϊκὸν
2471 4574 2716 4640 βασιλέα.
2779 4573 2993 4638 laudas,
3050 4574 3251 4641 inquis.
3302 4574 3418 4643 Ego
3461 4589 3596 4628 vero
3642 4588 3731 4641 e-,

2124 4667 2254 4720 tiam
2307 4665 2609 4734 Agesilaos,
2645 4666 3008 4731 Alexandros,
3053 4665 3246 4728 Jolios,
3279 4674 3335 4719 et
3389 4654 3736 4744 Pompeios,i

2123 4757 2394 4819 ethnicos,
2423 4767 2480 4810 et
2513 4756 2829 4809 idololatras
2854 4771 2996 4823 smpe
3040 4755 3256 4808 laudavi
3304 4773 3319 4807 :
3362 4767 3419 4810 ct
3449 4755 3705 4808 virtutem

2123 4848 2208 4902 vel
2247 4848 2298 4900 in
2360 4848 2515 4901 hoste
2571 4848 2882 4907 amabilem,
2910 4848 3136 4914 ejusque
3195 4847 3446 4915 exempla
3509 4862 3537 4899 a
3570 4861 3709 4915 quo-

2127 4951 2370 5004 cunque,
2401 4945 2456 4989 et
2496 4935 2873 5004 qualicunque
2908 4937 3172 4988 summula
3221 4937 3383 4989 nobis
3407 4951 3529 4990 esse
3567 4951 3705 4989 cou-

2131 5027 2309 5081 ﬁrtuo.
2349 5028 2444 5080 Est
2469 5028 2617 5079 enim
2651 5027 2844 5080 eadem
2878 5041 3119 5095 semper,
3159 5044 3260 5080 nec
3304 5028 3423 5098 ejus
3449 5026 3708 5096 splendor

2132 5122 2458 5175 immortalis
2485 5121 2807 5191 cujusquam
2835 5120 3089 5175 sordibus
3116 5130 3293 5190 potest
3339 5121 3703 5176 obsolescere.

2794 5209 3025 5264 Divitiw.

2200 5299 2529 5354 Incredibile
2576 5309 2881 5353 memoratu
2938 5308 3043 5363 est,
3072 5307 3292 5368 quantae
3343 5300 3463 5369 ejus
3511 5298 3704 5367 copiae,

2132 5390 2441 5451 facultates,
2497 5390 2691 5457 quanti
2746 5389 2996 5457 pecuniae
3056 5389 3301 5443 thesauri
3356 5388 3580 5449 fuerint,
3635 5387 3705 5442 de

2132 5479 2336 5547 quibus
2360 5476 2530 5531 variis
2558 5477 2695 5530 locis
2743 5477 2858 5546 ipse
2903 5476 3219 5537 confitetur,
3269 5487 3324 5530 et
3380 5490 3482 5545 ego
3527 5475 3703 5529 virum

2135 5581 2375 5637 gravem,
2412 5565 2754 5634 vanitatique
2784 5565 3243 5629 infensissimum,
3288 5564 3355 5619 ad
3390 5565 3505 5619 haec
3534 5564 3702 5619 etiam

2136 5658 2478 5726 religiosum,
2526 5657 2752 5712 mentiri
2810 5673 2919 5711 non
2973 5667 3125 5727 puto.
3181 5658 3426 5722 insulas,
3482 5656 3703 5727 oppida,

2137 5750 2357 5804 castella
2394 5749 2674 5820 inopibus
2721 5749 2836 5804 suis
2880 5758 3152 5805 recenset.
3203 5748 3497 5805 Pecuniam
3545 5763 3700 5808 sane.
