  <div class='ocr_page' id='page_1' title='image "/cluster/home/n/w/nwhite01/storage/ocr_20150623/153/mdp.39015078384727/024.png"; bbox 0 0 4106 6292; ppageno 0'>
   <div class='ocr_carea' id='block_1_1' title="bbox 385 367 3637 449">
    <p class='ocr_par' dir='ltr' id='par_1_1' title="bbox 385 367 3637 449">
     <span class='ocr_line' id='line_1_1' title="bbox 385 367 3637 449; baseline -0.001 -1"><span class='ocrx_word' id='word_1_1' title='bbox 385 385 455 449; x_wconf 75' lang='lat'><strong>33</strong></span> <span class='ocrx_word' id='word_1_2' title='bbox 1715 367 2310 442; x_wconf 64' lang='lat' dir='ltr'><strong>macedoniam.</strong></span> <span class='ocrx_word' id='word_1_3' title='bbox 3563 382 3637 446; x_wconf 68' lang='lat' dir='ltr'><strong>at</strong></span> 
     </span>
    </p>
   </div>
   <div class='ocr_carea' id='block_1_2' title="bbox 386 497 1962 572">
    <p class='ocr_par' dir='ltr' id='par_1_2' title="bbox 386 497 1962 572">
     <span class='ocr_line' id='line_1_2' title="bbox 386 497 1962 572; baseline -0.004 -16"><span class='ocrx_word' id='word_1_4' title='bbox 386 517 550 572; x_wconf 82' lang='lat' dir='ltr'><strong>quam</strong></span> <span class='ocrx_word' id='word_1_5' title='bbox 607 498 878 568; x_wconf 82' lang='lat' dir='ltr'><strong>Byzantii,</strong></span> <span class='ocrx_word' id='word_1_6' title='bbox 925 509 981 555; x_wconf 91' lang='lat' dir='ltr'><strong>et</strong></span> <span class='ocrx_word' id='word_1_7' title='bbox 1017 501 1072 554; x_wconf 89' lang='lat' dir='ltr'><strong>in</strong></span> <span class='ocrx_word' id='word_1_8' title='bbox 1106 499 1228 554; x_wconf 87' lang='lat' dir='ltr'><strong>aliis</strong></span> <span class='ocrx_word' id='word_1_9' title='bbox 1263 497 1494 553; x_wconf 82' lang='lat' dir='ltr'><strong>urbibus</strong></span> <span class='ocrx_word' id='word_1_10' title='bbox 1542 497 1640 567; x_wconf 52' lang='lat' dir='ltr'><strong>per&quot;</strong></span> <span class='ocrx_word' id='word_1_11' title='bbox 1676 498 1962 552; x_wconf 81' lang='lat' dir='ltr'><strong>Thraciam</strong></span> 
     </span>
    </p>
   </div>
   <div class='ocr_carea' id='block_1_3' title="bbox 383 585 1957 658">
    <p class='ocr_par' dir='ltr' id='par_1_3' title="bbox 383 585 1957 658">
     <span class='ocr_line' id='line_1_3' title="bbox 383 585 1957 658; baseline -0.004 -15"><span class='ocrx_word' id='word_1_12' title='bbox 383 593 531 658; x_wconf 74' lang='lat' dir='ltr'><strong>apud</strong></span> <span class='ocrx_word' id='word_1_13' title='bbox 579 589 789 641; x_wconf 88' lang='lat' dir='ltr'><strong>amicos</strong></span> <span class='ocrx_word' id='word_1_14' title='bbox 827 586 1142 656; x_wconf 90' lang='lat' dir='ltr'><strong>.depositam</strong></span> <span class='ocrx_word' id='word_1_15' title='bbox 1205 586 1445 640; x_wconf 83' lang='lat' dir='ltr'><strong>habebat</strong></span> <span class='ocrx_word' id='word_1_16' title='bbox 1470 626 1485 650; x_wconf 90' lang='lat'><strong>,</strong></span> <span class='ocrx_word' id='word_1_17' title='bbox 1521 601 1621 639; x_wconf 86' lang='lat' dir='ltr'><strong>nec</strong></span> <span class='ocrx_word' id='word_1_18' title='bbox 1652 585 1753 653; x_wconf 86' lang='lat' dir='ltr'><strong>ipsi</strong></span> <span class='ocrx_word' id='word_1_19' title='bbox 1784 625 1798 646; x_wconf 92' lang='lat'><strong>,</strong></span> <span class='ocrx_word' id='word_1_20' title='bbox 1866 585 1957 652; x_wconf 73' lang='lat' dir='ltr'><strong>qui</strong></span> 
     </span>
    </p>
   </div>
   <div class='ocr_carea' id='block_1_4' title="bbox 387 677 1958 747">
    <p class='ocr_par' dir='ltr' id='par_1_4' title="bbox 387 677 1958 747">
     <span class='ocr_line' id='line_1_4' title="bbox 387 677 1958 747; baseline -0.004 -13"><span class='ocrx_word' id='word_1_21' title='bbox 387 679 636 734; x_wconf 88' lang='lat' dir='ltr'><strong>eamdem</strong></span> <span class='ocrx_word' id='word_1_22' title='bbox 671 678 1060 747; x_wconf 51' lang='lat' dir='ltr'><strong>.diripuerunt,</strong></span> <span class='ocrx_word' id='word_1_23' title='bbox 1097 677 1326 740; x_wconf 89' lang='lat' dir='ltr'><strong>inimici,</strong></span> <span class='ocrx_word' id='word_1_24' title='bbox 1370 691 1532 744; x_wconf 86' lang='lat' dir='ltr'><strong>quam</strong></span> <span class='ocrx_word' id='word_1_25' title='bbox 1565 692 1755 745; x_wconf 80' lang='lat' dir='ltr'><strong>magna</strong></span> <span class='ocrx_word' id='word_1_26' title='bbox 1796 685 1958 738; x_wconf 89' lang='lat' dir='ltr'><strong>esset,</strong></span> 
     </span>
    </p>
   </div>
   <div class='ocr_carea' id='block_1_5' title="bbox 389 767 1961 840">
    <p class='ocr_par' dir='ltr' id='par_1_5' title="bbox 389 767 1961 840">
     <span class='ocr_line' id='line_1_5' title="bbox 389 767 1961 840; baseline -0.002 -16"><span class='ocrx_word' id='word_1_27' title='bbox 389 786 490 840; x_wconf 92' lang='lat' dir='ltr'><strong>pro</strong></span> <span class='ocrx_word' id='word_1_28' title='bbox 519 778 672 824; x_wconf 90' lang='lat' dir='ltr'><strong>certo</strong></span> <span class='ocrx_word' id='word_1_29' title='bbox 722 771 945 823; x_wconf 80' lang='lat' dir='ltr'><strong>novisse</strong></span> <span class='ocrx_word' id='word_1_30' title='bbox 976 778 1300 838; x_wconf 79' lang='lat' dir='ltr'><strong>potuerunt.</strong></span> <span class='ocrx_word' id='word_1_31' title='bbox 1343 767 1558 830; x_wconf 83' lang='lat' dir='ltr'><strong>Tritici,</strong></span> <span class='ocrx_word' id='word_1_32' title='bbox 1598 768 1812 832; x_wconf 82' lang='lat' dir='ltr'><strong>hordei,</strong></span> <span class='ocrx_word' id='word_1_33' title='bbox 1845 768 1961 821; x_wconf 87' lang='lat' dir='ltr'><strong>fru-</strong></span> 
     </span>
    </p>
   </div>
   <div class='ocr_carea' id='block_1_6' title="bbox 389 848 1962 930">
    <p class='ocr_par' dir='ltr' id='par_1_6' title="bbox 389 848 1962 930">
     <span class='ocr_line' id='line_1_6' title="bbox 389 848 1962 930; baseline -0.001 -16"><span class='ocrx_word' id='word_1_34' title='bbox 389 876 520 930; x_wconf 73' lang='lat' dir='ltr'><strong>gum</strong></span> <span class='ocrx_word' id='word_1_35' title='bbox 551 859 938 928; x_wconf 88' lang='lat' dir='ltr'><strong>fructuumque</strong></span> <span class='ocrx_word' id='word_1_36' title='bbox 1000 860 1214 914; x_wconf 82' lang='lat' dir='ltr'><strong>infinita</strong></span> <span class='ocrx_word' id='word_1_37' title='bbox 1256 859 1333 914; x_wconf 90' lang='lat' dir='ltr'><strong>illi</strong></span> <span class='ocrx_word' id='word_1_38' title='bbox 1375 848 1962 928; x_wconf 50' lang='lat' dir='ltr'><strong>cupia,&#39;innumerabi-</strong></span> 
     </span>
    </p>
   </div>
   <div class='ocr_carea' id='block_1_7' title="bbox 391 951 1963 1022">
    <p class='ocr_par' dir='ltr' id='par_1_7' title="bbox 391 951 1963 1022">
     <span class='ocr_line' id='line_1_7' title="bbox 391 951 1963 1022; baseline 0.002 -17"><span class='ocrx_word' id='word_1_39' title='bbox 391 951 474 1005; x_wconf 98' lang='lat' dir='ltr'><strong>les</strong></span> <span class='ocrx_word' id='word_1_40' title='bbox 518 952 730 1005; x_wconf 79' lang='lat' dir='ltr'><strong>acervi.</strong></span> <span class='ocrx_word' id='word_1_41' title='bbox 787 951 960 1004; x_wconf 89' lang='lat' dir='ltr'><strong>Boum</strong></span> <span class='ocrx_word' id='word_1_42' title='bbox 1022 952 1360 1021; x_wconf 86' lang='lat' dir='ltr'><strong>pascualium</strong></span> <span class='ocrx_word' id='word_1_43' title='bbox 1412 964 1666 1007; x_wconf 82' lang='lat' dir='ltr'><strong>numerat</strong></span> <span class='ocrx_word' id='word_1_44' title='bbox 1719 953 1963 1022; x_wconf 78' lang='lat' dir='ltr'><strong>quinque</strong></span> 
     </span>
    </p>
   </div>
   <div class='ocr_carea' id='block_1_8' title="bbox 392 1041 1962 1112">
    <p class='ocr_par' dir='ltr' id='par_1_8' title="bbox 392 1041 1962 1112">
     <span class='ocr_line' id='line_1_8' title="bbox 392 1041 1962 1112; baseline 0.001 -17"><span class='ocrx_word' id='word_1_45' title='bbox 392 1041 590 1105; x_wconf 84' lang='lat' dir='ltr'><strong>millia,</strong></span> <span class='ocrx_word' id='word_1_46' title='bbox 615 1044 1044 1112; x_wconf 79' lang='lat' dir='ltr'><strong>aratorumjuga</strong></span> <span class='ocrx_word' id='word_1_47' title='bbox 1088 1043 1261 1105; x_wconf 89' lang='lat' dir='ltr'><strong>mille,</strong></span> <span class='ocrx_word' id='word_1_48' title='bbox 1292 1058 1466 1111; x_wconf 87' lang='lat' dir='ltr'><strong>equas</strong></span> <span class='ocrx_word' id='word_1_49' title='bbox 1495 1044 1783 1112; x_wconf 85' lang='lat' dir='ltr'><strong>pascuales</strong></span> <span class='ocrx_word' id='word_1_50' title='bbox 1813 1043 1962 1097; x_wconf 89' lang='lat' dir='ltr'><strong>mille</strong></span> 
     </span>
    </p>
   </div>
   <div class='ocr_carea' id='block_1_9' title="bbox 391 1134 1960 1202">
    <p class='ocr_par' dir='ltr' id='par_1_9' title="bbox 391 1134 1960 1202">
     <span class='ocr_line' id='line_1_9' title="bbox 391 1134 1960 1202; baseline 0 -15"><span class='ocrx_word' id='word_1_51' title='bbox 391 1134 743 1202; x_wconf 73' lang='lat' dir='ltr'><strong>quingentas,</strong></span> <span class='ocrx_word' id='word_1_52' title='bbox 791 1134 1034 1187; x_wconf 86' lang='lat' dir='ltr'><strong>camelos</strong></span> <span class='ocrx_word' id='word_1_53' title='bbox 1077 1135 1372 1196; x_wconf 89' lang='lat' dir='ltr'><strong>ducentos,</strong></span> <span class='ocrx_word' id='word_1_54' title='bbox 1421 1134 1608 1188; x_wconf 83' lang='lat' dir='ltr'><strong>mulos</strong></span> <span class='ocrx_word' id='word_1_55' title='bbox 1663 1143 1960 1198; x_wconf 81' lang='lat' dir='ltr'><strong>trecentos,</strong></span> 
     </span>
    </p>
   </div>
   <div class='ocr_carea' id='block_1_10' title="bbox 391 1225 1962 1294">
    <p class='ocr_par' dir='ltr' id='par_1_10' title="bbox 391 1225 1962 1294">
     <span class='ocr_line' id='line_1_10' title="bbox 391 1225 1962 1294; baseline 0 -17"><span class='ocrx_word' id='word_1_56' title='bbox 391 1225 576 1280; x_wconf 89' lang='lat' dir='ltr'><strong>asinos</strong></span> <span class='ocrx_word' id='word_1_57' title='bbox 610 1226 962 1293; x_wconf 81' lang='lat' dir='ltr'><strong>quingentos,</strong></span> <span class='ocrx_word' id='word_1_58' title='bbox 995 1239 1292 1293; x_wconf 86' lang='lat' dir='ltr'><strong>porcorum</strong></span> <span class='ocrx_word' id='word_1_59' title='bbox 1325 1225 1749 1294; x_wconf 80' lang='lat' dir='ltr'><strong>quinquaginta,</strong></span> <span class='ocrx_word' id='word_1_60' title='bbox 1777 1225 1962 1278; x_wconf 90' lang='lat' dir='ltr'><strong>ovium</strong></span> 
     </span>
    </p>
   </div>
   <div class='ocr_carea' id='block_1_11' title="bbox 392 1315 1964 1386">
    <p class='ocr_par' dir='ltr' id='par_1_11' title="bbox 392 1315 1964 1386">
     <span class='ocr_line' id='line_1_11' title="bbox 392 1315 1964 1386; baseline 0.001 -18"><span class='ocrx_word' id='word_1_61' title='bbox 392 1316 746 1385; x_wconf 78' lang='lat' dir='ltr'><strong>septuaginta</strong></span> <span class='ocrx_word' id='word_1_62' title='bbox 790 1316 982 1369; x_wconf 85' lang='lat' dir='ltr'><strong>millia.</strong></span> <span class='ocrx_word' id='word_1_63' title='bbox 1015 1315 1085 1370; x_wconf 89' lang='lat' dir='ltr'><strong>Ut</strong></span> <span class='ocrx_word' id='word_1_64' title='bbox 1113 1316 1225 1386; x_wconf 90' lang='lat' dir='ltr'><strong>jam</strong></span> <span class='ocrx_word' id='word_1_65' title='bbox 1261 1331 1368 1369; x_wconf 91' lang='lat' dir='ltr'><strong>non</strong></span> <span class='ocrx_word' id='word_1_66' title='bbox 1401 1315 1493 1380; x_wconf 89' lang='lat' dir='ltr'><strong>sit,</strong></span> <span class='ocrx_word' id='word_1_67' title='bbox 1522 1331 1621 1372; x_wconf 89' lang='lat' dir='ltr'><strong>cur</strong></span> <span class='ocrx_word' id='word_1_68' title='bbox 1662 1330 1852 1385; x_wconf 78' lang='lat' dir='ltr'><strong>greges</strong></span> <span class='ocrx_word' id='word_1_69' title='bbox 1907 1324 1964 1370; x_wconf 88' lang='lat' dir='ltr'><strong>et</strong></span> 
     </span>
    </p>
   </div>
   <div class='ocr_carea' id='block_1_12' title="bbox 391 1403 1963 1473">
    <p class='ocr_par' dir='ltr' id='par_1_12' title="bbox 391 1403 1963 1473">
     <span class='ocr_line' id='line_1_12' title="bbox 391 1403 1963 1473; baseline -0.002 -14"><span class='ocrx_word' id='word_1_70' title='bbox 391 1413 640 1460; x_wconf 87' lang='lat' dir='ltr'><strong>armenta</strong></span> <span class='ocrx_word' id='word_1_71' title='bbox 667 1406 816 1460; x_wconf 90' lang='lat' dir='ltr'><strong>illius</strong></span> <span class='ocrx_word' id='word_1_72' title='bbox 854 1403 958 1459; x_wconf 84' lang='lat' dir='ltr'><strong>Job</strong></span> <span class='ocrx_word' id='word_1_73' title='bbox 986 1406 1269 1459; x_wconf 85' lang='lat' dir='ltr'><strong>miremur.</strong></span> <span class='ocrx_word' id='word_1_74' title='bbox 1304 1405 1500 1458; x_wconf 76' lang='lat' dir='ltr'><strong>Verum</strong></span> <span class='ocrx_word' id='word_1_75' title='bbox 1537 1406 1641 1459; x_wconf 89' lang='lat' dir='ltr'><strong>iste</strong></span> <span class='ocrx_word' id='word_1_76' title='bbox 1676 1403 1820 1473; x_wconf 87' lang='lat' dir='ltr'><strong>apud</strong></span> <span class='ocrx_word' id='word_1_77' title='bbox 1864 1419 1963 1456; x_wconf 66' lang='lat' dir='ltr'><strong>ur~</strong></span> 
     </span>
    </p>
   </div>
   <div class='ocr_carea' id='block_1_13' title="bbox 391 1493 1963 1566">
    <p class='ocr_par' dir='ltr' id='par_1_13' title="bbox 391 1493 1963 1566">
     <span class='ocr_line' id='line_1_13' title="bbox 391 1493 1963 1566; baseline -0.002 -15"><span class='ocrx_word' id='word_1_78' title='bbox 391 1497 492 1551; x_wconf 88' lang='lat' dir='ltr'><strong>bes</strong></span> <span class='ocrx_word' id='word_1_79' title='bbox 529 1497 777 1552; x_wconf 62' lang='lat' dir='ltr'><strong>Thracia</strong></span> <span class='ocrx_word' id='word_1_80' title='bbox 802 1513 912 1551; x_wconf 91' lang='lat' dir='ltr'><strong>non</strong></span> <span class='ocrx_word' id='word_1_81' title='bbox 944 1511 1130 1560; x_wconf 90' lang='lat' dir='ltr'><strong>unam,</strong></span> <span class='ocrx_word' id='word_1_82' title='bbox 1165 1497 1261 1551; x_wconf 89' lang='lat' dir='ltr'><strong>sed</strong></span> <span class='ocrx_word' id='word_1_83' title='bbox 1310 1497 1498 1564; x_wconf 91' lang='lat' dir='ltr'><strong>plures</strong></span> <span class='ocrx_word' id='word_1_84' title='bbox 1527 1496 1791 1566; x_wconf 84' lang='lat' dir='ltr'><strong>possedit.</strong></span> <span class='ocrx_word' id='word_1_85' title='bbox 1827 1493 1963 1549; x_wconf 85' lang='lat' dir='ltr'><strong>Vide</strong></span> 
     </span>
    </p>
   </div>
   <div class='ocr_carea' id='block_1_14' title="bbox 391 1586 1963 1658">
    <p class='ocr_par' dir='ltr' id='par_1_14' title="bbox 391 1586 1963 1658">
     <span class='ocr_line' id='line_1_14' title="bbox 391 1586 1963 1658; baseline -0.001 -17"><span class='ocrx_word' id='word_1_86' title='bbox 391 1588 491 1643; x_wconf 88' lang='lat' dir='ltr'><strong>lib.</strong></span> <span class='ocrx_word' id='word_1_87' title='bbox 530 1605 612 1653; x_wconf 86' lang='grc' dir='ltr'><strong>ιιι,</strong></span> <span class='ocrx_word' id='word_1_88' title='bbox 637 1604 761 1658; x_wconf 88' lang='lat' dir='ltr'><strong>cap.</strong></span> <span class='ocrx_word' id='word_1_89' title='bbox 795 1590 890 1654; x_wconf 69' lang='lat'><strong>24,</strong></span> <span class='ocrx_word' id='word_1_90' title='bbox 935 1589 1028 1642; x_wconf 89' lang='lat' dir='ltr'><strong>ubi</strong></span> <span class='ocrx_word' id='word_1_91' title='bbox 1054 1589 1150 1651; x_wconf 87' lang='lat' dir='ltr'><strong>ait,</strong></span> <span class='ocrx_word' id='word_1_92' title='bbox 1177 1589 1280 1643; x_wconf 87' lang='lat' dir='ltr'><strong>sibi</strong></span> <span class='ocrx_word' id='word_1_93' title='bbox 1307 1598 1421 1642; x_wconf 90' lang='lat' dir='ltr'><strong>toto</strong></span> <span class='ocrx_word' id='word_1_94' title='bbox 1440 1587 1675 1657; x_wconf 88' lang='lat' dir='ltr'><strong>imperio</strong></span> <span class='ocrx_word' id='word_1_95' title='bbox 1716 1586 1963 1641; x_wconf 80' lang='lat' dir='ltr'><strong>Romano</strong></span> 
     </span>
    </p>
   </div>
   <div class='ocr_carea' id='block_1_15' title="bbox 391 1676 1962 1748">
    <p class='ocr_par' dir='ltr' id='par_1_15' title="bbox 391 1676 1962 1748">
     <span class='ocr_line' id='line_1_15' title="bbox 391 1676 1962 1748; baseline -0.001 -16"><span class='ocrx_word' id='word_1_96' title='bbox 391 1695 631 1748; x_wconf 89' lang='lat' dir='ltr'><strong>sparsas,</strong></span> <span class='ocrx_word' id='word_1_97' title='bbox 665 1694 870 1748; x_wconf 89' lang='lat' dir='ltr'><strong>easque</strong></span> <span class='ocrx_word' id='word_1_98' title='bbox 916 1681 1211 1734; x_wconf 84' lang='lat' dir='ltr'><strong>immensas</strong></span> <span class='ocrx_word' id='word_1_99' title='bbox 1257 1679 1445 1748; x_wconf 90' lang='lat' dir='ltr'><strong>copias</strong></span> <span class='ocrx_word' id='word_1_100' title='bbox 1486 1689 1651 1747; x_wconf 84' lang='lat' dir='ltr'><strong>atque</strong></span> <span class='ocrx_word' id='word_1_101' title='bbox 1697 1692 1850 1747; x_wconf 91' lang='lat' dir='ltr'><strong>opes.</strong></span> <span class='ocrx_word' id='word_1_102' title='bbox 1896 1676 1962 1730; x_wconf 89' lang='lat' dir='ltr'><strong>Et</strong></span> 
     </span>
    </p>
   </div>
   <div class='ocr_carea' id='block_1_16' title="bbox 392 1768 1959 1839">
    <p class='ocr_par' dir='ltr' id='par_1_16' title="bbox 392 1768 1959 1839">
     <span class='ocr_line' id='line_1_16' title="bbox 392 1768 1959 1839; baseline -0.001 -17"><span class='ocrx_word' id='word_1_103' title='bbox 392 1771 454 1823; x_wconf 77' lang='grc'><strong>51</strong></span> <span class='ocrx_word' id='word_1_104' title='bbox 487 1779 541 1824; x_wconf 91' lang='lat' dir='ltr'><strong>et</strong></span> <span class='ocrx_word' id='word_1_105' title='bbox 569 1773 657 1824; x_wconf 75' lang='grc'><strong>56.</strong></span> <span class='ocrx_word' id='word_1_106' title='bbox 683 1770 1066 1839; x_wconf 86' lang='lat' dir='ltr'><strong>Esupellectili</strong></span> <span class='ocrx_word' id='word_1_107' title='bbox 1091 1785 1254 1824; x_wconf 87' lang='lat' dir='ltr'><strong>aurea</strong></span> <span class='ocrx_word' id='word_1_108' title='bbox 1281 1779 1336 1824; x_wconf 91' lang='lat' dir='ltr'><strong>et</strong></span> <span class='ocrx_word' id='word_1_109' title='bbox 1361 1779 1621 1839; x_wconf 78' lang='lat' dir='ltr'><strong>argentea</strong></span> <span class='ocrx_word' id='word_1_110' title='bbox 1651 1784 1813 1836; x_wconf 87' lang='lat' dir='ltr'><strong>supra</strong></span> <span class='ocrx_word' id='word_1_111' title='bbox 1861 1768 1959 1821; x_wconf 90' lang='lat' dir='ltr'><strong>du-</strong></span> 
     </span>
    </p>
   </div>
   <div class='ocr_carea' id='block_1_17' title="bbox 394 1860 1967 1930">
    <p class='ocr_par' dir='ltr' id='par_1_17' title="bbox 394 1860 1967 1930">
     <span class='ocr_line' id='line_1_17' title="bbox 394 1860 1967 1930; baseline -0.003 -15"><span class='ocrx_word' id='word_1_112' title='bbox 394 1870 552 1915; x_wconf 82' lang='lat' dir='ltr'><strong>centa</strong></span> <span class='ocrx_word' id='word_1_113' title='bbox 569 1867 694 1916; x_wconf 85' lang='lat' dir='ltr'><strong>vasa</strong></span> <span class='ocrx_word' id='word_1_114' title='bbox 714 1870 904 1915; x_wconf 89' lang='lat' dir='ltr'><strong>mutuo</strong></span> <span class='ocrx_word' id='word_1_115' title='bbox 921 1861 1016 1914; x_wconf 90' lang='lat' dir='ltr'><strong>dat</strong></span> <span class='ocrx_word' id='word_1_116' title='bbox 1031 1861 1254 1930; x_wconf 86' lang='lat' dir='ltr'><strong>palatio,</strong></span> <span class='ocrx_word' id='word_1_117' title='bbox 1274 1861 1451 1930; x_wconf 86' lang='lat' dir='ltr'><strong>capite</strong></span> <span class='ocrx_word' id='word_1_118' title='bbox 1472 1860 1731 1915; x_wconf 86' lang='lat' dir='ltr'><strong>vicesimo</strong></span> <span class='ocrx_word' id='word_1_119' title='bbox 1752 1867 1967 1928; x_wconf 88' lang='lat' dir='ltr'><strong>quarto.</strong></span> 
     </span>
    </p>
   </div>
   <div class='ocr_carea' id='block_1_18' title="bbox 903 1952 1306 2022">
    <p class='ocr_par' dir='ltr' id='par_1_18' title="bbox 903 1952 1306 2022">
     <span class='ocr_line' id='line_1_18' title="bbox 903 1952 1306 2022; baseline 0.005 -20"><span class='ocrx_word' id='word_1_120' title='bbox 903 1990 928 2020; x_wconf 62' lang='grc'>,</span> <span class='ocrx_word' id='word_1_121' title='bbox 956 1996 976 2014; x_wconf 85' lang='grc'><em>,</em></span> <span class='ocrx_word' id='word_1_122' title='bbox 1091 1952 1306 2022; x_wconf 75' lang='lat' dir='ltr'><strong>Elegia.</strong></span> 
     </span>
    </p>
   </div>
   <div class='ocr_carea' id='block_1_19' title="bbox 464 2035 1967 2110">
    <p class='ocr_par' dir='ltr' id='par_1_19' title="bbox 464 2035 1967 2110">
     <span class='ocr_line' id='line_1_19' title="bbox 464 2035 1967 2110; baseline -0.003 -15"><span class='ocrx_word' id='word_1_123' title='bbox 464 2041 587 2096; x_wconf 90' lang='lat' dir='ltr'><strong>Lib.</strong></span> <span class='ocrx_word' id='word_1_124' title='bbox 615 2058 658 2107; x_wconf 83' lang='grc' dir='ltr'><strong>ι,</strong></span> <span class='ocrx_word' id='word_1_125' title='bbox 689 2057 813 2110; x_wconf 86' lang='lat' dir='ltr'><strong>cap.</strong></span> <span class='ocrx_word' id='word_1_126' title='bbox 850 2041 948 2104; x_wconf 76' lang='lat'><strong>58,</strong></span> <span class='ocrx_word' id='word_1_127' title='bbox 979 2039 1329 2094; x_wconf 83' lang='lat' dir='ltr'><strong>Andronicus</strong></span> <span class='ocrx_word' id='word_1_128' title='bbox 1357 2038 1543 2093; x_wconf 79' lang='lat' dir='ltr'><strong>senior</strong></span> <span class='ocrx_word' id='word_1_129' title='bbox 1578 2039 1696 2107; x_wconf 89' lang='lat' dir='ltr'><strong>ejus</strong></span> <span class='ocrx_word' id='word_1_130' title='bbox 1726 2035 1967 2106; x_wconf 82' lang='lat' dir='ltr'><strong>pruden—</strong></span> 
     </span>
    </p>
   </div>
   <div class='ocr_carea' id='block_1_20' title="bbox 396 2129 1966 2200">
    <p class='ocr_par' dir='ltr' id='par_1_20' title="bbox 396 2129 1966 2200">
     <span class='ocr_line' id='line_1_20' title="bbox 396 2129 1966 2200; baseline -0.003 -10"><span class='ocrx_word' id='word_1_131' title='bbox 396 2136 530 2190; x_wconf 72' lang='lat' dir='ltr'><strong>tiam</strong></span> <span class='ocrx_word' id='word_1_132' title='bbox 563 2136 617 2188; x_wconf 92' lang='lat' dir='ltr'><strong>in</strong></span> <span class='ocrx_word' id='word_1_133' title='bbox 644 2135 827 2189; x_wconf 90' lang='lat' dir='ltr'><strong>dando</strong></span> <span class='ocrx_word' id='word_1_134' title='bbox 843 2133 1080 2188; x_wconf 89' lang='lat' dir='ltr'><strong>consilio</strong></span> <span class='ocrx_word' id='word_1_135' title='bbox 1118 2132 1446 2195; x_wconf 86' lang='lat' dir='ltr'><strong>admiratur,</strong></span> <span class='ocrx_word' id='word_1_136' title='bbox 1477 2145 1647 2200; x_wconf 88' lang='lat' dir='ltr'><strong>seque</strong></span> <span class='ocrx_word' id='word_1_137' title='bbox 1675 2131 1730 2184; x_wconf 91' lang='lat' dir='ltr'><strong>in</strong></span> <span class='ocrx_word' id='word_1_138' title='bbox 1762 2129 1857 2183; x_wconf 91' lang='lat' dir='ltr'><strong>illo</strong></span> <span class='ocrx_word' id='word_1_139' title='bbox 1878 2129 1966 2186; x_wconf 82' lang='lat' dir='ltr'><strong>avi</strong></span> 
     </span>
    </p>
   </div>
   <div class='ocr_carea' id='block_1_21' title="bbox 399 2221 1969 2294">
    <p class='ocr_par' dir='ltr' id='par_1_21' title="bbox 399 2221 1969 2294">
     <span class='ocr_line' id='line_1_21' title="bbox 399 2221 1969 2294; baseline -0.003 -16"><span class='ocrx_word' id='word_1_140' title='bbox 399 2224 632 2278; x_wconf 79' lang='lat' dir='ltr'><strong>materni</strong></span> <span class='ocrx_word' id='word_1_141' title='bbox 673 2225 967 2294; x_wconf 74' lang='lat' dir='ltr'><strong>imaginem</strong></span> <span class='ocrx_word' id='word_1_142' title='bbox 1003 2223 1205 2278; x_wconf 86' lang='lat' dir='ltr'><strong>intueri</strong></span> <span class='ocrx_word' id='word_1_143' title='bbox 1235 2232 1535 2284; x_wconf 78' lang='lat' dir='ltr'><strong>asseverat,</strong></span> <span class='ocrx_word' id='word_1_144' title='bbox 1564 2222 1659 2291; x_wconf 88' lang='lat' dir='ltr'><strong>qui</strong></span> <span class='ocrx_word' id='word_1_145' title='bbox 1685 2231 1792 2275; x_wconf 89' lang='lat' dir='ltr'><strong>tam</strong></span> <span class='ocrx_word' id='word_1_146' title='bbox 1823 2221 1969 2275; x_wconf 58' lang='lat' dir='ltr'><strong>eele-</strong></span> 
     </span>
    </p>
   </div>
   <div class='ocr_carea' id='block_1_22' title="bbox 399 2311 1969 2392">
    <p class='ocr_par' dir='ltr' id='par_1_22' title="bbox 399 2311 1969 2392">
     <span class='ocr_line' id='line_1_22' title="bbox 399 2311 1969 2392; baseline -0.003 -23"><span class='ocrx_word' id='word_1_147' title='bbox 399 2320 533 2370; x_wconf 90' lang='lat' dir='ltr'><strong>riter</strong></span> <span class='ocrx_word' id='word_1_148' title='bbox 564 2314 911 2384; x_wconf 89' lang='lat' dir='ltr'><strong>arripuisset,</strong></span> <span class='ocrx_word' id='word_1_149' title='bbox 932 2323 1039 2368; x_wconf 91' lang='lat' dir='ltr'><strong>tam</strong></span> <span class='ocrx_word' id='word_1_150' title='bbox 1065 2322 1190 2383; x_wconf 87' lang='lat' dir='ltr'><strong>apte</strong></span> <span class='ocrx_word' id='word_1_151' title='bbox 1214 2315 1561 2381; x_wconf 80' lang='lat' dir='ltr'><strong>explicasset,</strong></span> <span class='ocrx_word' id='word_1_152' title='bbox 1579 2322 1646 2392; x_wconf 84' lang='lat' dir='ltr'><strong>et</strong></span> <span class='ocrx_word' id='word_1_153' title='bbox 1669 2311 1969 2382; x_wconf 89' lang='lat' dir='ltr'><strong>promptis-</strong></span> 
     </span>
    </p>
   </div>
   <div class='ocr_carea' id='block_1_23' title="bbox 383 2405 1967 2476">
    <p class='ocr_par' dir='ltr' id='par_1_23' title="bbox 383 2405 1967 2476">
     <span class='ocr_line' id='line_1_23' title="bbox 383 2405 1967 2476; baseline -0.004 -14"><span class='ocrx_word' id='word_1_154' title='bbox 383 2409 538 2462; x_wconf 56' lang='lat' dir='ltr'><strong>wsime</strong></span> <span class='ocrx_word' id='word_1_155' title='bbox 567 2408 942 2476; x_wconf 74' lang='lat' dir='ltr'><strong>transegisset,</strong></span> <span class='ocrx_word' id='word_1_156' title='bbox 987 2422 1111 2476; x_wconf 80' lang='lat' dir='ltr'><strong>quae</strong></span> <span class='ocrx_word' id='word_1_157' title='bbox 1137 2421 1225 2460; x_wconf 86' lang='lat' dir='ltr'><strong>res</strong></span> <span class='ocrx_word' id='word_1_158' title='bbox 1264 2405 1618 2475; x_wconf 84' lang='lat' dir='ltr'><strong>postulasset,</strong></span> <span class='ocrx_word' id='word_1_159' title='bbox 1644 2413 1706 2458; x_wconf 92' lang='lat' dir='ltr'><strong>ut</strong></span> <span class='ocrx_word' id='word_1_160' title='bbox 1755 2412 1967 2458; x_wconf 88' lang='lat' dir='ltr'><strong>statue-</strong></span> 
     </span>
    </p>
   </div>
   <div class='ocr_carea' id='block_1_24' title="bbox 402 2495 1964 2564">
    <p class='ocr_par' dir='ltr' id='par_1_24' title="bbox 402 2495 1964 2564">
     <span class='ocr_line' id='line_1_24' title="bbox 402 2495 1964 2564; baseline -0.003 -15"><span class='ocrx_word' id='word_1_161' title='bbox 402 2497 494 2557; x_wconf 87' lang='lat' dir='ltr'><strong>rit,</strong></span> <span class='ocrx_word' id='word_1_162' title='bbox 527 2495 571 2548; x_wconf 93' lang='lat' dir='ltr'><strong>si</strong></span> <span class='ocrx_word' id='word_1_163' title='bbox 629 2496 841 2564; x_wconf 85' lang='lat' dir='ltr'><strong>absque</strong></span> <span class='ocrx_word' id='word_1_164' title='bbox 898 2510 1225 2549; x_wconf 88' lang='lat' dir='ltr'><strong>successore</strong></span> <span class='ocrx_word' id='word_1_165' title='bbox 1260 2511 1325 2549; x_wconf 81' lang='lat' dir='ltr'><strong>ex</strong></span> <span class='ocrx_word' id='word_1_166' title='bbox 1362 2509 1421 2548; x_wconf 89' lang='lat' dir='ltr'><strong>se</strong></span> <span class='ocrx_word' id='word_1_167' title='bbox 1469 2502 1598 2549; x_wconf 89' lang='lat' dir='ltr'><strong>nato</strong></span> <span class='ocrx_word' id='word_1_168' title='bbox 1629 2503 1964 2558; x_wconf 89' lang='lat' dir='ltr'><strong>moreretur,</strong></span> 
     </span>
    </p>
   </div>
   <div class='ocr_carea' id='block_1_25' title="bbox 403 2585 1966 2654">
    <p class='ocr_par' dir='ltr' id='par_1_25' title="bbox 403 2585 1966 2654">
     <span class='ocr_line' id='line_1_25' title="bbox 403 2585 1966 2654; baseline -0.001 -14"><span class='ocrx_word' id='word_1_169' title='bbox 403 2588 637 2640; x_wconf 89' lang='lat' dir='ltr'><strong>suadere</strong></span> <span class='ocrx_word' id='word_1_170' title='bbox 669 2587 1013 2654; x_wconf 84' lang='lat' dir='ltr'><strong>proceribus,</strong></span> <span class='ocrx_word' id='word_1_171' title='bbox 1044 2587 1202 2640; x_wconf 92' lang='lat' dir='ltr'><strong>illum</strong></span> <span class='ocrx_word' id='word_1_172' title='bbox 1242 2596 1372 2642; x_wconf 90' lang='lat' dir='ltr'><strong>ante</strong></span> <span class='ocrx_word' id='word_1_173' title='bbox 1402 2586 1538 2640; x_wconf 91' lang='lat' dir='ltr'><strong>alios</strong></span> <span class='ocrx_word' id='word_1_174' title='bbox 1577 2585 1966 2654; x_wconf 88' lang='lat' dir='ltr'><strong>imperatorem</strong></span> 
     </span>
    </p>
   </div>
   <div class='ocr_carea' id='block_1_26' title="bbox 402 2675 1968 2747">
    <p class='ocr_par' dir='ltr' id='par_1_26' title="bbox 402 2675 1968 2747">
     <span class='ocr_line' id='line_1_26' title="bbox 402 2675 1968 2747; baseline -0.001 -17"><span class='ocrx_word' id='word_1_175' title='bbox 402 2675 736 2745; x_wconf 77' lang='lat' dir='ltr'><strong>eligendum.</strong></span> <span class='ocrx_word' id='word_1_176' title='bbox 801 2677 1211 2730; x_wconf 76' lang='lat' dir='ltr'><strong>Animadvertis</strong></span> <span class='ocrx_word' id='word_1_177' title='bbox 1279 2676 1448 2747; x_wconf 76' lang='lat' dir='ltr'><strong>igitur</strong></span> <span class='ocrx_word' id='word_1_178' title='bbox 1523 2675 1968 2731; x_wconf 85' lang='lat' dir='ltr'><strong>Cantacuzenum</strong></span> 
     </span>
    </p>
   </div>
   <div class='ocr_carea' id='block_1_27' title="bbox 404 2767 2051 2837">
    <p class='ocr_par' dir='ltr' id='par_1_27' title="bbox 404 2767 2051 2837">
     <span class='ocr_line' id='line_1_27' title="bbox 404 2767 2051 2837; baseline -0.001 -17"><span class='ocrx_word' id='word_1_179' title='bbox 404 2767 637 2835; x_wconf 88' lang='lat' dir='ltr'><strong>imperio</strong></span> <span class='ocrx_word' id='word_1_180' title='bbox 659 2767 884 2836; x_wconf 79' lang='lat' dir='ltr'><strong>dignum</strong></span> <span class='ocrx_word' id='word_1_181' title='bbox 905 2769 1232 2837; x_wconf 86' lang='lat' dir='ltr'><strong>judicatum,</strong></span> <span class='ocrx_word' id='word_1_182' title='bbox 1263 2769 1308 2821; x_wconf 91' lang='lat' dir='ltr'><strong>si</strong></span> <span class='ocrx_word' id='word_1_183' title='bbox 1341 2781 1504 2821; x_wconf 85' lang='lat' dir='ltr'><strong>avum</strong></span> <span class='ocrx_word' id='word_1_184' title='bbox 1535 2767 1654 2835; x_wconf 87' lang='lat' dir='ltr'><strong>ejus</strong></span> <span class='ocrx_word' id='word_1_185' title='bbox 1677 2767 1967 2836; x_wconf 81' lang='lat' dir='ltr'><strong>judicavit,</strong></span> <span class='ocrx_word' id='word_1_186' title='bbox 2045 2781 2051 2787; x_wconf 83' lang='grc'>·</span> 
     </span>
    </p>
   </div>
   <div class='ocr_carea' id='block_1_28' title="bbox 403 2857 1968 2927">
    <p class='ocr_par' dir='ltr' id='par_1_28' title="bbox 403 2857 1968 2927">
     <span class='ocr_line' id='line_1_28' title="bbox 403 2857 1968 2927; baseline 0.001 -17"><span class='ocrx_word' id='word_1_187' title='bbox 403 2858 562 2926; x_wconf 88' lang='lat' dir='ltr'><strong>cujus</strong></span> <span class='ocrx_word' id='word_1_188' title='bbox 596 2857 650 2910; x_wconf 92' lang='lat' dir='ltr'><strong>in</strong></span> <span class='ocrx_word' id='word_1_189' title='bbox 707 2858 827 2927; x_wconf 88' lang='lat' dir='ltr'><strong>ipso</strong></span> <span class='ocrx_word' id='word_1_190' title='bbox 876 2872 1196 2926; x_wconf 78' lang='lat' dir='ltr'><strong>expressum</strong></span> <span class='ocrx_word' id='word_1_191' title='bbox 1244 2872 1305 2912; x_wconf 91' lang='lat' dir='ltr'><strong>se</strong></span> <span class='ocrx_word' id='word_1_192' title='bbox 1355 2857 1559 2912; x_wconf 89' lang='lat' dir='ltr'><strong>intueri</strong></span> <span class='ocrx_word' id='word_1_193' title='bbox 1612 2857 1968 2912; x_wconf 88' lang='lat' dir='ltr'><strong>simulacrum</strong></span> 
     </span>
    </p>
   </div>
   <div class='ocr_carea' id='block_1_29' title="bbox 401 2945 825 3002">
    <p class='ocr_par' dir='ltr' id='par_1_29' title="bbox 401 2945 825 3002">
     <span class='ocr_line' id='line_1_29' title="bbox 401 2945 825 3002; baseline -0.005 -1"><span class='ocrx_word' id='word_1_194' title='bbox 401 2945 692 3002; x_wconf 84' lang='lat' dir='ltr'><strong>confessus</strong></span> <span class='ocrx_word' id='word_1_195' title='bbox 720 2957 825 3001; x_wconf 77' lang='lat' dir='ltr'><strong>est.</strong></span> 
     </span>
    </p>
   </div>
   <div class='ocr_carea' id='block_1_30' title="bbox 473 3036 1969 3107">
    <p class='ocr_par' dir='ltr' id='par_1_30' title="bbox 473 3036 1969 3107">
     <span class='ocr_line' id='line_1_30' title="bbox 473 3036 1969 3107; baseline 0.001 -16"><span class='ocrx_word' id='word_1_196' title='bbox 473 3037 766 3107; x_wconf 76' lang='lat' dir='ltr'><strong>Gregoras,</strong></span> <span class='ocrx_word' id='word_1_197' title='bbox 800 3037 943 3092; x_wconf 90' lang='lat' dir='ltr'><strong>libro</strong></span> <span class='ocrx_word' id='word_1_198' title='bbox 997 3052 1144 3092; x_wconf 89' lang='lat' dir='ltr'><strong>nono</strong></span> <span class='ocrx_word' id='word_1_199' title='bbox 1170 3075 1186 3102; x_wconf 90' lang='lat'><strong>,</strong></span> <span class='ocrx_word' id='word_1_200' title='bbox 1250 3037 1320 3093; x_wconf 87' lang='lat' dir='ltr'><strong>de</strong></span> <span class='ocrx_word' id='word_1_201' title='bbox 1374 3036 1568 3093; x_wconf 90' lang='lat' dir='ltr'><strong>eodem</strong></span> <span class='ocrx_word' id='word_1_202' title='bbox 1598 3053 1612 3091; x_wconf 91' lang='lat'><strong>:</strong></span> <span class='ocrx_word' id='word_1_203' title='bbox 1649 3036 1838 3092; x_wconf 67' lang='lat' dir='ltr'><strong>Ceteri</strong></span> <span class='ocrx_word' id='word_1_204' title='bbox 1871 3037 1969 3092; x_wconf 88' lang='lat' dir='ltr'><strong>illa</strong></span> 
     </span>
    </p>
   </div>
   <div class='ocr_carea' id='block_1_31' title="bbox 402 3126 1967 3197">
    <p class='ocr_par' dir='ltr' id='par_1_31' title="bbox 402 3126 1967 3197">
     <span class='ocr_line' id='line_1_31' title="bbox 402 3126 1967 3197; baseline 0.001 -16"><span class='ocrx_word' id='word_1_205' title='bbox 402 3128 697 3182; x_wconf 80' lang='lat' dir='ltr'><strong>mutatione</strong></span> <span class='ocrx_word' id='word_1_206' title='bbox 718 3126 857 3181; x_wconf 76' lang='lat' dir='ltr'><strong>velut</strong></span> <span class='ocrx_word' id='word_1_207' title='bbox 892 3126 1056 3181; x_wconf 88' lang='lat' dir='ltr'><strong>multo</strong></span> <span class='ocrx_word' id='word_1_208' title='bbox 1085 3143 1228 3182; x_wconf 85' lang='lat' dir='ltr'><strong>mero</strong></span> <span class='ocrx_word' id='word_1_209' title='bbox 1260 3127 1394 3182; x_wconf 88' lang='lat' dir='ltr'><strong>ebrii</strong></span> <span class='ocrx_word' id='word_1_210' title='bbox 1421 3127 1710 3182; x_wconf 77' lang='lat' dir='ltr'><strong>insolenter</strong></span> <span class='ocrx_word' id='word_1_211' title='bbox 1749 3128 1967 3197; x_wconf 89' lang='lat' dir='ltr'><strong>fortuna</strong></span> 
     </span>
    </p>
   </div>
   <div class='ocr_carea' id='block_1_32' title="bbox 2069 494 3642 564">
    <p class='ocr_par' dir='ltr' id='par_1_32' title="bbox 2069 494 3642 564">
     <span class='ocr_line' id='line_1_32' title="bbox 2069 494 3642 564; baseline 0.002 -15"><span class='ocrx_word' id='word_1_212' title='bbox 2069 507 2188 550; x_wconf 88' lang='lat' dir='ltr'><strong>sunt</strong></span> <span class='ocrx_word' id='word_1_213' title='bbox 2210 498 2380 552; x_wconf 85' lang='lat' dir='ltr'><strong>abusi.</strong></span> <span class='ocrx_word' id='word_1_214' title='bbox 2417 495 2518 549; x_wconf 86' lang='lat' dir='ltr'><strong>Ille</strong></span> <span class='ocrx_word' id='word_1_215' title='bbox 2563 503 2775 558; x_wconf 86' lang='lat' dir='ltr'><strong>contra,</strong></span> <span class='ocrx_word' id='word_1_216' title='bbox 2821 494 3062 550; x_wconf 76' lang='lat' dir='ltr'><strong>naturali</strong></span> <span class='ocrx_word' id='word_1_217' title='bbox 3101 497 3404 564; x_wconf 77' lang='lat' dir='ltr'><strong>prudentia,</strong></span> <span class='ocrx_word' id='word_1_218' title='bbox 3434 506 3482 551; x_wconf 84' lang='lat' dir='ltr'><strong>et</strong></span> <span class='ocrx_word' id='word_1_219' title='bbox 3523 515 3642 552; x_wconf 82' lang='lat' dir='ltr'><strong>ma-</strong></span> 
     </span>
    </p>
   </div>
   <div class='ocr_carea' id='block_1_33' title="bbox 2072 587 3642 658">
    <p class='ocr_par' dir='ltr' id='par_1_33' title="bbox 2072 587 3642 658">
     <span class='ocr_line' id='line_1_33' title="bbox 2072 587 3642 658; baseline 0.003 -20"><span class='ocrx_word' id='word_1_220' title='bbox 2072 604 2173 658; x_wconf 85' lang='lat' dir='ltr'><strong>gno</strong></span> <span class='ocrx_word' id='word_1_221' title='bbox 2204 589 2415 657; x_wconf 86' lang='lat' dir='ltr'><strong>ingenio</strong></span> <span class='ocrx_word' id='word_1_222' title='bbox 2455 597 2698 649; x_wconf 86' lang='lat' dir='ltr'><strong>ornatus,</strong></span> <span class='ocrx_word' id='word_1_223' title='bbox 2730 602 2786 639; x_wconf 87' lang='lat' dir='ltr'><strong>se</strong></span> <span class='ocrx_word' id='word_1_224' title='bbox 2818 587 2888 639; x_wconf 88' lang='lat' dir='ltr'><strong>ad</strong></span> <span class='ocrx_word' id='word_1_225' title='bbox 2926 595 3159 640; x_wconf 82' lang='lat' dir='ltr'><strong>veterum</strong></span> <span class='ocrx_word' id='word_1_226' title='bbox 3207 592 3642 656; x_wconf 63' lang='lat' dir='ltr'><strong>praestandorum</strong></span> 
     </span>
    </p>
   </div>
   <div class='ocr_carea' id='block_1_34' title="bbox 2065 678 3641 748">
    <p class='ocr_par' dir='ltr' id='par_1_34' title="bbox 2065 678 3641 748">
     <span class='ocr_line' id='line_1_34' title="bbox 2065 678 3641 748; baseline -0.001 -15"><span class='ocrx_word' id='word_1_227' title='bbox 2065 681 2296 733; x_wconf 83' lang='lat' dir='ltr'><strong>virorum</strong></span> <span class='ocrx_word' id='word_1_228' title='bbox 2325 696 2490 732; x_wconf 85' lang='lat' dir='ltr'><strong>mores</strong></span> <span class='ocrx_word' id='word_1_229' title='bbox 2512 679 2902 748; x_wconf 84' lang='lat' dir='ltr'><strong>conformabat,</strong></span> <span class='ocrx_word' id='word_1_230' title='bbox 2921 687 2968 730; x_wconf 87' lang='lat' dir='ltr'><strong>et</strong></span> <span class='ocrx_word' id='word_1_231' title='bbox 2987 678 3381 748; x_wconf 84' lang='lat' dir='ltr'><strong>magnificentia</strong></span> <span class='ocrx_word' id='word_1_232' title='bbox 3410 696 3641 737; x_wconf 86' lang='lat' dir='ltr'><strong>morum.</strong></span> 
     </span>
    </p>
   </div>
   <div class='ocr_carea' id='block_1_35' title="bbox 2065 770 3644 840">
    <p class='ocr_par' dir='ltr' id='par_1_35' title="bbox 2065 770 3644 840">
     <span class='ocr_line' id='line_1_35' title="bbox 2065 770 3644 840; baseline -0.001 -17"><span class='ocrx_word' id='word_1_233' title='bbox 2065 781 2116 823; x_wconf 79' lang='lat' dir='ltr'><strong>et.</strong></span> <span class='ocrx_word' id='word_1_234' title='bbox 2171 773 2338 825; x_wconf 87' lang='lat' dir='ltr'><strong>animi</strong></span> <span class='ocrx_word' id='word_1_235' title='bbox 2376 772 2720 826; x_wconf 82' lang='lat' dir='ltr'><strong>liberalitate.</strong></span> <span class='ocrx_word' id='word_1_236' title='bbox 2765 770 2982 824; x_wconf 86' lang='lat' dir='ltr'><strong>Etcum</strong></span> <span class='ocrx_word' id='word_1_237' title='bbox 3026 778 3148 822; x_wconf 83' lang='lat' dir='ltr'><strong>tunc</strong></span> <span class='ocrx_word' id='word_1_238' title='bbox 3200 786 3284 823; x_wconf 89' lang='lat' dir='ltr'><strong>res</strong></span> <span class='ocrx_word' id='word_1_239' title='bbox 3330 772 3376 824; x_wconf 88' lang='lat' dir='ltr'><strong>ei</strong></span> <span class='ocrx_word' id='word_1_240' title='bbox 3421 772 3644 840; x_wconf 73' lang='lat' dir='ltr'><strong>feliciter</strong></span> 
     </span>
    </p>
   </div>
   <div class='ocr_carea' id='block_1_36' title="bbox 2062 863 3646 932">
    <p class='ocr_par' dir='ltr' id='par_1_36' title="bbox 2062 863 3646 932">
     <span class='ocr_line' id='line_1_36' title="bbox 2062 863 3646 932; baseline -0.001 -16"><span class='ocrx_word' id='word_1_241' title='bbox 2062 866 2456 923; x_wconf 83' lang='lat' dir='ltr'><strong>successissent,</strong></span> <span class='ocrx_word' id='word_1_242' title='bbox 2485 863 2758 931; x_wconf 79' lang='lat' dir='ltr'><strong>fort-unam</strong></span> <span class='ocrx_word' id='word_1_243' title='bbox 2802 879 2905 914; x_wconf 87' lang='lat' dir='ltr'><strong>non</strong></span> <span class='ocrx_word' id='word_1_244' title='bbox 2939 863 3221 922; x_wconf 77' lang='lat' dir='ltr'><strong>lacessivit,</strong></span> <span class='ocrx_word' id='word_1_245' title='bbox 3252 878 3414 932; x_wconf 82' lang='lat' dir='ltr'><strong>neque</strong></span> <span class='ocrx_word' id='word_1_246' title='bbox 3457 864 3646 915; x_wconf 85' lang='lat' dir='ltr'><strong>immo-</strong></span> 
     </span>
    </p>
   </div>
   <div class='ocr_carea' id='block_1_37' title="bbox 2065 948 3642 1021">
    <p class='ocr_par' dir='ltr' id='par_1_37' title="bbox 2065 948 3642 1021">
     <span class='ocr_line' id='line_1_37' title="bbox 2065 948 3642 1021; baseline -0.002 -16"><span class='ocrx_word' id='word_1_247' title='bbox 2065 953 2176 1005; x_wconf 85' lang='lat' dir='ltr'><strong>dice</strong></span> <span class='ocrx_word' id='word_1_248' title='bbox 2204 953 2544 1021; x_wconf 82' lang='lat' dir='ltr'><strong>supercilium</strong></span> <span class='ocrx_word' id='word_1_249' title='bbox 2591 948 2837 1014; x_wconf 61' lang='lat' dir='ltr'><strong>arreiit;</strong></span> <span class='ocrx_word' id='word_1_250' title='bbox 2876 952 2967 1003; x_wconf 87' lang='lat' dir='ltr'><strong>sed</strong></span> <span class='ocrx_word' id='word_1_251' title='bbox 3008 959 3217 1004; x_wconf 84' lang='lat' dir='ltr'><strong>retenta</strong></span> <span class='ocrx_word' id='word_1_252' title='bbox 3255 953 3417 1004; x_wconf 90' lang='lat' dir='ltr'><strong>animi</strong></span> <span class='ocrx_word' id='word_1_253' title='bbox 3465 952 3642 1018; x_wconf 85' lang='lat' dir='ltr'><strong>gravi-</strong></span> 
     </span>
    </p>
   </div>
   <div class='ocr_carea' id='block_1_38' title="bbox 2067 1041 3635 1107">
    <p class='ocr_par' dir='ltr' id='par_1_38' title="bbox 2067 1041 3635 1107">
     <span class='ocr_line' id='line_1_38' title="bbox 2067 1041 3635 1107; baseline -0.001 -11"><span class='ocrx_word' id='word_1_254' title='bbox 2067 1051 2192 1107; x_wconf 85' lang='lat' dir='ltr'><strong>tate,</strong></span> <span class='ocrx_word' id='word_1_255' title='bbox 2225 1045 2368 1096; x_wconf 84' lang='lat' dir='ltr'><strong>intra</strong></span> <span class='ocrx_word' id='word_1_256' title='bbox 2418 1043 2684 1095; x_wconf 69' lang='lat' dir='ltr'><strong>modestia:</strong></span> <span class='ocrx_word' id='word_1_257' title='bbox 2727 1041 2920 1093; x_wconf 80' lang='lat' dir='ltr'><strong>limites</strong></span> <span class='ocrx_word' id='word_1_258' title='bbox 2964 1042 3214 1093; x_wconf 85' lang='lat' dir='ltr'><strong>immotus</strong></span> <span class='ocrx_word' id='word_1_259' title='bbox 3267 1043 3484 1104; x_wconf 85' lang='lat' dir='ltr'><strong>mansit,</strong></span> <span class='ocrx_word' id='word_1_260' title='bbox 3528 1053 3635 1095; x_wconf 87' lang='lat' dir='ltr'><strong>etc.</strong></span> 
     </span>
    </p>
   </div>
   <div class='ocr_carea' id='block_1_39' title="bbox 2151 1131 3641 1198">
    <p class='ocr_par' dir='ltr' id='par_1_39' title="bbox 2151 1131 3641 1198">
     <span class='ocr_line' id='line_1_39' title="bbox 2151 1131 3641 1198; baseline -0.003 -11"><span class='ocrx_word' id='word_1_261' title='bbox 2151 1135 2416 1194; x_wconf 84' lang='lat' dir='ltr'><strong>Rursum.</strong></span> <span class='ocrx_word' id='word_1_262' title='bbox 2451 1134 2548 1185; x_wconf 90' lang='lat' dir='ltr'><strong>lib.</strong></span> <span class='ocrx_word' id='word_1_263' title='bbox 2582 1149 2615 1186; x_wconf 71' lang='grc' dir='ltr'>ι</span> <span class='ocrx_word' id='word_1_264' title='bbox 2653 1131 2802 1184; x_wconf 82' lang='lat' dir='ltr'><strong>:llac</strong></span> <span class='ocrx_word' id='word_1_265' title='bbox 2836 1132 3076 1184; x_wconf 85' lang='lat' dir='ltr'><strong>oratione</strong></span> <span class='ocrx_word' id='word_1_266' title='bbox 3104 1132 3434 1198; x_wconf 76' lang='lat' dir='ltr'><strong>confirmati,</strong></span> <span class='ocrx_word' id='word_1_267' title='bbox 3465 1148 3641 1184; x_wconf 84' lang='lat' dir='ltr'><strong>omnes</strong></span> 
     </span>
    </p>
   </div>
   <div class='ocr_carea' id='block_1_40' title="bbox 2065 1225 3643 1294">
    <p class='ocr_par' dir='ltr' id='par_1_40' title="bbox 2065 1225 3643 1294">
     <span class='ocr_line' id='line_1_40' title="bbox 2065 1225 3643 1294; baseline -0.001 -15"><span class='ocrx_word' id='word_1_268' title='bbox 2065 1234 2276 1279; x_wconf 78' lang='lat' dir='ltr'><strong>strenue</strong></span> <span class='ocrx_word' id='word_1_269' title='bbox 2324 1242 2385 1277; x_wconf 89' lang='lat' dir='ltr'><strong>ac</strong></span> <span class='ocrx_word' id='word_1_270' title='bbox 2438 1226 2650 1294; x_wconf 79' lang='lat' dir='ltr'><strong>fortiter</strong></span> <span class='ocrx_word' id='word_1_271' title='bbox 2712 1225 2880 1277; x_wconf 77' lang='lat' dir='ltr'><strong>hostes</strong></span> <span class='ocrx_word' id='word_1_272' title='bbox 2951 1225 3284 1290; x_wconf 82' lang='lat' dir='ltr'><strong>invaserunt,</strong></span> <span class='ocrx_word' id='word_1_273' title='bbox 3353 1225 3415 1276; x_wconf 86' lang='lat' dir='ltr'><strong>in</strong></span> <span class='ocrx_word' id='word_1_274' title='bbox 3456 1228 3643 1292; x_wconf 74' lang='lat' dir='ltr'><strong>primas</strong></span> 
     </span>
    </p>
   </div>
   <div class='ocr_carea' id='block_1_41' title="bbox 2065 1312 3642 1385">
    <p class='ocr_par' dir='ltr' id='par_1_41' title="bbox 2065 1312 3642 1385">
     <span class='ocr_line' id='line_1_41' title="bbox 2065 1312 3642 1385; baseline -0.001 -17"><span class='ocrx_word' id='word_1_275' title='bbox 2065 1332 2186 1368; x_wconf 83' lang='lat' dir='ltr'><strong>vero</strong></span> <span class='ocrx_word' id='word_1_276' title='bbox 2216 1332 2439 1385; x_wconf 84' lang='lat' dir='ltr'><strong>magnus</strong></span> <span class='ocrx_word' id='word_1_277' title='bbox 2487 1317 2800 1368; x_wconf 85' lang='lat' dir='ltr'><strong>domesticus</strong></span> <span class='ocrx_word' id='word_1_278' title='bbox 2835 1312 3264 1376; x_wconf 68' lang='lat' dir='ltr'><strong>Cantacuzenus,</strong></span> <span class='ocrx_word' id='word_1_279' title='bbox 3318 1316 3408 1384; x_wconf 86' lang='lat' dir='ltr'><strong>qui</strong></span> <span class='ocrx_word' id='word_1_280' title='bbox 3459 1315 3642 1367; x_wconf 84' lang='lat' dir='ltr'><strong>multis</strong></span> 
     </span>
    </p>
   </div>
   <div class='ocr_carea' id='block_1_42' title="bbox 2065 1386 3641 1474">
    <p class='ocr_par' dir='ltr' id='par_1_42' title="bbox 2065 1386 3641 1474">
     <span class='ocr_line' id='line_1_42' title="bbox 2065 1386 3641 1474; baseline 0 -17"><span class='ocrx_word' id='word_1_281' title='bbox 2065 1406 2296 1468; x_wconf 78' lang='lat' dir='ltr'><strong>ensibus,</strong></span> <span class='ocrx_word' id='word_1_282' title='bbox 2336 1406 2514 1457; x_wconf 86' lang='lat' dir='ltr'><strong>multis</strong></span> <span class='ocrx_word' id='word_1_283' title='bbox 2547 1406 2664 1457; x_wconf 88' lang='lat' dir='ltr'><strong>telis</strong></span> <span class='ocrx_word' id='word_1_284' title='bbox 2700 1407 2924 1457; x_wconf 84' lang='lat' dir='ltr'><strong>hostium</strong></span> <span class='ocrx_word' id='word_1_285' title='bbox 2953 1386 3145 1473; x_wconf 61' lang='lat' dir='ltr'><strong>petitus</strong></span> <span class='ocrx_word' id='word_1_286' title='bbox 3173 1404 3641 1474; x_wconf 57' lang='lat' dir='ltr'><strong>atquetimpulsus,</strong></span> 
     </span>
    </p>
   </div>
   <div class='ocr_carea' id='block_1_43' title="bbox 2065 1497 3642 1567">
    <p class='ocr_par' dir='ltr' id='par_1_43' title="bbox 2065 1497 3642 1567">
     <span class='ocr_line' id='line_1_43' title="bbox 2065 1497 3642 1567; baseline -0.003 -15"><span class='ocrx_word' id='word_1_287' title='bbox 2065 1500 2172 1562; x_wconf 83' lang='lat' dir='ltr'><strong>ipse</strong></span> <span class='ocrx_word' id='word_1_288' title='bbox 2229 1499 2437 1567; x_wconf 88' lang='lat' dir='ltr'><strong>quidem</strong></span> <span class='ocrx_word' id='word_1_289' title='bbox 2477 1497 2733 1566; x_wconf 81' lang='lat' dir='ltr'><strong>plurimas</strong></span> <span class='ocrx_word' id='word_1_290' title='bbox 2767 1500 2938 1550; x_wconf 75' lang='lat' dir='ltr'><strong>hostes</strong></span> <span class='ocrx_word' id='word_1_291' title='bbox 2975 1500 3260 1566; x_wconf 85' lang='lat' dir='ltr'><strong>prostravit</strong></span> <span class='ocrx_word' id='word_1_292' title='bbox 3291 1514 3308 1550; x_wconf 94' lang='lat'><strong><em>:</em></strong></span> <span class='ocrx_word' id='word_1_293' title='bbox 3334 1499 3428 1550; x_wconf 81' lang='lat' dir='ltr'><strong>sed</strong></span> <span class='ocrx_word' id='word_1_294' title='bbox 3475 1514 3642 1566; x_wconf 84' lang='lat' dir='ltr'><strong>neque</strong></span> 
     </span>
    </p>
   </div>
   <div class='ocr_carea' id='block_1_44' title="bbox 2067 1585 3643 1656">
    <p class='ocr_par' dir='ltr' id='par_1_44' title="bbox 2067 1585 3643 1656">
     <span class='ocr_line' id='line_1_44' title="bbox 2067 1585 3643 1656; baseline -0.001 -16"><span class='ocrx_word' id='word_1_295' title='bbox 2067 1588 2270 1656; x_wconf 78' lang='lat' dir='ltr'><strong>clypeo,</strong></span> <span class='ocrx_word' id='word_1_296' title='bbox 2331 1603 2496 1656; x_wconf 85' lang='lat' dir='ltr'><strong>neque</strong></span> <span class='ocrx_word' id='word_1_297' title='bbox 2561 1587 2742 1655; x_wconf 86' lang='lat' dir='ltr'><strong>gladio</strong></span> <span class='ocrx_word' id='word_1_298' title='bbox 2796 1588 3018 1651; x_wconf 84' lang='lat' dir='ltr'><strong>amisso,</strong></span> <span class='ocrx_word' id='word_1_299' title='bbox 3075 1585 3352 1639; x_wconf 84' lang='lat' dir='ltr'><strong>incolumis</strong></span> <span class='ocrx_word' id='word_1_300' title='bbox 3389 1602 3416 1638; x_wconf 85' lang='lat' dir='ltr'><strong>e</strong></span> <span class='ocrx_word' id='word_1_301' title='bbox 3460 1587 3643 1653; x_wconf 80' lang='lat' dir='ltr'><strong>pra&#39;lio</strong></span> 
     </span>
    </p>
   </div>
   <div class='ocr_carea' id='block_1_45' title="bbox 2065 1677 3570 1748">
    <p class='ocr_par' dir='ltr' id='par_1_45' title="bbox 2065 1677 3570 1748">
     <span class='ocr_line' id='line_1_45' title="bbox 2065 1677 3570 1748; baseline -0.002 -17"><span class='ocrx_word' id='word_1_302' title='bbox 2065 1679 2251 1740; x_wconf 83' lang='lat' dir='ltr'><strong>evasit,</strong></span> <span class='ocrx_word' id='word_1_303' title='bbox 2298 1677 2438 1731; x_wconf 82' lang='lat' dir='ltr'><strong>velut</strong></span> <span class='ocrx_word' id='word_1_304' title='bbox 2468 1678 2831 1748; x_wconf 85' lang='lat' dir='ltr'><strong>agglutinatus</strong></span> <span class='ocrx_word' id='word_1_305' title='bbox 2866 1689 3022 1748; x_wconf 87' lang='lat' dir='ltr'><strong>atque</strong></span> <span class='ocrx_word' id='word_1_306' title='bbox 3051 1679 3246 1743; x_wconf 74' lang='lat' dir='ltr'><strong>infixus</strong></span> <span class='ocrx_word' id='word_1_307' title='bbox 3271 1694 3424 1745; x_wconf 88' lang='lat' dir='ltr'><strong>equo,</strong></span> <span class='ocrx_word' id='word_1_308' title='bbox 3462 1689 3570 1731; x_wconf 88' lang='lat' dir='ltr'><strong>etc.</strong></span> 
     </span>
    </p>
   </div>
   <div class='ocr_carea' id='block_1_46' title="bbox 2136 1769 3646 1837">
    <p class='ocr_par' dir='ltr' id='par_1_46' title="bbox 2136 1769 3646 1837">
     <span class='ocr_line' id='line_1_46' title="bbox 2136 1769 3646 1837; baseline 0 -16"><span class='ocrx_word' id='word_1_309' title='bbox 2136 1769 2219 1822; x_wconf 76' lang='lat' dir='ltr'><strong>Et’</strong></span> <span class='ocrx_word' id='word_1_310' title='bbox 2246 1770 2388 1824; x_wconf 89' lang='lat' dir='ltr'><strong>libro</strong></span> <span class='ocrx_word' id='word_1_311' title='bbox 2416 1771 2712 1824; x_wconf 89' lang='lat' dir='ltr'><strong>undecimo</strong></span> <span class='ocrx_word' id='word_1_312' title='bbox 2752 1787 2767 1824; x_wconf 89' lang='lat'><strong>:</strong></span> <span class='ocrx_word' id='word_1_313' title='bbox 2799 1770 2938 1823; x_wconf 85' lang='lat' dir='ltr'><strong>Adeo</strong></span> <span class='ocrx_word' id='word_1_314' title='bbox 2959 1786 3273 1836; x_wconf 86' lang='lat' dir='ltr'><strong>magnorum</strong></span> <span class='ocrx_word' id='word_1_315' title='bbox 3307 1785 3524 1837; x_wconf 85' lang='lat' dir='ltr'><strong>operum</strong></span> <span class='ocrx_word' id='word_1_316' title='bbox 3562 1770 3646 1822; x_wconf 82' lang='lat' dir='ltr'><strong>ia-</strong></span> 
     </span>
    </p>
   </div>
   <div class='ocr_carea' id='block_1_47' title="bbox 2003 1860 3647 1931">
    <p class='ocr_par' dir='ltr' id='par_1_47' title="bbox 2003 1860 3647 1931">
     <span class='ocr_line' id='line_1_47' title="bbox 2003 1860 3647 1931; baseline -0.001 -18"><span class='ocrx_word' id='word_1_317' title='bbox 2003 1871 2044 1924; x_wconf 73' lang='lat' dir='ltr'><strong>n</strong></span> <span class='ocrx_word' id='word_1_318' title='bbox 2074 1863 2290 1931; x_wconf 81' lang='lat' dir='ltr'><strong>geniosa</strong></span> <span class='ocrx_word' id='word_1_319' title='bbox 2325 1863 2554 1929; x_wconf 73' lang='lat' dir='ltr'><strong>effectrix</strong></span> <span class='ocrx_word' id='word_1_320' title='bbox 2583 1862 2762 1929; x_wconf 85' lang='lat' dir='ltr'><strong>magni</strong></span> <span class='ocrx_word' id='word_1_321' title='bbox 2801 1861 3068 1915; x_wconf 79' lang='lat' dir='ltr'><strong>domestici</strong></span> <span class='ocrx_word' id='word_1_322' title='bbox 3112 1861 3451 1914; x_wconf 81' lang='lat' dir='ltr'><strong>taciturnitas</strong></span> <span class='ocrx_word' id='word_1_323' title='bbox 3482 1860 3647 1913; x_wconf 69' lang='lat' dir='ltr'><strong>exsti—</strong></span> 
     </span>
    </p>
   </div>
   <div class='ocr_carea' id='block_1_48' title="bbox 2074 1952 3647 2022">
    <p class='ocr_par' dir='ltr' id='par_1_48' title="bbox 2074 1952 3647 2022">
     <span class='ocr_line' id='line_1_48' title="bbox 2074 1952 3647 2022; baseline 0 -18"><span class='ocrx_word' id='word_1_324' title='bbox 2074 1954 2160 2005; x_wconf 87' lang='lat' dir='ltr'><strong>tit.</strong></span> <span class='ocrx_word' id='word_1_325' title='bbox 2191 1953 2335 2006; x_wconf 88' lang='lat' dir='ltr'><strong>Nam</strong></span> <span class='ocrx_word' id='word_1_326' title='bbox 2367 1953 2598 2006; x_wconf 85' lang='lat' dir='ltr'><strong>aliorum</strong></span> <span class='ocrx_word' id='word_1_327' title='bbox 2630 1953 2836 2022; x_wconf 86' lang='lat' dir='ltr'><strong>quidem</strong></span> <span class='ocrx_word' id='word_1_328' title='bbox 2868 1952 3022 2006; x_wconf 84' lang='lat' dir='ltr'><strong>verba</strong></span> <span class='ocrx_word' id='word_1_329' title='bbox 3055 1954 3256 2007; x_wconf 67' lang='lat' dir='ltr'><strong>umbra:</strong></span> <span class='ocrx_word' id='word_1_330' title='bbox 3288 1962 3496 2006; x_wconf 90' lang='lat' dir='ltr'><strong>tantum</strong></span> <span class='ocrx_word' id='word_1_331' title='bbox 3523 1962 3647 2006; x_wconf 84' lang='lat' dir='ltr'><strong>sunt</strong></span> 
     </span>
    </p>
   </div>
   <div class='ocr_carea' id='block_1_49' title="bbox 2071 2042 3642 2113">
    <p class='ocr_par' dir='ltr' id='par_1_49' title="bbox 2071 2042 3642 2113">
     <span class='ocr_line' id='line_1_49' title="bbox 2071 2042 3642 2113; baseline -0.001 -16"><span class='ocrx_word' id='word_1_332' title='bbox 2071 2059 2306 2113; x_wconf 78' lang='lat' dir='ltr'><strong>Operam,</strong></span> <span class='ocrx_word' id='word_1_333' title='bbox 2331 2043 2491 2096; x_wconf 84' lang='lat' dir='ltr'><strong>simul</strong></span> <span class='ocrx_word' id='word_1_334' title='bbox 2514 2052 2674 2112; x_wconf 88' lang='lat' dir='ltr'><strong>atque</strong></span> <span class='ocrx_word' id='word_1_335' title='bbox 2709 2059 2736 2096; x_wconf 90' lang='lat' dir='ltr'><strong>e</strong></span> <span class='ocrx_word' id='word_1_336' title='bbox 2767 2042 2949 2112; x_wconf 85' lang='lat' dir='ltr'><strong>lingua</strong></span> <span class='ocrx_word' id='word_1_337' title='bbox 2978 2044 3296 2113; x_wconf 85' lang='lat' dir='ltr'><strong>prodierint,</strong></span> <span class='ocrx_word' id='word_1_338' title='bbox 3323 2045 3604 2096; x_wconf 83' lang='lat' dir='ltr'><strong>morientes</strong></span> <span class='ocrx_word' id='word_1_339' title='bbox 3623 2059 3642 2096; x_wconf 90' lang='lat'><strong><em>:</em></strong></span> 
     </span>
    </p>
   </div>
   <div class='ocr_carea' id='block_1_50' title="bbox 2069 2133 3642 2203">
    <p class='ocr_par' dir='ltr' id='par_1_50' title="bbox 2069 2133 3642 2203">
     <span class='ocr_line' id='line_1_50' title="bbox 2069 2133 3642 2203; baseline -0.001 -18"><span class='ocrx_word' id='word_1_340' title='bbox 2069 2133 2169 2185; x_wconf 71' lang='lat' dir='ltr'><strong>uiri</strong></span> <span class='ocrx_word' id='word_1_341' title='bbox 2204 2143 2380 2186; x_wconf 79' lang='lat' dir='ltr'><strong>autent</strong></span> <span class='ocrx_word' id='word_1_342' title='bbox 2412 2133 2568 2200; x_wconf 81' lang='lat' dir='ltr'><strong>hujus</strong></span> <span class='ocrx_word' id='word_1_343' title='bbox 2601 2140 2764 2185; x_wconf 74' lang='lat' dir='ltr'><strong>etiam</strong></span> <span class='ocrx_word' id='word_1_344' title='bbox 2791 2133 3065 2186; x_wconf 85' lang='lat' dir='ltr'><strong>silentium</strong></span> <span class='ocrx_word' id='word_1_345' title='bbox 3115 2150 3340 2203; x_wconf 88' lang='lat' dir='ltr'><strong>magnas</strong></span> <span class='ocrx_word' id='word_1_346' title='bbox 3376 2150 3458 2187; x_wconf 90' lang='lat' dir='ltr'><strong>res</strong></span> <span class='ocrx_word' id='word_1_347' title='bbox 3487 2136 3642 2203; x_wconf 89' lang='lat' dir='ltr'><strong>gerit.</strong></span> 
     </span>
    </p>
   </div>
   <div class='ocr_carea' id='block_1_51' title="bbox 2076 2222 3641 2293">
    <p class='ocr_par' dir='ltr' id='par_1_51' title="bbox 2076 2222 3641 2293">
     <span class='ocr_line' id='line_1_51' title="bbox 2076 2222 3641 2293; baseline 0.003 -18"><span class='ocrx_word' id='word_1_348' title='bbox 2076 2222 2211 2275; x_wconf 88' lang='lat' dir='ltr'><strong>Nam</strong></span> <span class='ocrx_word' id='word_1_349' title='bbox 2229 2225 2428 2292; x_wconf 87' lang='lat' dir='ltr'><strong>ingenii</strong></span> <span class='ocrx_word' id='word_1_350' title='bbox 2449 2226 2820 2293; x_wconf 82' lang='lat' dir='ltr'><strong>magnitudine</strong></span> <span class='ocrx_word' id='word_1_351' title='bbox 2850 2236 2898 2278; x_wconf 91' lang='lat' dir='ltr'><strong>et</strong></span> <span class='ocrx_word' id='word_1_352' title='bbox 2927 2226 3146 2279; x_wconf 89' lang='lat' dir='ltr'><strong>solertia</strong></span> <span class='ocrx_word' id='word_1_353' title='bbox 3178 2228 3258 2280; x_wconf 78' lang='lat' dir='ltr'><strong>vir</strong></span> <span class='ocrx_word' id='word_1_354' title='bbox 3287 2227 3378 2280; x_wconf 88' lang='lat' dir='ltr'><strong>ille</strong></span> <span class='ocrx_word' id='word_1_355' title='bbox 3413 2227 3641 2290; x_wconf 77' lang='lat' dir='ltr'><strong>excellit,</strong></span> 
     </span>
    </p>
   </div>
   <div class='ocr_carea' id='block_1_52' title="bbox 2072 2315 3647 2387">
    <p class='ocr_par' dir='ltr' id='par_1_52' title="bbox 2072 2315 3647 2387">
     <span class='ocr_line' id='line_1_52' title="bbox 2072 2315 3647 2387; baseline 0.005 -21"><span class='ocrx_word' id='word_1_356' title='bbox 2072 2330 2251 2367; x_wconf 81' lang='lat' dir='ltr'><strong>revera</strong></span> <span class='ocrx_word' id='word_1_357' title='bbox 2285 2315 2546 2384; x_wconf 85' lang='lat' dir='ltr'><strong>profundo</strong></span> <span class='ocrx_word' id='word_1_358' title='bbox 2575 2323 2764 2369; x_wconf 83' lang='lat' dir='ltr'><strong>mentis</strong></span> <span class='ocrx_word' id='word_1_359' title='bbox 2793 2317 2938 2370; x_wconf 86' lang='lat' dir='ltr'><strong>sulco</strong></span> <span class='ocrx_word' id='word_1_360' title='bbox 2966 2317 3170 2386; x_wconf 86' lang='lat' dir='ltr'><strong>fruens.</strong></span> <span class='ocrx_word' id='word_1_361' title='bbox 3226 2317 3351 2373; x_wconf 59' lang='lat' dir='ltr'><strong>Haec</strong></span> <span class='ocrx_word' id='word_1_362' title='bbox 3375 2317 3647 2387; x_wconf 82' lang='lat' dir='ltr'><strong>Gregoras</strong></span> 
     </span>
    </p>
   </div>
   <div class='ocr_carea' id='block_1_53' title="bbox 2071 2397 3638 2479">
    <p class='ocr_par' dir='ltr' id='par_1_53' title="bbox 2071 2397 3638 2479">
     <span class='ocr_line' id='line_1_53' title="bbox 2071 2397 3638 2479; baseline 0.003 -21"><span class='ocrx_word' id='word_1_363' title='bbox 2071 2406 2136 2458; x_wconf 89' lang='lat' dir='ltr'><strong>de</strong></span> <span class='ocrx_word' id='word_1_364' title='bbox 2171 2404 2555 2460; x_wconf 77' lang='lat' dir='ltr'><strong>Cantacuze&#39;no</strong></span> <span class='ocrx_word' id='word_1_365' title='bbox 2603 2397 2717 2461; x_wconf 87' lang='lat' dir='ltr'><strong>sive</strong></span> <span class='ocrx_word' id='word_1_366' title='bbox 2749 2409 2959 2462; x_wconf 90' lang='lat' dir='ltr'><strong>amicus</strong></span> <span class='ocrx_word' id='word_1_367' title='bbox 3010 2409 3213 2471; x_wconf 89' lang='lat' dir='ltr'><strong>adhuc,</strong></span> <span class='ocrx_word' id='word_1_368' title='bbox 3243 2409 3361 2464; x_wconf 87' lang='lat' dir='ltr'><strong>sive</strong></span> <span class='ocrx_word' id='word_1_369' title='bbox 3387 2409 3456 2464; x_wconf 91' lang='lat' dir='ltr'><strong>ab</strong></span> <span class='ocrx_word' id='word_1_370' title='bbox 3485 2409 3638 2479; x_wconf 90' lang='lat' dir='ltr'><strong>ipsa-</strong></span> 
     </span>
    </p>
   </div>
   <div class='ocr_carea' id='block_1_54' title="bbox 2071 2497 3644 2567">
    <p class='ocr_par' dir='ltr' id='par_1_54' title="bbox 2071 2497 3644 2567">
     <span class='ocr_line' id='line_1_54' title="bbox 2071 2497 3644 2567; baseline 0.004 -19"><span class='ocrx_word' id='word_1_371' title='bbox 2071 2504 2189 2548; x_wconf 87' lang='lat' dir='ltr'><strong>met</strong></span> <span class='ocrx_word' id='word_1_372' title='bbox 2232 2497 2464 2550; x_wconf 72' lang='lat' dir='ltr'><strong>veritate</strong></span> <span class='ocrx_word' id='word_1_373' title='bbox 2491 2507 2716 2552; x_wconf 85' lang='lat' dir='ltr'><strong>coactus</strong></span> <span class='ocrx_word' id='word_1_374' title='bbox 2742 2515 2757 2552; x_wconf 91' lang='lat'><strong>:</strong></span> <span class='ocrx_word' id='word_1_375' title='bbox 2787 2514 2910 2552; x_wconf 86' lang='lat' dir='ltr'><strong>nam</strong></span> <span class='ocrx_word' id='word_1_376' title='bbox 2935 2507 3126 2567; x_wconf 83' lang='lat' dir='ltr'><strong>postea</strong></span> <span class='ocrx_word' id='word_1_377' title='bbox 3155 2502 3331 2555; x_wconf 84' lang='lat' dir='ltr'><strong>evasit</strong></span> <span class='ocrx_word' id='word_1_378' title='bbox 3364 2501 3644 2561; x_wconf 84' lang='lat' dir='ltr'><strong>inimicus.</strong></span> 
     </span>
    </p>
   </div>
   <div class='ocr_carea' id='block_1_55' title="bbox 2074 2586 3645 2660">
    <p class='ocr_par' dir='ltr' id='par_1_55' title="bbox 2074 2586 3645 2660">
     <span class='ocr_line' id='line_1_55' title="bbox 2074 2586 3645 2660; baseline 0.005 -22"><span class='ocrx_word' id='word_1_379' title='bbox 2074 2594 2134 2639; x_wconf 94' lang='lat' dir='ltr'><strong>ut</strong></span> <span class='ocrx_word' id='word_1_380' title='bbox 2161 2599 2225 2638; x_wconf 81' lang='lat' dir='ltr'><strong>ex</strong></span> <span class='ocrx_word' id='word_1_381' title='bbox 2255 2586 2399 2640; x_wconf 87' lang='lat' dir='ltr'><strong>libro</strong></span> <span class='ocrx_word' id='word_1_382' title='bbox 2422 2597 2620 2656; x_wconf 91' lang='lat' dir='ltr'><strong>quarto</strong></span> <span class='ocrx_word' id='word_1_383' title='bbox 2648 2590 2944 2651; x_wconf 90' lang='lat' dir='ltr'><strong>constabit,</strong></span> <span class='ocrx_word' id='word_1_384' title='bbox 2977 2601 3031 2644; x_wconf 90' lang='lat' dir='ltr'><strong>et</strong></span> <span class='ocrx_word' id='word_1_385' title='bbox 3073 2606 3174 2645; x_wconf 90' lang='lat' dir='ltr'><strong>nos</strong></span> <span class='ocrx_word' id='word_1_386' title='bbox 3216 2607 3381 2660; x_wconf 86' lang='lat' dir='ltr'><strong>supra</strong></span> <span class='ocrx_word' id='word_1_387' title='bbox 3415 2593 3466 2644; x_wconf 91' lang='lat' dir='ltr'><strong>in</strong></span> <span class='ocrx_word' id='word_1_388' title='bbox 3498 2606 3645 2660; x_wconf 62' lang='lat' dir='ltr'><strong>prato</strong></span> 
     </span>
    </p>
   </div>
   <div class='ocr_carea' id='block_1_56' title="bbox 2072 2675 3495 2745">
    <p class='ocr_par' dir='ltr' id='par_1_56' title="bbox 2072 2675 3495 2745">
     <span class='ocr_line' id='line_1_56' title="bbox 2072 2675 3495 2745; baseline 0.006 -17"><span class='ocrx_word' id='word_1_389' title='bbox 2072 2675 2277 2730; x_wconf 87' lang='lat' dir='ltr'><strong>fatione</strong></span> <span class='ocrx_word' id='word_1_390' title='bbox 2312 2676 2445 2745; x_wconf 89' lang='lat' dir='ltr'><strong>ipsis</strong></span> <span class='ocrx_word' id='word_1_391' title='bbox 2476 2678 2843 2734; x_wconf 86' lang='lat' dir='ltr'><strong>Cantaeuzeni</strong></span> <span class='ocrx_word' id='word_1_392' title='bbox 2879 2682 3063 2736; x_wconf 87' lang='lat' dir='ltr'><strong>verbis</strong></span> <span class='ocrx_word' id='word_1_393' title='bbox 3095 2683 3148 2736; x_wconf 93' lang='lat' dir='ltr'><strong>id</strong></span> <span class='ocrx_word' id='word_1_394' title='bbox 3179 2684 3495 2737; x_wconf 86' lang='lat' dir='ltr'><strong>docuimus.</strong></span> 
     </span>
    </p>
   </div>
   <div class='ocr_carea' id='block_1_57' title="bbox 2143 2764 3642 2841">
    <p class='ocr_par' dir='ltr' id='par_1_57' title="bbox 2143 2764 3642 2841">
     <span class='ocr_line' id='line_1_57' title="bbox 2143 2764 3642 2841; baseline 0.006 -24"><span class='ocrx_word' id='word_1_395' title='bbox 2143 2764 2265 2819; x_wconf 91' lang='lat' dir='ltr'><strong>Lib.</strong></span> <span class='ocrx_word' id='word_1_396' title='bbox 2298 2781 2386 2831; x_wconf 89' lang='grc' dir='ltr'>ιιι,</span> <span class='ocrx_word' id='word_1_397' title='bbox 2411 2782 2536 2836; x_wconf 89' lang='lat' dir='ltr'><strong>cap.</strong></span> <span class='ocrx_word' id='word_1_398' title='bbox 2568 2769 2658 2833; x_wconf 63' lang='grc' dir='ltr'><strong>ΒΞ,</strong></span> <span class='ocrx_word' id='word_1_399' title='bbox 2685 2785 2714 2822; x_wconf 91' lang='lat' dir='ltr'><strong>a</strong></span> <span class='ocrx_word' id='word_1_400' title='bbox 2743 2769 2981 2824; x_wconf 81' lang='lat' dir='ltr'><strong>Cabatze</strong></span> <span class='ocrx_word' id='word_1_401' title='bbox 3017 2770 3284 2835; x_wconf 88' lang='lat' dir='ltr'><strong>Triballo,</strong></span> <span class='ocrx_word' id='word_1_402' title='bbox 3329 2773 3451 2825; x_wconf 91' lang='lat' dir='ltr'><strong>viro</strong></span> <span class='ocrx_word' id='word_1_403' title='bbox 3486 2772 3642 2841; x_wconf 92' lang='lat' dir='ltr'><strong>prin-</strong></span> 
     </span>
    </p>
   </div>
   <div class='ocr_carea' id='block_1_58' title="bbox 2071 2856 3647 2924">
    <p class='ocr_par' dir='ltr' id='par_1_58' title="bbox 2071 2856 3647 2924">
     <span class='ocr_line' id='line_1_58' title="bbox 2071 2856 3647 2924; baseline 0.004 -14"><span class='ocrx_word' id='word_1_404' title='bbox 2071 2856 2220 2924; x_wconf 85' lang='lat' dir='ltr'><strong>cipe,</strong></span> <span class='ocrx_word' id='word_1_405' title='bbox 2257 2857 2451 2910; x_wconf 92' lang='lat' dir='ltr'><strong>oculus</strong></span> <span class='ocrx_word' id='word_1_406' title='bbox 2500 2857 2875 2913; x_wconf 84' lang='lat' dir='ltr'><strong>Romanorum</strong></span> <span class='ocrx_word' id='word_1_407' title='bbox 2926 2871 3172 2915; x_wconf 82' lang='lat' dir='ltr'><strong>vocatur.</strong></span> <span class='ocrx_word' id='word_1_408' title='bbox 3223 2862 3484 2916; x_wconf 85' lang='lat' dir='ltr'><strong>Eumdem</strong></span> <span class='ocrx_word' id='word_1_409' title='bbox 3533 2878 3647 2916; x_wconf 89' lang='lat' dir='ltr'><strong>ma-</strong></span> 
     </span>
    </p>
   </div>
   <div class='ocr_carea' id='block_1_59' title="bbox 2071 2948 3647 3022">
    <p class='ocr_par' dir='ltr' id='par_1_59' title="bbox 2071 2948 3647 3022">
     <span class='ocr_line' id='line_1_59' title="bbox 2071 2948 3647 3022; baseline 0.003 -21"><span class='ocrx_word' id='word_1_410' title='bbox 2071 2948 2270 3018; x_wconf 76' lang='lat' dir='ltr'><strong>gniﬁco</strong></span> <span class='ocrx_word' id='word_1_411' title='bbox 2301 2950 2577 3018; x_wconf 83' lang='lat' dir='ltr'><strong>praeconio</strong></span> <span class='ocrx_word' id='word_1_412' title='bbox 2604 2950 2818 3004; x_wconf 71' lang='lat' dir='ltr'><strong>emollit</strong></span> <span class='ocrx_word' id='word_1_413' title='bbox 2849 2950 2902 3004; x_wconf 91' lang='lat' dir='ltr'><strong>in</strong></span> <span class='ocrx_word' id='word_1_414' title='bbox 2926 2951 3174 3020; x_wconf 88' lang='lat' dir='ltr'><strong>epistolis</strong></span> <span class='ocrx_word' id='word_1_415' title='bbox 3198 2952 3266 3006; x_wconf 85' lang='lat' dir='ltr'><strong>ad</strong></span> <span class='ocrx_word' id='word_1_416' title='bbox 3296 2968 3492 3022; x_wconf 83' lang='lat' dir='ltr'><strong>papam</strong></span> <span class='ocrx_word' id='word_1_417' title='bbox 3534 2953 3647 3007; x_wconf 78' lang='lat' dir='ltr'><strong>Ro-</strong></span> 
     </span>
    </p>
   </div>
   <div class='ocr_carea' id='block_1_60' title="bbox 2071 3040 3637 3104">
    <p class='ocr_par' dir='ltr' id='par_1_60' title="bbox 2071 3040 3637 3104">
     <span class='ocr_line' id='line_1_60' title="bbox 2071 3040 3637 3104; baseline 0.004 -12"><span class='ocrx_word' id='word_1_418' title='bbox 2071 3053 2294 3093; x_wconf 89' lang='lat' dir='ltr'><strong>manum</strong></span> <span class='ocrx_word' id='word_1_419' title='bbox 2342 3047 2400 3104; x_wconf 85' lang='lat' dir='ltr'><strong>et</strong></span> <span class='ocrx_word' id='word_1_420' title='bbox 2455 3040 2720 3096; x_wconf 86' lang='lat' dir='ltr'><strong>Delﬁnum</strong></span> <span class='ocrx_word' id='word_1_421' title='bbox 2771 3042 3136 3098; x_wconf 79' lang='lat' dir='ltr'><strong>Viennensem</strong></span> <span class='ocrx_word' id='word_1_422' title='bbox 3200 3044 3637 3100; x_wconf 70' lang='lat' dir='ltr'><strong>Bartbolomatus</strong></span> 
     </span>
    </p>
   </div>
   <div class='ocr_carea' id='block_1_61' title="bbox 2071 3129 3280 3205">
    <p class='ocr_par' dir='ltr' id='par_1_61' title="bbox 2071 3129 3280 3205">
     <span class='ocr_line' id='line_1_61' title="bbox 2071 3129 3280 3205; baseline 0.005 -21"><span class='ocrx_word' id='word_1_423' title='bbox 2071 3129 2305 3201; x_wconf 79' lang='lat' dir='ltr'><strong>legatus,</strong></span> <span class='ocrx_word' id='word_1_424' title='bbox 2345 3132 2493 3187; x_wconf 86' lang='lat' dir='ltr'><strong>libro</strong></span> <span class='ocrx_word' id='word_1_425' title='bbox 2525 3143 2747 3202; x_wconf 89' lang='lat' dir='ltr'><strong>quarto,</strong></span> <span class='ocrx_word' id='word_1_426' title='bbox 2797 3135 2981 3205; x_wconf 88' lang='lat' dir='ltr'><strong>capite</strong></span> <span class='ocrx_word' id='word_1_427' title='bbox 3013 3135 3280 3190; x_wconf 88' lang='lat' dir='ltr'><strong>secundo.</strong></span> 
     </span>
    </p>
   </div>
   <div class='ocr_carea' id='block_1_62' title="bbox 481 3385 3651 3488">
    <p class='ocr_par' dir='ltr' id='par_1_62' title="bbox 481 3385 3651 3488">
     <span class='ocr_line' id='line_1_62' title="bbox 481 3385 3651 3488; baseline -0.001 -17"><span class='ocrx_word' id='word_1_428' title='bbox 481 3417 685 3471; x_wconf 71' lang='lat' dir='ltr'><strong>Praeter</strong></span> <span class='ocrx_word' id='word_1_429' title='bbox 715 3415 1028 3471; x_wconf 84' lang='lat' dir='ltr'><strong>testimonia</strong></span> <span class='ocrx_word' id='word_1_430' title='bbox 1073 3420 1146 3470; x_wconf 84' lang='lat' dir='ltr'><strong>de</strong></span> <span class='ocrx_word' id='word_1_431' title='bbox 1177 3415 1388 3471; x_wconf 86' lang='lat' dir='ltr'><strong>Joanne</strong></span> <span class='ocrx_word' id='word_1_432' title='bbox 1424 3385 1813 3471; x_wconf 74' lang='lat' dir='ltr'><strong>Cantacuzeno</strong></span> <span class='ocrx_word' id='word_1_433' title='bbox 1840 3433 1965 3487; x_wconf 72' lang='lat' dir='ltr'><strong>quae</strong></span> <span class='ocrx_word' id='word_1_434' title='bbox 1996 3418 2083 3472; x_wconf 85' lang='lat' dir='ltr'><strong>vir</strong></span> <span class='ocrx_word' id='word_1_435' title='bbox 2120 3418 2472 3488; x_wconf 88' lang='lat' dir='ltr'><strong>pereruditus</strong></span> <span class='ocrx_word' id='word_1_436' title='bbox 2499 3417 2738 3474; x_wconf 87' lang='lat' dir='ltr'><strong>Jacobus</strong></span> <span class='ocrx_word' id='word_1_437' title='bbox 2777 3418 3382 3475; x_wconf 80' lang='lat' dir='ltr'><strong>Pontanus‘Societatis</strong></span> <span class='ocrx_word' id='word_1_438' title='bbox 3407 3418 3535 3474; x_wconf 83' lang='lat' dir='ltr'><strong>Jesu</strong></span> <span class='ocrx_word' id='word_1_439' title='bbox 3575 3427 3651 3469; x_wconf 67' lang='lat' dir='ltr'><strong>ex</strong></span> 
     </span>
    </p>
   </div>
   <div class='ocr_carea' id='block_1_63' title="bbox 416 3502 3642 3583">
    <p class='ocr_par' dir='ltr' id='par_1_63' title="bbox 416 3502 3642 3583">
     <span class='ocr_line' id='line_1_63' title="bbox 416 3502 3642 3583; baseline -0.001 -17"><span class='ocrx_word' id='word_1_440' title='bbox 416 3509 733 3580; x_wconf 82' lang='lat' dir='ltr'><strong>Nicephoro</strong></span> <span class='ocrx_word' id='word_1_441' title='bbox 762 3511 1005 3580; x_wconf 82' lang='lat' dir='ltr'><strong>Gregora</strong></span> <span class='ocrx_word' id='word_1_442' title='bbox 1041 3513 1292 3581; x_wconf 90' lang='lat' dir='ltr'><strong>protulit,</strong></span> <span class='ocrx_word' id='word_1_443' title='bbox 1322 3513 1389 3566; x_wconf 90' lang='lat' dir='ltr'><strong>ad</strong></span> <span class='ocrx_word' id='word_1_444' title='bbox 1419 3512 1956 3568; x_wconf 84' lang='lat' dir='ltr'><strong>commendationem</strong></span> <span class='ocrx_word' id='word_1_445' title='bbox 1981 3514 2349 3568; x_wconf 86' lang='lat' dir='ltr'><strong>Cantacuzeni</strong></span> <span class='ocrx_word' id='word_1_446' title='bbox 2385 3515 2622 3569; x_wconf 76' lang='lat' dir='ltr'><strong>maxime</strong></span> <span class='ocrx_word' id='word_1_447' title='bbox 2651 3513 2928 3583; x_wconf 86' lang='lat' dir='ltr'><strong>pertinere</strong></span> <span class='ocrx_word' id='word_1_448' title='bbox 2956 3502 3134 3569; x_wconf 76' lang='lat' dir='ltr'><strong>visum</strong></span> <span class='ocrx_word' id='word_1_449' title='bbox 3161 3524 3245 3569; x_wconf 88' lang='lat' dir='ltr'><strong>est</strong></span> <span class='ocrx_word' id='word_1_450' title='bbox 3279 3515 3642 3582; x_wconf 80' lang='lat' dir='ltr'><strong>fragmentum</strong></span> 
     </span>
    </p>
   </div>
   <div class='ocr_carea' id='block_1_64' title="bbox 406 3601 3656 3675">
    <p class='ocr_par' dir='ltr' id='par_1_64' title="bbox 406 3601 3656 3675">
     <span class='ocr_line' id='line_1_64' title="bbox 406 3601 3656 3675; baseline 0 -18"><span class='ocrx_word' id='word_1_451' title='bbox 406 3602 654 3673; x_wconf 87' lang='lat' dir='ltr'><strong>ejusdem</strong></span> <span class='ocrx_word' id='word_1_452' title='bbox 702 3601 1000 3672; x_wconf 81' lang='lat' dir='ltr'><strong>Nicephori</strong></span> <span class='ocrx_word' id='word_1_453' title='bbox 1047 3617 1115 3656; x_wconf 79' lang='lat' dir='ltr'><strong>ex</strong></span> <span class='ocrx_word' id='word_1_454' title='bbox 1157 3603 1302 3657; x_wconf 92' lang='lat' dir='ltr'><strong>libro</strong></span> <span class='ocrx_word' id='word_1_455' title='bbox 1347 3617 1422 3664; x_wconf 79' lang='grc' dir='ltr'>ιιι,</span> <span class='ocrx_word' id='word_1_456' title='bbox 1457 3603 1602 3671; x_wconf 88' lang='lat' dir='ltr'><strong>quod</strong></span> <span class='ocrx_word' id='word_1_457' title='bbox 1653 3604 1826 3658; x_wconf 87' lang='lat' dir='ltr'><strong>edidit</strong></span> <span class='ocrx_word' id='word_1_458' title='bbox 1859 3604 1918 3659; x_wconf 78' lang='grc' dir='ltr'>ν.</span> <span class='ocrx_word' id='word_1_459' title='bbox 1975 3603 2058 3660; x_wconf 90' lang='lat' dir='ltr'><strong>Cl.</strong></span> <span class='ocrx_word' id='word_1_460' title='bbox 2100 3605 2280 3674; x_wconf 90' lang='lat' dir='ltr'><strong>deque</strong></span> <span class='ocrx_word' id='word_1_461' title='bbox 2323 3604 2474 3660; x_wconf 89' lang='lat' dir='ltr'><strong>omni</strong></span> <span class='ocrx_word' id='word_1_462' title='bbox 2517 3619 2714 3675; x_wconf 73' lang='lat' dir='ltr'><strong>genere</strong></span> <span class='ocrx_word' id='word_1_463' title='bbox 2755 3604 3064 3659; x_wconf 88' lang='lat' dir='ltr'><strong>litterarum</strong></span> <span class='ocrx_word' id='word_1_464' title='bbox 3116 3606 3374 3675; x_wconf 62' lang='lat' dir='ltr'><strong>ptaeclare</strong></span> <span class='ocrx_word' id='word_1_465' title='bbox 3416 3601 3656 3659; x_wconf 84' lang='lat' dir='ltr'><strong>meritus</strong></span> 
     </span>
    </p>
   </div>
   <div class='ocr_carea' id='block_1_65' title="bbox 405 3693 1810 3764">
    <p class='ocr_par' dir='ltr' id='par_1_65' title="bbox 405 3693 1810 3764">
     <span class='ocr_line' id='line_1_65' title="bbox 405 3693 1810 3764; baseline -0.001 -14"><span class='ocrx_word' id='word_1_466' title='bbox 405 3696 475 3750; x_wconf 74' lang='grc' dir='ltr'><strong>Β.</strong></span> <span class='ocrx_word' id='word_1_467' title='bbox 511 3695 573 3749; x_wconf 89' lang='grc' dir='ltr'><strong>Ρ.</strong></span> <span class='ocrx_word' id='word_1_468' title='bbox 607 3694 898 3764; x_wconf 81' lang='lat' dir='ltr'><strong>Dionysius</strong></span> <span class='ocrx_word' id='word_1_469' title='bbox 929 3693 1188 3748; x_wconf 89' lang='lat' dir='ltr'><strong>Petavius</strong></span> <span class='ocrx_word' id='word_1_470' title='bbox 1219 3693 1466 3762; x_wconf 84' lang='lat' dir='ltr'><strong>ejusdem</strong></span> <span class='ocrx_word' id='word_1_471' title='bbox 1501 3694 1810 3750; x_wconf 84' lang='lat' dir='ltr'><strong>Societatis.</strong></span> 
     </span>
    </p>
   </div>
   <div class='ocr_carea' id='block_1_66' title="bbox 484 3810 1969 3897">
    <p class='ocr_par' dir='ltr' id='par_1_66' title="bbox 484 3810 1969 3896">
     <span class='ocr_line' id='line_1_66' title="bbox 484 3810 1969 3896; baseline -0.001 -21"><span class='ocrx_word' id='word_1_472' title='bbox 484 3823 544 3875; x_wconf 90' lang='lat'><strong>&#39;0</strong></span> <span class='ocrx_word' id='word_1_473' title='bbox 573 3823 670 3891; x_wconf 82' lang='grc' dir='ltr'><strong>μέν</strong></span> <span class='ocrx_word' id='word_1_474' title='bbox 707 3837 788 3873; x_wconf 78' lang='grc' dir='ltr'>τοι</span> <span class='ocrx_word' id='word_1_475' title='bbox 824 3818 1077 3888; x_wconf 78' lang='grc' dir='ltr'>βασιλεὺς</span> <span class='ocrx_word' id='word_1_476' title='bbox 1105 3821 1444 3891; x_wconf 76' lang='grc' dir='ltr'><strong>Ἀνδρόνικος</strong></span> <span class='ocrx_word' id='word_1_477' title='bbox 1468 3810 1604 3894; x_wconf 41' lang='grc' dir='ltr'>’περὶ</span> <span class='ocrx_word' id='word_1_478' title='bbox 1627 3826 1724 3892; x_wconf 76' lang='grc' dir='ltr'><strong>τὴν</strong></span> <span class='ocrx_word' id='word_1_479' title='bbox 1757 3825 1969 3896; x_wconf 83' lang='grc' dir='ltr'>πολιορ..</span> 
     </span>
    </p>
   </div>
   <div class='ocr_carea' id='block_1_67' title="bbox 2072 3810 3648 3897">
    <p class='ocr_par' dir='ltr' id='par_1_67' title="bbox 2144 3821 3648 3897">
     <span class='ocr_line' id='line_1_67' title="bbox 2144 3821 3648 3897; baseline 0.005 -23"><span class='ocrx_word' id='word_1_480' title='bbox 2144 3821 2214 3876; x_wconf 84' lang='lat' dir='ltr'><strong>At</strong></span> <span class='ocrx_word' id='word_1_481' title='bbox 2244 3822 2593 3877; x_wconf 82' lang='lat' dir='ltr'><strong>Andronicus</strong></span> <span class='ocrx_word' id='word_1_482' title='bbox 2620 3823 2917 3892; x_wconf 84' lang='lat' dir='ltr'><strong>imperator</strong></span> <span class='ocrx_word' id='word_1_483' title='bbox 2940 3824 3069 3878; x_wconf 92' lang='lat' dir='ltr'><strong>dum</strong></span> <span class='ocrx_word' id='word_1_484' title='bbox 3101 3825 3447 3880; x_wconf 84' lang='lat' dir='ltr'><strong>Acarnanum</strong></span> <span class='ocrx_word' id='word_1_485' title='bbox 3479 3838 3648 3897; x_wconf 86' lang='lat' dir='ltr'><strong>caput</strong></span> 
     </span>
    </p>
   </div>
   <div class='ocr_carea' id='block_1_68' title="bbox 406 3909 1968 3984">
    <p class='ocr_par' dir='ltr' id='par_1_68' title="bbox 406 3909 1968 3984">
     <span class='ocr_line' id='line_1_68' title="bbox 406 3909 1968 3984; baseline 0.002 -18"><span class='ocrx_word' id='word_1_486' title='bbox 406 3913 530 3966; x_wconf 79' lang='grc' dir='ltr'>κίαν</span> <span class='ocrx_word' id='word_1_487' title='bbox 562 3909 959 3980; x_wconf 77' lang='grc' dir='ltr'><strong>ἀσχολούμενος</strong></span> <span class='ocrx_word' id='word_1_488' title='bbox 1009 3910 1110 3979; x_wconf 82' lang='grc' dir='ltr'><strong>τῆς</strong></span> <span class='ocrx_word' id='word_1_489' title='bbox 1141 3913 1248 3964; x_wconf 85' lang='grc' dir='ltr'><strong>τῶν</strong></span> <span class='ocrx_word' id='word_1_490' title='bbox 1297 3913 1640 3983; x_wconf 81' lang='grc' dir='ltr'><strong>Ἀκαρνάνων</strong></span> <span class='ocrx_word' id='word_1_491' title='bbox 1695 3917 1968 3984; x_wconf 85' lang='grc' dir='ltr'><strong>μητροπό-</strong></span> 
     </span>
    </p>
   </div>
   <div class='ocr_carea' id='block_1_69' title="bbox 404 3998 1967 4076">
    <p class='ocr_par' dir='ltr' id='par_1_69' title="bbox 404 3998 1967 4076">
     <span class='ocr_line' id='line_1_69' title="bbox 404 3998 1967 4076; baseline 0.002 -23"><span class='ocrx_word' id='word_1_492' title='bbox 404 4002 538 4064; x_wconf 88' lang='grc' dir='ltr'>λεως</span> <span class='ocrx_word' id='word_1_493' title='bbox 562 4002 740 4053; x_wconf 79' lang='grc' dir='ltr'>πάντα</span> <span class='ocrx_word' id='word_1_494' title='bbox 768 4000 1020 4068; x_wconf 82' lang='grc' dir='ltr'>ὲξουρίας</span> <span class='ocrx_word' id='word_1_495' title='bbox 1062 3998 1174 4068; x_wconf 74' lang='grc' dir='ltr'><strong>εἶχε</strong></span> <span class='ocrx_word' id='word_1_496' title='bbox 1229 4002 1302 4055; x_wconf 70' lang='grc' dir='ltr'>τὰ</span> <span class='ocrx_word' id='word_1_497' title='bbox 1330 4004 1410 4066; x_wconf 89' lang='grc' dir='ltr'><strong>είς</strong></span> <span class='ocrx_word' id='word_1_498' title='bbox 1438 4004 1691 4073; x_wconf 82' lang='grc' dir='ltr'>βούλησιν</span> <span class='ocrx_word' id='word_1_499' title='bbox 1718 4006 1866 4076; x_wconf 86' lang='grc' dir='ltr'><strong>αὐτῷ</strong></span> <span class='ocrx_word' id='word_1_500' title='bbox 1903 4023 1967 4073; x_wconf 85' lang='grc' dir='ltr'><strong>γε</strong></span> 
     </span>
    </p>
   </div>
   <div class='ocr_carea' id='block_1_70' title="bbox 408 4091 1971 4164">
    <p class='ocr_par' dir='ltr' id='par_1_70' title="bbox 408 4091 1971 4164">
     <span class='ocr_line' id='line_1_70' title="bbox 408 4091 1971 4164; baseline 0.001 -19"><span class='ocrx_word' id='word_1_501' title='bbox 408 4094 552 4147; x_wconf 79' lang='grc' dir='ltr'>ιόντα</span> <span class='ocrx_word' id='word_1_502' title='bbox 601 4092 741 4145; x_wconf 82' lang='grc' dir='ltr'>κατὰ</span> <span class='ocrx_word' id='word_1_503' title='bbox 772 4093 828 4144; x_wconf 87' lang='grc' dir='ltr'><strong>τὸ</strong></span> <span class='ocrx_word' id='word_1_504' title='bbox 862 4093 1104 4162; x_wconf 65' lang='grc' dir='ltr'><strong>ἐφικτόν.</strong></span> <span class='ocrx_word' id='word_1_505' title='bbox 1135 4091 1242 4145; x_wconf 82' lang='grc' dir='ltr'>Τοῦ</span> <span class='ocrx_word' id='word_1_506' title='bbox 1267 4095 1375 4161; x_wconf 84' lang='grc' dir='ltr'><strong>γὰρ</strong></span> <span class='ocrx_word' id='word_1_507' title='bbox 1422 4096 1660 4162; x_wconf 84' lang='grc' dir='ltr'>μεγάλου</span> <span class='ocrx_word' id='word_1_508' title='bbox 1718 4096 1971 4164; x_wconf 71' lang='grc' dir='ltr'>δομεστίο</span> 
     </span>
    </p>
   </div>
   <div class='ocr_carea' id='block_1_71' title="bbox 405 4181 1970 4250">
    <p class='ocr_par' dir='ltr' id='par_1_71' title="bbox 405 4181 1970 4250">
     <span class='ocr_line' id='line_1_71' title="bbox 405 4181 1970 4250; baseline 0.002 -15"><span class='ocrx_word' id='word_1_509' title='bbox 405 4200 502 4236; x_wconf 72' lang='grc' dir='ltr'>κου</span> <span class='ocrx_word' id='word_1_510' title='bbox 535 4181 627 4234; x_wconf 84' lang='grc' dir='ltr'><strong>τοῦ</strong></span> <span class='ocrx_word' id='word_1_511' title='bbox 669 4181 1120 4250; x_wconf 80' lang='grc' dir='ltr'>Καντακουζηνοῦ</span> <span class='ocrx_word' id='word_1_512' title='bbox 1170 4185 1608 4250; x_wconf 80' lang='grc' dir='ltr'>παρασπίζοντος</span> <span class='ocrx_word' id='word_1_513' title='bbox 1647 4187 1740 4238; x_wconf 74' lang='grc' dir='ltr'><strong>καὶ</strong></span> <span class='ocrx_word' id='word_1_514' title='bbox 1768 4187 1970 4239; x_wconf 85' lang='grc' dir='ltr'>συνδιῖ-</span> 
     </span>
    </p>
   </div>
   <div class='ocr_carea' id='block_1_72' title="bbox 405 4271 1970 4345">
    <p class='ocr_par' dir='ltr' id='par_1_72' title="bbox 405 4271 1970 4345">
     <span class='ocr_line' id='line_1_72' title="bbox 405 4271 1970 4345; baseline 0.002 -20"><span class='ocrx_word' id='word_1_515' title='bbox 405 4273 653 4333; x_wconf 78' lang='grc' dir='ltr'>θύνοντος</span> <span class='ocrx_word' id='word_1_516' title='bbox 682 4271 879 4340; x_wconf 82' lang='grc' dir='ltr'>ἄριστα</span> <span class='ocrx_word' id='word_1_517' title='bbox 910 4271 1009 4342; x_wconf 76' lang='grc' dir='ltr'><strong>τὴν</strong></span> <span class='ocrx_word' id='word_1_518' title='bbox 1069 4272 1262 4343; x_wconf 81' lang='grc' dir='ltr'><strong>ἀρχὴν,</strong></span> <span class='ocrx_word' id='word_1_519' title='bbox 1290 4273 1439 4326; x_wconf 82' lang='grc' dir='ltr'>οὐδὲν</span> <span class='ocrx_word' id='word_1_520' title='bbox 1479 4275 1651 4328; x_wconf 86' lang='grc' dir='ltr'>δεινὸν</span> <span class='ocrx_word' id='word_1_521' title='bbox 1682 4275 1831 4345; x_wconf 83' lang='grc' dir='ltr'><strong>αὑτῷ</strong></span> <span class='ocrx_word' id='word_1_522' title='bbox 1864 4277 1970 4329; x_wconf 86' lang='grc' dir='ltr'><strong>τῶν</strong></span> 
     </span>
    </p>
   </div>
   <div class='ocr_carea' id='block_1_73' title="bbox 405 4359 1972 4435">
    <p class='ocr_par' dir='ltr' id='par_1_73' title="bbox 405 4359 1972 4435">
     <span class='ocr_line' id='line_1_73' title="bbox 405 4359 1972 4435; baseline 0.003 -22"><span class='ocrx_word' id='word_1_523' title='bbox 405 4359 770 4428; x_wconf 80' lang='grc' dir='ltr'><strong>παρεστώτων</strong></span> <span class='ocrx_word' id='word_1_524' title='bbox 793 4361 969 4413; x_wconf 75' lang='grc' dir='ltr'>ἐδόκει</span> <span class='ocrx_word' id='word_1_525' title='bbox 1007 4360 1221 4422; x_wconf 76' lang='grc' dir='ltr'>δεινῶν.</span> <span class='ocrx_word' id='word_1_526' title='bbox 1253 4364 1295 4414; x_wconf 89' lang='grc' dir='ltr'>Τ</span> <span class='ocrx_word' id='word_1_527' title='bbox 1301 4363 1367 4433; x_wconf 77' lang='grc' dir='ltr'>ἠν</span> <span class='ocrx_word' id='word_1_528' title='bbox 1411 4379 1469 4416; x_wconf 89' lang='grc' dir='ltr'><strong>τε</strong></span> <span class='ocrx_word' id='word_1_529' title='bbox 1515 4367 1622 4434; x_wconf 84' lang='grc' dir='ltr'><strong>γὰρ</strong></span> <span class='ocrx_word' id='word_1_530' title='bbox 1652 4365 1871 4435; x_wconf 79' lang='grc' dir='ltr'>χρονίαν</span> <span class='ocrx_word' id='word_1_531' title='bbox 1913 4367 1972 4418; x_wconf 81' lang='grc' dir='ltr'>ἐν</span> 
     </span>
    </p>
   </div>
   <div class='ocr_carea' id='block_1_74' title="bbox 407 4451 1969 4523">
    <p class='ocr_par' dir='ltr' id='par_1_74' title="bbox 407 4451 1969 4523">
     <span class='ocr_line' id='line_1_74' title="bbox 407 4451 1969 4523; baseline 0.003 -20"><span class='ocrx_word' id='word_1_532' title='bbox 407 4451 687 4521; x_wconf 74' lang='grc' dir='ltr'><strong>ὑπερορίῳ</strong></span> <span class='ocrx_word' id='word_1_533' title='bbox 727 4452 1052 4521; x_wconf 79' lang='grc' dir='ltr'>ὲκστρατείᾳ</span> <span class='ocrx_word' id='word_1_534' title='bbox 1084 4451 1369 4521; x_wconf 71' lang='grc' dir='ltr'>διατριόὴν</span> <span class='ocrx_word' id='word_1_535' title='bbox 1400 4455 1492 4505; x_wconf 78' lang='grc' dir='ltr'><strong>καὶ</strong></span> <span class='ocrx_word' id='word_1_536' title='bbox 1519 4452 1724 4522; x_wconf 76' lang='grc' dir='ltr'>φθορὰν</span> <span class='ocrx_word' id='word_1_537' title='bbox 1746 4455 1842 4523; x_wconf 83' lang='grc' dir='ltr'><strong>τῆς</strong></span> <span class='ocrx_word' id='word_1_538' title='bbox 1878 4455 1969 4508; x_wconf 82' lang='grc' dir='ltr'><strong>ἵπ-</strong></span> 
     </span>
    </p>
   </div>
   <div class='ocr_carea' id='block_1_75' title="bbox 406 4545 1972 4617">
    <p class='ocr_par' dir='ltr' id='par_1_75' title="bbox 406 4545 1972 4617">
     <span class='ocr_line' id='line_1_75' title="bbox 406 4545 1972 4617; baseline 0.001 -19"><span class='ocrx_word' id='word_1_539' title='bbox 406 4563 509 4598; x_wconf 83' lang='grc' dir='ltr'><strong>που</strong></span> <span class='ocrx_word' id='word_1_540' title='bbox 542 4547 636 4597; x_wconf 69' lang='grc' dir='ltr'><strong>καὶ</strong></span> <span class='ocrx_word' id='word_1_541' title='bbox 653 4545 746 4597; x_wconf 85' lang='grc' dir='ltr'><strong>τοῦ</strong></span> <span class='ocrx_word' id='word_1_542' title='bbox 779 4545 1011 4614; x_wconf 78' lang='grc' dir='ltr'>στρατοῦ</span> <span class='ocrx_word' id='word_1_543' title='bbox 1045 4545 1234 4610; x_wconf 74' lang='grc' dir='ltr'>δεξιῶς</span> <span class='ocrx_word' id='word_1_544' title='bbox 1266 4547 1507 4609; x_wconf 81' lang='grc' dir='ltr'><strong>διετίθει,</strong></span> <span class='ocrx_word' id='word_1_545' title='bbox 1535 4547 1628 4598; x_wconf 77' lang='grc' dir='ltr'><strong>καὶ</strong></span> <span class='ocrx_word' id='word_1_546' title='bbox 1665 4547 1833 4617; x_wconf 79' lang='grc' dir='ltr'>αὐτὴν</span> <span class='ocrx_word' id='word_1_547' title='bbox 1863 4546 1972 4600; x_wconf 75' lang='grc' dir='ltr'>ἀπὸ</span> 
     </span>
    </p>
   </div>
   <div class='ocr_carea' id='block_1_76' title="bbox 406 4635 1978 4707">
    <p class='ocr_par' dir='ltr' id='par_1_76' title="bbox 406 4635 1978 4707">
     <span class='ocr_line' id='line_1_76' title="bbox 406 4635 1978 4707; baseline 0.001 -19"><span class='ocrx_word' id='word_1_548' title='bbox 406 4637 514 4688; x_wconf 86' lang='grc' dir='ltr'><strong>τῶν</strong></span> <span class='ocrx_word' id='word_1_549' title='bbox 547 4635 778 4703; x_wconf 81' lang='grc' dir='ltr'>σπληνὸς</span> <span class='ocrx_word' id='word_1_550' title='bbox 798 4635 1098 4698; x_wconf 83' lang='grc' dir='ltr'><strong>πιέζουσαν</strong></span> <span class='ocrx_word' id='word_1_551' title='bbox 1128 4635 1280 4687; x_wconf 87' lang='grc' dir='ltr'>νόσον</span> <span class='ocrx_word' id='word_1_552' title='bbox 1315 4637 1547 4698; x_wconf 78' lang='grc' dir='ltr'><strong>συνετῶς</strong></span> <span class='ocrx_word' id='word_1_553' title='bbox 1579 4638 1725 4707; x_wconf 79' lang='grc' dir='ltr'>αὐτῷ</span> <span class='ocrx_word' id='word_1_554' title='bbox 1751 4637 1978 4690; x_wconf 77' lang='grc' dir='ltr'>ἐπεκού-</span> 
     </span>
    </p>
   </div>
   <div class='ocr_carea' id='block_1_77' title="bbox 409 4728 1972 4799">
    <p class='ocr_par' dir='ltr' id='par_1_77' title="bbox 409 4728 1972 4799">
     <span class='ocr_line' id='line_1_77' title="bbox 409 4728 1972 4799; baseline 0.003 -19"><span class='ocrx_word' id='word_1_555' title='bbox 409 4729 527 4796; x_wconf 80' lang='grc' dir='ltr'>φιζι</span> <span class='ocrx_word' id='word_1_556' title='bbox 555 4745 568 4759; x_wconf 89' lang='grc'><strong>·</strong></span> <span class='ocrx_word' id='word_1_557' title='bbox 608 4729 702 4780; x_wconf 74' lang='grc' dir='ltr'><strong>καὶ</strong></span> <span class='ocrx_word' id='word_1_558' title='bbox 751 4728 992 4790; x_wconf 71' lang='grc' dir='ltr'>ἅπαντος</span> <span class='ocrx_word' id='word_1_559' title='bbox 1041 4728 1134 4780; x_wconf 84' lang='grc' dir='ltr'><strong>τοῦ</strong></span> <span class='ocrx_word' id='word_1_560' title='bbox 1166 4729 1416 4782; x_wconf 77' lang='grc' dir='ltr'>ἐντεῦθεν</span> <span class='ocrx_word' id='word_1_561' title='bbox 1453 4729 1764 4799; x_wconf 81' lang='grc' dir='ltr'><strong>ἀπήλλαττε</strong></span> <span class='ocrx_word' id='word_1_562' title='bbox 1800 4731 1972 4794; x_wconf 84' lang='grc' dir='ltr'>δέους.</span> 
     </span>
    </p>
   </div>
   <div class='ocr_carea' id='block_1_78' title="bbox 409 4819 1976 4891">
    <p class='ocr_par' dir='ltr' id='par_1_78' title="bbox 409 4819 1976 4891">
     <span class='ocr_line' id='line_1_78' title="bbox 409 4819 1976 4891; baseline 0 -19"><span class='ocrx_word' id='word_1_563' title='bbox 409 4819 518 4872; x_wconf 75' lang='grc' dir='ltr'><strong>Καὶ</strong></span> <span class='ocrx_word' id='word_1_564' title='bbox 545 4821 598 4872; x_wconf 76' lang='grc' dir='ltr'>εί</span> <span class='ocrx_word' id='word_1_565' title='bbox 626 4836 708 4880; x_wconf 89' lang='grc' dir='ltr'>τις</span> <span class='ocrx_word' id='word_1_566' title='bbox 762 4819 1071 4887; x_wconf 83' lang='grc' dir='ltr'>πλήττουσα</span> <span class='ocrx_word' id='word_1_567' title='bbox 1117 4819 1216 4887; x_wconf 78' lang='grc' dir='ltr'><strong>τὴν</strong></span> <span class='ocrx_word' id='word_1_568' title='bbox 1264 4819 1491 4887; x_wconf 83' lang='grc' dir='ltr'><strong>καρδίαν</strong></span> <span class='ocrx_word' id='word_1_569' title='bbox 1523 4823 1734 4891; x_wconf 84' lang='grc' dir='ltr'>ὑπῆρχε</span> <span class='ocrx_word' id='word_1_570' title='bbox 1759 4827 1976 4891; x_wconf 78' lang='grc' dir='ltr'>φροντὶς</span> 
     </span>
    </p>
   </div>
   <div class='ocr_carea' id='block_1_79' title="bbox 410 4909 1974 4981">
    <p class='ocr_par' dir='ltr' id='par_1_79' title="bbox 410 4909 1974 4981">
     <span class='ocr_line' id='line_1_79' title="bbox 410 4909 1974 4981; baseline 0.002 -20"><span class='ocrx_word' id='word_1_571' title='bbox 410 4911 644 4981; x_wconf 73' lang='grc' dir='ltr'><strong>κοσμικὴ</strong></span> <span class='ocrx_word' id='word_1_572' title='bbox 673 4910 854 4970; x_wconf 84' lang='grc' dir='ltr'>πάσας</span> <span class='ocrx_word' id='word_1_573' title='bbox 882 4909 1217 4978; x_wconf 77' lang='grc' dir='ltr'>ὲξομαλίξων</span> <span class='ocrx_word' id='word_1_574' title='bbox 1263 4911 1433 4964; x_wconf 77' lang='grc' dir='ltr'><strong>ἐτέλει</strong></span> <span class='ocrx_word' id='word_1_575' title='bbox 1469 4911 1668 4981; x_wconf 75' lang='grc' dir='ltr'>ῥᾳδίως</span> <span class='ocrx_word' id='word_1_576' title='bbox 1688 4932 1702 4942; x_wconf 91' lang='grc'><strong>·</strong></span> <span class='ocrx_word' id='word_1_577' title='bbox 1757 4915 1850 4964; x_wconf 75' lang='grc' dir='ltr'><strong>καὶ</strong></span> <span class='ocrx_word' id='word_1_578' title='bbox 1883 4914 1974 4965; x_wconf 76' lang='grc' dir='ltr'><strong>ἐπὶ</strong></span> 
     </span>
    </p>
   </div>
   <div class='ocr_carea' id='block_1_80' title="bbox 407 4997 1976 5070">
    <p class='ocr_par' dir='ltr' id='par_1_80' title="bbox 407 4997 1976 5070">
     <span class='ocr_line' id='line_1_80' title="bbox 407 4997 1976 5070; baseline 0.003 -20"><span class='ocrx_word' id='word_1_579' title='bbox 407 5000 613 5062; x_wconf 78' lang='grc' dir='ltr'>τούτοις</span> <span class='ocrx_word' id='word_1_580' title='bbox 635 5000 732 5060; x_wconf 78' lang='grc' dir='ltr'><strong>τὰς</strong></span> <span class='ocrx_word' id='word_1_581' title='bbox 755 5000 818 5050; x_wconf 80' lang='grc' dir='ltr'><strong>ὲκ</strong></span> <span class='ocrx_word' id='word_1_582' title='bbox 844 4997 952 5051; x_wconf 87' lang='grc' dir='ltr'><strong>τῶν</strong></span> <span class='ocrx_word' id='word_1_583' title='bbox 974 4999 1252 5066; x_wconf 76' lang='grc' dir='ltr'>συγγενῶν</span> <span class='ocrx_word' id='word_1_584' title='bbox 1278 5001 1576 5069; x_wconf 79' lang='grc' dir='ltr'>τηνικαῦτα</span> <span class='ocrx_word' id='word_1_585' title='bbox 1596 5005 1976 5070; x_wconf 68' lang='grc' dir='ltr'>παραφυείσας</span> 
     </span>
    </p>
   </div>
   <div class='ocr_carea' id='block_1_81' title="bbox 332 5093 1978 5163">
    <p class='ocr_par' dir='ltr' id='par_1_81' title="bbox 332 5093 1978 5163">
     <span class='ocr_line' id='line_1_81' title="bbox 332 5093 1978 5163; baseline 0 -17"><span class='ocrx_word' id='word_1_586' title='bbox 332 5128 340 5132; x_wconf 93' lang='grc'><strong>-</strong></span> <span class='ocrx_word' id='word_1_587' title='bbox 408 5093 698 5156; x_wconf 73' lang='grc' dir='ltr'>ὲπιὸουλὰς</span> <span class='ocrx_word' id='word_1_588' title='bbox 722 5094 866 5161; x_wconf 82' lang='grc' dir='ltr'>μάλα</span> <span class='ocrx_word' id='word_1_589' title='bbox 897 5094 1077 5162; x_wconf 81' lang='grc' dir='ltr'>σοφῶς</span> <span class='ocrx_word' id='word_1_590' title='bbox 1103 5093 1268 5155; x_wconf 77' lang='grc' dir='ltr'>αὐτὸς</span> <span class='ocrx_word' id='word_1_591' title='bbox 1297 5095 1535 5163; x_wconf 81' lang='grc' dir='ltr'><strong>ἀνεῖργε,</strong></span> <span class='ocrx_word' id='word_1_592' title='bbox 1559 5095 1860 5147; x_wconf 80' lang='grc' dir='ltr'>συστέλλων</span> <span class='ocrx_word' id='word_1_593' title='bbox 1885 5095 1978 5147; x_wconf 77' lang='grc' dir='ltr'><strong>καὶ</strong></span> 
     </span>
    </p>
   </div>
   <div class='ocr_carea' id='block_1_82' title="bbox 2076 3912 3648 3983">
    <p class='ocr_par' dir='ltr' id='par_1_82' title="bbox 2076 3912 3648 3983">
     <span class='ocr_line' id='line_1_82' title="bbox 2076 3912 3648 3983; baseline 0.004 -18"><span class='ocrx_word' id='word_1_594' title='bbox 2076 3913 2310 3972; x_wconf 88' lang='lat' dir='ltr'><strong>obsidet.</strong></span> <span class='ocrx_word' id='word_1_595' title='bbox 2335 3913 2521 3967; x_wconf 90' lang='lat' dir='ltr'><strong>omnia</strong></span> <span class='ocrx_word' id='word_1_596' title='bbox 2549 3912 2650 3966; x_wconf 90' lang='lat' dir='ltr'><strong>sibi</strong></span> <span class='ocrx_word' id='word_1_597' title='bbox 2685 3930 2749 3967; x_wconf 81' lang='lat' dir='ltr'><strong>ex</strong></span> <span class='ocrx_word' id='word_1_598' title='bbox 2795 3914 2964 3967; x_wconf 89' lang='lat' dir='ltr'><strong>animi</strong></span> <span class='ocrx_word' id='word_1_599' title='bbox 2991 3917 3283 3979; x_wconf 79' lang='lat' dir='ltr'><strong>sententia,</strong></span> <span class='ocrx_word' id='word_1_600' title='bbox 3317 3917 3494 3983; x_wconf 90' lang='lat' dir='ltr'><strong>quoad</strong></span> <span class='ocrx_word' id='word_1_601' title='bbox 3529 3917 3648 3971; x_wconf 86' lang='lat' dir='ltr'><strong>fieri</strong></span> 
     </span>
    </p>
   </div>
   <div class='ocr_carea' id='block_1_83' title="bbox 2076 4003 3650 4074">
    <p class='ocr_par' dir='ltr' id='par_1_83' title="bbox 2076 4003 3650 4074">
     <span class='ocr_line' id='line_1_83' title="bbox 2076 4003 3650 4074; baseline 0.002 -16"><span class='ocrx_word' id='word_1_602' title='bbox 2076 4014 2330 4074; x_wconf 85' lang='lat' dir='ltr'><strong>poterat,</strong></span> <span class='ocrx_word' id='word_1_603' title='bbox 2387 4003 2686 4058; x_wconf 85' lang='lat' dir='ltr'><strong>succedere</strong></span> <span class='ocrx_word' id='word_1_604' title='bbox 2734 4005 3024 4057; x_wconf 85' lang='lat' dir='ltr'><strong>sentiebat.</strong></span> <span class='ocrx_word' id='word_1_605' title='bbox 3087 4005 3302 4057; x_wconf 87' lang='lat' dir='ltr'><strong>Etenim</strong></span> <span class='ocrx_word' id='word_1_606' title='bbox 3353 4007 3650 4074; x_wconf 86' lang='lat' dir='ltr'><strong>adjuvante</strong></span> 
     </span>
    </p>
   </div>
   <div class='ocr_carea' id='block_1_84' title="bbox 2076 4089 3646 4163">
    <p class='ocr_par' dir='ltr' id='par_1_84' title="bbox 2076 4089 3646 4163">
     <span class='ocr_line' id='line_1_84' title="bbox 2076 4089 3646 4163; baseline 0.001 -16"><span class='ocrx_word' id='word_1_607' title='bbox 2076 4109 2272 4162; x_wconf 76' lang='lat' dir='ltr'><strong>magno</strong></span> <span class='ocrx_word' id='word_1_608' title='bbox 2319 4093 2620 4146; x_wconf 79' lang='lat' dir='ltr'><strong>domeSIico</strong></span> <span class='ocrx_word' id='word_1_609' title='bbox 2658 4091 3062 4156; x_wconf 84' lang='lat' dir='ltr'><strong>Cantacuzeno,</strong></span> <span class='ocrx_word' id='word_1_610' title='bbox 3099 4089 3412 4161; x_wconf 78' lang='lat' dir='ltr'><strong>optimeque</strong></span> <span class='ocrx_word' id='word_1_611' title='bbox 3466 4094 3646 4163; x_wconf 90' lang='lat' dir='ltr'><strong>impe-</strong></span> 
     </span>
    </p>
   </div>
   <div class='ocr_carea' id='block_1_85' title="bbox 2078 4180 3655 4252">
    <p class='ocr_par' dir='ltr' id='par_1_85' title="bbox 2078 4180 3655 4252">
     <span class='ocr_line' id='line_1_85' title="bbox 2078 4180 3655 4252; baseline -0.003 -17"><span class='ocrx_word' id='word_1_612' title='bbox 2078 4184 2220 4235; x_wconf 91' lang='lat' dir='ltr'><strong>rium</strong></span> <span class='ocrx_word' id='word_1_613' title='bbox 2248 4197 2370 4234; x_wconf 92' lang='lat' dir='ltr'><strong>cum</strong></span> <span class='ocrx_word' id='word_1_614' title='bbox 2398 4197 2464 4235; x_wconf 89' lang='lat' dir='ltr'><strong>eo</strong></span> <span class='ocrx_word' id='word_1_615' title='bbox 2495 4180 2839 4246; x_wconf 82' lang='lat' dir='ltr'><strong>moderante,</strong></span> <span class='ocrx_word' id='word_1_616' title='bbox 2870 4181 3082 4233; x_wconf 86' lang='lat' dir='ltr'><strong>nullum</strong></span> <span class='ocrx_word' id='word_1_617' title='bbox 3107 4197 3173 4235; x_wconf 84' lang='lat' dir='ltr'><strong>ex</strong></span> <span class='ocrx_word' id='word_1_618' title='bbox 3203 4181 3271 4234; x_wconf 90' lang='lat' dir='ltr'><strong>iis</strong></span> <span class='ocrx_word' id='word_1_619' title='bbox 3301 4181 3498 4250; x_wconf 83' lang='lat' dir='ltr'><strong>quibus</strong></span> <span class='ocrx_word' id='word_1_620' title='bbox 3525 4201 3655 4252; x_wconf 77' lang='lat' dir='ltr'><strong>pre-</strong></span> 
     </span>
    </p>
   </div>
   <div class='ocr_carea' id='block_1_86' title="bbox 2075 4271 3650 4331">
    <p class='ocr_par' dir='ltr' id='par_1_86' title="bbox 2075 4271 3650 4331">
     <span class='ocr_line' id='line_1_86' title="bbox 2075 4271 3650 4331; baseline 0.003 -5"><span class='ocrx_word' id='word_1_621' title='bbox 2075 4273 2329 4326; x_wconf 82' lang='lat' dir='ltr'><strong>mebatur</strong></span> <span class='ocrx_word' id='word_1_622' title='bbox 2381 4271 2744 4326; x_wconf 88' lang='lat' dir='ltr'><strong>incommodis</strong></span> <span class='ocrx_word' id='word_1_623' title='bbox 2794 4271 3205 4326; x_wconf 89' lang='lat' dir='ltr'><strong>incommodum</strong></span> <span class='ocrx_word' id='word_1_624' title='bbox 3255 4289 3376 4328; x_wconf 90' lang='lat' dir='ltr'><strong>esse</strong></span> <span class='ocrx_word' id='word_1_625' title='bbox 3419 4275 3650 4331; x_wconf 79' lang='lat' dir='ltr'><strong>videba-</strong></span> 
     </span>
    </p>
   </div>
   <div class='ocr_carea' id='block_1_87' title="bbox 2078 4362 3652 4450">
    <p class='ocr_par' dir='ltr' id='par_1_87' title="bbox 2078 4362 3652 4450">
     <span class='ocr_line' id='line_1_87' title="bbox 2078 4362 3652 4450; baseline 0.001 -31"><span class='ocrx_word' id='word_1_626' title='bbox 2078 4375 2187 4419; x_wconf 87' lang='lat' dir='ltr'><strong>tur.</strong></span> <span class='ocrx_word' id='word_1_627' title='bbox 2223 4362 2358 4417; x_wconf 88' lang='lat' dir='ltr'><strong>Nam</strong></span> <span class='ocrx_word' id='word_1_628' title='bbox 2390 4373 2446 4418; x_wconf 92' lang='lat' dir='ltr'><strong>et</strong></span> <span class='ocrx_word' id='word_1_629' title='bbox 2474 4363 2790 4416; x_wconf 87' lang='lat' dir='ltr'><strong>diuturnam</strong></span> <span class='ocrx_word' id='word_1_630' title='bbox 2835 4363 2984 4416; x_wconf 80' lang='lat' dir='ltr'><strong>illam</strong></span> <span class='ocrx_word' id='word_1_631' title='bbox 3021 4365 3303 4432; x_wconf 80' lang='lat' dir='ltr'><strong>peregrina</strong></span> <span class='ocrx_word' id='word_1_632' title='bbox 3336 4367 3652 4450; x_wconf 52' lang='lat' dir='ltr'><strong>in‘expedt-</strong></span> 
     </span>
    </p>
   </div>
   <div class='ocr_carea' id='block_1_88' title="bbox 2077 4456 3657 4526">
    <p class='ocr_par' dir='ltr' id='par_1_88' title="bbox 2077 4456 3657 4526">
     <span class='ocr_line' id='line_1_88' title="bbox 2077 4456 3657 4526; baseline 0.002 -16"><span class='ocrx_word' id='word_1_633' title='bbox 2077 4456 2227 4510; x_wconf 89' lang='lat' dir='ltr'><strong>tione</strong></span> <span class='ocrx_word' id='word_1_634' title='bbox 2277 4471 2508 4520; x_wconf 70' lang='lat' dir='ltr'><strong>moram,</strong></span> <span class='ocrx_word' id='word_1_635' title='bbox 2553 4468 2717 4523; x_wconf 88' lang='lat' dir='ltr'><strong>atque</strong></span> <span class='ocrx_word' id='word_1_636' title='bbox 2762 4457 3008 4523; x_wconf 90' lang='lat' dir='ltr'><strong>equitum</strong></span> <span class='ocrx_word' id='word_1_637' title='bbox 3041 4457 3400 4526; x_wconf 89' lang='lat' dir='ltr'><strong>peditumque</strong></span> <span class='ocrx_word' id='word_1_638' title='bbox 3440 4459 3657 4513; x_wconf 84' lang='lat' dir='ltr'><strong>cladem</strong></span> 
     </span>
    </p>
   </div>
   <div class='ocr_carea' id='block_1_89' title="bbox 2076 4547 3658 4618">
    <p class='ocr_par' dir='ltr' id='par_1_89' title="bbox 2076 4547 3658 4618">
     <span class='ocr_line' id='line_1_89' title="bbox 2076 4547 3658 4618; baseline 0.005 -18"><span class='ocrx_word' id='word_1_639' title='bbox 2076 4548 2380 4618; x_wconf 91' lang='lat' dir='ltr'><strong>prudenter</strong></span> <span class='ocrx_word' id='word_1_640' title='bbox 2421 4547 2716 4602; x_wconf 87' lang='lat' dir='ltr'><strong>admodum</strong></span> <span class='ocrx_word' id='word_1_641' title='bbox 2750 4548 3070 4602; x_wconf 79' lang='lat' dir='ltr'><strong>relevabat:</strong></span> <span class='ocrx_word' id='word_1_642' title='bbox 3103 4559 3158 4603; x_wconf 86' lang='lat' dir='ltr'><strong>et</strong></span> <span class='ocrx_word' id='word_1_643' title='bbox 3198 4551 3350 4604; x_wconf 91' lang='lat' dir='ltr'><strong>illum</strong></span> <span class='ocrx_word' id='word_1_644' title='bbox 3393 4569 3461 4606; x_wconf 77' lang='lat' dir='ltr'><strong>ex</strong></span> <span class='ocrx_word' id='word_1_645' title='bbox 3510 4554 3658 4608; x_wconf 82' lang='lat' dir='ltr'><strong>liene</strong></span> 
     </span>
    </p>
   </div>
   <div class='ocr_carea' id='block_1_90' title="bbox 2079 4636 3654 4711">
    <p class='ocr_par' dir='ltr' id='par_1_90' title="bbox 2079 4636 3654 4711">
     <span class='ocr_line' id='line_1_90' title="bbox 2079 4636 3654 4711; baseline 0.004 -20"><span class='ocrx_word' id='word_1_646' title='bbox 2079 4637 2334 4692; x_wconf 89' lang='lat' dir='ltr'><strong>morbum</strong></span> <span class='ocrx_word' id='word_1_647' title='bbox 2383 4636 2576 4691; x_wconf 88' lang='lat' dir='ltr'><strong>eadem</strong></span> <span class='ocrx_word' id='word_1_648' title='bbox 2621 4638 2842 4692; x_wconf 79' lang='lat' dir='ltr'><strong>solertia</strong></span> <span class='ocrx_word' id='word_1_649' title='bbox 2875 4639 3105 4705; x_wconf 89' lang='lat' dir='ltr'><strong>lenibat,</strong></span> <span class='ocrx_word' id='word_1_650' title='bbox 3153 4655 3486 4711; x_wconf 86' lang='lat' dir='ltr'><strong>omnemque</strong></span> <span class='ocrx_word' id='word_1_651' title='bbox 3525 4643 3654 4698; x_wconf 86' lang='lat' dir='ltr'><strong>inde</strong></span> 
     </span>
    </p>
   </div>
   <div class='ocr_carea' id='block_1_91' title="bbox 2083 4726 3655 4802">
    <p class='ocr_par' dir='ltr' id='par_1_91' title="bbox 2083 4726 3655 4802">
     <span class='ocr_line' id='line_1_91' title="bbox 2083 4726 3655 4802; baseline 0.006 -22"><span class='ocrx_word' id='word_1_652' title='bbox 2083 4736 2286 4781; x_wconf 90' lang='lat' dir='ltr'><strong>metum</strong></span> <span class='ocrx_word' id='word_1_653' title='bbox 2343 4726 2731 4802; x_wconf 74' lang='lat' dir='ltr'><strong>abstergebat:</strong></span> <span class='ocrx_word' id='word_1_654' title='bbox 2766 4744 2830 4782; x_wconf 90' lang='lat' dir='ltr'><strong>ac</strong></span> <span class='ocrx_word' id='word_1_655' title='bbox 2877 4729 2924 4782; x_wconf 94' lang='lat' dir='ltr'><strong>si</strong></span> <span class='ocrx_word' id='word_1_656' title='bbox 2977 4731 3108 4798; x_wconf 85' lang='lat' dir='ltr'><strong>quid</strong></span> <span class='ocrx_word' id='word_1_657' title='bbox 3162 4742 3390 4786; x_wconf 72' lang='lat' dir='ltr'><strong>externa</strong></span> <span class='ocrx_word' id='word_1_658' title='bbox 3436 4736 3655 4802; x_wconf 79' lang='lat' dir='ltr'><strong>negotia</strong></span> 
     </span>
    </p>
   </div>
   <div class='ocr_carea' id='block_1_92' title="bbox 2081 4800 3655 4885">
    <p class='ocr_par' dir='ltr' id='par_1_92' title="bbox 2081 4800 3655 4885">
     <span class='ocr_line' id='line_1_92' title="bbox 2081 4800 3655 4885; baseline 0.004 -16"><span class='ocrx_word' id='word_1_659' title='bbox 2081 4800 2467 4870; x_wconf 77' lang='lat' dir='ltr'><strong>sollicitudinis</strong></span> <span class='ocrx_word' id='word_1_660' title='bbox 2493 4801 2864 4885; x_wconf 80' lang='lat' dir='ltr'><strong>aspergerent,</strong></span> <span class='ocrx_word' id='word_1_661' title='bbox 2908 4832 3026 4870; x_wconf 88' lang='lat' dir='ltr'><strong>eam</strong></span> <span class='ocrx_word' id='word_1_662' title='bbox 3056 4818 3147 4872; x_wconf 92' lang='lat' dir='ltr'><strong>ille</strong></span> <span class='ocrx_word' id='word_1_663' title='bbox 3171 4800 3655 4876; x_wconf 80' lang='lat' dir='ltr'><strong>administratione</strong></span> 
     </span>
    </p>
   </div>
   <div class='ocr_carea' id='block_1_93' title="bbox 2083 4906 3656 4979">
    <p class='ocr_par' dir='ltr' id='par_1_93' title="bbox 2083 4906 3656 4979">
     <span class='ocr_line' id='line_1_93' title="bbox 2083 4906 3656 4979; baseline 0.004 -19"><span class='ocrx_word' id='word_1_664' title='bbox 2083 4923 2179 4960; x_wconf 90' lang='lat' dir='ltr'><strong>sua</strong></span> <span class='ocrx_word' id='word_1_665' title='bbox 2212 4906 2372 4962; x_wconf 87' lang='lat' dir='ltr'><strong>facile</strong></span> <span class='ocrx_word' id='word_1_666' title='bbox 2425 4908 2807 4976; x_wconf 82' lang='lat' dir='ltr'><strong>componebat.</strong></span> <span class='ocrx_word' id='word_1_667' title='bbox 2861 4909 2938 4962; x_wconf 84' lang='lat' dir='ltr'><strong>Ad</strong></span> <span class='ocrx_word' id='word_1_668' title='bbox 2978 4910 3090 4964; x_wconf 79' lang='lat' dir='ltr'><strong>haec</strong></span> <span class='ocrx_word' id='word_1_669' title='bbox 3119 4922 3475 4979; x_wconf 81' lang='lat' dir='ltr'><strong>cognatorum</strong></span> <span class='ocrx_word' id='word_1_670' title='bbox 3523 4913 3656 4966; x_wconf 90' lang='lat' dir='ltr'><strong>insi-</strong></span> 
     </span>
    </p>
   </div>
   <div class='ocr_carea' id='block_1_94' title="bbox 2083 4999 3655 5070">
    <p class='ocr_par' dir='ltr' id='par_1_94' title="bbox 2083 4999 3655 5070">
     <span class='ocr_line' id='line_1_94' title="bbox 2083 4999 3655 5070; baseline 0.004 -18"><span class='ocrx_word' id='word_1_671' title='bbox 2083 4999 2219 5060; x_wconf 89' lang='lat' dir='ltr'><strong>dias,</strong></span> <span class='ocrx_word' id='word_1_672' title='bbox 2256 5013 2378 5067; x_wconf 64' lang='lat' dir='ltr'><strong>quai</strong></span> <span class='ocrx_word' id='word_1_673' title='bbox 2423 5006 2537 5050; x_wconf 91' lang='lat' dir='ltr'><strong>tum</strong></span> <span class='ocrx_word' id='word_1_674' title='bbox 2585 5007 2775 5053; x_wconf 88' lang='lat' dir='ltr'><strong>contra</strong></span> <span class='ocrx_word' id='word_1_675' title='bbox 2822 4999 3170 5068; x_wconf 77' lang='lat' dir='ltr'><strong>imperatoris</strong></span> <span class='ocrx_word' id='word_1_676' title='bbox 3199 5014 3362 5070; x_wconf 88' lang='lat' dir='ltr'><strong>caput</strong></span> <span class='ocrx_word' id='word_1_677' title='bbox 3393 5015 3655 5069; x_wconf 60' lang='lat' dir='ltr'><strong>grassata:</strong></span> 
     </span>
    </p>
   </div>
   <div class='ocr_carea' id='block_1_95' title="bbox 2082 5091 3652 5159">
    <p class='ocr_par' dir='ltr' id='par_1_95' title="bbox 2082 5091 3652 5159">
     <span class='ocr_line' id='line_1_95' title="bbox 2082 5091 3652 5159; baseline 0.004 -17"><span class='ocrx_word' id='word_1_678' title='bbox 2082 5099 2232 5152; x_wconf 90' lang='lat' dir='ltr'><strong>sunt,</strong></span> <span class='ocrx_word' id='word_1_679' title='bbox 2261 5091 2538 5158; x_wconf 88' lang='lat' dir='ltr'><strong>sapienter</strong></span> <span class='ocrx_word' id='word_1_680' title='bbox 2572 5093 2854 5159; x_wconf 86' lang='lat' dir='ltr'><strong>repressit,</strong></span> <span class='ocrx_word' id='word_1_681' title='bbox 2891 5094 3148 5147; x_wconf 79' lang='lat' dir='ltr'><strong>omnibus</strong></span> <span class='ocrx_word' id='word_1_682' title='bbox 3185 5094 3236 5146; x_wconf 91' lang='lat' dir='ltr'><strong>in</strong></span> <span class='ocrx_word' id='word_1_683' title='bbox 3276 5104 3392 5148; x_wconf 89' lang='lat' dir='ltr'><strong>tuto</strong></span> <span class='ocrx_word' id='word_1_684' title='bbox 3415 5095 3652 5148; x_wconf 76' lang='lat' dir='ltr'><strong>colloca-</strong></span> 
     </span>
    </p>
   </div>
   <div class='ocr_carea' id='block_1_96' title="bbox 407 5161 1969 5261">
    <p class='ocr_par' dir='ltr' id='par_1_96' title="bbox 407 5161 1969 5261">
     <span class='ocr_line' id='line_1_96' title="bbox 407 5161 1969 5261; baseline -0.002 -22"><span class='ocrx_word' id='word_1_685' title='bbox 407 5185 761 5261; x_wconf 82' lang='grc' dir='ltr'>ᾴπαλλάττων</span> <span class='ocrx_word' id='word_1_686' title='bbox 781 5187 867 5244; x_wconf 80' lang='grc' dir='ltr'><strong>είς</strong></span> <span class='ocrx_word' id='word_1_687' title='bbox 896 5161 1192 5253; x_wconf 78' lang='grc' dir='ltr'>τάσφαλὲς,</span> <span class='ocrx_word' id='word_1_688' title='bbox 1225 5187 1356 5254; x_wconf 80' lang='grc' dir='ltr'>πρὶν</span> <span class='ocrx_word' id='word_1_689' title='bbox 1396 5161 1476 5248; x_wconf 82' lang='grc' dir='ltr'><strong>εἰς</strong></span> <span class='ocrx_word' id='word_1_690' title='bbox 1521 5187 1688 5247; x_wconf 73' lang='grc' dir='ltr'>ἀκοὰς</span> <span class='ocrx_word' id='word_1_691' title='bbox 1740 5183 1969 5252; x_wconf 57' lang='grc' dir='ltr'>ίὲναικτῷ</span> 
     </span>
    </p>
   </div>
   <div class='ocr_carea' id='block_1_97' title="bbox 2072 5161 3656 5261">
    <p class='ocr_par' dir='ltr' id='par_1_97' title="bbox 2084 5181 3656 5256">
     <span class='ocr_line' id='line_1_97' title="bbox 2084 5181 3656 5256; baseline 0.001 -21"><span class='ocrx_word' id='word_1_692' title='bbox 2084 5182 2172 5256; x_wconf 67' lang='grc' dir='ltr'><strong>εἰς,</strong></span> <span class='ocrx_word' id='word_1_693' title='bbox 2197 5192 2492 5249; x_wconf 80' lang='lat' dir='ltr'><strong>antequam</strong></span> <span class='ocrx_word' id='word_1_694' title='bbox 2523 5181 2587 5233; x_wconf 88' lang='lat' dir='ltr'><strong>ad</strong></span> <span class='ocrx_word' id='word_1_695' title='bbox 2621 5197 2782 5235; x_wconf 88' lang='lat' dir='ltr'><strong>aures</strong></span> <span class='ocrx_word' id='word_1_696' title='bbox 2809 5182 3158 5250; x_wconf 89' lang='lat' dir='ltr'><strong>imperatoris</strong></span> <span class='ocrx_word' id='word_1_697' title='bbox 3200 5185 3534 5237; x_wconf 86' lang='lat' dir='ltr'><strong>acciderent.</strong></span> <span class='ocrx_word' id='word_1_698' title='bbox 3569 5186 3656 5238; x_wconf 83' lang='lat' dir='ltr'><strong>Si-</strong></span> 
     </span>
    </p>
   </div>
   <div class='ocr_carea' id='block_1_98' title="bbox 412 5273 1978 5344">
    <p class='ocr_par' dir='ltr' id='par_1_98' title="bbox 412 5273 1978 5344">
     <span class='ocr_line' id='line_1_98' title="bbox 412 5273 1978 5344; baseline -0.001 -18"><span class='ocrx_word' id='word_1_699' title='bbox 412 5274 638 5343; x_wconf 83' lang='grc' dir='ltr'>βασιλεῖ.</span> <span class='ocrx_word' id='word_1_700' title='bbox 675 5273 892 5334; x_wconf 77' lang='grc' dir='ltr'>Πολλοῖς</span> <span class='ocrx_word' id='word_1_701' title='bbox 924 5273 1032 5342; x_wconf 73' lang='grc' dir='ltr'><strong>γὰρ</strong></span> <span class='ocrx_word' id='word_1_702' title='bbox 1057 5276 1429 5342; x_wconf 79' lang='grc' dir='ltr'>κοσμούμενος</span> <span class='ocrx_word' id='word_1_703' title='bbox 1462 5277 1489 5327; x_wconf 81' lang='grc' dir='ltr'><strong>ὁ</strong></span> <span class='ocrx_word' id='word_1_704' title='bbox 1515 5275 1654 5344; x_wconf 82' lang='grc' dir='ltr'><strong>ἀνὴρ</strong></span> <span class='ocrx_word' id='word_1_705' title='bbox 1681 5278 1793 5336; x_wconf 87' lang='grc' dir='ltr'>τοῖς</span> <span class='ocrx_word' id='word_1_706' title='bbox 1821 5275 1978 5327; x_wconf 78' lang='grc' dir='ltr'>πλεο-</span> 
     </span>
    </p>
   </div>
   <div class='ocr_carea' id='block_1_99' title="bbox 409 5364 1975 5436">
    <p class='ocr_par' dir='ltr' id='par_1_99' title="bbox 409 5364 1975 5436">
     <span class='ocr_line' id='line_1_99' title="bbox 409 5364 1975 5436; baseline 0.001 -18"><span class='ocrx_word' id='word_1_707' title='bbox 409 5366 766 5436; x_wconf 78' lang='grc' dir='ltr'>νεκτήμασιν,</span> <span class='ocrx_word' id='word_1_708' title='bbox 800 5365 898 5417; x_wconf 83' lang='grc' dir='ltr'>ὅσα</span> <span class='ocrx_word' id='word_1_709' title='bbox 925 5381 986 5417; x_wconf 91' lang='grc' dir='ltr'>τε</span> <span class='ocrx_word' id='word_1_710' title='bbox 1015 5365 1174 5430; x_wconf 83' lang='grc' dir='ltr'>φύσις</span> <span class='ocrx_word' id='word_1_711' title='bbox 1199 5364 1502 5434; x_wconf 79' lang='grc' dir='ltr'>χαρίζεται,</span> <span class='ocrx_word' id='word_1_712' title='bbox 1535 5368 1628 5419; x_wconf 80' lang='grc' dir='ltr'><strong>καὶ</strong></span> <span class='ocrx_word' id='word_1_713' title='bbox 1655 5368 1754 5420; x_wconf 84' lang='grc' dir='ltr'>ὅσα</span> <span class='ocrx_word' id='word_1_714' title='bbox 1787 5366 1975 5436; x_wconf 67' lang='grc' dir='ltr'>βαθεῖα</span> 
     </span>
    </p>
   </div>
   <div class='ocr_carea' id='block_1_100' title="bbox 412 5455 1976 5526">
    <p class='ocr_par' dir='ltr' id='par_1_100' title="bbox 412 5455 1976 5526">
     <span class='ocr_line' id='line_1_100' title="bbox 412 5455 1976 5526; baseline -0.003 -16"><span class='ocrx_word' id='word_1_715' title='bbox 412 5457 629 5518; x_wconf 82' lang='grc' dir='ltr'>σύνεσις</span> <span class='ocrx_word' id='word_1_716' title='bbox 659 5456 874 5523; x_wconf 81' lang='grc' dir='ltr'>εὐφυῶς</span> <span class='ocrx_word' id='word_1_717' title='bbox 907 5455 1342 5524; x_wconf 81' lang='grc' dir='ltr'>πηδαλιουχοῦσα</span> <span class='ocrx_word' id='word_1_718' title='bbox 1370 5458 1584 5524; x_wconf 82' lang='grc' dir='ltr'><strong>κοσμεῖ,</strong></span> <span class='ocrx_word' id='word_1_719' title='bbox 1611 5457 1750 5526; x_wconf 85' lang='grc' dir='ltr'>πρὸς</span> <span class='ocrx_word' id='word_1_720' title='bbox 1776 5457 1976 5518; x_wconf 74' lang='grc' dir='ltr'>παντὸς</span> 
     </span>
    </p>
   </div>
   <div class='ocr_carea' id='block_1_101' title="bbox 409 5543 1973 5616">
    <p class='ocr_par' dir='ltr' id='par_1_101' title="bbox 409 5543 1973 5616">
     <span class='ocr_line' id='line_1_101' title="bbox 409 5543 1973 5616; baseline -0.001 -17"><span class='ocrx_word' id='word_1_721' title='bbox 409 5549 662 5615; x_wconf 69' lang='grc' dir='ltr'>ἠγαπᾶτο</span> <span class='ocrx_word' id='word_1_722' title='bbox 711 5545 806 5598; x_wconf 85' lang='grc' dir='ltr'>τοῦ</span> <span class='ocrx_word' id='word_1_723' title='bbox 865 5546 1226 5616; x_wconf 81' lang='grc' dir='ltr'>στρατοπέδου</span> <span class='ocrx_word' id='word_1_724' title='bbox 1253 5562 1268 5577; x_wconf 79' lang='grc' dir='ltr'><strong>ο</strong></span> <span class='ocrx_word' id='word_1_725' title='bbox 1314 5548 1406 5598; x_wconf 77' lang='grc' dir='ltr'><strong>καὶ</strong></span> <span class='ocrx_word' id='word_1_726' title='bbox 1465 5543 1535 5616; x_wconf 75' lang='grc' dir='ltr'>ἦν</span> <span class='ocrx_word' id='word_1_727' title='bbox 1579 5548 1751 5610; x_wconf 80' lang='grc' dir='ltr'>οὐδεὶς</span> <span class='ocrx_word' id='word_1_728' title='bbox 1800 5547 1856 5608; x_wconf 81' lang='grc' dir='ltr'>ὃς</span> <span class='ocrx_word' id='word_1_729' title='bbox 1915 5550 1973 5599; x_wconf 71' lang='grc' dir='ltr'>οὔ</span> 
     </span>
    </p>
   </div>
   <div class='ocr_carea' id='block_1_102' title="bbox 408 5637 1978 5708">
    <p class='ocr_par' dir='ltr' id='par_1_102' title="bbox 408 5637 1978 5708">
     <span class='ocr_line' id='line_1_102' title="bbox 408 5637 1978 5708; baseline 0.001 -20"><span class='ocrx_word' id='word_1_730' title='bbox 408 5639 692 5708; x_wconf 79' lang='grc' dir='ltr'>προύτίθει</span> <span class='ocrx_word' id='word_1_731' title='bbox 721 5638 819 5707; x_wconf 80' lang='grc' dir='ltr'><strong>τῆς</strong></span> <span class='ocrx_word' id='word_1_732' title='bbox 844 5637 930 5690; x_wconf 73' lang='grc' dir='ltr'><strong>ἐπ’</strong></span> <span class='ocrx_word' id='word_1_733' title='bbox 973 5637 1139 5692; x_wconf 79' lang='grc' dir='ltr'>αὐτοῦ</span> <span class='ocrx_word' id='word_1_734' title='bbox 1177 5638 1322 5706; x_wconf 81' lang='grc' dir='ltr'>ζωῆς</span> <span class='ocrx_word' id='word_1_735' title='bbox 1365 5640 1465 5707; x_wconf 81' lang='grc' dir='ltr'><strong>τὴν</strong></span> <span class='ocrx_word' id='word_1_736' title='bbox 1495 5640 1705 5691; x_wconf 83' lang='grc' dir='ltr'>ἐκείνου</span> <span class='ocrx_word' id='word_1_737' title='bbox 1754 5657 1767 5670; x_wconf 78' lang='grc' dir='ltr'><strong>ο</strong></span> <span class='ocrx_word' id='word_1_738' title='bbox 1818 5641 1880 5692; x_wconf 68' lang='grc' dir='ltr'><strong>τά</strong></span> <span class='ocrx_word' id='word_1_739' title='bbox 1920 5657 1978 5690; x_wconf 87' lang='grc' dir='ltr'><strong>τε</strong></span> 
     </span>
    </p>
   </div>
   <div class='ocr_carea' id='block_1_103' title="bbox 410 5726 1983 5800">
    <p class='ocr_par' dir='ltr' id='par_1_103' title="bbox 410 5726 1983 5800">
     <span class='ocr_line' id='line_1_103' title="bbox 410 5726 1983 5800; baseline 0.001 -21"><span class='ocrx_word' id='word_1_740' title='bbox 410 5726 520 5798; x_wconf 65' lang='grc' dir='ltr'><strong>γὰρ</strong></span> <span class='ocrx_word' id='word_1_741' title='bbox 569 5727 852 5796; x_wconf 77' lang='grc' dir='ltr'>φιλότιμον</span> <span class='ocrx_word' id='word_1_742' title='bbox 899 5727 996 5798; x_wconf 79' lang='grc' dir='ltr'><strong>τῆς</strong></span> <span class='ocrx_word' id='word_1_743' title='bbox 1037 5727 1215 5794; x_wconf 78' lang='grc' dir='ltr'>δεξιᾶς</span> <span class='ocrx_word' id='word_1_744' title='bbox 1249 5729 1342 5782; x_wconf 81' lang='grc' dir='ltr'><strong>καὶ</strong></span> <span class='ocrx_word' id='word_1_745' title='bbox 1378 5728 1436 5781; x_wconf 74' lang='grc' dir='ltr'><strong>τὸ</strong></span> <span class='ocrx_word' id='word_1_746' title='bbox 1461 5729 1552 5782; x_wconf 76' lang='grc' dir='ltr'><strong>τοῦ</strong></span> <span class='ocrx_word' id='word_1_747' title='bbox 1578 5729 1742 5799; x_wconf 72' lang='grc' dir='ltr'>ἤθους</span> <span class='ocrx_word' id='word_1_748' title='bbox 1785 5747 1983 5800; x_wconf 75' lang='grc' dir='ltr'>καρτε-</span> 
     </span>
    </p>
   </div>
   <div class='ocr_carea' id='block_1_104' title="bbox 2073 5274 3652 5348">
    <p class='ocr_par' dir='ltr' id='par_1_104' title="bbox 2073 5274 3652 5348">
     <span class='ocr_line' id='line_1_104' title="bbox 2073 5274 3652 5348; baseline 0 -21"><span class='ocrx_word' id='word_1_749' title='bbox 2073 5275 2295 5343; x_wconf 89' lang='lat' dir='ltr'><strong>quidetn</strong></span> <span class='ocrx_word' id='word_1_750' title='bbox 2335 5274 2521 5328; x_wconf 91' lang='lat' dir='ltr'><strong>multis</strong></span> <span class='ocrx_word' id='word_1_751' title='bbox 2548 5275 2718 5328; x_wconf 90' lang='lat' dir='ltr'><strong>animi</strong></span> <span class='ocrx_word' id='word_1_752' title='bbox 2759 5276 3102 5330; x_wconf 89' lang='lat' dir='ltr'><strong>ornamentis</strong></span> <span class='ocrx_word' id='word_1_753' title='bbox 3128 5277 3214 5348; x_wconf 88' lang='lat' dir='ltr'><strong>vir</strong></span> <span class='ocrx_word' id='word_1_754' title='bbox 3245 5277 3337 5330; x_wconf 91' lang='lat' dir='ltr'><strong>ille</strong></span> <span class='ocrx_word' id='word_1_755' title='bbox 3367 5274 3652 5344; x_wconf 64' lang='lat' dir='ltr'><strong>pratditns,</strong></span> 
     </span>
    </p>
   </div>
   <div class='ocr_carea' id='block_1_105' title="bbox 2083 5362 3658 5437">
    <p class='ocr_par' dir='ltr' id='par_1_105' title="bbox 2083 5362 3658 5437">
     <span class='ocr_line' id='line_1_105' title="bbox 2083 5362 3658 5437; baseline 0.001 -19"><span class='ocrx_word' id='word_1_756' title='bbox 2083 5381 2206 5434; x_wconf 66' lang='lat' dir='ltr'><strong>qua:</strong></span> <span class='ocrx_word' id='word_1_757' title='bbox 2257 5378 2351 5418; x_wconf 89' lang='lat' dir='ltr'><strong>aut</strong></span> <span class='ocrx_word' id='word_1_758' title='bbox 2410 5380 2440 5416; x_wconf 90' lang='lat' dir='ltr'><strong>a</strong></span> <span class='ocrx_word' id='word_1_759' title='bbox 2503 5374 2701 5416; x_wconf 88' lang='lat' dir='ltr'><strong>natura</strong></span> <span class='ocrx_word' id='word_1_760' title='bbox 2758 5364 2922 5419; x_wconf 88' lang='lat' dir='ltr'><strong>insita</strong></span> <span class='ocrx_word' id='word_1_761' title='bbox 2978 5375 3126 5437; x_wconf 70' lang='lat' dir='ltr'><strong>sunt,</strong></span> <span class='ocrx_word' id='word_1_762' title='bbox 3176 5374 3270 5419; x_wconf 88' lang='lat' dir='ltr'><strong>aut</strong></span> <span class='ocrx_word' id='word_1_763' title='bbox 3318 5362 3658 5434; x_wconf 66' lang='lat' dir='ltr'><strong>exaggerata:</strong></span> 
     </span>
    </p>
   </div>
   <div class='ocr_carea' id='block_1_106' title="bbox 2081 5453 3658 5532">
    <p class='ocr_par' dir='ltr' id='par_1_106' title="bbox 2081 5453 3658 5532">
     <span class='ocr_line' id='line_1_106' title="bbox 2081 5453 3658 5532; baseline 0 -21"><span class='ocrx_word' id='word_1_764' title='bbox 2081 5457 2304 5518; x_wconf 85' lang='lat' dir='ltr'><strong>mentis,</strong></span> <span class='ocrx_word' id='word_1_765' title='bbox 2347 5471 2469 5524; x_wconf 65' lang='lat' dir='ltr'><strong>qua:</strong></span> <span class='ocrx_word' id='word_1_766' title='bbox 2503 5453 2629 5506; x_wconf 73' lang='lat' dir='ltr'><strong>vita:</strong></span> <span class='ocrx_word' id='word_1_767' title='bbox 2660 5463 2862 5508; x_wconf 72' lang='lat' dir='ltr'><strong>nostrae</strong></span> <span class='ocrx_word' id='word_1_768' title='bbox 2915 5457 3248 5510; x_wconf 83' lang='lat' dir='ltr'><strong>moderatrix</strong></span> <span class='ocrx_word' id='word_1_769' title='bbox 3291 5456 3500 5524; x_wconf 87' lang='lat' dir='ltr'><strong>optima</strong></span> <span class='ocrx_word' id='word_1_770' title='bbox 3547 5468 3658 5532; x_wconf 66' lang='lat' dir='ltr'><strong>est,</strong></span> 
     </span>
    </p>
   </div>
   <div class='ocr_carea' id='block_1_107' title="bbox 2079 5542 3655 5618">
    <p class='ocr_par' dir='ltr' id='par_1_107' title="bbox 2079 5542 3655 5618">
     <span class='ocr_line' id='line_1_107' title="bbox 2079 5542 3655 5618; baseline 0.001 -19"><span class='ocrx_word' id='word_1_771' title='bbox 2079 5545 2373 5616; x_wconf 89' lang='lat' dir='ltr'><strong>prudentia</strong></span> <span class='ocrx_word' id='word_1_772' title='bbox 2413 5545 2666 5614; x_wconf 62' lang='lat' dir='ltr'><strong>quaesita,</strong></span> <span class='ocrx_word' id='word_1_773' title='bbox 2706 5542 2847 5611; x_wconf 83' lang='lat' dir='ltr'><strong>apud</strong></span> <span class='ocrx_word' id='word_1_774' title='bbox 2897 5545 3122 5599; x_wconf 73' lang='lat' dir='ltr'><strong>militem</strong></span> <span class='ocrx_word' id='word_1_775' title='bbox 3159 5545 3430 5616; x_wconf 80' lang='lat' dir='ltr'><strong>gratiosus</strong></span> <span class='ocrx_word' id='word_1_776' title='bbox 3464 5547 3655 5618; x_wconf 88' lang='lat' dir='ltr'><strong>impri-</strong></span> 
     </span>
    </p>
   </div>
   <div class='ocr_carea' id='block_1_108' title="bbox 2081 5636 3655 5706">
    <p class='ocr_par' dir='ltr' id='par_1_108' title="bbox 2081 5636 3655 5706">
     <span class='ocr_line' id='line_1_108' title="bbox 2081 5636 3655 5706; baseline 0 -14"><span class='ocrx_word' id='word_1_777' title='bbox 2081 5638 2186 5692; x_wconf 89' lang='lat' dir='ltr'><strong>mis</strong></span> <span class='ocrx_word' id='word_1_778' title='bbox 2234 5645 2375 5698; x_wconf 89' lang='lat' dir='ltr'><strong>erat,</strong></span> <span class='ocrx_word' id='word_1_779' title='bbox 2431 5645 2491 5688; x_wconf 91' lang='lat' dir='ltr'><strong>ut</strong></span> <span class='ocrx_word' id='word_1_780' title='bbox 2539 5649 2703 5687; x_wconf 91' lang='lat' dir='ltr'><strong>nemo</strong></span> <span class='ocrx_word' id='word_1_781' title='bbox 2748 5645 2892 5689; x_wconf 89' lang='lat' dir='ltr'><strong>esset</strong></span> <span class='ocrx_word' id='word_1_782' title='bbox 2937 5636 3028 5703; x_wconf 83' lang='lat' dir='ltr'><strong>qui</strong></span> <span class='ocrx_word' id='word_1_783' title='bbox 3066 5652 3173 5689; x_wconf 91' lang='lat' dir='ltr'><strong>non</strong></span> <span class='ocrx_word' id='word_1_784' title='bbox 3211 5638 3330 5706; x_wconf 86' lang='lat' dir='ltr'><strong>ejus</strong></span> <span class='ocrx_word' id='word_1_785' title='bbox 3376 5637 3544 5692; x_wconf 86' lang='lat' dir='ltr'><strong>vitam</strong></span> <span class='ocrx_word' id='word_1_786' title='bbox 3591 5654 3655 5692; x_wconf 80' lang='lat' dir='ltr'><strong>ac</strong></span> 
     </span>
    </p>
   </div>
   <div class='ocr_carea' id='block_1_109' title="bbox 2088 5725 3662 5798">
    <p class='ocr_par' dir='ltr' id='par_1_109' title="bbox 2088 5725 3662 5798">
     <span class='ocr_line' id='line_1_109' title="bbox 2088 5725 3662 5798; baseline 0.001 -17"><span class='ocrx_word' id='word_1_787' title='bbox 2088 5727 2319 5781; x_wconf 86' lang='lat' dir='ltr'><strong>salutem</strong></span> <span class='ocrx_word' id='word_1_788' title='bbox 2351 5733 2712 5794; x_wconf 80' lang='lat' dir='ltr'><strong>anteponeret</strong></span> <span class='ocrx_word' id='word_1_789' title='bbox 2752 5741 2886 5779; x_wconf 79' lang='lat' dir='ltr'><strong>suae.</strong></span> <span class='ocrx_word' id='word_1_790' title='bbox 2933 5725 3066 5780; x_wconf 81' lang='lat' dir='ltr'><strong>Nam</strong></span> <span class='ocrx_word' id='word_1_791' title='bbox 3103 5741 3226 5783; x_wconf 88' lang='lat' dir='ltr'><strong>cum</strong></span> <span class='ocrx_word' id='word_1_792' title='bbox 3258 5743 3326 5786; x_wconf 88' lang='lat' dir='ltr'><strong>ne</strong></span> <span class='ocrx_word' id='word_1_793' title='bbox 3355 5727 3409 5782; x_wconf 93' lang='lat' dir='ltr'><strong>in</strong></span> <span class='ocrx_word' id='word_1_794' title='bbox 3435 5729 3662 5798; x_wconf 78' lang='lat' dir='ltr'><strong>expedi-</strong></span> 
     </span>
    </p>
   </div>
  </div>
