4106 6292
436 401 505 461 35
1528 364 1888 463 ’ποΑΝΝΕε
1928 362 2545 459 CANTACUZENUS.
3610 396 3683 457 ss

441 514 592 567 tione
653 512 917 581 quidem,
966 511 1244 581 tantisque
1305 511 1541 581 negotiis
1583 512 1881 580 quidquam
1940 508 2047 581 de,

2129 506 2264 558 >ικὲιν
2320 506 2429 558 οὐδ’
2483 508 2544 557 ἐν
2598 506 2717 569 ταῖς
2767 503 3080 573 ὑπερορίοις
3135 503 3441 569 διατριϐαῖς
3476 521 3535 557 τε
3595 511 3688 556 καὶ

442 605 672 672 pristina
702 604 1029 660 liberalitate
1085 604 1367 673 animique
1412 605 1714 657 constantia
1746 612 2005 665 mutaret,

442 696 689 749 mutabat
721 696 810 750 ille
838 705 1018 749 tamen
1058 696 1109 748 in
1149 696 1344 749 melius
1374 710 1560 748 eorum
1590 697 1884 757 fortunam,
1913 693 2007 759 qui

442 791 558 835 tum
593 781 735 835 fame
781 798 843 837 ac
877 793 1026 850 peste
1066 784 1408 837 laborabant.
1444 785 1620 848 Quare
1666 798 1857 837 oumcs
1902 798 2008 835 una

442 888 575 926 voce
604 875 699 941 qui
725 886 1056 942 supererant
1085 876 1286 928 milites
1310 890 1372 929 ac
1396 875 1583 948 duces,
1611 875 1834 929 ordines
1854 890 2008 944 aeque

442 970 606 1029 atque
646 963 902 1016 ordinum
939 964 1179 1032 prmiecti
1208 975 1546 1018 servatorem
1582 965 1759 1027 illum,
1792 974 1847 1018 et
1877 966 2012 1018 alto-

443 1067 581 1117 rem,
627 1070 689 1107 ac
728 1055 1039 1124 largitorem
1075 1056 1373 1122 appellare.
1426 1066 1539 1108 tum
1588 1072 1652 1110 ea
1685 1057 2007 1125 praedicare,

442 1145 647 1213 quibus
693 1145 998 1199 Romanum
1049 1146 1343 1215 imperium
1376 1147 1645 1201 illustrius
1677 1149 1903 1209 fecerat,
1932 1154 2009 1209 et,

445 1244 506 1289 ut
537 1237 851 1289 summatim
890 1238 1243 1305 complectar,
1275 1238 1542 1306 quidquid
1573 1238 1676 1292 sub
1708 1238 1849 1291 idem
1879 1247 2015 1290 tem-

443 1340 547 1394 pus
590 1326 707 1394 ejus
750 1329 853 1381 viri
886 1328 1178 1397 prudentia
1222 1329 1532 1382 confectum
1587 1339 1691 1389 est,
1731 1343 1854 1396 quin
1904 1335 2012 1381 tam

446 1417 750 1485 propinqua
806 1430 972 1486 quam
1028 1420 1218 1472 dissita
1277 1398 1614 1472 moderando
1673 1420 2010 1473 continebat.

444 1507 663 1562 Etenim
703 1509 831 1563 dum
866 1527 972 1564 una
1013 1526 1137 1565 cum
1178 1512 1509 1579 imperatore
1547 1512 1892 1565 Acarnanum
1927 1529 2016 1566 ur-

450 1598 575 1653 bem
629 1600 867 1665 obsidet,
908 1604 1291 1671 comprehensi
1340 1611 1470 1656 sunt
1523 1604 1618 1672 qui
1670 1603 2012 1672 tyrannidem

448 1692 764 1761 cogitabant
796 1710 859 1750 ac
882 1696 1141 1765 Byzantio
1179 1697 1567 1759 imminebant,
1598 1712 1699 1750 nec
1729 1699 1889 1765 pauci
1917 1714 2017 1754 nec

449 1783 692 1851 obscuri,
718 1787 786 1840 de
812 1787 1016 1856 quibus
1038 1788 1194 1856 plura
1226 1801 1416 1859 postea
1448 1787 1680 1843 dicenda
1709 1799 1859 1844 sunt.

2108 602 2391 672 ἀσχολίαις
2419 600 2685 670 ἀμείϐων,
2708 599 2934 670 ἤμειϐεν
2960 600 3112 668 ὅμως
3165 598 3263 661 τὰς
3290 599 3460 669 τύχοις
3490 599 3598 652 τῶν
3630 600 3688 651 ὲν

2108 695 2219 755 τοῖς
2246 693 2428 754 ὅπλοις
2457 694 2535 762 τῷ
2558 710 2617 744 τε
2641 690 2785 761 λιμῷ
2806 692 2900 743 καὶ
2923 690 3097 759 λοιμῷ
3128 690 3688 759 προσταλαιπωρούν-

2110 797 2219 834 των
2255 783 2312 845 ἐς
2340 800 2401 849 γε
2426 784 2486 835 τὸ
2521 782 2766 853 βέλτιον·
2821 781 2913 833 καὶ
2966 776 3107 849 ἦσαν
3159 778 3348 847 ὥσπερ
3385 781 3448 831 ὲκ
3484 782 3610 848 μιᾶς
3639 781 3709 852 οἱ.

2112 876 2557 945 περιλειπόμενοι
2602 873 2842 945 βοῶντες
2878 872 3115 933 ἅπαντες
3142 870 3387 939 γλώττης
3420 870 3689 940 στρατιῶ-

2113 988 2204 1025 ται
2233 970 2330 1023 καὶ
2370 967 2688 1039 στρατηγοὶ,
2711 966 2857 1036 λόχοι
2891 964 2985 1018 καὶ
3017 963 3261 1033 λοχαγοὶ,
3300 962 3521 1031 σωτῆρα
3561 961 3686 1014 τοῦ-

2112 1077 2226 1123 τον,
2259 1060 2355 1111 καὶ
2388 1056 2615 1123 τροφέα,
2646 1056 2740 1107 καὶ
2772 1054 3150 1121 πλουτοδότην,
3183 1052 3276 1105 καὶ
3310 1052 3408 1105 ὅσα
3439 1053 3536 1119 τὴν
3560 1051 3694 1103 Ῥω-

2119 1150 2297 1219 μαίων
2320 1148 2620 1217 ἡγεμονίαν
2649 1146 2998 1214 ἐνδοξοτέραν
3029 1144 3356 1211 καθίστησι·
3389 1142 3482 1195 κα)¹
3524 1140 3593 1194 ἵν’
3615 1141 3690 1203 ὡς

2114 1242 2172 1293 ὲν
2201 1237 2880 1315 κεφαλαίῳηδιεξέλθωμεν,
2924 1237 3021 1290 ὅσα
3053 1238 3109 1289 ὲν
3153 1234 3326 1303 τούτῳ
3346 1234 3425 1302 τῷ
3454 1232 3629 1311 χρόνῳ
3657 1233 3692 1303 ἠ

2115 1330 2210 1384 τοῦ
2241 1331 2432 1401 ἀνδρὸς
2466 1329 2682 1397 εὐφυῶς
2711 1327 3023 1398 κατέπραξε
3058 1327 3296 1389 σύνεσις,
3339 1324 3568 1393 ἐγγύθεν
3599 1322 3695 1375 καὶ

2117 1421 2405 1492 πόρρωθεν
2431 1422 2633 1491 ὁμοίως
2680 1419 3053 1490 διενεργοῦσα.
3102 1416 3280 1471 Ἀὺτοῦ
3309 1415 3419 1487 γὰρ
3461 1416 3578 1486 ἅμα
3613 1413 3693 1482 τῷ

2120 1512 2328 1582 βασιλεῖ
2354 1512 2451 1581 τὴν
2494 1510 2602 1564 τῶν
2647 1512 2997 1579 Ἀκαρνάνων
3032 1507 3444 1577 πολιορκοῦντος
3494 1506 3695 1576 μητρό·

2117 1603 2294 1667 πολιν,
2330 1602 2577 1656 ἑάλωσαν
2634 1604 2683 1655 οἱ
2712 1603 3005 1671 τυραννίδα
3048 1599 3440 1670 μελετήσαντὲς
3489 1615 3548 1650 τε
3598 1598 3693 1650 καὶ

2117 1694 2430 1763 ἐπιθέμενοι
2488 1696 2568 1757 εἰς
2622 1694 2954 1758 Βυζάντιον,
3000 1693 3184 1745 πολλοί
3213 1708 3273 1743 τε
3302 1692 3455 1754 ὄντες
3506 1689 3600 1743 καὶ
3630 1691 3691 1743 οὐ

2118 1789 2224 1843 τῶν
2248 1787 2495 1857 ἀφανῶν,
2527 1790 2653 1858 περὶ
2691 1782 2766 1842 ὧν
2804 1788 3031 1860 ὕστερον
3059 1787 3393 1857 πλατύτερον
3440 1786 3685 1856 λέξομεν.

450 1998 2480 2031 ...___________________________

873 2167 1644 2256 DIGNITATUM
1719 2168 1857 2257 AC
1931 2167 2735 2262 FUNCTIONUM
2816 2172 3291 2263 PALATII

1268 2361 1372 2421 ET
1415 2360 1818 2424 ECCLESLE
1855 2352 2876 2442 CONSTANTINOPOLITANE,

532 2528 820 2604 Quarum
859 2524 1226 2589 Historicus
1282 2534 1500 2588 noster
1559 2527 1875 2602 meminit,
1927 2545 2007 2589 ex
2060 2530 2439 2609 Curepalata
2488 2540 2549 2594 et
2598 2534 2738 2612 ejus
2786 2534 3135 2599 Scholiasta
3174 2538 3587 2617 potissimum

1725 2630 2007 2694 dilucida
2036 2633 2419 2713 explanatio.

528 2944 825 3014 Δεσπότης,
865 2943 1154 2997 Dominus.
1190 2942 1315 2997 llam
1349 2942 1639 3011 appellatio
1686 2941 2026 3011 imperatori,
2061 2947 2103 3004 Β
2134 2942 2495 3012 imperatores
2545 2943 2915 3001 dormiebant.
2962 2945 3091 3002 Tale
3142 2960 3289 2999 nunc
3331 2947 3567 3001 officium
3614 2958 3698 3004 est

455 3039 581 3092 [iliis
605 3039 744 3105 ejus,
772 3037 1032 3090 fratribus
1073 3052 1135 3090 ac
1168 3036 1386 3106 generis
1420 3037 1763 3091 tribuebatur
1800 3052 2027 3104 genera-

461 3130 580 3186 tim.
629 3129 854 3198 Proprie
900 3128 968 3181 ab
1016 3128 1364 3196 imperatoria
1416 3128 1696 3197 majestate
1751 3126 2027 3181 secundus

460 3225 541 3280 sic
566 3226 873 3289 dicebatur,
902 3239 1062 3293 quem
1090 3223 1427 3278 recentiores
1453 3224 1617 3277 etiam
1644 3224 1906 3275 σεϐαστὸν
1934 3238 2029 3275 vo-

456 3328 671 3374 carunt.
716 3316 828 3369 [loc
863 3317 1009 3369 enim
1044 3315 1210 3370 semel
1245 3315 1507 3369 denotare
1550 3316 1826 3379 convenit,
1859 3318 2065 3396 impe-‘

456 3418 669 3461 ratores
704 3406 827 3462 illos
854 3405 1094 3461 Orientis
1141 3406 1339 3460 multos
1386 3406 1572 3460 titulos
1602 3407 1927 3461 honorarius
1960 3407 2026 3461 ad

461 3512 590 3551 suos
621 3497 724 3550 sibi
753 3496 1125 3550 devinceudos
1171 3497 1531 3566 excogitasse.
1569 3498 1623 3550 In
1656 3497 1845 3552 Galliis
1894 3498 2024 3551 olim

464 3589 748 3657 proximus
771 3604 799 3640 a
825 3602 951 3656 rege
978 3590 1149 3658 major
1169 3589 1423 3643 dominus
1445 3590 1846 3647 nominabatur.
1882 3589 2031 3644 Grae-

459 3692 655 3730 corum
706 3677 1102 3744 imperatorutn
1139 3693 1219 3731 ex:
1244 3678 1390 3746 mplo
1426 3696 1483 3732 se
1515 3695 1735 3747 quoque
1776 3681 2033 3748 tlespulas

462 3768 630 3823 vicini
659 3770 936 3837 principes
978 3767 1086 3822 dici
1115 3771 1427 3833 voluerunt,
1468 3770 1769 3838 prmscrtim
1809 3769 2024 3839 Bulgari

462 3869 520 3915 et
550 3860 747 3915 Servii.
771 3860 872 3924 Qui
898 3860 1172 3914 interdum
1198 3862 1251 3913 in
1275 3861 1587 3914 Graecorum
1616 3862 1857 3915 historiis
1883 3865 2032 3931 regio

464 3967 686 4021 quoilue
724 3952 880 4005 titulo
904 3963 1218 4016 censentur,
1251 3967 1373 4005 cum
1412 3968 1509 4021 pro
1537 3952 1781 4020 deSpotis
1823 3954 2029 4019 Crates,

468 4054 522 4097 et
554 4061 751 4099 uxores
782 4060 881 4113 pro
915 4044 1193 4113 despicitis
1222 4044 1479 4099 Cralania:
1513 4046 1894 4114 appellantur;
1929 4047 2034 4100 hoc

464 4135 668 4205 quippe
693 4146 854 4191 Sonat
885 4151 1082 4189 nomen
1120 4138 1438 4190 barbarum.
1472 4137 1560 4190 Sic
1590 4154 1617 4190 a
1650 4140 2028 4191 (Zantacuzeno

463 4229 781 4301 Acarnania:
808 4239 864 4295 et
906 4226 1121 4279 Aitolia:
1147 4226 1420 4295 principes
1467 4229 1707 4297 despotic
1751 4226 2028 4281 dicuntur.

468 4318 671 4371 Verum
695 4317 1192 4388 uosterhistori-cus
1208 4317 1630 4369 Constantinum
1656 4317 1952 4373 Andronici
1980 4316 2034 4368 li-

467 4409 603 4463 lium
630 4409 908 4477 deSpOtam
937 4419 1192 4461 vocatum
1215 4407 1427 4471 scribit,
1459 4410 1547 4475 qui
1570 4419 1690 4474 post
1716 4407 2034 4460 Michaelcm

467 4500 690 4551 lratrcm
733 4498 971 4568 genitus,
1029 4514 1127 4567 per
1168 4508 1366 4551 cuncta
1423 4497 1691 4551 secundas
1740 4497 2035 4551 obtineret.

468 4588 736 4670 Infantem
770 4574 967 4641 vocant
1016 4586 1265 4655 Hispani.
1326 4585 1679 4640 Observanda
1721 4585 1883 4653 igitur
1931 4583 2037 4637 alia

472 4683 641 4736 notio.
665 4681 1008 4734 Mouebimus
1040 4681 1093 4731 in
1126 4677 1363 4731 Aduolat

546 4773 1064 4841 Παρακοιμώμε-.οι,
1099 4771 1333 4824 subaudi
1360 4769 1451 4822 τοῦ
1474 4771 1751 4831 κοιτῶνος,
1775 4768 2033 4831 cubiculi,

472 4866 752 4918 Accubitor
782 4864 1007 4916 cubiculi
1031 4864 1097 4917 ad
1124 4863 1378 4924 verbum,
1407 4861 1458 4913 id
1487 4872 1570 4913 cst
1610 4862 1746 4914 sacri
1771 4861 2034 4924 cubiculi,

473 4972 568 5010 seu
605 4954 956 5008 excubiarum
980 4953 1121 5007 sacri
1150 4951 1390 5005 cubiculi
1427 4952 1736 5019 praefectus,
1774 4950 2035 5020 principi.

472 5064 568 5102 seu
602 5044 914 5115 imperatori
948 5061 979 5099 a
1020 5043 1311 5106 cubiculis,
1343 5053 1435 5096 aut
1490 5043 1778 5109 praefectus
1821 5044 2040 5095 exrrubi~

473 5152 675 5195 torum,
706 5144 762 5188 et
792 5134 1080 5188 custodum
1118 5134 1256 5187 sacri
1283 5132 1542 5186 cubiculi.
1582 5134 1756 5199 Caput
1788 5142 1873 5182 est
1907 5148 2039 5199 puc-

474 5242 659 5283 rorum
692 5227 783 5295 qui
815 5227 866 5278 in
901 5236 1115 5279 Cimone
1143 5235 1291 5289 sunt,
1337 5224 1899 5289 ctcubiculariorum,
1945 5224 2038 5275 ba-

473 5320 607 5374 bcns
640 5318 806 5372 etiam
830 5318 932 5370 sibi
963 5316 1241 5370 subditum
1279 5315 1682 5383 procubitoreni
1713 5315 1853 5366 sacri
1886 5314 2041 5365 cubi-

474 5412 604 5464 CUil.
639 5411 716 5463 lla
761 5407 1383 5477 UuropalataJlaguum
1425 5406 1822 5460 cubicularium
1868 5405 2035 5475 aliqui

471 5516 689 5557 νυςεὶηι.

2131 3032 2276 3100 apud
2334 3032 2639 3086 Turcarum
2689 3033 2969 3087 sultanum
3019 3035 3136 3099 ejus
3195 3034 3539 3101 cubicularii,
3600 3037 3697 3106 qui

2131 3122 2393 3184 Thiodar,
2414 3134 2509 3177 aut
2548 3123 3182 3193 'l'rohadarappellatur.
3216 3125 3264 3178 Is
3283 3127 3425 3179 enim
3457 3136 3514 3181 et
3553 3128 3698 3184 intra

2130 3215 2444 3268 cubiculum
2482 3225 2646 3269 noctu
2673 3215 2933 3270 excubias
2969 3216 3101 3285 agit,
3136 3224 3191 3270 et
3217 3217 3455 3287 pluviam
3484 3218 3698 3276 Sullani

2130 3313 2335 3365 vestem
2367 3313 2560 3373 gestat,
2589 3312 2647 3357 ut
2670 3304 3094 3374 παρακείμενος,
3120 3322 3240 3373 quae
3263 3309 3698 3378 scaramangium

2129 3407 2378 3450 vocatur.
2424 3398 2503 3450 Ac
2554 3408 2760 3450 norunt
2800 3410 3012 3455 omnes.
3053 3412 3146 3464 qui
3186 3396 3399 3452 Portam
3440 3399 3700 3455 viderunt

2129 3485 2498 3551 Osmanicam,
2542 3502 2652 3540 non
2693 3487 2966 3540 sultanum
3002 3488 3162 3541 modo
3200 3489 3449 3543 comitari
3479 3492 3702 3545 cubicu-

2128 3578 2347 3635 larium.
2394 3578 2487 3647 qui
2538 3594 2736 3631 sereno
2791 3594 3011 3647 quoque
3064 3580 3203 3634 coelo
3260 3584 3695 3652 scaramangium

2132 3673 2252 3742 ejus
2284 3683 2494 3751 gestat;
2536 3673 2630 3728 sed
2685 3689 2878 3728 omnes
2911 3676 3076 3728 etiam
3117 3675 3363 3744 quotidie
3406 3677 3614 3742 bassas,
3645 3687 3703 3735 et

2133 3763 2319 3832 begos,
2347 3764 2805 3832 quotiescumque
2839 3780 2937 3833 per
2969 3765 3158 3819 urbem
3204 3765 3269 3820 ad
3304 3776 3511 3835 portam
3543 3772 3704 3839 equi-

2136 3862 2273 3917 tant,
2316 3855 2521 3908 habere
2552 3854 2912 3924 pedisequum
2939 3873 3127 3919 unum,
3161 3858 3253 3926 qui
3279 3870 3482 3912 vestem
3515 3860 3703 3930 hujus-

2135 3946 2281 3998 modi
2306 3953 2510 4013 portat,
2547 3946 2758 3999 caeteris
2791 3947 3311 4016 snperinjiciendam
3333 3952 3698 4013 vestimentis,

2135 4037 2178 4091 si
2209 4051 2335 4090 aere
2374 4046 2584 4092 mutato
2622 4038 2763 4093 forte
2784 4038 2956 4109 pluat.

2232 4129 2424 4193 Μέγας
2483 4129 2819 4197 δομέστικος,
2872 4146 3095 4199 magnus
3155 4129 3489 4185 doniestirus.
3540 4132 3698 4186 Varia

2137 4220 2257 4289 ejus
2290 4221 2466 4275 otiicia
2490 4223 2629 4289 apud
2662 4219 3011 4289 Curoplatam
3038 4220 3186 4283 vide,
3229 4222 3565 4276 variislocis.
3592 4224 3702 4277 No-

2141 4327 2262 4363 nu-n
2289 4313 2575 4365 domestici
2598 4312 2663 4364 ad
2690 4312 2873 4380 plures
2904 4311 3198 4381 dignitates
3226 4313 3553 4381 pertinebat,
3581 4330 3700 4383 quae

2139 4402 2398 4471 adjuncto
2434 4403 2915 4465 discernebantur,
2968 4411 3026 4456 ut
3071 4419 3387 4471 cognosces.
3435 4419 3465 4458 e
3500 4406 3703 4473 quibus
3742 4402 3754 4424 ί
3826 4434 3835 4441 ι
3896 4448 3902 4455 .

2140 4493 2316 4561 magni
2351 4492 2639 4548 domestici
2670 4490 3008 4563 prmeipubrti
3043 4496 3341 4559 exstitisse,
3378 4511 3580 4550 nomen
3624 4496 3704 4567 ip-

2141 4598 2262 4636 sum
2293 4600 2513 4653 magnus
2551 4583 2844 4650 significat.

2217 4675 2687 4747 Πρωτυστράτωρ,
2714 4675 3097 4730 Prolostrator.
3121 4677 3361 4731 Absente
3385 4694 3582 4748 magno
3598 4679 3707 4733 do-

2142 4769 2372 4822 mestico
2412 4767 2517 4820 fert
2545 4768 2894 4837 imperatoris
2925 4770 3194 4838 spatham.
3229 4769 3363 4824 Cum
3389 4772 3570 4839 itaque
3608 4774 3707 4824 im-

2142 4871 2360 4928 perator
2390 4870 2473 4912 est
2499 4876 2909 4915 consernsurus
2936 4878 3161 4930 equum,
3196 4864 3399 4916 comite
3433 4880 3706 4932 equorum

2144 4953 2488 5019 imperatoris
2505 4952 2814 5006 adduceutc
2837 4965 2891 5007 et
2914 4963 3134 5008 tenente
3175 4968 3398 5022 equum,
3421 4967 3705 5023 pestquam

2142 5045 2386 5096 ascendit
2423 5045 2736 5111 imperator,
2770 5052 3131 5112 protostrator
3164 5046 3513 5113 prehendens
3551 5046 3705 5100 freno

2142 5134 2361 5187 deducit
2392 5150 2595 5202 equum
2645 5133 2709 5185 ad
2764 5122 3037 5201 quartam,
3092 5146 3184 5189 aut
3232 5135 3477 5203 quintam
3537 5117 3707 5205 usque

2144 5236 2349 5294 partem
2377 5228 2512 5277 uultu
2541 5227 2745 5293 palatii.
2780 5225 2985 5281 Deinde
3022 5228 3293 5293 recipiens
3320 5245 3444 5281 eum
3482 5245 3711 5297 magnus

2141 5316 2535 5370 (ῼΙιιιιιυιιιγίιιε.
2572 5318 2795 5371 deducit
2823 5318 2976 5371 freno
3012 5320 3077 5371 ad
3107 5333 3314 5388 portam
3350 5337 3522 5388 usque
3551 5321 3709 5374 anim.

2145 5412 2597 5464 Similiter'etiani
2627 5412 2776 5475 facit,
2821 5426 2943 5463 cum
2974 5413 3272 5481 imperator
3317 5413 3548 5480 pedibus
3608 5413 3715 5473 Ltu-

2147 5520 2236 5554 [ιε
2258 5521 2329 5555 es
2349 5542 2363 5565 ,
2391 5505 2821 5572 agonsvidcbcct
2846 5521 2873 5557 a
2897 5515 3047 5572 porta
3068 5521 3265 5572 equum
3295 5505 3358 5556 ad
3389 5520 3511 5557 eum
3542 5519 3714 5572 usque

542 5595 926 5663 Leunclavius,
965 5594 1231 5648 Pandecle
1278 5593 1513 5646 historia:
1562 5591 1793 5647 Turcij
1828 5608 1921 5645 seu
1969 5593 2036 5643 ad
2068 5595 2160 5669 υἱ
2202 5612 2349 5656 cuni,
2402 5612 2563 5662 (μμ-ιιι
2600 5605 2724 5648 ante
2758 5596 2995 5648 diximus
3026 5613 3038 5648 :
3067 5611 3133 5649 ex
3180 5611 3289 5661 quo
3329 5595 3523 5646 iterum
3578 5594 3743 5657 reci-_

470 5689 703 5741 Armairs
732 5688 1008 5743 Turcicos:
1030 5688 1513 5759 ΙΙαρικοιμιτιμενοι
1543 5696 1669 5739 sunt
1692 5687 1864 5738 intimi
1887 5685 2038 5737 cubi-

471 5780 666 5835 cularii
695 5784 791 5849 qui
817 5783 1194 5852 augustalibus
1216 5782 1271 5833 in
1303 5778 1571 5833 cubiculis
1598 5786 1653 5832 et
1680 5775 1780 5843 ipsi
1816 5787 2041 5845 propter

2152 5687 2228 5753 pit
2252 5702 2375 5737 cum
2405 5696 2785 5753 protostrator,
2820 5699 2986 5753 agens
3011 5685 3076 5737 ad
3119 5700 3245 5738 eum
3288 5700 3459 5752 usque
3507 5684 3714 5746 locum,

2153 5778 2242 5831 ubi
2287 5779 2581 5846 imperatur
2605 5779 2772 5848 pedes
2806 5794 2927 5833 esse
2954 5778 3113 5833 solet.
3138 5776 3293 5843 Quod
3324 5780 3368 5835 si
3401 5781 3540 5836 forte
3586 5794 3717 5850 pro-
