4106 6292
409 313 475 371 ετ
1746 303 2342 365 PROLEGOMENA.
3604 288 3674 381 38

409 414 756 481 lustratorem
793 422 986 478 abesse
1021 420 1332 490 contigerit,
1363 416 1469 474 hoc
1498 417 1629 473 l'acit
1660 433 1689 470 a
1720 415 1996 486 principio
2032 424 2068 474 Α
2100 417 2192 484 qui
2225 414 2479 469 Micllaeli
2508 415 2676 471 Balbo
2706 416 2924 492 adium?
2952 419 3073 486 fuit.
3119 431 3179 476 υῐ
3204 421 3442 479 Leonem
3481 425 3689 487 Αΐιηθο.

394 533 582 586 .usque
613 516 679 570 ad
713 514 875 569 ﬁnem
929 529 1158 582 magnus
1185 512 1577 566 chartularius.
1612 509 1782 565 Paulo
1819 518 1942 576 post
1974 521 1987 557 :

408 613 777 666 Protostrator
822 608 988 662 etiam
1020 615 1106 662 est
1141 605 1400 660 defensor
1433 619 1727 659 cursorum
1777 604 1993 672 (curso-

409 720 497 760 res
545 704 652 757 Itoc
698 702 822 755 loco
870 709 1022 763 sunt,
1080 699 1416 768 quicumque
1462 696 1598 751 nulli
1641 696 1865 765 agmini,
1900 702 1993 747 aut

408 796 568 866 signo
605 793 825 847 militari
856 791 1083 861 ascripti
1126 801 1277 851 sunt,
1322 790 1415 843 sed
1467 788 1565 857 ipsi
1597 798 1772 841 castra
1811 800 1995 854 prose-

414 896 659 957 quuntur
698 886 867 947 ultro,
892 891 1278 951 exspectantes
1298 883 1428 935 dum
1453 880 1670 934 accensi
1696 879 1871 945 ﬁant).
1898 876 1993 931 IIis

410 980 555 1033 enitn
587 976 766 1045 neque
788 975 1039 1029 ordinetu
1075 974 1468 1035 retinentibus,
1500 987 1681 1040 neque
1709 971 1985 1023 llam‘meo-

403 1072 517 1125 lum
534 1071 772 1140 (signum
794 1066 1031 1121 militare
1052 1075 1157 1131 est,
1175 1065 1366 1118 Latina
1380 1064 1612 1132 origine,
1632 1078 1662 1116 a
1676 1062 1858 1115 colore
1879 1060 1994 1113 dic-

409 1162 554 1227 tum)
580 1176 765 1223 suum,
795 1159 890 1213 sed
918 1157 1232 1212 inordinate
1250 1155 1658 1225 quodammodo
1684 1152 1988 1215 dissolutis,

404 1258 778 1320 protostrator
803 1248 919 1317 ipse
941 1247 1306 1314 subsequens,
1325 1245 1564 1298 del‘endit
1589 1244 1759 1312 ipsos,
1781 1241 1826 1296 si
1846 1228 1990 1295 forle

403 1343 550 1396 bello
601 1342 1012 1411 opprimantur.
1068 1337 1364 1406 Propterea
1422 1336 1568 1389 enim
1625 1342 1990 1403 protostrator

401 1436 570 1488 etiam
629 1432 957 1501 appellatur,
1000 1428 1147 1499 quod
1200 1429 1298 1481 toti
1362 1427 1463 1495 ipsi
1517 1424 1754 1496 στρατῷ,
1803 1426 1855 1477 id
1907 1433 1990 1479 est

400 1522 670 1576 exercitui
697 1529 921 1590 praecat,
952 1528 1008 1572 et
1040 1517 1304 1572 consistat
1329 1515 1559 1585 primus.
1591 1515 1637 1567 A
1668 1513 1989 1568 cursoribus

400 1624 583 1667 autem
611 1627 804 1667 omnes
852 1625 942 1665 res
982 1610 1167 1662 varias
1212 1594 1355 1676 quae,
1385 1606 1562 1660 iutilia
1608 1606 1984 1668 nominantur,

402 1706 572 1758 moris
593 1714 678 1757 est
697 1711 1146 1773 protostratOretn
1164 1702 1435 1767 accipere.
1461 1695 1984 1765 Νοιιιίηεφυτιὶλων,

399 1798 642 1851 [utilium
708 1799 833 1865 (est
885 1795 1035 1848 enim
1090 1792 1343 1847 Latinum
1402 1790 1766 1857 vocabulum)
1809 1788 1976 1858 signi—

403 1890 644 1944 ﬁcantur
675 1903 1026 1957 quaecunque
1056 1901 1165 1952 res,
1199 1900 1319 1955 qua:
1354 1900 1452 1954 per
1500 1900 1560 1939 se
1613 1881 1773 1936 nihili
1823 1891 1972 1945 sunt,

397 1993 495 2036 aut
525 1982 660 2035 nihil
683 1982 747 2034 ad
781 1986 894 2035 rem
928 1980 1218 2033 militarem
1250 1977 1483 2040 faciunt,
1515 1976 1754 2044 denique
1792 1975 1968 2043 impc-

397 2074 641 2129 dimenta
672 2073 798 2128 belli
826 2073 1158 2135 certissima,
1182 2069 1289 2125 nisi
1313 2060 1656 2123 avertantur.
1689 2067 1824 2121 Nam
1862 2067 1977 2119 lucc

397 2181 651 2222 cursores
676 2164 1024 2220 commodius
1043 2169 1392 2232 comportant
1414 2175 1577 2230 quam
1602 2159 1822 2220 milites.
1847 2158 1974 2227 quia

397 2275 507 2312 non
538 2257 748 2311 luerent
776 2255 947 2325 signis
980 2273 993 2307 :
1022 2264 1080 2308 et
1123 2252 1387 2307 audacius
1417 2251 1704 2320 eolliguut,
1756 2249 1885 2318 quia
1916 2264 1974 2304 se

396 2349 607 2419 legibus
641 2363 749 2401 non
787 2346 960 2401 teneri
996 2353 1211 2414 putant.
1248 2344 1620 2411 Quamobrem
1668 2351 1976 2411 protostra-

396 2442 502 2496 tori
536 2448 777 2509 potestas
810 2439 937 2493 data
959 2448 1041 2492 est
1072 2437 1249 2491 iutilia
1282 2437 1385 2490 ista
1425 2435 1732 2489 auferendi.

467 2535 656 2599 Μέγας
689 2530 1100 2592 κοντοσταῦλος,
1136 2528 1230 2598 qui
1266 2526 1469 2582 Gallice
1503 2527 1833 2591 connélable,
1867 2526 1974 2580 Ila.

396 2623 500 2676 lice
530 2618 864 2683 conestabile,
908 2617 1103 2673 Latine
1134 2631 1320 2671 comes
1361 2616 1582 2671 stabuli.
1616 2616 1717 2671 Ubi
1775 2616 1821 2669 si
1867 2625 1978 2669 sta-

398 2711 587 2765 bulum
629 2725 729 2778 pro
761 2707 930 2777 equili
961 2707 1221 2776 accipias,
1258 2706 1369 2759 erit
1403 2720 1599 2772 comes,
1630 2704 1856 2770 stabuli,
1888 2702 1972 2757 vel

397 2803 490 2872 qui
527 2810 723 2871 pravast
764 2800 1025 2854 omnibus
1087 2799 1262 2867 copiis
1303 2797 1700 2867 equestribus:
1739 2799 1822 2851 vel
1878 2797 1974 2866 qui

395 2903 595 2964 praeest
644 2892 912 2962 equitatui
952 2890 1306 2960 imperatoris
1346 2888 1549 2943 aulico.
1593 2887 1751 2956 Apud
1785 2903 1975 2943 recen-

397 2970 566 3042 tiores
594 2985 813 3040 Gnecos
836 2995 923 3038 est
955 2984 1067 3037 dux
1097 2981 1385 3051 copiarum
1420 2979 1797 3044 auxiliarium,
1852 2993 1974 3049 qua:

394 3093 459 3131 ex
480 3075 674 3137 Gallia,
700 3075 909 3141 Sicilia,
935 3072 1114 3137 Italia,
1135 3072 1364 3127 factura:
1389 3069 1662 3140 stipendia
1687 3067 1970 3124 Orientem

397 3168 676 3237 petebant.

467 3261 655 3325 Μέγας
697 3257 1007 3324 λογοθὲτης,
1050 3254 1279 3324 Magnus
1341 3253 1652 3322 Logotheta,
1699 3252 1974 3307 cancella-

406 3351 550 3404 riutn
590 3349 798 3403 Latinis
826 3348 1009 3401 vocari
1040 3347 1353 3415 λογοθέτην,
1387 3347 1463 3398 ait
1494 3345 1714 3399 Nicetas
1746 3345 1842 3398 lib.
1873 3357 1971 3397 vn.

400 3444 597 3497 Munus
642 3442 820 3512 magni
848 3440 1141 3510 Iogotheta:
1177 3439 1261 3492 his
1311 3438 1496 3491 verbis
1518 3438 1847 3506 Curopalata
1880 3437 1977 3490 de-

398 3535 592 3592 scribit
621 3552 634 3588 :
667 3533 914 3602 Disponit
949 3532 1203 3584 mandata
1234 3538 1289 3582 et
1321 3529 1498 3583 bullas
1525 3543 1738 3592 aureas,
1770 3543 1890 3595 quae
1907 3530 1974 3581 ab

396 3627 724 3695 imperatore
749 3624 1043 3677 mittuntur
1074 3622 1140 3676 ad
1172 3635 1352 3691 reges,
1382 3620 1650 3687 sultanos,
1694 3629 1750 3672 et
1790 3628 1974 3701 tepar-

397 3720 546 3773 chas.
584 3720 763 3787 Atque
795 3716 898 3770 hoc
925 3715 1149 3784 quidem
1182 3712 1465 3782 preprium
1498 3717 1583 3764 est
1612 3707 1791 3778 magni
1823 3707 1973 3778 logo-

397 3811 563 3864 illelie
609 3806 1001 3864 ministerium.
1041 3803 1199 3869 Quod
1247 3812 1433 3857 autem
1481 3801 1547 3853 ad
1598 3815 1713 3853 rem
1747 3798 1968 3852 domes-

398 3904 586 3962 ticam,
619 3900 795 3968 ipsius
843 3907 929 3951 est
962 3897 1200 3958 elIicere,
1236 3893 1382 3963 quod
1420 3892 1716 3962 imperator
1741 3889 1969 3944 manda-

400 3990 555 4044 verit.
577 3988 800 4042 Adduut
826 3986 915 4041 alii
942 4001 1066 4040 esse
1091 3986 1257 4038 etiam
1288 3982 1598 4036 libellorum
1622 3979 1968 4049 magistrum,

396 4078 605 4135 archivi
646 4078 990 4147 praelectum,
1024 4085 1119 4129 aut
1171 4074 1275 4127 tale
1305 4071 1609 4141 quippiam.
1661 4069 1972 4136 Λογοθέτης

397 4172 691 4238 exponitur
728 4185 758 4221 a
814 4167 1170 4237 quibusdam,
1223 4166 1480 4232 magister
1530 4160 1825 4221 rationum,
1876 4155 1970 4225 qui

395 4278 662 4332 expensas
714 4270 771 4315 et
814 4260 1044 4313 -reditus
1090 4263 1396 4326 computat,
1454 4266 1793 4314 meonomus,
1856 4250 1971 4303 sive

397 4364 744 4422 procurator,
775 4351 923 4421 quod
973 4363 1229 4419 magnum
1279 4355 1401 4401 erat
1440 4343 1702 4407 oﬂiciutu,
1749 4348 1806 4396 et
1831 4341 1971 4410 poli-

398 4456 586 4499 tcum.

471 4536 779 4605 Λοεςοοέτης
805 4532 898 4586 τοῦ
924 4528 1341 4599 στρατιωτικοῦ,
1375 4528 1638 4599 legat/tcta
1661 4526 1968 4588 castrensis,

398 4633 776 4694 Zuhlmeister,
818 4626 1282 4698 Pfennigmeister,
1322 4622 1528 4678 Gallice
1576 4620 1847 4674 Trésorier
1897 4619 1970 4672 du

399 4743 573 4796 camp.

474 4815 897 4883 Ka61).)tdpto;,
954 4810 1280 4864 caballarius
1350 4806 1730 4873 Καϐαλ).ἀρων
1796 4818 1968 4871 eque-

374 4920 566 4964 strem
600 4906 946 4975 imperatoris
994 4902 1309 4955 comitatum
1339 4897 1588 4951 nominat
1620 4894 1967 4963 Curopalata.

402 5001 477 5053 Ex
514 5001 698 5052 Italico
729 4998 894 5050 ducta
916 5010 1041 5059 vox,
1075 5009 1196 5062 qua:
1236 4992 1350 5060 ipsa
1399 5005 1427 5041 a
1465 4988 1653 5042 Latina
1684 5002 1815 5039 voce
1850 5002 1968 5038 ma-

402 5091 570 5145 navit.
610 5089 781 5157 llujus
810 5104 940 5156 ergo
973 5087 1269 5153 comitatus
1302 5081 1597 5151 prarl'cctus
1625 5077 1967 5132 Caballarius

395 5183 505 5237 dici
534 5182 768 5234 videtur.

499 5274 687 5339 Μέγας
756 5269 1035 5334 παππξας,
1107 5267 1333 5337 Magnus
1412 5265 1675 5334 Pappias.
1743 5262 1801 5316 Id
1856 5270 1962 5322 est,

392 5378 621 5431 magnus
652 5359 998 5430 paterculus,
1058 5373 1308 5411 summus
1339 5357 1425 5410 illc
1474 5356 1666 5421 judev,
1698 5354 1765 5407 ad
1799 5369 1961 5421 quem

394 5454 923 5510 comntentarienses
950 5452 1018 5503 de
1079 5446 1329 5519 personis
1375 5463 1593 5500 reorum
1654 5456 1710 5500 et
1773 5462 1963 5498 nume-

390 5561 476 5610 ro,
508 5546 573 5600 de
603 5545 867 5614 qualitate
898 5541 1248 5607 delictortrtn,
1279 5542 1346 5594 de
1393 5541 1701 5594 clausorum
1756 5539 1967 5591 ordini-

388 5640 493 5691 bus
544 5637 747 5690 rcferre
799 5633 1019 5687 debent.
1071 5632 1127 5684 In
1190 5633 1327 5683 hanc
1375 5632 1701 5683 sententiam
1752 5627 1963 5694 arcipio

389 5745 589 5785 nomen
629 5727 814 5798 Papia:
860 5724 1004 5793 apud
1057 5723 1344 5785 Zonarazn,
1396 5722 1489 5775 ubi
1538 5720 1605 5774 de
1643 5736 1708 5774 eo
1760 5716 1957 5788 agitur,

2100 526 2230 562 num
2269 526 2298 563 e
2330 511 2512 565 medio
2553 511 2791 577 tolleret,
2826 513 3170 584 imperioque
3205 517 3495 585 potiretur.

2170 603 2358 668 Μέγας
2392 604 2903 675 Στρατοπεδάρχης,
2948 624 3173 677 magnus
3212 618 3679 681 castroruntprm-

2096 693 2282 763 fectus.
2313 695 2405 748 Est
2425 705 2644 749 curator
2662 711 2849 751 earum
2883 714 3086 763 rerum,
3112 717 3233 770 quae
3257 703 3527 756 exercitui
3550 713 3678 758 sunt

2096 803 2259 857 Opus,
2310 789 2571 844 videlicet
2624 792 3037 857 alimentorum,
3078 792 3574 849 instrumentorum
3621 804 3679 850 et

2097 879 2528 933 necessariorum
2566 883 2832 936 omnium.
2890 882 3379 938 Proviantmeister.
3431 887 3678 956 Exponi-

2098 976 2188 1021 tur
2237 972 2426 1036 etiam,
2475 972 2732 1042 princeps
2778 976 3070 1038 exercitus,
3126 984 3185 1030 ut
3217 978 3286 1031 sit
3330 979 3471 1031 tdem
3528 978 3674 1049 quod

2096 1062 2500 1200 σξρατιάρχηςς
2538 1080 2663 1118 nam
2686 1068 3047 1136 στρατόπεδον
3068 1069 3364 1137 aliquando
3382 1085 3480 1139 pro
3509 1086 3677 1145 στραο

2097 1167 2122 1200 τ
2160 1167 2185 1200 :
2217 1153 2461 1200 ponitur.

2097 1153 2185 1210 τὸς
2216 1153 2461 1220 ponitur.

2204 1263 2685 1336 Πρωτα).ογάτωρ,
2765 1285 3001 1322 summus
3071 1271 3304 1339 equitum
3369 1272 3670 1342 prmfcrtus.

2095 1355 2240 1410 Voce
2280 1357 2429 1411 enim
2485 1359 2681 1425 ἄλογον
2716 1359 2887 1415 ϐταεοί
2937 1362 3276 1418 recentiores
3310 1380 3537 1433 equum,
3579 1377 3674 1421 aut

2090 1447 2398 1516 iumentum
2425 1449 2753 1517 signiﬁcant,
2786 1452 2928 1506 facta
2958 1469 3022 1506 ex
3055 1454 3331 1518 d).6xou,‘a
3363 1458 3534 1512 verbo
3576 1460 3674 1512 ha-

2094 1538 2205 1602 lac,
2240 1539 2388 1608 quod
2415 1538 2791 1596 Orientalibus
2823 1553 2958 1604 erat.
2993 1545 3075 1598 ire
3114 1563 3126 1598 :
3154 1548 3281 1614 quia
3308 1550 3577 1602 maximus
3614 1557 3670 1604 et

2094 1632 2406 1698 praecipuus
2434 1630 2810 1701 jumentorum
2845 1650 2976 1688 usus
2997 1637 3063 1688 ad
3100 1638 3546 1694 commoditatem
3580 1641 3670 1694 iti-

2016 1751 2058 1805 Β
2093 1736 2312 1774 nerunt.
2343 1722 2536 1777 Turcae
2563 1725 2728 1777 etiam
2758 1726 2920 1805 hodie
2955 1731 3231 1790 nuntium,
3268 1746 3362 1783 seu
3401 1732 3666 1787 viatorem

2086 1813 2543 1882 appellanthulac
2564 1815 2662 1868 .Ex
2684 1815 2874 1870 ἀλόχου
2891 1819 3055 1887 igitur
3077 1822 3293 1888 ἄλογον,
3320 1822 3371 1876 id
3397 1834 3501 1886 est,
3533 1825 3667 1878 bru-

2086 1914 2201 1959 tum
2222 1904 2341 1957 κατ’
2360 1905 2899 1976 ἐξοχὴνίυηιθιιιυηι,
2921 1892 3222 1980 ουιεῳιῇε,
3241 1921 3301 1966 ut
3318 1913 3434 1967 Itali
3451 1914 3679 1978 dicunt;

2086 1991 2139 2043 la
2174 1991 2338 2044 bestia
2360 1993 2489 2055 mia,
2513 2008 2610 2060 pro
2633 2010 2810 2063 equus
2836 2012 3009 2052 meus.
3035 1998 3108 2052 Ex
3133 2000 3327 2067 ἀλόγου
3355 2003 3413 2057 lit
3447 2005 3666 2071 ἀλόγιον

2082 2080 2382 2146 equitatus,
2426 2096 2522 2135 seu
2554 2098 2824 2153 equorum
2855 2094 3173 2155 equitumve
3201 2108 3405 2148 merus.
3432 2096 3665 2152 Prterea-

2087 2177 2172 2222 tus
2201 2169 2487 2241 ἀλογάτωρ
2522 2191 2535 2225 :
2562 2189 2811 2230 summus
2837 2181 3144 2245 praefectus,
3185 2186 3661 2259 πρωταλογάτωρ.

2154 2282 2647 2354 Σεῦαστοκρὰτωρ,
2683 2287 3208 2360 Augustimperator,
3248 2296 3436 2353 Tertia
3486 2299 3664 2368 digni-

2085 2380 2168 2426 tas
2220 2373 2288 2427 ab
2346 2375 2713 2459 imperatore,
2746 2378 3057 2437 Caesariana
3116 2389 3485 2453 praestantior.
3524 2392 3661 2446 Dum

2085 2464 2383 2532 imperator
2425 2465 2700 2534 βασιλεὺς,
2748 2469 3034 2535 σεϐαστδς,
3087 2477 3301 2544 Καῖσαρ
3338 2479 3520 2534 dictus
3553 2471 3667 2549 est,

2084 2569 2193 2606 uno
2222 2556 2529 2625 eodemque
2556 2572 2748 2613 omnes
2779 2561 2881 2615 hos
2913 2563 3101 2619 titulos
3125 2568 3435 2634 obtinente,
3482 2572 3663 2642 digni—

2084 2653 2222 2699 tates
2247 2645 2457 2710 oﬂiciis,
2500 2663 2563 2701 ac
2598 2665 2708 2703 non
2753 2653 2946 2718 titulis,
2993 2659 3274 2714 mstitnatre
3303 2671 3454 2716 sunt.
3502 2665 3660 2719 Post-

2081 2750 2144 2789 ea
2194 2752 2325 2790 vero
2354 2740 2715 2807 imperatores
2746 2744 3001 2800 luserunt
3033 2749 3227 2817 titulis,
3276 2762 3331 2805 et
3363 2755 3660 2811 honoraria

2082 2828 2408 2898 dignitatum
2447 2835 2669 2887 nomina
2706 2836 2823 2891 sine
2860 2837 3055 2894 oﬂiciis
3093 2842 3357 2912 itnpertiti
3409 2859 3539 2903 sunt
3564 2866 3655 2903 ar-

2082 2918 2289 2975 bitratu
2319 2937 2443 2986 suo,
2497 2933 2558 2978 ut
2612 2924 2941 2997 Curopalata
2995 2930 3086 2986 his
3119 2935 3304 2990 verbis
3360 2938 3653 2997 declarat:

2081 3012 2339 3080 Dcspota,
2375 3015 2817 3082 sebastoerator,
2853 3021 3036 3076 Caesar
3102 3025 3167 3077 ad
3233 3027 3443 3082 nullum
3497 3032 3660 3085 mini-

2001 3107 2043 3164 C
2083 3105 2312 3157 steriutn
2351 3116 2625 3169 tenentur.
2663 3108 2768 3162 nisi
2800 3111 2865 3164 ad
2918 3127 3194 3168 sumntum
3226 3118 3465 3187 aliquem
3505 3123 3658 3190 prin-

2082 3197 2326 3263 cipatum
2361 3196 2726 3282 instituantur
2750 3241 2764 3264 ,
2802 3211 2933 3270 puta
2967 3213 3063 3257 aut
3114 3210 3355 3275 regendo
3402 3212 3654 3281 imperio,

2081 3294 2175 3338 aut
2207 3288 2450 3355 gerendo
2484 3289 2664 3343 bello:
2697 3293 2855 3362 cujus
2909 3294 2984 3347 rei
3036 3299 3285 3365 exempla
3337 3311 3467 3353 sunt
3508 3304 3652 3372 apud

2078 3375 2451 3445 Nicephorum
2486 3379 2783 3449 Gregoram
2817 3400 2980 3452 quam
3014 3386 3273 3454 plurima.
3307 3391 3383 3446 Ac
3413 3395 3652 3462 primum

2079 3468 2303 3538 quidem
2356 3470 2538 3524 Caesar
2585 3473 2688 3526 fuit
2742 3477 3023 3532 secundus
3071 3480 3141 3533 ab
3202 3483 3534 3550 imperatore
3569 3488 3652 3557 (ut

2079 3561 2244 3616 hodie
2286 3577 2380 3617 rex
2412 3564 2786 3620 Romanorum
2835 3581 2920 3622 est
2962 3569 3017 3624 in
3045 3570 3330 3629 Occidenti
3364 3577 3651 3648 imperio),

2077 3661 2134 3703 et
2183 3650 2423 3705 obtinuit
2472 3653 2578 3708 hoc
2621 3656 2687 3708 ad
2738 3658 2987 3712 Alexium
3045 3660 3388 3720 Comnenum
3432 3685 3652 3739 usque:

2076 3751 2267 3809 postea
2322 3745 2730 3799 sebastocrator
2780 3750 3060 3805 secundus
3132 3762 3218 3808 est
3272 3756 3536 3822 habitus,
3598 3771 3654 3816 et

2075 3828 2258 3884 Caesar
2288 3835 2488 3887 tertius
2522 3849 2645 3890 esse
2674 3838 2865 3905 ccepit,
2914 3857 3037 3893 cum
3070 3841 3296 3899 Alevius
3332 3846 3650 3908 Conmenus

2075 3921 2338 3976 lsaacium
2390 3927 2613 3978 t'ratrem
2659 3928 3107 3986 Sebastocratora
3162 3936 3422 3991 diceret:
3458 3954 3653 3997 auctor

2079 4011 2342 4068 Zonaras.
2403 4015 2690 4068 Postremo
2744 4018 3040 4087 despoles,
3081 4022 3197 4076 sive
3253 4024 3535 4096 dominus,
3583 4033 3651 4086 ab

2078 4102 2421 4187 imperatore
2486 4107 2765 4161 secundus
2813 4119 2898 4163 eSt
2935 4109 3110 4165 factus
3136 4153 3150 4176 ,
3202 4129 3399 4184 nempe
3424 4120 3651 4175 Alexius

2075 4193 2457 4266 Palasol0gus,
2497 4211 2622 4251 cum
2657 4198 2803 4252 idem
2857 4199 3183 4259 Comnenus'
3222 4205 3351 4262 ﬁliis
3403 4211 3650 4267 maribus

2075 4300 2294 4352 carens,
2348 4287 2559 4342 Irenem
2597 4290 2761 4344 tiliam
2808 4310 2963 4347 suam
2999 4294 3419 4366 primogenitatn
3455 4303 3646 4358 Alexio

2076 4376 2206 4433 huic
2260 4378 2860 4454 despondit,eumque
2915 4386 3075 4440 titulo
3133 4390 3396 4458 despotaa,
3448 4393 3500 4446 id
3539 4404 3647 4460 est,

1998 4454 2045 4509 Ῑ)
2076 4468 2306 4535 domini,
2336 4474 2579 4539 ornavit,
2601 4473 2845 4529 futurum
2884 4492 3080 4546 nempe
3102 4468 3374 4535 liazrchm
3409 4454 3646 4553 imperii,

2074 4560 2178 4614 nisi
2217 4571 2394 4616 morte
2426 4564 2678 4621 sublatus
2729 4576 2917 4634 esset,
2979 4578 3120 4625 teste
3159 4571 3401 4642 Gregora
3433 4576 3527 4629 lib.
3563 4593 3644 4632 Ill.

2146 4678 2570 4750 Πρωτοψάλτης,
2624 4685 2866 4753 princeps
2899 4701 2991 4738 seu
3037 4688 3237 4755 primus
3284 4690 3644 4760 psallentium.

2073 4771 2521 4828 Ecelesiasticum
2554 4791 2756 4831 nomen
2788 4788 2914 4841 est,
2950 4780 3018 4834 de
3070 4782 3218 4835 clero
3254 4784 3460 4851 palatii.
3513 4785 3648 4838 For-

2071 4862 2216 4917 sitan
2246 4859 2508 4935 magister
2537 4868 2717 4932 chori,
2755 4879 2850 4922 aut
2886 4870 3066 4926 simile
3106 4872 3393 4941 quiddam.

2142 4976 2484 5043 Aopésrtxm,
2532 4980 2827 5034 domestici.
2873 4980 2933 5033 ιιι
2975 4981 3102 5051 jure
3150 4985 3500 5052 appellantur
3548 4987 3647 5041 d0-

2072 5069 2286 5121 meslici
2317 5084 2510 5122 omnes
2552 5069 2857 5139 adjutores,
2903 5074 3018 5127 sive
3047 5073 3360 5129 adminiStri
3396 5079 3643 5145 legitime

2072 5161 2310 5214 instituti
2368 5177 2398 5213 a
2436 5162 2600 5230 justis
2646 5165 2993 5219 Iunctiontttn
3041 5168 3407 5235 principibus,
3445 5169 3499 5221 itt
3547 5185 3644 5237 pa-

2066 5254 2223 5317 latio,
2256 5262 2350 5307 aut
2384 5254 2436 5305 in
2475 5254 2618 5316 fore,
2672 5268 2768 5309 aut
2815 5257 2871 5309 in
2920 5259 3172 5313 ecclesia.
3221 5259 3278 5312 In
3329 5261 3552 5327 palatio,
3585 5272 3647 5318 ut

2070 5360 2301 5414 magnus
2340 5345 2680 5398 domesticus
2708 5386 2721 5410 ,
2771 5348 3110 5403 domcsncus
3163 5365 3365 5403 mensae
3392 5391 3404 5413 ,
3454 5351 3642 5407 dome-

2068 5438 2237 5491 sticus
2288 5436 2644 5499 scholarum,
2688 5437 3028 5494 domesticus
3064 5456 3349 5493 murorum
3380 5480 3395 5503 ,
3445 5442 3641 5499 deme-—

2066 5533 2238 5585 sticus
2276 5528 2582 5597 regionum,
2618 5541 2726 5581 etc.
2766 5529 2820 5582 In
2858 5534 2998 5594 loro,
3047 5543 3105 5585 ut
3155 5531 3441 5586 domestici
3489 5536 3641 5604 judi-

2066 5639 2214 5685 cuin,
2269 5621 2602 5674 administri.
2632 5619 2686 5672 In
2714 5624 2969 5687 ecclesia,
2995 5636 3054 5678 ut
3096 5625 3432 5680 domesticus
3461 5629 3636 5694 chori,

2066 5715 2409 5769 domesticus
2441 5716 2757 5784 januarum,
2805 5725 2942 5784 etc.,
2975 5732 3212 5788 quorum
3238 5721 3485 5775 omnium
3513 5719 3639 5774 Iun-

3491 6113 3501 6120 '
3532 6088 3757 6178 Δ
