  <div class='ocr_page' id='page_1' title='image "/cluster/home/n/w/nwhite01/storage/ocr_20150623/153/mdp.39015078384727/027.png"; bbox 0 0 4106 6292; ppageno 0'>
   <div class='ocr_carea' id='block_1_1' title="bbox 388 348 3634 462">
    <p class='ocr_par' dir='ltr' id='par_1_1' title="bbox 388 348 3634 462">
     <span class='ocr_line' id='line_1_1' title="bbox 388 348 3634 462; baseline 0 -22"><span class='ocrx_word' id='word_1_1' title='bbox 388 377 460 441; x_wconf 74' lang='lat'><strong>39</strong></span> <span class='ocrx_word' id='word_1_2' title='bbox 1509 379 1854 443; x_wconf 83' lang='lat' dir='ltr'><strong>JOANNES</strong></span> <span class='ocrx_word' id='word_1_3' title='bbox 1892 355 2529 462; x_wconf 61' lang='lat' dir='ltr'><strong>CANTACUZENUS.</strong></span> <span class='ocrx_word' id='word_1_4' title='bbox 2889 348 2900 366; x_wconf 87' lang='grc'><em>’</em></span> <span class='ocrx_word' id='word_1_5' title='bbox 3564 378 3634 440; x_wconf 71' lang='lat' dir='ltr'><strong>to</strong></span> 
     </span>
    </p>
   </div>
   <div class='ocr_carea' id='block_1_2' title="bbox 388 488 1967 566">
    <p class='ocr_par' dir='ltr' id='par_1_2' title="bbox 388 488 1967 561">
     <span class='ocr_line' id='line_1_2' title="bbox 388 488 1967 561; baseline 0 -15"><span class='ocrx_word' id='word_1_6' title='bbox 388 489 498 546; x_wconf 91' lang='lat' dir='ltr'><strong>ctio</strong></span> <span class='ocrx_word' id='word_1_7' title='bbox 527 489 923 560; x_wconf 78' lang='grc' dir='ltr'><strong>δομεστίκειον,</strong></span> <span class='ocrx_word' id='word_1_8' title='bbox 959 488 1078 546; x_wconf 87' lang='lat' dir='ltr'><strong>sive</strong></span> <span class='ocrx_word' id='word_1_9' title='bbox 1121 490 1487 561; x_wconf 78' lang='grc' dir='ltr'><strong>δομεοτὶκιον,</strong></span> <span class='ocrx_word' id='word_1_10' title='bbox 1537 495 1587 550; x_wconf 75' lang='lat' dir='ltr'><strong>id</strong></span> <span class='ocrx_word' id='word_1_11' title='bbox 1633 506 1740 560; x_wconf 89' lang='lat' dir='ltr'><strong>est,</strong></span> <span class='ocrx_word' id='word_1_12' title='bbox 1781 495 1967 549; x_wconf 86' lang='lat' dir='ltr'><strong>dome-</strong></span> 
     </span>
    </p>
   </div>
   <div class='ocr_carea' id='block_1_3' title="bbox 2071 488 3636 566">
    <p class='ocr_par' dir='ltr' id='par_1_3' title="bbox 2078 491 3636 566">
     <span class='ocr_line' id='line_1_3' title="bbox 2078 491 3636 566; baseline 0 -20"><span class='ocrx_word' id='word_1_13' title='bbox 2078 494 2145 547; x_wconf 89' lang='lat' dir='ltr'><strong>de</strong></span> <span class='ocrx_word' id='word_1_14' title='bbox 2179 496 2456 566; x_wconf 90' lang='lat' dir='ltr'><strong>stipendio</strong></span> <span class='ocrx_word' id='word_1_15' title='bbox 2490 497 2630 566; x_wconf 74' lang='lat' dir='ltr'><strong>ejus,</strong></span> <span class='ocrx_word' id='word_1_16' title='bbox 2687 502 2780 548; x_wconf 88' lang='lat' dir='ltr'><strong>aut</strong></span> <span class='ocrx_word' id='word_1_17' title='bbox 2831 491 2897 546; x_wconf 84' lang='lat' dir='ltr'><strong>ad</strong></span> <span class='ocrx_word' id='word_1_18' title='bbox 2933 491 3220 547; x_wconf 88' lang='lat' dir='ltr'><strong>servitium</strong></span> <span class='ocrx_word' id='word_1_19' title='bbox 3271 492 3425 563; x_wconf 80' lang='lat' dir='ltr'><strong>ejus,</strong></span> <span class='ocrx_word' id='word_1_20' title='bbox 3481 493 3636 562; x_wconf 84' lang='lat' dir='ltr'><strong>cujus</strong></span> 
     </span>
    </p>
   </div>
   <div class='ocr_carea' id='block_1_4' title="bbox 387 579 920 638">
    <p class='ocr_par' dir='ltr' id='par_1_4' title="bbox 387 579 920 638">
     <span class='ocr_line' id='line_1_4' title="bbox 387 579 920 638; baseline 0.004 -4"><span class='ocrx_word' id='word_1_21' title='bbox 387 582 620 635; x_wconf 85' lang='lat' dir='ltr'><strong>sticatus</strong></span> <span class='ocrx_word' id='word_1_22' title='bbox 644 579 793 637; x_wconf 88' lang='lat' dir='ltr'><strong>dicta</strong></span> <span class='ocrx_word' id='word_1_23' title='bbox 815 595 920 638; x_wconf 88' lang='lat' dir='ltr'><strong>est.</strong></span> 
     </span>
    </p>
   </div>
   <div class='ocr_carea' id='block_1_5' title="bbox 471 669 1964 745">
    <p class='ocr_par' dir='ltr' id='par_1_5' title="bbox 471 669 1964 745">
     <span class='ocr_line' id='line_1_5' title="bbox 471 669 1964 745; baseline 0.005 -25"><span class='ocrx_word' id='word_1_24' title='bbox 471 669 966 742; x_wconf 78' lang='grc' dir='ltr'><strong>Ῥαιφερενὸἀριος,</strong></span> <span class='ocrx_word' id='word_1_25' title='bbox 1002 677 1415 745; x_wconf 66' lang='lat' dir='ltr'><strong>referendarius.</strong></span> <span class='ocrx_word' id='word_1_26' title='bbox 1444 673 1846 728; x_wconf 70' lang='lat' dir='ltr'><strong>Ecclesiasticte</strong></span> <span class='ocrx_word' id='word_1_27' title='bbox 1878 675 1964 728; x_wconf 86' lang='lat' dir='ltr'><strong>di-</strong></span> 
     </span>
    </p>
   </div>
   <div class='ocr_carea' id='block_1_6' title="bbox 333 761 1961 836">
    <p class='ocr_par' dir='ltr' id='par_1_6' title="bbox 333 761 1961 836">
     <span class='ocr_line' id='line_1_6' title="bbox 333 761 1961 836; baseline 0.005 -23"><span class='ocrx_word' id='word_1_28' title='bbox 333 765 346 773; x_wconf 81' lang='lat'><strong>&#39;</strong></span> <span class='ocrx_word' id='word_1_29' title='bbox 388 761 612 830; x_wconf 83' lang='lat' dir='ltr'><strong>gnitatis</strong></span> <span class='ocrx_word' id='word_1_30' title='bbox 652 779 851 819; x_wconf 80' lang='lat' dir='ltr'><strong>nomen</strong></span> <span class='ocrx_word' id='word_1_31' title='bbox 881 805 896 828; x_wconf 93' lang='lat'><strong>,</strong></span> <span class='ocrx_word' id='word_1_32' title='bbox 935 766 1128 822; x_wconf 97' lang='lat' dir='ltr'><strong>Latine</strong></span> <span class='ocrx_word' id='word_1_33' title='bbox 1172 769 1374 822; x_wconf 76' lang='lat' dir='ltr'><strong>relator</strong></span> <span class='ocrx_word' id='word_1_34' title='bbox 1401 807 1414 830; x_wconf 91' lang='lat'><strong>,</strong></span> <span class='ocrx_word' id='word_1_35' title='bbox 1452 767 1546 835; x_wconf 92' lang='lat' dir='ltr'><strong>qui</strong></span> <span class='ocrx_word' id='word_1_36' title='bbox 1590 766 1862 836; x_wconf 86' lang='lat' dir='ltr'><strong>allegatur</strong></span> <span class='ocrx_word' id='word_1_37' title='bbox 1893 767 1961 821; x_wconf 81' lang='lat' dir='ltr'><strong>ad</strong></span> 
     </span>
    </p>
   </div>
   <div class='ocr_carea' id='block_1_7' title="bbox 371 852 1593 919">
    <p class='ocr_par' dir='ltr' id='par_1_7' title="bbox 371 852 1593 919">
     <span class='ocr_line' id='line_1_7' title="bbox 371 852 1593 919; baseline 0.006 -16"><span class='ocrx_word' id='word_1_38' title='bbox 371 852 776 919; x_wconf 77' lang='lat' dir='ltr'><strong>°imperatorcm</strong></span> <span class='ocrx_word' id='word_1_39' title='bbox 807 865 863 908; x_wconf 88' lang='lat' dir='ltr'><strong>et</strong></span> <span class='ocrx_word' id='word_1_40' title='bbox 895 857 1238 911; x_wconf 82' lang='lat' dir='ltr'><strong>sacerdotem</strong></span> <span class='ocrx_word' id='word_1_41' title='bbox 1273 857 1593 910; x_wconf 78' lang='lat' dir='ltr'><strong>niaximum.</strong></span> 
     </span>
    </p>
   </div>
   <div class='ocr_carea' id='block_1_8' title="bbox 459 946 1963 1019">
    <p class='ocr_par' dir='ltr' id='par_1_8' title="bbox 459 946 1963 1019">
     <span class='ocr_line' id='line_1_8' title="bbox 459 946 1963 1019; baseline 0.005 -23"><span class='ocrx_word' id='word_1_42' title='bbox 459 946 1023 1015; x_wconf 72' lang='grc' dir='ltr'><strong>Ιιανυπερσέὄαστος,</strong></span> <span class='ocrx_word' id='word_1_43' title='bbox 1079 951 1499 1019; x_wconf 78' lang='lat' dir='ltr'><strong>Augustissimus</strong></span> <span class='ocrx_word' id='word_1_44' title='bbox 1555 955 1812 1004; x_wconf 83' lang='lat' dir='ltr'><strong>omnium.</strong></span> <span class='ocrx_word' id='word_1_45' title='bbox 1881 949 1963 1004; x_wconf 72' lang='lat' dir='ltr'><strong>Ab</strong></span> 
     </span>
    </p>
   </div>
   <div class='ocr_carea' id='block_1_9' title="bbox 387 1036 1967 1101">
    <p class='ocr_par' dir='ltr' id='par_1_9' title="bbox 387 1036 1967 1101">
     <span class='ocr_line' id='line_1_9' title="bbox 387 1036 1967 1101; baseline 0.003 -12"><span class='ocrx_word' id='word_1_46' title='bbox 387 1036 581 1090; x_wconf 79' lang='lat' dir='ltr'><strong>Alexio</strong></span> <span class='ocrx_word' id='word_1_47' title='bbox 607 1037 900 1092; x_wconf 86' lang='lat' dir='ltr'><strong>Comneno</strong></span> <span class='ocrx_word' id='word_1_48' title='bbox 934 1041 1126 1094; x_wconf 80' lang='lat' dir='ltr'><strong>titulus</strong></span> <span class='ocrx_word' id='word_1_49' title='bbox 1159 1041 1418 1094; x_wconf 85' lang='lat' dir='ltr'><strong>inventus</strong></span> <span class='ocrx_word' id='word_1_50' title='bbox 1444 1086 1456 1101; x_wconf 85' lang='lat'><strong>,</strong></span> <span class='ocrx_word' id='word_1_51' title='bbox 1491 1051 1549 1094; x_wconf 89' lang='lat' dir='ltr'><strong>ut</strong></span> <span class='ocrx_word' id='word_1_52' title='bbox 1576 1042 1827 1096; x_wconf 58' lang='lat' dir='ltr'><strong>&#39;Micbaeli</strong></span> <span class='ocrx_word' id='word_1_53' title='bbox 1863 1041 1967 1094; x_wconf 86' lang='lat' dir='ltr'><strong>&#39;l‘a-</strong></span> 
     </span>
    </p>
   </div>
   <div class='ocr_carea' id='block_1_10' title="bbox 390 1127 1964 1197">
    <p class='ocr_par' dir='ltr' id='par_1_10' title="bbox 390 1127 1964 1197">
     <span class='ocr_line' id='line_1_10' title="bbox 390 1127 1964 1197; baseline 0.004 -21"><span class='ocrx_word' id='word_1_54' title='bbox 390 1127 584 1179; x_wconf 72' lang='lat' dir='ltr'><strong>ronitte</strong></span> <span class='ocrx_word' id='word_1_55' title='bbox 616 1127 1019 1195; x_wconf 88' lang='lat' dir='ltr'><strong>gratilicaretur</strong></span> <span class='ocrx_word' id='word_1_56' title='bbox 1047 1169 1061 1192; x_wconf 93' lang='lat'><strong>,</strong></span> <span class='ocrx_word' id='word_1_57' title='bbox 1095 1130 1242 1197; x_wconf 88' lang='lat' dir='ltr'><strong>quod</strong></span> <span class='ocrx_word' id='word_1_58' title='bbox 1295 1129 1487 1183; x_wconf 83' lang='lat' dir='ltr'><strong>scribit</strong></span> <span class='ocrx_word' id='word_1_59' title='bbox 1522 1129 1763 1182; x_wconf 77' lang='lat' dir='ltr'><strong>Zonaras</strong></span> <span class='ocrx_word' id='word_1_60' title='bbox 1816 1141 1964 1183; x_wconf 89' lang='lat' dir='ltr'><strong>tomo</strong></span> 
     </span>
    </p>
   </div>
   <div class='ocr_carea' id='block_1_11' title="bbox 389 1218 1965 1291">
    <p class='ocr_par' dir='ltr' id='par_1_11' title="bbox 389 1218 1965 1291">
     <span class='ocr_line' id='line_1_11' title="bbox 389 1218 1965 1291; baseline 0.003 -19"><span class='ocrx_word' id='word_1_61' title='bbox 389 1218 479 1282; x_wconf 87' lang='lat' dir='ltr'><strong>lli,</strong></span> <span class='ocrx_word' id='word_1_62' title='bbox 509 1220 611 1274; x_wconf 87' lang='lat' dir='ltr'><strong>sub</strong></span> <span class='ocrx_word' id='word_1_63' title='bbox 643 1221 828 1275; x_wconf 79' lang='lat' dir='ltr'><strong>linem.</strong></span> <span class='ocrx_word' id='word_1_64' title='bbox 863 1222 1126 1290; x_wconf 84' lang='lat' dir='ltr'><strong>Superior</strong></span> <span class='ocrx_word' id='word_1_65' title='bbox 1172 1232 1291 1276; x_wconf 86' lang='lat' dir='ltr'><strong>erat</strong></span> <span class='ocrx_word' id='word_1_66' title='bbox 1321 1223 1596 1288; x_wconf 85' lang='lat' dir='ltr'><strong>onmibus,</strong></span> <span class='ocrx_word' id='word_1_67' title='bbox 1626 1223 1792 1277; x_wconf 84' lang='lat' dir='ltr'><strong>etiam</strong></span> <span class='ocrx_word' id='word_1_68' title='bbox 1844 1222 1965 1291; x_wconf 86' lang='lat' dir='ltr'><strong>ipso</strong></span> 
     </span>
    </p>
   </div>
   <div class='ocr_carea' id='block_1_12' title="bbox 389 1312 1967 1384">
    <p class='ocr_par' dir='ltr' id='par_1_12' title="bbox 389 1312 1967 1384">
     <span class='ocr_line' id='line_1_12' title="bbox 389 1312 1967 1384; baseline 0.001 -21"><span class='ocrx_word' id='word_1_69' title='bbox 389 1313 847 1379; x_wconf 87' lang='lat' dir='ltr'><strong>protovestiario.</strong></span> <span class='ocrx_word' id='word_1_70' title='bbox 885 1329 1082 1383; x_wconf 86' lang='lat' dir='ltr'><strong>magno</strong></span> <span class='ocrx_word' id='word_1_71' title='bbox 1115 1314 1278 1379; x_wconf 87' lang='lat' dir='ltr'><strong>duce,</strong></span> <span class='ocrx_word' id='word_1_72' title='bbox 1329 1330 1526 1384; x_wconf 85' lang='lat' dir='ltr'><strong>magno</strong></span> <span class='ocrx_word' id='word_1_73' title='bbox 1553 1312 1879 1377; x_wconf 85' lang='lat' dir='ltr'><strong>domestico,</strong></span> <span class='ocrx_word' id='word_1_74' title='bbox 1909 1319 1967 1365; x_wconf 91' lang='lat' dir='ltr'><strong>et</strong></span> 
     </span>
    </p>
   </div>
   <div class='ocr_carea' id='block_1_13' title="bbox 388 1402 630 1456">
    <p class='ocr_par' dir='ltr' id='par_1_13' title="bbox 388 1402 630 1456">
     <span class='ocr_line' id='line_1_13' title="bbox 388 1402 630 1456; baseline -0.004 0"><span class='ocrx_word' id='word_1_75' title='bbox 388 1402 630 1456; x_wconf 64' lang='lat' dir='ltr'><strong>caeteris.</strong></span> 
     </span>
    </p>
   </div>
   <div class='ocr_carea' id='block_1_14' title="bbox 464 1490 1964 1564">
    <p class='ocr_par' dir='ltr' id='par_1_14' title="bbox 464 1490 1964 1564">
     <span class='ocr_line' id='line_1_14' title="bbox 464 1490 1964 1564; baseline 0 -23"><span class='ocrx_word' id='word_1_76' title='bbox 464 1491 992 1561; x_wconf 79' lang='grc' dir='ltr'><strong>Πρωτοϐεστιάριος,</strong></span> <span class='ocrx_word' id='word_1_77' title='bbox 1026 1494 1484 1562; x_wconf 82' lang='lat' dir='ltr'><strong>protovestiarius.</strong></span> <span class='ocrx_word' id='word_1_78' title='bbox 1519 1493 1693 1564; x_wconf 80' lang='lat' dir='ltr'><strong>Hujus</strong></span> <span class='ocrx_word' id='word_1_79' title='bbox 1728 1490 1964 1546; x_wconf 80' lang='lat' dir='ltr'><strong>oﬂicium</strong></span> 
     </span>
    </p>
   </div>
   <div class='ocr_carea' id='block_1_15' title="bbox 387 1583 1966 1658">
    <p class='ocr_par' dir='ltr' id='par_1_15' title="bbox 387 1583 1966 1658">
     <span class='ocr_line' id='line_1_15' title="bbox 387 1583 1966 1658; baseline 0.001 -22"><span class='ocrx_word' id='word_1_80' title='bbox 387 1583 469 1636; x_wconf 86' lang='lat' dir='ltr'><strong>sic</strong></span> <span class='ocrx_word' id='word_1_81' title='bbox 499 1583 837 1640; x_wconf 84' lang='lat' dir='ltr'><strong>describitur</strong></span> <span class='ocrx_word' id='word_1_82' title='bbox 872 1603 886 1640; x_wconf 88' lang='lat'><strong>:</strong></span> <span class='ocrx_word' id='word_1_83' title='bbox 919 1587 1264 1641; x_wconf 86' lang='lat' dir='ltr'><strong>Ascendente</strong></span> <span class='ocrx_word' id='word_1_84' title='bbox 1298 1588 1465 1658; x_wconf 83' lang='lat' dir='ltr'><strong>igitur</strong></span> <span class='ocrx_word' id='word_1_85' title='bbox 1499 1587 1830 1655; x_wconf 84' lang='lat' dir='ltr'><strong>imperatore</strong></span> <span class='ocrx_word' id='word_1_86' title='bbox 1851 1625 1866 1647; x_wconf 92' lang='lat'><strong>,</strong></span> <span class='ocrx_word' id='word_1_87' title='bbox 1907 1591 1966 1634; x_wconf 84' lang='grc' dir='ltr'><strong>ιιι</strong></span> 
     </span>
    </p>
   </div>
   <div class='ocr_carea' id='block_1_16' title="bbox 300 1674 1961 1747">
    <p class='ocr_par' dir='ltr' id='par_1_16' title="bbox 300 1674 1961 1747">
     <span class='ocr_line' id='line_1_16' title="bbox 300 1674 1961 1747; baseline -0.001 -19"><span class='ocrx_word' id='word_1_88' title='bbox 300 1717 303 1720; x_wconf 87' lang='grc'>.</span> <span class='ocrx_word' id='word_1_89' title='bbox 387 1675 727 1730; x_wconf 80' lang='lat' dir='ltr'><strong>declaratum</strong></span> <span class='ocrx_word' id='word_1_90' title='bbox 757 1688 863 1742; x_wconf 89' lang='lat' dir='ltr'><strong>est,</strong></span> <span class='ocrx_word' id='word_1_91' title='bbox 897 1679 964 1732; x_wconf 87' lang='lat' dir='ltr'><strong>ad</strong></span> <span class='ocrx_word' id='word_1_92' title='bbox 996 1680 1318 1740; x_wconf 86' lang='lat' dir='ltr'><strong>oratorium,</strong></span> <span class='ocrx_word' id='word_1_93' title='bbox 1350 1677 1828 1747; x_wconf 87' lang='lat' dir='ltr'><strong>protovestiarius,</strong></span> <span class='ocrx_word' id='word_1_94' title='bbox 1865 1674 1961 1742; x_wconf 91' lang='lat' dir='ltr'><strong>qui</strong></span> 
     </span>
    </p>
   </div>
   <div class='ocr_carea' id='block_1_17' title="bbox 387 1767 1960 1838">
    <p class='ocr_par' dir='ltr' id='par_1_17' title="bbox 387 1767 1960 1838">
     <span class='ocr_line' id='line_1_17' title="bbox 387 1767 1960 1838; baseline 0.001 -20"><span class='ocrx_word' id='word_1_95' title='bbox 387 1767 659 1834; x_wconf 87' lang='lat' dir='ltr'><strong>pilaticia,</strong></span> <span class='ocrx_word' id='word_1_96' title='bbox 696 1784 818 1837; x_wconf 64' lang='lat' dir='ltr'><strong>quae</strong></span> <span class='ocrx_word' id='word_1_97' title='bbox 864 1769 1213 1837; x_wconf 84' lang='lat' dir='ltr'><strong>imperatoris</strong></span> <span class='ocrx_word' id='word_1_98' title='bbox 1267 1778 1618 1838; x_wconf 87' lang='lat' dir='ltr'><strong>prospectum</strong></span> <span class='ocrx_word' id='word_1_99' title='bbox 1662 1767 1960 1836; x_wconf 87' lang='lat' dir='ltr'><strong>obtegunt,</strong></span> 
     </span>
    </p>
   </div>
   <div class='ocr_carea' id='block_1_18' title="bbox 2066 583 3636 660">
    <p class='ocr_par' dir='ltr' id='par_1_18' title="bbox 2066 583 3636 660">
     <span class='ocr_line' id='line_1_18' title="bbox 2066 583 3636 660; baseline -0.007 -15"><span class='ocrx_word' id='word_1_100' title='bbox 2066 606 2230 646; x_wconf 89' lang='lat' dir='ltr'><strong>causa</strong></span> <span class='ocrx_word' id='word_1_101' title='bbox 2283 587 2558 656; x_wconf 84' lang='lat' dir='ltr'><strong>stipendia</strong></span> <span class='ocrx_word' id='word_1_102' title='bbox 2595 586 2746 640; x_wconf 79' lang='lat' dir='ltr'><strong>facit.</strong></span> <span class='ocrx_word' id='word_1_103' title='bbox 2778 585 2933 653; x_wconf 89' lang='lat' dir='ltr'><strong>Apud</strong></span> <span class='ocrx_word' id='word_1_104' title='bbox 2964 583 3208 640; x_wconf 84' lang='lat' dir='ltr'><strong>Nicetam</strong></span> <span class='ocrx_word' id='word_1_105' title='bbox 3233 591 3287 637; x_wconf 87' lang='lat' dir='ltr'><strong>et</strong></span> <span class='ocrx_word' id='word_1_106' title='bbox 3312 583 3636 660; x_wconf 78' lang='grc' dir='ltr'><strong>φροντιστὴς</strong></span> 
     </span>
    </p>
   </div>
   <div class='ocr_carea' id='block_1_19' title="bbox 2065 675 3687 750">
    <p class='ocr_par' dir='ltr' id='par_1_19' title="bbox 2065 675 3687 750">
     <span class='ocr_line' id='line_1_19' title="bbox 2065 675 3687 750; baseline -0.004 -16"><span class='ocrx_word' id='word_1_107' title='bbox 2065 686 2158 736; x_wconf 71' lang='grc' dir='ltr'><strong>καὶ</strong></span> <span class='ocrx_word' id='word_1_108' title='bbox 2185 683 2458 750; x_wconf 78' lang='grc' dir='ltr'><strong>λογιστὴς.</strong></span> <span class='ocrx_word' id='word_1_109' title='bbox 2500 679 2695 733; x_wconf 75' lang='lat' dir='ltr'><strong>Valere</strong></span> <span class='ocrx_word' id='word_1_110' title='bbox 2729 688 2927 747; x_wconf 85' lang='lat' dir='ltr'><strong>putant</strong></span> <span class='ocrx_word' id='word_1_111' title='bbox 2976 677 3143 739; x_wconf 91' lang='lat' dir='ltr'><strong>idem,</strong></span> <span class='ocrx_word' id='word_1_112' title='bbox 3185 675 3333 745; x_wconf 90' lang='lat' dir='ltr'><strong>quod</strong></span> <span class='ocrx_word' id='word_1_113' title='bbox 3372 685 3634 744; x_wconf 75' lang='lat' dir='ltr'><strong>quaestor,</strong></span> <span class='ocrx_word' id='word_1_114' title='bbox 3675 677 3687 686; x_wconf 87' lang='lat'>&#39;</span> 
     </span>
    </p>
   </div>
   <div class='ocr_carea' id='block_1_20' title="bbox 2065 767 3640 842">
    <p class='ocr_par' dir='ltr' id='par_1_20' title="bbox 2065 767 3640 842">
     <span class='ocr_line' id='line_1_20' title="bbox 2065 767 3640 842; baseline -0.004 -15"><span class='ocrx_word' id='word_1_115' title='bbox 2065 782 2162 827; x_wconf 91' lang='lat' dir='ltr'><strong>aut</strong></span> <span class='ocrx_word' id='word_1_116' title='bbox 2192 784 2443 842; x_wconf 84' lang='lat' dir='ltr'><strong>receptor</strong></span> <span class='ocrx_word' id='word_1_117' title='bbox 2486 773 2809 842; x_wconf 77' lang='lat' dir='ltr'><strong>generalis,</strong></span> <span class='ocrx_word' id='word_1_118' title='bbox 2859 780 2957 824; x_wconf 86' lang='lat' dir='ltr'><strong>aut</strong></span> <span class='ocrx_word' id='word_1_119' title='bbox 3005 768 3153 837; x_wconf 85' lang='lat' dir='ltr'><strong>quod</strong></span> <span class='ocrx_word' id='word_1_120' title='bbox 3210 767 3501 823; x_wconf 86' lang='lat' dir='ltr'><strong>Germanis</strong></span> <span class='ocrx_word' id='word_1_121' title='bbox 3554 778 3640 820; x_wconf 83' lang='lat' dir='ltr'><strong>est</strong></span> 
     </span>
    </p>
   </div>
   <div class='ocr_carea' id='block_1_21' title="bbox 2059 860 3636 930">
    <p class='ocr_par' dir='ltr' id='par_1_21' title="bbox 2059 860 3636 930">
     <span class='ocr_line' id='line_1_21' title="bbox 2059 860 3636 930; baseline -0.005 -12"><span class='ocrx_word' id='word_1_122' title='bbox 2059 860 2555 918; x_wconf 47' lang='lat' dir='ltr'><strong>&#39;Kammermeister.</strong></span> <span class='ocrx_word' id='word_1_123' title='bbox 2577 865 2706 916; x_wconf 85' lang='lat' dir='ltr'><strong>Inde</strong></span> <span class='ocrx_word' id='word_1_124' title='bbox 2727 863 2934 915; x_wconf 82' lang='lat' dir='ltr'><strong>clarum</strong></span> <span class='ocrx_word' id='word_1_125' title='bbox 2959 861 3085 929; x_wconf 87' lang='lat' dir='ltr'><strong>quis</strong></span> <span class='ocrx_word' id='word_1_126' title='bbox 3107 860 3636 930; x_wconf 79' lang='grc' dir='ltr'><strong>μεγαλογαριάστης.</strong></span> 
     </span>
    </p>
   </div>
   <div class='ocr_carea' id='block_1_22' title="bbox 2137 950 3637 1022">
    <p class='ocr_par' dir='ltr' id='par_1_22' title="bbox 2137 950 3637 1022">
     <span class='ocr_line' id='line_1_22' title="bbox 2137 950 3637 1022; baseline -0.005 -14"><span class='ocrx_word' id='word_1_127' title='bbox 2137 955 2580 1022; x_wconf 78' lang='grc' dir='ltr'><strong>’Δποκρισιάριος</strong></span> <span class='ocrx_word' id='word_1_128' title='bbox 2609 994 2623 1017; x_wconf 84' lang='grc'><em>,</em></span> <span class='ocrx_word' id='word_1_129' title='bbox 2675 953 3073 1022; x_wconf 66' lang='lat' dir='ltr'><strong>apocrisiarius.</strong></span> <span class='ocrx_word' id='word_1_130' title='bbox 3127 951 3216 1004; x_wconf 87' lang='lat' dir='ltr'><strong>Sic</strong></span> <span class='ocrx_word' id='word_1_131' title='bbox 3259 950 3637 1018; x_wconf 87' lang='lat' dir='ltr'><strong>jurisconsulti</strong></span> 
     </span>
    </p>
   </div>
   <div class='ocr_carea' id='block_1_23' title="bbox 2065 1042 3641 1113">
    <p class='ocr_par' dir='ltr' id='par_1_23' title="bbox 2065 1042 3641 1113">
     <span class='ocr_line' id='line_1_23' title="bbox 2065 1042 3641 1113; baseline -0.005 -12"><span class='ocrx_word' id='word_1_132' title='bbox 2065 1047 2234 1101; x_wconf 64' lang='lat' dir='ltr'><strong>Graeci</strong></span> <span class='ocrx_word' id='word_1_133' title='bbox 2273 1061 2396 1100; x_wconf 81' lang='lat' dir='ltr'><strong>eum</strong></span> <span class='ocrx_word' id='word_1_134' title='bbox 2431 1046 2740 1110; x_wconf 88' lang='lat' dir='ltr'><strong>nominant,</strong></span> <span class='ocrx_word' id='word_1_135' title='bbox 2791 1044 2897 1113; x_wconf 79' lang='lat' dir='ltr'><strong>qui.</strong></span> <span class='ocrx_word' id='word_1_136' title='bbox 2942 1043 3315 1112; x_wconf 76' lang='lat' dir='ltr'><strong>legationibus</strong></span> <span class='ocrx_word' id='word_1_137' title='bbox 3349 1042 3641 1095; x_wconf 74' lang='lat' dir='ltr'><strong>audiendis</strong></span> 
     </span>
    </p>
   </div>
   <div class='ocr_carea' id='block_1_24' title="bbox 2069 1133 3642 1205">
    <p class='ocr_par' dir='ltr' id='par_1_24' title="bbox 2069 1133 3642 1205">
     <span class='ocr_line' id='line_1_24' title="bbox 2069 1133 3642 1205; baseline -0.003 -14"><span class='ocrx_word' id='word_1_138' title='bbox 2069 1137 2482 1205; x_wconf 78' lang='lat' dir='ltr'><strong>referendisque</strong></span> <span class='ocrx_word' id='word_1_139' title='bbox 2508 1138 2573 1191; x_wconf 88' lang='lat' dir='ltr'><strong>ad</strong></span> <span class='ocrx_word' id='word_1_140' title='bbox 2613 1136 3023 1205; x_wconf 80' lang='lat' dir='ltr'><strong>imperatorem,</strong></span> <span class='ocrx_word' id='word_1_141' title='bbox 3065 1147 3117 1188; x_wconf 91' lang='lat' dir='ltr'><strong>et</strong></span> <span class='ocrx_word' id='word_1_142' title='bbox 3154 1135 3432 1203; x_wconf 88' lang='lat' dir='ltr'><strong>responsis</strong></span> <span class='ocrx_word' id='word_1_143' title='bbox 3461 1133 3528 1186; x_wconf 89' lang='lat' dir='ltr'><strong>ab</strong></span> <span class='ocrx_word' id='word_1_144' title='bbox 3574 1149 3642 1188; x_wconf 89' lang='lat' dir='ltr'><strong>eo</strong></span> 
     </span>
    </p>
   </div>
   <div class='ocr_carea' id='block_1_25' title="bbox 2067 1230 2756 1284">
    <p class='ocr_par' dir='ltr' id='par_1_25' title="bbox 2067 1230 2756 1284">
     <span class='ocr_line' id='line_1_25' title="bbox 2067 1230 2756 1284; baseline -0.004 0"><span class='ocrx_word' id='word_1_145' title='bbox 2067 1230 2262 1284; x_wconf 84' lang='lat' dir='ltr'><strong>dandis</strong></span> <span class='ocrx_word' id='word_1_146' title='bbox 2288 1233 2622 1284; x_wconf 88' lang='lat' dir='ltr'><strong>constitutus</strong></span> <span class='ocrx_word' id='word_1_147' title='bbox 2653 1238 2756 1282; x_wconf 88' lang='lat' dir='ltr'><strong>cst.</strong></span> 
     </span>
    </p>
   </div>
   <div class='ocr_carea' id='block_1_26' title="bbox 2134 1313 3642 1388">
    <p class='ocr_par' dir='ltr' id='par_1_26' title="bbox 2134 1313 3642 1388">
     <span class='ocr_line' id='line_1_26' title="bbox 2134 1313 3642 1388; baseline -0.005 -16"><span class='ocrx_word' id='word_1_148' title='bbox 2134 1317 2519 1388; x_wconf 79' lang='grc' dir='ltr'><strong>Χαρτοφύλαξ,</strong></span> <span class='ocrx_word' id='word_1_149' title='bbox 2555 1319 2827 1388; x_wconf 69' lang='grc' dir='ltr'><strong>ρνιῑνίεετιιε</strong></span> <span class='ocrx_word' id='word_1_150' title='bbox 2860 1317 3074 1370; x_wconf 83' lang='lat' dir='ltr'><strong>chartis.</strong></span> <span class='ocrx_word' id='word_1_151' title='bbox 3107 1315 3209 1381; x_wconf 88' lang='lat' dir='ltr'><strong>Qui</strong></span> <span class='ocrx_word' id='word_1_152' title='bbox 3241 1313 3451 1369; x_wconf 85' lang='lat' dir='ltr'><strong>tabulas</strong></span> <span class='ocrx_word' id='word_1_153' title='bbox 3481 1313 3642 1367; x_wconf 83' lang='lat' dir='ltr'><strong>habet</strong></span> 
     </span>
    </p>
   </div>
   <div class='ocr_carea' id='block_1_27' title="bbox 2067 1405 3644 1479">
    <p class='ocr_par' dir='ltr' id='par_1_27' title="bbox 2067 1405 3644 1479">
     <span class='ocr_line' id='line_1_27' title="bbox 2067 1405 3644 1479; baseline -0.004 -18"><span class='ocrx_word' id='word_1_154' title='bbox 2067 1411 2404 1473; x_wconf 79' lang='lat' dir='ltr'><strong>rhartaceas,</strong></span> <span class='ocrx_word' id='word_1_155' title='bbox 2442 1413 2508 1463; x_wconf 87' lang='lat' dir='ltr'><strong>ad</strong></span> <span class='ocrx_word' id='word_1_156' title='bbox 2542 1411 2666 1479; x_wconf 84' lang='lat' dir='ltr'><strong>jura</strong></span> <span class='ocrx_word' id='word_1_157' title='bbox 2707 1409 2956 1463; x_wconf 77' lang='lat' dir='ltr'><strong>ecclesia:</strong></span> <span class='ocrx_word' id='word_1_158' title='bbox 3008 1408 3376 1476; x_wconf 82' lang='lat' dir='ltr'><strong>pertinentes,</strong></span> <span class='ocrx_word' id='word_1_159' title='bbox 3425 1405 3644 1458; x_wconf 81' lang='lat' dir='ltr'><strong>charta—</strong></span> 
     </span>
    </p>
   </div>
   <div class='ocr_carea' id='block_1_28' title="bbox 2068 1497 3638 1568">
    <p class='ocr_par' dir='ltr' id='par_1_28' title="bbox 2068 1497 3638 1568">
     <span class='ocr_line' id='line_1_28' title="bbox 2068 1497 3638 1568; baseline -0.005 -15"><span class='ocrx_word' id='word_1_160' title='bbox 2068 1504 2188 1555; x_wconf 78' lang='lat' dir='ltr'><strong>rum</strong></span> <span class='ocrx_word' id='word_1_161' title='bbox 2251 1510 2476 1562; x_wconf 86' lang='lat' dir='ltr'><strong>custos,</strong></span> <span class='ocrx_word' id='word_1_162' title='bbox 2527 1499 2622 1568; x_wconf 88' lang='lat' dir='ltr'><strong>qui</strong></span> <span class='ocrx_word' id='word_1_163' title='bbox 2675 1499 2961 1568; x_wconf 86' lang='lat' dir='ltr'><strong>privilegia</strong></span> <span class='ocrx_word' id='word_1_164' title='bbox 3015 1507 3070 1551; x_wconf 92' lang='lat' dir='ltr'><strong>et</strong></span> <span class='ocrx_word' id='word_1_165' title='bbox 3129 1497 3330 1551; x_wconf 87' lang='lat' dir='ltr'><strong>similia</strong></span> <span class='ocrx_word' id='word_1_166' title='bbox 3375 1505 3638 1554; x_wconf 85' lang='lat' dir='ltr'><strong>asservat,</strong></span> 
     </span>
    </p>
   </div>
   <div class='ocr_carea' id='block_1_29' title="bbox 2067 1574 3645 1660">
    <p class='ocr_par' dir='ltr' id='par_1_29' title="bbox 2067 1574 3645 1660">
     <span class='ocr_line' id='line_1_29' title="bbox 2067 1574 3645 1660; baseline -0.004 -16"><span class='ocrx_word' id='word_1_167' title='bbox 2067 1592 2356 1660; x_wconf 74' lang='lat' dir='ltr'><strong>praefectus</strong></span> <span class='ocrx_word' id='word_1_168' title='bbox 2389 1592 2746 1657; x_wconf 88' lang='lat' dir='ltr'><strong>scriniorum,</strong></span> <span class='ocrx_word' id='word_1_169' title='bbox 2775 1591 2945 1660; x_wconf 84' lang='lat' dir='ltr'><strong>judex</strong></span> <span class='ocrx_word' id='word_1_170' title='bbox 2983 1589 3126 1643; x_wconf 88' lang='lat' dir='ltr'><strong>idem</strong></span> <span class='ocrx_word' id='word_1_171' title='bbox 3155 1574 3444 1642; x_wconf 77' lang='lat' dir='ltr'><strong>caiisarum</strong></span> <span class='ocrx_word' id='word_1_172' title='bbox 3467 1587 3645 1639; x_wconf 89' lang='lat' dir='ltr'><strong>eccle-</strong></span> 
     </span>
    </p>
   </div>
   <div class='ocr_carea' id='block_1_30' title="bbox 2067 1676 3643 1750">
    <p class='ocr_par' dir='ltr' id='par_1_30' title="bbox 2067 1676 3643 1750">
     <span class='ocr_line' id='line_1_30' title="bbox 2067 1676 3643 1750; baseline -0.004 -17"><span class='ocrx_word' id='word_1_173' title='bbox 2067 1683 2435 1747; x_wconf 89' lang='lat' dir='ltr'><strong>siasticarum,</strong></span> <span class='ocrx_word' id='word_1_174' title='bbox 2468 1691 2527 1735; x_wconf 89' lang='lat' dir='ltr'><strong>et</strong></span> <span class='ocrx_word' id='word_1_175' title='bbox 2573 1679 2940 1750; x_wconf 63' lang='lat' dir='ltr'><strong>quaestionum</strong></span> <span class='ocrx_word' id='word_1_176' title='bbox 2996 1676 3512 1738; x_wconf 89' lang='lat' dir='ltr'><strong>matrimonialium,</strong></span> <span class='ocrx_word' id='word_1_177' title='bbox 3543 1676 3643 1728; x_wconf 89' lang='lat' dir='ltr'><strong>de-</strong></span> 
     </span>
    </p>
   </div>
   <div class='ocr_carea' id='block_1_31' title="bbox 2070 1765 3639 1832">
    <p class='ocr_par' dir='ltr' id='par_1_31' title="bbox 2070 1765 3639 1832">
     <span class='ocr_line' id='line_1_31' title="bbox 2070 1765 3639 1832; baseline -0.006 -7"><span class='ocrx_word' id='word_1_178' title='bbox 2070 1772 2254 1825; x_wconf 84' lang='lat' dir='ltr'><strong>fensor</strong></span> <span class='ocrx_word' id='word_1_179' title='bbox 2281 1772 2335 1825; x_wconf 88' lang='lat' dir='ltr'><strong>in</strong></span> <span class='ocrx_word' id='word_1_180' title='bbox 2368 1767 2697 1827; x_wconf 85' lang='lat' dir='ltr'><strong>clericorum</strong></span> <span class='ocrx_word' id='word_1_181' title='bbox 2747 1772 2965 1832; x_wconf 87' lang='lat' dir='ltr'><strong>causis,</strong></span> <span class='ocrx_word' id='word_1_182' title='bbox 3010 1767 3182 1821; x_wconf 87' lang='lat' dir='ltr'><strong>veluti</strong></span> <span class='ocrx_word' id='word_1_183' title='bbox 3221 1781 3416 1819; x_wconf 89' lang='lat' dir='ltr'><strong>manus</strong></span> <span class='ocrx_word' id='word_1_184' title='bbox 3443 1765 3639 1819; x_wconf 90' lang='lat' dir='ltr'><strong>summi</strong></span> 
     </span>
    </p>
   </div>
   <div class='ocr_carea' id='block_1_32' title="bbox 387 1854 1967 1929">
    <p class='ocr_par' dir='ltr' id='par_1_32' title="bbox 387 1858 1958 1929">
     <span class='ocr_line' id='line_1_32' title="bbox 387 1858 1958 1929; baseline -0.001 -17"><span class='ocrx_word' id='word_1_185' title='bbox 387 1865 484 1912; x_wconf 86' lang='lat' dir='ltr'><strong>aut</strong></span> <span class='ocrx_word' id='word_1_186' title='bbox 514 1867 729 1926; x_wconf 85' lang='lat' dir='ltr'><strong>sceptra</strong></span> <span class='ocrx_word' id='word_1_187' title='bbox 771 1859 1062 1929; x_wconf 82' lang='lat' dir='ltr'><strong>judicialia</strong></span> <span class='ocrx_word' id='word_1_188' title='bbox 1099 1870 1272 1925; x_wconf 88' lang='lat' dir='ltr'><strong>tenet,</strong></span> <span class='ocrx_word' id='word_1_189' title='bbox 1311 1870 1369 1914; x_wconf 88' lang='lat' dir='ltr'><strong>ut</strong></span> <span class='ocrx_word' id='word_1_190' title='bbox 1399 1860 1454 1913; x_wconf 87' lang='lat' dir='ltr'><strong>in</strong></span> <span class='ocrx_word' id='word_1_191' title='bbox 1490 1860 1661 1912; x_wconf 90' lang='lat' dir='ltr'><strong>altum</strong></span> <span class='ocrx_word' id='word_1_192' title='bbox 1695 1858 1958 1913; x_wconf 85' lang='lat' dir='ltr'><strong>subvecta</strong></span> 
     </span>
    </p>
   </div>
   <div class='ocr_carea' id='block_1_33' title="bbox 2071 1854 3400 1929">
    <p class='ocr_par' dir='ltr' id='par_1_33' title="bbox 2071 1854 3400 1926">
     <span class='ocr_line' id='line_1_33' title="bbox 2071 1854 3400 1926; baseline -0.007 -11"><span class='ocrx_word' id='word_1_193' title='bbox 2071 1861 2373 1917; x_wconf 84' lang='lat' dir='ltr'><strong>sacerdotis</strong></span> <span class='ocrx_word' id='word_1_194' title='bbox 2400 1861 2612 1915; x_wconf 82' lang='lat' dir='ltr'><strong>dextra.</strong></span> <span class='ocrx_word' id='word_1_195' title='bbox 2651 1858 2792 1913; x_wconf 86' lang='lat' dir='ltr'><strong>liinc</strong></span> <span class='ocrx_word' id='word_1_196' title='bbox 2827 1858 3002 1926; x_wconf 79' lang='grc' dir='ltr'><strong>μέγας</strong></span> <span class='ocrx_word' id='word_1_197' title='bbox 3030 1854 3400 1925; x_wconf 72' lang='grc' dir='ltr'><strong>χαρτοφύλαξ.</strong></span> 
     </span>
    </p>
   </div>
   <div class='ocr_carea' id='block_1_34' title="bbox 388 1947 1960 2018">
    <p class='ocr_par' dir='ltr' id='par_1_34' title="bbox 388 1947 1960 2018">
     <span class='ocr_line' id='line_1_34' title="bbox 388 1947 1960 2018; baseline 0 -18"><span class='ocrx_word' id='word_1_198' title='bbox 388 1957 540 2008; x_wconf 89' lang='lat' dir='ltr'><strong>sunt,</strong></span> <span class='ocrx_word' id='word_1_199' title='bbox 570 1947 761 2001; x_wconf 83' lang='lat' dir='ltr'><strong>dextra</strong></span> <span class='ocrx_word' id='word_1_200' title='bbox 815 1964 980 2002; x_wconf 88' lang='lat' dir='ltr'><strong>manu</strong></span> <span class='ocrx_word' id='word_1_201' title='bbox 1039 1966 1137 2004; x_wconf 87' lang='lat' dir='ltr'><strong>sua</strong></span> <span class='ocrx_word' id='word_1_202' title='bbox 1173 1950 1420 2004; x_wconf 88' lang='lat' dir='ltr'><strong>educens</strong></span> <span class='ocrx_word' id='word_1_203' title='bbox 1468 1965 1554 2012; x_wconf 87' lang='lat' dir='ltr'><strong>ea,</strong></span> <span class='ocrx_word' id='word_1_204' title='bbox 1603 1964 1633 2002; x_wconf 91' lang='lat' dir='ltr'><strong>e</strong></span> <span class='ocrx_word' id='word_1_205' title='bbox 1695 1949 1960 2018; x_wconf 82' lang='lat' dir='ltr'><strong>prothyro</strong></span> 
     </span>
    </p>
   </div>
   <div class='ocr_carea' id='block_1_35' title="bbox 389 2037 1961 2108">
    <p class='ocr_par' dir='ltr' id='par_1_35' title="bbox 389 2037 1961 2108">
     <span class='ocr_line' id='line_1_35' title="bbox 389 2037 1961 2108; baseline 0.002 -19"><span class='ocrx_word' id='word_1_206' title='bbox 389 2037 636 2090; x_wconf 87' lang='lat' dir='ltr'><strong>ostendit</strong></span> <span class='ocrx_word' id='word_1_207' title='bbox 686 2039 910 2107; x_wconf 89' lang='lat' dir='ltr'><strong>populo,</strong></span> <span class='ocrx_word' id='word_1_208' title='bbox 943 2039 1332 2094; x_wconf 81' lang='lat' dir='ltr'><strong>demonstrans</strong></span> <span class='ocrx_word' id='word_1_209' title='bbox 1387 2042 1489 2094; x_wconf 82' lang='lat' dir='ltr'><strong>hoc</strong></span> <span class='ocrx_word' id='word_1_210' title='bbox 1537 2040 1718 2108; x_wconf 74' lang='lat' dir='ltr'><strong>signo,</strong></span> <span class='ocrx_word' id='word_1_211' title='bbox 1769 2053 1961 2092; x_wconf 87' lang='lat' dir='ltr'><strong>ascen-</strong></span> 
     </span>
    </p>
   </div>
   <div class='ocr_carea' id='block_1_36' title="bbox 389 2130 1962 2201">
    <p class='ocr_par' dir='ltr' id='par_1_36' title="bbox 389 2130 1962 2201">
     <span class='ocr_line' id='line_1_36' title="bbox 389 2130 1962 2201; baseline 0 -15"><span class='ocrx_word' id='word_1_212' title='bbox 389 2130 539 2186; x_wconf 83' lang='lat' dir='ltr'><strong>disse</strong></span> <span class='ocrx_word' id='word_1_213' title='bbox 592 2133 979 2201; x_wconf 81' lang='lat' dir='ltr'><strong>imperatorem</strong></span> <span class='ocrx_word' id='word_1_214' title='bbox 1034 2135 1088 2187; x_wconf 92' lang='lat' dir='ltr'><strong>in</strong></span> <span class='ocrx_word' id='word_1_215' title='bbox 1140 2134 1468 2189; x_wconf 89' lang='lat' dir='ltr'><strong>oratorium.</strong></span> <span class='ocrx_word' id='word_1_216' title='bbox 1525 2133 1627 2188; x_wconf 76' lang='lat' dir='ltr'><strong>llic</strong></span> <span class='ocrx_word' id='word_1_217' title='bbox 1667 2141 1850 2186; x_wconf 86' lang='lat' dir='ltr'><strong>autem</strong></span> <span class='ocrx_word' id='word_1_218' title='bbox 1905 2131 1962 2186; x_wconf 91' lang='lat' dir='ltr'><strong>in</strong></span> 
     </span>
    </p>
   </div>
   <div class='ocr_carea' id='block_1_37' title="bbox 388 2222 1960 2293">
    <p class='ocr_par' dir='ltr' id='par_1_37' title="bbox 388 2222 1960 2293">
     <span class='ocr_line' id='line_1_37' title="bbox 388 2222 1960 2293; baseline 0.002 -18"><span class='ocrx_word' id='word_1_219' title='bbox 388 2224 656 2284; x_wconf 85' lang='lat' dir='ltr'><strong>oratorio,</strong></span> <span class='ocrx_word' id='word_1_220' title='bbox 708 2223 753 2276; x_wconf 89' lang='lat' dir='ltr'><strong>si</strong></span> <span class='ocrx_word' id='word_1_221' title='bbox 809 2222 1114 2293; x_wconf 84' lang='lat' dir='ltr'><strong>imperator</strong></span> <span class='ocrx_word' id='word_1_222' title='bbox 1147 2237 1243 2278; x_wconf 87' lang='lat' dir='ltr'><strong>aut</strong></span> <span class='ocrx_word' id='word_1_223' title='bbox 1281 2239 1442 2278; x_wconf 89' lang='lat' dir='ltr'><strong>suum</strong></span> <span class='ocrx_word' id='word_1_224' title='bbox 1496 2224 1670 2293; x_wconf 89' lang='lat' dir='ltr'><strong>ipsius</strong></span> <span class='ocrx_word' id='word_1_225' title='bbox 1702 2233 1960 2288; x_wconf 88' lang='lat' dir='ltr'><strong>stemma,</strong></span> 
     </span>
    </p>
   </div>
   <div class='ocr_carea' id='block_1_38' title="bbox 387 2313 1961 2385">
    <p class='ocr_par' dir='ltr' id='par_1_38' title="bbox 387 2313 1961 2385">
     <span class='ocr_line' id='line_1_38' title="bbox 387 2313 1961 2385; baseline 0.003 -19"><span class='ocrx_word' id='word_1_226' title='bbox 387 2322 486 2368; x_wconf 88' lang='lat' dir='ltr'><strong>aut</strong></span> <span class='ocrx_word' id='word_1_227' title='bbox 518 2313 746 2382; x_wconf 76' lang='lat' dir='ltr'><strong>aliquod</strong></span> <span class='ocrx_word' id='word_1_228' title='bbox 796 2314 947 2369; x_wconf 87' lang='lat' dir='ltr'><strong>aliud</strong></span> <span class='ocrx_word' id='word_1_229' title='bbox 995 2325 1278 2384; x_wconf 75' lang='lat' dir='ltr'><strong>gestamen</strong></span> <span class='ocrx_word' id='word_1_230' title='bbox 1313 2331 1474 2370; x_wconf 91' lang='lat' dir='ltr'><strong>suum</strong></span> <span class='ocrx_word' id='word_1_231' title='bbox 1508 2323 1824 2385; x_wconf 87' lang='lat' dir='ltr'><strong>gestaturus</strong></span> <span class='ocrx_word' id='word_1_232' title='bbox 1855 2323 1961 2380; x_wconf 91' lang='lat' dir='ltr'><strong>est,</strong></span> 
     </span>
    </p>
   </div>
   <div class='ocr_carea' id='block_1_39' title="bbox 389 2406 1964 2475">
    <p class='ocr_par' dir='ltr' id='par_1_39' title="bbox 389 2406 1964 2475">
     <span class='ocr_line' id='line_1_39' title="bbox 389 2406 1964 2475; baseline 0.003 -18"><span class='ocrx_word' id='word_1_233' title='bbox 389 2406 866 2474; x_wconf 86' lang='lat' dir='ltr'><strong>protovestiarius,</strong></span> <span class='ocrx_word' id='word_1_234' title='bbox 899 2406 1164 2475; x_wconf 89' lang='lat' dir='ltr'><strong>inquam,</strong></span> <span class='ocrx_word' id='word_1_235' title='bbox 1206 2407 1378 2462; x_wconf 85' lang='lat' dir='ltr'><strong>sumit</strong></span> <span class='ocrx_word' id='word_1_236' title='bbox 1428 2406 1560 2460; x_wconf 92' lang='lat' dir='ltr'><strong>illud</strong></span> <span class='ocrx_word' id='word_1_237' title='bbox 1616 2422 1645 2460; x_wconf 88' lang='lat' dir='ltr'><strong>a</strong></span> <span class='ocrx_word' id='word_1_238' title='bbox 1690 2407 1964 2462; x_wconf 86' lang='lat' dir='ltr'><strong>ministris</strong></span> 
     </span>
    </p>
   </div>
   <div class='ocr_carea' id='block_1_40' title="bbox 391 2495 1958 2564">
    <p class='ocr_par' dir='ltr' id='par_1_40' title="bbox 391 2495 1958 2564">
     <span class='ocr_line' id='line_1_40' title="bbox 391 2495 1958 2564; baseline -0.001 -15"><span class='ocrx_word' id='word_1_239' title='bbox 391 2498 656 2560; x_wconf 88' lang='lat' dir='ltr'><strong>rucharii,</strong></span> <span class='ocrx_word' id='word_1_240' title='bbox 689 2506 748 2550; x_wconf 91' lang='lat' dir='ltr'><strong>et</strong></span> <span class='ocrx_word' id='word_1_241' title='bbox 779 2498 1101 2563; x_wconf 78' lang='lat' dir='ltr'><strong>imperatori</strong></span> <span class='ocrx_word' id='word_1_242' title='bbox 1135 2496 1302 2549; x_wconf 89' lang='lat' dir='ltr'><strong>tradit</strong></span> <span class='ocrx_word' id='word_1_243' title='bbox 1334 2517 1345 2548; x_wconf 87' lang='lat'><strong>:</strong></span> <span class='ocrx_word' id='word_1_244' title='bbox 1381 2510 1562 2564; x_wconf 89' lang='lat' dir='ltr'><strong>neque</strong></span> <span class='ocrx_word' id='word_1_245' title='bbox 1593 2495 1647 2548; x_wconf 88' lang='lat' dir='ltr'><strong>id</strong></span> <span class='ocrx_word' id='word_1_246' title='bbox 1689 2497 1870 2549; x_wconf 90' lang='lat' dir='ltr'><strong>solum</strong></span> <span class='ocrx_word' id='word_1_247' title='bbox 1904 2496 1958 2549; x_wconf 90' lang='lat' dir='ltr'><strong>in</strong></span> 
     </span>
    </p>
   </div>
   <div class='ocr_carea' id='block_1_41' title="bbox 389 2572 1962 2656">
    <p class='ocr_par' dir='ltr' id='par_1_41' title="bbox 389 2572 1962 2656">
     <span class='ocr_line' id='line_1_41' title="bbox 389 2572 1962 2656; baseline 0 -17"><span class='ocrx_word' id='word_1_248' title='bbox 389 2593 640 2655; x_wconf 86' lang='lat' dir='ltr'><strong>tempore</strong></span> <span class='ocrx_word' id='word_1_249' title='bbox 670 2585 944 2656; x_wconf 88' lang='lat' dir='ltr'><strong>ejusmodi</strong></span> <span class='ocrx_word' id='word_1_250' title='bbox 995 2585 1258 2639; x_wconf 77' lang='lat' dir='ltr'><strong>festorum</strong></span> <span class='ocrx_word' id='word_1_251' title='bbox 1291 2586 1528 2650; x_wconf 88' lang='lat' dir='ltr'><strong>dierum,</strong></span> <span class='ocrx_word' id='word_1_252' title='bbox 1572 2601 1763 2639; x_wconf 87' lang='lat' dir='ltr'><strong>vermn</strong></span> <span class='ocrx_word' id='word_1_253' title='bbox 1793 2572 1962 2639; x_wconf 81' lang='lat' dir='ltr'><strong>etiam</strong></span> 
     </span>
    </p>
   </div>
   <div class='ocr_carea' id='block_1_42' title="bbox 390 2675 1965 2746">
    <p class='ocr_par' dir='ltr' id='par_1_42' title="bbox 390 2675 1965 2746">
     <span class='ocr_line' id='line_1_42' title="bbox 390 2675 1965 2746; baseline -0.001 -16"><span class='ocrx_word' id='word_1_254' title='bbox 390 2690 610 2746; x_wconf 83' lang='lat' dir='ltr'><strong>semper</strong></span> <span class='ocrx_word' id='word_1_255' title='bbox 637 2677 712 2730; x_wconf 89' lang='lat' dir='ltr'><strong>ita</strong></span> <span class='ocrx_word' id='word_1_256' title='bbox 744 2677 899 2732; x_wconf 80' lang='lat' dir='ltr'><strong>facit.</strong></span> <span class='ocrx_word' id='word_1_257' title='bbox 963 2677 1019 2729; x_wconf 90' lang='lat' dir='ltr'><strong>Id</strong></span> <span class='ocrx_word' id='word_1_258' title='bbox 1055 2692 1188 2730; x_wconf 85' lang='lat' dir='ltr'><strong>vero</strong></span> <span class='ocrx_word' id='word_1_259' title='bbox 1222 2677 1389 2730; x_wconf 86' lang='lat' dir='ltr'><strong>etiam</strong></span> <span class='ocrx_word' id='word_1_260' title='bbox 1427 2675 1712 2746; x_wconf 85' lang='lat' dir='ltr'><strong>proprium</strong></span> <span class='ocrx_word' id='word_1_261' title='bbox 1768 2686 1823 2730; x_wconf 90' lang='lat' dir='ltr'><strong>et</strong></span> <span class='ocrx_word' id='word_1_262' title='bbox 1850 2677 1965 2730; x_wconf 87' lang='lat' dir='ltr'><strong>sin-</strong></span> 
     </span>
    </p>
   </div>
   <div class='ocr_carea' id='block_1_43' title="bbox 389 2769 1967 2838">
    <p class='ocr_par' dir='ltr' id='par_1_43' title="bbox 389 2769 1967 2838">
     <span class='ocr_line' id='line_1_43' title="bbox 389 2769 1967 2838; baseline 0 -16"><span class='ocrx_word' id='word_1_263' title='bbox 389 2769 577 2836; x_wconf 86' lang='lat' dir='ltr'><strong>gulare</strong></span> <span class='ocrx_word' id='word_1_264' title='bbox 607 2769 794 2832; x_wconf 89' lang='lat' dir='ltr'><strong>habet,</strong></span> <span class='ocrx_word' id='word_1_265' title='bbox 827 2769 974 2838; x_wconf 90' lang='lat' dir='ltr'><strong>quod</strong></span> <span class='ocrx_word' id='word_1_266' title='bbox 1018 2769 1065 2822; x_wconf 88' lang='lat' dir='ltr'><strong>si</strong></span> <span class='ocrx_word' id='word_1_267' title='bbox 1123 2769 1250 2837; x_wconf 89' lang='lat' dir='ltr'><strong>quid</strong></span> <span class='ocrx_word' id='word_1_268' title='bbox 1298 2769 1541 2822; x_wconf 83' lang='lat' dir='ltr'><strong>alienum</strong></span> <span class='ocrx_word' id='word_1_269' title='bbox 1597 2769 1816 2832; x_wconf 88' lang='lat' dir='ltr'><strong>viderit,</strong></span> <span class='ocrx_word' id='word_1_270' title='bbox 1873 2777 1967 2822; x_wconf 86' lang='lat' dir='ltr'><strong>aut</strong></span> 
     </span>
    </p>
   </div>
   <div class='ocr_carea' id='block_1_44' title="bbox 389 2859 1968 2928">
    <p class='ocr_par' dir='ltr' id='par_1_44' title="bbox 389 2859 1968 2928">
     <span class='ocr_line' id='line_1_44' title="bbox 389 2859 1968 2928; baseline 0.004 -16"><span class='ocrx_word' id='word_1_271' title='bbox 389 2859 590 2923; x_wconf 89' lang='lat' dir='ltr'><strong>lutum,</strong></span> <span class='ocrx_word' id='word_1_272' title='bbox 629 2870 725 2913; x_wconf 89' lang='lat' dir='ltr'><strong>aut</strong></span> <span class='ocrx_word' id='word_1_273' title='bbox 763 2861 894 2928; x_wconf 91' lang='lat' dir='ltr'><strong>quid</strong></span> <span class='ocrx_word' id='word_1_274' title='bbox 933 2860 1080 2913; x_wconf 90' lang='lat' dir='ltr'><strong>aliud</strong></span> <span class='ocrx_word' id='word_1_275' title='bbox 1123 2861 1188 2914; x_wconf 91' lang='lat' dir='ltr'><strong>ad</strong></span> <span class='ocrx_word' id='word_1_276' title='bbox 1235 2861 1587 2928; x_wconf 87' lang='lat' dir='ltr'><strong>imperatoris</strong></span> <span class='ocrx_word' id='word_1_277' title='bbox 1616 2871 1847 2927; x_wconf 86' lang='lat' dir='ltr'><strong>vestem,</strong></span> <span class='ocrx_word' id='word_1_278' title='bbox 1875 2865 1968 2918; x_wconf 90' lang='lat' dir='ltr'><strong>dc-</strong></span> 
     </span>
    </p>
   </div>
   <div class='ocr_carea' id='block_1_45' title="bbox 390 2952 1996 3022">
    <p class='ocr_par' dir='ltr' id='par_1_45' title="bbox 390 2952 1996 3022">
     <span class='ocr_line' id='line_1_45' title="bbox 390 2952 1996 3022; baseline 0.003 -19"><span class='ocrx_word' id='word_1_279' title='bbox 390 2965 604 3020; x_wconf 88' lang='lat' dir='ltr'><strong>ponens</strong></span> <span class='ocrx_word' id='word_1_280' title='bbox 635 2952 727 3006; x_wconf 90' lang='lat' dir='ltr'><strong>ille</strong></span> <span class='ocrx_word' id='word_1_281' title='bbox 765 2953 1086 3016; x_wconf 80' lang='lat' dir='ltr'><strong>umbellam,</strong></span> <span class='ocrx_word' id='word_1_282' title='bbox 1123 2962 1218 3006; x_wconf 90' lang='lat' dir='ltr'><strong>aut</strong></span> <span class='ocrx_word' id='word_1_283' title='bbox 1249 2962 1464 3019; x_wconf 78' lang='lat' dir='ltr'><strong>tegmen</strong></span> <span class='ocrx_word' id='word_1_284' title='bbox 1498 2952 1696 3021; x_wconf 85' lang='lat' dir='ltr'><strong>capitis</strong></span> <span class='ocrx_word' id='word_1_285' title='bbox 1729 2955 1837 3017; x_wconf 91' lang='lat' dir='ltr'><strong>sui,</strong></span> <span class='ocrx_word' id='word_1_286' title='bbox 1875 2970 1996 3022; x_wconf 44' lang='lat' dir='ltr'><strong>exs</strong></span> 
     </span>
    </p>
   </div>
   <div class='ocr_carea' id='block_1_46' title="bbox 392 3043 1968 3113">
    <p class='ocr_par' dir='ltr' id='par_1_46' title="bbox 392 3043 1968 3113">
     <span class='ocr_line' id='line_1_46' title="bbox 392 3043 1968 3113; baseline 0.003 -19"><span class='ocrx_word' id='word_1_287' title='bbox 392 3051 542 3098; x_wconf 87' lang='lat' dir='ltr'><strong>tenta</strong></span> <span class='ocrx_word' id='word_1_288' title='bbox 571 3058 735 3096; x_wconf 88' lang='lat' dir='ltr'><strong>manu</strong></span> <span class='ocrx_word' id='word_1_289' title='bbox 769 3043 932 3108; x_wconf 91' lang='lat' dir='ltr'><strong>tollit,</strong></span> <span class='ocrx_word' id='word_1_290' title='bbox 965 3057 1057 3097; x_wconf 88' lang='lat' dir='ltr'><strong>aut</strong></span> <span class='ocrx_word' id='word_1_291' title='bbox 1085 3053 1286 3113; x_wconf 89' lang='lat' dir='ltr'><strong>purgat</strong></span> <span class='ocrx_word' id='word_1_292' title='bbox 1312 3043 1448 3097; x_wconf 91' lang='lat' dir='ltr'><strong>illud</strong></span> <span class='ocrx_word' id='word_1_293' title='bbox 1483 3058 1592 3097; x_wconf 91' lang='lat' dir='ltr'><strong>non</strong></span> <span class='ocrx_word' id='word_1_294' title='bbox 1624 3053 1865 3112; x_wconf 84' lang='lat' dir='ltr'><strong>rogatus.</strong></span> <span class='ocrx_word' id='word_1_295' title='bbox 1894 3044 1968 3098; x_wconf 81' lang='lat' dir='ltr'><strong>Ex</strong></span> 
     </span>
    </p>
   </div>
   <div class='ocr_carea' id='block_1_47' title="bbox 389 3135 1966 3205">
    <p class='ocr_par' dir='ltr' id='par_1_47' title="bbox 389 3135 1966 3205">
     <span class='ocr_line' id='line_1_47' title="bbox 389 3135 1966 3205; baseline 0.001 -18"><span class='ocrx_word' id='word_1_296' title='bbox 389 3135 653 3188; x_wconf 90' lang='lat' dir='ltr'><strong>omnibus</strong></span> <span class='ocrx_word' id='word_1_297' title='bbox 684 3151 816 3189; x_wconf 89' lang='lat' dir='ltr'><strong>vero</strong></span> <span class='ocrx_word' id='word_1_298' title='bbox 849 3136 971 3189; x_wconf 89' lang='lat' dir='ltr'><strong>aliis</strong></span> <span class='ocrx_word' id='word_1_299' title='bbox 1010 3136 1356 3205; x_wconf 87' lang='lat' dir='ltr'><strong>principibus</strong></span> <span class='ocrx_word' id='word_1_300' title='bbox 1393 3151 1554 3189; x_wconf 90' lang='lat' dir='ltr'><strong>nemo</strong></span> <span class='ocrx_word' id='word_1_301' title='bbox 1585 3137 1966 3190; x_wconf 85' lang='lat' dir='ltr'><strong>auctoritatem</strong></span> 
     </span>
    </p>
   </div>
   <div class='ocr_carea' id='block_1_48' title="bbox 393 3224 1971 3290">
    <p class='ocr_par' dir='ltr' id='par_1_48' title="bbox 393 3224 1971 3290">
     <span class='ocr_line' id='line_1_48' title="bbox 393 3224 1971 3290; baseline 0.001 -11"><span class='ocrx_word' id='word_1_302' title='bbox 393 3224 559 3280; x_wconf 86' lang='lat' dir='ltr'><strong>habet</strong></span> <span class='ocrx_word' id='word_1_303' title='bbox 611 3227 848 3281; x_wconf 84' lang='lat' dir='ltr'><strong>faciendi</strong></span> <span class='ocrx_word' id='word_1_304' title='bbox 901 3227 1068 3290; x_wconf 88' lang='lat' dir='ltr'><strong>istud,</strong></span> <span class='ocrx_word' id='word_1_305' title='bbox 1103 3227 1200 3282; x_wconf 88' lang='lat' dir='ltr'><strong>sed</strong></span> <span class='ocrx_word' id='word_1_306' title='bbox 1245 3227 1337 3280; x_wconf 91' lang='lat' dir='ltr'><strong>ille</strong></span> <span class='ocrx_word' id='word_1_307' title='bbox 1381 3228 1554 3282; x_wconf 84' lang='lat' dir='ltr'><strong>solus.</strong></span> <span class='ocrx_word' id='word_1_308' title='bbox 1596 3226 1844 3281; x_wconf 85' lang='lat' dir='ltr'><strong>Pilaticia</strong></span> <span class='ocrx_word' id='word_1_309' title='bbox 1885 3237 1971 3281; x_wconf 89' lang='lat' dir='ltr'><strong>est</strong></span> 
     </span>
    </p>
   </div>
   <div class='ocr_carea' id='block_1_49' title="bbox 392 3318 1966 3388">
    <p class='ocr_par' dir='ltr' id='par_1_49' title="bbox 392 3318 1966 3388">
     <span class='ocr_line' id='line_1_49' title="bbox 392 3318 1966 3388; baseline -0.001 -16"><span class='ocrx_word' id='word_1_310' title='bbox 392 3334 536 3387; x_wconf 90' lang='lat' dir='ltr'><strong>opus</strong></span> <span class='ocrx_word' id='word_1_311' title='bbox 567 3333 598 3372; x_wconf 88' lang='lat' dir='ltr'><strong>e</strong></span> <span class='ocrx_word' id='word_1_312' title='bbox 631 3320 944 3388; x_wconf 78' lang='lat' dir='ltr'><strong>margaritis</strong></span> <span class='ocrx_word' id='word_1_313' title='bbox 996 3334 1120 3374; x_wconf 91' lang='lat' dir='ltr'><strong>cum</strong></span> <span class='ocrx_word' id='word_1_314' title='bbox 1172 3318 1412 3383; x_wconf 84' lang='lat' dir='ltr'><strong>ﬁmbria,</strong></span> <span class='ocrx_word' id='word_1_315' title='bbox 1461 3318 1516 3372; x_wconf 91' lang='lat' dir='ltr'><strong>in</strong></span> <span class='ocrx_word' id='word_1_316' title='bbox 1566 3319 1966 3387; x_wconf 88' lang='lat' dir='ltr'><strong>longitudinem</strong></span> 
     </span>
    </p>
   </div>
   <div class='ocr_carea' id='block_1_50' title="bbox 394 3408 1970 3477">
    <p class='ocr_par' dir='ltr' id='par_1_50' title="bbox 394 3408 1970 3477">
     <span class='ocr_line' id='line_1_50' title="bbox 394 3408 1970 3477; baseline -0.001 -16"><span class='ocrx_word' id='word_1_317' title='bbox 394 3409 582 3462; x_wconf 87' lang='lat' dir='ltr'><strong>minus</strong></span> <span class='ocrx_word' id='word_1_318' title='bbox 613 3409 909 3477; x_wconf 86' lang='lat' dir='ltr'><strong>spitbama,</strong></span> <span class='ocrx_word' id='word_1_319' title='bbox 936 3409 992 3462; x_wconf 90' lang='lat' dir='ltr'><strong>in</strong></span> <span class='ocrx_word' id='word_1_320' title='bbox 1026 3408 1376 3462; x_wconf 88' lang='lat' dir='ltr'><strong>latitudinem</strong></span> <span class='ocrx_word' id='word_1_321' title='bbox 1405 3415 1587 3461; x_wconf 90' lang='lat' dir='ltr'><strong>autem</strong></span> <span class='ocrx_word' id='word_1_322' title='bbox 1617 3409 1818 3476; x_wconf 89' lang='lat' dir='ltr'><strong>palmo,</strong></span> <span class='ocrx_word' id='word_1_323' title='bbox 1847 3422 1970 3476; x_wconf 63' lang='lat' dir='ltr'><strong>quae</strong></span> 
     </span>
    </p>
   </div>
   <div class='ocr_carea' id='block_1_51' title="bbox 393 3497 1969 3568">
    <p class='ocr_par' dir='ltr' id='par_1_51' title="bbox 393 3497 1969 3568">
     <span class='ocr_line' id='line_1_51' title="bbox 393 3497 1969 3568; baseline -0.002 -16"><span class='ocrx_word' id='word_1_324' title='bbox 393 3514 490 3553; x_wconf 78' lang='lat' dir='ltr'><strong>rex</strong></span> <span class='ocrx_word' id='word_1_325' title='bbox 525 3500 806 3553; x_wconf 83' lang='lat' dir='ltr'><strong>Medorum</strong></span> <span class='ocrx_word' id='word_1_326' title='bbox 837 3499 1108 3568; x_wconf 76' lang='lat' dir='ltr'><strong>gestabat,</strong></span> <span class='ocrx_word' id='word_1_327' title='bbox 1135 3499 1493 3567; x_wconf 89' lang='lat' dir='ltr'><strong>similiterque</strong></span> <span class='ocrx_word' id='word_1_328' title='bbox 1515 3497 1749 3566; x_wconf 73' lang='lat' dir='ltr'><strong>iudices,</strong></span> <span class='ocrx_word' id='word_1_329' title='bbox 1772 3513 1969 3566; x_wconf 91' lang='lat' dir='ltr'><strong>quem-</strong></span> 
     </span>
    </p>
   </div>
   <div class='ocr_carea' id='block_1_52' title="bbox 393 3589 1969 3658">
    <p class='ocr_par' dir='ltr' id='par_1_52' title="bbox 393 3589 1969 3658">
     <span class='ocr_line' id='line_1_52' title="bbox 393 3589 1969 3658; baseline -0.002 -15"><span class='ocrx_word' id='word_1_330' title='bbox 393 3591 693 3644; x_wconf 89' lang='lat' dir='ltr'><strong>admodum</strong></span> <span class='ocrx_word' id='word_1_331' title='bbox 747 3590 878 3642; x_wconf 88' lang='lat' dir='ltr'><strong>olim</strong></span> <span class='ocrx_word' id='word_1_332' title='bbox 955 3589 1129 3644; x_wconf 90' lang='lat' dir='ltr'><strong>duces</strong></span> <span class='ocrx_word' id='word_1_333' title='bbox 1175 3589 1455 3643; x_wconf 80' lang='lat' dir='ltr'><strong>exercitus</strong></span> <span class='ocrx_word' id='word_1_334' title='bbox 1503 3590 1793 3658; x_wconf 84' lang='lat' dir='ltr'><strong>gestabant</strong></span> <span class='ocrx_word' id='word_1_335' title='bbox 1855 3597 1969 3641; x_wconf 90' lang='lat' dir='ltr'><strong>tor-</strong></span> 
     </span>
    </p>
   </div>
   <div class='ocr_carea' id='block_1_53' title="bbox 393 3677 1969 3749">
    <p class='ocr_par' dir='ltr' id='par_1_53' title="bbox 393 3677 1969 3749">
     <span class='ocr_line' id='line_1_53' title="bbox 393 3677 1969 3749; baseline -0.003 -15"><span class='ocrx_word' id='word_1_336' title='bbox 393 3696 554 3749; x_wconf 87' lang='lat' dir='ltr'><strong>ques,</strong></span> <span class='ocrx_word' id='word_1_337' title='bbox 592 3681 861 3734; x_wconf 86' lang='lat' dir='ltr'><strong>honorem</strong></span> <span class='ocrx_word' id='word_1_338' title='bbox 895 3680 1142 3748; x_wconf 88' lang='lat' dir='ltr'><strong>ipsorum</strong></span> <span class='ocrx_word' id='word_1_339' title='bbox 1172 3681 1635 3734; x_wconf 87' lang='lat' dir='ltr'><strong>demonstrantes.</strong></span> <span class='ocrx_word' id='word_1_340' title='bbox 1663 3679 1736 3731; x_wconf 85' lang='grc' dir='ltr'>Τὸ</span> <span class='ocrx_word' id='word_1_341' title='bbox 1775 3677 1969 3748; x_wconf 77' lang='grc' dir='ltr'><strong>ροὖχον</strong></span> 
     </span>
    </p>
   </div>
   <div class='ocr_carea' id='block_1_54' title="bbox 394 3769 1972 3840">
    <p class='ocr_par' dir='ltr' id='par_1_54' title="bbox 394 3769 1972 3840">
     <span class='ocr_line' id='line_1_54' title="bbox 394 3769 1972 3840; baseline -0.003 -14"><span class='ocrx_word' id='word_1_342' title='bbox 394 3785 655 3840; x_wconf 88' lang='lat' dir='ltr'><strong>suprema</strong></span> <span class='ocrx_word' id='word_1_343' title='bbox 683 3771 878 3836; x_wconf 80' lang='lat' dir='ltr'><strong>vestis,</strong></span> <span class='ocrx_word' id='word_1_344' title='bbox 923 3771 1135 3839; x_wconf 73' lang='lat' dir='ltr'><strong>Species</strong></span> <span class='ocrx_word' id='word_1_345' title='bbox 1169 3770 1351 3824; x_wconf 82' lang='lat' dir='ltr'><strong>vestis</strong></span> <span class='ocrx_word' id='word_1_346' title='bbox 1379 3786 1410 3824; x_wconf 88' lang='lat' dir='ltr'><strong>e</strong></span> <span class='ocrx_word' id='word_1_347' title='bbox 1438 3769 1729 3826; x_wconf 85' lang='lat' dir='ltr'><strong>Germania</strong></span> <span class='ocrx_word' id='word_1_348' title='bbox 1771 3784 1972 3839; x_wconf 83' lang='lat' dir='ltr'><strong>appor-</strong></span> 
     </span>
    </p>
   </div>
   <div class='ocr_carea' id='block_1_55' title="bbox 397 3861 1968 3928">
    <p class='ocr_par' dir='ltr' id='par_1_55' title="bbox 397 3861 1968 3928">
     <span class='ocr_line' id='line_1_55' title="bbox 397 3861 1968 3928; baseline 0.001 -12"><span class='ocrx_word' id='word_1_349' title='bbox 397 3872 533 3928; x_wconf 86' lang='lat' dir='ltr'><strong>tata,</strong></span> <span class='ocrx_word' id='word_1_350' title='bbox 582 3863 730 3918; x_wconf 88' lang='lat' dir='ltr'><strong>unde</strong></span> <span class='ocrx_word' id='word_1_351' title='bbox 810 3863 1201 3918; x_wconf 89' lang='lat' dir='ltr'><strong>Germanicum</strong></span> <span class='ocrx_word' id='word_1_352' title='bbox 1254 3879 1455 3917; x_wconf 88' lang='lat' dir='ltr'><strong>nomen</strong></span> <span class='ocrx_word' id='word_1_353' title='bbox 1510 3863 1758 3926; x_wconf 89' lang='lat' dir='ltr'><strong>retinuit,</strong></span> <span class='ocrx_word' id='word_1_354' title='bbox 1809 3861 1968 3917; x_wconf 71' lang='lat' dir='ltr'><strong>Roclt&#39;.</strong></span> 
     </span>
    </p>
   </div>
   <div class='ocr_carea' id='block_1_56' title="bbox 398 3953 1969 4025">
    <p class='ocr_par' dir='ltr' id='par_1_56' title="bbox 398 3953 1969 4025">
     <span class='ocr_line' id='line_1_56' title="bbox 398 3953 1969 4025; baseline 0 -17"><span class='ocrx_word' id='word_1_355' title='bbox 398 3955 536 4009; x_wconf 88' lang='lat' dir='ltr'><strong>Hinc</strong></span> <span class='ocrx_word' id='word_1_356' title='bbox 591 3957 910 4024; x_wconf 80' lang='grc' dir='ltr'><strong>ῥουχαρεῖον</strong></span> <span class='ocrx_word' id='word_1_357' title='bbox 977 3954 1294 4025; x_wconf 84' lang='lat' dir='ltr'><strong>vestiarium</strong></span> <span class='ocrx_word' id='word_1_358' title='bbox 1353 3953 1576 4022; x_wconf 88' lang='lat' dir='ltr'><strong>speciali</strong></span> <span class='ocrx_word' id='word_1_359' title='bbox 1654 3954 1879 4006; x_wconf 87' lang='lat' dir='ltr'><strong>nomine</strong></span> <span class='ocrx_word' id='word_1_360' title='bbox 1938 3969 1969 4008; x_wconf 86' lang='lat' dir='ltr'><strong>a</strong></span> 
     </span>
    </p>
   </div>
   <div class='ocr_carea' id='block_1_57' title="bbox 394 4044 1968 4114">
    <p class='ocr_par' dir='ltr' id='par_1_57' title="bbox 394 4044 1968 4114">
     <span class='ocr_line' id='line_1_57' title="bbox 394 4044 1968 4114; baseline -0.001 -15"><span class='ocrx_word' id='word_1_361' title='bbox 394 4045 724 4114; x_wconf 80' lang='lat' dir='ltr'><strong>Curopalata</strong></span> <span class='ocrx_word' id='word_1_362' title='bbox 776 4045 1126 4114; x_wconf 86' lang='lat' dir='ltr'><strong>appellatur,</strong></span> <span class='ocrx_word' id='word_1_363' title='bbox 1161 4045 1290 4114; x_wconf 88' lang='lat' dir='ltr'><strong>quia</strong></span> <span class='ocrx_word' id='word_1_364' title='bbox 1350 4044 1516 4099; x_wconf 89' lang='lat' dir='ltr'><strong>latius</strong></span> <span class='ocrx_word' id='word_1_365' title='bbox 1567 4053 1718 4113; x_wconf 87' lang='lat' dir='ltr'><strong>patet</strong></span> <span class='ocrx_word' id='word_1_366' title='bbox 1770 4059 1968 4099; x_wconf 85' lang='lat' dir='ltr'><strong>nomen</strong></span> 
     </span>
    </p>
   </div>
   <div class='ocr_carea' id='block_1_58' title="bbox 396 4133 1720 4203">
    <p class='ocr_par' dir='ltr' id='par_1_58' title="bbox 396 4133 1720 4203">
     <span class='ocr_line' id='line_1_58' title="bbox 396 4133 1720 4203; baseline 0 -16"><span class='ocrx_word' id='word_1_367' title='bbox 396 4133 640 4188; x_wconf 85' lang='lat' dir='ltr'><strong>vestiarii</strong></span> <span class='ocrx_word' id='word_1_368' title='bbox 673 4134 818 4203; x_wconf 91' lang='lat' dir='ltr'><strong>apud</strong></span> <span class='ocrx_word' id='word_1_369' title='bbox 847 4134 1185 4188; x_wconf 81' lang='lat' dir='ltr'><strong>recentiores</strong></span> <span class='ocrx_word' id='word_1_370' title='bbox 1211 4133 1449 4187; x_wconf 72' lang='lat' dir='ltr'><strong>Graecos.</strong></span> <span class='ocrx_word' id='word_1_371' title='bbox 1717 4189 1720 4192; x_wconf 67' lang='grc'>,</span> 
     </span>
    </p>
   </div>
   <div class='ocr_carea' id='block_1_59' title="bbox 473 4209 1970 4294">
    <p class='ocr_par' dir='ltr' id='par_1_59' title="bbox 473 4209 1970 4294">
     <span class='ocr_line' id='line_1_59' title="bbox 473 4209 1970 4294; baseline 0.001 -17"><span class='ocrx_word' id='word_1_372' title='bbox 473 4209 938 4290; x_wconf 79' lang='lat' dir='ltr'><strong>Protovestiarius,</strong></span> <span class='ocrx_word' id='word_1_373' title='bbox 971 4236 1028 4279; x_wconf 93' lang='lat' dir='ltr'><strong>ut</strong></span> <span class='ocrx_word' id='word_1_374' title='bbox 1059 4241 1282 4294; x_wconf 83' lang='lat' dir='ltr'><strong>agamus</strong></span> <span class='ocrx_word' id='word_1_375' title='bbox 1317 4225 1640 4288; x_wconf 89' lang='lat' dir='ltr'><strong>dilucidius,</strong></span> <span class='ocrx_word' id='word_1_376' title='bbox 1684 4225 1836 4294; x_wconf 86' lang='lat' dir='ltr'><strong>regio</strong></span> <span class='ocrx_word' id='word_1_377' title='bbox 1883 4241 1970 4279; x_wconf 89' lang='lat' dir='ltr'><strong>ve-</strong></span> 
     </span>
    </p>
   </div>
   <div class='ocr_carea' id='block_1_60' title="bbox 396 4316 1973 4386">
    <p class='ocr_par' dir='ltr' id='par_1_60' title="bbox 396 4316 1973 4386">
     <span class='ocr_line' id='line_1_60' title="bbox 396 4316 1973 4386; baseline -0.002 -15"><span class='ocrx_word' id='word_1_378' title='bbox 396 4318 550 4372; x_wconf 84' lang='lat' dir='ltr'><strong>stitui</strong></span> <span class='ocrx_word' id='word_1_379' title='bbox 584 4326 840 4386; x_wconf 67' lang='lat' dir='ltr'><strong>praeerat,</strong></span> <span class='ocrx_word' id='word_1_380' title='bbox 879 4317 1024 4385; x_wconf 86' lang='lat' dir='ltr'><strong>quod</strong></span> <span class='ocrx_word' id='word_1_381' title='bbox 1058 4316 1220 4368; x_wconf 88' lang='lat' dir='ltr'><strong>hodie</strong></span> <span class='ocrx_word' id='word_1_382' title='bbox 1252 4317 1720 4370; x_wconf 89' lang='lat' dir='ltr'><strong>cubiculariorum</strong></span> <span class='ocrx_word' id='word_1_383' title='bbox 1754 4317 1973 4369; x_wconf 87' lang='lat' dir='ltr'><strong>videtttr</strong></span> 
     </span>
    </p>
   </div>
   <div class='ocr_carea' id='block_1_61' title="bbox 399 4405 1973 4476">
    <p class='ocr_par' dir='ltr' id='par_1_61' title="bbox 399 4405 1973 4476">
     <span class='ocr_line' id='line_1_61' title="bbox 399 4405 1973 4476; baseline -0.002 -15"><span class='ocrx_word' id='word_1_384' title='bbox 399 4423 624 4462; x_wconf 77' lang='lat' dir='ltr'><strong>IllullUS.</strong></span> <span class='ocrx_word' id='word_1_385' title='bbox 664 4407 816 4476; x_wconf 66' lang='lat' dir='ltr'><strong>Saepe</strong></span> <span class='ocrx_word' id='word_1_386' title='bbox 868 4407 1032 4460; x_wconf 85' lang='lat' dir='ltr'><strong>rebus</strong></span> <span class='ocrx_word' id='word_1_387' title='bbox 1081 4405 1300 4458; x_wconf 79' lang='lat' dir='ltr'><strong>maximi</strong></span> <span class='ocrx_word' id='word_1_388' title='bbox 1337 4405 1598 4459; x_wconf 91' lang='lat' dir='ltr'><strong>momenti</strong></span> <span class='ocrx_word' id='word_1_389' title='bbox 1635 4405 1973 4459; x_wconf 89' lang='lat' dir='ltr'><strong>adhibeban-</strong></span> 
     </span>
    </p>
   </div>
   <div class='ocr_carea' id='block_1_62' title="bbox 2136 1945 3641 2024">
    <p class='ocr_par' dir='ltr' id='par_1_62' title="bbox 2136 1945 3641 2024">
     <span class='ocr_line' id='line_1_62' title="bbox 2136 1945 3641 2024; baseline -0.005 -18"><span class='ocrx_word' id='word_1_390' title='bbox 2136 1954 2467 2023; x_wconf 74' lang='grc' dir='ltr'><strong>Δομέστικος</strong></span> <span class='ocrx_word' id='word_1_391' title='bbox 2491 1954 2588 2024; x_wconf 84' lang='grc' dir='ltr'><strong>τῆς</strong></span> <span class='ocrx_word' id='word_1_392' title='bbox 2614 1950 2913 2024; x_wconf 75' lang='grc' dir='ltr'><strong>τραπέζης,</strong></span> <span class='ocrx_word' id='word_1_393' title='bbox 2947 1949 3176 2018; x_wconf 81' lang='lat' dir='ltr'><strong>dapifer,</strong></span> <span class='ocrx_word' id='word_1_394' title='bbox 3212 1956 3309 2002; x_wconf 89' lang='lat' dir='ltr'><strong>aut</strong></span> <span class='ocrx_word' id='word_1_395' title='bbox 3339 1947 3517 2002; x_wconf 58' lang='lat' dir='ltr'><strong>sit‘nile</strong></span> <span class='ocrx_word' id='word_1_396' title='bbox 3541 1945 3641 1998; x_wconf 88' lang='lat' dir='ltr'><strong>ha-</strong></span> 
     </span>
    </p>
   </div>
   <div class='ocr_carea' id='block_1_63' title="bbox 2068 2042 2893 2112">
    <p class='ocr_par' dir='ltr' id='par_1_63' title="bbox 2068 2042 2893 2112">
     <span class='ocr_line' id='line_1_63' title="bbox 2068 2042 2893 2112; baseline -0.006 -14"><span class='ocrx_word' id='word_1_397' title='bbox 2068 2046 2204 2099; x_wconf 86' lang='lat' dir='ltr'><strong>bens</strong></span> <span class='ocrx_word' id='word_1_398' title='bbox 2229 2043 2491 2110; x_wconf 71' lang='lat' dir='ltr'><strong>cilicium,</strong></span> <span class='ocrx_word' id='word_1_399' title='bbox 2533 2054 2591 2098; x_wconf 92' lang='lat' dir='ltr'><strong>ut</strong></span> <span class='ocrx_word' id='word_1_400' title='bbox 2621 2042 2893 2112; x_wconf 87' lang='lat' dir='ltr'><strong>suspicor.</strong></span> 
     </span>
    </p>
   </div>
   <div class='ocr_carea' id='block_1_64' title="bbox 2135 2129 3641 2204">
    <p class='ocr_par' dir='ltr' id='par_1_64' title="bbox 2135 2129 3641 2204">
     <span class='ocr_line' id='line_1_64' title="bbox 2135 2129 3641 2204; baseline -0.005 -17"><span class='ocrx_word' id='word_1_401' title='bbox 2135 2135 2528 2204; x_wconf 77' lang='grc' dir='ltr'><strong>Δρουγγάριος,</strong></span> <span class='ocrx_word' id='word_1_402' title='bbox 2560 2134 2903 2203; x_wconf 80' lang='lat' dir='ltr'><strong>drungarius.</strong></span> <span class='ocrx_word' id='word_1_403' title='bbox 2933 2129 3220 2201; x_wconf 80' lang='grc' dir='ltr'><strong>Δρουγγὰς</strong></span> <span class='ocrx_word' id='word_1_404' title='bbox 3245 2144 3342 2183; x_wconf 87' lang='lat' dir='ltr'><strong>seu</strong></span> <span class='ocrx_word' id='word_1_405' title='bbox 3379 2129 3641 2198; x_wconf 73' lang='grc' dir='ltr'><strong>δρουγγὸς</strong></span> 
     </span>
    </p>
   </div>
   <div class='ocr_carea' id='block_1_65' title="bbox 2066 2222 3640 2290">
    <p class='ocr_par' dir='ltr' id='par_1_65' title="bbox 2066 2222 3640 2290">
     <span class='ocr_line' id='line_1_65' title="bbox 2066 2222 3640 2290; baseline -0.008 -6"><span class='ocrx_word' id='word_1_406' title='bbox 2066 2227 2347 2284; x_wconf 86' lang='lat' dir='ltr'><strong>Orientale</strong></span> <span class='ocrx_word' id='word_1_407' title='bbox 2379 2241 2600 2290; x_wconf 88' lang='lat' dir='ltr'><strong>nomen,</strong></span> <span class='ocrx_word' id='word_1_408' title='bbox 2629 2232 2832 2279; x_wconf 59' lang='lat' dir='ltr'><strong>coitum</strong></span> <span class='ocrx_word' id='word_1_409' title='bbox 2861 2222 3148 2278; x_wconf 87' lang='lat' dir='ltr'><strong>hominum</strong></span> <span class='ocrx_word' id='word_1_410' title='bbox 3181 2236 3286 2273; x_wconf 89' lang='lat' dir='ltr'><strong>una</strong></span> <span class='ocrx_word' id='word_1_411' title='bbox 3318 2235 3640 2274; x_wconf 88' lang='lat' dir='ltr'><strong>commeau-</strong></span> 
     </span>
    </p>
   </div>
   <div class='ocr_carea' id='block_1_66' title="bbox 2069 2311 3640 2387">
    <p class='ocr_par' dir='ltr' id='par_1_66' title="bbox 2069 2311 3640 2387">
     <span class='ocr_line' id='line_1_66' title="bbox 2069 2311 3640 2387; baseline -0.008 -15"><span class='ocrx_word' id='word_1_412' title='bbox 2069 2320 2206 2373; x_wconf 89' lang='lat' dir='ltr'><strong>tium</strong></span> <span class='ocrx_word' id='word_1_413' title='bbox 2235 2317 2575 2387; x_wconf 79' lang='lat' dir='ltr'><strong>signiﬁcans,</strong></span> <span class='ocrx_word' id='word_1_414' title='bbox 2617 2324 2674 2370; x_wconf 90' lang='lat' dir='ltr'><strong>et</strong></span> <span class='ocrx_word' id='word_1_415' title='bbox 2720 2323 2899 2369; x_wconf 71' lang='lat' dir='ltr'><strong>cretus</strong></span> <span class='ocrx_word' id='word_1_416' title='bbox 2943 2311 3091 2366; x_wconf 87' lang='lat' dir='ltr'><strong>illius</strong></span> <span class='ocrx_word' id='word_1_417' title='bbox 3122 2311 3382 2380; x_wconf 76' lang='lat' dir='ltr'><strong>princeps</strong></span> <span class='ocrx_word' id='word_1_418' title='bbox 3411 2318 3640 2362; x_wconf 82' lang='lat' dir='ltr'><strong>vocatur</strong></span> 
     </span>
    </p>
   </div>
   <div class='ocr_carea' id='block_1_67' title="bbox 2067 2401 3642 2482">
    <p class='ocr_par' dir='ltr' id='par_1_67' title="bbox 2067 2401 3642 2482">
     <span class='ocr_line' id='line_1_67' title="bbox 2067 2401 3642 2482; baseline -0.01 -16"><span class='ocrx_word' id='word_1_419' title='bbox 2067 2412 2296 2480; x_wconf 87' lang='lat' dir='ltr'><strong>dargon,</strong></span> <span class='ocrx_word' id='word_1_420' title='bbox 2341 2409 2425 2462; x_wconf 91' lang='lat' dir='ltr'><strong>vel</strong></span> <span class='ocrx_word' id='word_1_421' title='bbox 2459 2408 2692 2482; x_wconf 86' lang='lat' dir='ltr'><strong>dorgon,</strong></span> <span class='ocrx_word' id='word_1_422' title='bbox 2720 2421 2786 2458; x_wconf 89' lang='lat' dir='ltr'><strong>cx</strong></span> <span class='ocrx_word' id='word_1_423' title='bbox 2819 2419 2931 2472; x_wconf 91' lang='lat' dir='ltr'><strong>quo</strong></span> <span class='ocrx_word' id='word_1_424' title='bbox 2954 2401 3286 2470; x_wconf 88' lang='lat' dir='ltr'><strong>drungarius</strong></span> <span class='ocrx_word' id='word_1_425' title='bbox 3315 2401 3454 2454; x_wconf 84' lang='lat' dir='ltr'><strong>iacta</strong></span> <span class='ocrx_word' id='word_1_426' title='bbox 3476 2415 3642 2468; x_wconf 83' lang='lat' dir='ltr'><strong>epen-</strong></span> 
     </span>
    </p>
   </div>
   <div class='ocr_carea' id='block_1_68' title="bbox 2072 2483 3642 2568">
    <p class='ocr_par' dir='ltr' id='par_1_68' title="bbox 2072 2483 3642 2568">
     <span class='ocr_line' id='line_1_68' title="bbox 2072 2483 3642 2568; baseline -0.008 -12"><span class='ocrx_word' id='word_1_427' title='bbox 2072 2503 2214 2556; x_wconf 90' lang='lat' dir='ltr'><strong>thesi</strong></span> <span class='ocrx_word' id='word_1_428' title='bbox 2249 2500 2342 2552; x_wconf 79' lang='grc' dir='ltr'>τοῦ</span> <span class='ocrx_word' id='word_1_429' title='bbox 2373 2517 2401 2551; x_wconf 82' lang='grc' dir='ltr'>ν</span> <span class='ocrx_word' id='word_1_430' title='bbox 2425 2483 2531 2568; x_wconf 79' lang='lat' dir='ltr'><strong>pro</strong></span> <span class='ocrx_word' id='word_1_431' title='bbox 2565 2514 2599 2564; x_wconf 88' lang='grc' dir='ltr'>γ</span> <span class='ocrx_word' id='word_1_432' title='bbox 2627 2497 2925 2566; x_wconf 85' lang='lat' dir='ltr'><strong>geminato.</strong></span> <span class='ocrx_word' id='word_1_433' title='bbox 2969 2493 3204 2560; x_wconf 84' lang='lat' dir='ltr'><strong>Quidam</strong></span> <span class='ocrx_word' id='word_1_434' title='bbox 3240 2501 3440 2545; x_wconf 80' lang='lat' dir='ltr'><strong>vocant</strong></span> <span class='ocrx_word' id='word_1_435' title='bbox 3468 2489 3642 2544; x_wconf 79' lang='lat' dir='ltr'><strong>tribu-</strong></span> 
     </span>
    </p>
   </div>
   <div class='ocr_carea' id='block_1_69' title="bbox 2067 2577 3642 2656">
    <p class='ocr_par' dir='ltr' id='par_1_69' title="bbox 2067 2577 3642 2656">
     <span class='ocr_line' id='line_1_69' title="bbox 2067 2577 3642 2656; baseline -0.007 -10"><span class='ocrx_word' id='word_1_436' title='bbox 2067 2609 2199 2646; x_wconf 91' lang='lat' dir='ltr'><strong>num</strong></span> <span class='ocrx_word' id='word_1_437' title='bbox 2231 2591 2490 2644; x_wconf 87' lang='lat' dir='ltr'><strong>militum.</strong></span> <span class='ocrx_word' id='word_1_438' title='bbox 2521 2590 2776 2656; x_wconf 82' lang='lat' dir='ltr'><strong>Drungus</strong></span> <span class='ocrx_word' id='word_1_439' title='bbox 2806 2588 3030 2656; x_wconf 78' lang='lat' dir='ltr'><strong>globum</strong></span> <span class='ocrx_word' id='word_1_440' title='bbox 3063 2577 3356 2655; x_wconf 83' lang='lat' dir='ltr'><strong>signiﬁcat,</strong></span> <span class='ocrx_word' id='word_1_441' title='bbox 3396 2584 3475 2637; x_wconf 92' lang='lat' dir='ltr'><strong>ait</strong></span> <span class='ocrx_word' id='word_1_442' title='bbox 3503 2584 3642 2636; x_wconf 88' lang='lat' dir='ltr'><strong>‘l‘ur-</strong></span> 
     </span>
    </p>
   </div>
   <div class='ocr_carea' id='block_1_70' title="bbox 2068 2673 3640 2747">
    <p class='ocr_par' dir='ltr' id='par_1_70' title="bbox 2068 2673 3640 2747">
     <span class='ocr_line' id='line_1_70' title="bbox 2068 2673 3640 2747; baseline -0.006 -9"><span class='ocrx_word' id='word_1_443' title='bbox 2068 2683 2267 2738; x_wconf 89' lang='lat' dir='ltr'><strong>nebius</strong></span> <span class='ocrx_word' id='word_1_444' title='bbox 2288 2683 2428 2736; x_wconf 89' lang='lat' dir='ltr'><strong>libro</strong></span> <span class='ocrx_word' id='word_1_445' title='bbox 2443 2681 2708 2734; x_wconf 87' lang='lat' dir='ltr'><strong>vicesimo</strong></span> <span class='ocrx_word' id='word_1_446' title='bbox 2729 2687 2928 2747; x_wconf 89' lang='lat' dir='ltr'><strong>quarto</strong></span> <span class='ocrx_word' id='word_1_447' title='bbox 2941 2678 3123 2745; x_wconf 89' lang='lat' dir='ltr'><strong>capite</strong></span> <span class='ocrx_word' id='word_1_448' title='bbox 3142 2675 3402 2732; x_wconf 87' lang='lat' dir='ltr'><strong>vicesimo</strong></span> <span class='ocrx_word' id='word_1_449' title='bbox 3424 2673 3640 2744; x_wconf 90' lang='lat' dir='ltr'><strong>quinto.</strong></span> 
     </span>
    </p>
   </div>
   <div class='ocr_carea' id='block_1_71' title="bbox 2070 2765 3644 2843">
    <p class='ocr_par' dir='ltr' id='par_1_71' title="bbox 2070 2765 3644 2843">
     <span class='ocr_line' id='line_1_71' title="bbox 2070 2765 3644 2843; baseline -0.004 -16"><span class='ocrx_word' id='word_1_450' title='bbox 2070 2767 2347 2843; x_wconf 77' lang='lat' dir='ltr'><strong>Vopiscus</strong></span> <span class='ocrx_word' id='word_1_451' title='bbox 2373 2773 2426 2826; x_wconf 91' lang='lat' dir='ltr'><strong>in</strong></span> <span class='ocrx_word' id='word_1_452' title='bbox 2461 2772 2645 2828; x_wconf 89' lang='lat' dir='ltr'><strong>Probo</strong></span> <span class='ocrx_word' id='word_1_453' title='bbox 2680 2769 3108 2837; x_wconf 86' lang='lat' dir='ltr'><strong>:Triumphavit</strong></span> <span class='ocrx_word' id='word_1_454' title='bbox 3159 2766 3225 2820; x_wconf 91' lang='lat' dir='ltr'><strong>de</strong></span> <span class='ocrx_word' id='word_1_455' title='bbox 3261 2765 3548 2821; x_wconf 88' lang='lat' dir='ltr'><strong>Germanis</strong></span> <span class='ocrx_word' id='word_1_456' title='bbox 3588 2776 3644 2821; x_wconf 85' lang='lat' dir='ltr'><strong>et</strong></span> 
     </span>
    </p>
   </div>
   <div class='ocr_carea' id='block_1_72' title="bbox 2073 2860 3640 2932">
    <p class='ocr_par' dir='ltr' id='par_1_72' title="bbox 2073 2860 3640 2932">
     <span class='ocr_line' id='line_1_72' title="bbox 2073 2860 3640 2932; baseline -0.006 -12"><span class='ocrx_word' id='word_1_457' title='bbox 2073 2866 2315 2930; x_wconf 87' lang='lat' dir='ltr'><strong>Blemiis,</strong></span> <span class='ocrx_word' id='word_1_458' title='bbox 2341 2865 2588 2924; x_wconf 86' lang='lat' dir='ltr'><strong>omnium</strong></span> <span class='ocrx_word' id='word_1_459' title='bbox 2616 2863 2860 2932; x_wconf 90' lang='lat' dir='ltr'><strong>gentium</strong></span> <span class='ocrx_word' id='word_1_460' title='bbox 2885 2861 3152 2929; x_wconf 85' lang='lat' dir='ltr'><strong>drungos,</strong></span> <span class='ocrx_word' id='word_1_461' title='bbox 3190 2874 3364 2928; x_wconf 89' lang='lat' dir='ltr'><strong>usque</strong></span> <span class='ocrx_word' id='word_1_462' title='bbox 3387 2861 3452 2912; x_wconf 90' lang='lat' dir='ltr'><strong>ad</strong></span> <span class='ocrx_word' id='word_1_463' title='bbox 3477 2860 3640 2926; x_wconf 89' lang='lat' dir='ltr'><strong>quin-</strong></span> 
     </span>
    </p>
   </div>
   <div class='ocr_carea' id='block_1_73' title="bbox 2071 2949 3640 3026">
    <p class='ocr_par' dir='ltr' id='par_1_73' title="bbox 2071 2949 3640 3026">
     <span class='ocr_line' id='line_1_73' title="bbox 2071 2949 3640 3026; baseline -0.007 -15"><span class='ocrx_word' id='word_1_464' title='bbox 2071 2959 2328 3026; x_wconf 90' lang='lat' dir='ltr'><strong>genarios</strong></span> <span class='ocrx_word' id='word_1_465' title='bbox 2361 2956 2618 3008; x_wconf 87' lang='lat' dir='ltr'><strong>homines</strong></span> <span class='ocrx_word' id='word_1_466' title='bbox 2657 2963 2784 3008; x_wconf 87' lang='lat' dir='ltr'><strong>ante</strong></span> <span class='ocrx_word' id='word_1_467' title='bbox 2815 2951 3152 3020; x_wconf 90' lang='lat' dir='ltr'><strong>triumphum</strong></span> <span class='ocrx_word' id='word_1_468' title='bbox 3181 2950 3357 3004; x_wconf 86' lang='lat' dir='ltr'><strong>duxit.</strong></span> <span class='ocrx_word' id='word_1_469' title='bbox 3385 2949 3640 3018; x_wconf 80' lang='lat' dir='ltr'><strong>Vegetius</strong></span> 
     </span>
    </p>
   </div>
   <div class='ocr_carea' id='block_1_74' title="bbox 2073 3041 3640 3121">
    <p class='ocr_par' dir='ltr' id='par_1_74' title="bbox 2073 3041 3640 3121">
     <span class='ocr_line' id='line_1_74' title="bbox 2073 3041 3640 3121; baseline -0.008 -17"><span class='ocrx_word' id='word_1_470' title='bbox 2073 3051 2217 3106; x_wconf 90' lang='lat' dir='ltr'><strong>libro</strong></span> <span class='ocrx_word' id='word_1_471' title='bbox 2250 3049 2413 3102; x_wconf 86' lang='lat' dir='ltr'><strong>tertio</strong></span> <span class='ocrx_word' id='word_1_472' title='bbox 2442 3046 2621 3115; x_wconf 86' lang='lat' dir='ltr'><strong>capite</strong></span> <span class='ocrx_word' id='word_1_473' title='bbox 2661 3044 2889 3099; x_wconf 90' lang='lat' dir='ltr'><strong>.decimo</strong></span> <span class='ocrx_word' id='word_1_474' title='bbox 2920 3052 3119 3121; x_wconf 85' lang='lat' dir='ltr'><strong>sexto:</strong></span> <span class='ocrx_word' id='word_1_475' title='bbox 3145 3042 3296 3096; x_wconf 88' lang='lat' dir='ltr'><strong>Scire</strong></span> <span class='ocrx_word' id='word_1_476' title='bbox 3325 3041 3487 3096; x_wconf 85' lang='lat' dir='ltr'><strong>debet</strong></span> <span class='ocrx_word' id='word_1_477' title='bbox 3509 3043 3511 3046; x_wconf 54' lang='lat'><em>‘</em></span> <span class='ocrx_word' id='word_1_478' title='bbox 3531 3041 3640 3093; x_wconf 74' lang='lat' dir='ltr'><strong>dux</strong></span> 
     </span>
    </p>
   </div>
   <div class='ocr_carea' id='block_1_75' title="bbox 2075 3134 3642 3206">
    <p class='ocr_par' dir='ltr' id='par_1_75' title="bbox 2075 3134 3642 3206">
     <span class='ocr_line' id='line_1_75' title="bbox 2075 3134 3642 3206; baseline -0.008 -10"><span class='ocrx_word' id='word_1_479' title='bbox 2075 3141 2340 3205; x_wconf 88' lang='lat' dir='ltr'><strong>hostium,</strong></span> <span class='ocrx_word' id='word_1_480' title='bbox 2392 3149 2584 3194; x_wconf 87' lang='lat' dir='ltr'><strong>contra</strong></span> <span class='ocrx_word' id='word_1_481' title='bbox 2635 3152 2774 3206; x_wconf 91' lang='lat' dir='ltr'><strong>quos</strong></span> <span class='ocrx_word' id='word_1_482' title='bbox 2825 3135 3068 3205; x_wconf 89' lang='lat' dir='ltr'><strong>drungos</strong></span> <span class='ocrx_word' id='word_1_483' title='bbox 3125 3134 3287 3201; x_wconf 82' lang='lat' dir='ltr'><strong>(male</strong></span> <span class='ocrx_word' id='word_1_484' title='bbox 3340 3134 3642 3202; x_wconf 89' lang='lat' dir='ltr'><strong>scriptum.</strong></span> 
     </span>
    </p>
   </div>
   <div class='ocr_carea' id='block_1_76' title="bbox 2023 3225 3700 3300">
    <p class='ocr_par' dir='ltr' id='par_1_76' title="bbox 2023 3225 3700 3300">
     <span class='ocr_line' id='line_1_76' title="bbox 2023 3225 3700 3300; baseline -0.004 -16"><span class='ocrx_word' id='word_1_485' title='bbox 2023 3228 2041 3247; x_wconf 88' lang='lat'>‘</span> <span class='ocrx_word' id='word_1_486' title='bbox 2073 3232 2322 3300; x_wconf 81' lang='lat' dir='ltr'><strong>drunos),</strong></span> <span class='ocrx_word' id='word_1_487' title='bbox 2346 3231 2448 3284; x_wconf 92' lang='lat' dir='ltr'><strong>hoc</strong></span> <span class='ocrx_word' id='word_1_488' title='bbox 2464 3239 2569 3292; x_wconf 83' lang='lat' dir='ltr'><strong>est,</strong></span> <span class='ocrx_word' id='word_1_489' title='bbox 2592 3229 2782 3297; x_wconf 87' lang='lat' dir='ltr'><strong>globos</strong></span> <span class='ocrx_word' id='word_1_490' title='bbox 2803 3227 3069 3291; x_wconf 89' lang='lat' dir='ltr'><strong>hostium,</strong></span> <span class='ocrx_word' id='word_1_491' title='bbox 3095 3241 3236 3295; x_wconf 91' lang='lat' dir='ltr'><strong>quos</strong></span> <span class='ocrx_word' id='word_1_492' title='bbox 3258 3225 3469 3295; x_wconf 89' lang='lat' dir='ltr'><strong>equites</strong></span> <span class='ocrx_word' id='word_1_493' title='bbox 3485 3240 3639 3294; x_wconf 85' lang='lat' dir='ltr'><strong>opor-</strong></span> <span class='ocrx_word' id='word_1_494' title='bbox 3695 3227 3700 3229; x_wconf 80' lang='grc'><strong>’</strong></span> 
     </span>
    </p>
   </div>
   <div class='ocr_carea' id='block_1_77' title="bbox 2075 3315 3644 3390">
    <p class='ocr_par' dir='ltr' id='par_1_77' title="bbox 2075 3315 3644 3390">
     <span class='ocr_line' id='line_1_77' title="bbox 2075 3315 3644 3390; baseline -0.003 -16"><span class='ocrx_word' id='word_1_495' title='bbox 2075 3331 2186 3378; x_wconf 85' lang='lat' dir='ltr'><strong>teat</strong></span> <span class='ocrx_word' id='word_1_496' title='bbox 2215 3335 2439 3390; x_wconf 90' lang='lat' dir='ltr'><strong>ponere.</strong></span> <span class='ocrx_word' id='word_1_497' title='bbox 2491 3319 2630 3373; x_wconf 86' lang='lat' dir='ltr'><strong>llinc</strong></span> <span class='ocrx_word' id='word_1_498' title='bbox 2685 3317 3030 3386; x_wconf 85' lang='lat' dir='ltr'><strong>Drungarius</strong></span> <span class='ocrx_word' id='word_1_499' title='bbox 3072 3317 3252 3386; x_wconf 84' lang='lat' dir='ltr'><strong>biglae,</strong></span> <span class='ocrx_word' id='word_1_500' title='bbox 3305 3315 3644 3384; x_wconf 87' lang='lat' dir='ltr'><strong>Drungarins</strong></span> 
     </span>
    </p>
   </div>
   <div class='ocr_carea' id='block_1_78' title="bbox 2071 3409 3644 3482">
    <p class='ocr_par' dir='ltr' id='par_1_78' title="bbox 2071 3409 3644 3482">
     <span class='ocr_line' id='line_1_78' title="bbox 2071 3409 3644 3482; baseline -0.004 -14"><span class='ocrx_word' id='word_1_501' title='bbox 2071 3413 2286 3477; x_wconf 84' lang='lat' dir='ltr'><strong>classis,</strong></span> <span class='ocrx_word' id='word_1_502' title='bbox 2334 3413 2430 3482; x_wconf 90' lang='lat' dir='ltr'><strong>qui</strong></span> <span class='ocrx_word' id='word_1_503' title='bbox 2501 3421 2747 3482; x_wconf 68' lang='lat' dir='ltr'><strong>praesunt</strong></span> <span class='ocrx_word' id='word_1_504' title='bbox 2783 3410 2962 3481; x_wconf 79' lang='lat' dir='ltr'><strong>globis</strong></span> <span class='ocrx_word' id='word_1_505' title='bbox 3013 3409 3241 3478; x_wconf 80' lang='lat' dir='ltr'><strong>vigilum</strong></span> <span class='ocrx_word' id='word_1_506' title='bbox 3311 3417 3367 3463; x_wconf 86' lang='lat' dir='ltr'><strong>et</strong></span> <span class='ocrx_word' id='word_1_507' title='bbox 3419 3409 3644 3463; x_wconf 86' lang='lat' dir='ltr'><strong>classia-</strong></span> 
     </span>
    </p>
   </div>
   <div class='ocr_carea' id='block_1_79' title="bbox 2071 3505 2304 3562">
    <p class='ocr_par' dir='ltr' id='par_1_79' title="bbox 2071 3505 2304 3562">
     <span class='ocr_line' id='line_1_79' title="bbox 2071 3505 2304 3562; baseline 0.013 -3"><span class='ocrx_word' id='word_1_508' title='bbox 2071 3505 2304 3562; x_wconf 86' lang='lat' dir='ltr'><strong>riorum.</strong></span> 
     </span>
    </p>
   </div>
   <div class='ocr_carea' id='block_1_80' title="bbox 2148 3590 3644 3651">
    <p class='ocr_par' dir='ltr' id='par_1_80' title="bbox 2148 3590 3644 3651">
     <span class='ocr_line' id='line_1_80' title="bbox 2148 3590 3644 3651; baseline -0.005 -1"><span class='ocrx_word' id='word_1_509' title='bbox 2148 3599 2220 3651; x_wconf 74' lang='lat' dir='ltr'><strong>lie</strong></span> <span class='ocrx_word' id='word_1_510' title='bbox 2254 3597 2356 3650; x_wconf 88' lang='lat' dir='ltr'><strong>hac</strong></span> <span class='ocrx_word' id='word_1_511' title='bbox 2382 3611 2518 3650; x_wconf 89' lang='lat' dir='ltr'><strong>voce</strong></span> <span class='ocrx_word' id='word_1_512' title='bbox 2547 3594 2914 3650; x_wconf 89' lang='lat' dir='ltr'><strong>Leunclavius</strong></span> <span class='ocrx_word' id='word_1_513' title='bbox 2949 3594 3001 3649; x_wconf 90' lang='lat' dir='ltr'><strong>in</strong></span> <span class='ocrx_word' id='word_1_514' title='bbox 3030 3593 3293 3647; x_wconf 81' lang='lat' dir='ltr'><strong>Pandecte</strong></span> <span class='ocrx_word' id='word_1_515' title='bbox 3316 3591 3385 3644; x_wconf 85' lang='lat' dir='ltr'><strong>ad</strong></span> <span class='ocrx_word' id='word_1_516' title='bbox 3407 3590 3644 3646; x_wconf 81' lang='lat' dir='ltr'><strong>Annales</strong></span> 
     </span>
    </p>
   </div>
   <div class='ocr_carea' id='block_1_81' title="bbox 2072 3682 3641 3752">
    <p class='ocr_par' dir='ltr' id='par_1_81' title="bbox 2072 3682 3641 3752">
     <span class='ocr_line' id='line_1_81' title="bbox 2072 3682 3641 3752; baseline -0.005 -11"><span class='ocrx_word' id='word_1_517' title='bbox 2072 3686 2319 3741; x_wconf 81' lang='lat' dir='ltr'><strong>Turcicos</strong></span> <span class='ocrx_word' id='word_1_518' title='bbox 2348 3703 2366 3739; x_wconf 90' lang='lat'><strong><em>:</em></strong></span> <span class='ocrx_word' id='word_1_519' title='bbox 2400 3684 2552 3749; x_wconf 85' lang='lat' dir='ltr'><strong>Dico,</strong></span> <span class='ocrx_word' id='word_1_520' title='bbox 2585 3684 2784 3746; x_wconf 85' lang='lat' dir='ltr'><strong>Turcis</strong></span> <span class='ocrx_word' id='word_1_521' title='bbox 2827 3682 3115 3752; x_wconf 80' lang='lat' dir='ltr'><strong>Agelarios</strong></span> <span class='ocrx_word' id='word_1_522' title='bbox 3144 3697 3266 3736; x_wconf 88' lang='lat' dir='ltr'><strong>esse</strong></span> <span class='ocrx_word' id='word_1_523' title='bbox 3311 3697 3406 3735; x_wconf 90' lang='lat' dir='ltr'><strong>sua</strong></span> <span class='ocrx_word' id='word_1_524' title='bbox 3438 3682 3641 3745; x_wconf 69' lang='lat' dir='ltr'><strong>lingua,</strong></span> 
     </span>
    </p>
   </div>
   <div class='ocr_carea' id='block_1_82' title="bbox 2060 3772 3641 3848">
    <p class='ocr_par' dir='ltr' id='par_1_82' title="bbox 2060 3772 3641 3848">
     <span class='ocr_line' id='line_1_82' title="bbox 2060 3772 3641 3848; baseline -0.006 -17"><span class='ocrx_word' id='word_1_525' title='bbox 2060 3779 2167 3848; x_wconf 87' lang='lat' dir='ltr'><strong>qui</strong></span> <span class='ocrx_word' id='word_1_526' title='bbox 2192 3778 2397 3832; x_wconf 70' lang='lat' dir='ltr'><strong>Graecis</strong></span> <span class='ocrx_word' id='word_1_527' title='bbox 2423 3787 2582 3830; x_wconf 87' lang='lat' dir='ltr'><strong>erant</strong></span> <span class='ocrx_word' id='word_1_528' title='bbox 2615 3777 2698 3829; x_wconf 90' lang='lat' dir='ltr'><strong>vel</strong></span> <span class='ocrx_word' id='word_1_529' title='bbox 2732 3776 3050 3846; x_wconf 84' lang='lat' dir='ltr'><strong>Drungarii,</strong></span> <span class='ocrx_word' id='word_1_530' title='bbox 3097 3775 3184 3828; x_wconf 90' lang='lat' dir='ltr'><strong>vel</strong></span> <span class='ocrx_word' id='word_1_531' title='bbox 3222 3772 3508 3827; x_wconf 88' lang='lat' dir='ltr'><strong>Druncarii</strong></span> <span class='ocrx_word' id='word_1_532' title='bbox 3543 3787 3641 3840; x_wconf 75' lang='lat' dir='ltr'><strong>po-</strong></span> 
     </span>
    </p>
   </div>
   <div class='ocr_carea' id='block_1_83' title="bbox 2076 3865 3646 3939">
    <p class='ocr_par' dir='ltr' id='par_1_83' title="bbox 2076 3865 3646 3939">
     <span class='ocr_line' id='line_1_83' title="bbox 2076 3865 3646 3939; baseline -0.007 -13"><span class='ocrx_word' id='word_1_533' title='bbox 2076 3873 2208 3926; x_wconf 86' lang='lat' dir='ltr'><strong>tius.</strong></span> <span class='ocrx_word' id='word_1_534' title='bbox 2234 3872 2345 3925; x_wconf 84' lang='lat' dir='ltr'><strong>Eos</strong></span> <span class='ocrx_word' id='word_1_535' title='bbox 2369 3869 2479 3925; x_wconf 87' lang='lat' dir='ltr'><strong>Leo</strong></span> <span class='ocrx_word' id='word_1_536' title='bbox 2507 3871 2738 3938; x_wconf 84' lang='lat' dir='ltr'><strong>Sapiens</strong></span> <span class='ocrx_word' id='word_1_537' title='bbox 2762 3871 3043 3939; x_wconf 82' lang='lat' dir='ltr'><strong>Augustus</strong></span> <span class='ocrx_word' id='word_1_538' title='bbox 3063 3867 3118 3921; x_wconf 93' lang='lat' dir='ltr'><strong>in</strong></span> <span class='ocrx_word' id='word_1_539' title='bbox 3149 3868 3292 3920; x_wconf 90' lang='lat' dir='ltr'><strong>libro</strong></span> <span class='ocrx_word' id='word_1_540' title='bbox 3316 3881 3417 3922; x_wconf 89' lang='lat' dir='ltr'><strong>suo</strong></span> <span class='ocrx_word' id='word_1_541' title='bbox 3447 3865 3517 3916; x_wconf 85' lang='lat' dir='ltr'><strong>De</strong></span> <span class='ocrx_word' id='word_1_542' title='bbox 3547 3882 3646 3933; x_wconf 80' lang='lat' dir='ltr'><strong>ap—</strong></span> 
     </span>
    </p>
   </div>
   <div class='ocr_carea' id='block_1_84' title="bbox 2073 3953 3641 4030">
    <p class='ocr_par' dir='ltr' id='par_1_84' title="bbox 2073 3953 3641 4030">
     <span class='ocr_line' id='line_1_84' title="bbox 2073 3953 3641 4030; baseline -0.006 -16"><span class='ocrx_word' id='word_1_543' title='bbox 2073 3961 2342 4030; x_wconf 79' lang='lat' dir='ltr'><strong>paratibus</strong></span> <span class='ocrx_word' id='word_1_544' title='bbox 2369 3959 2585 4022; x_wconf 80' lang='lat' dir='ltr'><strong>bellicis,</strong></span> <span class='ocrx_word' id='word_1_545' title='bbox 2624 3959 2804 4028; x_wconf 91' lang='lat' dir='ltr'><strong>capite</strong></span> <span class='ocrx_word' id='word_1_546' title='bbox 2825 3959 2879 4022; x_wconf 83' lang='lat'><strong>5,</strong></span> <span class='ocrx_word' id='word_1_547' title='bbox 2905 3973 3060 4010; x_wconf 90' lang='lat' dir='ltr'><strong>num.</strong></span> <span class='ocrx_word' id='word_1_548' title='bbox 3097 3956 3189 4020; x_wconf 65' lang='grc'><strong>4⁸2,</strong></span> <span class='ocrx_word' id='word_1_549' title='bbox 3239 3955 3307 4009; x_wconf 75' lang='grc'><strong>45</strong></span> <span class='ocrx_word' id='word_1_550' title='bbox 3333 3995 3348 4020; x_wconf 89' lang='grc'><em>,</em></span> <span class='ocrx_word' id='word_1_551' title='bbox 3381 3954 3450 4008; x_wconf 71' lang='grc'><strong>45</strong></span> <span class='ocrx_word' id='word_1_552' title='bbox 3471 3992 3485 4019; x_wconf 88' lang='grc'><em>,</em></span> <span class='ocrx_word' id='word_1_553' title='bbox 3516 3953 3641 4006; x_wconf 89' lang='lat' dir='ltr'><strong>olim</strong></span> 
     </span>
    </p>
   </div>
   <div class='ocr_carea' id='block_1_85' title="bbox 2072 4045 3642 4115">
    <p class='ocr_par' dir='ltr' id='par_1_85' title="bbox 2072 4045 3642 4115">
     <span class='ocr_line' id='line_1_85' title="bbox 2072 4045 3642 4115; baseline -0.004 -11"><span class='ocrx_word' id='word_1_554' title='bbox 2072 4051 2253 4106; x_wconf 80' lang='lat' dir='ltr'><strong>dictos</strong></span> <span class='ocrx_word' id='word_1_555' title='bbox 2303 4048 2473 4104; x_wconf 80' lang='lat' dir='ltr'><strong>fuisse</strong></span> <span class='ocrx_word' id='word_1_556' title='bbox 2525 4048 2692 4102; x_wconf 81' lang='lat' dir='ltr'><strong>tradit</strong></span> <span class='ocrx_word' id='word_1_557' title='bbox 2749 4046 3125 4111; x_wconf 87' lang='lat' dir='ltr'><strong>chiliarchos,</strong></span> <span class='ocrx_word' id='word_1_558' title='bbox 3177 4045 3322 4115; x_wconf 91' lang='lat' dir='ltr'><strong>quod</strong></span> <span class='ocrx_word' id='word_1_559' title='bbox 3377 4045 3642 4098; x_wconf 77' lang='lat' dir='ltr'><strong>militibus</strong></span> 
     </span>
    </p>
   </div>
   <div class='ocr_carea' id='block_1_86' title="bbox 2069 4134 3644 4209">
    <p class='ocr_par' dir='ltr' id='par_1_86' title="bbox 2069 4134 3644 4209">
     <span class='ocr_line' id='line_1_86' title="bbox 2069 4134 3644 4209; baseline -0.006 -15"><span class='ocrx_word' id='word_1_560' title='bbox 2069 4141 2227 4196; x_wconf 85' lang='lat' dir='ltr'><strong>mille</strong></span> <span class='ocrx_word' id='word_1_561' title='bbox 2260 4147 2560 4209; x_wconf 66' lang='lat' dir='ltr'><strong>praeessent</strong></span> <span class='ocrx_word' id='word_1_562' title='bbox 2591 4155 2605 4192; x_wconf 88' lang='lat'><strong>:</strong></span> <span class='ocrx_word' id='word_1_563' title='bbox 2637 4147 2695 4191; x_wconf 92' lang='lat' dir='ltr'><strong>et</strong></span> <span class='ocrx_word' id='word_1_564' title='bbox 2718 4137 2988 4191; x_wconf 88' lang='lat' dir='ltr'><strong>druncum</strong></span> <span class='ocrx_word' id='word_1_565' title='bbox 3026 4134 3427 4188; x_wconf 87' lang='lat' dir='ltr'><strong>chiliarchiam.</strong></span> <span class='ocrx_word' id='word_1_566' title='bbox 3465 4134 3644 4187; x_wconf 67' lang='lat' dir='ltr'><strong>Latini</strong></span> 
     </span>
    </p>
   </div>
   <div class='ocr_carea' id='block_1_87' title="bbox 2076 4218 3644 4293">
    <p class='ocr_par' dir='ltr' id='par_1_87' title="bbox 2076 4218 3644 4293">
     <span class='ocr_line' id='line_1_87' title="bbox 2076 4218 3644 4293; baseline -0.004 -9"><span class='ocrx_word' id='word_1_567' title='bbox 2076 4231 2410 4286; x_wconf 74' lang='lat' dir='ltr'><strong>rhiliarchos</strong></span> <span class='ocrx_word' id='word_1_568' title='bbox 2436 4229 2706 4284; x_wconf 82' lang='lat' dir='ltr'><strong>vocabant</strong></span> <span class='ocrx_word' id='word_1_569' title='bbox 2743 4227 3018 4291; x_wconf 89' lang='lat' dir='ltr'><strong>tribunos,</strong></span> <span class='ocrx_word' id='word_1_570' title='bbox 3063 4225 3155 4293; x_wconf 85' lang='lat' dir='ltr'><strong>qui</strong></span> <span class='ocrx_word' id='word_1_571' title='bbox 3203 4218 3351 4279; x_wconf 84' lang='lat' dir='ltr'><strong>nunc</strong></span> <span class='ocrx_word' id='word_1_572' title='bbox 3390 4225 3644 4279; x_wconf 79' lang='lat' dir='ltr'><strong>colorn-lii</strong></span> 
     </span>
    </p>
   </div>
   <div class='ocr_carea' id='block_1_88' title="bbox 2073 4316 3638 4388">
    <p class='ocr_par' dir='ltr' id='par_1_88' title="bbox 2073 4316 3638 4388">
     <span class='ocr_line' id='line_1_88' title="bbox 2073 4316 3638 4388; baseline -0.004 -11"><span class='ocrx_word' id='word_1_573' title='bbox 2073 4333 2223 4380; x_wconf 88' lang='lat' dir='ltr'><strong>sunt.</strong></span> <span class='ocrx_word' id='word_1_574' title='bbox 2256 4321 2536 4376; x_wconf 89' lang='lat' dir='ltr'><strong>Druneum</strong></span> <span class='ocrx_word' id='word_1_575' title='bbox 2559 4321 2664 4388; x_wconf 91' lang='lat' dir='ltr'><strong>(sic</strong></span> <span class='ocrx_word' id='word_1_576' title='bbox 2691 4319 2838 4373; x_wconf 88' lang='lat' dir='ltr'><strong>enim</strong></span> <span class='ocrx_word' id='word_1_577' title='bbox 2867 4317 3259 4387; x_wconf 88' lang='lat' dir='ltr'><strong>pronuntiabat</strong></span> <span class='ocrx_word' id='word_1_578' title='bbox 3291 4316 3528 4387; x_wconf 70' lang='lat' dir='ltr'><strong>Zygoma</strong></span> <span class='ocrx_word' id='word_1_579' title='bbox 3553 4333 3638 4380; x_wconf 71' lang='lat' dir='ltr'><strong>as,</strong></span> 
     </span>
    </p>
   </div>
   <div class='ocr_carea' id='block_1_89' title="bbox 2075 4406 3646 4476">
    <p class='ocr_par' dir='ltr' id='par_1_89' title="bbox 2075 4406 3646 4476">
     <span class='ocr_line' id='line_1_89' title="bbox 2075 4406 3646 4476; baseline -0.005 -12"><span class='ocrx_word' id='word_1_580' title='bbox 2075 4423 2132 4464; x_wconf 88' lang='lat' dir='ltr'><strong>et</strong></span> <span class='ocrx_word' id='word_1_581' title='bbox 2159 4411 2545 4473; x_wconf 75' lang='lat' dir='ltr'><strong>druncarium,</strong></span> <span class='ocrx_word' id='word_1_582' title='bbox 2604 4424 2714 4462; x_wconf 89' lang='lat' dir='ltr'><strong>non</strong></span> <span class='ocrx_word' id='word_1_583' title='bbox 2757 4409 3028 4476; x_wconf 85' lang='lat' dir='ltr'><strong>drungum</strong></span> <span class='ocrx_word' id='word_1_584' title='bbox 3060 4445 3075 4470; x_wconf 91' lang='lat'><strong>,</strong></span> <span class='ocrx_word' id='word_1_585' title='bbox 3118 4407 3201 4460; x_wconf 91' lang='lat' dir='ltr'><strong>vel</strong></span> <span class='ocrx_word' id='word_1_586' title='bbox 3265 4406 3646 4476; x_wconf 42' lang='lat' dir='ltr'><strong>dru&#39;ugarium,</strong></span> 
     </span>
    </p>
   </div>
   <div class='ocr_carea' id='block_1_90' title="bbox 401 4496 3647 4573">
    <p class='ocr_par' dir='ltr' id='par_1_90' title="bbox 401 4496 3647 4573">
     <span class='ocr_line' id='line_1_90' title="bbox 401 4496 3647 4573; baseline -0.004 -19"><span class='ocrx_word' id='word_1_587' title='bbox 401 4513 513 4563; x_wconf 87' lang='lat' dir='ltr'><strong>tur,</strong></span> <span class='ocrx_word' id='word_1_588' title='bbox 548 4511 605 4554; x_wconf 86' lang='lat' dir='ltr'><strong>et</strong></span> <span class='ocrx_word' id='word_1_589' title='bbox 637 4515 722 4553; x_wconf 86' lang='lat' dir='ltr'><strong>res</strong></span> <span class='ocrx_word' id='word_1_590' title='bbox 748 4514 844 4569; x_wconf 87' lang='lat' dir='ltr'><strong>per</strong></span> <span class='ocrx_word' id='word_1_591' title='bbox 877 4513 972 4552; x_wconf 87' lang='lat' dir='ltr'><strong>eos</strong></span> <span class='ocrx_word' id='word_1_592' title='bbox 1001 4514 1110 4552; x_wconf 89' lang='lat' dir='ltr'><strong>non</strong></span> <span class='ocrx_word' id='word_1_593' title='bbox 1139 4496 1394 4566; x_wconf 74' lang='lat' dir='ltr'><strong>vulgares</strong></span> <span class='ocrx_word' id='word_1_594' title='bbox 1426 4496 1782 4565; x_wconf 71' lang='lat' dir='ltr'><strong>gerebantur,</strong></span> <span class='ocrx_word' id='word_1_595' title='bbox 1819 4504 1880 4548; x_wconf 94' lang='lat' dir='ltr'><strong>ut</strong></span> <span class='ocrx_word' id='word_1_596' title='bbox 1912 4496 1965 4547; x_wconf 90' lang='lat' dir='ltr'><strong>in</strong></span> <span class='ocrx_word' id='word_1_597' title='bbox 2002 4517 2044 4569; x_wconf 73' lang='grc' dir='ltr'>ο</span> <span class='ocrx_word' id='word_1_598' title='bbox 2074 4505 2221 4573; x_wconf 76' lang='lat' dir='ltr'><strong>quod</strong></span> <span class='ocrx_word' id='word_1_599' title='bbox 2262 4504 2428 4572; x_wconf 75' lang='lat' dir='ltr'><strong>vulgo</strong></span> <span class='ocrx_word' id='word_1_600' title='bbox 2464 4502 2580 4557; x_wconf 78' lang='lat' dir='ltr'><strong>ﬁeri</strong></span> <span class='ocrx_word' id='word_1_601' title='bbox 2618 4501 2782 4569; x_wconf 65' lang='lat' dir='ltr'><strong>solet)</strong></span> <span class='ocrx_word' id='word_1_602' title='bbox 2833 4499 2913 4553; x_wconf 81' lang='lat' dir='ltr'><strong>sic</strong></span> <span class='ocrx_word' id='word_1_603' title='bbox 2962 4500 3295 4568; x_wconf 68' lang='lat' dir='ltr'><strong>appellatum</strong></span> <span class='ocrx_word' id='word_1_604' title='bbox 3344 4498 3590 4552; x_wconf 66' lang='lat' dir='ltr'><strong>arbitror</strong></span> <span class='ocrx_word' id='word_1_605' title='bbox 3616 4514 3647 4552; x_wconf 78' lang='lat' dir='ltr'><strong>a</strong></span> 
     </span>
    </p>
   </div>
   <div class='ocr_carea' id='block_1_91' title="bbox 401 4585 1969 4661">
    <p class='ocr_par' dir='ltr' id='par_1_91' title="bbox 401 4585 1969 4661">
     <span class='ocr_line' id='line_1_91' title="bbox 401 4585 1969 4661; baseline -0.006 -15"><span class='ocrx_word' id='word_1_606' title='bbox 401 4592 689 4661; x_wconf 87' lang='lat' dir='ltr'><strong>Lecapeno</strong></span> <span class='ocrx_word' id='word_1_607' title='bbox 747 4600 805 4646; x_wconf 88' lang='lat' dir='ltr'><strong>et</strong></span> <span class='ocrx_word' id='word_1_608' title='bbox 855 4589 1039 4644; x_wconf 83' lang='lat' dir='ltr'><strong>Leone</strong></span> <span class='ocrx_word' id='word_1_609' title='bbox 1083 4587 1271 4642; x_wconf 86' lang='lat' dir='ltr'><strong>Basilii</strong></span> <span class='ocrx_word' id='word_1_610' title='bbox 1300 4587 1414 4640; x_wconf 80' lang='lat' dir='ltr'><strong>lilio</strong></span> <span class='ocrx_word' id='word_1_611' title='bbox 1465 4586 1610 4655; x_wconf 86' lang='lat' dir='ltr'><strong>apud</strong></span> <span class='ocrx_word' id='word_1_612' title='bbox 1658 4585 1969 4640; x_wconf 86' lang='lat' dir='ltr'><strong>Cedrenum</strong></span> 
     </span>
    </p>
   </div>
   <div class='ocr_carea' id='block_1_92' title="bbox 403 4678 1971 4747">
    <p class='ocr_par' dir='ltr' id='par_1_92' title="bbox 403 4678 1971 4747">
     <span class='ocr_line' id='line_1_92' title="bbox 403 4678 1971 4747; baseline -0.004 -9"><span class='ocrx_word' id='word_1_613' title='bbox 403 4684 592 4738; x_wconf 83' lang='lat' dir='ltr'><strong>videre</strong></span> <span class='ocrx_word' id='word_1_614' title='bbox 623 4692 726 4738; x_wconf 89' lang='lat' dir='ltr'><strong>est.</strong></span> <span class='ocrx_word' id='word_1_615' title='bbox 770 4683 827 4736; x_wconf 89' lang='lat' dir='ltr'><strong>in</strong></span> <span class='ocrx_word' id='word_1_616' title='bbox 875 4681 1279 4744; x_wconf 89' lang='lat' dir='ltr'><strong>Constantino,</strong></span> <span class='ocrx_word' id='word_1_617' title='bbox 1330 4679 1562 4734; x_wconf 80' lang='lat' dir='ltr'><strong>Romani</strong></span> <span class='ocrx_word' id='word_1_618' title='bbox 1619 4678 1730 4732; x_wconf 86' lang='lat' dir='ltr'><strong>lilio</strong></span> <span class='ocrx_word' id='word_1_619' title='bbox 1783 4688 1971 4747; x_wconf 86' lang='lat' dir='ltr'><strong>proto-</strong></span> 
     </span>
    </p>
   </div>
   <div class='ocr_carea' id='block_1_93' title="bbox 402 4770 1971 4845">
    <p class='ocr_par' dir='ltr' id='par_1_93' title="bbox 402 4770 1971 4845">
     <span class='ocr_line' id='line_1_93' title="bbox 402 4770 1971 4845; baseline -0.006 -14"><span class='ocrx_word' id='word_1_620' title='bbox 402 4776 651 4831; x_wconf 88' lang='lat' dir='ltr'><strong>vestiarii</strong></span> <span class='ocrx_word' id='word_1_621' title='bbox 682 4775 920 4845; x_wconf 79' lang='lat' dir='ltr'><strong>dignitas</strong></span> <span class='ocrx_word' id='word_1_622' title='bbox 953 4774 1202 4843; x_wconf 79' lang='lat' dir='ltr'><strong>proxima</strong></span> <span class='ocrx_word' id='word_1_623' title='bbox 1235 4788 1264 4826; x_wconf 86' lang='lat' dir='ltr'><strong>a</strong></span> <span class='ocrx_word' id='word_1_624' title='bbox 1297 4771 1598 4827; x_wconf 89' lang='lat' dir='ltr'><strong>domestico</strong></span> <span class='ocrx_word' id='word_1_625' title='bbox 1638 4770 1971 4832; x_wconf 82' lang='lat' dir='ltr'><strong>scholarum,</strong></span> 
     </span>
    </p>
   </div>
   <div class='ocr_carea' id='block_1_94' title="bbox 401 4860 1969 4935">
    <p class='ocr_par' dir='ltr' id='par_1_94' title="bbox 401 4860 1969 4935">
     <span class='ocr_line' id='line_1_94' title="bbox 401 4860 1969 4935; baseline -0.008 -10"><span class='ocrx_word' id='word_1_626' title='bbox 401 4880 460 4925; x_wconf 90' lang='lat' dir='ltr'><strong>et</strong></span> <span class='ocrx_word' id='word_1_627' title='bbox 487 4868 826 4931; x_wconf 89' lang='lat' dir='ltr'><strong>accubitore,</strong></span> <span class='ocrx_word' id='word_1_628' title='bbox 850 4867 1010 4934; x_wconf 75' lang='lat' dir='ltr'><strong>biglae</strong></span> <span class='ocrx_word' id='word_1_629' title='bbox 1036 4865 1338 4935; x_wconf 85' lang='lat' dir='ltr'><strong>drungario</strong></span> <span class='ocrx_word' id='word_1_630' title='bbox 1355 4863 1610 4933; x_wconf 89' lang='lat' dir='ltr'><strong>superior</strong></span> <span class='ocrx_word' id='word_1_631' title='bbox 1637 4860 1969 4915; x_wconf 85' lang='lat' dir='ltr'><strong>ostenditur.</strong></span> 
     </span>
    </p>
   </div>
   <div class='ocr_carea' id='block_1_95' title="bbox 401 4937 1974 5030">
    <p class='ocr_par' dir='ltr' id='par_1_95' title="bbox 401 4937 1974 5030">
     <span class='ocr_line' id='line_1_95' title="bbox 401 4937 1974 5030; baseline -0.007 -15"><span class='ocrx_word' id='word_1_632' title='bbox 401 4960 615 5025; x_wconf 86' lang='lat' dir='ltr'><strong>iuveni,</strong></span> <span class='ocrx_word' id='word_1_633' title='bbox 643 4959 736 5030; x_wconf 92' lang='lat' dir='ltr'><strong>qui</strong></span> <span class='ocrx_word' id='word_1_634' title='bbox 767 4959 1055 5021; x_wconf 84' lang='lat' dir='ltr'><strong>scriberet,</strong></span> <span class='ocrx_word' id='word_1_635' title='bbox 1109 4955 1596 5026; x_wconf 89' lang='lat' dir='ltr'><strong>protovestiarium</strong></span> <span class='ocrx_word' id='word_1_636' title='bbox 1646 4937 1816 5008; x_wconf 76' lang='lat' dir='ltr'><strong>fuisse</strong></span> <span class='ocrx_word' id='word_1_637' title='bbox 1850 4953 1974 5005; x_wconf 86' lang='lat' dir='ltr'><strong>the-</strong></span> 
     </span>
    </p>
   </div>
   <div class='ocr_carea' id='block_1_96' title="bbox 399 5042 1974 5115">
    <p class='ocr_par' dir='ltr' id='par_1_96' title="bbox 399 5042 1974 5115">
     <span class='ocr_line' id='line_1_96' title="bbox 399 5042 1974 5115; baseline -0.006 -11"><span class='ocrx_word' id='word_1_638' title='bbox 399 5050 732 5114; x_wconf 84' lang='lat' dir='ltr'><strong>saurarium,</strong></span> <span class='ocrx_word' id='word_1_639' title='bbox 787 5064 885 5103; x_wconf 88' lang='lat' dir='ltr'><strong>seu</strong></span> <span class='ocrx_word' id='word_1_640' title='bbox 919 5049 1179 5101; x_wconf 88' lang='lat' dir='ltr'><strong>thesauro</strong></span> <span class='ocrx_word' id='word_1_641' title='bbox 1213 5044 1560 5115; x_wconf 69' lang='lat' dir='ltr'><strong>praefectum,</strong></span> <span class='ocrx_word' id='word_1_642' title='bbox 1589 5045 1719 5113; x_wconf 86' lang='lat' dir='ltr'><strong>quia</strong></span> <span class='ocrx_word' id='word_1_643' title='bbox 1753 5042 1974 5112; x_wconf 80' lang='grc' dir='ltr'><strong>βεστιά-</strong></span> 
     </span>
    </p>
   </div>
   <div class='ocr_carea' id='block_1_97' title="bbox 401 5135 1970 5214">
    <p class='ocr_par' dir='ltr' id='par_1_97' title="bbox 401 5135 1970 5214">
     <span class='ocr_line' id='line_1_97' title="bbox 401 5135 1970 5214; baseline -0.005 -19"><span class='ocrx_word' id='word_1_644' title='bbox 401 5160 519 5214; x_wconf 84' lang='grc' dir='ltr'>ριον</span> <span class='ocrx_word' id='word_1_645' title='bbox 543 5141 796 5196; x_wconf 73' lang='lat' dir='ltr'><strong>aerarium</strong></span> <span class='ocrx_word' id='word_1_646' title='bbox 834 5148 1084 5202; x_wconf 80' lang='lat' dir='ltr'><strong>vocetur,</strong></span> <span class='ocrx_word' id='word_1_647' title='bbox 1128 5154 1223 5192; x_wconf 91' lang='lat' dir='ltr'><strong>seu</strong></span> <span class='ocrx_word' id='word_1_648' title='bbox 1262 5137 1507 5192; x_wconf 88' lang='lat' dir='ltr'><strong>thesauri</strong></span> <span class='ocrx_word' id='word_1_649' title='bbox 1560 5135 1970 5205; x_wconf 88' lang='lat' dir='ltr'><strong>repositorium,</strong></span> 
     </span>
    </p>
   </div>
   <div class='ocr_carea' id='block_1_98' title="bbox 399 5228 1972 5304">
    <p class='ocr_par' dir='ltr' id='par_1_98' title="bbox 399 5228 1972 5304">
     <span class='ocr_line' id='line_1_98' title="bbox 399 5228 1972 5304; baseline -0.004 -17"><span class='ocrx_word' id='word_1_650' title='bbox 399 5237 668 5304; x_wconf 82' lang='grc' dir='ltr'><strong>ταμιεῖον.</strong></span> <span class='ocrx_word' id='word_1_651' title='bbox 701 5229 858 5298; x_wconf 87' lang='lat' dir='ltr'><strong>Quod</strong></span> <span class='ocrx_word' id='word_1_652' title='bbox 893 5247 994 5302; x_wconf 86' lang='lat' dir='ltr'><strong>ego</strong></span> <span class='ocrx_word' id='word_1_653' title='bbox 1019 5231 1243 5300; x_wconf 90' lang='lat' dir='ltr'><strong>quidem</strong></span> <span class='ocrx_word' id='word_1_654' title='bbox 1273 5231 1327 5283; x_wconf 91' lang='lat' dir='ltr'><strong>in</strong></span> <span class='ocrx_word' id='word_1_655' title='bbox 1379 5229 1563 5298; x_wconf 87' lang='lat' dir='ltr'><strong>aliquo</strong></span> <span class='ocrx_word' id='word_1_656' title='bbox 1593 5228 1680 5282; x_wconf 88' lang='lat' dir='ltr'><strong>vel</strong></span> <span class='ocrx_word' id='word_1_657' title='bbox 1724 5236 1972 5292; x_wconf 82' lang='lat' dir='ltr'><strong>auctore,</strong></span> 
     </span>
    </p>
   </div>
   <div class='ocr_carea' id='block_1_99' title="bbox 401 5323 1215 5396">
    <p class='ocr_par' dir='ltr' id='par_1_99' title="bbox 401 5323 1215 5396">
     <span class='ocr_line' id='line_1_99' title="bbox 401 5323 1215 5396; baseline -0.006 -16"><span class='ocrx_word' id='word_1_658' title='bbox 401 5327 488 5380; x_wconf 80' lang='lat' dir='ltr'><strong>vel</strong></span> <span class='ocrx_word' id='word_1_659' title='bbox 513 5325 780 5396; x_wconf 87' lang='lat' dir='ltr'><strong>glossario</strong></span> <span class='ocrx_word' id='word_1_660' title='bbox 810 5325 1053 5377; x_wconf 88' lang='lat' dir='ltr'><strong>nondum</strong></span> <span class='ocrx_word' id='word_1_661' title='bbox 1086 5323 1215 5392; x_wconf 82' lang='lat' dir='ltr'><strong>legi.</strong></span> 
     </span>
    </p>
   </div>
   <div class='ocr_carea' id='block_1_100' title="bbox 474 5413 1974 5487">
    <p class='ocr_par' dir='ltr' id='par_1_100' title="bbox 474 5413 1974 5487">
     <span class='ocr_line' id='line_1_100' title="bbox 474 5413 1974 5487; baseline -0.002 -16"><span class='ocrx_word' id='word_1_662' title='bbox 474 5417 864 5487; x_wconf 68' lang='grc' dir='ltr'><strong>Δικαιοφύὶαξ.</strong></span> <span class='ocrx_word' id='word_1_663' title='bbox 891 5417 972 5470; x_wconf 87' lang='lat' dir='ltr'><strong>Ad</strong></span> <span class='ocrx_word' id='word_1_664' title='bbox 1006 5416 1236 5471; x_wconf 91' lang='lat' dir='ltr'><strong>verbum</strong></span> <span class='ocrx_word' id='word_1_665' title='bbox 1266 5454 1281 5480; x_wconf 91' lang='lat'><strong>,</strong></span> <span class='ocrx_word' id='word_1_666' title='bbox 1334 5425 1505 5468; x_wconf 79' lang='lat' dir='ltr'><strong>custos</strong></span> <span class='ocrx_word' id='word_1_667' title='bbox 1541 5413 1714 5483; x_wconf 85' lang='lat' dir='ltr'><strong>legum</strong></span> <span class='ocrx_word' id='word_1_668' title='bbox 1739 5423 1788 5466; x_wconf 84' lang='lat' dir='ltr'><strong>et</strong></span> <span class='ocrx_word' id='word_1_669' title='bbox 1809 5413 1974 5484; x_wconf 66' lang='lat' dir='ltr'><strong>juris,</strong></span> 
     </span>
    </p>
   </div>
   <div class='ocr_carea' id='block_1_101' title="bbox 399 5504 1722 5578">
    <p class='ocr_par' dir='ltr' id='par_1_101' title="bbox 399 5504 1722 5578">
     <span class='ocr_line' id='line_1_101' title="bbox 399 5504 1722 5578; baseline -0.004 -15"><span class='ocrx_word' id='word_1_670' title='bbox 399 5507 472 5564; x_wconf 86' lang='lat' dir='ltr'><strong>de</strong></span> <span class='ocrx_word' id='word_1_671' title='bbox 503 5524 613 5578; x_wconf 89' lang='lat' dir='ltr'><strong>quo</strong></span> <span class='ocrx_word' id='word_1_672' title='bbox 640 5509 962 5578; x_wconf 78' lang='lat' dir='ltr'><strong>magistratu</strong></span> <span class='ocrx_word' id='word_1_673' title='bbox 999 5507 1138 5561; x_wconf 90' lang='lat' dir='ltr'><strong>nihil</strong></span> <span class='ocrx_word' id='word_1_674' title='bbox 1180 5505 1348 5561; x_wconf 86' lang='lat' dir='ltr'><strong>habet</strong></span> <span class='ocrx_word' id='word_1_675' title='bbox 1375 5504 1722 5575; x_wconf 87' lang='lat' dir='ltr'><strong>Curopalata.</strong></span> 
     </span>
    </p>
   </div>
   <div class='ocr_carea' id='block_1_102' title="bbox 473 5594 1976 5674">
    <p class='ocr_par' dir='ltr' id='par_1_102' title="bbox 473 5594 1976 5674">
     <span class='ocr_line' id='line_1_102' title="bbox 473 5594 1976 5674; baseline -0.004 -19"><span class='ocrx_word' id='word_1_676' title='bbox 473 5603 882 5674; x_wconf 83' lang='grc' dir='ltr'><strong>Λογαριάστης,</strong></span> <span class='ocrx_word' id='word_1_677' title='bbox 920 5600 1255 5671; x_wconf 78' lang='lat' dir='ltr'><strong>logariastes.</strong></span> <span class='ocrx_word' id='word_1_678' title='bbox 1288 5599 1330 5652; x_wconf 83' lang='lat' dir='ltr'><strong>A</strong></span> <span class='ocrx_word' id='word_1_679' title='bbox 1365 5597 1704 5666; x_wconf 84' lang='lat' dir='ltr'><strong>Curopalata</strong></span> <span class='ocrx_word' id='word_1_680' title='bbox 1731 5594 1976 5659; x_wconf 90' lang='lat' dir='ltr'><strong>additur,</strong></span> 
     </span>
    </p>
   </div>
   <div class='ocr_carea' id='block_1_103' title="bbox 402 5688 1975 5763">
    <p class='ocr_par' dir='ltr' id='par_1_103' title="bbox 402 5688 1975 5763">
     <span class='ocr_line' id='line_1_103' title="bbox 402 5688 1975 5763; baseline -0.004 -15"><span class='ocrx_word' id='word_1_681' title='bbox 402 5694 502 5762; x_wconf 80' lang='grc' dir='ltr'><strong>τῆς</strong></span> <span class='ocrx_word' id='word_1_682' title='bbox 528 5695 723 5763; x_wconf 76' lang='grc' dir='ltr'><strong>αὐλῆς,</strong></span> <span class='ocrx_word' id='word_1_683' title='bbox 750 5695 909 5759; x_wconf 71' lang='lat' dir='ltr'><strong>anlte,</strong></span> <span class='ocrx_word' id='word_1_684' title='bbox 943 5709 1040 5749; x_wconf 87' lang='lat' dir='ltr'><strong>seu</strong></span> <span class='ocrx_word' id='word_1_685' title='bbox 1067 5691 1279 5763; x_wconf 84' lang='lat' dir='ltr'><strong>palatii.</strong></span> <span class='ocrx_word' id='word_1_686' title='bbox 1313 5689 1580 5744; x_wconf 75' lang='lat' dir='ltr'><strong>Rationes</strong></span> <span class='ocrx_word' id='word_1_687' title='bbox 1605 5688 1708 5744; x_wconf 85' lang='lat' dir='ltr'><strong>init</strong></span> <span class='ocrx_word' id='word_1_688' title='bbox 1729 5689 1975 5742; x_wconf 89' lang='lat' dir='ltr'><strong>omnium</strong></span> 
     </span>
    </p>
   </div>
   <div class='ocr_carea' id='block_1_104' title="bbox 403 5781 1976 5856">
    <p class='ocr_par' dir='ltr' id='par_1_104' title="bbox 403 5781 1976 5856">
     <span class='ocr_line' id='line_1_104' title="bbox 403 5781 1976 5856; baseline -0.004 -15"><span class='ocrx_word' id='word_1_689' title='bbox 403 5785 872 5855; x_wconf 84' lang='lat' dir='ltr'><strong>stipendiatorum</strong></span> <span class='ocrx_word' id='word_1_690' title='bbox 904 5787 1000 5856; x_wconf 89' lang='lat' dir='ltr'><strong>qui</strong></span> <span class='ocrx_word' id='word_1_691' title='bbox 1031 5787 1088 5842; x_wconf 93' lang='lat' dir='ltr'><strong>in</strong></span> <span class='ocrx_word' id='word_1_692' title='bbox 1118 5785 1243 5840; x_wconf 87' lang='lat' dir='ltr'><strong>aula</strong></span> <span class='ocrx_word' id='word_1_693' title='bbox 1274 5791 1428 5848; x_wconf 89' lang='lat' dir='ltr'><strong>sunt,</strong></span> <span class='ocrx_word' id='word_1_694' title='bbox 1463 5782 1508 5836; x_wconf 89' lang='lat' dir='ltr'><strong>si</strong></span> <span class='ocrx_word' id='word_1_695' title='bbox 1537 5781 1669 5852; x_wconf 90' lang='lat' dir='ltr'><strong>quid</strong></span> <span class='ocrx_word' id='word_1_696' title='bbox 1697 5781 1854 5837; x_wconf 89' lang='lat' dir='ltr'><strong>deest</strong></span> <span class='ocrx_word' id='word_1_697' title='bbox 1879 5781 1976 5836; x_wconf 92' lang='lat' dir='ltr'><strong>ulli</strong></span> 
     </span>
    </p>
   </div>
   <div class='ocr_carea' id='block_1_105' title="bbox 2077 4590 3646 4660">
    <p class='ocr_par' dir='ltr' id='par_1_105' title="bbox 2077 4590 3646 4660">
     <span class='ocr_line' id='line_1_105' title="bbox 2077 4590 3646 4660; baseline -0.003 -11"><span class='ocrx_word' id='word_1_698' title='bbox 2077 4607 2294 4658; x_wconf 89' lang='lat' dir='ltr'><strong>trunco,</strong></span> <span class='ocrx_word' id='word_1_699' title='bbox 2335 4596 2450 4650; x_wconf 85' lang='lat' dir='ltr'><strong>sive</strong></span> <span class='ocrx_word' id='word_1_700' title='bbox 2484 4594 2701 4655; x_wconf 88' lang='lat' dir='ltr'><strong>baculo,</strong></span> <span class='ocrx_word' id='word_1_701' title='bbox 2735 4593 2850 4646; x_wconf 87' lang='lat' dir='ltr'><strong>sive</strong></span> <span class='ocrx_word' id='word_1_702' title='bbox 2883 4604 3102 4660; x_wconf 84' lang='lat' dir='ltr'><strong>sceptro</strong></span> <span class='ocrx_word' id='word_1_703' title='bbox 3136 4609 3149 4643; x_wconf 90' lang='lat'><strong>:</strong></span> <span class='ocrx_word' id='word_1_704' title='bbox 3183 4590 3646 4660; x_wconf 89' lang='lat' dir='ltr'><strong>quemadmodum</strong></span> 
     </span>
    </p>
   </div>
   <div class='ocr_carea' id='block_1_106' title="bbox 2076 4682 3646 4756">
    <p class='ocr_par' dir='ltr' id='par_1_106' title="bbox 2076 4682 3646 4756">
     <span class='ocr_line' id='line_1_106' title="bbox 2076 4682 3646 4756; baseline -0.001 -17"><span class='ocrx_word' id='word_1_705' title='bbox 2076 4687 2351 4756; x_wconf 87' lang='lat' dir='ltr'><strong>hodieque</strong></span> <span class='ocrx_word' id='word_1_706' title='bbox 2399 4687 2768 4756; x_wconf 89' lang='lat' dir='ltr'><strong>regimentum</strong></span> <span class='ocrx_word' id='word_1_707' title='bbox 2808 4698 3072 4738; x_wconf 89' lang='lat' dir='ltr'><strong>vocamus</strong></span> <span class='ocrx_word' id='word_1_708' title='bbox 3101 4692 3209 4735; x_wconf 90' lang='lat' dir='ltr'><strong>tam</strong></span> <span class='ocrx_word' id='word_1_709' title='bbox 3240 4682 3416 4751; x_wconf 92' lang='lat' dir='ltr'><strong>ipsius</strong></span> <span class='ocrx_word' id='word_1_710' title='bbox 3441 4682 3646 4737; x_wconf 89' lang='lat' dir='ltr'><strong>tribuni</strong></span> 
     </span>
    </p>
   </div>
   <div class='ocr_carea' id='block_1_107' title="bbox 2077 4772 3646 4844">
    <p class='ocr_par' dir='ltr' id='par_1_107' title="bbox 2077 4772 3646 4844">
     <span class='ocr_line' id='line_1_107' title="bbox 2077 4772 3646 4844; baseline -0.001 -14"><span class='ocrx_word' id='word_1_711' title='bbox 2077 4778 2330 4832; x_wconf 89' lang='lat' dir='ltr'><strong>baculum</strong></span> <span class='ocrx_word' id='word_1_712' title='bbox 2383 4777 2573 4842; x_wconf 84' lang='lat' dir='ltr'><strong>(vitem</strong></span> <span class='ocrx_word' id='word_1_713' title='bbox 2621 4776 2812 4830; x_wconf 79' lang='lat' dir='ltr'><strong>dixere</strong></span> <span class='ocrx_word' id='word_1_714' title='bbox 2863 4784 2998 4844; x_wconf 92' lang='lat' dir='ltr'><strong>puto</strong></span> <span class='ocrx_word' id='word_1_715' title='bbox 3042 4772 3292 4840; x_wconf 78' lang='lat' dir='ltr'><strong>Ruinam)</strong></span> <span class='ocrx_word' id='word_1_716' title='bbox 3337 4788 3500 4842; x_wconf 87' lang='lat' dir='ltr'><strong>quem</strong></span> <span class='ocrx_word' id='word_1_717' title='bbox 3547 4789 3646 4828; x_wconf 89' lang='lat' dir='ltr'><strong>ceu</strong></span> 
     </span>
    </p>
   </div>
   <div class='ocr_carea' id='block_1_108' title="bbox 2077 4849 3646 4939">
    <p class='ocr_par' dir='ltr' id='par_1_108' title="bbox 2077 4849 3646 4939">
     <span class='ocr_line' id='line_1_108' title="bbox 2077 4849 3646 4939; baseline -0.006 -15"><span class='ocrx_word' id='word_1_718' title='bbox 2077 4871 2427 4939; x_wconf 81' lang='lat' dir='ltr'><strong>magistratus</strong></span> <span class='ocrx_word' id='word_1_719' title='bbox 2455 4869 2668 4937; x_wconf 87' lang='lat' dir='ltr'><strong>insigne</strong></span> <span class='ocrx_word' id='word_1_720' title='bbox 2699 4873 2894 4937; x_wconf 82' lang='lat' dir='ltr'><strong>gestat,</strong></span> <span class='ocrx_word' id='word_1_721' title='bbox 2925 4849 3088 4934; x_wconf 83' lang='lat' dir='ltr'><strong>quam</strong></span> <span class='ocrx_word' id='word_1_722' title='bbox 3131 4866 3288 4918; x_wconf 91' lang='lat' dir='ltr'><strong>illum</strong></span> <span class='ocrx_word' id='word_1_723' title='bbox 3339 4865 3646 4934; x_wconf 84' lang='lat' dir='ltr'><strong>signorum,</strong></span> 
     </span>
    </p>
   </div>
   <div class='ocr_carea' id='block_1_109' title="bbox 2081 4955 3649 5030">
    <p class='ocr_par' dir='ltr' id='par_1_109' title="bbox 2081 4955 3649 5030">
     <span class='ocr_line' id='line_1_109' title="bbox 2081 4955 3649 5030; baseline -0.006 -14"><span class='ocrx_word' id='word_1_724' title='bbox 2081 4965 2428 5030; x_wconf 89' lang='lat' dir='ltr'><strong>militumque</strong></span> <span class='ocrx_word' id='word_1_725' title='bbox 2466 4974 2776 5020; x_wconf 86' lang='lat' dir='ltr'><strong>numerum,</strong></span> <span class='ocrx_word' id='word_1_726' title='bbox 2808 4957 2902 5026; x_wconf 92' lang='lat' dir='ltr'><strong>qui</strong></span> <span class='ocrx_word' id='word_1_727' title='bbox 2935 4956 3000 5010; x_wconf 90' lang='lat' dir='ltr'><strong>ad</strong></span> <span class='ocrx_word' id='word_1_728' title='bbox 3026 4955 3475 5010; x_wconf 88' lang='lat' dir='ltr'><strong>constituendum</strong></span> <span class='ocrx_word' id='word_1_729' title='bbox 3508 4956 3649 5024; x_wconf 85' lang='lat' dir='ltr'><strong>regi-</strong></span> 
     </span>
    </p>
   </div>
   <div class='ocr_carea' id='block_1_110' title="bbox 2079 5047 3648 5123">
    <p class='ocr_par' dir='ltr' id='par_1_110' title="bbox 2079 5047 3648 5123">
     <span class='ocr_line' id='line_1_110' title="bbox 2079 5047 3648 5123; baseline -0.005 -15"><span class='ocrx_word' id='word_1_730' title='bbox 2079 5066 2323 5108; x_wconf 85' lang='lat' dir='ltr'><strong>mentum</strong></span> <span class='ocrx_word' id='word_1_731' title='bbox 2350 5052 2674 5123; x_wconf 83' lang='lat' dir='ltr'><strong>requiritur.</strong></span> <span class='ocrx_word' id='word_1_732' title='bbox 2708 5049 2950 5118; x_wconf 87' lang='lat' dir='ltr'><strong>Ideoque</strong></span> <span class='ocrx_word' id='word_1_733' title='bbox 2986 5048 3233 5101; x_wconf 91' lang='lat' dir='ltr'><strong>druncus</strong></span> <span class='ocrx_word' id='word_1_734' title='bbox 3260 5056 3344 5101; x_wconf 92' lang='lat' dir='ltr'><strong>est</strong></span> <span class='ocrx_word' id='word_1_735' title='bbox 3374 5047 3648 5117; x_wconf 46' lang='lat' dir='ltr'><strong>regimen‘</strong></span> 
     </span>
    </p>
   </div>
   <div class='ocr_carea' id='block_1_111' title="bbox 2081 5127 3648 5208">
    <p class='ocr_par' dir='ltr' id='par_1_111' title="bbox 2081 5127 3648 5208">
     <span class='ocr_line' id='line_1_111' title="bbox 2081 5127 3648 5208; baseline -0.006 -11"><span class='ocrx_word' id='word_1_736' title='bbox 2081 5127 2195 5197; x_wconf 86' lang='lat' dir='ltr'><strong>tum</strong></span> <span class='ocrx_word' id='word_1_737' title='bbox 2226 5143 2464 5196; x_wconf 90' lang='lat' dir='ltr'><strong>militum</strong></span> <span class='ocrx_word' id='word_1_738' title='bbox 2489 5179 2505 5204; x_wconf 98' lang='lat'><strong>,</strong></span> <span class='ocrx_word' id='word_1_739' title='bbox 2548 5139 2707 5208; x_wconf 78' lang='lat' dir='ltr'><strong>cuius</strong></span> <span class='ocrx_word' id='word_1_740' title='bbox 2758 5146 2924 5206; x_wconf 89' lang='lat' dir='ltr'><strong>caput</strong></span> <span class='ocrx_word' id='word_1_741' title='bbox 2977 5144 3060 5191; x_wconf 90' lang='lat' dir='ltr'><strong>est</strong></span> <span class='ocrx_word' id='word_1_742' title='bbox 3113 5135 3442 5191; x_wconf 84' lang='lat' dir='ltr'><strong>druncarius</strong></span> <span class='ocrx_word' id='word_1_743' title='bbox 3467 5177 3481 5202; x_wconf 93' lang='lat'><strong>,</strong></span> <span class='ocrx_word' id='word_1_744' title='bbox 3517 5137 3648 5189; x_wconf 92' lang='lat' dir='ltr'><strong>olim</strong></span> 
     </span>
    </p>
   </div>
   <div class='ocr_carea' id='block_1_112' title="bbox 2082 5226 3649 5297">
    <p class='ocr_par' dir='ltr' id='par_1_112' title="bbox 2082 5226 3649 5297">
     <span class='ocr_line' id='line_1_112' title="bbox 2082 5226 3649 5297; baseline -0.004 -11"><span class='ocrx_word' id='word_1_745' title='bbox 2082 5233 2358 5297; x_wconf 89' lang='lat' dir='ltr'><strong>tribunus,</strong></span> <span class='ocrx_word' id='word_1_746' title='bbox 2394 5246 2544 5286; x_wconf 91' lang='lat' dir='ltr'><strong>nunc</strong></span> <span class='ocrx_word' id='word_1_747' title='bbox 2592 5230 2919 5294; x_wconf 88' lang='lat' dir='ltr'><strong>colonellus,</strong></span> <span class='ocrx_word' id='word_1_748' title='bbox 2966 5237 3063 5282; x_wconf 90' lang='lat' dir='ltr'><strong>aut</strong></span> <span class='ocrx_word' id='word_1_749' title='bbox 3109 5227 3400 5297; x_wconf 75' lang='lat' dir='ltr'><strong>tegimenti</strong></span> <span class='ocrx_word' id='word_1_750' title='bbox 3451 5226 3649 5297; x_wconf 71' lang='lat' dir='ltr'><strong>pracfe-</strong></span> 
     </span>
    </p>
   </div>
   <div class='ocr_carea' id='block_1_113' title="bbox 2078 5333 2222 5379">
    <p class='ocr_par' dir='ltr' id='par_1_113' title="bbox 2078 5333 2222 5379">
     <span class='ocr_line' id='line_1_113' title="bbox 2078 5333 2222 5379; baseline -0.007 0"><span class='ocrx_word' id='word_1_751' title='bbox 2078 5333 2222 5379; x_wconf 91' lang='lat' dir='ltr'><strong>ctus.</strong></span> 
     </span>
    </p>
   </div>
   <div class='ocr_carea' id='block_1_114' title="bbox 2156 5407 3646 5484">
    <p class='ocr_par' dir='ltr' id='par_1_114' title="bbox 2156 5407 3646 5484">
     <span class='ocr_line' id='line_1_114' title="bbox 2156 5407 3646 5484; baseline -0.007 -15"><span class='ocrx_word' id='word_1_752' title='bbox 2156 5416 2348 5484; x_wconf 80' lang='grc' dir='ltr'><strong>Μέγας</strong></span> <span class='ocrx_word' id='word_1_753' title='bbox 2391 5415 2768 5483; x_wconf 78' lang='grc' dir='ltr'><strong>ἐταιριάρχης,</strong></span> <span class='ocrx_word' id='word_1_754' title='bbox 2801 5427 3024 5482; x_wconf 82' lang='lat' dir='ltr'><strong>magnus</strong></span> <span class='ocrx_word' id='word_1_755' title='bbox 3053 5407 3356 5463; x_wconf 83' lang='lat' dir='ltr'><strong>sodalitatis</strong></span> <span class='ocrx_word' id='word_1_756' title='bbox 3385 5409 3646 5476; x_wconf 77' lang='lat' dir='ltr'><strong>princeps.</strong></span> 
     </span>
    </p>
   </div>
   <div class='ocr_carea' id='block_1_115' title="bbox 2081 5500 3651 5580">
    <p class='ocr_par' dir='ltr' id='par_1_115' title="bbox 2081 5500 3651 5580">
     <span class='ocr_line' id='line_1_115' title="bbox 2081 5500 3651 5580; baseline -0.01 -13"><span class='ocrx_word' id='word_1_757' title='bbox 2081 5514 2386 5580; x_wconf 80' lang='lat' dir='ltr'><strong>Antequam</strong></span> <span class='ocrx_word' id='word_1_758' title='bbox 2411 5523 2441 5562; x_wconf 89' lang='lat' dir='ltr'><strong>e</strong></span> <span class='ocrx_word' id='word_1_759' title='bbox 2469 5507 2605 5562; x_wconf 82' lang='lat' dir='ltr'><strong>cella</strong></span> <span class='ocrx_word' id='word_1_760' title='bbox 2634 5522 2730 5560; x_wconf 89' lang='lat' dir='ltr'><strong>sua</strong></span> <span class='ocrx_word' id='word_1_761' title='bbox 2760 5507 3059 5574; x_wconf 88' lang='lat' dir='ltr'><strong>imperator</strong></span> <span class='ocrx_word' id='word_1_762' title='bbox 3079 5511 3258 5563; x_wconf 81' lang='lat' dir='ltr'><strong>exeat,</strong></span> <span class='ocrx_word' id='word_1_763' title='bbox 3288 5500 3651 5570; x_wconf 84' lang='lat' dir='ltr'><strong>protovestia-</strong></span> 
     </span>
    </p>
   </div>
   <div class='ocr_carea' id='block_1_116' title="bbox 2081 5591 3651 5664">
    <p class='ocr_par' dir='ltr' id='par_1_116' title="bbox 2081 5591 3651 5664">
     <span class='ocr_line' id='line_1_116' title="bbox 2081 5591 3651 5664; baseline -0.01 -8"><span class='ocrx_word' id='word_1_764' title='bbox 2081 5604 2216 5656; x_wconf 86' lang='lat' dir='ltr'><strong>rites</strong></span> <span class='ocrx_word' id='word_1_765' title='bbox 2251 5600 2408 5654; x_wconf 86' lang='lat' dir='ltr'><strong>adest</strong></span> <span class='ocrx_word' id='word_1_766' title='bbox 2438 5599 2490 5653; x_wconf 91' lang='lat' dir='ltr'><strong>in</strong></span> <span class='ocrx_word' id='word_1_767' title='bbox 2524 5597 2764 5652; x_wconf 89' lang='lat' dir='ltr'><strong>triclinio</strong></span> <span class='ocrx_word' id='word_1_768' title='bbox 2794 5611 2920 5651; x_wconf 92' lang='lat' dir='ltr'><strong>cum</strong></span> <span class='ocrx_word' id='word_1_769' title='bbox 2956 5609 3152 5664; x_wconf 87' lang='lat' dir='ltr'><strong>magno</strong></span> <span class='ocrx_word' id='word_1_770' title='bbox 3187 5591 3549 5646; x_wconf 68' lang='lat' dir='ltr'><strong>lictteriarcha</strong></span> <span class='ocrx_word' id='word_1_771' title='bbox 3596 5599 3651 5642; x_wconf 84' lang='lat' dir='ltr'><strong>et</strong></span> 
     </span>
    </p>
   </div>
   <div class='ocr_carea' id='block_1_117' title="bbox 2083 5690 3652 5763">
    <p class='ocr_par' dir='ltr' id='par_1_117' title="bbox 2083 5690 3652 5763">
     <span class='ocr_line' id='line_1_117' title="bbox 2083 5690 3652 5763; baseline -0.008 -16"><span class='ocrx_word' id='word_1_772' title='bbox 2083 5692 2404 5763; x_wconf 85' lang='lat' dir='ltr'><strong>primicerio</strong></span> <span class='ocrx_word' id='word_1_773' title='bbox 2447 5690 2606 5744; x_wconf 66' lang='lat' dir='ltr'><strong>aulat.</strong></span> <span class='ocrx_word' id='word_1_774' title='bbox 2653 5690 2954 5756; x_wconf 89' lang='lat' dir='ltr'><strong>Postquam</strong></span> <span class='ocrx_word' id='word_1_775' title='bbox 3002 5701 3131 5740; x_wconf 87' lang='lat' dir='ltr'><strong>vero</strong></span> <span class='ocrx_word' id='word_1_776' title='bbox 3163 5699 3419 5755; x_wconf 83' lang='lat' dir='ltr'><strong>egressus</strong></span> <span class='ocrx_word' id='word_1_777' title='bbox 3457 5696 3560 5746; x_wconf 87' lang='lat' dir='ltr'><strong>est,</strong></span> <span class='ocrx_word' id='word_1_778' title='bbox 3595 5691 3652 5736; x_wconf 84' lang='lat' dir='ltr'><strong>et</strong></span> 
     </span>
    </p>
   </div>
   <div class='ocr_carea' id='block_1_118' title="bbox 2081 5775 3649 5875">
    <p class='ocr_par' dir='ltr' id='par_1_118' title="bbox 2081 5775 3649 5875">
     <span class='ocr_line' id='line_1_118' title="bbox 2081 5775 3649 5875; baseline -0.008 -37"><span class='ocrx_word' id='word_1_779' title='bbox 2081 5782 2331 5838; x_wconf 84' lang='lat' dir='ltr'><strong>constitit</strong></span> <span class='ocrx_word' id='word_1_780' title='bbox 2367 5782 2689 5875; x_wconf 66' lang='lat' dir='ltr'><strong>imperator,</strong></span> <span class='ocrx_word' id='word_1_781' title='bbox 2728 5777 3022 5848; x_wconf 83' lang='lat' dir='ltr'><strong>egrediens</strong></span> <span class='ocrx_word' id='word_1_782' title='bbox 3056 5775 3530 5848; x_wconf 84' lang='lat' dir='ltr'><strong>protovestiaritcs</strong></span> <span class='ocrx_word' id='word_1_783' title='bbox 3556 5787 3649 5826; x_wconf 82' lang='lat' dir='ltr'><strong>ac-</strong></span> 
     </span>
    </p>
   </div>
   <div class='ocr_carea' id='block_1_119' title="bbox 2615 5991 2646 6028">
    <p class='ocr_par' dir='ltr' id='par_1_119' title="bbox 2615 5991 2646 6028">
     <span class='ocr_line' id='line_1_119' title="bbox 2615 5991 2646 6028; baseline 0 0"><span class='ocrx_word' id='word_1_784' title='bbox 2615 5991 2646 6028; x_wconf 82' lang='grc' dir='ltr'><em>Ι</em></span> 
     </span>
    </p>
   </div>
  </div>
