4106 6292
130 3766 157 3805 lt
164 3800 165 3803 η

168 4022 177 4039 .

164 4234 177 4283 ἶ

152 4466 169 4495 ‘i

146 4532 163 4565 ξ

144 4606 171 4665 .;

154 4888 165 4909 Ι

152 5038 169 5067 ’⁴Ι

404 418 473 483 ιι
1575 422 1628 481 II
1645 422 1972 483 lSTORIAl

2079 424 2120 482 ιι
2157 424 2389 483 LIBE‘R
2433 425 2480 484 ι.
3347 391 3361 399 ’
3579 432 3651 494 te

405 536 576 591 cersit
635 534 1090 589 ltonuratissimos
1127 531 1404 604 principes
1450 534 1515 587 ad
1570 535 2045 596 circumstatio-A
2144 537 2331 602 Μέγας
2351 535 2494 599 δοὺξ,
2540 552 2763 605 magnus
2825 537 2954 591 dux.
3002 537 3476 603 Quemadmodum
3530 558 3651 597 rna-

408 642 554 682 nem.
585 627 729 696 Lege
757 633 977 688 caetera,
1014 632 1069 680 ct
1108 622 1266 679 infra.
1303 624 1401 679 llic
1428 639 1558 680 vero
1576 627 1782 695 excipit
1813 629 1979 681 etiam
2083 644 2223 697 gnua
2255 627 2589 683 domesticus
2618 629 2893 699 princeps,
2925 639 2983 684 et
3023 640 3188 699 caput
3218 630 3287 685 ad
3328 632 3645 688 universum

406 719 664 791 perfugas
695 716 1053 773 advenientes
1095 733 1163 772 ex
1204 718 1351 771 omni
1383 728 1562 791 parte,
1592 729 1981 790 aepropterea
2083 720 2341 774 fossatum
2372 719 2524 789 (quid
2552 720 2623 777 sit
2651 721 2928 789 fossatum,
2948 736 3049 775 suo
3080 722 3202 776 loco
3228 722 3642 791 explicabitur),

402 812 572 866 etiam
605 811 998 865 hetaeriarches
1028 810 1368 875 nominatur,
1383 810 1535 865 velut
1558 811 1838 880 ἑταίρους,
1861 812 1979 867 sive

407 903 618 956 amicos
651 900 959 968 excipiens.
1960 952 1964 957 ,

485 996 781 1065 Βαράγγοι,
814 992 1063 1063 barangi.
1118 992 1173 1046 In
1220 992 1359 1046 festo
1392 992 1662 1047 Occursus
1690 992 1979 1063 (Purifica-

414 1085 600 1153 tionis)
635 1083 871 1138 discedit
911 1084 1207 1151 imperator
1267 1085 1320 1136 in
1379 1080 1802 1137 Blacbernarum
1842 1092 1979 1137 tem-

408 1178 581 1246 plum,
613 1176 866 1246 barangis
899 1190 1116 1244 quoque
1147 1176 1530 1244 sequentibus.
1560 1179 1735 1244 Atque
1771 1174 1826 1227 lii
1855 1175 1979 1243 qui-

407 1271 532 1323 dem
579 1270 781 1337 ubique
827 1268 1211 1336 imperatorem
1255 1267 1596 1336 equitantem
1629 1280 1975 1334 prosequun-

407 1371 520 1424 tur,
578 1361 818 1415 ferentes
858 1358 1107 1412 humeris
1146 1372 1372 1412 secures
1426 1372 1575 1412 suas.
1631 1358 1801 1411 Erant
1846 1372 1975 1427 ergo

406 1453 685 1517 custodes,
721 1451 1012 1515 satellites,
1046 1458 1139 1505 aut
1177 1451 1474 1519 stipatores
1509 1450 1858 1519 imperatoris
1894 1449 1978 1502 bi-

409 1542 725 1615 penniferi;
777 1558 971 1598 eorum
1019 1540 1313 1613 praefectus
1361 1548 1489 1595 ante
1522 1541 1645 1595 illos
1683 1538 1976 1609 imperato-

409 1652 522 1691 rem
564 1634 918 1705 seqnebatur,
949 1646 1005 1688 et
1037 1633 1161 1688 ideo
1187 1633 1479 1694 ἀκόλουθος
1504 1633 1811 1687 dicebatur.

382 1724 389 1731 ‘
478 1729 809 1797 Πιγκέρνης,
840 1726 1116 1797 pincerna,
1160 1740 1190 1777 a
1222 1723 1454 1793 poculis.
1483 1722 1639 1788 Quod
1667 1725 1710 1779 si
1738 1723 1975 1793 impera-

406 1829 581 1872 torem
623 1823 842 1885 oportet
881 1814 1094 1878 bibere,
1147 1814 1408 1882 pincerna
1459 1814 1735 1867 ministrat
1762 1813 1895 1868 illud
1957 1828 1971 1866 :

406 1922 472 1963 ac
523 1922 632 1961 non
667 1906 864 1961 diebus
894 1904 1047 1959 festis
1076 1904 1275 1968 solum,
1324 1920 1517 1959 verum
1557 1906 1720 1959 etiam
1753 1920 1972 1975 semper

409 1996 743 2066 imperatore
769 1993 955 2047 cibum
978 2002 1231 2047 sumente
1265 1994 1484 2059 miscet,
1516 1993 1561 2047 si
1595 2008 1838 2062 praesens
1865 2002 1968 2049 est.

406 2093 487 2142 Ac
516 2094 699 2139 vetere
734 2082 958 2153 quidem
1007 2098 1161 2137 more
1194 2083 1297 2142 hic,
1313 2091 1466 2137 extra
1497 2082 1774 2139 civitatem
1802 2085 1973 2154 impeo

404 2187 650 2231 t'atorem
697 2190 935 2246 sequens
986 2173 1202 2229 ferebat
1249 2174 1508 2243 poculum
1552 2183 1851 2243 castrense,
1882 2190 1974 2232 ca-

408 2278 534 2323 tena
583 2268 832 2321 vinctum
879 2281 897 2323 :
949 2263 1087 2324 utsi
1133 2276 1257 2318 cum
1303 2278 1445 2333 opus
1484 2276 1633 2322 esset
1661 2266 1872 2333 bibere,
1905 2284 1969 2323 cx

408 2362 582 2426 fonte,
623 2369 719 2415 aut
744 2357 912 2413 ﬂuvio
944 2357 1118 2421 daret,
1150 2370 1217 2411 ac
1256 2355 1491 2412 biberet.
1529 2356 1648 2413 Hoc
1699 2369 1885 2414 autem
1915 2361 1971 2415 in

406 2451 696 2522 praesentia
720 2464 832 2504 non
864 2447 946 2503 ﬁt.

486 2542 549 2595 Ὀ
576 2542 668 2594 ἐπὶ
690 2540 789 2610 τῆς
809 2536 1113 2612 τραπέζης,
1138 2557 1327 2596 mensa
1355 2541 1651 2612 prmfectus.
1685 2541 1975 2597 Serviebat

404 2633 573 2686 etiam
612 2630 931 2701 imperatori
982 2630 1051 2686 ad
1105 2644 1371 2685 mensam.
1425 2630 1714 2686 Praebebat
1744 2632 1970 2687 missqu

406 2737 641 2793 magnus
697 2722 1041 2777 domesticus
1108 2722 1619 2792 primusproxime
1675 2723 1974 2793 imperato-

406 2830 523 2869 rem
558 2831 574 2868 :
607 2822 729 2883 post
775 2828 901 2869 eum
932 2812 1269 2868 domeSticus
1301 2828 1538 2880 mensae;
1579 2825 1634 2869 et
1673 2823 1797 2884 post
1825 2815 1974 2871 hunc

406 2907 699 2977 praafectus
744 2918 971 2973 mensae,
1023 2913 1080 2959 et
1129 2920 1253 2976 quae
1285 2904 1429 2974 apud
1467 2904 1853 2976 Curopalatam
1883 2920 1971 2961 se—

404 3013 557 3068 quun
567 3008 675 3053 tur.

476 3088 804 3158 Δομιστικος
827 3087 1087 3159 θεμάτων
1110 3086 1402 3157 ἑσπερίων,
1426 3089 1740 3145 domesticus
1767 3094 1972 3146 thema~

2080 810 2162 864 sic
2190 811 2355 864 etiam
2392 810 2481 865 hic
2514 810 2580 865 ad
2623 812 2939 886 universum
2978 827 3149 866 mare.
3185 813 3262 867 Ac
3295 814 3483 868 cancri
3519 814 3645 884 qui-

2080 901 2206 955 dem
2237 902 2513 972 principes
2541 902 2666 958 aliis
2698 904 2865 958 rebus
2897 903 3159 969 instituti,
3186 912 3247 958 ut
3277 905 3475 974 capita,
3504 921 3644 974 pra:-

2081 997 2265 1047 t‘erunt
2329 1005 2658 1049 consuetum
2728 994 3079 1064 imperatoris
3142 993 3494 1063 ﬂammeum,
3548 1008 3647 1052 aut

2079 1078 2353 1141 exercitus
2387 1084 2700 1141 ﬂammeum
2729 1101 2853 1140 cum
2882 1085 3069 1156 ignitis
3101 1085 3248 1140 telis.
3279 1087 3506 1156 Magnus
3534 1088 3647 1142 dux

2078 1186 2299 1230 contum
2330 1177 2554 1245 praefert
2581 1176 2933 1245 imperatoris
2956 1177 3250 1232 insidentis
3269 1192 3434 1247 equo.
3471 1178 3648 1234 Habet

2079 1277 2261 1321 autem
2291 1267 2568 1336 subjectos
2599 1267 2704 1320 sibi
2748 1282 3007 1337 maguum
3038 1267 3396 1338 drungarium
3431 1268 3644 1331 classis,

2077 1358 2422 1424 ameralium,
2474 1367 2581 1413 etc.
2645 1358 2776 1413 Vide
2842 1356 3249 1428 Curopalatam,
3297 1366 3351 1413 et
3403 1359 3647 1416 scholia-

2078 1460 2222 1504 sten.

2149 1536 2628 1610 Πρωτοσὲὁαστος,
2661 1539 3075 1610 primaugustus.
3132 1539 3354 1603 Nullum
3369 1531 3377 1539 ’
3394 1539 3645 1596 ministe-
3666 1568 3673 1571 -

2076 1629 2219 1685 rium
2255 1629 2442 1695 habet,
2473 1632 2601 1699 quia
2627 1645 2739 1685 non
2765 1629 2978 1686 functio
3006 1642 3092 1687 est
3124 1628 3329 1700 palatio
3360 1630 3642 1687 militans:

2075 1721 2170 1775 sed
2228 1720 2464 1791 dignitas
2501 1721 2817 1786 honoraria,
2856 1737 3023 1792 quam
3056 1736 3167 1776 non
3217 1722 3507 1778 ministerii
3550 1733 3648 1779 aut

2078 1812 2290 1867 Ordinis
2317 1815 2617 1869 necessitas
2643 1813 2795 1877 facit,
2827 1812 2925 1869 sed
2955 1813 3309 1883 imperatoris
3339 1814 3581 1867 εὐδοχια.

2166 1903 2357 1971 Μέγας
2426 1904 2819 1984 χαρτοιράριος
2857 1943 2874 1969 ,
2963 1920 3185 1974 magnus
3264 1903 3645 1960 chartularius.

2080 1992 2292 2062 Equum
2321 1994 2668 2064 imperatoris
2696 2010 2727 2049 a
2748 2003 3146 2066 protostratore
3164 2003 3511 2064 susceptum,
3533 2005 3644 2052 etc.

2080 2085 2214 2139 Vide
2281 2100 2405 2156 quae
2478 2100 2642 2157 supra
2705 2086 2760 2140 in
2826 2093 3227 2156 protostratore
3285 2086 3431 2142 dicta
3494 2098 3643 2142 sunt.

2081 2174 2436 2232 Stallmeistsr
2466 2177 2758 2233 Germanis
2801 2177 2910 2232 dici
2945 2186 3102 2247 putat
3147 2177 3492 2234 scholiastes.
3541 2178 3648 2235 Ζο-

2080 2282 2242 2323 naras
2266 2268 2323 2322 in
2362 2266 2546 2323 Leone
2576 2268 2789 2333 Isauro,
2834 2276 2985 2323 tomo
3015 2267 3180 2324 tertio
3209 2267 3503 2323 Annalium
3537 2284 3640 2339 po-

2080 2359 2409 2414 sterioribus
2441 2359 2787 2429 temporibus
2809 2358 2902 2412 τὸν
2928 2359 3038 2413 τῶν
3069 2359 3366 2429 βασιλικῶν
3412 2360 3642 2415 ἱπποκὸ-

2082 2467 2200 2519 μων
2228 2451 2625 2506 ἐπιστατοῦντα
2650 2450 2985 2520 appellatum
3027 2451 3215 2508 tradit.

2151 2542 2517 2615 Πριμικήριος
2582 2542 2749 2613 αὐλῆς
2773 2580 2790 2606 ,
2864 2541 3005 2599 nulla
3057 2546 3402 2613 primicerius.
3464 2544 3644 2603 Habet

2078 2634 2301 2704 quidem
2329 2635 2384 2689 in
2412 2635 2866 2690 circumstatione
2915 2633 3477 2703 administrationem,
3510 2650 3647 2707 qua-

2079 2728 2185 2782 lem
2219 2735 2346 2781 ante
2383 2726 2648 2791 diximus,
2674 2726 2868 2780 ordine
2897 2736 3030 2780 vero
3051 2725 3286 2781 collocat
3313 2727 3481 2783 etiam
3525 2743 3647 2783 omo

2079 2833 2178 2874 nes
2225 2816 2322 2886 qui
2374 2816 2431 2872 in
2495 2817 2617 2871 aula
2661 2826 2810 2872 sunt.
2857 2814 2924 2871 Ut
2990 2816 3138 2869 enim
3179 2816 3430 2887 princeps
3483 2833 3646 2873 suum

2080 2910 2311 2980 quisque
2336 2918 2391 2964 et
2419 2910 2779 2965 constitutum
2826 2908 3009 2963 locum
3063 2908 3132 2964 ad
3179 2909 3646 2966 circumstandum

2080 3001 2247 3057 habet
2276 3018 2292 3055 :
2331 3001 2411 3056 sic
2436 3000 2601 3055 etiam
2637 2999 2863 3056 ordines
2893 3001 2988 3071 qui
3024 3000 3081 3055 in
3105 3000 3232 3056 aula
3261 3009 3410 3068 sunt,
3443 3001 3647 3072 singuli

2080 3092 2361 3163 proprium
2393 3107 2555 3147 suum
2581 3091 2764 3145 locum
2794 3091 3070 3147 obtinent.

406 3187 521 3233 tum
572 3178 1028 3271 occidentalium._
1052 3178 1184 3271 Qum
1222 3177 1468 3271 _ﬂorente
1513 3181 1696 3237 adhuc
1738 3183 1973 3253 imperio
2002 3214 2043 3271 ο
2148 3181 2596 3255 Πρωτοκυνηγός,
2621 3191 2928 3237 venatorum
2969 3185 3230 3255 princeps,
3254 3184 3644 3255 jdgermsistcr.

406 3268 655 3323 Romano
684 3264 961 3338 τάγματα,
984 3266 1103 3323 sive
1131 3265 1379 3338 legiones
1401 3268 1585 3334 dictae,
1622 3271 1974 3339 postmodum

406 3359 698 3431 imminuta
746 3357 981 3412 Heraclii
1027 3357 1370 3426 temporibus
1425 3359 1672 3414 Romana
1700 3363 1971 3431 potentia,

402 3458 462 3505 et
494 3460 754 3505 truncato
800 3448 1036 3519 imperio
1076 3448 1333 3518 θεμάτων
1372 3464 1571 3506 nomen
1616 3466 1970 3523 acceperunt,

403 3551 661 3598 carentes
676 3541 791 3612 jam
820 3541 994 3596 veteri
1022 3540 1387 3610 amplitudine
1412 3557 1532 3597 sua.
1562 3543 1699 3601 Vide
1723 3545 1972 3602 libellum

403 3633 751 3689 Constantini
781 3633 1313 3703 Porphyrogennetm
1337 3633 1407 3689 de
1436 3634 1813 3705 Thematibus,
1855 3638 1971 3694 sive

406 3725 475 3781 de
521 3723 835 3796 agminibus
880 3723 1213 3781 militaribus
1242 3740 1344 3796 per
1377 3726 1670 3796 imperium
1702 3728 1970 3786 orientale

310 3854 311 3857 η
406 3817 738 3874 distributis.
791 3815 894 3879 Hic
933 3817 1225 3887 praefectus
1262 3817 1644 3887 hujuscemodi
1689 3821 1970 3890 agminum

407 3925 506 3979 per
566 3908 882 3966 Occidentis
947 3910 1116 3967 urbes
1181 3910 1607 3966 distributorum
1659 3910 1972 3982 intelligen-

406 4000 511 4054 dus
542 4009 649 4055 est.

472 4093 660 4160 Μέγας
679 4091 979 4163 διοικητὴς,
1007 4109 1230 4163 magnus
1257 4093 1814 4162 administrator,‘sive
1845 4109 1973 4165 pro-

401 4191 637 4236 curator.
678 4183 827 4237 Nihil
858 4184 928 4237 de
962 4183 1068 4239 hoc
1093 4184 1445 4253 Curopalata.
1500 4203 1506 4209 ·

424 4376 477 4396 b

1629 4375 3485 4402 Mm

2080 3274 2414 3346 lmperatore
2449 3273 2852 3330 conscendente
2880 3289 3083 3344 equum
3136 3288 3301 3330 nemo
3337 3275 3481 3331 alius
3502 3280 3645 3345 pra!-

2081 3377 2166 3423 ter
2220 3368 2366 3422 hunc
2404 3366 2638 3436 stapiam
2675 3373 2826 3420 tenet
2865 3379 2991 3420 cum
3037 3379 3276 3434 praesens
3303 3375 3408 3422 est.
3440 3368 3645 3423 Praeest

2081 3473 2211 3514 vero
2239 3458 2310 3513 iis
2341 3456 2721 3521 venatoribus,
2765 3454 2863 3528 qui
2902 3465 3189 3512 curatores
3215 3470 3417 3513 canum
3455 3457 3644 3528 appel-

2080 3551 2286 3605 lantur.
2327 3548 2485 3617 Quod
2513 3547 2561 3606 si
2595 3547 2818 3619 quando
2859 3548 3236 3619 imperatoris,
3288 3563 3416 3604 cum
3463 3548 3519 3603 in
3550 3564 3643 3605 ve—

2078 3640 2305 3694 natione
2361 3646 2465 3706 est,
2533 3647 2743 3695 vestem
2793 3637 3037 3710 aliquam
3088 3636 3354 3708 sanguine
3421 3634 3640 3710 aspergi

2079 3730 2412 3801 contigerit,
2468 3727 2589 3786 eam
2655 3729 2748 3785 hic
2794 3738 3023 3786 venator
3087 3729 3288 3800 accipit
3336 3744 3403 3785 ex
3463 3729 3642 3785 bene-

2078 3820 2224 3877 ﬁcio.

2148 3913 2407 3984 Πραιτωρ
2442 3912 2640 3983 δήμου.
2700 3919 2898 3983 ρνωεον
2929 3910 3134 3983 populi.
3166 3902 3384 3966 Nullam
3411 3906 3646 3964 admini-

2075 4002 2397 4058 strationem
2420 4003 2587 4059 habet
2630 4007 2687 4059 in
2709 4005 2853 4074 [auia
2882 4002 3146 4074 palatina,
3179 4000 3275 4058 sed
3301 4001 3358 4055 iu
3397 3999 3560 4065 urbe,
3585 4007 3643 4054 et

2078 4091 2340 4148 urbanam
2366 4094 2565 4150 solum.

1756 4507 1760 4510 ⁴
1791 4539 2256 4620 LECTORI.

480 4704 637 4761 Nilus
666 4717 716 4761 et
746 4705 1111 4763 Christodulus
1143 4708 1271 4776 ﬁcta
1300 4707 1514 4761 nomina
1546 4714 1695 4771 sunt,
1743 4703 1925 4774 qualia
1958 4703 2098 4773 apud
2144 4713 2337 4758 ueteres
2369 4705 2423 4756 in
2480 4701 2705 4772 dialogis
2744 4707 2793 4752 et
2835 4699 3069 4769 epistolis
3106 4692 3358 4772 plurima.
3391 4703 3644 4759 Christo-

404 4800 563 4854 dulus
594 4801 723 4852 mihi
758 4798 1156 4854 Cantacusenus
1184 4809 1285 4866 est,
1335 4808 1514 4869 utpote
1568 4800 1657 4869 qui
1706 4798 1849 4851 curis
1903 4795 2198 4851 illustribus
2239 4791 2542 4865 defunctus,
2576 4795 2910 4864 decursisque
2950 4796 3068 4850 vim
3098 4797 3351 4864 palatina:
3379 4796 3645 4864 maleﬁdis

407 4894 706 4959 honoribus,
746 4894 956 4948 Christo
991 4896 1192 4961 sibique
1221 4896 1275 4948 in
1309 4903 1579 4963 posterum
1607 4908 1796 4947 vacare
1824 4875 2090 4953 statuens,
2122 4890 2349 4946 nobilem
2383 4889 2536 4944 illam
2571 4890 2878 4944 seruitutem
2907 4891 3183 4959 amplexus
3217 4903 3314 4957 est,
3345 4908 3463 4962 qua:
3492 4909 3643 4946 mera

410 4986 511 5039 viri
544 4987 798 5055 sapientis
840 4986 1055 5040 libertas
1085 4986 1264 5040 haberi
1301 4986 1467 5041 debet.
1509 4985 1689 5051 Nilus,
1727 5001 1759 5038 a
1792 5000 1895 5055 quo
1923 4998 1978 5037 se
2011 4984 2081 5037 ad
2127 4983 2458 5038 scribendam
2490 4980 2695 5053 impelli
2727 4982 2906 5054 fingit,
2943 4984 3185 5038 monachi
3219 4998 3429 5049 nomen,
3457 4992 3514 5036 ut
3538 4988 3650 5040 cui-

408 5077 485 5130 vis
523 5076 730 5131 obvium
766 5086 863 5130 est.

1981 5203 2056 5214 .——

770 5324 1041 5377 ΝΕΙΛΟΣ
1076 5321 1592 5391 ΧΡΙΣΤΟΔΟΥΛῼ.

2422 5322 2465 5389 ι
2503 5318 2715 5376 Ntws
2750 5314 3237 5374 CHRISTODULO
3271 5315 3331 5371 s.
3412 5341 3416 5345 -

488 5435 711 5506 Ἐπειδὴ
746 5451 811 5488 σι
836 5434 1119 5505 βούλεσθαι
1170 5430 1291 5488 οἴδα
1324 5434 1491 5504 μηδὲν
1522 5434 1632 5486 τῶν
1691 5433 1972 5505 ἡμετέρων

2147 5434 2419 5503 Quoniam
2450 5433 2623 5504 probe
2654 5431 2770 5486 scio
2806 5438 2857 5485 te
2901 5445 2990 5484 res
3020 5439 3237 5483 nostras
3266 5440 3482 5490 omnes,
3507 5440 3646 5495 qua-

406 5532 651 5599 ἀγνοεῖν,
689 5530 736 5581 εἰ
767 5516 861 5581 uel.
916 5528 1085 5599 μηδέν
1121 5544 1173 5580 τι
1219 5529 1469 5595 γενναῖον
1512 5526 1730 5596 ἔχοιμεν
1776 5526 1972 5594 λέγειν,

2079 5530 2161 5584 les
2193 5526 2405 5597 quales,
2434 5523 2606 5579 etiam
2636 5537 2800 5580 avere
2845 5536 3200 5591 cognoscere,
3234 5521 3510 5577 desiderio
3549 5530 3648 5576 tuo

402 5622 508 5690 ἆγε
538 5616 716 5691 ἔνεστι
749 5620 958 5691 σιωπᾷν
981 5618 1040 5672 οὐ
1074 5619 1257 5688 θέμις·
1290 5614 1447 5671 οἶσθα
1490 5619 1618 5682 τοὺς
1646 5617 1972 5686 περιπάτους

2083 5633 2293 5674 morem
2325 5631 2510 5686 geram
2539 5634 2551 5670 :
2581 5624 2762 5671 tacere
2789 5613 2936 5669 enim
2968 5612 3076 5667 non
3109 5613 3258 5668 licet.
3287 5612 3349 5667 In
3371 5613 3650 5682 quotidia-
3728 5610 3737 5617 ’

404 5711 509 5776 οὓὲ
560 5710 823 5765 ἑκάστοτε
874 5711 1015 5780 μετᾶ
1056 5712 1166 5762 τῶν
1214 5709 1384 5777 φίλων
1433 5709 1869 5778 ποιούμεθα·,ὲν
1897 5704 1972 5772 οἷς

2080 5708 2170 5764 nis
2192 5706 2686 5775 ambulationibus,
2715 5719 2875 5774 quas,
2916 5703 3063 5775 quod
3109 5712 3160 5756 te
3186 5715 3297 5757 non
3331 5699 3490 5773 fugit,
3519 5712 3645 5757 cum

405 5802 613 5867 πολλὰ,
640 5800 720 5855 τὰ
747 5799 846 5869 μὲν
873 5801 1100 5871 σπουδῇ,
1127 5800 1196 5854 τὰ
1222 5800 1280 5851 δὲ
1301 5799 1491 5872 παιδιᾷ
1517 5800 1866 5872 προσήκοντα.
1890 5798 1972 5852 λέ-

2079 5799 2449 5855 tamiliaribus
2469 5798 2765 5873 .conlicere
2813 5794 3229 5859 consuevimus,
3282 5793 3441 5851 multi
3485 5792 3649 5850 nobis

733 5893 1000 5955 Persen.
1047 5894 1136 5952 Gn
1220 5889 1418 5947 PH".
1760 5924 1789 5931 ρ
2300 5959 2304 5963 “
3211 5886 3253 5947 .2
3310 5970 3315 5973 ν
