4106 6292
424 366 499 430 27

1568 367 1755 429 JOAN
1770 372 1811 427 Ν
1828 372 1915 426 ES
1953 371 2575 432 CANTACUZENUS.

3601 378 3672 441 ‘23

427 484 621 547 rogatu
654 480 849 530 nostro
880 474 1118 532 Jacobus
1143 476 1462 540 Gretserus,
1484 478 1768 532 societatis
1804 487 2002 531 nostrae
2035 478 2075 534 Α
2107 499 2214 553 que
2241 492 2301 537 ut
2331 485 2404 538 ab
2436 482 2720 538 historicis
2750 482 3034 550 abeamus,
3087 492 3142 539 et
3168 474 3233 539 ad
3263 484 3398 541 alios
3432 490 3672 557 scripto-

429 566 751 637 tbeologus,
783 577 838 622 et
864 567 918 621 in
945 568 1222 623 academia
1270 569 1672 640 lngolstadiana
1722 569 1998 638 professor

428 661 742 716 ordinarius
801 662 1158 730 conscripsit.
1192 662 1259 716 Et
1289 662 1402 717 hinc
1431 662 1664 716 fecimus
1688 701 1703 724 ,
1738 662 1910 724 magis
1943 668 2003 714 ιιι

427 750 726 802 candorem
768 760 1015 804 nostrum
1045 752 1203 805 bonis
1233 751 1369 805 viris
1404 753 1761 819 probaremus
1786 791 1802 815 ,
1835 765 1999 818 quam

430 839 577 906 quod
618 840 753 903 illa,
799 842 1205 910 qualiacunque
1259 853 1431 907 sunt,
1493 843 1599 897 hoc
1648 844 1870 912 quidem
1904 858 2003 896 sae-

429 930 557 984 culo
584 970 598 992 ,
646 938 702 984 et
739 931 792 984 in
827 932 913 986 his
942 933 1104 986 terris
1161 934 1224 985 ad
1267 949 1598 1002 quemquam
1647 933 2000 989 inﬁciendnm

431 1022 958 1093 depravandumque
1042 1027 1276 1079 valitura
1351 1026 1795 1082 formidaremus.
1869 1027 2003 1093 Quis

430 1112 579 1167 enim
620 1115 838 1180 nescit,
888 1119 1050 1171 etiam
1094 1119 1188 1187 qui
1241 1119 1459 1173 litteras
1490 1133 1597 1173 non
1652 1118 1863 1183 didicit,
1895 1133 2001 1170 non

432 1212 549 1257 tum
579 1206 818 1272 primum
848 1246 864 1272 ,
914 1209 1293 1279 propendente
1343 1210 1553 1264 scilicet
1584 1199 1700 1279 'jam
1747 1209 1814 1263 ad
1845 1225 2005 1264 occa-

432 1310 552 1350 sum
588 1297 818 1365 ingperio
842 1340 856 1363 ,
891 1301 986 1354 sed
1030 1301 1216 1354 multis
1240 1310 1365 1357 ante
1411 1316 1677 1355 annorum
1714 1301 2001 1364 centuriis,

431 1403 573 1457 pene
610 1398 734 1458 post
768 1394 1286 1459 octingentesimum
1336 1394 1519 1447 statim
1567 1392 1634 1446 ab
1669 1404 1794 1447 ortu
1841 1393 2004 1447 Chrio

434 1482 540 1543 sti,
587 1482 923 1538 Orientalcm
961 1485 1265 1541 Ecclesium
1296 1502 1325 1539 a
1370 1486 1617 1539 Romana
1668 1485 2009 1540 secessisse?

433 1574 709 1628 Feruntur
763 1575 892 1629 item
941 1578 1189 1631 historici
1243 1595 1355 1631 non
1405 1579 1606 1647 pauci,
1660 1578 1765 1633 hoc
1812 1588 2005 1631 nostro

434 1669 632 1734 partim
663 1668 1027 1736 antiquiores,
1060 1671 1257 1737 partim
1294 1671 1663 1733 recentiora-8,
1698 1685 1840 1738 quos
1878 1686 2002 1723 cum

435 1754 502 1807 ad
548 1771 717 1807 unum
768 1758 854 1809 vel
914 1756 966 1808 in
1014 1757 1336 1821 haereticis,
1374 1758 1460 1811 vel
1522 1758 1577 1811 in
1635 1758 2000 1811 schismaticis

430 1836 565 1915 jure
588 1861 944 1900 numeremus
965 1889 978 1907 ,
1027 1849 1176 1901 nullo
1207 1857 1386 1901 tamen
1432 1863 1621 1902 eorum
1651 1847 1769 1901 sine
1798 1847 2001 1912 aliquo,

436 1936 695 1989 omnibus
729 1938 891 1990 simul
929 1938 1048 1991 sine
1095 1938 1332 1992 maximo
1381 1939 1716 1992 detrimento
1764 1926 2004 1993 Ecclesia

441 2025 685 2080 llomana
745 2043 933 2081 carere
977 2044 1087 2081 non
1142 2038 1343 2097 potest.
1396 2029 1515 2084 Vin”
1564 2037 1619 2082 tu
1668 2029 1860 2081 audire
1910 2027 2004 2096 qui

440 2116 593 2171 sint?
650 2100 986 2173 Sozomcinus
1053 2131 1109 2172 et
1164 2120 1423 2173 Socrates
1468 2120 1662 2174 Novati
1719 2118 2004 2189 perfidiam

436 2209 629 2264 sectati
660 2218 807 2263 sunt.
846 2210 1088 2275 Quorum
1142 2211 1232 2265 hic
1278 2228 1388 2266 non
1432 2213 1614 2266 oblata
1664 2213 1842 2265 solum
1867 2251 1881 2273 ,
1910 2211 2007 2265 sed

438 2301 720 2354 interdum
777 2303 940 2355 etiam
1014 2303 1242 2370 quzesita
1318 2306 1609 2359 occasione
1675 2303 2010 2358 Novatianos

437 2391 673 2446 libenter
704 2393 921 2459 laudat,
971 2395 1105 2465 ipsis
1154 2399 1414 2451 miracula
1468 2398 1697 2461 tribuit,
1733 2397 2007 2450 Romano-

438 2498 561 2536 rum
609 2485 929 2550 pontiticum
986 2488 1281 2552 potentiam
1340 2489 1580 2557 exagitat
1619 2507 1632 2541 :
1681 2504 1803 2557 qua:
1826 2490 2009 2543 omnia

438 2573 676 2627 Jacobus
704 2575 899 2629 Billius
920 2574 1183 2633 eruditus
1231 2580 1518 2649 theologus
1549 2578 2008 2634 Observationum

439 2678 720 2717 sacrarum
756 2666 896 2718 libro
927 2669 1139 2735 primo,
1192 2671 1371 2738 capite
1422 2670 1684 2724 vicesimo
1734 2685 1889 2725 sexto
1920 2671 2008 2724 lu-

439 2754 692 2808 culenter
745 2758 1105 2813 demonstrat.
1172 2761 1247 2814 De
1297 2761 1610 2828 Nicephoro
1661 2762 1890 2818 Callisto
1944 2764 2010 2817 li-

443 2854 575 2915 quet
604 2862 668 2900 ex
719 2849 991 2904 Gennadii
1038 2852 1302 2922 Apologia
1348 2868 1449 2922 pro
1497 2855 1732 2909 concilio
1783 2856 2012 2912 Floren-

447 2938 602 3002 tino,
662 2939 751 2993 ubi
797 2939 915 3009 ejus
956 2957 1067 2995 non
1123 2952 1228 2995 tam
1277 2945 1502 3013 scripta,
1551 2960 1712 3014 quam
1765 2948 2013 3002 convicia

447 3040 636 3082 contra
674 3029 901 3085 Latinos
929 3032 1275 3098 refelluntur,
1311 3044 1370 3089 ut
1410 3035 1478 3089 dc
1515 3036 1582 3090 iis
1612 3052 1734 3107 quae
1780 3040 2011 3107 sparsim

446 3118 501 3174 in
539 3120 824 3174 historiam
862 3139 1013 3176 suam
1046 3125 1266 3179 sinistra
1320 3127 1596 3192 inseruit,
1643 3130 1780 3184 nihil
1813 3131 2007 3185 dicam.
2042 3162 2085 3220 ο

447 3211 716 3265 Zonaram
748 3212 915 3267 fuisse
940 3214 1377 3282 schismatirum,
1412 3219 1601 3271 tesxari
1638 3228 1869 3287 possunt
1895 3222 2015 3290 ejus

446 3313 707 3370 poemata
744 3303 1152 3363 aculeatissima
1194 3307 1261 3359 de
1292 3309 1644 3376 processione
1692 3311 1865 3365 sancti
1897 3311 2019 3381 Spi-

451 3393 590 3446 ritus
619 3433 632 3454 ,
684 3405 738 3447 et
773 3394 878 3447 alia
935 3396 1200 3449 adversus
1250 3397 1471 3452 Latinos
1516 3401 1855 3468 composita,
1898 3419 2019 3471 quas

454 3483 848 3538 Cenebrardus
897 3487 1025 3543 dum
1059 3499 1449 3551 converteret,
1500 3505 1560 3544 se
1608 3491 2020 3547 criminationes

451 3575 573 3628 illas
609 3578 866 3631 omisisse
911 3588 1121 3633 narrat.
1170 3579 1245 3632 De
1302 3578 1662 3650 Pachymerio
1710 3583 1852 3638 idem
1890 3599 2021 3638 con—

450 3676 597 3721 stare
644 3678 824 3736 potest
878 3685 943 3722 cx
990 3671 1263 3734 adjunctis
1307 3672 1373 3725 ad
1409 3672 1707 3743 Gregoram
1741 3674 2017 3730 Latinum.

453 3755 525 3808 Ea
562 3766 691 3809 sunt
720 3759 899 3825 capita
929 3799 944 3822 ,
990 3774 1086 3813 seu
1114 3761 1219 3815 loci
1276 3777 1456 3814 rerum
1510 3765 1774 3818 memoria
1828 3766 2019 3836 digna-

454 3863 576 3901 rum
598 3888 612 3910 ,
642 3864 671 3904 e
699 3851 890 3903 codice
924 3853 1245 3919 Augustauo
1265 3892 1280 3916 ,
1314 3853 1464 3907 carie
1495 3854 1745 3908 confecto
1790 3864 1842 3908 et
1898 3872 2021 3908 mu-

454 3938 587 3998 tilo.
623 3953 723 4006 per
774 3940 1023 4008 singulos
1059 3940 1234 3995 libros
1284 3943 1525 4010 excerpti
1558 3959 1571 3995 :
1604 3944 1764 4010 cujus
1805 3944 2023 3998 animus

451 4027 507 4081 in
562 4029 869 4082 Romanam
916 4029 1221 4083 Ecclesiam
1274 4032 1455 4099 qualis
1501 4032 1780 4091 fuerit.ex
1808 4033 2020 4100 quinto,

452 4131 610 4174 sexto
635 4160 650 4182 ,
682 4132 737 4176 et
771 4132 965 4175 octavo
996 4124 1344 4190 potissimum
1379 4124 1537 4178 libris
1567 4124 2021 4193 deprehenditur.

452 4211 826 4281 Nicephorum
873 4213 1169 4279 Gron-ram
1210 4231 1428 4284 quoque
1479 4225 1534 4269 et
1573 4215 1817 4269 Nicetam
1879 4215 2024 4270 Cho-

453 4303 659 4356 niatam
708 4319 903 4357 eorum
958 4314 1312 4358 monumenta
1394 4305 1655 4373 produnt.
1708 4306 1863 4360 Adde
1916 4308 2024 4361 huc

454 4393 804 4455 Cedrcnum,
871 4392 1135 4462 Glycam,
1202 4393 1623 4447 ConStantinum
1695 4396 2019 4461 Manassem,

2094 590 2201 631 .rcs
2251 576 2576 639 veniamus,
2627 572 2890 643 Origenes
2930 584 2987 630 et
3064 576 3436 633 Tertullianus
3483 576 3673 649 quales

2104 667 2326 720 tandem
2372 665 2645 719 fuerunt?
2686 681 2870 721 nonne
2916 682 3109 721 eorum
3149 668 3386 724 ltmreses
3415 671 3674 724 essunt?

2103 758 2378 812 Feruntur
2404 757 2897 812 Demonstrationes
2926 758 3243 827 evangelicw
3271 758 3490 814 Eusebii
3517 761 3675 814 Pant-

2105 850 2239 919 phili
2263 891 2276 912 ,
2309 852 2361 904 in
2401 852 2613 919 quibus
2640 862 2828 919 aperte
2856 859 2911 903 et
2966 851 3166 918 smpius
3192 850 3494 918 ἀριανιζει,
3526 851 3671 919 quod

2096 940 2459 1007 doctissimus
2506 940 2703 994 Billius
2734 938 3171 993 Observationum
3206 939 3304 993 lib.
3343 955 3395 1001 ι,
3431 955 3552 1008 cap.
3582 939 3677 1002 27,

2105 1030 2265 1098 plane
2317 1045 2381 1084 ac
2436 1031 2641 1085 diserte
2690 1029 2956 1084 ostendit.
3001 1029 3144 1095 Quid
3192 1020 3676 1084 Demonstrationes

2105 1121 2469 1191 cvangelicw?
2539 1122 2735 1176 Statim
2798 1121 2851 1176 in
2909 1122 3029 1191 ipso
3084 1121 3357 1191 principio
3415 1122 3679 1175 Ecclesia-

2108 1214 2261 1268 sticae
2292 1216 2412 1284 ejus
2461 1214 2716 1269 Historia;
2764 1215 2898 1283 (quo
2930 1223 3290 1269 monumento
3337 1214 3474 1267 nihil
3506 1214 3678 1267 hahe-

2106 1320 2229 1358 mus
2296 1306 2352 1358 in
2408 1306 2689 1375 republica
2741 1305 3055 1361 Christiana
3111 1305 3418 1373 illustrius)
3469 1304 3677 1358 ariani-

2106 1410 2253 1449 smos
2298 1396 2507 1464 aliqudt
2555 1398 2812 1451 observat
2857 1407 3006 1451 tomo
3056 1397 3219 1451 tertio
3247 1396 3537 1450 Annalium
3570 1397 3679 1449 Zo-

2105 1500 2292 1539 naras.
2348 1487 2489 1541 Sunt
2539 1488 2592 1541 in
2629 1488 2882 1543 manibus
2915 1488 3266 1542 Monumenta
3312 1488 3516 1551 Pltotii,
3551 1498 3679 1543 sunt

2108 1575 2388 1630 Theodori
2429 1577 2772 1631 Balsamonis
2800 1617 2814 1638 ,
2867 1578 2961 1645 qui
3018 1576 3246 1631 Latinos
3274 1617 3289 1643 ,
3334 1585 3392 1631 ut
3420 1577 3680 1647 pestilen-

2109 1667 2354 1721 tissimus
2408 1667 2815 1732 schismaticus,
2870 1667 3138 1721 conviciis
3198 1667 3399 1734 passim
3453 1668 3676 1721 lacerat.

2110 1758 2345 1812 Eosdem
2384 1758 2454 1809 ob
2483 1758 2899 1825 processionem
2953 1759 3125 1812 sancti
3158 1758 3399 1827 Spiritus
3443 1759 3682 1826 exagitat

2108 1852 2269 1903 etiam
2323 1850 2526 1904 nobilis
2586 1850 2731 1905 inter
2791 1850 3072 1920 theologos
3136 1849 3324 1904 Patres
3384 1849 3680 1918 TheOphyo

2114 1941 2296 1996 lactus
2326 1940 2596 2009 Bulgaria:
2627 1941 2944 2009 episcopus,
2981 1951 3060 2005 et,
3091 1942 3247 2011 cujus
3281 1940 3542 1996 similiter
3569 1956 3683 1993 ma-

2106 2046 2270 2099 gnum
2296 2032 2438 2085 inter
2451 2046 2637 2085 sacros
2657 2030 2957 2099 scriptores
2981 2045 3181 2083 nomen
3203 2039 3307 2094 est,
3328 2030 3680 2100 Euthymins.

2106 2122 2336 2175 Possum
2384 2121 2565 2176 adhuc
2608 2123 2894 2175 nominare
2918 2121 3172 2176 homilias
3197 2163 3210 2186 ,
3249 2130 3305 2175 et
3340 2122 3442 2174 alia
3473 2122 3679 2188 scripta

2108 2213 2486 2281 hujuscemodi
2509 2213 2816 2275 hominum,
2832 2229 2953 2282 quae
2976 2214 3028 2267 in
3052 2213 3303 2267 Latinum
3327 2214 3583 2268 translata
3609 2213 3676 2266 le-

2111 2316 2338 2375 guntur,
2362 2305 2510 2359 etab
2530 2305 2765 2359 eruditis
2782 2306 3158 2374 proferuntur.
3177 2304 3234 2359 Si
3258 2320 3385 2374 ergo
3404 2320 3503 2359 nec
3516 2320 3682 2373 supc-

2110 2397 2314 2450 riorum
2344 2396 2605 2460 historiae,
2631 2412 2734 2450 nec
2756 2397 2985 2451 istorum
3011 2395 3391 2450 commentarii
3417 2395 3683 2450 hactenus

2113 2488 2370 2541 Ecclesia:
2426 2487 2930 2551 incommodarum,
2972 2474 3106 2557 quin
3156 2487 3342 2557 potius
3391 2486 3556 2555 (quod
3597 2501 3684 2539 res

2110 2579 2327 2643 clamat)
2352 2578 2550 2633 mirum
2588 2577 2643 2631 in
2669 2579 2889 2632 modum
2927 2580 3393 2648 vehementerque
3435 2594 3680 2633 commo-

2113 2672 2334 2735 darunt,
2372 2686 2442 2724 nc
2473 2686 2501 2724 a
2533 2671 2917 2726 Cantacuzeuo
2949 2671 3172 2739 quidem
3204 2672 3377 2739 magis
3422 2656 3679 2724 damnum

2115 2758 2288 2813 ullum
2319 2758 2674 2813 metuendum
2701 2799 2716 2824 ,
2745 2774 2908 2827 quam
2941 2758 3155 2814 fructus
3181 2799 3197 2824 ,
3248 2760 3403 2828 isque
3435 2775 3544 2814 non
3570 2775 3685 2814 me-

2113 2849 2341 2911 diocris,
2372 2859 2429 2902 ut
2459 2864 2528 2903 ex
2555 2848 3012 2904 antecedentibus
3038 2850 3248 2918 patuit,
3276 2852 3707 2918 exspectandus.

2115 2952 2219 2997 est.
2254 2944 2458 3001 Rerum
2487 2951 2767 3011 gestarum
2793 2983 2808 3008 ,
2842 2958 2906 2997 ac
2933 2942 3300 3011 vetustiorum
3352 2951 3683 3015 temporum,

2115 3033 2324 3095 utilem,
2373 3031 2851 3101 necessariamqtte
2883 3033 3251 3103 cognitionem
3306 3036 3686 3101 persequimur

2116 3134 2173 3178 et
2221 3124 2552 3191 inquirimus
2597 3141 2610 3176 :
2674 3125 2720 3178 si
2765 3124 2894 3192 qttid
2953 3122 3232 3178 interdum
3285 3124 3337 3176 in
3385 3123 3453 3177 iis
3503 3123 3685 3176 minus

2117 3210 2558 3269 commendabile
2607 3216 2921 3284 aspergitur
2950 3255 2965 3280 ,
3016 3216 3069 3269 id
3126 3225 3237 3268 tota
3295 3224 3479 3269 mente
3528 3230 3685 3268 aver-

2117 3321 2301 3359 samur
2330 3315 2492 3374 atque
2518 3306 2825 3373 rejicimusr
2850 3322 2862 3357 :
2900 3313 2956 3358 et
2997 3305 3206 3358 calamo
3235 3302 3422 3369 etiam,
3447 3318 3571 3357 cum
3603 3313 3688 3356 est

2119 3399 2359 3461 occasio,
2394 3407 2648 3451 notamus
2681 3405 2846 3465 atque
2900 3395 3267 3449 confodimus.
3317 3395 3428 3448 Nec
3460 3410 3588 3447 vero
3618 3393 3687 3446 ab

2122 3491 2223 3543 hoc
2258 3498 2487 3543 auctore
2532 3496 2723 3541 nostro
2782 3486 3040 3541 Ecclesiae
3090 3487 3389 3549 Romana),
3437 3494 3531 3539 aut
3583 3484 3689 3537 lio-

2120 3595 2287 3633 mano
2337 3577 2581 3648 pontifici
2633 3577 2979 3632 contumelias
3033 3577 3325 3637 dicuntur,
3368 3591 3530 3643 quem
3576 3574 3685 3627 Pa-

2122 3680 2280 3733 trem,
2321 3670 2714 3722 sanctissimum
2761 3666 3078 3731 Dominum,
3124 3676 3215 3720 tua
3264 3667 3549 3730 sanctitas,
3596 3673 3687 3717 tua

2122 3760 2391 3814 beatitudo
2427 3769 2615 3822 vocat,
2649 3770 2705 3811 ct
2758 3767 2815 3811 ut
2862 3757 3004 3826 apud
3060 3772 3186 3810 eum
3238 3756 3498 3823 opinione
3548 3756 3688 3809 mala

2122 3868 2193 3906 nc
2224 3851 2334 3913 sit,
2382 3835 2629 3904 elaborat.
2664 3850 2909 3919 (propter
2948 3847 3207 3902 barbaros
3234 3886 3249 3911 ,
3296 3847 3502 3900 Turcas
3535 3846 3689 3899 vide-

2122 3945 2296 4007 licet,
2350 3943 2403 3996 in
2438 3942 2702 3996 auxilium
2756 3942 3094 4004 accersitos,
3129 3947 3504 4007 vastatamquc
3552 3939 3690 3991 Ιτριιυ

2123 4036 2271 4091 civili
2302 4036 2670 4104 provinciam)
2700 4048 2825 4087 cum
2855 4047 2922 4086 eo
2957 4046 3106 4085 arma
3134 4032 3400 4084 adversus
3446 4030 3694 4084 inlideies

2123 4144 2224 4197 pro
2253 4126 2423 4197 gloria
2474 4125 2658 4180 crucis
2708 4123 2914 4179 Christi
2965 4124 3301 4192 conjungere
3346 4122 3539 4189 cupit;
3575 4122 3692 4189 ejus

2125 4216 2494 4273 laudationem
2521 4216 2627 4270 sibi
2657 4214 2999 4283 amplissimo
3030 4212 3224 4265 honori
3257 4211 3411 4264 ducit
3438 4229 3451 4263 :
3484 4211 3691 4276 legatos

2125 4310 2298 4378 ipsius
2355 4309 2588 4377 benigne
2644 4306 2849 4375 excipit
2890 4322 2904 4358 :
2952 4319 3078 4359 cum
3145 4303 3339 4357 eodem
3388 4302 3693 4371 (Clemente

2128 4398 2387 4451 nimirum
2416 4396 2504 4459 Vl)
2570 4396 2635 4448 de
2666 4393 2876 4463 synodo
2924 4391 3199 4453 habenda,
3240 4389 3697 4458 rediutegranda-

454 4486 719 4538 Joannem
753 4494 807 4539 et
836 4484 1133 4555 Georgium
1165 4524 1178 4549 ,
1224 4485 1583 4554 Curopalatas
1608 4528 1622 4548 .
1673 4498 1727 4541 et
1756 4489 1894 4541 alios
1924 4528 1937 4546 .
1975 4490 2019 4542 si
2058 4487 2101 4538 D
2126 4505 2229 4558 que
2267 4488 2629 4542 Ecclesiarttm
2662 4484 2958 4539 concordia
2992 4483 3223 4538 sollicite
3245 4522 3259 4544 ,
3287 4497 3351 4536 ac
3379 4492 3694 4535 reverenter

455 4590 790 4643 quaeramus.
847 4576 982 4630 Nam
1038 4592 1134 4646 per
1164 4578 1255 4630 illa
1289 4587 1532 4646 tempora
1562 4586 1671 4630 tam
1724 4594 1829 4631 non
1863 4578 2021 4634 facile

457 4667 789 4739 monachum
821 4708 835 4731 ,
887 4677 982 4721 aut
1029 4667 1362 4736 scriptorem
1408 4684 1437 4721 a
1492 4669 1737 4724 Romana
1782 4672 2023 4726 Ecclesia

458 4772 561 4806 non
596 4759 993 4813 alienissimum
1024 4772 1142 4816 crat
1172 4764 1421 4817 invenire
1467 4764 1519 4818 in
1569 4758 1777 4820 Graecia
1805 4807 1819 4829 ,
1860 4784 2022 4836 quam

460 4847 622 4900 hodie
656 4850 875 4905 diﬂieile
919 4862 1003 4906 est
1035 4870 1343 4923 praeconem
1378 4857 1529 4911 verbi
1583 4858 1679 4912 Dci
1710 4900 1724 4920 .
1776 4871 1869 4915 aut
1900 4878 2027 4930 pro-

456 4937 721 4995 fcssorcm
753 4943 1083 4998 catholicum
1137 4948 1383 5010 invenire
1426 4950 1479 5002 in
1513 4950 1774 5005 Saxonia.
1830 4953 1897 5006 Et
1933 4957 2029 5022 qui

463 5033 681 5088 tandem
716 5036 831 5088 Iicri
873 5046 1057 5104 potest
1086 5078 1099 5101 ,
1155 5049 1213 5093 ut
1245 5042 1338 5109 qui
1390 5043 1729 5111 patriarchas
1760 5042 2033 5099 ConStan-

461 5127 861 5195 tinopolitanos
927 5130 1350 5196 schismaticos,
1408 5135 1687 5203 appellant
1751 5136 2035 5190 sanctissi-

464 5231 614 5278 mos,
674 5222 1049 5276 mcumenicos
1080 5262 1095 5284 ,
1149 5233 1206 5277 ct
1254 5225 1532 5293 principes
1587 5228 1883 5292 Ecclesia,
1929 5228 2031 5296 ipsi

460 5307 708 5376 ejusdem
764 5308 953 5364 farinae
1003 5326 1110 5364 non
1162 5311 1417 5366 fuerint?
1471 5314 1526 5368 Si
1558 5313 1680 5383 ego
1721 5315 2032 5383 quempiam

465 5400 1014 5466 superintetnlentem
1048 5406 1378 5461 sanctissimi
1430 5407 1696 5461 vocabulo
1738 5407 2031 5470 adicerem,

464 5489 634 5541 credo
662 5530 677 5554 ,
715 5491 923 5561 aliqui,
962 5493 1071 5546 into
1101 5495 1322 5563 plurimi
1351 5536 1365 5561 ,
1402 5512 1501 5551 nec
1528 5496 1733 5567 injuria
1763 5535 1778 5560 ,
1812 5512 1896 5549 me
1931 5495 2038 5549 Lu-

466 5576 758 5638 tberauum
786 5626 801 5654 ,
846 5595 939 5667 au!
967 5587 1351 5642 Catvinianum
1399 5604 1522 5645 esse
1562 5589 1905 5660 colligerent.
1942 5591 2051 5643 At-'

2127 4583 2255 4649 agit.
2286 4580 2402 4635 Non
2435 4618 2449 4643 ,
2493 4579 2714 4645 inquam
2742 4615 2756 4638 ,
2796 4575 2887 4628 hic
2916 4574 3116 4644 probra
3145 4616 3158 4639 ,
3196 4582 3252 4627 et
3297 4573 3583 4626 maledicta
3609 4574 3695 4642 ja-

2134 4675 2396 4725 ciuntur:
2434 4668 2526 4723 sed
2561 4665 2836 4721 dissensio
2865 4706 2879 4730 ,
2930 4679 2993 4719 ac
3037 4663 3322 4741 dissidium
3371 4663 3501 4717 illud
3539 4680 3567 4715 ει
3597 4678 3700 4716 no-

2129 4763 2213 4817 bis
2248 4761 2461 4814 Latinis
2488 4761 2602 4830 jam
2633 4758 2800 4826 lippis
2849 4768 2902 4809 et
2938 4756 3257 4809 tonsoribus
3284 4755 3451 4808 etiam
3483 4764 3697 4816 uotum,

2130 4853 2418 4922 aliquoties
2459 4866 2517 4905 sc
2565 4847 2792 4913 exscrit,
2820 4855 2985 4916 atque
3044 4862 3071 4898 a
3123 4846 3390 4915 majorum
3448 4845 3700 4911 exemplo

2132 4945 2504 5000 defensionem
2534 4982 2548 5005 ,
2583 4955 2899 5010 quanquam
2960 4937 3218 5007 injustam
3246 4976 3260 5000 ,
3302 4935 3456 5005 petit.
3488 4933 3621 4988 Nam
3657 4937 3700 4989 si

2132 5039 2366 5109 majores

2244 5168 2564 5238 Magnopere
2593 5179 2626 5217 a
2650 5178 2793 5226 vero,
2821 5160 3071 5231 longeque
3096 5174 3301 5213 errasse
3330 5158 3594 5221 uidentur,

2140 5315 2199 5357 ut
2241 5301 2314 5354 ait
2379 5295 2691 5359 Lucretius,
2736 5309 2850 5347 non
2906 5293 3028 5347 ideo
3083 5291 3393 5345 minoribus
3431 5290 3595 5358 pedes
3651 5289 3704 5341 in

2140 5397 2358 5449 illorum
2408 5388 2653 5458 vestigiis
2697 5385 2934 5456 ponendi
2986 5394 3162 5438 sunt:
3200 5383 3304 5438 nisi
3343 5382 3441 5451 ipsi
3489 5394 3709 5449 quoque

2140 5502 2263 5540 cum
2319 5483 2509 5536 iisdem
2573 5481 2627 5534 in
2682 5478 2824 5532 idem
2859 5491 2919 5531 se
2989 5475 3309 5531 barathrum
3370 5472 3711 5544 praecipitare

2140 5577 2419 5634 studeant.
