4106 6292
1723 356 2315 422 ΡΒΟῙΕΘΟΜΕΝᾹ.

3598 362 3672 426 30

432 550 2547 575 mm...—

1034 713 1185 800 DE
1258 712 1549 804 VITA
1622 713 2137 805 JOANNIS
2210 722 3034 820 CANTACUZENI

1563 910 1679 970 EX
1722 910 2080 972 EIUSDEM
2123 912 2534 977 HISTORIA.

913 1204 1094 1266 Genui
1117 1216 1168 1262 et
1196 1208 1432 1288 tonsilia.

465 1348 713 1415 Joannis,
741 1347 1032 1412 Manuclis,
1074 1359 1130 1404 et
1168 1350 1404 1405 aliorum
1441 1340 1978 1415 Cantacnzenorum,

395 1449 458 1495 ut
508 1442 750 1495 virorum
808 1440 1106 1495 illustrium
1155 1450 1212 1496 et
1282 1443 1672 1497 bellicosorum
1732 1444 1981 1497 meminit

393 1530 631 1586 Nicetas.
662 1532 811 1597 Quos
850 1530 941 1584 hic
987 1541 1176 1585 noster
1221 1530 1640 1586 Cautaeuzenus
1674 1533 1727 1586 in
1758 1533 1982 1601 majori-

395 1623 502 1676 bus
522 1623 639 1676 suis
662 1623 849 1676 habet.
879 1622 1055 1682 Idem.
1077 1621 1347 1677 Joannem
1389 1622 1659 1676 Manuelis
1685 1623 1979 1691 imperato-

392 1717 472 1769 ris
505 1724 722 1783 neptem
746 1754 761 1777 ,
802 1714 969 1768 alium
1005 1702 1272 1769 Joannem
1316 1712 1761 1768 Cantacuzmium
1811 1715 1979 1768 Isaaci

394 1809 590 1879 Angeli
623 1823 868 1863 sororem
906 1808 958 1860 in
990 1806 1343 1859 matrimonio
1375 1806 1659 1858 habuisse.
1695 1806 1869 1859 Natus
1898 1815 1982 1861 est

391 1900 664 1971 Byzantii.
719 1898 934 1952 Patrem
995 1913 1025 1950 a
1086 1896 1362 1950 natalibus
1413 1895 1661 1949 modeste
1720 1895 1980 1964 praedicat

388 1990 490 2044 lib.
519 2007 603 2054 ιιι,
637 2004 762 2044 cum
796 1989 952 2051 dicit,
979 1989 1051 2039 Οὐ
1079 1990 1184 2059 γὰρ
1205 1988 1310 2040 τῶν
1348 1986 1559 2039 πολλῶν
1585 1983 1685 2051 εἷς,
1715 1986 1827 2039 Non
1865 1993 1979 2038 erat

388 2100 524 2137 unus
575 2098 602 2135 e
662 2081 865 2142 multis,
919 2096 1011 2134 seu
1059 2079 1293 2150 vulgaris
1325 2095 1343 2132 :
1390 2090 1442 2132 et
1494 2078 1697 2132 alicubi
1746 2089 1974 2131 matrem

386 2192 542 2229 suam
614 2173 895 2244 Syrgianis
950 2173 1187 2241 appellat
1244 2172 1398 2224 θείαν
1460 2178 1831 2232 materteram,
1886 2186 1978 2222 seu

389 2270 632 2328 amitam.
665 2284 754 2320 seu
784 2267 993 2321 demum
1036 2273 1319 2335 cognatam
1342 2281 1491 2318 suam
1542 2262 1794 2329 (liberius
1830 2262 1976 2317 enim

387 2362 489 2414 hac
515 2374 648 2413 voce
676 2362 871 2420 utitur,
892 2368 953 2411 ut
983 2356 1351 2420 docebimus),
1376 2370 1539 2424 quam
1567 2354 1790 2424 quidem
1817 2353 1977 2408 femi-

385 2467 511 2505 nam
547 2467 613 2506 ex
670 2450 816 2504 libro
874 2450 1075 2517 primo,
1106 2447 1252 2501 hattd
1304 2448 1468 2517 longe
1507 2447 1575 2501 ab
1634 2447 1793 2501 initio
1834 2448 1976 2501 scire

380 2539 513 2594 licet
547 2539 615 2593 ad
654 2539 1024 2605 imperatores
1073 2552 1247 2613 gepus
1291 2538 1567 2592 retulisse.
1610 2538 1753 2592 Puer
1790 2537 1974 2593 adhuc
2006 2571 2048 2626 Β

384 2643 594 2702 patrem
626 2630 807 2684 amisit
836 2647 849 2683 :
875 2630 969 2697 qui
1008 2644 1152 2682 anno
1184 2629 1363 2682 aetatis
1402 2629 1582 2698 primo
1614 2644 1783 2699 supra
1815 2630 1968 2705 vice-

383 2725 603 2783 simum,
630 2719 969 2789 praefecturae
1002 2733 1114 2772 suae
1166 2718 1611 2787 Peloponesiacae
1651 2731 1871 2779 octavo,
1912 2720 1965 2773 in

380 2810 571 2865 eadem
604 2811 895 2879 peninsula
936 2809 1199 2863 decessit.
1233 2810 1405 2863 Mater
1431 2810 1579 2865 dicta
1607 2798 1968 2864 estTlteotln-

384 2918 465 2966 ra,
492 2903 649 2972 cujus
682 2902 995 2956 avunculus
1036 2917 1288 2971 magnus,
1315 2903 1368 2956 id
1397 2910 1499 2965 est,
1534 2904 1671 2956 avite
1706 2914 1968 2959 materna:

383 2995 573 3056 frater,
605 2994 837 3048 Michael
884 2994 1094 3061 primus
1127 2994 1469 3065 Palmologus
1499 2995 1822 3065 imperator.
1852 2997 1964 3051 lta-

378 3102 486 3154 que
539 3086 730 3140 eadem
784 3085 1065 3141 Michaelis
1093 3102 1274 3152 soror,
1318 3097 1373 3143 et
1424 3087 1791 3142 Cantacuzeni
1834 3105 1965 3158 pro-

379 3178 525 3231 avia.
581 3164 701 3232 Fuit
755 3177 1050 3232 Theodora
1106 3180 1307 3234 mulier
1352 3182 1659 3249 prudentia:
1717 3182 1963 3250 majoris,

380 3284 547 3338 quam
588 3284 688 3339 pro
742 3281 907 3339 captu
956 3286 1142 3331 sexus.
1191 3281 1247 3324 et
1279 3272 1594 3326 tractationi
1625 3289 1805 3326 rerum
1839 3289 1962 3342 gra-

379 3365 527 3416 vium
606 3373 771 3434 atque
834 3381 1157 3434 magnarum
1216 3366 1433 3428 idonea,
1487 3383 1647 3434 quam
1692 3364 1964 3435 Gregoras

376 3463 528 3507 recte
577 3452 663 3506 bis
716 3436 904 3507 verbis
942 3456 1260 3520 celebravit,
1292 3456 1448 3509 lib."
1484 3478 1495 3510 :
1536 3454 1707 3520 Quam
1733 3457 1965 3533 assistri-

376 3563 488 3599 rem
517 3547 1037 3615 conjugiimperazor
1066 3548 1372 3615 reliquerat,
1397 3550 1664 3600 senatoria
1694 3558 1960 3610 matrona,

376 3653 424 3691 et
465 3641 728 3710 gravitate
761 3656 965 3692 morum
1007 3642 1308 3708 conspicua.
1343 3650 1393 3693 et
1431 3641 1696 3710 singulari
1728 3643 1958 3709 pruden-

376 3720 451 3786 tia
502 3743 713 3789 ornata.
746 3750 808 3785 ac
846 3733 903 3785 in
951 3732 1101 3785 rebus
1127 3733 1293 3786 dubiis
1335 3736 1582 3802 prosenti
1628 3733 1847 3787 consilio
1879 3736 1964 3786 in-

373 3832 601 3876 structa.
645 3804 776 3889 Ejus
820 3824 1202 3890 indignissima
1240 3826 1461 3878 vexatio
1501 3835 1724 3894 propter
1762 3826 1957 3890 ﬁlium,

2011 1223 2059 1282 Α
2096 1216 2421 1299 Andronici?
2446 1222 2672 1292 majoris
2723 1233 2905 1279 natam
2952 1224 3147 1283 Irenen
3200 1245 3426 1288 uxorem
3464 1235 3665 1294 duxit:

2086 1325 2208 1376 qua:
2267 1310 2408 1364 ﬁlios
2459 1313 2511 1365 ei
2572 1314 2793 1381 peperit
2850 1315 3013 1383 duos,
3056 1318 3324 1377 Joannem
3370 1333 3426 1379 et
3472 1326 3667 1384 Demc-

2090 1402 2291 1465 trium;
2330 1404 2469 1456 tilias
2495 1412 2700 1466 ternas,
2734 1421 2970 1474 quarum
3014 1411 3396 1482 primogenitae
3427 1400 3666 1473 inditum

2086 1505 2287 1542 nomen
2338 1492 2666 1565 Tlteodorze.
2729 1494 3046 1551 Matthmum
3079 1511 3233 1569 pater
3274 1503 3664 1572 imperatorem

2085 1582 2438 1641 renuntiavit.
2457 1585 2715 1655 deditque
2735 1587 2785 1639 id
2814 1589 3069 1654 precibus
3089 1594 3396 1660 praisertim
3416 1596 3663 1650 excercio

2086 1679 2173 1726 tus
2205 1691 2408 1743 :qucm
2449 1686 2630 1732 tamen
2661 1679 2904 1735 Joannes
2947 1683 3286 1754 Palmologus
3315 1687 3490 1743 lucres
3525 1691 3662 1759 legi-

2088 1764 2253 1817 timus
2294 1765 2525 1835 imperio
2551 1758 2705 1823 abire
2757 1773 2956 1841 coegit.
2998 1774 3237 1829 Manucli
3263 1775 3431 1835 ﬁliam
3456 1758 3661 1851 ASyrgis

2085 1853 2209 1913 (fuit
2270 1855 2359 1909 lric
2390 1857 2720 1928 Cypriorum
2778 1879 2907 1932 rege
2952 1870 3304 1935 procreatus)
3343 1849 3658 1939 despondit.

2085 1947 2187 1997 Sed
2232 1946 2282 1999 id
2321 1951 2657 2006 connubinm
2705 1952 2903 2025 Syrgcs
2950 1966 3084 2012 ante
3130 1963 3354 2028 nuptias
3409 1963 3658 2018 rescidit.

2082 2037 2233 2102 Post,
2265 2039 2499 2094 Libertis
2524 2043 2897 2100 Triballorum
2948 2049 3302 2120 dynastarum
3335 2056 3660 2122 potentissi-

2083 2143 2226 2189 mus.
2265 2130 2431 2183 ﬁliam
2456 2147 2611 2186 suam
2650 2136 2830 2189 eidem
2859 2139 3090 2194 Mauucli
3123 2141 3454 2210 desponderi
3481 2144 3659 2215 cupit.

2080 2230 2135 2274 ct
2175 2220 2574 2290 despondetur,
2605 2235 2768 2280 utest
2821 2228 3070 2296 librout,
3109 2236 3346 2301 cap.48.
3382 2235 3659 2293 Hactenus

2080 2312 2149 2369 de
2179 2314 2444 2369 maribus.
2493 2317 2803 2374 Puellarum
2849 2323 3014 2375 trium
3053 2325 3277 2380 nomina
3309 2337 3436 2381 sunt
3466 2328 3656 2397 Maria,

2082 2402 2397 2473 Theodora.
2476 2408 2706 2465 lleleua.
2777 2413 3014 2468 Primam
3091 2416 3404 2486 Nicepltoro
3470 2420 3654 2483 Ducac,

2077 2499 2307 2557 Joannis
2339 2504 2586 2574 Despotae
2617 2508 2750 2572 ﬁlio,
2776 2508 3096 2565 Acarnania:
3130 2513 3391 2584 principi,
3411 2515 3657 2571 nondum

2073 2602 2364 2667 septennia
2413 2618 2635 2665 egresso
2705 2616 2899 2672 pactus
2948 2616 3057 2662 est.
3116 2609 3361 2665 Alteram
3411 2611 3653 2675 Orchani

2072 2689 2272 2752 Persze,
2302 2708 2398 2746 seu
2427 2693 2620 2749 Turcae
2655 2697 2858 2765 potius.
2920 2698 3188 2771 Bithyniae
3216 2702 3444 2757 domino
3482 2706 3655 2760 tradi-

2027 2835 2039 2841 _
2071 2778 2190 2833 dit:
2221 2783 2379 2851 cujus
2409 2784 2611 2853 opibus
2648 2802 2762 2841 rem
2794 2804 2947 2843 suam
2972 2806 3354 2859 saepenumero
3381 2803 3658 2850 sustenta-

2071 2871 2148 2922 vit
2218 2881 2386 2940 atque
2438 2876 2836 2933 constabilivit.
2868 2879 3207 2936 Postremam
3264 2897 3389 2938 cum
3440 2885 3654 2941 Joanne

2069 2955 2372 3029 Palmologo
2429 2961 2780 3033 imperatore,
2817 2984 3089 3024 annorum
3149 2972 3466 3042 quindecim
3523 2979 3656 3029 ado-

2069 3050 2312 3108 lescente
2343 3056 2647 3125 conjunxit,
2681 3075 2844 3128 quem
2868 3057 3055 3116 laudat
3092 3063 3196 3118 lib.
3232 3081 3303 3131 tv,
3337 3082 3460 3136 cap.
3499 3068 3550 3120 l.
3579 3067 3655 3122 Ex

2068 3159 2133 3198 eo
2161 3147 2512 3203 matrimonio
2560 3152 2927 3219 Andronicus,
2972 3156 3209 3221 Manuel,
3244 3157 3503 3224 Joannes,
3552 3161 3655 3215 De-

2072 3235 2304 3288 metrius
2351 3235 2472 3301 lilii,
2528 3248 2586 3291 et
2617 3238 2773 3293 lrene
2830 3241 2938 3294 lilia
2970 3243 3256 3312 prapagati
3297 3254 3445 3297 sunt.
3480 3245 3649 3300 Suam

2067 3327 2267 3393 cuique
2291 3329 2456 3380 trium
2484 3327 2718 3383 ﬁliarum
2753 3331 3102 3399 [peculiarem
3141 3333 3513 3389 laudationem
3543 3337 3647 3391 imo

2068 3420 2232 3486 periit
2261 3436 2276 3472 :
2310 3421 2614 3477 Theodorae
2640 3424 2735 3483 lib.
2768 3439 2850 3489 ιιι,
2875 3441 2997 3494 cap.
3025 3426 3134 3493 95;
3174 3427 3396 3482 Helenae
3450 3427 3647 3483 eodem

2066 3509 2233 3572 libro,
2298 3526 2421 3579 cap.
2473 3513 2580 3576 54;
2651 3513 2854 3579 Mariae,
2914 3531 3036 3585 quae
3109 3517 3362 3573 adversis
3424 3514 3649 3572 casibus

2065 3610 2292 3670 propter
2327 3620 2563 3673 nequam
2590 3610 2850 3660 maritum
2870 3609 3094 3678 jamata.
3124 3609 3346 3664 tandem
3376 3616 3443 3662 eo
3463 3609 3647 3663 occiso

2064 3709 2188 3747 cum
2215 3704 2385 3749 tnatre
2412 3700 2736 3778 monacham
2759 3699 2999 3769 Byzantii
3027 3701 3156 3771 egit,
3182 3701 3279 3755 lib.
3301 3716 3379 3765 ιιι,
3404 3715 3526 3769 cap.
3552 3700 3644 3754 45.

2572 3842 2611 3871 ι
2721 3814 2977 3870 Honores.

374 3925 431 3968 et
469 3930 618 3967 mors
650 3915 1022 3985 lacrymahilis
1056 3917 1151 3969 lib.
1180 3932 1261 3980 ιιι,
1293 3933 1415 3986 cap.
1437 3918 1531 3981 ‘22,
1558 3918 1647 3982 9.6,
1680 3919 1768 3979 56,
1789 3934 1953 3987 eitpo-
1981 3917 2026 3979 C
2128 3918 2409 3990 Principio
2442 3922 2740 3979 Andronici
2792 3926 2875 3978 avi
2929 3926 3170 3980 cubiculi
3209 3927 3350 3980 Sacri
3380 3929 3643 3995 praeposi-
3711 3994 3714 3996 γ

372 4007 547 4058 nitur.
581 4005 883 4076 Nircpbori
920 4007 1310 4071 Cantacuzcni,
1335 4020 1390 4061 et
1420 4008 1683 4062 Manuelis
1706 3996 1979 4063 Tmolia--

373 4098 565 4159 pictai.
600 4098 748 4151 illius
802 4098 1093 4167 patruelis,
1149 4100 1312 4170 hujus
1370 4101 1710 4163 consobrini,
1741 4109 1836 4153 aut
1883 4118 1949 4154 ex

371 4203 567 4243 sorore
616 4191 835 4258 nepotis
882 4190 979 4245 lib.
1032 4207 1090 4250 ιι.
1140 4207 1259 4257 cap.
1287 4192 1339 4254 8,
1376 4192 1648 4246 meminit.
1681 4192 1947 4269 Joannem

369 4281 640 4351 Angelum
669 4282 980 4350 ὲξάδελφον,
1006 4293 1063 4337 et
1086 4284 1306 4348 ἀνεψιὸν
1319 4276 1589 4337 ἐὶιιιῑιὶιρι-
1611 4286 1951 4355 appellath

369 4390 439 4427 ex
486 4374 679 4428 eadem
736 4376 920 4429 radice
952 4376 1223 4446 prodiisse
1280 4377 1493 4432 scribit.
1530 4376 1734 4432 Mentio
1763 4388 1948 4433 autem

368 4455 583 4519 sororis
611 4476 695 4520 est
723 4467 824 4519 lib.
853 4483 933 4531 ιιι,
959 4484 1079 4537 cap.
1110 4468 1202 4523 26.

855 4601 1016 4663 Uxor,
1057 4602 1227 4668 liberi,
1254 4608 1486 4674 nepotes.

444 4733 743 4805 Conjugem
776 4734 971 4788 habuit
1020 4735 1240 4799 lreaen,
1268 4735 1568 4792 Andronici
1622 4738 1813 4795 Asanis
1845 4741 1946 4800 tiri

366 4827 755 4890 illustrissimi.
785 4828 964 4897 magni
995 4828 1175 4886 ducis.
1203 4836 1257 4881 ct
1315 4845 1437 4883 cum
1496 4830 1812 4886 Andronico
1862 4849 1949 4887 se-

366 4919 526 4970 niore
614 4918 941 4980 cognatione
1002 4918 1287 4987 conjuncti
1346 4918 1537 4973 ﬁliam.
1600 4921 1731 4974 Fuit
1794 4925 1943 4977 enim

360 5012 579 5064 Asanes
619 5025 647 5064 e
682 5027 876 5067 sorore
923 5011 1226 5065 Andronici
1274 5023 1454 5066 natus.
1488 5014 1567 5067 Ex
1615 5032 1676 5067 ea
1720 5020 1945 5071 sustulit

360 5102 572 5154 liberos
604 5117 739 5165 'sex,
801 5121 979 5158 mares
1036 5116 1170 5170 tres,
1228 5106 1467 5160 feminas
1522 5109 1774 5163 totidem.
1829 5111 1942 5165 illis

2058 4018 2148 4064 tus
2176 4010 2300 4075 fuit,
2364 4012 2565 4067 deinde
2607 4016 2913 4069 Andronici
2953 4018 3172 4085 nepotis
3218 4019 3399 4086 (Cujus
3423 4019 3641 4073 videtur

2056 4103 2296 4171 cmevus)
2333 4120 2563 4173 magnus
2596 4107 2959 4162 domesticus.
2992 4108 3285 4161 Thraciam
3320 4109 3637 4177 praefectus,

2055 4206 2150 4245 seu
2188 4204 2394 4261 praetor
2420 4196 2768 4264 gubernarit.
2823 4196 2947 4251 Fuit
2978 4202 3104 4251 item
3134 4198 3389 4269 princeps
3423 4198 3635 4254 militio:

2054 4286 2445 4356 imperatorias,
2492 4290 2609 4344 sive
2650 4290 2934 4360 copiarum
2987 4292 3096 4344 dux
3132 4307 3404 4348 summus.
3435 4291 3635 4347 Aucto-

2059 4380 2191 4433 ritas
2246 4380 2389 4448 ejus.
2449 4390 2690 4449 potestas
2740 4390 2797 4435 ct
2867 4383 3202 4436 existimatio
3259 4383 3628 4447 incredibilis,

2055 4470 2149 4530 ita,
2198 4479 2258 4522 ut
2286 4482 2355 4522 eo
2397 4472 2732 4536 inconsulto,
2757 4480 2852 4523 aut
2879 4472 3181 4542 refragante
3219 4472 3358 4526 nihil
3413 4488 3633 4543 gerere-

2055 4572 2165 4624 tur,
2211 4562 2438 4630 ipseque
2476 4562 2885 4618 administrarct
2925 4567 3132 4625 omnia.
3187 4574 3242 4617 et
3279 4576 3451 4629 esset,
3517 4580 3629 4620 non

2052 4650 2274 4720 quidem
2323 4653 2591 4707 vocabulo
2624 4662 2771 4720 (nam
2826 4655 2877 4708 id
2917 4673 3022 4710 una
3071 4673 3195 4711 cum
3248 4658 3465 4721 habitu,
3502 4659 3634 4714 licet

2051 4758 2159 4794 non
2192 4744 2361 4796 semel
2392 4745 2460 4797 ab
2507 4745 2824 4800 Andronico
2875 4748 3156 4814 invitatus,
3181 4762 3237 4803 et
3271 4751 3432 4803 enixe
3473 4766 3632 4821 roga-

2053 4844 2161 4894 tus,
2196 4845 2517 4891 constanter
2579 4838 2760 4907 fugit),
2790 4841 2883 4895 sed
2935 4858 3100 4911 opere
3149 4845 3268 4911 ipso
3311 4843 3628 4914 imperatur.

2052 4925 2191 4994 Lege
2216 4945 2334 4997 cap.
2361 4930 2413 4990 9,
2436 4930 2511 4982 lib
2550 4946 2606 4982 tt.
2626 4931 2744 4996 Quo
2774 4933 3056 4998 defuncto,
3079 4951 3369 5004 pret-crum
3394 4954 3457 4991 ac
3487 4939 3631 4991 milio

2050 5028 2162 5073 tttm
2200 5024 2342 5075 votis
2370 5024 2729 5093 lii-lymotacbi
2775 5026 3099 5089 obsecutus,
3135 5028 3378 5097 itemque
3402 5031 3525 5083 aliis
3558 5033 3626 5083 de

2045 5115 2227 5167 causis
2291 5121 2447 5183 (quas
2506 5118 2735 5183 profert,
2782 5118 2913 5169 dum
2965 5119 3235 5174 ειιΐεοιιιιῖιι
3313 5124 3623 5190 tyrannidis

361 5196 587 5246 nomina
628 5196 874 5258 fuerunt,
917 5197 1226 5257 Matthmns,
1270 5198 1508 5258 Mattucl,
1570 5200 1935 5257 Andronicus.
1975 5249 2020 5306 υ
2048 5208 2422 5276 suspicionem
2452 5225 2479 5261 a
2506 5226 2561 5263 sc
2595 5211 2821 5277 depellit
2855 5230 2869 5265 :
2898 5211 3121 5280 depellit
3168 5222 3350 5283 autem
3384 5217 3623 5284 saaﬁssi-

360 5287 542 5354 Atque
600 5287 687 5341 hic
748 5298 1059 5353 postremus
1105 5290 1188 5342 vix
1247 5290 1634 5344 duodecimum
1667 5296 1941 5363 attingens

355 5393 592 5440 annum,
634 5394 760 5432 cum
820 5381 939 5433 avia
1000 5391 1225 5449 paterna
1285 5382 1337 5435 in
1390 5383 1695 5437 Custodiam
1752 5387 1933 5451 datus,

357 5471 708 5534 pt):~ltll0.llim
765 5471 1023 5539 pestifera
1096 5474 1184 5527 lue
1251 5490 1346 5543 per
1403 5476 1456 5527 id
1518 5486 1729 5545 tempus
1784 5497 1936 5549 gras-

353 5575 513 5614 sante
568 5563 778 5617 interiit
831 5566 1220 5634 :reiiquorum
1276 5582 1444 5636 Opera
1484 5569 1632 5622 domi
1688 5572 1930 5643 bellique

280 5671 288 5676 ’
342 5652 589 5715 multum
620 5670 754 5709 usus
780 5668 857 5708 est
890 5667 1061 5723 pater.
1108 5657 1348 5727 Uterque
1400 5672 1631 5714 ornatur
1677 5663 1930 5721 laudibus

351 5742 700 5817 lib.ttt,cap.
749 5748 833 5799 913.
884 5748 1166 5802 Mattiariis
1222 5749 1479 5805 Demetrii
1530 5754 1784 5823 despuas,
1828 5759 1924 5813 {itii

2048 5316 2134 5353 me
2182 5317 2244 5355 ac
2283 5302 2669 5365 disertissime,
2706 5312 2761 5356 ct
2795 5314 2902 5357 tam
2948 5306 3337 5367 verisimilitcr,
3364 5301 3443 5358 ἰιι
3480 5308 3619 5363 nihil

2044 5393 2350 5450 des‘deresi
2407 5410 2703 5462 purpuram
2748 5403 2804 5448 et
2852 5396 3046 5450 tiaram
3097 5398 3296 5451 induit.
3345 5400 3617 5454 Adriano-

2041 5485 2150 5553 poli
2197 5504 2225 5537 ει
2259 5485 2464 5538 Lazaro
2523 5487 3047 5561 llicrosolymorum,
3102 5505 3321 5542 rursum
3362 5490 3608 5562 Byzantii

2036 5576 2106 5629 ab
2155 5576 2365 5630 Isidem
2420 5578 2753 5646 patriarchis
2807 5595 3068 5634 coronam
3117 5581 3459 5650 impcrialcm
3515 5602 3609 5640 so-

2029 5668 2197 5722 lemni
2235 5669 2341 5722 ritu
2376 5671 2607 5740 accepit.
2645 5671 2818 5737 Quam
2850 5673 3006 5727 beate
3032 5672 3258 5738 vixerit,
3285 5674 3339 5728 in
3384 5691 3456 5746 qu
3481 5681 3608 5733 antis

2030 5763 2292 5827 ιξιιίῑιςιξιιιι
2345 5763 2488 5817 ιιιειιξί
2534 5763 2750 5830 opibus,
2782 5765 2831 5819 in
2866 5778 3067 5830 quanta
3102 5768 3388 5823 hominum
3430 5770 3603 5824 admi-
