4106 6292
433 368 507 441 31
1382 381 1384 384 ’
1562 382 1694 444 JOA
1706 380 1911 445 NNES
1949 379 2592 444 CANTACUZENUS.‘
3624 384 3698 450 32

440 487 656 545 ratione
696 495 753 544 et
804 486 1000 560 gloria,
1041 489 1159 562 ipse
1200 491 1525 549 clarissimis
1561 496 1769 560 verbis,
1805 495 1904 550 lib.
1931 511 2011 562 ιιι,
2046 500 2089 556 Α
2120 502 2212 548 tur
2240 512 2254 549 :
2284 494 2448 565 digna
2478 493 2750 565 profecto,
2800 498 2889 552 cui
2919 496 3008 555 'vel
3035 499 3212 571 majus
3254 500 3695 558 committeretur

440 593 562 650 cap.
590 580 660 637 55
680 588 736 637 et
759 578 828 636 '18
860 582 1105 637 edocuit.

828 670 1038 731 Studia,
1060 673 1314 728 doctrina:
1353 682 1404 728 et
1434 691 1625 729 mores.

511 759 572 814 ln
604 761 828 816 militari
854 763 1178 834 disciplina,
1206 767 1358 822 socio
1406 767 1729 837 Syrgianne,
1753 765 2014 835 magistro

444 849 656 919 Angelo
691 866 850 906 usum
877 869 936 907 se
960 866 1148 909 narrat
1179 874 1192 910 :
1218 856 1271 910 in
1303 873 1410 925 qua
1458 858 1658 912 deinde
1689 874 1785 927 per
1807 857 2016 911 exerci-

442 940 706 995 tationem
757 942 1161 1013 lectionemque
1187 947 1346 1016 longe
1386 948 1681 1002 admodum
1723 949 2011 1017 processit,

445 1030 678 1100 talisque
707 1048 933 1100 prorsus
972 1034 1154 1088 extitit
1195 1037 1510 1104 imperator,
1545 1038 1759 1106 qualem
1782 1037 1851 1091 Μ.
1886 1036 2016 1090 Tul-

445 1122 555 1177 lius
586 1125 639 1177 in
688 1124 1018 1193 Pompeiana
1066 1127 1314 1196 depinxit
1344 1128 1651 1197 :siquidem
1686 1130 1736 1181 in
1773 1144 1841 1183 eo
1875 1142 2014 1197 quo-

446 1228 555 1283 que
592 1215 681 1268 illa
708 1228 966 1285 quatuor,
1000 1233 1120 1286 quae
1152 1219 1208 1270 in
1238 1234 1452 1271 summo
1476 1219 1810 1289 imperatore
1834 1219 2015 1273 inesse

342 1310 349 1315 '
443 1305 669 1371 debent,
699 1306 1043 1384 enituerunt,
1078 1308 1334 1371 scientia,
1401 1312 1600 1372 virtus,
1640 1309 1893 1373 felicitas,
1919 1325 2016 1364 au-

359 1449 377 1486 ;
443 1397 691 1451 ctoritas.
750 1397 897 1452 Talis
947 1399 1101 1464 item,
1147 1400 1365 1467 qualem
1418 1400 1471 1453 in
1532 1400 1840 1471 Strategico
1894 1416 2016 1471 gra-

378 1492 387 1498 ‘
441 1487 706 1542 vissimus
743 1500 1051 1558 praeceptor
1087 1490 1339 1544 militaris
1392 1491 1719 1547 Onosander.
1753 1492 2019 1547 describit

443 1594 564 1648 cap.
603 1580 657 1645 1,
686 1587 892 1640 castus.
924 1590 1262 1651 temperans,
1299 1585 1535 1649 sobrius,
1570 1584 1736 1653 frugi,
1775 1584 2017 1639 laborio-

443 1683 560 1737 sus,
603 1669 939 1740 intelligens,
984 1672 1211 1728 minime
1262 1689 1480 1736 avarus,
1527 1688 1629 1729 nec
1664 1674 1878 1745 junior,
1916 1689 2016 1730 nec

444 1760 653 1824 senior,
715 1762 953 1816 filiorum
1012 1772 1191 1832 pater,
1253 1764 1473 1837 dicendi
1524 1764 1778 1830 ,peritus,
1844 1764 2017 1833 gloria

2119 587 2432 655 imperium.
2480 587 2868 653 Fortitudinis,
2925 591 3416 659 magnanimitatis,
3466 607 3532 648 ac
3594 608 3695 662 pa-

2118 677 2322 731 tientize
2350 687 2455 742 est,
2482 678 2629 747 quod
2659 694 2932 749 nusquam
2960 679 3132 735 ferme
3154 681 3312 736 abest
3330 682 3400 736 ab
3422 682 3694 746 exercitu,

2116 782 2395 836 manuque
2464 783 2563 823 sua
2623 769 2679 823 in
2730 772 2945 826 hostem
3016 782 3223 841 pugnat
3267 772 3551 826 viriliter:
3592 789 3698 829 nec

2115 859 2491 925 voluptatibus
2555 859 2825 929 indulget,
2880 870 2934 915 et
2992 862 3239 916 adversis
3308 864 3551 919 casibus-
3586 878 3696 917 non

2116 945 2393 1013 frangitur
2423 961 2438 998 :
2475 945 2694 1016 injuriis
2725 949 3100 1015 (potissimum
3135 951 3205 1003 ab
3236 951 3586 1019 Apocaucho,
3606 952 3693 1004 cui
3722 1010 3733 1017 ρ

2117 1045 2409 1104 tantopere
2470 1037 2843 1102 benefecerat,
2870 1038 3059 1107 illatis)
3096 1055 3204 1095 non
3257 1041 3611 1097 succumbit:
3641 1049 3699 1094 et

2116 1122 2379 1180 invidiam
2436 1142 2592 1194 aequa
2653 1139 2841 1182 mente
2890 1129 3143 1183 sustinet.
3201 1130 3258 1184 In
3317 1130 3456 1185 bene
3510 1131 3579 1184 de
3637 1145 3697 1183 se

2114 1224 2394 1270 merentes
2417 1231 2560 1270 unus
2597 1218 2846 1271 omnium
2888 1218 3235 1288 gratissimus
3265 1236 3277 1270 :
3308 1234 3473 1289 quam
3516 1220 3696 1273 virtu-

2116 1318 2226 1361 tem
2259 1307 2313 1361 in
2350 1307 2470 1361 aliis
2497 1308 2662 1361 etiam
2692 1318 2858 1374 amat,
2883 1319 2939 1364 et
2969 1310 3097 1365 ideo
3120 1312 3269 1366 nulla
3305 1312 3695 1380 propemodum

2115 1400 2312 1468 pagina
2343 1397 2649 1466 gratiarum
2680 1399 2995 1454 actionibus
3026 1410 3200 1455 vacat.
3244 1402 3327 1453 Ad
3360 1401 3700 1455 moderatio-

2117 1501 2242 1540 nem
2328 1488 2833 1557 continentiamque
2930 1490 3207 1557 pertinet,
3275 1489 3422 1558 quod
3482 1489 3699 1558 imperii

2117 1575 2565 1631 communionem
2611 1575 2719 1632 sibi
2759 1578 2827 1631 ab
2866 1577 3186 1632 Andronico
3239 1580 3404 1633 etiam
3444 1589 3699 1649 quartum

2118 1666 2379 1731 delatam,
2405 1676 2646 1722 recusat.
2686 1667 2749 1722 ln
2775 1668 3018 1723 amicitia
3053 1668 3285 1723 colenda
3316 1670 3703 1725 constantissi-

2120 1770 2263 1817 mus,
2296 1742 2675 1809 Andronicum
2710 1756 2982 1810 minorem
3007 1757 3303 1826 prazcipue,
3329 1765 3384 1812 et
3410 1757 3701 1812 Amurium

443 1851 698 1907 illustris.
753 1851 982 1917 Qualem
1031 1862 1298 1922 praeterea
1347 1853 1416 1907 de
1450 1854 1669 1908 bellico
1726 1863 2010 1922 apparatu,
2046 1848 2088 1903 Β
2117 1847 2338 1903 Persam
2388 1846 2554 1901 Ioniae
2604 1846 2913 1917 Satrapam,
2964 1848 3081 1903 sive
3125 1848 3432 1917 principem
3486 1849 3699 1913 dilexit,

444 1954 567 2010 cap.
592 1938 647 2006 2,
680 1938 791 1993 Leo
823 1941 1144 2011 imperator.
1179 1941 1445 2011 Linguam
1486 1941 1734 1995 Latinam
1760 1941 2015 1996 calluisse

442 2030 574 2086 inde
635 2030 1008 2100 conjecturam
1061 2032 1239 2102 capio.
1264 2032 1481 2086 Etenim
1522 2046 1610 2085 res
1642 2032 2016 2086 Romanorum

443 2123 839 2191 imperatorum
880 2121 964 2186 (ut
996 2137 1100 2177 nos
1124 2121 1401 2176 Romanos
1438 2121 1802 2191 imperatores
1833 2121 2018 2191 appel-

444 2211 647 2276 lamus,
694 2210 799 2265 hoc
820 2221 904 2267 est
934 2227 1126 2266 eorum
1158 2214 1254 2282 qui
1288 2212 1343 2266 in
1367 2213 1521 2267 Italia
1559 2222 1616 2267 et
1650 2213 1837 2267 Romae
1864 2212 2017 2266 vixe-

442 2303 595 2369 runt)
611 2303 914 2370 .aliquOties
947 2302 1000 2355 in
1032 2302 1274 2357 medium
1317 2302 1562 2365 adducit,
1593 2319 1730 2371 quas
1769 2302 2001 2356 forsitan

443 2392 588 2462 apud
624 2392 874 2447 historia:
918 2393 1175 2460 Angusta!
1210 2378 1508 2462 scriptores
1540 2389 1689 2463 legit.
1731 2394 1794 2447 Et
1844 2394 2020 2462 Arego

443 2482 713 2540 monacho
740 2482 994 2539 Sabaudo
1033 2484 1279 2554 quaedam
1319 2483 1507 2540 Graece
1558 2486 1763 2555 scripta
1795 2500 1901 2539 non
1934 2486 2019 2539 in-

441 2576 732 2645 telligenti,
786 2577 1181 2645 interpretatur
1219 2577 1317 2630 lib.
1380 2593 1459 2642 ηις
1493 2593 1612 2645 cap.
1660 2580 1748 2633 84.
1800 2578 1856 2632 Si
1897 2580 2022 2649 quis

441 2667 734 2721 auditione
782 2677 993 2721 tantum
1037 2669 1414 2723 Romanorum
1471 2670 1609 2723 facta
1638 2671 1939 2737 accepisse,
1967 2678 2023 2723 et

441 2757 631 2813 Graeca
703 2758 797 2814 illa
846 2758 1028 2815 Italice
1091 2761 1362 2814 monacho
1417 2762 1842 2830 interpretatum
1902 2777 2024 2817 esse

443 2851 671 2906 credere
702 2851 879 2914 malit,
913 2867 1038 2906 cum
1079 2866 1147 2906 eo
1180 2867 1290 2906 non
1333 2854 1662 2908 contendam
1692 2864 1785 2909 :et
1823 2854 1894 2908 ita
1925 2869 2025 2907 no-

443 2946 592 2999 mine
645 2945 853 3000 Latina:
906 2946 1128 3016 linguze,
1157 2948 1315 3013 cuius
1361 2961 1420 2999 se
1465 2946 1731 2999 scientem
1786 2944 2022 3014 quodam

442 3037 567 3098 loco
598 3034 858 3099 afﬁrmat,
880 3052 1098 3105 quaque
1124 3036 1498 3106 praesidiarios
1530 3038 1692 3091 Italos
1724 3036 2027 3106 alloquitur

360 3177 363 3180 .
440 3127 919 3196 Constantinopoli
950 3128 1047 3181 lib.
1083 3144 1158 3192 tv,
1198 3144 1323 3196 cap.
1363 3128 1453 3191 54,
1489 3128 1674 3181 Italica
1713 3127 2021 3197 intelligen-

440 3219 513 3271 da
560 3218 669 3271 erit
694 3234 709 3271 :
742 3218 887 3272 sicut
918 3232 1017 3287 per
1043 3217 1269 3272 Latinos
1297 3219 1438 3283 Itali,
1465 3228 1519 3271 et
1544 3217 1664 3281 alii,
1693 3233 1802 3271 non
1829 3217 2025 3272 Graaci.

443 3308 665 3370 Persice
694 3324 932 3378 quoque,
957 3307 1072 3363 sive
1122 3308 1353 3363 Turcice
1382 3323 1543 3363 nosse
1570 3324 1629 3363 se
1676 3309 1776 3362 lib.
1814 3325 1885 3370 Iv,
1910 3323 2029 3376 cap.

447 3403 537 3463 10,
567 3399 818 3454 aillrmat.
851 3401 1039 3454 Artem
1079 3399 1340 3453 didicisse
1370 3402 1691 3461 oratoriam,
1721 3398 2033 3467 eloquentia

446 3488 631 3556 ipsius
647 3488 795 3541 omni
833 3488 1225 3555 praedicatione
1255 3488 1416 3557 digna
1446 3498 1502 3543 et
1531 3490 1583 3542 in
1622 3499 1727 3543 tam
1754 3489 2034 3557 praeclaris

445 3578 812 3643 orationibus,
840 3586 1060 3647 totaque
1086 3579 1385 3646 scriptione
1410 3595 1469 3634 se
1492 3594 1777 3641 exserens,
1806 3579 2052 3632 dellI0ll-'

443 3678 606 3727 Strat.
637 3669 777 3723 Sane
802 3669 948 3738 quod
994 3668 1063 3723 Μ.
1095 3669 1308 3724 Tullius
1338 3670 1407 3724 de
1433 3670 1714 3740 Pompeio,
1761 3669 1904 3723 idem
1930 3686 2032 3738 ego

447 3762 732 3816 verissime
750 3761 815 3815 de
836 3761 938 3815 hoc
958 3762 1099 3816 viro.
1122 3763 1310 3829 paucis
1328 3762 1634 3815 immutatis
1652 3776 2026 3830 usui-pavere:

447 3849 717 3917 Quantum
743 3853 978 3914 consilio,
1001 3867 1257 3922 quantum
1286 3853 1503 3925 diccmﬁ
1517 3854 1776 3922 grauitate
1815 3863 1863 3906 et
1881 3855 2029 3921 copia

447 3944 646 4007 valeat,
676 3946 728 3998 in
762 3961 863 4013 quo
898 3946 1008 4012 ipso
1037 3947 1167 3997 inest
1206 3943 1456 4014 quedam
1485 3944 1720 4014 dignitas
1744 3946 2028 4014 imperato-

449 4038 554 4099 ria,
577 4053 665 4090 vos
693 4052 755 4089 ex
786 4038 922 4090 hisce
945 4036 1090 4089 libris
1110 4054 1247 4105 smpe
1272 4037 1610 4105 cognoscetis.
1641 4034 1849 4105 Oppida
1873 4051 2026 4090 com-

448 4129 631 4198 plura,
676 4144 800 4197 quae
858 4130 1026 4183 armis
1079 4128 1431 4193 resistebant,
1478 4127 1592 4182 oris
1627 4128 1711 4182 sui
1775 4128 2027 4182 facundia

447 4219 708 4290 subegit:
747 4229 806 4274 ut
850 4220 994 4288 quod
1023 4220 1237 4289 Cyneas
1292 4221 1505 4289 legatus
1539 4221 1749 4288 Pyrrho
1775 4220 2028 4289 Epirota-
2065 4283 2075 4297 .

448 4324 575 4363 rum
631 4308 769 4378 regi,
822 4307 928 4361 hoc
983 4307 1124 4361 idem
1180 4323 1315 4374 pene
1359 4309 1671 4360 Andronico
1709 4308 2026 4376 imperatori

447 4399 869 4454 Cantacuzenus
913 4396 1103 4452 fuerit.
1158 4398 1222 4451 Et
1261 4414 1385 4451 cum
1439 4398 1677 4451 oratoris
1722 4398 1794 4451 sit
1854 4399 2028 4452 histo-

448 4493 589 4545 riam
626 4489 887 4552 scribere,
920 4488 965 4542 si
1012 4505 1117 4556 qua
1164 4489 1291 4550 alia,
1345 4489 1464 4563 hare
1496 4489 1615 4542 sine
1650 4490 2022 4544 controversia
2057 4520 2099 4575 Β

452 4586 716 4643 oratorie,
741 4585 844 4636 hoc
866 4592 953 4636 est
996 4582 1316 4651 prudenter,
1352 4581 1636 4649 disposite,
1677 4580 1899 4643 diserte,
1925 4598 2025 4637 nec

453 4674 745 4726 invenuste
796 4672 1004 4739 scripta
1053 4681 1155 4723 est.
1216 4671 1409 4723 Poetas
1457 4671 1751 4738 diligenter
1803 4671 2024 4741 legisse,

455 4764 751 4816 llnmerum
779 4762 1072 4830 praecipue.
1115 4769 1170 4813 et
1211 4760 1548 4829 Euripidem,
1582 4761 1834 4815 crebrius
1861 4778 1925 4815 ex
1962 4762 2028 4818 iis

455 4853 654 4923 prolati
687 4865 883 4904 versus
920 4851 1137 4906 docent.
1173 4852 1463 4905 Sacrarum
1509 4850 1809 4903 litterarum
1846 4852 2028 4904 scien-

458 4951 530 5001 tia
571 4962 679 4999 non
716 4961 906 5015 parum
940 4948 1235 5010 nnbutum,
1262 4956 1342 5000 tot
1382 4947 1489 5000 lori
1534 4948 1781 5016 apposite
1819 4948 2027 5003 inducti

450 5048 780 5110 argumento
811 5048 961 5095 sunt.
999 5033 1197 5094 Sed'id
1248 5055 1314 5091 ex
1345 5039 1500 5092 libris
1528 5039 1650 5092 aliis
1681 5040 1796 5092 sole
1827 5041 2031 5095 clarius

448 5139 557 5193 est,
586 5146 726 5198 quos
775 5146 969 5199 nempe
1013 5139 1204 5185 contra
1243 5130 1658 5184 Mahometanos
1723 5142 1777 5184 et
1811 5131 2031 5185 Iudaeos

449 5224 646 5280 edidit.
677 5222 874 5279 Fertur
918 5226 1146 5293 insuper
1202 5224 1254 5277 in
1291 5229 1534 5293 quinque
1577 5223 1789 5291 priores
1820 5225 2033 5278 [Ct/tiro-

453 5332 573 5370 rum
598 5314 912 5370 Aristotelis
959 5315 1322 5382 Paraphrasin
1369 5314 1782 5383 conscripsisse.
1815 5316 1936 5371 llmc
1965 5318 2034 5371 de

453 5408 654 5463 studiis
708 5416 764 5460 et
787 5407 985 5460 litteris
1013 5409 1151 5477 ejus.

524 5499 682 5569 Quod
729 5497 797 5550 ad
872 5512 1054 5553 mores
1099 5511 1154 5553 et
1214 5501 1449 5555 virtutes
1497 5502 1709 5565 attinet,
1748 5500 2033 5554 veritatem

454 5591 683 5650 amavit,
725 5597 786 5642 ut
832 5589 925 5658 qui
954 5589 1208 5653 maxime,
1265 5590 1430 5661 idque
1487 5594 1647 5646 toties
1688 5602 1927 5646 testatur
1973 5607 2037 5646 ac

464 5678 776 5746 profitetur.
810 5680 941 5750 Ejus
982 5674 1289 5751 prudentia
1337 5698 1368 5737 c
1413 5683 1597 5746 dictis,
1632 5682 1978 5752 maximeque
2006 5698 2037 5736 e

460 5768 710 5824 eoiniliis
739 5769 957 5832 egregia
997 5786 1211 5834 semper
1288 5784 1342 5826 et
1391 5774 1742 5829 n-cmoranda
1776 5772 2040 5828 ocrsuici-

2116 1937 2335 2007 fuitque
2388 1936 2633 1991 vicissim
2693 1937 2965 1992 ambobus
2994 1953 3163 2008 supra
3188 1954 3353 2011 quam
3385 1938 3495 1993 dici
3522 1948 3699 2007 potest

2116 2029 2319 2084 charos
2341 2036 2396 2083 et
2420 2029 2727 2099 jucundus.
2758 2029 2963 2084 Dilcxit
2987 2044 3113 2084 eum
3139 2029 3306 2085 etiam
3339 2031 3699 2086 vehementer

2117 2137 2149 2177 e
2210 2121 2539 2190 proceribus
2578 2121 2948 2176 Triballorum
2991 2121 3444 2191 opulentissimus
3480 2123 3703 2192 quidam
3747 2136 3761 2148 '

2118 2214 2373 2280 Liberus,
2405 2222 2467 2268 ut
2508 2210 2594 2268 e‘st
2639 2213 2737 2268 lib.
2775 2229 2854 2280 ιιι,
2886 2228 3012 2282 cap.
3043 2212 3133 2267 η.
3175 2212 3602 2268 Beneficentiam
3640 2228 3705 2269 ac

2118 2305 2506 2359 liberalitatem
2534 2304 2703 2358 coluit
2730 2303 3084 2367 mirabiliter,
3125 2313 3179 2357 et
3209 2304 3261 2356 in
3296 2304 3609 2358 exercitum
3636 2304 3706 2358 de

2119 2410 2218 2447 suo
2246 2403 2547 2463 sumptum,
2575 2393 2905 2465 imperatore
2939 2394 3064 2450 vivo
3113 2403 3468 2463 mortuoque,
3503 2396 3707 2465 sapius

2119 2485 2249 2541 fecit
2276 2505 2289 2540 :
2317 2485 2541 2541 castella
2572 2496 2626 2541 et
2653 2486 2852 2556 Oppida
2879 2503 2977 2541 sua
3016 2488 3247 2557 pecunia
3282 2487 3481 2544 refecit
3533 2498 3591 2543 et
3622 2489 3705 2543 in.

2122 2578 2427 2643 stauravit,
2486 2575 2780 2647 eidemque
2835 2575 3160 2645 imperatori
3218 2576 3386 2631 funus
3435 2579 3706 2648 amplissi-

2120 2685 2269 2724 mum
2317 2684 2415 2724 sua
2465 2670 2711 2740 impensa
2770 2671 3005 2725 curavit.
3053 2671 3263 2724 Aurum
3313 2670 3462 2739 quod
3502 2670 3709 2725 habere

2122 2764 2292 2833 gratis
2322 2772 2540 2833 poterat
2571 2764 2927 2832 contempsit.
2952 2764 3111 2820 Pacis
3158 2773 3213 2819 et
3241 2764 3553 2818 concordia:
3582 2764 3709 2831 quis

2123 2851 2217 2905 illo
2244 2851 2535 2917 cupidior?
2573 2852 2699 2921 quis
2757 2852 3019 2907 Barbaris
3070 2862 3127 2907 et
3182 2852 3494 2907 idololatris
3526 2852 3709 2907 inimi-

2124 2942 2278 2996 cior?
2312 2940 2432 2995 Non
2466 2951 2647 3010 potest
2700 2958 2801 3011 pro
2856 2942 3146 3012 dignitate,
3192 2943 3498 2997 collaudari
3541 2943 3707 3013 hujus

2128 3033 2573 3102 pra'stantissimi
2634 3028 2903 3102 principis
2952 3033 3277 3088 admiranda
3308 3035 3529 3098 lenitas,
3558 3042 3615 3088 et
3639 3034 3704 3089 ad

2128 3121 2511 3188 dejonendam
2543 3121 2926 3187 oﬂ‘ensionem,
2992 3123 3313 3192 veniamque
3355 3122 3706 3181 tribuendam

2146 3211 2496 3280 suspicienda
2528 3211 2786 3277 facilitas,
2811 3212 3204 3266 beneficiorum
3230 3213 3495 3269 altissima
3520 3229 3707 3268 recor-

2136 3306 2313 3367 datio,
2350 3313 2407 3358 et
2459 3305 2512 3356 in
2561 3303 2753 3373 gratiis
2778 3305 3003 3374 agendis
3027 3304 3508 3359 commemoranda
3546 3305 3709 3360 sedu-

2133 3397 2280 3450 litas.
2305 3395 2503 3452 Omnia
2538 3396 2624 3450 his
2647 3395 2807 3450 libris
2830 3398 3133 3465 gratiarum
3168 3397 3483 3451 actionibus
3506 3397 3707 3452 referta

2132 3497 2282 3540 sunt.
2350 3487 2574 3540 Summa
2624 3496 2890 3555 praeterea
2945 3486 3001 3540 in
3058 3488 3296 3556 negotiis
3346 3488 3709 3556 procurandis

2133 3578 2444 3648 diligentia,
2474 3588 2529 3631 et
2589 3577 2893 3647 vigilantia,
2946 3579 3224 3645 animique
3284 3579 3497 3648 religio.
3528 3579 3710 3632 Mona-

2131 3672 2404 3725 chismum
2430 3670 2651 3738 quantis
2678 3671 2986 3739 prmeoniis,
3020 3671 3165 3724 Deus
3198 3671 3363 3735 bone,
3397 3680 3454 3726 et
3479 3672 3707 3732 quidem

2134 3763 2321 3823 toties,
2348 3762 2714 3815 cohonestat?
2738 3776 2803 3815 ac
2833 3762 3051 3815 tandem
3091 3764 3209 3830 ipse
3260 3764 3313 3816 in
3344 3762 3709 3832 Manganense

2130 3854 2527 3908 monasterium
2557 3867 2729 3922 prope
2779 3854 3313 3922 Constantinopolim
3361 3870 3419 3908 se
3455 3856 3597 3908 ultro
3644 3870 3710 3910 ac

2129 3944 2311 3997 libens
2336 3944 2591 4007 includit,
2627 3959 2751 3998 cum
2805 3944 3097 4013 imperium
3149 3944 3391 3998 retinere
3418 3944 3707 4012 potuisset,

2131 4048 2192 4089 ut
2241 4035 2453 4089 videbis
2499 4034 2598 4088 lib.
2649 4050 2724 4088 tv.
2771 4036 3005 4088 Tantum
3069 4034 3245 4093 abest,
3293 4042 3354 4087 ut
3407 4049 3474 4088 eo
3530 4035 3707 4098 ipsum

2127 4128 2369 4183 Joannes
2420 4126 2763 4197 Palaeologus
2801 4127 2979 4180 victor
3017 4124 3369 4193 compulerit,
3402 4124 3550 4193 quod
3583 4126 3708 4194 qui-

2128 4219 2255 4273 dam
2280 4220 2445 4291 hujus
2480 4229 2683 4293 nostra:
2730 4216 2975 4271 historiae
3011 4215 3260 4269 funditus
3289 4216 3466 4284 ignari
3499 4230 3710 4285 nugan-

2130 4318 2240 4363 tur.
2270 4309 2482 4380 Conjux
2544 4325 2711 4377 porro
2760 4309 2918 4363 lrcne
2979 4309 3034 4362 in
3066 4310 3402 4363 monasterio
3436 4323 3465 4361 a
3499 4306 3712 4362 Martha

2126 4398 2407 4453 Michaelis
2465 4398 2631 4467 primi
2716 4395 3007 4463 Palacologi
3092 4410 3279 4450 sorore
3367 4405 3707 4460 constructo,

2128 4488 2450 4542 monacham
2499 4487 2697 4542 induit.
2758 4474 3047 4556 Ῥωμαίων
3080 4497 3134 4538 ιιι
3174 4485 3429 4554 quidem,
3482 4484 3598 4539 ἀλλ’
3647 4486 3710 4539 οὐ

2140 4579 2448 4649 Ῥωμαϊκὸν
2476 4579 2721 4645 βασιλέα.
2784 4577 2998 4642 laudas,
3055 4579 3256 4645 inquis.
3308 4558 3423 4647 Ego
3466 4593 3602 4633 vero
3647 4593 3736 4646 ευ,

2129 4672 2259 4724 tiam
2314 4670 2614 4738 Agesilaos,
2650 4670 3013 4735 Alexandros,
3058 4669 3252 4732 Julios,
3284 4678 3340 4723 et
3394 4659 3741 4748 Pompeios,j

2128 4761 2399 4824 ethnicos,
2429 4772 2485 4814 et
2519 4760 2835 4814 idololatras
2860 4775 3001 4827 saepe
3046 4759 3262 4812 laudavi
3309 4777 3324 4811 :
3367 4771 3424 4814 et
3455 4759 3710 4812 virtutem

2128 4852 2213 4906 vel
2252 4852 2303 4905 in
2365 4853 2521 4905 hoste
2576 4852 2886 4911 amabilem,
2915 4852 3141 4918 ejuSque
3200 4851 3451 4919 exempla
3514 4866 3715 4919 aquo-

2132 4955 2375 5008 cunque,
2406 4949 2461 4993 et
2501 4939 2878 5008 qualicunque
2913 4941 3177 4992 sumenda
3226 4941 3388 4993 nobis
3412 4955 3534 4994 esse
3573 4956 3710 4994 con-

2136 5031 2314 5085 firmo.
2356 5032 2449 5085 Est
2475 5033 2621 5084 enim
2656 5031 2849 5084 eadem
2883 5046 3124 5099 semper,
3163 5048 3265 5084 nec
3308 5032 3428 5101 ejus
3454 5031 3714 5100 splendor

2138 5126 2463 5180 immortalis
2490 5126 2812 5196 cujusquam
2840 5125 3095 5180 sordibus
3121 5133 3298 5194 potest
3344 5125 3708 5180 obsolescere.

2800 5213 3030 5269 Divitiw.

2205 5304 2535 5359 Incredibile
2581 5313 2886 5358 memoratu
2943 5312 3048 5367 est,
3078 5311 3297 5373 quanta:
3348 5304 3468 5372 ejus
3516 5302 3708 5372 copiae,
3804 5304 3809 5315 '

2138 5394 2446 5457 fat-uitales,
2503 5394 2696 5462 quanti
2751 5394 3001 5461 pecunia:
3062 5393 3306 5448 thesauri
3361 5392 3585 5453 fuerint,
3641 5391 3709 5445 de

2138 5483 2342 5551 quibus
2367 5481 2535 5535 variis
2562 5482 2700 5534 locis
2749 5482 2864 5550 ipse
2908 5481 3224 5541 confitetur,
3274 5491 3329 5534 et
3385 5494 3487 5549 ego
3532 5479 3707 5533 virum

2140 5585 2381 5640 gravem,
2416 5569 2759 5638 vanitatique
2789 5569 3248 5633 infensissimum,
3292 5568 3360 5623 ad
3394 5568 3510 5623 haec
3539 5569 3705 5624 etiam

2142 5662 2484 5730 religiosum,
2532 5661 2758 5715 nnentiri
2814 5677 2924 5715 non
2978 5671 3130 5730 puto.
3186 5661 3432 5726 Insulas,
3488 5661 3706 5732 oppida,

2142 5755 2362 5809 castella
2400 5743 2455 5808 in
2478 5754 2679 5824 opibus
2727 5753 2841 5809 suis
2886 5762 3157 5810 recenset.
3209 5752 3502 5810 Pecuniam
3551 5767 3703 5811 sane.
