4106 6292
393 385 463 449 33
1724 385 2320 442 ΡΗυιιΜὶΟΜΕΝΑ.
3572 382 3646 446 34

395 517 558 572 quam
615 498 886 568 Byzantii,
934 509 990 554 et
1025 501 1080 554 itt
1115 499 1238 554 aliis
1272 497 1503 553 urbibus
1550 514 1646 567 per
1684 498 1971 552 Thraciam

393 593 539 658 apud
587 589 798 641 amicos
835 586 1152 656 .depositam
1215 586 1493 650 habebat,
1530 600 1630 639 nec
1660 585 1762 654 ipsi
1793 625 1806 646 ,
1874 585 1966 652 qui

396 679 644 734 eamdem
680 678 1068 747 diripuerunt,
1105 677 1334 740 inimici,
1379 691 1541 744 quam
1573 691 1764 745 magna
1805 686 1968 738 esset,

398 786 498 840 pro
527 778 681 824 certo
729 771 954 823 novisse
985 777 1310 838 potuerunt.
1352 767 1567 829 Tritici,
1606 768 1821 831 hordei,
1854 768 1970 820 fru-

399 876 529 930 gum
558 860 946 928 fructuumque
1009 860 1222 914 inﬁnita
1265 859 1342 913 illi
1383 848 1971 928 cupia,'innutnerabi-

401 951 483 1004 les
527 951 738 1004 acervi.
796 951 968 1004 Boum
1032 952 1368 1020 pascualium
1421 962 1675 1006 numerat
1727 952 1972 1020 quinque

401 1041 599 1105 millia,
623 1043 1054 1112 aratorumjuga
1098 1043 1270 1104 mille,
1301 1057 1475 1110 equas
1503 1043 1792 1111 pascuales
1822 1042 1972 1096 mille

400 1133 751 1202 quingentas,
799 1133 1043 1186 camelos
1086 1134 1380 1195 ducentos,
1430 1133 1616 1187 mulos
1672 1142 1969 1196 trecentos,

399 1225 584 1279 asinos
618 1225 971 1293 quingentos.
1004 1239 1301 1292 porcorum
1334 1223 1758 1292 quinquaginta,
1786 1224 1971 1277 ovium

401 1316 755 1385 septuaginta
799 1315 991 1368 millia.
1024 1315 1095 1370 Ut
1123 1315 1234 1385 jam
1270 1330 1377 1368 non
1409 1314 1502 1379 sit,
1530 1330 1630 1370 cur
1671 1329 1862 1384 greges
1917 1322 1974 1369 et

399 1414 649 1460 armenta
675 1406 824 1460 illius
863 1403 967 1459 Job
995 1405 1279 1458 miremur.
1312 1405 1508 1457 Verum
1547 1405 1651 1458 iste
1685 1402 1830 1472 apud
1873 1418 1972 1455 ur-

400 1496 500 1551 bes
537 1497 786 1552 Thraciae
811 1512 920 1550 non
952 1510 1139 1560 unam,
1173 1495 1270 1549 sed
1319 1496 1506 1563 plures
1536 1495 1800 1565 possedit.
1836 1493 1974 1548 Vide

400 1587 498 1642 lib.
539 1604 622 1652 ιιι,
646 1604 769 1657 cap.
803 1589 897 1653 24,
944 1588 1038 1642 ubi
1062 1589 1159 1650 ait,
1186 1588 1289 1642 sibi
1316 1587 1684 1656 totoimperio
1725 1579 1973 1640 Romano

400 1693 640 1747 sparsas,
675 1694 878 1748 easque
924 1681 1220 1733 immensas
1265 1678 1453 1746 copias
1494 1688 1660 1746 atque
1706 1691 1861 1746 Opes.
1905 1674 1972 1730 Et

401 1771 463 1822 3i
495 1778 549 1824 et
578 1772 665 1823 56.
692 1769 1075 1838 Esupellectili
1100 1784 1263 1823 aurea
1289 1778 1344 1823 et
1371 1779 1630 1838 argentea
1660 1783 1823 1836 supra
1871 1767 1969 1820 du-

402 1869 560 1914 centa
576 1875 702 1915 vasa
721 1869 912 1914 mutuo
929 1861 1024 1914 dat
1040 1860 1263 1929 palatio,
1283 1859 1461 1929 capite
1481 1859 1740 1914 vicesimo
1763 1867 1976 1927 quarto.

911 1990 937 2018 ,
964 1995 984 2014 ,
1100 1951 1314 2021 Elogia.

473 2041 595 2096 Lib.
624 2057 666 2105 ι,
698 2055 821 2110 cap.
858 2039 956 2103 '58,
987 2038 1338 2093 Andronicus
1367 2037 1552 2092 senior
1587 2037 1705 2106 ejus
1735 2034 1977 2105 pruden-

405 2135 539 2189 tiam
571 2134 626 2187 in
653 2133 836 2188 dando
851 2131 1089 2188 consilio
1127 2131 1455 2194 admiratur,
1487 2145 1657 2199 seque
1684 2129 1740 2183 itt
1772 2129 1866 2181 illo
1889 2127 1975 2184 avi

407 2223 640 2278 materni
682 2224 976 2293 imaginem
1011 2221 1214 2276 intueri
1244 2230 1546 2284 asseverat,
1573 2221 1668 2290 qui
1695 2230 1802 2274 tam
1832 2220 1978 2273 cele-

408 2319 542 2369 riter
573 2314 920 2382 arripuisset,
940 2322 1048 2367 tam
1074 2321 1199 2383 apte
1223 2314 1571 2380 explicasset,
1588 2321 1655 2391 et
1679 2310 1978 2381 promptis-

393 2407 547 2460 rsime
577 2407 952 2475 transegisset,
996 2421 1119 2475 quae
1146 2420 1234 2459 res
1273 2404 1627 2474 postulasset,
1653 2412 1715 2456 ut
1765 2411 1977 2456 statue-

408 2495 503 2556 rit,
536 2494 580 2547 si
639 2495 849 2562 absque
907 2509 1234 2548 successore
1269 2509 1334 2548 ex
1371 2508 1430 2548 se
1479 2501 1607 2548 nato
1639 2501 1973 2556 moreretur,
2005 2548 2007 2550 .

411 2587 646 2639 suadere
679 2586 1021 2654 proceribus,
1053 2586 1210 2639 illum
1252 2595 1381 2640 ante
1411 2585 1547 2639 alios
1586 2584 1976 2653 imperatorem

411 2674 746 2744 eligendum.
810 2675 1220 2730 Animadvertis
1288 2676 1457 2746 igitur
1533 2674 1977 2730 Cantacuzenum

412 2766 647 2834 imperio
669 2766 892 2835 dignum
915 2768 1242 2836 judicatum,
1272 2768 1317 2820 si
1350 2781 1512 2820 avum
1545 2766 1664 2834 ejus
1686 2765 1977 2835 judicavit,
2055 2779 2060 2785 ·

412 2857 572 2926 cujus
606 2857 658 2910 in
717 2857 837 2926 ipso
885 2871 1205 2924 expressum
1254 2871 1314 2911 se
1364 2856 1569 2911 intueri
1622 2856 1978 2911 simulacrum

408 2945 700 3001 confessus
729 2957 834 3001 est.
1971 2998 1974 3000 γ

483 3037 776 3106 Gregoras,
810 3037 952 3092 libro
1007 3051 1153 3091 nono
1179 3075 1195 3101 ,
1260 3037 1329 3092 de
1383 3036 1578 3092 eodem
1607 3052 1621 3090 :
1658 3035 1846 3092 Ceteri
1879 3036 1978 3092 illa

410 3127 706 3181 mutatione
727 3125 866 3180 velut
901 3125 1065 3180 multo
1095 3142 1238 3180 mero
1269 3126 1403 3180 ebrii
1430 3125 1720 3181 insolenter
1758 3127 1977 3196 fortuna

2077 508 2198 550 sunt
2219 499 2389 552 abusi.
2427 495 2528 549 llle
2572 503 2784 558 contra,
2829 494 3070 550 naturali
3110 497 3412 564 prudentia,
3443 505 3490 550 et
3531 514 3650 551 ma-

2081 605 2182 658 gno
2213 589 2424 658 ingenio
2463 597 2707 649 ornatus,
2739 602 2794 639 se
2827 586 2897 638 ad
2935 595 3168 640 veterum
3216 592 3650 656 prwstantiorum

2074 682 2305 733 virorum
2335 696 2500 733 mores
2521 679 2978 747 conformabat,et
2996 678 3389 748 magniﬁcentia
3419 696 3650 738 morum,

2074 781 2124 824 et
2180 773 2346 825 animi
2385 771 2729 826 liberalitate.
2773 770 2842 823 Et
2873 787 2991 824 eum
3034 778 3156 822 tunc
3209 786 3292 822 res
3339 772 3384 824 ei
3430 771 3652 839 feliciter

2071 865 2466 923 successissent,
2494 863 2767 931 fortunam
2811 878 2914 914 non
2948 862 3230 922 lacessivit,
3260 877 3423 931 neque
3465 863 3654 914 immo-

2074 953 2186 1005 dice
2213 952 2552 1020 supercilium
2600 947 2846 1013 arreiit;
2885 951 2975 1002 sed
3017 958 3225 1003 retenta
3263 953 3427 1003 animi
3473 951 3651 1018 gravi-

2076 1051 2202 1106 tate,
2235 1045 2378 1096 intra
2427 1043 2693 1096 modestia:
2735 1041 2929 1093 limites
2972 1042 3222 1093 immotus
3276 1042 3492 1104 mansit,
3537 1054 3644 1094 etc.

2161 1135 2425 1193 Rursum,
2460 1134 2556 1185 lib.
2591 1149 2623 1185 ι
2662 1131 2811 1184 :llac
2845 1132 3084 1184 oratione
3113 1131 3443 1198 confirmati,
3474 1147 3650 1184 omnes

2075 1233 2285 1278 strenue
2333 1241 2394 1276 ac
2447 1225 2659 1293 fortiter
2721 1225 2888 1276 hostes
2960 1225 3293 1290 invaserunt,
3361 1224 3424 1276 in
3465 1227 3652 1292 primas

2075 1331 2196 1368 vero
2226 1332 2448 1384 magnus
2497 1316 2810 1367 domesticus
2843 1312 3273 1375 Cantacuzenus,
3327 1315 3417 1383 qui
3468 1314 3650 1366 multis

2075 1406 2306 1467 ensibus,
2346 1405 2524 1456 multis
2556 1405 2672 1456 telis
2709 1407 2933 1456 hostium
2963 1385 3154 1472 petitus
3181 1411 3339 1472 atque
3353 1403 3650 1472 impulsus,

2075 1499 2182 1561 ipse
2239 1498 2446 1565 quidem
2486 1496 2742 1564 plurimos
2777 1499 2946 1549 hostes
2981 1498 3268 1564 prostravit
3300 1497 3437 1549 :sed
3484 1512 3650 1564 neque

2076 1588 2279 1655 clypeo,
2340 1601 2505 1654 neque
2571 1585 2750 1654 gladio
2805 1587 3026 1650 antisse,
3083 1584 3362 1637 incolumis
3398 1601 3424 1636 c
3469 1586 3652 1651 prwlio

2075 1678 2260 1739 evasit,
2307 1677 2447 1730 velut
2477 1677 2839 1747 agglutinatus
2874 1687 3030 1746 atque
3060 1677 3255 1742 infixus
3280 1692 3433 1744 equo,
3471 1688 3579 1730 etc.

2145 1769 2226 1820 Et‘
2256 1769 2397 1822 libro
2426 1769 2721 1822 undecimo
2761 1785 2776 1822 :
2808 1768 2947 1822 Adeo
2968 1785 3282 1836 magnorum
3316 1784 3532 1836 operum
3571 1769 3655 1820 in-

2012 1870 2053 1923 n
2083 1862 2299 1929 geniosa
2335 1861 2562 1928 effectrix
2592 1861 2770 1928 magni
2811 1860 3078 1913 domestici
3121 1860 3460 1912 taciturnitas
3491 1859 3655 1911 exsti-

2084 1954 2170 2004 tit.
2200 1951 2344 2004 Nam
2376 1951 2607 2005 aliorum
2639 1951 2845 2020 quidem
2876 1951 3030 2004 verba
3064 1953 3264 2006 umbra:
3297 1961 3505 2005 tantum
3531 1960 3656 2004 sunt

2081 2057 2315 2111 Operam,
2341 2041 2500 2095 simul
2523 2051 2683 2111 atque
2719 2058 2744 2094 e
2776 2040 2959 2110 lingua
2987 2043 3306 2112 prodierint,
3333 2044 3613 2095 morientes
3632 2057 3651 2095 :

2079 2131 2178 2184 viri
2214 2141 2388 2184 autent
2421 2131 2578 2199 hujus
2610 2139 2773 2184 etiam
2801 2131 3074 2184 silentium
3124 2149 3349 2202 magnas
3385 2149 3467 2186 res
3496 2135 3651 2202 gerit.

2085 2220 2220 2274 Nam
2239 2223 2438 2291 ingenii
2459 2224 2829 2292 magnitudine
2859 2235 2907 2277 et
2937 2224 3155 2277 solertia
3187 2227 3268 2278 uir
3297 2225 3388 2278 ille
3422 2226 3650 2288 excellit,

2081 2328 2260 2366 revera
2295 2313 2556 2382 profundo
2584 2321 2774 2368 mentis
2802 2315 2947 2368 sulco
2975 2315 3180 2384 fruens.
3235 2316 3360 2371 Haec
3384 2316 3656 2385 Gregoras

2080 2405 2146 2457 de
2180 2403 2564 2459 Cantacuze'no
2612 2396 2726 2460 sive
2758 2408 2968 2461 amicus
3019 2407 3223 2470 adhuc,
3253 2407 3370 2462 sive
3397 2408 3466 2462 ab
3495 2409 3647 2477 ipsa-

2081 2502 2198 2546 met
2242 2495 2473 2548 veritate
2500 2506 2726 2551 coactus
2751 2513 2766 2550 :
2797 2513 2919 2551 nam
2945 2506 3135 2565 postea
3165 2501 3340 2553 evasit
3373 2499 3654 2560 inimicus.

2083 2593 2143 2637 ut
2171 2598 2235 2637 ex
2265 2585 2408 2639 libro
2431 2595 2629 2654 quarto
2657 2589 2953 2650 constabit,
2987 2599 3041 2643 et
3083 2605 3183 2643 nos
3225 2605 3390 2658 supra
3424 2591 3476 2644 in
3507 2605 3654 2659 prai-

2081 2673 2287 2729 fatione
2322 2675 2455 2744 ipsis
2485 2677 2852 2732 Cantaeuzeni
2888 2681 3072 2735 verbis
3105 2682 3157 2735 id
3189 2682 3504 2736 docuimus.

2151 2763 2275 2818 Lib.
2309 2780 2396 2828 ιιι,
2421 2780 2545 2835 cap.
2577 2767 2667 2832 52,
2695 2783 2724 2821 a
2752 2768 2990 2822 Cabatze
3027 2769 3294 2834 Triballo,
3339 2771 3460 2823 viro
3495 2771 3652 2840 prin-

2081 2855 2228 2923 cipe,
2266 2855 2460 2910 oculus
2510 2855 2885 2912 Romanorum
2935 2870 3182 2914 vocatur.
3233 2861 3493 2915 Eumdem
3542 2876 3656 2914 ma-

2080 2947 2280 3017 gniﬁco
2310 2949 2586 3018 praeconio
2614 2949 2828 3003 extollit
2859 2949 2911 3003 in
2935 2951 3183 3018 epistolis
3207 2951 3275 3004 ad
3305 2966 3502 3020 papam
3543 2951 3657 3006 Ro—

2081 3052 2302 3093 manum
2352 3047 2409 3104 et
2464 3039 2728 3095 Dellinum
2782 3041 3146 3097 Viennensem
3210 3043 3647 3098 Bartholomteus

2080 3129 2314 3200 legatus,
2353 3131 2502 3186 libro
2535 3141 2756 3202 quarto,
2806 3134 2990 3203 capite
3023 3133 3289 3188 secundo.

490 3416 696 3470 Praeter
725 3415 1039 3470 testimonia
1083 3419 1155 3470 de
1187 3413 1398 3470 Joanne
1433 3384 1823 3470 Cantacuzent;
1849 3432 1974 3486 quze
2005 3417 2092 3471 vir
2129 3417 2481 3487 pereruditus
2508 3415 2746 3474 Iacobus
2786 3417 3392 3475 Pontanus‘Societatis
3417 3417 3544 3472 Jesu
3585 3425 3660 3467 ex

423 3509 742 3578 Nicephoro
772 3510 1014 3580 Gregora
1050 3512 1302 3580 protulit,
1331 3512 1398 3565 ad
1429 3512 1965 3566 commendationem
1991 3513 2358 3567 Cantacuzeni
2395 3514 2630 3568 maxime
2660 3513 2938 3582 pertinere
2965 3501 3144 3569 visum
3170 3522 3255 3568 est
3289 3513 3652 3582 fragmentum

412 3601 664 3672 ejusdem
713 3601 1010 3671 Nicephori
1056 3616 1124 3655 ex
1167 3602 1311 3656 libro
1357 3617 1433 3662 ιι,
1467 3602 1612 3670 quod
1663 3603 1836 3657 edidit
1868 3603 1927 3658 V.
1984 3602 2067 3659 Cl.
2110 3603 2288 3674 deque
2332 3603 2483 3658 omni
2525 3618 2723 3674 genere
2765 3603 3074 3658 litterarum
3125 3605 3384 3674 praeclare
3426 3601 3664 3658 meritus

411 3696 484 3750 Β.
521 3695 583 3748 Ρ.
618 3693 907 3763 Dionysius
939 3692 1198 3748 Petavius
1227 3693 1476 3762 ejusdem
1511 3692 1820 3749 Societatis.

494 3823 554 3874 Ὀ
583 3823 680 3891 μέν
718 3837 798 3872 τοι
834 3817 1087 3887 βασιλεὺς
1115 3820 1453 3891 Ἀνδρόνικος
1478 3811 1614 3893 ’περὶ
1636 3825 1734 3891 τὴν
1767 3824 1979 3895 πολιορ.

2153 3820 2223 3875 At
2253 3821 2602 3876 Andronicus
2629 3822 2926 3891 imperator
2949 3823 3078 3878 dum
3111 3823 3456 3879 Acarnanum
3489 3837 3657 3896 caput

413 3913 540 3966 κιαν
573 3909 968 3980 ἀσχολούμενος
1019 3909 1120 3978 τῆς
1151 3911 1258 3963 τῶν
1307 3912 1650 3983 Ἀκαρνάνων
1705 3915 1978 3983 μητροπόο

411 4002 550 4063 λεως
573 4001 750 4053 πάντα
777 3999 1029 4068 ὲξουρὶας
1072 3997 1184 4067 εἶχε
1238 4001 1314 4054 τὰ»
1340 4003 1420 4065 εις
1447 4003 1700 4072 βούλησιν
1727 4005 1874 4074 αὐτῷ
1912 4021 1976 4071 γε

415 4093 563 4146 ῑόντα
611 4092 750 4144 κατὰ
782 4092 838 4144 τὸ
871 4093 1113 4161 ἐφικτόν.
1145 4090 1251 4145 Τοῦ
1277 4093 1385 4160 γὰρ
1431 4095 1670 4162 μεγάλου
1728 4095 1980 4162 δομεστί-

411 4199 511 4235 κου
547 4180 637 4232 τοῦ
679 4181 1130 4250 Καντακουζηνοῦ
1180 4184 1617 4250 παρασπίζοντος
1657 4186 1749 4236 καὶ
1778 4185 1980 4237 συνδιῖ-

411 4273 663 4332 Θύνοντος
692 4271 889 4340 ἄριστα
919 4271 1018 4342 τὴν
1078 4271 1272 4341 ἀρχὴν,
1299 4273 1448 4326 οὐδὲν
1488 4274 1660 4327 δεινὸν
1692 4275 1841 4344 αὐτῷ
1873 4275 1980 4328 τῶν

411 4358 780 4427 παρεστώτων
803 4359 978 4412 ἐδόκει
1017 4359 1230 4422 δεινῶν.
1263 4362 1376 4432 Τήν
1420 4379 1478 4416 τε
1524 4365 1631 4434 γὰρ
1662 4365 1881 4434 χρονίαν
1923 4366 1981 4417 ὲν

413 4451 697 4519 ὑπερορίῳ
737 4451 1062 4519 ὲκστρατεῑᾳ
1094 4451 1378 4520 διατριᾶὴν
1410 4454 1500 4504 καὶ
1529 4451 1733 4520 φθορὰν
1756 4454 1852 4522 τῆς
1887 4454 1979 4506 ἴπ-

412 4562 520 4597 που
554 4546 646 4596 καὶ
663 4544 756 4596 τοῦ
789 4543 1021 4613 στρατοῦ
1055 4544 1244 4608 ίεξιῶς
1276 4545 1516 4609 διετίθει,
1545 4545 1637 4598 καὶ
1674 4546 1842 4616 αὐτὴν
1872 4545 1981 4598 ἀπὸ

412 4636 524 4688 τῶν
557 4634 788 4702 σπληνὸς
808 4634 1108 4696 πιέζουσαν
1139 4634 1290 4686 νόσον
1324 4636 1556 4696 συνετῶς
1588 4637 1734 4706 αὐτῴ
1760 4635 1988 4688 ἐπεκού-

415 4728 538 4796 φιζι
566 4743 579 4758 ο
617 4727 712 4779 καὶ
761 4726 1002 4788 ἅπαντος
1051 4726 1144 4778 τοῦ
1175 4727 1425 4780 ἐντεῦθεν
1463 4728 1774 4797 ἀπήλλαττε
1809 4729 1982 4792 δέους.

415 4818 529 4872 Καὶ
556 4820 608 4870 ετ
636 4835 718 4879 τις
772 4817 1081 4886 πλήττουσα
1127 4817 1227 4886 τὴν
1275 4818 1500 4885 καρδίαν
1533 4820 1743 4889 ὑπῆρχε
1767 4824 1986 4890 φροντὶς

416 4909 655 4979 κοσμικὴ
684 4909 864 4968 πάσας
891 4907 1227 4976 ὲξομαλίζων
1273 4909 1442 4961 ἐτέλει
1478 4910 1712 4980 ῥᾳδίως·
1766 4913 1859 4962 καὶ
1892 4913 1984 4963 ἐπὶ

414 4999 624 5061 τούτοις
646 4999 742 5058 τὰς
765 4999 828 5049 ὲκ
853 4996 961 5050 τῶν
984 4998 1262 5064 συγγενῶν
1287 4999 1586 5068 τηνικαῦτα
1606 5003 1879 5069 napaeas!
1888 5017 1986 5061 σας

327 5130 338 5134 -
414 5091 707 5154 ἐπιϐουλὰς
732 5092 875 5159 μάλα
907 5093 1087 5160 σοφῶς
1113 5092 1277 5153 αὐτὸς
1307 5093 1544 5161 ἀνεῖργε,
1568 5093 1870 5146 συστέλλων
1895 5093 1988 5146 καὶ

2085 3911 2319 3970 obsidet.
2345 3912 2530 3966 omnia
2558 3911 2659 3965 sibi
2694 3929 2759 3966 ex
2805 3913 2974 3966 animi
3000 3916 3292 3977 sententia,
3327 3917 3504 3982 quoad
3539 3916 3657 3970 fieri

2087 4013 2340 4073 poterat,
2396 4002 2695 4056 succedere
2743 4003 3033 4056 sentiebat.
3096 4004 3312 4056 Etenim
3363 4005 3658 4072 adjuvante

2085 4108 2281 4161 magno
2329 4092 2630 4144 domestico
2668 4090 3071 4155 Cantacuzet'to,
3107 4092 3422 4160 optimeque
3476 4093 3656 4163 impe-

2087 4183 2230 4234 rium
2258 4196 2380 4232 cum
2408 4196 2474 4234 eo
2505 4179 2848 4244 moderante,
2880 4180 3091 4232 nullum
3117 4195 3182 4234 ex
3212 4181 3280 4233 iis
3311 4181 3508 4248 quibus
3534 4200 3664 4250 pre-

2084 4272 2339 4325 mebatur
2391 4269 2754 4324 incommodis
2803 4271 3215 4325 incommodum
3264 4287 3386 4326 esse
3429 4274 3658 4330 videba-

2087 4374 2197 4418 tur.
2233 4361 2367 4416 Nam
2399 4372 2455 4416 et
2484 4361 2799 4416 diuturnam
2845 4362 2994 4415 illam
3031 4364 3313 4431 peregrina
3346 4365 3661 4448 in‘expedt—

2087 4455 2236 4509 tione
2287 4470 2518 4518 moram,
2564 4467 2726 4522 atque
2772 4455 3018 4522 equitum
3051 4456 3410 4525 peditumque
3449 4459 3666 4512 cladem

2086 4547 2390 4616 prudenter
2431 4546 2726 4601 admodum
2760 4547 3034 4601 relevabat
3067 4567 3079 4600 :
3111 4559 3168 4602 et
3207 4551 3360 4602 illum
3403 4568 3470 4605 ex
3519 4553 3665 4608 liene

2089 4637 2343 4690 morbum
2393 4635 2586 4690 eadetn
2632 4637 2852 4691 solertia
2884 4638 3114 4704 lenibat,
3163 4654 3495 4710 omnemque
3533 4641 3664 4697 inde

2093 4734 2296 4779 metum
2353 4725 2741 4804 abstergebat‘:
2776 4743 2839 4781 ac
2887 4728 2932 4781 si
2987 4729 3118 4797 quid
3171 4742 3399 4785 externa
3446 4735 3664 4801 negotia

2091 4799 2476 4868 sollicitudinis
2503 4799 2874 4883 aspergerent,
2918 4831 3036 4869 eam
3065 4817 3157 4871 ille
3181 4799 3664 4874 administratione

2093 4920 2189 4959 sua
2223 4905 2382 4960 facile
2435 4906 2817 4974 componebat.
2871 4908 2948 4960 Ad
2988 4909 3100 4962 hare
3129 4922 3484 4979 cognatorum
3532 4912 3666 4965 insi-

2093 4998 2230 5060 dias,
2266 5012 2388 5065 qua:
2432 5005 2547 5049 tum
2595 5006 2784 5052 contra
2832 4998 3179 5067 impetatoris
3208 5013 3372 5069 caput
3403 5014 3663 5068 grassata:

2092 5097 2242 5151 sunt,
2271 5090 2548 5156 sapienter
2583 5091 2864 5158 repressit,
2901 5092 3157 5146 omnibus
3195 5093 3247 5145 in
3286 5103 3401 5146 toto
3423 5094 3662 5148 colloca-

413 5183 876 5251 ᾁπαλλὰττωνέἰς
905 5183 1202 5251 τάσφαλὲς,
1235 5185 1366 5252 πρὶν
1405 5160 1485 5246 si;
1530 5185 1698 5246 ἀκοὰς
1750 5183 1979 5251 ἱέναικτῷ

2093 5180 2183 5254 tis,
2207 5191 2502 5247 antequam
2533 5180 2597 5232 ad
2630 5195 2792 5233 aures
2819 5180 3168 5248 imperatoris
3210 5183 3543 5237 acciderent.
3579 5184 3666 5238 Si-

418 5273 648 5342 βασιλεῖ.
684 5271 901 5333 Πολλοῖς
934 5273 1042 5341 γὰρ
1066 5274 1438 5342 κοσμούμενος
1473 5275 1499 5326 ὁ
1525 5275 1664 5343 ἀνὴρ
1691 5276 1804 5334 τοῖς
1831 5273 1988 5326 πλεο-

414 5364 776 5434 νεκτήμασιν,
809 5364 907 5416 ὅσα
935 5380 995 5416 τε
1025 5363 1184 5430 φύσις
1208 5363 1512 5432 χαρίζεται,
1544 5367 1638 5418 καὶ
1665 5366 1764 5418 ὅσα
1796 5364 1985 5434 βαθεῖα

417 5455 638 5517 σύνεσις
669 5455 883 5521 εὐφυῶς
916 5455 1352 5523 πηδαλιουχοὺσα
1379 5457 1593 5522 κοσμεῖ,
1620 5456 1760 5525 πρὸς
1785 5456 1986 5517 παντὸς

415 5547 671 5614 ἠγαπᾶτο
719 5544 815 5597 τοῦ
873 5545 1277 5615 στρατοπέδουο
1323 5547 1414 5597 καὶ
1474 5541 1544 5614 ἦν
1588 5546 1761 5608 οὐδεὶς
1810 5545 1866 5607 ὃς
1925 5548 1983 5598 οὐ

413 5637 700 5707 προύτίθει
729 5638 827 5707 τῆς
853 5637 938 5690 ἐπ’
982 5637 1148 5691 αὑτοῦ
1185 5637 1331 5704 ζωῆς
1373 5639 1474 5706 τὴν
1505 5639 1714 5691 ἐκείνου
1764 5655 1777 5669 ⁸
1828 5639 1890 5691 τό
1930 5656 1988 5689 τε

2083 5273 2306 5342 quidem
2345 5273 2532 5327 multis
2558 5273 2728 5326 animi
2769 5274 3111 5328 ornamentis
3139 5275 3224 5346 vir
3255 5276 3347 5328 ille
3377 5274 3662 5342 praeditus,

2093 5379 2216 5432 quae
2267 5377 2362 5417 aut
2420 5379 2450 5414 a
2512 5373 2710 5415 natura
2768 5362 2931 5417 insita
2987 5374 3136 5436 sunt,
3186 5373 3280 5418 aut
3329 5353 3668 5432 exaggerata:

2091 5456 2315 5517 mentis,
2358 5470 2480 5522 quae
2513 5453 2639 5506 vitae
2670 5462 2872 5507 nostrae
2925 5454 3259 5508 moderatrix
3302 5455 3510 5523 nptima
3556 5467 3669 5531 est,

2089 5544 2383 5615 prudentia
2424 5544 2676 5612 quaesita,
2716 5540 2856 5610 apud
2905 5543 3132 5597 militem
3170 5544 3440 5614 gratiosus
3474 5546 3666 5616 impri-

2092 5638 2196 5691 mis
2245 5643 2386 5697 erat,
2442 5644 2500 5688 ut
2550 5647 2713 5687 nemo
2758 5643 2902 5688 esset
2947 5634 3038 5702 qui
3075 5650 3183 5688 non
3221 5637 3340 5705 ejus
3386 5637 3553 5691 vitam
3601 5653 3666 5691 ac

416 5726 529 5798 γὰρ
577 5727 860 5796 φιλότιμον
907 5727 1006 5798 τῆς
1045 5726 1223 5794 δεξιᾶς
1259 5728 1350 5782 καὶ
1387 5727 1446 5780 τὸ
1470 5729 1562 5782 τοῦ
1587 5728 1751 5798 ﬁlioli;
1795 5746 1979 5799 καρτε·

2098 5727 2330 5781 salutetn
2361 5732 2722 5793 anteponeret
2761 5739 2896 5779 sure.
2943 5723 3076 5779 Nam
3111 5740 3236 5780 cum
3268 5742 3336 5784 ne
3365 5727 3420 5782 in
3445 5728 3672 5797 expedi-
