4106 6292
431 399 502 461 35
1523 363 1883 464 .JOANNES
1922 362 2540 460 CANTACUZENUS.
3605 397 3678 458 35

437 513 588 568 tione
649 512 913 581 quidem,
961 511 1240 582 tantisque
1299 511 1536 582 negotiis
1577 513 1876 582 quidquam
1934 509 2040 581 de,

2122 507 2259 558 stxbv
2315 507 2424 559 οὐδ’
2479 509 2540 558 ἐν
2593 507 2712 570 ταῖς
2761 503 3074 574 ὑπερορίοις
3129 504 3436 570 διατριϐαῖς
3471 523 3530 558 τε
3589 513 3682 558 και

437 605 668 672 pristina
699 605 1024 658 liberalitate
1080 605 1362 673 animique
1407 606 1710 658 constantia
1741 613 2000 666 mutaret,

437 695 684 748 mutabat
716 697 805 749 ille
834 703 1014 749 tamen
1053 695 1105 748 in
1144 696 1339 750 melius
1369 711 1555 749 eortlm
1585 698 1879 758 fortunam,
1907 693 2001 761 qui

437 790 554 834 tum
589 781 731 835 fame
775 797 838 838 ac
871 793 1021 851 peste
1061 784 1404 838 laborabant.
1438 785 1616 849 Quare
1661 799 1852 838 omnes
1897 799 2003 836 una

436 888 570 926 voce
599 875 694 940 qui
719 884 1050 942 supererant
1079 876 1281 929 milites
1305 891 1367 930 ac
1390 875 1578 950 duces,
1605 875 1830 930 ordines
1848 891 2004 945 atque

437 969 601 1028 atque
641 963 898 1016 ordinum
935 965 1174 1032 prmiecti
1203 976 1542 1018 servatorem
1577 966 1754 1028 illum,
1787 976 1842 1019 et
1871 967 2008 1018 alto-

438 1067 576 1116 rem,
621 1069 684 1107 ac
722 1055 1034 1124 largitorem
1070 1056 1368 1122 appellare,
1420 1066 1534 1109 tum
1582 1072 1647 1110 ea
1679 1057 2002 1125 praedicare,

437 1144 642 1212 quibus
687 1145 993 1199 Romanum
1044 1146 1338 1215 imperium
1371 1148 1640 1202 illustrius
1672 1149 1898 1210 fecerat,
1927 1156 2004 1210 et,

439 1243 501 1288 ut
532 1237 846 1289 summatim
885 1237 1238 1304 complectar,
1270 1237 1536 1306 quidquid
1568 1239 1672 1292 sub
1703 1238 1844 1292 idem
1874 1247 2010 1291 tem-

437 1339 543 1394 pus
584 1327 703 1394 ejus
745 1328 848 1382 viri
881 1328 1173 1397 prudentia
1217 1328 1527 1396 confectum
1581 1339 1686 1389 est.
1726 1343 1848 1397 qua:
1897 1336 2007 1382 tam

439 1417 745 1486 propinqua
800 1429 966 1486 qnam
1023 1419 1213 1473 dissita
1272 1397 1610 1473 moderando
1667 1420 2004 1474 continebat.

440 1507 658 1562 Etenim
696 1509 826 1563 dum
860 1527 967 1564 una
1007 1527 1132 1566 cum
1172 1513 1504 1580 imperatore
1541 1512 1888 1566 Acarnanum
1921 1529 2011 1566 ur-

444 1598 570 1652 bem
623 1600 862 1664 obsidet,
903 1604 1286 1672 comprehensi
1334 1615 1466 1657 sunt
1517 1605 1613 1673 qui
1665 1603 2008 1674 tyrannidem

442 1691 759 1761 cogitabant
790 1709 854 1749 ac
877 1695 1136 1765 Byzantio
1173 1697 1562 1760 imminebant,
1591 1712 1694 1751 nec
1724 1699 1884 1766 pauci
1913 1715 2012 1755 nec

442 1782 686 1850 obscuri,
712 1785 780 1840 de
807 1787 1011 1856 quibus
1033 1789 1189 1856 plura
1221 1801 1411 1859 postea
1443 1788 1675 1843 dicenda
1703 1800 1854 1845 sunt.

2103 603 2384 673 ἀσχολίαις
2414 601 2680 670 ἀμείϐων,
2702 599 2929 670 ἦμεισεν
2955 601 3107 669 ὅμως
3159 599 3258 663 τὰς
3284 600 3454 670 τύχας
3484 600 3592 653 τῶν
3625 601 3682 653 ὲν

2103 696 2214 756 τοῖς
2241 693 2422 754 ὅπλοις
2452 695 2529 764 τῷ
2553 711 2611 747 τε
2635 691 2780 762 λιμῷ
2800 693 2895 744 καὶ
2917 691 3092 760 λοιμῷ
3121 691 3683 760 προσταλαιπωρούνο

2105 798 2214 835 των
2249 783 2307 846 ές
2335 801 2396 851 γε
2420 784 2481 836 τὸ
2516 783 2762 854 βέλτιονσ
2815 782 2908 834 καὶ
2959 777 3102 850 ἦσαν
3153 779 3342 848 ὥσπερ
3380 781 3443 832 ὲκ
3478 783 3605 850 μιᾶς
3634 782 3704 854 οἱ,

2107 876 2552 946 περιλειπόμενοι
2596 874 2837 946 ’βοῶντες
2872 873 3110 934 ἅπαντες
3136 871 3382 940 γλώττης
3414 871 3684 942 στρατιῶ-

2107 989 2198 1026 ται
2227 971 2325 1024 καὶ
2365 969 2683 1040 στρατηγοὶ,
2705 967 2852 1037 λόχοι
2886 965 2978 1019 καὶ
3011 965 3256 1034 λοχαγοὶ,
3294 963 3516 1032 σωτῆρα
3555 963 3682 1016 τοῦ-

2107 1077 2227 1124 τον,
2253 1060 2349 1112 καὶ
2382 1057 2610 1124 τροφέα,
2640 1057 2734 1108 καὶ
2766 1054 3144 1122 πλουτοδότην,
3177 1053 3272 1106 καὶ
3305 1054 3403 1107 ὅσα
3433 1054 3531 1121 τὴν
3555 1053 3689 1104 Ῥω-

2113 1151 2291 1220 μαίων
2315 1149 2614 1218 ἠγεμονίαν
2643 1147 2994 1215 ἐνδοξοτέραν
3024 1144 3318 1213 καθίστησι
3338 1160 3352 1174 ο
3383 1143 3477 1196 καὶ
3518 1141 3588 1196 ἵν’
3609 1142 3685 1204 ὡς

2109 1242 2167 1294 ἐν
2195 1238 2478 1309 κεφαλαίῳ
2500 1237 2875 1308 διεξέλθωμεν,
2918 1238 3016 1291 ὅσα
3047 1239 3104 1290 ὲν
3148 1235 3320 1304 τούτῳ
3340 1235 3420 1304 τῷ
3447 1233 3624 1312 χρόνῳ
3652 1235 3686 1304 ἡ

2109 1330 2205 1384 τοῦ
2235 1331 2426 1402 ἀνδρὸς
2461 1329 2676 1398 εὐφυῶς
2704 1328 3018 1398 κατέπραξε
3053 1328 3290 1390 σύνεσις,
3334 1325 3564 1394 ἐγγύθεν
3593 1325 3689 1376 καὶ

2111 1421 2400 1493 πόρρωθεν
2425 1422 2627 1492 ὁμοίως
2674 1420 3046 1490 διενεργοῦσα.
3096 1417 3274 1472 Ἀὺτοῦ
3303 1417 3414 1489 γὰρ
3455 1417 3572 1487 ἅμα
3607 1415 3687 1484 τῷ

2115 1513 2323 1584 βασιλεῖ
2348 1513 2446 1582 τὴν
2487 1510 2597 1565 τῶν
2641 1512 2992 1580 Ἀκαρνάνων
3026 1509 3439 1578 πολιορκοῦντος
3488 1507 3690 1576 μητρὸ·

2111 1604 2288 1668 πολιν,
2324 1603 2571 1656 ἑάλωσαν
2628 1604 2677 1656 οἱ
2705 1603 3000 1672 τυραννίδα
3042 1599 3434 1671 μελετήσαντές
3483 1616 3543 1652 τε
3592 1599 3688 1651 καὶ

2112 1695 2424 1764 ἐπιθέμενοι
2481 1697 2562 1758 εἰς
2615 1694 2948 1759 Βυζάντιον,
2995 1693 3179 1746 πολλοί
3207 1709 3268 1744 τε
3297 1692 3450 1755 ὄντες
3500 1690 3594 1744 καὶ
3624 1692 3685 1744 οὐ

2113 1789 2218 1844 τῶν
2242 1788 2490 1858 ἀφανῶν,
2521 1790 2648 1858 περὶ
2686 1783 2761 1843 ὧν
2799 1789 3024 1860 ὕστερον
3054 1787 3387 1858 πλατύτερον
3434 1787 3679 1857 λέξομεν.

445 1997 2474 2032 ..____________________________

867 2165 1638 2254 DlGNlTATUM
1714 2095 1852 2257 ite
1925 2168 2730 2262 FUNCTIONUM
2809 2142 3285 2264 PALA'l‘lI

1262 2359 1367 2419 ET
1409 2359 1812 2423 ECCLESIJE
1849 2351 2870 2442 CONSTANTINOPOLITANJE,

525 2527 814 2616 Quarum
853 2522 1220 2589 Historicus
1276 2533 1494 2588 noster
1552 2527 1868 2603 meminit,
1921 2545 2001 2590 ex
2054 2531 2432 2610 Curopalata
2481 2541 2542 2595 et
2591 2533 2731 2612 ejus
2779 2534 3128 2600 Scholiasta
3167 2538 3580 2618 potissimum

1719 2631 2000 2695 dilucida
2029 2633 2412 2714 explanatio.

521 2944 818 3014 Δεσπότης,
859 2943 1148 2998 Dominus.
1183 2943 1308 2998 lla:c
1341 2943 1633 3012 appellatio
1680 2942 2019 3012 imperatori,
2053 2943 2488 3013 Bimperatores
2537 2943 2909 3002 dormiebant.
2955 2947 3084 3002 Tale
3135 2962 3282 3000 nunc
3325 2949 3560 3003 oﬂicium
3607 2960 3692 3006 est

449 3038 576 3092 [iliis
599 3038 738 3105 ejus,
765 3037 1025 3092 fratribus
1067 3053 1129 3091 ac
1161 3037 1378 3107 generis
1413 3037 1757 3091 tribuebatur
1793 3052 2020 3106 genera-

454 3131 574 3186 tim.
622 3129 847 3199 Proprie
893 3128 962 3182 ab
1009 3129 1357 3197 imperatoria
1408 3129 1689 3198 majestate
1744 3126 2020 3182 secundus

453 3225 534 3280 sic
558 3225 866 3290 dicebatur,
895 3239 1054 3294 quem
1083 3223 1420 3278 recentiores
1445 3225 1611 3278 etiam
1637 3224 1898 3276 σεδαστὺν
1926 3239 2022 3276 vo-

449 3327 664 3374 carunt.
707 3316 820 3370 lloc
855 3317 1002 3370 enim
1037 3316 1204 3370 semel
1237 3316 1500 3370 denotare
1543 3317 1820 3379 convenit,
1851 3319 2058 3396 impe-‘

449 3417 662 3461 ratores
695 3406 820 3462 illos
847 3405 1088 3461 Orientis
1134 3406 1332 3460 multos
1379 3406 1564 3460 titulos
1595 3407 1921 3462 honorarius
1952 3407 2019 3462 ad

454 3511 584 3550 suos
614 3496 718 3550 sibi
746 3496 1118 3559 devinceudos
1164 3497 1524 3566 excogitasse.
1562 3498 1616 3550 lu
1649 3497 1838 3552 Galliis
1887 3499 2017 3552 olim

457 3587 740 3656 proximus
763 3604 793 3640 a
818 3601 944 3656 rege
971 3589 1142 3658 major
1162 3588 1416 3643 dominus
1438 3589 1839 3647 nominabatur.
1875 3589 2024 3644 Cra:-

453 3691 649 3730 corum
699 3675 1096 3744 imperatorum
1133 3693 1214 3731 ex!
1237 3677 1383 3746 mplo
1419 3695 1477 3732 se
1508 3695 1728 3747 quoque
1769 3681 2026 3748 desputas

455 3767 623 3822 vicini
652 3769 930 3837 principes
971 3766 1079 3820 dici
1109 3770 1420 3833 voluerunt,
1461 3769 1762 3838 praesertim
1802 3769 2017 3839 Bulgari

455 3869 514 3915 et
543 3859 740 3914 Servii.
764 3859 866 3924 Qui
891 3859 1165 3913 interdum
1192 3861 1245 3913 in
1269 3860 1580 3914 Graecorum
1609 3861 1851 3915 historiis
1876 3865 2026 3931 regio

456 3966 680 4020 quoque
717 3951 874 4004 titulo
897 3961 1212 4016 censentur,
1244 3966 1367 4005 cum
1405 3967 1502 4022 pro
1529 3952 1774 4020 despotis
1815 3953 2022 4020 Crules,

461 4054 516 4096 et
547 4060 744 4099 uxores
775 4060 875 4114 pro
908 4043 1186 4113 despteuis
1215 4043 1472 4099 Cralama:
1505 4046 1887 4114 appellantur;
1923 4047 2027 4100 hoc

457 4135 661 4204 quippe
685 4145 846 4190 sonat
876 4152 1076 4190 nomen
1115 4137 1432 4191 barbarum.
1465 4137 1553 4191 Sic
1583 4154 1610 4190 a
1643 4139 2020 4192 (Iantacuzeno

456 4229 775 4280 Acarnania:
801 4238 857 4296 et
899 4227 1114 4280 Aitolia:
1140 4227 1413 4296 principes
1460 4229 1701 4298 despotic
1744 4227 2020 4282 dicunlur.

461 4317 664 4371 Verum
687 4317 1185 4388 nosterhistori‘cus
1201 4317 1624 4370 Constantinum
1649 4317 1944 4374 Andronici
1972 4315 2027 4369 li-

460 4409 596 4463 lium
623 4410 902 4477 despotam
931 4419 1186 4462 vocatum
1208 4407 1420 4472 scribit,
1451 4410 1541 4476 qui
1563 4419 1683 4475 post
1709 4407 2026 4462 Michaelcm

461 4500 683 4552 iratrcm
726 4498 964 4568 genitus,
1023 4515 1121 4567 per
1161 4508 1360 4552 cuncta
1415 4498 1684 4552 secundas
1733 4498 2028 4554 obtineret.

461 4588 728 4670 Infantem
761 4573 960 4642 vocarit
1009 4587 1258 4656 Hispani.
1318 4586 1672 4641 Observanda
1713 4585 1876 4654 igitur
1923 4585 2030 4640 alia

465 4683 634 4736 notio.
657 4681 1001 4734 Monebimus
1033 4680 1086 4732 in
1119 4677 1356 4732 Aduotat

538 4774 1056 4842 Παρακοιμώμενοι,
1091 4771 1326 4825 subaudi
1353 4769 1444 4822 τοῦ
1467 4771 1744 4832 κοιτῶνος,
1767 4769 2026 4832 cubiculi,

465 4865 744 4919 Accubitor
775 4864 1000 4917 cubiculi
1023 4863 1090 4917 ad
1116 4864 1372 4924 verbum,
1399 4861 1451 4914 id
1480 4873 1568 4928 est
1603 4863 1739 4915 sacri
1764 4862 2027 4925 cubiculi,

464 4972 560 5011 seu
597 4954 949 5008 excubiarum
973 4952 1114 5008 sacri
1143 4951 1384 5006 cubiculi
1420 4952 1728 5020 praefectus,
1767 4951 2028 5021 principi,

464 5064 560 5102 δίει]
594 5045 906 5115 imperatori
939 5061 970 5099 a
1013 5044 1304 5107 cubiculis,
1336 5053 1428 5096 aut
1483 5043 1770 5110 pnefet‘tus
1813 5044 2034 5096 exctibi-

465 5152 667 5196 torum.
698 5144 754 5189 et
784 5133 1073 5188 custodum
1110 5134 1249 5187 sacri
1275 5133 1536 5186 cubiculi.
1574 5133 1748 5200 Caput
1781 5142 1866 5184 est
1899 5149 2031 5200 puc-

467 5243 652 5283 rorum
684 5227 776 5295 qui
807 5227 859 5278 in
893 5235 1108 5280 canone
1135 5235 1284 5289 sunt,
1329 5223 1891 5290 eteubiculariortnn,
1937 5224 2030 5276 ha-

464 5319 600 5374 bens
633 5318 798 5372 etiam
822 5318 925 5370 sibi
955 5315 1234 5370 subditum
1271 5315 1675 5384 proeubitorem
1706 5315 1845 5368 sacri
1878 5314 2034 5366 t-ubi-

466 5413 596 5464 culi.
631 5411 709 5464 ιω
753 5407 1375 5478 GuwpalataJlaguum
1417 5406 1814 5460 cubicularium
1861 5405 2028 5474 aliqui

463 5515 694 5557 VOCﬂﬂl.~

2125 3033 2270 3101 apud
2327 3033 2633 3086 Turcarum
2681 3035 2962 3088 sultanum
3012 3037 3130 3101 ejus
3189 3036 3533 3102 cubicularii,
3593 3039 3691 3109 qui

2123 3123 2386 3186 Thiodar,
2407 3135 2503 3178 aut
2541 3124 2828 3179 'l'rohadar
2849 3125 3176 3194 appellatur.
3209 3126 3258 3180 ls
3276 3129 3420 3181 enim
3450 3138 3508 3184 et
3547 3129 3692 3186 intra

2123 3215 2437 3269 cubiculum
2475 3227 2640 3270 noctu
2665 3217 2927 3272 excubias
2963 3218 3096 3287 agit,
3129 3226 3184 3272 et
3210 3219 3448 3288 pluviam
3478 3220 3692 3278 Sullani

2122 3315 2329 3366 vestem
2359 3314 2554 3374 gestat,
2582 3314 2641 3358 ut
2663 3305 3087 3376 παρακείμενος,
3113 3323 3234 3375 qua:
3257 3312 3691 3379 scaramangium

2121 3408 2372 3450 vocatur.
2416 3399 2496 3452 Ac
2547 3409 2754 3452 norunt
2793 3412 3006 3458 omnes,
3047 3414 3139 3466 qui
3179 3398 3392 3454 Portam
3433 3401 3692 3456 viderunt

2121 3486 2491 3553 Osmauicam,
2535 3504 2644 3542 non
2685 3489 2958 3542 sultanum
2995 3489 3155 3542 modo
3193 3490 3440 3544 comitari
3470 3493 3694 3546 cubicu-

2122 3579 2340 3637 larium.
2387 3581 2481 3648 qui
2532 3595 2728 3633 sereno
2783 3595 3004 3648 quoque
3055 3581 3195 3634 coelo
3251 3585 3688 3652 scaramangium

2125 3674 2246 3743 ejus
2276 3685 2487 3752 gestat,
2529 3674 2622 3729 sed
2677 3690 2870 3729 omnes
2903 3677 3068 3729 etiam
3109 3675 3354 3744 quotidie
3398 3677 3606 3743 bassas,
3639 3689 3696 3736 et

2126 3763 2312 3833 begos,
2340 3765 2797 3833 qumiescumque
2831 3780 2930 3834 per
2960 3765 3149 3820 urbem
3195 3766 3261 3821 ad
3295 3777 3503 3836 portam
3535 3772 3697 3840 equi-

2128 3863 2266 3919 taut,
2309 3855 2514 3909 habere
2545 3855 2904 3924 pedisequum
2931 3873 3120 3920 unum,
3153 3859 3245 3927 qui
3271 3870 3474 3914 vestem
3507 3861 3696 3932 hujus-

2127 3947 2274 3998 modi
2299 3953 2502 4014 portat,
2539 3947 2750 4000 caeteris
2782 3947 3304 4018 superinjicieudam
3325 3953 3691 4016 vestimentis,

2127 4037 2327 4092 siaere
2367 4046 2577 4092 uTutato
2614 4038 2755 4093 forte
2775 4039 2948 4110 pluat.

2225 4129 2416 4194 Μέγας
2475 4129 2812 4198 δομέστικος,
2865 4147 3088 4200 magnus
3147 4131 3482 4186 domesticus.
3532 4134 3691 4188 Varia

2129 4219 2250 4290 ejus
2282 4221 2458 4275 ollicia
2483 4223 2622 4290 apud
2655 4220 3004 4290 Curoplatam
3031 4221 3179 4284 vide,
3220 4223 3557 4277 variislocis.
3584 4225 3694 4278 No-

2133 4327 2255 4364 men
2281 4313 2567 4366 domestici
2590 4313 2656 4366 ad
2683 4312 2866 4381 plures
2897 4311 3191 4382 dignitates
3219 4314 3545 4382 pertinebat,
3573 4331 3693 4384 qua:

2131 4402 2391 4472 adjuncto
2427 4404 2908 4466 discernebantur,
2960 4411 3018 4456 ut
3062 4419 3380 4472 cognosces,
3427 4420 3457 4460 e
3492 4407 3694 4475 quibus
3734 4403 3747 4426 ³

2132 4495 2308 4563 magni
2343 4493 2631 4549 domestici
2663 4487 3000 4564 pratcipuitm
3035 4496 3334 4561 eXstitisse,
3370 4511 3573 4551 nomen
3615 4499 3697 4568 ip-

2133 4599 2255 4638 sum
2285 4600 2506 4654 magnus
2544 4584 2836 4651 signiﬁcat.

2209 4676 2679 4748 Προιτυστρὰτωρ,
2706 4675 3090 4731 Protostrator.
3113 4677 3354 4732 Absentc
3377 4695 3574 4749 magno
3590 4679 3699 4734 do-

2135 4771 2365 4823 mestico
2406 4768 2510 4821 fert
2537 4769 2887 4838 imperatoris
2917 4771 3187 4839 spatham.
3221 4770 3356 4824 Cum
3381 4772 3562 4840 itaque
3600 4774 3700 4825 im-

2134 4872 2353 4929 peratur
2382 4871 2466 4912 est
2491 4876 2901 4916 εοιιςουηευιύδ
2928 4879 3154 4931 equum,
3189 4865 3392 4916 COIlllle
3425 4881 3698 4933 θψιυνυιη

2135 4953 2480 5020 imperatoris
2498 4952 2806 5007 adduceutc
2829 4965 2884 5006 et
2906 4963 3126 5008 tenente
3167 4968 3391 5022 equum,
3413 4967 3698 5024 pestquam

2135 5045 2380 5097 ascendit
2415 5045 2729 5112 imperator,
2763 5053 3124 5113 protostrator
3156 5047 3506 5114 prehendens
3543 5046 3698 5100 freno

2134 5133 2354 5188 deducit
2385 5150 2587 5203 equum
2637 5133 2701 5186 ad
2756 5121 3030 5202 quartam,
3085 5147 3176 5190 aut
3225 5135 3470 5204 quintam
3529 5117 3700 5205 usque

2137 5235 2342 5295 partem
2370 5228 2504 5278 aulae
2533 5227 2738 5293 palatii.
2772 5225 2978 5282 Deinde
3015 5228 3286 5294 recipiens
3313 5245 3436 5282 cum
3475 5245 3702 5298 magnus

2133 5317 2530 5371 (Lhartularius.
2565 5317 2786 5370 deducit
2815 5318 2969 5372 freno
3005 5321 3070 5373 ad
3099 5333 3308 5388 portum
3343 5337 3515 5389 usque
3543 5321 3701 5375 ablat.

2137 5412 2590 5464 Sin-.ilitcr'etiam
2619 5411 2768 5475 facit,
2813 5426 2935 5464 Cum
2967 5412 3265 5481 imperator
3308 5413 3540 5481 pedibus
3599 5413 3707 5474 Ltu-

2139 5520 2229 5554 r.:s
2251 5520 2356 5566 es,
2383 5505 2814 5573 agt-iisvitlt-ltcet
2839 5521 2866 5558 a
2889 5516 3040 5574 porta
3059 5521 3258 5574 equum
3287 5505 3350 5556 ad
3381 5521 3504 5557 eum
3534 5519 3706 5572 usque

534 5595 918 5663 Leunclavius,
956 5595 1222 5648 Paudecte
1270 5593 1506 5647 historia;
1553 5591 1786 5647 Turcij
1821 5607 1914 5644 seu
1961 5591 2028 5642 ad
2059 5595 2152 5668 Dl
2194 5611 2341 5656 cum,
2395 5612 2556 5662 ψει-ιιι
2592 5605 2716 5647 ante
2749 5595 2988 5649 diximus
3017 5614 3031 5648 :
3060 5612 3125 5650 ex
3172 5612 3282 5663 quo
3322 5595 3515 5646 iterum
3570 5594 3736 5658 retzi-_

463 5689 696 5742 Ammius
724 5688 1000 5743 Turcicos:
1022 5688 1505 5759 Ηαρακοιμὼμενοι
1535 5695 1660 5739 sunt
1684 5686 1856 5737 intimi
1879 5683 2030 5736 auiri-

462 5779 658 5835 cularii
687 5783 784 5849 qui
808 5783 1186 5852 augustalibus
1207 5782 1263 5833 in
1295 5777 1563 5833 cubiculis
1590 5786 1645 5831 et
1671 5775 1772 5844 ipsi
1807 5785 2034 5844 propter

2143 5685 2220 5752 pit
2244 5701 2367 5738 eum
2397 5695 2777 5754 protostrator,
2813 5701 2979 5754 agens
3004 5685 3070 5738 ad
3111 5701 3237 5740 eum
3281 5701 3452 5753 usque
3499 5685 3706 5746 locum,

2144 5777 2234 5830 ubi
2279 5779 2574 5846 imperator
2598 5779 2764 5848 pedes
2798 5794 2920 5835 esse
2946 5779 3106 5834 solet.
3131 5779 3286 5845 Quod
3317 5780 3361 5836 si
3392 5781 3532 5837 forte
3577 5795 3709 5851 pro-
