4106 6292
414 314 480 372 ἱὲἶῖ
1750 305 1980 366 PROLI

2080 304 2347 366 )MENA.
3609 289 3679 381 38

414 434 760 481 tostratorem
797 422 991 478 abesse
1026 421 1337 491 contigerit,
1367 417 1473 474 hoc
1503 417 1634 474 facit
1665 433 1694 471 a
1725 416 2000 487 principio
2036 425 2073 475 A
2105 417 2196 484 qui
2229 415 2483 470 Micllaeli
2512 416 2680 472 Balbo
2710 417 2928 493 adiutor
2957 419 3078 487 Ῐυῖι,
3124 431 3184 477 lli
3209 422 3446 479 Leonem
3485 427 3681 484 Arme-

400 533 586 587 .usque
617 516 683 570 ad
716 514 880 569 ﬁnem
934 530 1164 583 magnus
1190 512 1582 567 chartularius.
1617 511 1787 566 Paulo
1824 519 1947 576 post
1979 522 1992 559 :

412 613 781 667 Protostrator
827 608 993 662 etiam
1025 616 1111 662 est
1146 606 1405 660 defensor
1438 619 1732 660 cursorum
1782 605 1998 673 (curso-

412 720 502 760 res
549 704 656 757 hoc
702 702 826 755 loco
875 709 1027 764 sunt,
1085 700 1421 768 quicumque
1467 697 1603 752 nulli
1646 697 1870 766 agmini,
1904 702 1998 747 aut

414 796 572 866 signo
609 793 830 848 militari
861 791 1088 861 ascripti
1132 801 1282 852 sunt,
1327 790 1420 844 sed
1472 789 1570 858 ipsi
1602 798 1777 842 castra
1815 801 2000 854 prose-

419 897 663 958 quuntur
702 886 872 948 ultro,
897 892 1283 952 exspectantes
1303 883 1432 936 dum
1459 881 1673 935 accensi
1700 880 1876 948 ﬁant).
1902 878 1998 932 llis

414 981 559 1034 enim
590 976 770 1046 neque
793 976 1045 1029 ordinem
1079 974 1472 1035 retinentibus,
1505 988 1686 1040 neque
1713 971 1990 1023 llammeo-

408 1072 522 1126 lum
539 1071 777 1141 (signum
798 1068 1036 1122 militare
1057 1076 1162 1132 est,
1180 1065 1371 1119 Latina
1384 1064 1616 1132 origine,
1637 1079 1666 1117 a
1681 1064 1862 1116 colore
1884 1061 1998 1113 die-

414 1167 558 1227 tum)
584 1177 770 1224 suum,
800 1159 896 1213 sed
924 1158 1236 1212 inordinate
1255 1155 1663 1226 quodammodo
1689 1153 1992 1216 dissolutis,

408 1259 783 1321 protostrator
808 1249 924 1317 ipse
946 1248 1310 1315 subsequens,
1330 1245 1569 1299 defendit
1594 1244 1764 1314 ipsos,
1785 1243 1830 1297 si
1852 1230 1995 1296 forie

407 1343 554 1397 bello
605 1343 1016 1411 Opprimantur.
1073 1338 1369 1407 Propterea
1426 1337 1572 1389 enim
1630 1342 1994 1404 protostrator

405 1436 575 1489 etiam
634 1433 962 1501 appellatur,
1004 1429 1151 1500 quod
1204 1430 1303 1482 toti
1367 1429 1468 1496 ipsi
1522 1425 1758 1496 στρατῷ,
1808 1428 1860 1479 id
1912 1435 1995 1480 est

404 1523 677 1576 exercitui
704 1529 926 1591 praeeat,
957 1529 1013 1572 et
1044 1517 1308 1572 consistat
1333 1516 1563 1586 primus.
1595 1515 1641 1569 A
1673 1514 1993 1568 cursoribus

403 1625 588 1668 autem
618 1628 809 1667 omnes
856 1626 947 1665 res
986 1611 1172 1663 varias
1216 1595 1359 1677 quae
1390 1607 1566 1661 iutilia
1613 1607 1988 1669 nominantur,

406 1706 576 1758 moris
598 1715 682 1757 est
701 1712 1150 1773 protostratorem
1169 1703 1439 1769 accipere.
1465 1698 1696 1752 Nomine
1709 1696 1988 1765 φυτι).ίων,

403 1798 646 1852 [utilium
712 1800 837 1865 (est
891 1795 1039 1848 enim
1095 1792 1347 1848 Latinum
1406 1790 1770 1857 vocabulum)
1813 1788 1981 1858 signi-

407 1890 648 1943 ﬁcantur
679 1902 1031 1958 quaecunque
1060 1901 1170 1952 res,
1204 1901 1324 1956 quae
1359 1901 1456 1954 per
1505 1900 1564 1940 se
1618 1883 1778 1937 nihili
1828 1892 1976 1946 sunt,

400 1994 499 2036 aut
529 1982 664 2035 nihil
687 1983 752 2035 ad
785 1988 899 2035 rem
933 1980 1223 2034 militarem
1254 1978 1487 2040 faciunt,
1520 1977 1759 2046 denique
1796 1975 1972 2044 impe-

400 2074 645 2129 dimenta
676 2074 803 2128 belli
830 2073 1163 2135 certissima,
1189 2069 1294 2125 nisi
1318 2062 1660 2124 avertantur.
1693 2068 1828 2122 Nam
1866 2067 1980 2120 haec

400 2181 655 2222 cursores
681 2164 1029 2221 commodius
1048 2169 1397 2232 comportant
1418 2177 1581 2230 quam
1606 2160 1826 2220 milites,
1851 2159 1977 2228 quia

399 2274 511 2313 non
543 2258 752 2311 haerent
780 2256 951 2326 signis
984 2272 998 2309 :
1027 2265 1085 2308 et
1127 2253 1391 2307 audacius
1422 2252 1708 2321 eolligunt,
1760 2250 1888 2319 quia
1920 2265 1978 2304 se

399 2349 611 2419 legibus
645 2364 753 2401 non
791 2347 965 2401 teneri
1000 2354 1215 2415 putant.
1252 2345 1623 2411 Quamobrem
1672 2351 1980 2412 protostra-

398 2441 506 2496 tori
540 2448 781 2509 potestas
814 2439 941 2493 data
964 2449 1046 2493 est
1076 2437 1253 2491 {utilia
1286 2437 1389 2491 ista
1429 2435 1736 2490 auferendi.

472 2535 659 2600 Μέγας
692 2530 1105 2593 κοντοσταῦλος,
1140 2529 1234 2598 qui
1270 2527 1473 2583 Gallice
1507 2528 1836 2592 connétable,
1870 2526 1977 2581 Ita-

398 2623 505 2677 lice
534 2618 868 2684 conestabile,
912 2617 1107 2673 Latine
1139 2631 1324 2671 comes
1366 2616 1587 2671 stabuli.
1620 2616 1722 2671 Ubi
1779 2617 1826 2669 si
1871 2625 1982 2670 sta-

399 2712 590 2766 bulum
632 2725 732 2779 pro
765 2708 935 2778 equili
965 2706 1225 2776 accipias,
1263 2706 1373 2758 erit
1408 2720 1603 2772 comes
1633 2704 1859 2770 stabuli,
1891 2703 1976 2758 vel

398 2802 493 2873 qui
533 2810 727 2871 praeest
768 2800 1030 2854 omnibus
1091 2799 1266 2867 cepiis
1307 2797 1704 2867 equestribus:
1742 2798 1826 2852 vel
1882 2798 1977 2867 qui

396 2903 599 2964 praeest
647 2893 916 2962 equitatui
955 2890 1310 2960 imperatoris
1350 2889 1553 2943 aulico.
1596 2887 1755 2956 Apud
1788 2903 1979 2942 recen-

397 2970 570 3041 tiores
599 2985 817 3040 Graecos
840 2994 926 3038 est
958 2984 1071 3037 dux
1101 2981 1389 3050 copiarum
1425 2979 1801 3045 auxiliarium,
1856 2995 1977 3049 quas

394 3093 465 3131 ex
485 3076 677 3138 Gallia,
703 3075 913 3141 Sicilia,
938 3072 1118 3138 Italia,
1140 3072 1368 3126 iactura:
1393 3069 1666 3140 stipendia
1692 3067 1974 3124 Orientem

397 3168 679 3237 petebant.

471 3262 659 3325 Μέγας
701 3257 1010 3325 λογοθέτης,
1054 3255 1282 3324 Magnus
1345 3254 1655 3322 Logotheta,
1704 3252 1977 3307 cancella-

405 3352 556 3405 riutn
594 3349 802 3404 Latinis
828 3347 1012 3402 vocari
1044 3347 1357 3416 λογοθέτην,
1390 3348 1467 3399 ait
1498 3346 1719 3399 Nicctas
1750 3345 1846 3398 lib.
1878 3357 1975 3397 vn.

399 3445 601 3498 Munus
646 3442 823 3512 magni
852 3441 1144 3510 logotheta:
1181 3440 1265 3493 his
1315 3438 1499 3491 verbis
1522 3438 1851 3506 L‘uropalata
1884 3437 1980 3490 de-

398 3535 597 3593 Sct'ibit
625 3552 638 3587 :
670 3533 918 3602 Disponit
952 3532 1206 3585 mandata
1237 3538 1292 3583 et
1324 3530 1501 3583 bullas
1529 3544 1743 3593 aureas,
1774 3544 1894 3596 quae
1910 3530 1978 3581 ab

395 3627 727 3695 imperatore
752 3624 1046 3677 mittuntur
1078 3621 1143 3676 ad
1176 3635 1355 3691 reges,
1386 3620 1655 3688 sultanos,
1698 3630 1754 3673 et
1793 3629 1979 3699 topar-

395 3721 551 3773 cbas.
588 3720 767 3786 Atque
798 3716 902 3770 hoc
929 3715 1152 3784 quidem
1186 3712 1468 3782 proprium
1502 3718 1587 3764 est
1616 3709 1795 3779 magni
1827 3708 1977 3778 logo-

396 3812 566 3865 thetie
614 3807 1004 3863 ministerium.
1045 3802 1203 3869 Quod
1251 3812 1437 3856 autem
1485 3801 1551 3854 ad
1601 3815 1717 3854 rem
1751 3799 1971 3852 domes-

398 3904 591 3963 ticam,
623 3900 798 3967 ipsius
847 3907 932 3951 est
966 3896 1203 3958 allicere,
1240 3893 1385 3963 quod
1422 3893 1720 3962 imperator
1744 3890 1972 3944 manda-

398 3990 559 4044 verit.
581 3988 803 4041 Adduut
830 3986 918 4041 alii
945 4001 1069 4040 esse
1095 3987 1260 4039 etiam
1291 3982 1602 4037 libellorum
1622 3979 1972 4049 magistrum,

391 4078 610 4135 archivi
651 4078 994 4147 praefectum,
1027 4086 1122 4129 aut
1175 4074 1279 4127 tale
1308 4071 1612 4142 quippiam.
1666 4068 1975 4136 Λογοθέτης

392 4171 695 4238 exponitur
731 4185 761 4222 a
817 4167 1175 4236 quibusdam,
1226 4165 1483 4232 magister
1532 4160 1829 4220 rationum,
1880 4156 1974 4225 qui

390 4277 665 4332 expensas
718 4269 775 4315 et
818 4260 1049 4313 «editus
1094 4264 1400 4325 computat,
1456 4267 1797 4315 oeconomus,
1861 4250 1975 4304 sive

392 4363 747 4423 procurator,
778 4350 926 4421 quod
977 4363 1232 4420 magnum
1283 4355 1404 4401 erat
1443 4344 1705 4407 oﬂiciutn,
1753 4349 1809 4395 et
1835 4341 1975 4410 poli-

394 4457 590 4499 LCUIII.

473 4536 782 4605 Λογοοέτης
809 4532 902 4586 τοῦ
928 4529 1344 4600 στρατιωτικοῦ,
1377 4529 1641 4599 logollteta
1665 4526 1971 4589 castrensis,

393 4632 780 4693 Zultlmeister,
822 4626 1286 4697 Pfennigmeister,
1325 4622 1532 4678 Gallice
1579 4619 1850 4674 Trésorier
1901 4618 1974 4672 du

393 4743 577 4795 camp.

475 4814 900 4882 Καϐαλλάριος,
957 4810 1283 4864 caballarius
1352 4806 1733 4874 Καϐαλ).ἀριθν
1799 4817 1971 4871 eque-

366 4921 570 4965 lstrem
604 4905 949 4975 imperatoris
996 4902 1312 4955 comitatum
1342 4898 1591 4952 nominat
1622 4894 1969 4963 Curopalata.

399 5001 478 5054 Ex
515 5000 702 5052 Italico
733 4998 897 5049 ducta
920 5010 1043 5059 vox,
1078 5009 1200 5063 quae
1239 4992 1353 5061 ipsa
1402 5006 1430 5042 a
1468 4989 1655 5042 Latina
1686 5002 1818 5040 voce
1853 5002 1971 5038 ma-

396 5091 574 5146 navit.
613 5090 784 5158 liuius
813 5104 943 5156 ergo
976 5088 1273 5153 comitatus
1306 5081 1599 5152 praefectus
1628 5077 1971 5133 Caballarius

391 5184 507 5238 dici
537 5181 772 5234 videtur.

500 5273 691 5338 Μέγας
760 5270 1037 5335 παππίας,
1109 5268 1336 5338 Magnus
1416 5265 1678 5335 I’appias.
1746 5262 1804 5316 ltl
1859 5270 1965 5322 est,

388 5378 626 5430 magnus
658 5360 1000 5430 paterculus,
1060 5373 1311 5412 summus
1342 5358 1428 5411 ille
1477 5357 1669 5421 judcx,
1701 5354 1769 5408 ad
1802 5369 1964 5421 quem

391 5452 925 5510 coninientarienses
952 5453 1020 5505 de
1081 5448 1332 5520 personis
1378 5464 1596 5501 reorum
1657 5456 1712 5501 et
1775 5462 1967 5499 nume-

386 5562 476 5610 ro,
510 5545 578 5599 de
608 5543 869 5613 qualitate
899 5543 1250 5608 delictormn,
1281 5543 1348 5595 de
1396 5543 1704 5595 clausorum
1759 5540 1969 5592 ordini-

383 5641 494 5693 bus
547 5636 752 5706 t‘cferre
802 5633 1022 5689 debent.
1074 5633 1130 5686 In
1192 5634 1329 5684 hanc
1377 5633 1704 5684 sententiain
1755 5629 1966 5695 accipio

384 5744 595 5786 nomen
637 5727 817 5797 Papia:
861 5725 1006 5796 apud
1059 5724 1347 5787 Zonaram,
1398 5723 1491 5776 ubi
1541 5721 1608 5776 de
1646 5736 1711 5775 co
1763 5717 1960 5789 agitur,

2104 527 2235 563 num
2274 526 2303 564 e
2335 512 2517 566 medio
2558 512 2796 578 tolleret,
2830 514 3175 585 imperioque
3210 518 3499 587 potiretur.

2174 603 2363 669 Μέγας
2397 605 2908 675 Στρατοπεδάρχης,
2954 625 3178 678 magnus
3217 618 3683 683 castrorumprm-

2101 694 2287 765 fectus.
2318 696 2410 750 Est
2429 706 2649 750 curator
2666 713 2853 752 earum
2888 716 3091 765 rerum,
3117 718 3238 771 quae
3262 704 3531 757 exercitui
3554 715 3683 759 sunt

2100 805 2264 858 opus,
2316 790 2576 844 videlicet
2629 793 3042 858 alimentorum,
3083 794 3579 850 instru‘mentorum
3625 806 3683 851 et

2101 880 2533 934 necessariorum
2570 868 2836 937 omnium.
2895 883 3384 939 Proviautmeister.
3435 888 3682 958 Exponi-

2103 977 2193 1022 tur
2242 973 2430 1037 etiam,
2479 973 2736 1043 princeps
2782 977 3075 1040 exercitus,
3130 986 3190 1030 ut
3221 979 3290 1032 sit
3334 979 3476 1032 idem
3532 979 3679 1049 quod

2101 1063 2504 1201 agpatidpxqe;
2543 1081 2667 1119 nam
2691 1069 3052 1136 στρατόπεδον
3072 1070 3369 1139 aliquando
3387 1086 3484 1140 pro
3513 1088 3681 1145 στρα-

2101 1168 2127 1201 τ
2165 1168 2189 1201 ε
2222 1154 2466 1201 nonitnr.

2101 1154 2189 1212 τὸς
2221 1154 2466 1221 ponitur.

2208 1265 2689 1338 Πρωτα).ογάτωρ,
2769 1285 3005 1323 summus
3075 1273 3309 1340 equitum
3373 1274 3675 1343 praefatus.

2100 1356 2245 1412 Voce
2284 1358 2433 1412 enim
2489 1360 2685 1426 ἄλογον
2721 1360 2892 1416 Graeci
2941 1364 3281 1419 recentiores
3314 1382 3542 1434 equum,
3584 1379 3678 1422 aut

2094 1448 2401 1517 iumentum
2429 1450 2756 1518 signiﬁcant,
2790 1452 2932 1507 facta
2963 1470 3027 1507 ex
3059 1455 3335 1519 ἀλόκου,“θ
3368 1460 3538 1513 verbo
3580 1461 3678 1514 ha-

2098 1539 2210 1603 lac,
2244 1540 2392 1609 quod
2418 1539 2795 1597 Orientalibus
2827 1554 2963 1605 erat.
2998 1546 3079 1599 ire
3118 1565 3130 1600 :
3159 1549 3286 1616 quia
3312 1552 3581 1604 maximus
3619 1560 3674 1606 et

2099 1632 2411 1699 praecipuus
2438 1632 2814 1701 jumentorum
2849 1651 2980 1690 usus
3002 1638 3067 1689 ad
3104 1639 3550 1695 commoditatem
3585 1643 3675 1696 iti-

2021 1751 2063 1806 Β
2097 1736 2315 1775 nerum.
2347 1723 2539 1777 'I‘urca:
2567 1726 2732 1778 etiam
2762 1726 2923 1780 hodie
2960 1733 3235 1791 nuntium,
3273 1747 3366 1785 seu
3406 1733 3670 1788 viatorem

2089 1813 2546 1883 appellanthulac
2568 1816 2665 1869 .Ex
2687 1816 2878 1871 ἀλόχου
2896 1820 3059 1888 igitur
3082 1823 3298 1889 ἄλογον,
3325 1824 3376 1877 id
3401 1835 3505 1887 est.
3538 1826 3671 1879 bru-

2090 1914 2204 1960 tum
2226 1905 2345 1957 xat’
2364 1906 2903 1976 éﬁoxiivjumentum,
2926 1894 3227 1980 auteqn‘qs,
3245 1923 3305 1968 ut
3323 1915 3439 1969 Itali
3455 1916 3687 1979 dicunt:

2090 1992 2143 2044 la
2177 1992 2342 2044 bestia
2364 1994 2493 2057 mia,
2517 2009 2614 2061 pro
2636 2011 2814 2064 equus
2840 2014 3013 2052 meus.
3041 1999 3114 2053 Ex
3138 2001 3331 2069 ἀλόγου
3360 2004 3418 2059 lit
3451 2007 3670 2072 ἀλόγων

2087 2080 2386 2147 equitatus.
2430 2098 2527 2136 seu
2557 2099 2827 2153 equorum
2859 2094 3178 2157 equitumve
3206 2108 3409 2149 merus.
3436 2096 3669 2153 Praefec—

2090 2179 2176 2223 tus
2205 2170 2491 2242 ἀλογάτωρ
2526 2192 2538 2227 :
2566 2190 2814 2231 summus
2842 2182 3149 2247 praifectus,
3190 2188 3665 2260 πρωταλογὰτωρ.

2158 2283 2651 2355 Σεϐαστοκράτωρ,
2688 2288 3212 2361 Augustimperator,
3253 2296 3441 2354 Tertia
3490 2301 3668 2370 digni-

2089 2382 2171 2426 tas
2223 2373 2292 2427 ab
2350 2375 2717 2460 imperatore,
2751 2380 3061 2438 Czesariaua
3120 2391 3488 2455 praestantior.
3528 2393 3665 2447 Dum

2089 2465 2386 2533 imperator
2430 2467 2704 2535 βασιλεὺς,
2753 2470 3039 2537 σεϐαστὸς.
3090 2478 3305 2546 Καῖσαρ
3342 2480 3524 2535 dictus
3557 2473 3671 2551 est:

2088 2569 2196 2607 uno
2225 2557 2533 2626 eodemque
2560 2573 2752 2615 omnes
2785 2563 2886 2617 hos
2918 2565 3105 2621 titulos
3130 2569 3439 2636 obtinente,
3486 2575 3667 2643 digni-

2088 2653 2225 2699 tates
2251 2646 2460 2711 oﬂieiis,
2504 2664 2567 2703 ac
2602 2666 2713 2705 non
2758 2655 2951 2719 titulis,
2997 2660 3278 2716 mstimata:
3308 2672 3458 2718 sunt.
3506 2666 3665 2721 Post-

2085 2751 2148 2790 ea
2198 2753 2329 2791 vero
2358 2741 2719 2808 imperatores
2751 2746 3005 2801 luserunt
3037 2750 3232 2819 titulis,
3280 2764 3335 2807 et
3367 2756 3663 2812 honoraria

2085 2828 2412 2899 dignitatum
2451 2836 2673 2887 nomina
2710 2837 2827 2892 sine
2865 2838 3059 2896 oﬂiciis
3096 2843 3361 2913 impertiti
3413 2860 3543 2904 sunt
3569 2868 3659 2904 ar-

2086 2919 2292 2976 bitratu
2322 2938 2446 2986 suo,
2502 2934 2562 2979 ut
2616 2925 2945 2997 Curopalata
3000 2932 3090 2987 his
3123 2936 3309 2991 verbis
3365 2939 3657 2998 declarat:

2084 3013 2342 3081 Dcspota,
2379 3016 2821 3082 sebastocrator,
2857 3022 3040 3077 Caesar
3106 3025 3171 3078 ad
3237 3028 3448 3083 nullum
3501 3033 3664 3087 mini-

2005 3107 2046 3164 C
2086 3105 2316 3157 sterinm
2354 3116 2629 3169 tenentur.
2667 3110 2772 3163 nisi
2804 3111 2869 3165 ad
2922 3128 3198 3168 sumntum
3230 3119 3469 3188 aliquem
3509 3124 3662 3191 prin-

2086 3198 2331 3264 cipatum
2364 3197 2730 3283 instituantur
2754 3242 2768 3265 ,
2806 3212 2937 3271 puta
2971 3215 3067 3258 aut
3119 3210 3359 3276 regendo
3406 3212 3657 3282 imperio,

2085 3295 2180 3338 aut
2211 3289 2454 3355 gerendo
2488 3290 2668 3344 bello:
2701 3293 2859 3362 cujus
2913 3296 2988 3347 rei
3041 3299 3290 3366 exempla
3341 3312 3471 3354 sunt
3512 3304 3656 3373 apud

2082 3375 2455 3445 Nicephorum
2490 3380 2787 3449 Gregoram
2821 3400 2984 3453 quam
3018 3387 3277 3456 plurima.
3311 3393 3387 3446 Ac
3418 3396 3655 3463 primum

2083 3469 2307 3539 quidem
2360 3470 2542 3524 Caesar
2589 3474 2692 3526 fuit
2747 3477 3027 3533 secundus
3076 3481 3145 3534 ab
3206 3483 3538 3551 imperatore
3573 3488 3656 3558 (ut

2082 3561 2248 3617 hodie
2290 3578 2383 3617 rex
2417 3565 2791 3620 Romanorum
2840 3581 2924 3623 est
2966 3570 3022 3625 in
3048 3572 3334 3630 Occidenti
3367 3578 3655 3649 imperio),

2080 3661 2138 3704 et
2187 3651 2427 3706 obtinuit
2476 3654 2582 3708 hoc
2626 3656 2691 3709 ad
2741 3659 2991 3712 Alexium
3049 3661 3392 3722 Comoeuum
3435 3686 3655 3740 usque:

2080 3752 2270 3810 postea
2326 3745 2734 3801 sebastocrator
2784 3751 3064 3806 secundus
3136 3764 3223 3809 est
3276 3757 3540 3823 habitus,
3601 3772 3657 3817 et

2079 3829 2261 3885 Caesar
2292 3836 2492 3888 tertius
2526 3850 2648 3890 esse
2678 3839 2869 3906 erepit,
2918 3858 3041 3895 cum
3074 3843 3300 3900 Alevius
3335 3848 3654 3910 Conmenus

2079 3922 2342 3977 lsaacium
2393 3928 2617 3979 fratrem
2663 3929 3111 3987 Sebastoeratora
3166 3936 3426 3991 diceret:
3461 3956 3655 3998 auctor

2082 4011 2345 4069 Zonaras.
2407 4015 2694 4069 Postremo
2748 4019 3044 4088 despotes,
3085 4023 3201 4076 sive
3257 4025 3539 4097 dominus,
3586 4034 3654 4087 ab

2081 4102 2425 4187 imperatore
2490 4108 2769 4162 secundus
2817 4120 2902 4163 est
2938 4110 3114 4166 factus
3140 4153 3153 4176 ,
3206 4130 3402 4184 nempe
3429 4120 3655 4176 Alesius

2079 4194 2419 4266 Palaeologus
2443 4236 2460 4262 ,
2500 4212 2626 4251 cum
2661 4198 2808 4253 idem
2861 4200 3188 4259 Comnenus'
3226 4205 3354 4262 ﬁliis
3406 4211 3654 4268 maribus

2079 4300 2297 4353 carens,
2351 4288 2562 4344 lrenem
2601 4290 2765 4344 ﬁliam
2812 4310 2967 4348 suam
3002 4295 3422 4367 primogenitam
3458 4304 3649 4359 Alexio

2079 4377 2209 4434 huic
2263 4379 2864 4454 despondit,euuique
2918 4386 3078 4440 titulo
3137 4390 3398 4458 despotic,
3451 4393 3504 4446 id
3543 4405 3651 4461 est,

2002 4455 2049 4509 Ῑ)
2079 4468 2310 4536 domini,
2338 4475 2583 4539 ornat’it,
2605 4474 2849 4529 futurum
2888 4492 3084 4546 nempe
3106 4468 3378 4535 hairedetn
3412 4455 3649 4553 imperii,

2078 4560 2181 4614 nisi
2221 4571 2398 4617 morte
2429 4564 2681 4620 sublatus
2732 4576 2880 4622 esset
2905 4609 2920 4634 ,
2983 4578 3123 4625 teste
3163 4570 3404 4642 Gregora
3436 4576 3530 4629 lib.
3566 4594 3646 4632 ιιι.

2150 4678 2573 4751 Πρωτοψάλτης,
2627 4686 2869 4753 princeps
2902 4701 2995 4739 seu
3041 4688 3240 4755 primus
3287 4690 3648 4761 psallentimn.

2076 4771 2524 4828 Ecclesiasticum
2557 4791 2759 4831 nomen
2791 4788 2879 4832 est
2902 4816 2917 4841 ,
2953 4779 3022 4834 de
3074 4783 3222 4836 clero
3259 4784 3464 4851 palatii.
3516 4784 3652 4839 For-

2076 4861 2219 4916 sitan
2249 4859 2511 4935 magister
2541 4867 2721 4932 chori,
2758 4879 2854 4923 aut
2889 4871 3069 4926 simile
3109 4873 3396 4941 quiddam.

2145 4976 2487 5043 Δορέστικοι,
2536 4980 2830 5034 domestici.
2876 4981 2937 5034 In
2977 4981 3105 5052 jure
3153 4986 3502 5052 appellantur
3552 4988 3650 5041 do-

2074 5068 2290 5121 mestici
2321 5084 2514 5122 omnes
2556 5070 2860 5138 adjutores,
2907 5074 3020 5128 sive
3050 5074 3363 5129 adminiStri
3400 5080 3646 5145 legitime

2074 5161 2313 5215 instituti
2371 5178 2401 5214 a
2440 5163 2603 5231 justis
2650 5164 2996 5219 funetionum
3044 5169 3411 5236 principibus,
3448 5170 3502 5222 in
3550 5187 3647 5238 pa-

2072 5254 2227 5318 latio,
2259 5263 2354 5307 aut
2387 5255 2440 5307 in
2479 5254 2621 5317 foro,
2676 5267 2771 5309 aut
2818 5257 2874 5309 in
2924 5260 3174 5314 ecclesia.
3224 5260 3281 5313 ln
3332 5262 3556 5329 palatio,
3588 5273 3650 5319 ut

2072 5361 2305 5414 magnus
2344 5346 2682 5399 domesticus
2711 5386 2724 5409 ,
2775 5348 3113 5403 demestieus
3165 5365 3367 5404 mensae
3394 5392 3407 5414 ,
3457 5352 3645 5408 dome-

2071 5439 2240 5492 sticus
2291 5437 2648 5500 scholarum,
2691 5438 3031 5494 domesticus
3066 5457 3352 5494 murorum
3383 5480 3397 5504 ,
3448 5444 3646 5500 dentem

2070 5533 2242 5585 sticus
2279 5529 2585 5598 regionum,
2622 5542 2730 5582 etc.
2770 5529 2824 5582 lu
2862 5534 3001 5595 loro,
3050 5543 3108 5584 ut
3159 5533 3445 5587 domestici
3492 5537 3645 5606 judi-

2069 5640 2218 5686 cum,
2272 5622 2606 5676 administri.
2635 5622 2690 5674 ln
2718 5624 2972 5688 ecclesia,
2998 5635 3056 5678 ut
3100 5626 3435 5681 domesticus
3464 5630 3640 5695 chori,

2070 5716 2412 5771 domesticus
2444 5716 2758 5785 januarum,
2808 5726 2945 5784 etc.,
2978 5733 3215 5787 quarunt
3241 5721 3488 5775 omnium
3516 5720 3642 5775 fun-
