4106 6292
378 355 452 420 39
1500 356 1845 421 IOANNES
1882 330 2521 441 CANTACUZENUS,
2880 324 2892 344 ’
3555 353 3625 417 to

378 467 490 525 ctio
516 467 914 540 δομεστίκειον,
948 466 1069 525 sive
1111 468 1478 540 δομεστεκιον,
1528 473 1579 528 id
1624 484 1733 538 est,
1772 473 1961 528 dome-

2068 472 2137 526 de
2170 474 2447 544 stipendio
2480 474 2622 544 ejus,
2677 479 2772 527 aut
2821 468 2888 524 ad
2923 468 3211 525 servilium
3261 469 3416 541 ejus,
3471 469 3627 540 cujus

378 560 611 615 sticatus
635 557 785 616 dicta
805 573 911 617 est.

462 647 958 721 Ῥαιφερενδάριος,
992 655 1406 724 referendarius.
1434 651 1837 708 Eeclesiasticae
1869 653 1955 707 di-

322 742 339 753 ’
379 739 604 809 gnitatis
642 756 843 798 nomen
872 784 887 809 ,
926 745 1119 801 Latine
1162 746 1366 800 relator
1390 785 1406 809 ,
1443 744 1538 814 qui
1581 745 1854 814 allegatur
1882 744 1953 800 ad

363 830 768 898 'imperatorem
796 843 855 887 et
886 835 1230 890 sacerdotem
1264 835 1585 891 maximum.

451 924 1014 995 Πανυπερσέδαστος,
1070 929 1492 998 Angustissimus
1544 932 1804 982 omnium.
1871 927 1955 982 Ab

379 1014 573 1069 Alexio
598 1015 891 1071 Comneuo
925 1019 1117 1073 titulus
1148 1020 1410 1074 inventus
1436 1063 1448 1080 .
1484 1030 1541 1073 ut
1570 1020 1820 1074 llicbaeli
1855 1018 1959 1073 Ta-

382 1105 576 1158 ronitte
606 1104 1011 1175 gratiﬁcaretur
1038 1147 1054 1171 ,
1086 1108 1234 1176 quod
1286 1108 1479 1162 scribit
1513 1107 1755 1162 Zonaras
1807 1119 1957 1162 tumo

381 1196 471 1261 Ill,
500 1199 603 1253 sub
634 1199 820 1254 tinem.
854 1200 1119 1268 Superior
1162 1210 1284 1255 erat
1313 1201 1588 1267 otiiuibus,
1617 1201 1784 1256 etiam
1835 1199 1958 1271 ipso

380 1291 839 1357 protovestiario.
876 1307 1075 1362 magno
1107 1292 1270 1357 duce,
1321 1308 1518 1363 magno
1545 1290 1872 1356 domestico,
1900 1297 1960 1344 et

379 1380 623 1435 caeteris.

386 1538 391 1545 κ
456 1468 984 1563 Πεῖωτοϐεστιάριος,
1018 1472 1476 1541 protovestiarius.
1511 1471 1686 1543 Hujus
1719 1468 1957 1525 ofﬁcium

379 1561 461 1615 sic
491 1561 830 1619 describitur
864 1580 879 1619 :
911 1565 1257 1620 Ascendente
1290 1566 1457 1637 igitur
1491 1565 1859 1633 imperatore,
1898 1568 1959 1614 ut

290 1694 296 1699 .
379 1653 719 1709 declaratum
748 1666 855 1721 est,
889 1657 956 1710 ad
988 1658 1310 1719 oratorium,
1342 1655 1821 1726 protovestiarius,
1856 1652 1953 1721 qui

378 1745 651 1813 pilaticia,
688 1761 811 1815 quae
854 1747 1206 1816 imperatoris
1259 1754 1613 1817 prospectum
1654 1745 1952 1815 obtegunt,

2057 584 2223 624 causa
2274 562 2550 634 stipendia
2586 563 2737 618 facit.
2770 561 2925 631 Apud
2954 560 3198 617 Nicctam
3223 569 3278 615 et
3302 559 3627 638 φροντιστὴς

2057 664 2150 715 καὶ
2176 660 2450 728 λογιστὴς.
2491 656 2686 711 Valere
2720 665 2918 726 putant
2966 654 3134 718 idem,
3175 652 3324 722 quod
3362 661 3625 722 quaestor,
3664 652 3679 663 '

2057 760 2154 806 aut
2183 761 2435 820 receptor
2478 746 2801 820 generalis,
2849 757 2948 801 aut
2996 745 3145 814 quod
3200 743 3492 801 Germanis
3543 753 3631 798 est

2048 837 2547 896 'Kammermeister.
2568 842 2698 895 lnile
2718 840 2925 893 clarum
2950 838 3076 907 quis
3097 836 3628 908 μεγαλογαριάστης.

2128 932 2572 1000 ’Δποκρισιάριος
2600 971 2615 995 ,
2666 929 3064 999 apocrisiarius.
3118 928 3208 982 Sic
3250 926 3629 996 iurisconsulti

2056 1024 2227 1079 Graeci
2264 1038 2389 1079 eum
2422 1022 2732 1088 nominant,
2783 1021 2889 1091 qui
2934 1020 3306 1090 legationibus
3338 1018 3632 1072 audiendis

2059 1115 2474 1183 referendisque
2499 1115 2565 1169 ad
2603 1113 3015 1183 imperatorem,
3056 1123 3109 1166 et
3144 1112 3422 1180 responsis
3451 1110 3520 1164 ab
3564 1126 3633 1165 eo

2057 1208 2254 1262 dandis
2279 1210 2614 1262 constitutus
2643 1214 2748 1261 est.

2126 1296 2511 1367 Χαρτοφύλαξ,
2546 1296 2819 1366 prwfectus
2851 1294 3067 1348 chartis.
3098 1292 3201 1358 Qui
3232 1290 3443 1346 tabulas
3472 1289 3634 1344 habet

2059 1389 2396 1453 cbartaceas,
2432 1391 2500 1443 ad
2533 1389 2658 1458 jura
2698 1387 2948 1441 ecclesia:
2999 1385 3366 1454 pertinentes,
3415 1381 3636 1435 charta-

2060 1482 2180 1533 rum
2243 1488 2468 1541 custos,
2518 1477 2615 1547 qui
2666 1477 2952 1547 privilegia
3006 1484 3063 1529 et
3120 1473 3321 1529 similia
3365 1481 3630 1531 asscrvat,

2059 1570 2348 1638 praefectus
2380 1569 2737 1635 scriniorum,
2767 1568 2937 1639 judex
2975 1566 3119 1621 idem
3147 1551 3436 1620 cahsarum
3458 1563 3637 1617 eccle-

2058 1660 2427 1725 siasticarum,
2458 1668 2519 1713 et
2564 1657 2932 1729 quaestionum
2987 1653 3504 1715 matrimonialium,
3534 1652 3634 1705 de-

2062 1749 2246 1807 fensor
2272 1750 2328 1804 in
2359 1744 2689 1805 clericorum
2737 1748 2922 1803 causis
2943 1786 2957 1810 ,
3002 1744 3173 1799 veluti
3213 1758 3408 1797 manus
3434 1742 3632 1797 summi

379 1844 477 1891 aut
505 1845 722 1905 sceptra
762 1837 1054 1909 judicialia
1091 1847 1265 1904 tenet,
1302 1848 1362 1892 ut
1392 1838 1446 1891 in
1482 1837 1654 1891 altum
1687 1836 1950 1891 subvecta

2064 1838 2366 1895 sacerdotis
2392 1838 2605 1893 dextra.
2642 1835 2784 1891 Hinc
2818 1835 2995 1903 μέγας
3021 1830 3390 1903 χαρτοφύλαξ.

292 1934 297 1937 ·
379 1935 532 1986 sunt,
561 1926 753 1980 dextra
806 1942 973 1980 manu
1031 1943 1130 1982 sua
1165 1928 1413 1983 educens
1459 1942 1547 1990 ea,
1594 1941 1626 1981 e
1686 1925 1953 1996 prother

380 2015 628 2070 ostendit
678 2016 903 2085 populo,
936 2017 1325 2073 demonstrans
1379 2020 1482 2073 hoc
1528 2017 1711 2087 signo,
1760 2031 1954 2071 ascen-

380 2108 531 2166 disse
584 2111 972 2180 imperatorem
1027 2112 1082 2166 in
1132 2111 1461 2167 oratorium.
1516 2110 1620 2165 Hic
1659 2118 1843 2163 autem
1896 2108 1956 2164 in

379 2202 648 2263 oratorio.
700 2202 746 2254 si
800 2200 1107 2271 imperator
1139 2213 1236 2256 aut
1274 2217 1435 2257 suum
1488 2201 1663 2271 ipsius
1694 2210 1953 2266 stemma,

379 2301 478 2346 aut
510 2291 740 2360 aliquod
787 2291 939 2347 aliud
987 2301 1272 2363 gestamen
1305 2307 1467 2347 suum
1500 2299 1817 2362 gestaturus
1846 2300 1954 2357 est,

381 2384 859 2454 protovestiarius,
891 2383 1157 2453 inquam,
1199 2383 1371 2439 sumit
1420 2382 1554 2437 illud
1608 2398 1639 2437 a
1683 2383 1956 2439 ministris

383 2475 649 2540 rucharii,
681 2484 740 2528 et
770 2475 1094 2542 imperatori
1128 2473 1295 2527 tradit
1326 2494 1338 2527 :
1372 2487 1555 2541 neque
1585 2472 1640 2525 id
1676 2473 1864 2527 solum
1896 2473 1952 2527 in

381 2572 632 2634 tempore
662 2563 936 2635 ejusmodi
986 2563 1251 2617 festorum
1284 2562 1521 2628 dierum,
1565 2578 1756 2617 verum
1785 2549 1955 2617 etiam

382 2669 602 2724 semper
629 2655 705 2709 ita
735 2655 892 2711 facit.
954 2655 1012 2708 Id
1046 2669 1180 2709 vero
1215 2655 1383 2709 etiam
1419 2653 1706 2724 proprium
1760 2663 1816 2708 et
1842 2654 1958 2708 sin-

382 2747 570 2815 gulare
598 2747 786 2810 habet,
819 2746 966 2817 quod
1011 2748 1058 2801 si
1115 2746 1243 2815 quid
1290 2747 1534 2800 alienum
1588 2747 1809 2810 viderit,
1865 2753 1960 2800 aut

381 2837 583 2902 lutum,
620 2847 717 2891 aut
755 2839 887 2907 quid
924 2838 1073 2892 aliud
1115 2838 1182 2892 ad
1227 2838 1580 2906 imperatoris
1609 2848 1840 2905 vestem,
1866 2841 1961 2895 de-

383 2943 597 2999 ponens
627 2929 720 2984 ille
757 2931 1079 2994 umbellam,
1115 2940 1211 2984 aut
1243 2940 1458 2998 tegmen
1491 2930 1690 2999 capitis
1721 2933 1830 2996 sui,
1866 2947 1989 3003 ex:

385 3028 534 3076 tenta
563 3036 728 3075 manu
761 3020 925 3087 tollit,
956 3034 1050 3075 aut
1077 3030 1279 3090 purgat
1304 3020 1442 3075 illud
1476 3036 1584 3076 non
1617 3031 1858 3091 rogatus.
1886 3021 1961 3076 Ex

381 3112 646 3167 omnibus
676 3129 809 3168 vero
841 3113 964 3167 aliis
1002 3113 1350 3183 principibus
1385 3128 1547 3167 nemo
1578 3115 1959 3168 auctoritatem

386 3202 552 3259 habet
603 3204 841 3260 faciendi
894 3192 1061 3269 istud,
1095 3204 1193 3260 sed
1237 3204 1329 3258 ille
1373 3205 1547 3260 solus.
1588 3203 1837 3259 Pilaticia
1877 3214 1964 3259 est

384 3312 528 3365 opus
560 3310 591 3351 e
623 3297 938 3366 margaritis
988 3311 1113 3352 cum
1164 3295 1405 3361 ﬁmbria,
1453 3295 1509 3350 in
1558 3295 1960 3365 longitudinem

386 3387 575 3441 minus
606 3387 902 3455 spitbama,
929 3386 985 3440 in
1019 3386 1370 3440 latitudinem
1397 3393 1580 3439 autem
1609 3386 1811 3454 palmo,
1840 3399 1963 3453 quae

385 3492 484 3532 rex
518 3478 799 3531 Medorum
830 3476 1101 3546 gestabat,
1127 3477 1486 3545 similiterque
1506 3474 1742 3545 judices,
1765 3490 1962 3544 quem-

385 3568 686 3624 admodum
740 3568 871 3621 olim
947 3566 1122 3622 duces
1168 3567 1448 3633 exercitus
1495 3567 1786 3635 gestabant
1848 3574 1962 3619 tor—

385 3674 547 3728 ques,
584 3659 855 3712 honorem
888 3657 1135 3726 ipsorum
1165 3658 1628 3713 demonstrantes.
1654 3656 1729 3708 Τὸ
1768 3655 1962 3726 ροῢχον

386 3763 648 3818 suprema
676 3749 871 3813 vestis,
915 3748 1128 3817 Species
1160 3747 1344 3802 .vestis
1371 3763 1402 3802 e
1431 3746 1723 3803 Germania
1764 3761 1965 3816 appor-

389 3850 526 3907 tata,
574 3840 723 3896 unde
803 3840 1194 3896 Germanicum
1246 3855 1448 3895 nomen
1502 3839 1752 3904 retinuit,
1802 3838 1962 3895 Rock.

391 3933 529 3987 Hinc
584 3934 903 4003 ῥουχαρεῐον
968 3931 1288 4003 vestiarium
1345 3929 1570 3999 speciali
1647 3931 1872 3985 nomine
1930 3946 1962 3986 a

386 4022 717 4093 Curopalata
768 4022 1119 4093 appellatur,
1153 4022 1284 4092 quia
1342 4021 1509 4077 latius
1559 4030 1711 4091 patet
1762 4036 1962 4076 nomen

388 4110 634 4166 vestiarii
665 4112 811 4182 apud
840 4111 1178 4181 recentiores
1204 4110 1443 4166 Graecos.
1707 4166 1713 4171 ,

465 4187 931 4268 Protovestiarius,
963 4214 1021 4257 ιιι
1052 4218 1276 4273 agamus
1310 4202 1633 4267 dilucidius,
1677 4202 1829 4272 regio
1875 4216 1963 4256 ve-

389 4295 543 4351 stitui
576 4303 833 4364 praeerat,
872 4295 1017 4363 quod
1050 4294 1213 4347 hodie
1245 4294 1713 4349 cubiculariorum
1747 4293 1966 4347 videtur

391 4400 617 4439 munus.
656 4384 809 4454 Saepe
860 4385 1025 4438 rebus
1073 4383 1293 4436 maximi
1329 4382 1591 4437 momenti
1628 4382 1966 4458 adhibeban-

2128 1931 2460 2001 Δομέατικος
2482 1930 2581 2002 τῆς
2606 1927 2906 2001 τραπέζης,
2939 1926 3168 1995 dapifer,
3204 1932 3301 1978 aut
3330 1923 3509 1979 simile
3532 1920 3633 1975 ba-

2060 2023 2197 2077 beus
2220 2020 2483 2088 cilicium,
2523 2030 2584 2075 ut
2613 2019 2886 2089 suspicor.

2126 2112 2521 2181 Δρουγγάριος,
2552 2110 2896 2180 drungarius.
2925 2105 3213 2178 Δρουγγάς
3237 2120 3334 2160 seu
3370 2105 3632 2174 δρουγγὸς

2058 2204 2339 2263 Orientale
2370 2218 2592 2266 nomen,
2620 2209 2825 2257 emtum
2853 2199 3141 2259 hominum
3172 2212 3278 2250 una
3310 2211 3633 2251 commean—

2061 2296 2198 2350 tium
2224 2293 2568 2364 signilicans,
2609 2300 2666 2351 et
2712 2299 2892 2346 cretus
2935 2287 3084 2345 illius
3113 2286 3375 2356 princeps
3403 2294 3633 2339 vocatur

2059 2388 2289 2458 dargon,
2334 2384 2418 2440 vel
2451 2384 2684 2458 dorgon,
2712 2397 2780 2436 ex
2811 2396 2923 2449 quo
2946 2377 3278 2447 drungarius
3307 2377 3447 2431 facta
3468 2390 3635 2445 epen-

2064 2454 2207 2534 thesi
2241 2476 2335 2530 τοῦ
2365 2493 2394 2529 ν
2416 2454 2524 2545 pro
2557 2473 2918 2544 v.geminato.
2961 2469 3197 2537 Quidam
3231 2477 3432 2522 vocant
3460 2466 3634 2521 tribu-

2059 2587 2192 2625 num
2223 2568 2483 2624 militum.
2512 2567 2769 2634 Drungus
2798 2564 3022 2635 globum
3054 2553 3348 2632 signiﬁcat,
3388 2560 3466 2614 ait
3495 2560 3635 2612 Tur-

2060 2661 2260 2716 nebius
2279 2660 2421 2714 libro
2435 2658 2701 2712 vicesimo
2721 2665 2921 2725 quarto
2934 2654 3116 2722 capite
3134 2651 3395 2709 vicesimo
3415 2650 3632 2720 quinto.

2062 2744 2340 2822 Vopiscus
2364 2750 2418 2804 in
2453 2749 2637 2805 Probo
2672 2745 3101 2815 :Triumphavit
3150 2743 3218 2797 de
3253 2741 3541 2798 Germanis
3579 2752 3636 2798 et

2065 2844 2308 2908 Blemils,
2333 2842 2581 2902 omnium
2608 2841 2853 2910 gentium
2877 2837 3145 2906 drungos,
3183 2851 3357 2905 usque
3378 2837 3445 2889 ad
3469 2836 3633 2904 quin-

2063 2936 2320 3004 genarios
2353 2933 2610 2987 homines
2649 2940 2777 2986 ante
2806 2927 3145 2996 triumphum
3173 2927 3350 2982 duxit.
3375 2925 3633 2996 Vegetius

2064 3028 2210 3085 libro
2242 3026 2406 3080 tertio
2433 3024 2615 3093 capite
2652 3021 2882 3076 .decimo
2912 3029 3112 3099 sexto:
3137 3018 3289 3075 Scire
3317 3017 3480 3073 debet
3523 3017 3633 3071 dux

2067 3118 2332 3183 hostium,
2383 3126 2577 3172 contra
2626 3129 2768 3184 quos
2817 3113 3061 3183 drungos
3117 3111 3280 3179 (male
3331 3111 3635 3179 scriptum.

2066 3209 2315 3277 drunos).
2337 3208 2441 3262 hoc
2456 3216 2562 3270 est,
2585 3206 2775 3275 globos
2795 3204 3063 3269 hostium,
3087 3218 3229 3273 quos
3250 3202 3461 3273 equites
3477 3217 3632 3271 opor—
3684 3202 3689 3207 ’

2068 3308 2179 3357 lcat
2207 3312 2431 3368 ponere.
2483 3297 2623 3351 [line
2676 3294 3023 3365 Drungarius
3064 3294 3244 3364 biglte,
3296 3292 3637 3362 Drungarins

2063 3391 2279 3456 classis,
2325 3390 2422 3460 qui
2493 3398 2739 3460 praesunt
2776 3387 2954 3459 globis
3004 3386 3233 3456 vigilum
3302 3393 3359 3440 et
3411 3385 3636 3441 classia-

2064 3483 2298 3539 riorum.

2140 3576 2214 3629 De
2246 3574 2349 3628 hac
2374 3587 2511 3628 voce
2539 3571 2907 3627 Leunclavius
2940 3571 2993 3626 in
3022 3569 3286 3625 Pandecte
3307 3567 3377 3621 ad
3397 3565 3636 3622 Annales

2064 3663 2311 3718 Turcicos
2340 3679 2359 3717 :
2391 3661 2546 3726 Dico,
2577 3661 2777 3739 Turcis
2819 3659 3107 3729 Agelarios
3136 3672 3258 3713 esse
3303 3673 3399 3711 sua
3429 3658 3635 3722 lingua,

2052 3756 2160 3826 .qui
2184 3755 2390 3810 Graecis
2415 3763 2575 3808 erant
2608 3754 2692 3806 vel
2724 3752 3043 3823 Druugarii,
3088 3751 3176 3805 vel
3213 3748 3502 3804 Druncarii
3535 3763 3636 3818 po-

2058 3850 2201 3903 tius.
2226 3849 2338 3903 Eos
2361 3846 2472 3902 Leo
2499 3847 2730 3915 Sapiens
2754 3848 3036 3916 Augustus
3055 3843 3110 3898 in
3140 3844 3285 3897 libro
3308 3856 3410 3898 suo
3439 3842 3510 3894 De
3539 3857 3639 3910 ap-

2065 3938 2335 4007 paratibus
2360 3936 2578 4000 bellicis,
2616 3935 2797 4005 capite
2817 3935 2872 4000 5,
2897 3948 3052 3987 num.
3089 3933 3182 3997 42,
3230 3931 3300 3986 43
3326 3971 3342 3997 ,
3373 3930 3444 3985 45
3463 3968 3479 3995 ,
3508 3929 3634 3983 olim

2065 4027 2246 4083 dictos
2296 4025 2466 4081 fuisse
2518 4024 2685 4081 tradit
2741 4023 3118 4087 chiliarchos,
3169 4021 3316 4091 quod
3369 4021 3635 4075 militibus

2060 4117 2220 4173 mille
2252 4125 2554 4186 praeessent
2584 4132 2598 4169 :
2630 4123 2688 4168 et
2710 4113 2981 4168 druncum
3019 4110 3420 4165 chiliarchiam.
3457 4110 3637 4163 Latini

2068 4207 2403 4271 chiliarehos
2428 4206 2699 4261 vocabant
2735 4204 3011 4269 tribunos,
3056 4202 3148 4270 qui
3196 4194 3344 4256 nunc
3382 4201 3637 4256 coloni-lii

2065 4309 2216 4358 sunt.
2248 4298 2531 4355 Druncum
2552 4298 2657 4365 (sic
2684 4296 2832 4350 enim
2859 4293 3252 4364 pronuntiabat
3284 4292 3521 4364 Zygoma
3546 4309 3632 4357 as,

2067 4389 2538 4451 etdtzttncarium,
2596 4400 2707 4440 non
2748 4385 3021 4453 drungum
3052 4421 3068 4447 ,
3110 4383 3195 4437 vel
3258 4382 3639 4452 druugarium,

393 4491 506 4541 tur,
540 4487 598 4533 et
629 4493 715 4531 res
740 4491 837 4547 per
869 4490 965 4531 €08
994 4491 1103 4530 IIOII
1131 4474 1387 4546 vulgares
1418 4473 1775 4544 gerebantur,
1812 4481 1873 4526 ιιι
1904 4474 1958 4526 in
1992 4494 2037 4547 Ι)
2067 4481 2215 4550 quod
2255 4481 2421 4549 vulgo
2457 4478 2573 4534 ﬁeri
2610 4477 2775 4546 solet)
2825 4476 2905 4530 sic
2954 4475 3288 4545 appellatum
3336 4474 3583 4529 arbitror
3609 4489 3641 4528 a

393 4569 682 4639 Lecapeno
741 4577 799 4624 et
848 4567 1033 4625 Leone
1075 4565 1264 4621 Basilii
1293 4565 1407 4619 [ilio
1458 4564 1603 4633 apud
1650 4563 1962 4619 Cedrenum

395 4662 586 4716 videre
615 4669 719 4716 est.
762 4660 820 4715 In
867 4658 1273 4722 Constantino,
1323 4656 1555 4712 Romani
1611 4656 1723 4710 lilio
1775 4665 1965 4726 proto-

395 4754 644 4809 Vestiarii
674 4752 913 4823 dignitas
946 4752 1196 4822 proxima
1228 4765 1259 4805 a
1290 4749 1592 4804 domestico
1630 4747 1964 4811 scholarum,

394 4857 454 4903 et
479 4845 819 4909 accubitore,
842 4844 1003 4912 bigla:
1028 4841 1332 4913 drungario
1347 4841 1603 4910 superior
1629 4838 1963 4893 ostenditur.

394 4937 609 5003 Inveni,
635 4937 729 5008 qui
759 4936 1067 5001 scriberet,_
1101 4932 1590 5004 protovestiarium
1639 4913 1809 4986 fuisse
1842 4930 1967 4984 the-

392 5027 725 5091 saurarium,
780 5025 1173 5081 seurthesauro
1205 5022 1553 5093 praefectum,
1582 5022 1712 5091 quia
1745 5019 1968 5091 βεστιά-

394 5137 513 5192 ριον
536 5118 790 5175 aerarium
827 5124 1078 5180 vocetur,
1121 5130 1217 5170 seu
1255 5113 1501 5170 thesauri
1553 5113 1965 5183 repositorium,

392 5214 662 5283 ταμιεῖον.
694 5206 851 5276 Quod
886 5224 988 5280 ego
1012 5208 1236 5278 quidem
1266 5208 1321 5261 in
1371 5206 1557 5276 aliquo
1587 5206 1675 5260 vel
1716 5213 1966 5271 auctore,

393 5304 481 5359 vel
506 5303 774 5374 glossario
802 5301 1047 5355 nondum
1080 5300 1209 5370 legi.

466 5394 858 5466 Δικαιοφύλαξ.
885 5394 967 5448 Ad
1000 5393 1231 5449 verbum
1259 5432 1275 5458 ,
1327 5402 1499 5446 custos
1533 5390 1708 5461 legum
1731 5399 1782 5444 et
1802 5390 1968 5462 juris,

390 5485 466 5542 de
495 5501 606 5556 quo
633 5486 957 5558 magistratu
992 5484 1133 5539 nihil
1174 5483 1342 5538 habet
1368 5481 1717 5553 CurOpalata.

466 5581 877 5652 Λογαριὰστης,
914 5577 1249 5649 logariastes.
1281 5577 1324 5630 Α
1359 5574 1698 5644 Curopalata
1725 5571 1971 5636 additur,

395 5672 495 5742 τῆς
521 5672 717 5741 αὐλῆς,
743 5673 904 5738 aulae,
936 5687 1034 5728 seu
1061 5669 1273 5741 palatii.
1305 5667 1575 5723 Rationes
1598 5665 1702 5722 init
1722 5666 1969 5744 omnium

396 5762 867 5834 stipendiatorum
897 5765 994 5835 qui
1024 5765 1083 5819 in
1112 5762 1237 5818 aula
1267 5768 1422 5826 sunt,
1456 5759 1502 5814 si
1531 5757 1664 5830 quid
1690 5757 1847 5815 deest
1872 5747 1971 5814 ulli

2069 4584 2289 4636 trunco,
2329 4573 2444 4627 sive
2476 4570 2695 4632 baculo,
2727 4569 2843 4624 sive
2875 4580 3096 4637 sceptro
3128 4585 3143 4621 :
3176 4566 3639 4637 quemadmodum

2067 4664 2345 4733 hodieque
2393 4664 2763 4732 regimentum
2801 4673 3065 4715 vocamus
3094 4668 3202 4712 tam
3233 4658 3408 4728 ipsius
3434 4658 3639 4714 tribuni

2071 4755 2325 4810 baculum
2376 4753 2567 4820 (vitem
2614 4752 2805 4807 dixere
2856 4760 2991 4821 puto
3034 4748 3286 4817 Romani)
3329 4764 3494 4819 quem
3539 4765 3640 4804 ceu

2069 4848 2421 4917 magistratus
2448 4845 2663 4915 insigne
2691 4848 2888 4914 gestat,
2917 4824 3082 4911 quam
3124 4842 3281 4895 illum
3331 4841 3639 4910 signorum,

2074 4943 2422 5009 militumque
2459 4950 2770 4997 numerum,
2801 4933 2895 5003 qui
2927 4932 2994 4987 ad
3018 4931 3469 4987 constituendum
3501 4931 3643 5001 regi-

2072 5043 2318 5086 mentum
2344 5028 2667 5100 requiritur.
2700 5025 2943 5094 Ideoque
2979 5024 3226 5078 druncus
3253 5031 3337 5077 est
3366 5023 3642 5093 regimen-

2074 5130 2189 5174 tum
2218 5120 2457 5173 militum
2482 5156 2499 5182 ,
2542 5116 2701 5185 cujus
2750 5121 2917 5183 caput
2969 5120 3053 5167 est
3106 5112 3475 5179 druncarius,
3509 5112 3641 5166 olim

2075 5210 2352 5275 tribunus,
2388 5223 2538 5264 nunc
2585 5206 2912 5272 colonellus,
2958 5212 3056 5259 aut
3099 5203 3393 5274 regimenti
3445 5201 3642 5273 praefe-

2070 5310 2216 5356 ctus.

2150 5393 2343 5462 Μέγας
2385 5391 2761 5460 ἐταιριάρχης,
2794 5402 3018 5459 magnus
3046 5383 3350 5439 sodalitatis
3378 5384 3639 5453 princeps.

2075 5491 2380 5557 Antequam
2405 5500 2436 5539 e
2462 5484 2599 5538 cella
2628 5498 2724 5537 sua
2753 5483 3053 5551 imperator
3072 5486 3253 5539 exeat,
3282 5475 3644 5546 protovestia-

2075 5581 2210 5633 rites
2244 5577 2402 5632 adest
2431 5576 2485 5630 in
2518 5573 2758 5629 triclinio
2788 5587 2913 5628 cum
2949 5585 3146 5641 magno
3180 5566 3543 5622 hetaeriareha
3589 5574 3644 5618 et

2076 5668 2397 5741 primicerio
2440 5667 2601 5722 aula).
2646 5666 2947 5733 Postquam
2995 5677 3125 5717 vero
3156 5675 3413 5732 egressus
3450 5671 3555 5722 est,
3589 5666 3645 5713 et

2074 5759 2326 5816 constitit
2361 5758 2684 5852 imperator:
2722 5753 3016 5825 egrediens
3049 5750 3524 5824 protovestiarites
3550 5763 3643 5803 ac-

2608 5968 2641 6005 I
