4106 6292
406 430 473 494 41
1579 433 1974 493 HiSTORlAi

2081 435 2119 492 ιι
2159 435 2390 493 LIBE‘R
2435 437 2481 494 l.
3349 403 3362 409 ’
3582 443 3650 504 42

408 547 576 602 cci-sit
637 546 1091 600 honoratissimos
1129 543 1404 614 principes
1451 545 1515 597 ad
1572 547 2046 607 circumstatio-A
2145 548 2331 612 Μέγας
2353 545 2494 610 δοὺξ,
2543 563 2764 616 magnus
2826 548 2954 601 dux.
3005 548 3476 613 Quemadmodum
3533 568 3652 607 ma-

410 654 556 692 nem.
587 638 728 706 Lege
758 645 977 698 caetera,
1015 645 1070 690 et
1109 634 1268 689 infra.
1304 636 1401 690 llic
1430 651 1558 690 vero
1578 638 1782 706 excipit
1815 640 1979 692 etiam

407 731 665 801 perfugas
696 729 1054 783 advenientes
1096 744 1163 783 ex
1206 730 1352 782 onmi
1385 739 1562 802 parte,
1594 745 1672 784 ae
1690 741 1980 800 propterea

404 824 572 877 etiam
608 822 998 876 hetazriarches
1030 821 1368 885 nominatur,
1384 821 1536 876 velut
1560 822 1838 892 ἑταίρους,
1862 823 1980 877 sive

409 915 618 967 amicos
652 911 958 980 excipiens.

487 1007 782 1075 Ιῖαράγγοι,
815 1004 1063 1073 barangi.
1119 1004 1173 1057 ln
1221 1004 1359 1057 festo
1393 1003 1662 1058 Occursus
1691 1003 1979 1072 (Puriiica-

417 1097 602 1163 tionis)
637 1095 871 1148 discedit
913 1096 1207 1162 imperator
1269 1097 1321 1147 in
1380 1093 1803 1147 Blacbernarum
1844 1104 1979 1147 tem-

409 1189 582 1256 plum,
615 1188 867 1256 barangis
899 1201 1116 1255 quoque
1149 1187 1531 1255 sequentibus.
1561 1191 1736 1255 Atque
1773 1185 1826 1238 hi
1857 1187 1979 1253 qui-

409 1283 533 1334 dem
581 1281 782 1347 ubique
829 1279 1212 1347 imperatorem
1256 1279 1596 1346 equitantem
1629 1292 1976 1344 prosequun-

409 1383 520 1434 tur,
580 1372 819 1425 ferentes
859 1368 1108 1423 humeris
1147 1383 1373 1422 secures
1427 1384 1576 1422 suas.
1633 1369 1801 1421 Erant
1847 1383 1976 1437 ergo

408 1464 687 1528 custodes,
723 1463 1012 1525 satellites,
1047 1470 1139 1516 aut
1179 1463 1475 1529 stipatores
1511 1461 1858 1529 imperatoris
1896 1460 1978 1513 bi-

411 1553 726 1625 penniferi;
779 1569 972 1609 eorum
1019 1552 1314 1623 prafectus
1362 1560 1490 1606 ante
1523 1552 1646 1605 illos
1684 1550 1977 1620 imperato-

411 1663 523 1701 rem
567 1645 918 1715 sequebatur.
949 1657 1006 1698 et
1038 1644 1162 1698 ideo
1189 1645 1479 1704 ἀκόλουθος
1505 1645 1812 1698 dicebatur.

480 1741 810 1807 Πιγκέρειης,
841 1738 1116 1806 pinccrua.
1161 1751 1191 1788 a
1224 1735 1454 1803 poculis.
1485 1733 1640 1798 Quod
1669 1737 1711 1790 si
1740 1735 1975 1804 impera-

408 1841 582 1882 torem
626 1835 842 1896 oportet
882 1825 1095 1889 biberc,
1149 1825 1408 1892 pincerna
1461 1825 1736 1878 ministrat
1763 1825 1895 1878 illud
1959 1842 1971 1876 :

408 1934 473 1973 ac
525 1933 634 1971 non
669 1917 865 1971 diebus
896 1915 1047 1970 festis
1078 1916 1276 1979 solum,
1325 1931 1518 1970 verum
1558 1917 1720 1970 etiam
1755 1932 1973 1985 semper

411 2007 744 2076 imperatore
771 2004 954 2058 cibum
979 2013 1232 2058 sumente
1267 2005 1482 2068 miscet,
1517 2003 1561 2057 si
1596 2019 1837 2072 praesens
1867 2013 1968 2059 est.

408 2105 487 2152 Ac
517 2106 700 2150 vetere
735 2093 958 2163 quidem
1009 2109 1161 2148 more
1196 2094 1467 2152 bieextra
1498 2095 1775 2149 civitatem
1804 2096 1973 2164 impe.

406 2198 652 2241 latorem
699 2202 936 2256 sequens
988 2184 1202 2239 ferebat
1251 2185 1510 2254 poculum
1553 2195 1851 2253 castrense,
1884 2202 1974 2242 ca~

411 2289 536 2333 tena
586 2278 833 2331 vinctum
880 2293 896 2332 :
952 2283 1013 2329 ut
1041 2268 1087 2334 si
1135 2287 1258 2328 cum
1305 2291 1445 2344 opus
1486 2287 1633 2332 esset
1663 2277 1872 2343 bibere,
1907 2295 1970 2333 ex

411 2373 582 2436 fonte,
625 2381 720 2425 aut
746 2368 912 2423 ﬂuvio
945 2367 1119 2432 daret,
1153 2380 1217 2420 ac
1259 2365 1491 2421 biberet.
1531 2367 1648 2423 Hoc
1700 2380 1884 2424 autem
1916 2372 1970 2424 in

409 2462 696 2532 praesentia
722 2476 832 2514 non
865 2459 947 2512 fit.

488 2553 550 2605 '0
578 2553 668 2604 ἐπὶ
691 2551 789 2620 τῆς
811 2551 1114 2622 τραπέζης,
1139 2567 1328 2606 mensa:
1357 2552 1651 2623 praefectus.
1687 2551 1976 2608 Serviebat

407 2645 573 2697 etiam
614 2642 932 2711 imperatori
983 2642 1051 2696 ad
1107 2655 1372 2695 mensam.
1428 2641 1715 2696 Prmbebat
1745 2643 1971 2697 missum

407 2749 641 2803 magnus
699 2733 1041 2787 domesticus
1110 2733 1619 2802 primusproxime
1677 2734 1975 2804 imperato-

410 2841 524 2879 rem
561 2841 574 2877 :
609 2833 730 2893 post
777 2840 901 2879 eum
933 2823 1270 2878 domesticus
1302 2840 1540 2890 mensae;
1581 2835 1635 2880 et
1675 2834 1797 2895 post
1828 2826 1974 2880 hunc

409 2916 700 2987 praefectus
745 2930 972 2982 mensae,
1024 2924 1081 2970 et
1131 2931 1254 2986 quae
1286 2915 1429 2984 apud
1469 2915 1853 2986 Curopalatam
1884 2931 1972 2972 se-

407 3019 676 3079 quuntur.

479 3099 804 3169 Δομέστικος
829 3097 1087 3168 θεμάτων
1112 3097 1402 3166 ἑσπερίων,
1428 3099 1741 3153 domesticus
1769 3104 1973 3156 thema~

2085 655 2223 706 ginis
2256 639 2590 693 domesticus
2619 640 2894 709 princeps,
2927 650 2983 695 et.
3024 651 3189 709 caput
3219 642 3287 695 ad
3330 643 3645 698 universum

2085 731 2341 783 fossatum
2374 731 2525 799 (quid
2554 732 2624 788 sit
2653 732 2928 800 fossatum,
2949 748 3050 785 suo
3081 734 3202 786 loco
3230 734 3642 801 explicabitur),

2082 821 2163 874 sic
2191 822 2356 875 etiam
2393 822 2481 876 hic
2516 822 2582 875 ad
2625 823 2940 876 universum
2981 839 3150 876 mare.
3187 826 3262 877 Ac
3296 825 3483 878 caeteri
3521 825 3645 894 qui-

2081 912 2206 965 dem
2239 914 2514 982 principes
2543 913 2667 968 aliis
2700 915 2866 968 rebus
2899 915 3159 980 instituti,
3187 924 3247 967 ut
3278 917 3475 985 capita,
3506 932 3644 985 prae-

2082 1008 2265 1058 terunt
2331 1016 2659 1058 consuetum
2731 1005 3080 1075 imperatoris
3143 1005 3494 1074 ﬂammeum,
3550 1019 3647 1062 aut

2081 1089 2353 1151 exercitus
2389 1095 2701 1151 ﬂammeum
2731 1112 2854 1150 cum
2884 1097 3069 1166 ignitis
3103 1097 3249 1151 telis.
3281 1098 3507 1166 Magnus
3536 1099 3648 1153 dux

2079 1197 2300 1240 contum
2332 1188 2554 1256 praefert
2583 1187 2934 1255 imperatoris
2958 1188 3250 1242 insidentis
3271 1204 3434 1257 equo.
3473 1189 3648 1244 Habet

2080 1289 2262 1331 autem
2293 1279 2569 1345 subjectos
2601 1278 2705 1330 sibi
2750 1293 3007 1348 magnum
3040 1278 3397 1348 drungarium
3433 1279 3644 1341 classis,

2079 1369 2422 1435 ameralium,
2475 1379 2582 1423 etc.
2647 1369 2778 1422 Vide
2843 1367 3250 1438 Curopalatam,
3299 1377 3352 1423 et
3405 1369 3648 1426 scholia-

2079 1472 2223 1514 sten.

2151 1548 2628 1620 Πρωτοσέὸαστος,
2663 1551 3076 1620 primaugustus.
3134 1542 3645 1605 Nullum'ministe-

2078 1641 2219 1694 rium
2257 1640 2442 1704 habet,
2475 1643 2601 1710 quia
2629 1656 2740 1695 non
2767 1640 2978 1695 functio
3009 1653 3093 1696 est
3127 1639 3330 1710 palatio
3361 1642 3642 1697 militans:

2077 1732 2170 1786 sed
2230 1732 2463 1801 dignitas
2503 1732 2818 1796 honoraria,
2859 1747 3024 1801 quam
3059 1747 3168 1786 non
3219 1732 3507 1788 ministerii
3551 1744 3648 1789 aut

2079 1823 2290 1877 ordinis
2318 1826 2618 1879 necessitas
2645 1824 2796 1887 facit,
2829 1823 2926 1878 sed
2957 1824 3310 1892 imperatoris
3341 1824 3582 1877 εὐδοκία.

2167 1914 2357 1981 Μέγας
2427 1915 2818 1994 χοερτονῖάριος
2858 1954 2874 1979 ,
2964 1931 3186 1983 magnus
3265 1915 3644 1969 chartularius.

2081 2003 2292 2072 Equum
2321 2005 2669 2075 imperatoris
2697 2021 2727 2059 a
2750 2013 3147 2075 protostratore
3166 2013 3510 2074 susceptum,
3535 2015 3645 2060 etc.

2081 2096 2215 2149 Vide
2283 2111 2405 2166 quae
2479 2111 2642 2167 supra
2707 2096 2760 2150 in
2829 2104 3229 2166 protostratore
3287 2096 3432 2152 diota
3496 2109 3644 2152 sunt.

2082 2186 2437 2242 Stallmeistcr
2467 2188 2758 2243 Germanis
2803 2187 2911 2242 dici
2946 2197 3103 2258 putat
3149 2188 3493 2244 scholiastes.
3543 2189 3649 2244 Zo-

2082 2293 2242 2332 naras
2268 2279 2323 2332 in
2363 2277 2546 2333 Leone
2579 2279 2790 2343 Isauro,
2836 2287 2986 2333 torno
3016 2278 3181 2334 tertio
3211 2277 3504 2333 Annalium
3539 2294 3640 2349 po-

2081 2370 2410 2424 sterioribus
2442 2370 2788 2440 temporibus
2811 2370 2903 2422 τὸν
2930 2370 3038 2423 τῶν
3070 2369 3367 2439 βασιλικῶν
3413 2371 3644 2425 ἱπποκό-

2083 2479 2200 2529 μων
2229 2462 2625 2516 ἐπιστατοῦντα
2653 2462 2986 2530 appellatum
3029 2462 3216 2518 tradit.

2152 2554 2518 2625 Πριμικήριος
2584 2553 2790 2624 αὐλῆς,
2865 2553 3006 2609 (lqu
3058 2556 3402 2623 primicerius.
3466 2555 3645 2612 Habet

2081 2645 2302 2714 quidem
2331 2646 2384 2699 in
2413 2646 2866 2700 circumstatione
2916 2645 3478 2714 administrationem,
3511 2663 3647 2718 qua-

2081 2739 2186 2793 lem
2221 2746 2347 2792 ante
2385 2737 2649 2801 diximus,
2677 2737 2869 2791 ordine
2899 2750 3031 2790 vero
3053 2737 3286 2792 collocat
3315 2738 3482 2793 etiam
3527 2754 3648 2794 om-

2081 2844 2178 2883 nes
2227 2827 2322 2897 qui
2375 2827 2432 2882 in
2496 2828 2618 2882 aula
2663 2837 2811 2882 sunt.
2858 2826 2925 2881 Ut
2992 2827 3139 2880 enim
3180 2827 3430 2898 princeps
3484 2844 3645 2884 suum

2081 2921 2312 2991 quisque
2338 2929 2392 2974 et
2421 2921 2780 2974 constitutum
2827 2920 3009 2973 locum
3065 2919 3132 2974 ad
3181 2921 3646 2976 circumstandum

2082 3012 2248 3067 habet
2278 3029 2292 3065 :
2332 3012 2412 3066 sic
2438 3011 2602 3065 etiam
2639 3011 2864 3066 ordines
2895 3011 2988 3080 qui
3027 3011 3082 3066 in
3107 3011 3232 3067 aula
3262 3019 3411 3078 sunt,
3445 3014 3646 3082 singuli

2082 3103 2362 3173 proprium
2395 3117 2555 3156 suum
2583 3102 2766 3156 locum
2795 3102 3070 3156 obtinent.

408 3199 522 3243 tum
575 3189 997 3244 occidentalium.
1053 3189 1185 3256 Qua:
1239 3188 1469 3244 ﬂorente
1514 3191 1697 3246 adhuc
1739 3193 1974 3262 imperio
2003 3225 2044 3281 ο
2151 3193 2598 3266 Πρωτοκυνηγός,
2623 3201 2929 3247 venatorum
2971 3196 3231 3264 princeps,
3256 3195 3644 3265 jdgermeister.

407 3279 656 3332 Romano
686 3277 960 3348 τάγματα,
987 3277 1103 3333 sive
1133 3276 1379 3348 legiones
1403 3278 1586 3344 dicta,
1625 3281 1974 3349 postmodum

409 3370 699 3440 imminuta
748 3368 981 3422 Heraclii
1029 3368 1370 3437 temporibus
1427 3369 1673 3424 Romana
1702 3374 1971 3441 potentia,

405 3469 464 3515 et
497 3471 755 3515 truncato
802 3459 1037 3528 imperio
1078 3459 1334 3528 Θεμάτων
1373 3476 1572 3515 nomen
1617 3477 1971 3533 acceperunt,

405 3562 662 3608 carentes
678 3552 791 3622 jam
823 3552 995 3606 veteri
1024 3551 1388 3620 amplitudine
1414 3567 1533 3606 sua.
1563 3553 1700 3610 Vide
1725 3555 1972 3612 libellum

405 3644 751 3699 Constantini
782 3644 1314 3713 Porphyrogennetm
1339 3644 1408 3698 de
1437 3645 1814 3714 Thematibus,
1857 3648 1972 3704 sive

407 3736 478 3790 de
525 3734 835 3805 agminibus
882 3734 1214 3790 militaribus
1243 3751 1344 3805 per
1378 3737 1670 3805 imperium
1703 3738 1972 3795 orientale

407 3828 739 3885 distributis.
793 3826 894 3886 Hic
934 3827 1225 3896 praefectus
1264 3827 1644 3896 hujuscemodi
1690 3831 1971 3900 agminum

408 3936 509 3988 per
571 3919 882 3976 Occidentis
949 3921 1117 3976 urbes
1183 3920 1608 3975 distributorum
1661 3920 1973 3992 intelligen-

406 4011 514 4063 dus
546 4020 651 4065 est.

476 4103 662 4170 Μέγας
681 4102 980 4172 διοικητὴς,
1009 4119 1230 4173 magnus
1259 4103 1816 4171 administrator,'sivc
1847 4120 1974 4173 pro-

403 4201 638 4246 curator.
680 4192 826 4246 Nihil
860 4194 928 4247 de
963 4193 1070 4248 hoc
1095 4195 1446 4263 Curopalata.
1503 4214 1507 4218 '

2083 3285 2415 3356 lmperatore
2451 3284 2853 3340 conscendente
2882 3300 3084 3354 equum
3138 3299 3302 3339 nemo
3339 3285 3481 3339 alius
3503 3290 3645 3355 prae:-

2083 3388 2167 3433 ter
2222 3378 2367 3431 hunc
2407 3377 2639 3445 stapiam
2676 3385 2827 3429 tenet
2867 3391 2991 3430 cum
3039 3390 3278 3445 praesens
3305 3385 3409 3431 est.
3442 3379 3645 3433 Praeest

2083 3482 2212 3524 vero
2241 3468 2311 3522 iis
2343 3466 2722 3532 venatoribus,
2767 3466 2864 3538 qui
2904 3476 3190 3522 curatores
3216 3481 3418 3522 canum
3457 3469 3645 3538 appel-

2081 3561 2286 3615 lantur.
2329 3558 2486 3626 Quod
2515 3558 2563 3615 si
2597 3558 2819 3628 quando
2861 3558 3238 3628 imperatoris,
3289 3573 3416 3614 cum
3465 3559 3519 3612 in
3551 3575 3644 3615 ve-

2080 3650 2305 3704 natione
2363 3656 2466 3716 est,
2536 3657 2744 3704 vestem
2795 3648 3036 3718 aliquam
3089 3647 3355 3716 sanguine
3422 3647 3640 3719 aspergi

2080 3741 2412 3811 contigerit,
2469 3738 2591 3796 earn
2658 3739 2749 3794 hic
2796 3749 3024 3796 venator
3089 3740 3288 3810 accipit
3338 3754 3404 3795 ex
3464 3740 3643 3794 bene-

2080 3830 2224 3886 ﬁcio.

2149 3923 2408 3994 Πραιτωρ
2444 3923 2641 3992 δήμου,
2703 3929 2900 3993 praeter
2931 3921 3136 3992 populi.
3168 3914 3385 3975 Nullam
3413 3917 3647 3974 admini-

2078 4013 2399 4068 strationem
2422 4014 2588 4068 habet
2632 4017 2688 4068 in
2712 4015 2854 4083 {aula
2884 4013 3147 4083 palatina,
3181 4011 3276 4067 sed
3303 4012 3359 4065 in
3400 4009 3560 4075 urbe,
3586 4017 3644 4064 et

2081 4102 2342 4157 urbanam
2367 4105 2567 4160 solum.

425 4388 478 4407 μ
491 4387 3636 4413 “Ml—“mm

1792 4550 2257 4630 LECTORI.

483 4716 640 4771 Nilus
669 4728 716 4771 et
747 4717 1113 4773 Christodulus
1146 4719 1272 4786 ﬁcta
1303 4718 1516 4771 nomina
1548 4725 1696 4781 sunt,
1745 4715 1924 4785 qualia
1959 4715 2100 4784 apud
2147 4724 2337 4768 veteres
2371 4716 2423 4766 in
2481 4711 2704 4782 dialogis
2746 4718 2796 4761 et
2839 4709 3070 4778 epistolis
3109 4711 3360 4781 plurima.
3393 4713 3645 4768 Christo-

404 4810 564 4864 dulus
598 4811 723 4862 mihi
760 4808 1158 4864 Cantacuzenus
1188 4821 1286 4876 cst,
1338 4818 1516 4879 utpote
1570 4810 1659 4878 qui
1709 4809 1850 4861 curis
1904 4807 2198 4861 illustribus
2241 4802 2542 4876 defunctus,
2578 4805 2910 4872 decursisque
2952 4806 3070 4859 vitta
3100 4807 3353 4873 palatina:
3382 4806 3645 4874 male/iiiis

407 4905 707 4970 honoribus,
748 4905 957 4959 Christo
993 4906 1194 4970 sibique
1223 4907 1276 4957 in
1312 4913 1581 4972 posterum
1609 4920 1798 4957 vacare
1825 4911 2090 4963 statuens.
2123 4901 2350 4956 nobilem
2385 4900 2538 4954 illam
2573 4901 2878 4954 servitutem
2909 4901 3184 4969 amplexus
3220 4912 3316 4966 est,
3347 4918 3464 4972 qua:
3495 4918 3643 4956 mera

411 4998 514 5049 viri
547 4998 800 5066 sapientis
843 4998 1056 5051 libertas
1087 4997 1265 5050 haberi
1303 4997 1469 5050 debet.
1512 4995 1690 5060 Nilus,
1730 5012 1760 5048 a
1795 5011 1896 5064 quo
1925 5009 1978 5047 se
2013 4995 2082 5048 ad
2129 4995 2459 5048 scribendum
2493 4991 2695 5062 impelli
2730 4992 2908 5063 fingit,
2945 4995 3187 5047 monachi
3222 5010 3430 5059 nomen,
3461 5003 3515 5046 ut
3541 4998 3651 5049 cui-

408 5089 488 5140 vis
526 5087 732 5141 obvium
767 5099 864 5141 cst.

1983 5214 2057 5224 _—-—

773 5335 1043 5387 ΝΕΙΛΟΣ
1078 5332 1593 5401 ΧΡΙΣΊὈΔΟΥΛῼ.
2013 5334 2060 5392 ι)

491 5447 710 5517 Ἐπειδὴ
747 5463 810 5500 σε
837 5445 1120 5516 βούλεσθαι
1173 5442 1290 5499 οἶδα.
1325 5445 1493 5514 μηδὲν
1524 5445 1634 5497 τῶν
1693 5444 1980 5516 ἡμετέρων

409 5543 650 5609 ἀγνοεῖν,
689 5542 737 5592 εἰ
768 5531 862 5592 ita!
917 5539 1086 5610 μηδέν
1122 5556 1174 5590 τι
1221 5541 1469 5606 γενναῖον
1515 5538 1730 5607 ἔχοιμεν
1778 5537 1978 5604 λέγειν,

407 5634 511 5700 ἆγε
541 5629 716 5702 ξνεστι
749 5632 959 5702 σιωπᾷν
982 5630 1042 5683 οὐ
1077 5629 1259 5699 Θέμις·
1292 5625 1447 5682 οἶσθα
1491 5630 1618 5692 τοὺς
1648 5629 1981 5695 περιπάτους

408 5722 504 5787 οὒξ
561 5723 822 5776 ἑκάστοτε
876 5722 1016 5790 μετὰ
1057 5723 1167 5772 τῶν
1216 5720 1384 5788 φίλων
1434 5720 1870 5789 ποιούμεθαο,ὲν
1899 5715 1974 5783 οἷς

2082 5719 2171 5774 nis
2196 5717 2686 5782 ambulationibus,
2717 5729 2876 5784 quas,
2918 5714 3065 5784 quod
3111 5722 3161 5766 te
3189 5725 3298 5765 non
3334 5710 3491 5781 fugit,
3521 5725 3647 5767 cum

410 5814 611 5878 πολλὰ,
639 5813 718 5867 τὰ
745 5811 846 5881 μὲν
875 5812 1102 5881 σπουδῇ,
1128 5812 1197 5864 τὰ
1225 5811 1281 5862 δὲ
1303 5810 1492 5882 παιδιᾷ
1518 5811 1866 5882 προσήκοντα
1891 5809 1974 5862 λέ-

2081 5810 2449 5865 familiaribus
2470 5808 2766 5882 .conﬂcere
2815 5806 3230 5868 consuevimus,
3285 5803 3443 5860 multi
3487 5803 3651 5860 nobis

731 5905 1001 5967 PATBOL.
1048 5905 1137 5962 Gn
1222 5901 1295 5942 υτ
1321 5902 1419 5958 "'.
1763 5939 1770 5942 -

3214 5897 3254 5956 .2
3313 5981 3315 5983 .

2425 5333 2466 5399 ι
2505 5327 2716 5386 NILUS
2752 5325 3238 5384 CHRISTODULO
3273 5325 3333 5380 S.

2149 5445 2420 5512 Quoniam
2452 5444 2624 5514 probe
2655 5441 2771 5496 scio
2808 5449 2859 5494 te
2902 5455 2991 5494 res
3023 5449 3238 5493 nostras
3269 5451 3483 5500 omnes,
3510 5450 3648 5505 qua-

2081 5540 2162 5594 les
2195 5537 2406 5607 quales.
2436 5533 2606 5589 etiam
2638 5548 2801 5590 avere
2847 5547 3202 5600 cognoscere,
3236 5532 3512 5586 desiderio
3551 5541 3650 5586 tuo

2085 5643 2295 5684 morem
2327 5641 2510 5695 geram
2540 5645 2552 5680 :
2583 5635 2763 5680 tacere
2791 5623 2938 5679 enim
2971 5623 3078 5677 non
3111 5625 3260 5677 licet.
3290 5622 3351 5675 In
3375 5623 3652 5691 quotidia-
3732 5621 3739 5627 ’
