4106 6292
501 353 575 418 49

1672 358 2076 420 HISTORIAF

2177 362 2212 421 ti
2255 360 2489 422 LIBER
2527 361 2572 420 l’.
3664 363 3737 425 50

501 470 758 539 δραστὴς,
811 470 914 540 ὶμέ
943 487 1002 524 τε
1028 470 1178 523 οὐδέν
1212 470 1325 523 ἐστι
1354 469 1413 523 te
1451 471 1636 524 πεῖσον
1691 472 1895 541 ταύτης
1939 473 2074 526 ἀπο-

2177 473 2338 533 alius,
2380 469 2825 541 perspectissima
2857 469 3088 538 habens,
3131 479 3442 541 ut'potem,
3487 487 3552 530 ea
3584 487 3739 529 eom~

505 555 697 631 στῆναί
733 560 822 614 διὰ
857 560 1038 630 πάσης
1071 561 1171 630 τῆς
1216 561 1520 631 διηγήσεως
1544 601 1560 624 ,
1592 563 1736 632 ἔχεις
1763 565 1897 632 ὅπερ
1944 563 2072 615 ἑπό-

503 656 637 720 θεις.
666 655 855 721 Ἄξιον
873 655 928 709 δὲ
961 655 1158 725 μικρὸν
1179 654 1391 708 ἄνωθεν
1431 653 1720 708 ἀναλαϐεῖν
1745 653 1843 722 τὴν
1883 651 2072 722 σειρὰν

494 745 597 799 ,τοῦ
635 745 826 814 γένους
874 746 982 797 τῶν
1023 745 1314 814 βασιλέων⁸
1355 745 1432 808 ὡς
1477 744 1542 797 ἂν
1592 743 1864 812 εἰδείημεν
1895 741 1974 803 τίς
2007 745 2070 794 ἐκ

505 839 646 900 τίνος
677 837 803 906 ἔφυ,
835 837 988 900 τινας
1023 853 1081 890 τε
1113 837 1274 899 αὐτὸς
1307 837 1567 896 τετοκὼς,
1599 837 1719 888 τίνα
1760 836 2069 905 προέστησε

509 926 833 992 βασιλεύειν,
861 927 987 989 τοὺς
1025 927 1216 988 ἄλλους
1265 927 1615 994 καταστήσας
1647 925 1820 976 τελεῖν
1844 924 1937 976 ὑπ’
1972 925 2072 976 aii-

506 1035 595 1069 τον

2178 563 2490 617 memorabo
2537 580 2550 616 :
2604 562 3024 632 veritatemque,
3075 573 3334 634 tanquam
3383 581 3611 636 scopum
3657 567 3744 619 in-

2180 661 2362 715 tuens,
2414 666 2744 721 quacunque
2811 653 2918 707 alia
2969 669 3133 708 causa
3193 657 3465 724 potiorem
3522 657 3743 712 ducam.

2176 742 2543 807 Quamobrem
2571 744 2615 797 si
2647 753 2730 807 tu,
2761 741 2904 808 Nile,
2935 745 3051 799 veri
3089 747 3450 814 pernoscendi
3481 763 3540 801 es
3583 748 3757 816 cupi--

2178 833 2304 892 dus,
2336 833 2471 886 nihil
2501 842 2700 888 autem
2725 835 2832 890 erit
2883 835 3026 903 quod
3080 851 3166 890 me
3214 851 3388 904 quam
3431 838 3588 906 longa
3637 837 3746 890 erit

2179 924 2424 976 narratio
2447 923 2518 976 ab
2539 938 2604 978 eo
2623 934 2838 987 avocet,
2858 925 2949 979 fiet
2974 926 3217 993 profecto
3240 929 3385 995 quod
3411 927 3741 995 concupisti.

2180 1012 2391 1065 Verum
2417 1012 2581 1080 paulo
2612 1027 2777 1081 supra
2828 1017 3028 1069 seriem
3072 1015 3187 1070 sive
3221 1017 3593 1087 genealogiam
3639 1019 3743 1072 do-

508 1125 628 1173 mus
680 1110 1051 1179 imperatoriae
1099 1113 1254 1178 juvat
1300 1119 1595 1178 repetere:
1650 1124 1761 1178 quo
1807 1106 2070 1160 nimirum
2109 1095 2294 1174 quisa
2363 1119 2477 1173 quo
2507 1115 2851 1174 procreatus,
2916 1115 2972 1159 et
3009 1105 3216 1175 quibus
3253 1107 3367 1176 ipse
3401 1108 3640 1163 vicissim
3675 1119 3742 1163 ex

504 1219 563 1262 se
589 1203 812 1274 genitis,
841 1219 1005 1280 quem
1037 1203 1291 1272 imperio,
1318 1204 1548 1272 reliquis
1577 1203 1843 1257 fratribus
1869 1200 2192 1262 antelatum,
2228 1199 2554 1263 admoverit,
2589 1201 2907 1269 perspicere
2939 1203 3236 1269 possimus.

585 1297 648 1348 '0
698 1295 948 1366 βασιλεὺς
1017 1296 1198 1348 τοίνυν
1243 1294 1500 1360 Ἀλέξιος,
1549 1299 1576 1346 ὁ
1629 1297 1725 1365 τὴν
1756 1295 2076 1364 ἐπωνυμίαν

464 1422 470 1426 ν
508 1391 794 1458 Ἄγγελος,
829 1390 907 1457 τῷ
945 1387 1206 1458 Θεοδώρῳ
1230 1389 1483 1459 Λάσκαρι
1515 1390 1618 1458 τὴν
1661 1390 1938 1458 θυγατέρα
1978 1406 2077 1441 κα-

504 1481 843 1549 τεγγυήσας,
861 1479 960 1548 τὴν
987 1478 1257 1547 βασίλειον
1277 1479 1449 1550 ἀρχὴν
1464 1479 1793 1548 παρέπεμψε
1822 1479 1954 1549 πρὸς
1982 1478 2078 1531 αὐ-

505 1571 620 1625 τόν.
657 1563 823 1632 Οὗτος
869 1570 925 1623 δὲ
967 1569 1038 1624 αὖ
1096 1569 1256 1622 πάλιν
1312 1569 1541 1639 ἄρρενος
1585 1569 1772 1630 παιδὸς
1828 1567 2072 1635 ἀπορῶν,

2247 1294 2469 1349 Alexius
2513 1295 2683 1364 igitur
2729 1297 3051 1364 imperator,
3092 1305 3454 1366 cognomento
3481 1297 3766 1366 Angelus,

2176 1385 2286 1439 illia
2316 1385 2610 1440 Theodoro
2655 1385 2878 1439 Lascari
2923 1385 3162 1440 thalamo
3204 1387 3432 1448 sociata,
3466 1402 3740 1443 summum

2174 1489 2396 1544 quoque
2423 1475 2795 1544 principatum
2818 1473 2884 1528 ad
2905 1473 3160 1528 eumdem
3190 1476 3514 1530 transmisit.
3544 1475 3743 1530 Lasea-

2176 1567 2252 1622 ris
2281 1566 2470 1622 sobole
2493 1567 2640 1622 virili
2671 1581 2863 1622 carens
2895 1567 3091 1622 Joanni
3152 1567 3404 1632 Batatza’,
3436 1585 3502 1624 ex
3547 1570 3742 1626 ordine

518 1661 740 1731 Ἰωάννῃ
788 1658 864 1728 τῷ
919 1659 1169 1728 Barth-Cp
1197 1658 1256 1722 ἐξ
1309 1657 1643 1728 ἄρχοντικῆς
1676 1656 1882 1723 τάξεως
1935 1657 2070 1712 δντι.

2179 1672 2493 1727 procerum.
2539 1656 2660 1728 [seu
2701 1659 2940 1712 virorum
2969 1657 3330 1729 principum.)
3364 1659 3558 1713 lrenen
3592 1669 3743 1715 exse

505 1750 740 1818 Εἰρήνην
797 1747 895 1818 τὴν
945 1747 1219 1819 θυγατέρα
1267 1747 1604 1814 συνέζευξεν,
1645 1749 1934 1814 ἀποδείξας
1977 1749 2072 1801 καὶ

507 1840 730 1910 βασιλέα
759 1839 852 1893 τὸν
883 1840 1150 1910 κηδεστήν
1172 1856 1186 1872 ·
1211 1839 1361 1909 αὐτῷ
1377 1840 1433 1892 δὲ
1453 1839 1726 1910 Θεόδωρος
1752 1839 2074 1907 γεγέννηται

509 1931 661 1995 παῖς,
695 1931 983 2000 Ῥωμαίων
1011 1931 1105 1983 καὶ
1127 1930 1289 1993 αὐτὸς
1331 1929 1694 1998 βασιλεύσας·
1733 1929 1794 1992 ἐξ
1830 1927 1995 1981 αὐτοῦ
2017 1929 2074 1980 δὲ

507 2021 828 2091 γεγέννηται
861 2019 1138 2090 Ἰωάννης,
1166 2020 1255 2089 ἐφ’
1288 2013 1349 2072 οὗ
1401 2021 1465 2088 δὴ
1514 2019 1614 2089 τῆς
1646 2018 1932 2088 βασιλικῆς
1977 2018 2072 2070 τοῦ

507 2112 698 2177 γένους
741 2110 1132 2180 διατμηθεισης
1183 2112 1390 2180 σειρᾶς,
1429 2111 1520 2162 ἐπὶ
1570 2109 1805 2179 Μηχαὴλ
1849 2109 1940 2160 τὸν
1967 2110 2077 2161 Πα-

506 2198 786 2265 λαιολόγον
829 2199 863 2266 ἡ
895 2199 1146 2268 βασιλεία
1173 2197 1373 2268 μετέϐη
1392 2215 1407 2230 ο
1446 2197 1504 2260 ὃς
1531 2197 1596 2267 δὴ
1632 2197 1825 2259 παῖδας
1855 2199 2078 2264 ἐγέννη-

508 2305 600 2342 σεν
625 2289 861 2358 ᾶρῤενας
893 2292 1044 2358 τρεῖς
1069 2305 1084 2320 ·
1132 2289 1493 2357 Ἀνδρόνικον,
1539 2289 1602 2350 ὃς
1633 2289 1726 2340 καὶ
1782 2288 1889 2339 τῶν
1922 2288 2078 2356 βασι-

509 2381 671 2434 λικῶν
694 2380 986 2434 ἐπελάϐετο
1016 2371 1354 2450 ’σκήπτρων,
1401 2381 1497 2432 καὶ
1529 2380 1942 2432 Κωνσταντῖνον
1989 2379 2080 2431 τὸν

511 2475 568 2527 ὲν
598 2475 661 2543 τῇ
692 2472 947 2544 πορφύρᾳ
971 2472 1252 2542 τεχθέντα,
1291 2473 1386 2524 καὶ
1408 2471 1589 2541 τριτον
1609 2471 1883 2540 Θεόδωρον
1904 2487 1918 2502 ο
1943 2470 2080 2522 ἀλλὰ

2176 1757 2357 1802 natam
2396 1746 2708 1812 calleravit,
2736 1761 3106 1824 generumque
3149 1747 3532 1816 imperatorem
3559 1750 3739 1804 nomi-

2175 1837 2348 1892 navit.
2379 1835 2608 1892 Joannis
2640 1845 2759 1890 satu
2791 1835 3118 1891 Theoderus
3162 1837 3366 1904 editur,
3413 1839 3507 1908 qui
3541 1847 3597 1892 et
3627 1838 3742 1908 ipse

2175 1926 2439 1980 Romanis
2467 1925 2822 1994 imperitavit.
2865 1927 2915 1980 is
2950 1925 3214 1981 Joannem
3256 1936 3424 1994 creat,
3458 1929 3512 1982 in
3544 1928 3595 1998 5
3632 1943 3743 2000 quo

2176 2017 2434 2070 intercisa
2463 2018 2856 2085 propagatione
2891 2017 3266 2087 imperatoria,
3307 2020 3372 2073 ad
3415 2021 3738 2076 Micliaelem

2177 2107 2540 2177 Palmologum
2582 2107 2696 2176 (16)
2743 2122 2808 2161 ex
2862 2124 2982 2163 asse
3028 2111 3336 2179 respublica
3393 2111 3741 2182 demigravit.

2175 2196 2276 2272 Hic
2305 2213 2470 2252 senos
2501 2199 2723 2250 sustulit
2768 2197 2972 2252 liberos
3014 2199 3154 2268 (Π),
3202 2196 3600 2265 Andronicum,
3646 2205 3756 2274 qui.

2175 2290 2341 2341 etiam
2399 2288 2968 2356 secundumpatrem
3034 2289 3090 2343 in
3155 2299 3373 2360 sceptra
3437 2296 3742 2349 successit:

2175 2377 2597 2434 Constantinum
2638 2377 3174 2461 Porphyrogenitum
3220 2381 3333 2450 (18)
3381 2397 3445 2440 ac
3483 2382 3744 2441 Theodo-

2181 2484 2344 2531 rum;
2383 2468 2522 2521 filias
2556 2468 2772 2531 lrenen,
2835 2467 3128 2522 Eudociam
3169 2479 3224 2522 et
3259 2474 3492 2526 Annam.
3532 2472 3744 2529 Andro-

1776 2612 1992 2675 Jacolii
2036 2613 2298 2677 Pontani
2334 2620 2517 2674 notae.

511 2739 785 2794 sariorum
817 2752 1042 2809 suorum
1067 2739 1470 2794 conventiculis
1495 2739 1696 2809 agitata
1720 2739 1860 2795 sint:
1887 2751 1944 2796 et
1972 2744 2079 2797 alia

516 2810 723 2878 utique,
752 2808 953 2877 quibus
980 2809 1170 2878 adesse
1202 2823 1440 2877 praesens
1475 2808 1586 2862 non
1618 2811 1821 2878 potuit.
1843 2810 1955 2864 Nec
1977 2811 2077 2866 Ju-

513 2876 628 2934 lius
659 2876 842 2934 Caesar
894 2876 1150 2932 omnibus
1200 2876 1320 2944 quae
1399 2887 1582 2933 narrat
1620 2876 1828 2933 ‘coram
1881 2879 2074 2945 aﬂuit;

512 2948 673 3002 afl'uit
699 2957 882 3002 autem
919 2947 1206 3018 plurimis:
1240 2955 1296 2999 et
1330 2962 1450 3014 quae
1489 2963 1588 3017 pro
1623 2947 1716 3002 illo
1743 2957 1895 3018 gesta
1922 2961 2071 3013 sunt,

513 3018 635 3078 eius
669 3018 870 3071 virtute
903 3017 1072 3069 multa
1110 3019 1185 3068 et'
1217 3018 1479 3082 auspiciis
1523 3025 1674 3083 gesta
1705 3017 1834 3072 sunt
1863 3020 2069 3074 omnia.

2185 2757 2374 2796 novam
2401 2744 2653 2813 refecerat
2678 2745 2915 2813 miroque
2937 2751 3132 2796 ornatu
3159 2751 3512 2810 επεν-ναοῖσι,
3537 2749 3742 2805 initium

2182 2813 2361 2866 habuit
2379 2829 2407 2889 _:
2433 2815 2665 2889 sic__sa_ne
2695 2815 2749 2866 in
2778 2813 3128 2889 Δ(ἰοιιδιιιιιιὶμηο
3160 2823 3361 2889 octavo.
3409 2820 3511 2889 cui
3534 2834 3740 2889 quoque

2179 2895 2350 2936 mater
2369 2881 2467 2949 fuit
2501 2881 2722 2943 Helena,
2754 2883 2927 2935 desiit.
2964 2882 3100 2946 Quin
3133 2884 3291 2935 etiam
3314 2899 3432 2937 eum
3457 2887 3511 2938 id
3545 2881 3741 2942 tenuis-

2179 2961 2293 3005 sent
2330 2949 2506 3004 Latini
2535 2960 2660 3021 quoet
2685 2951 2838 3021 annis
2868 2968 3032 3021 supra
3053 2953 3302 3016 diximus,
3335 2965 3382 3004 et
3407 2970 3586 3009 eorum
3612 2975 3740 3011 aus-

2177 3021 2314 3088 picia
2346 3023 2491 3090 regni
2514 3019 2567 3092 _a
2617 3019 2878 3092 Baldyino
2921 3020 3188 3092 Flandrite
3225 3023 3413 3074 comite
3446 3027 3738 3092 erupissent,

514 3087 670 3141 Valet
716 3087 786 3164 ad
838 3085 1232 3164 eoneiliandam
1291 3085 1532 3164 historiae
1583 3085 1768 3164 fidem,
1825 3088 2069 3164 scribere
2104 3106 2144 3162 α
2179 3085 2258 3144 sic
2284 3085 2704 3164 postmodumin
2736 3089 3020 3164 Baltl_uino,
3043 3093 3272 3164 secundo
3297 3085 3543 3146 nimirum
3579 3085 3737 3164 hujus

515 3171 635 3222 quae
684 3144 1048 3218 videris,'non
1085 3169 1206 3222 quae
1252 3154 1539 3210 audieris:
1583 3144 1765 3224 oculis.
1804 3157 2073 3224 siquidem

516 3224 719 3279 certior
766 3224 900 3278 fides
945 3232 1049 3286 est,
1095 3238 1256 3291 quam
1292 3225 1540 3279 auribus.
1580 3222 1760 3288 Quare
1804 3222 2073 3289 nonnulli,

515 3309 626 3361 quo
645 3293 1009 3362 cxploratiora
1030 3302 1086 3346 et
1115 3291 1512 3362 Indubitatiora
1558 3301 1782 3360 possent
1805 3295 2073 3360 scribere,

517 3361 738 3427 ipsimet
777 3373 953 3416 terras
987 3361 1348 3432 etwregiones
1398 3370 1780 3432 peragrarunt,
1848 3373 1907 3417 ut
1950 3364 2078 3420 Dio-

515 3432 684 3486 dorus
712 3432 949 3492 Siculus,
981 3429 1294 3483 Sallustius.

585 3499 698 3570 (l6)
723 3499 962 3570 Michael
980 3497 1316 3570 Palreolqgus
1339 3499 1601 3554 Joannem
1632 3503 2075 3569 puerum,Theo-

517 3567 639 3638 deri
682 3567 890 3632 lilium,
936 3568 1161 3623 Joannis
1205 3568 1439 3622 Batatue
1477 3567 1752 3638 nepotem,
1801 3572 2072 3627 Theodori

516 3636 765 3692 Lascaris
811 3645 1189 3713 pronepotem,
1223 3638 1493 3713 lueredem
1531 3636 1856 3713 legitimum,
1916 3644 2073 3713 cujus

519 3717 668 3761 tutor
699 3701 828 3762 erat
871 3701 1176 3776 institutus,
1233 3708 1439 3760 nefarie
1489 3701 1817 3776 exobulavit,
1843 3701 2073 3771 ivcl,'ut

517 3777 608 3830 alii
651 3777 978 3837 retulerunt,
1011 3774 1311 3841 interfecit;
1358 3777 1646 3844 imperium
1693 3774 2076 3834 Constantino-

517 3846 818 3968 politanum
870 3844 1089 3899 circiter
1147 3859 1320 3924 annos
1359 3860 1451 3898 sex
1496 3854 1550 3898 et
1593 3847 1984 3930 quinquaginta
2015 3866 2075 3932 na

563 3925 746 3968 atims.
777 3913 846 3967 ab
879 3929 1024 3968 anno
1058 3913 1272 3966 Domini
1307 3913 1442 3967 1205
1467 3915 1532 3968 ad
1563 3914 1723 3968 1259.
1756 3932 1850 3968 seu
1875 3931 1933 3968 ιιι
1959 3919 2070 3968 alii-

563 3915 746 3984 atinis,
777 3913 846 3967 ab
878 3929 1024 3984 anno
1058 3913 1272 3966 Domini
1307 3913 1442 3967 1205
1467 3915 1532 3968 ad
1563 3913 1723 3980 1259,
1748 3913 1933 3971 ἐοιιίιι
1959 3919 2070 3984 alii,

520 3983 589 4038 ad
636 3998 810 4038 annos
839 3983 1061 4038 circiter
1094 3994 1226 4053 tres,
1254 3991 1310 4036 et
1333 3984 1642 4053 sexaginta,
1693 4001 1720 4038 a
1765 3986 1960 4053 Belgis,
1994 3989 2076 4040 in-

519 4068 704 4121 quam,
750 4061 1097 4120 occupatum,
1141 4052 1300 4119 pulso
1330 4052 1597 4107 Balduino
1635 4052 1899 4117 secundo,
1930 4056 2076 4111 Gne-

521 4123 602 4176 cis
643 4121 911 4191 restituit.
950 4121 1164 4189 sibiQUe
1206 4123 1508 4191 usurpavit.
1545 4122 1676 4177 Vide
1702 4123 2072 4191 Nicephorum

521 4191 837 4259 Gregoram,
879 4190 975 4244 lib.
1005 4205 1060 4243 ιιι
1086 4197 1141 4242 et
1173 4205 1246 4259 ivi;
1283 4190 1500 4243 Petrum
1540 4191 1809 4254 Bizarum,
1841 4190 1902 4245 de
1943 4193 2074 4248 bello

528 4258 745 4322 Veneto,
787 4259 928 4312 libro
964 4260 1164 4330 primo.
1212 4258 1379 4330 Docet
1427 4260 1569 4313 idem
1617 4262 1884 4330 Gregoras
1932 4263 2076 4317 libro

521 4338 695 4391 sexto,
720 4343 830 4398 quo
861 4339 1017 4394 pacto
1046 4329 1390 4382 Andronicus
1420 4330 1583 4392 ﬁlius,
1615 4329 1824 4398 paterni
1853 4331 2074 4386 sceleris

524 4399 813 4478 vindictam
839 4405 1087 4491 inetueiis
1119 4403 1208 4464 (ne
1233 4406 1292 4491 et
1324 4398 1435 4466 ipse
1459 4399 1714 4452 videlicet
1737 4402 1924 4491 pleulLos
1947 4417 2069 4491 ςυιιι
2104 4437 2146 4491 Β

523 4467 752 4534 imperio
785 4467 1062 4536 amitteret
1091 4475 1313 4536 propter
1347 4482 1506 4534 quem
1542 4481 1696 4536 pater
1737 4470 1961 4525 Michael
1991 4471 2071 4524 le-

521 4535 768 4605 gitimum
820 4535 1090 4606 hiercdem
1129 4535 1210 4606 ita
1243 4535 1565 4606 crudeliter
1597 4542 1964 4606 tractaverat),
2010 4539 2076 4594 ad

522 4603 648 4658 eum
680 4607 732 4657 in
767 4603 1004 4674 quodam
1039 4604 1304 4671 Bithyniae
1331 4605 1589 4674 oppidulo
1623 4603 1956 4663 custoditum
1979 4624 2075 4663 ve-

523 4675 688 4733 nerit,
722 4673 1033 4726 consolatus
1084 4675 1172 4735 sit,
1208 4676 1272 4724 ad
1298 4674 1501 4728 vit-tum
1552 4686 1607 4729 et
1643 4678 1848 4730 cultum
1897 4679 2077 4730 omnia

525 4743 702 4807 quoad
746 4743 974 4800 viveret,
1011 4741 1394 4811 suppeditarit.
1431 4773 1502 4782 ——
1543 4743 1832 4799 Familiam
1868 4746 2078 4800 Palwo-

525 4812 760 4880 logorum
785 4826 845 4862 ea:
872 4811 1054 4872 Italia,
1085 4810 1135 4862 et
1173 4810 1378 4864 Viterbo
1413 4812 1645 4867 Etruria:
1685 4817 1898 4869 civitate
1937 4817 2081 4873 haud.

522 4881 737 4949 ignobili
768 4881 1019 4952 originem
1052 4881 1302 4952 traxisse,
1333 4882 1594 4952 nonnullis
1627 4883 1797 4952 placet
1829 4902 1846 4937 :
1875 4894 1925 4938 et
1952 4901 2078 4938 con-

523 4952 732 5001 tinuata
768 4951 995 5020 quadam
1022 4952 1152 5020 serie
1197 4967 1260 5003 ea:
1285 4951 1380 5003 hac
1419 4950 1652 5005 limares
1693 4955 1908 5020 imperio
1944 4953 2082 5006 Con-

523 5019 996 5086 stantinopolitano
1033 5019 1144 5072 dati
1171 5029 1312 5081 sunt,
1350 5022 1500 5073 annis
1523 5023 1725 5075 circiter
1753 5031 1958 5076 centum
1990 5039 2080 5076 no-

525 5089 1000 5161 nagintaquatuor
1031 5103 1047 5139 :
1075 5087 1264 5161 _donec
1323 5091 1535 5161 tandem?
1570 5091 1934 5161 refrigescente
1963 5094 2078 5161 pri-

523 5157 661 5229 stina
698 5155 790 5229 illa
814 5159 1003 5229 virtute
1034 5155 1677 5229 pietatequeChristiana,
1699 5155 1876 5214 omnia
1911 5155 2080 5229 segni-

524 5227 594 5276 tie
613 5227 840 5300 quadam
892 5227 1488 5300 etudinersisstudiiain
1514 5229 1737 5283 deterius
1770 5229 1875 5283 labi
1915 5227 2079 5300 caepe-

526 5306 650 5368 Luut
681 5297 812 5355 :sic,
845 5307 900 5349 ut
929 5297 1356 5365 ﬂorentissimum
1383 5295 1683 5350 Grtvcorum
1710 5295 2000 5368 imperium-
2024 5301 2077 5353 in

528 5361 820 5433 Turcarum
851 5361 1038 5418 manus
1085 5381 1146 5417 ac
1162 5375 1470 5433 potestatem
1486 5361 1924 5430 devenireh'anno
1959 5369 2078 5422 mil-

528 5432 708 5486 lesimo
749 5435 1258 5508 quadringentesimo
1280 5436 1702 5508 quinquagesimo
1732 5439 1902 5500 tertio,
1933 5448 2076 5508 post-

528 5516 684 5572 quam
708 5501 852 5556 mille
878 5501 1083 5572 centum
1113 5511 1162 5555 et
1217 5501 1443 5571 amplius
1499 5501 1786 5572 nonaginta
1819 5501 1970 5561 annis
1998 5511 2078 5560 in-

528 5569 730 5641 colume
747 5573 985 5625 stetisset.
1015 5571 1078 5626 Ut
1101 5581 1277 5625 autem
1293 5569 1568 5641 imperium
1605 5569 1698 5627 hoc
1729 5591 1760 5626 a
1811 5575 2075 5631 Constan-

531 5640 641 5689 tino
666 5657 854 5708 magno
878 5641 1073 5693 Helena
1110 5650 1276 5694 matre
1305 5640 1494 5710 genito,
1536 5645 1622 5710 qui
1667 5647 1799 5696 hanc
1831 5645 2007 5700 urbem
2049 5664 2076 5700 e

531 5709 797 5763 ruderibus
820 5718 866 5762 et
885 5709 1214 5764 nobilissima:
1256 5709 1582 5781 antiquitatis
1603 5712 1899 5780 fraqmcntis
1918 5716 2077 5776 plane

2179 3161 2426 3231 nominis,
2459 3160 2816 3231 eoncideritnt.
2843 3158 2968 3231 Hzec
3000 3168 3058 3231 ut
3086 3159 3371 3231 perspicua
3415 3170 3472 3214 et
3506 3158 3732 3231 cognitu

2177 3228 2341 3310 digna
2371 3245 2438 3283 ex
2470 3228 2640 3283 Bizari
2680 3228 2823 3283 libro
2869 3245 2882 3282 ι
2924 3230 2992 3283 de
3037 3229 3180 3283 bello
3216 3230 3419 3283 Veneto
3452 3228 3737 3289 inferenda

2181 3298 2791 3435 dualigugosteritatem
2846 3365 3124 3420 Michaelis
3162 3367 3446 3435 Paleologi
3485 3382 3594 3422 tam
3619 3371 3736 3426 dis-

2181 3436 2366 3501 tincte,
2389 3438 2549 3506 plene
2599 3451 2837 3507 ac_ver_e
2867 3451 2974 3507 non
3010 3435 3166 3507 facile
3215 3438 3358 3507 apud
3389 3440 3525 3492 alios
3561 3442 3739 3507 expli-

2178 3515 2353 3560 catam
2379 3504 2625 3578 Leernas.
2661 3504 2816 3578 Quod
2854 3505 3197 3578 ignorantiae
3247 3505 3489 3578 historiae
3548 3504 3733 3578 hujus,

2180 3589 2300 3656 quae
2328 3575 2509 3630 adhuc
2542 3572 2923 3662 inute'nebris'
2951 3575 3553 3662 jacuitnascribepduin
3582 3572 3736 3662 quis;
3812 3572 3815 3573 ⁷
3852 3653 3859 3662 ⁸

2179 3645 2325 3714 piam
2380 3645 2667 3714 putaverit.
2702 3645 2931 3710 Propter
2954 3644 3117 3712 quam
3154 3644 3513 3714 ignorantiam
3565 3644 3736 3703 multa

2180 3713 2340 3768 aliter
2367 3713 2436 3769 ab
2459 3716 2578 3770 aliis
2606 3721 2822 3768 narrata
2868 3721 2924 3767 et
2950 3723 3128 3768 errata
3168 3713 3312 3768 sunt.

2249 3783 2360 3852 (18)
2403 3785 2656 3856 Verbum_
2687 3797 2717 3835 e
2753 3783 2942 3845 verbo,
2990 3791 3040 3837 et
3078 3782 3480 3856 Constantinum
3520 3785 3574 3839 in
3608 3802 3736 3856 pur-

2179 3869 2313 3921 pura
2356 3861 2558 3907 natum.
2612 3853 2725 3907 Hoc
2757 3861 2861 3918 est,
2911 3862 3065 3922 patre
3090 3853 3218 3922 jam
3267 3853 3734 3922 purpurato.'seu

2179 3936 2475 3990 purpuram
2502 3931 2770 3991 gestante,
2798 3921 2942 3990 quod
2971 3921 3220 3991 solebant
3247 3922 3608 3989 imperatores
3636 3941 3649 3976 :
3677 3925 3734 3977 id
3824 3981 3827 3986 _

2177 3989 2324 4043 enim
2353 4001 2472 4062 erat
2501 3989 2692 4045 eorum
2725 3989 2957 4058 insigne.
2989 3990 3095 4062 Seu
3127 3989 3220 4062 qui
3261 4000 3422 4062 natus
3441 3994 3733 4062 estimpe-

2179 4068 2348 4122 rator,
2381 4061 2447 4112 ad
2474 4075 2635 4128 quem
2671 4073 2931 4128 purpura,
2963 4061 3077 4112 sive
3126 4059 3416 4128 imperium
3459 4059 3646 4128 cujus
3667 4077 3754 4116 ea.

2177 4127 2500 4198 symbolum
2528 4137 2588 4198 et
2607 4127 2908 4198 indicium,_
2931 4142 3026 4181 seu
3045 4127 3342 4198 __successio_
3388 4127 3440 4198 i_n
3473 4127 3728 4198 imperio,

2181 4194 2299 4264 ipso
2329 4206 2484 4268 ortus
2520 4197 2646 4266 jure
2681 4195 3006 4268 pertinebat.
3042 4194 3281 4268 Tametsi
3327 4194 3564 4268 infantes
3596 4215 3734 4268 quo-

2216 4280 2282 4318 ue
2337 4266 2440 4336 ipsi
2491 4264 2782 4336 purpureis
2820 4264 3003 4336 fasciis
3029 4264 3230 4336 involvi
3261 4264 3524 4336 solerent,
3583 4264 3731 4336 quod

2216 4281 2282 4318 ne
2337 4281 2440 4333 ipsi
2491 4281 2782 4334 purpureis
2820 4281 3230 4319 iascnsmvom
3261 4281 3524 4327 emerent,
3583 4281 3731 4336 quod

2177 4281 2247 4388 3e
2269 4349 2328 4389 se
2364 4333 2518 4389 Anna
2552 4334 2849 4397 Comnena,
2905 4334 3080 4388 Alexii
3121 4333 3249 4395 tilia,
3284 4333 3606 4390 Prmfatiene
3636 4338 3733 4390 Hi-

2179 4403 2362 4458 storia:
2392 4419 2506 4458 sua:
2542 4405 2884 4458 testificatur.
2907 4403 3079 4458 Unico
3116 4403 3283 4457 verbo
3311 4401 3496 4458 Graece
3531 4405 3732 4460 dicitur

2181 4474 2724 4542 Πορφυρογεννήτης,
2763 4474 2908 4540 quod
2961 4473 3103 4526 malo
3148 4473 3270 4540 (nec
3307 4472 3359 4525 id
3395 4473 3514 4527 sine
3548 4489 3732 4529 exem-

2181 4543 2290 4610 plo)
2311 4540 2548 4596 reddere
2577 4540 3073 4612 Porphyrogenitus,
3092 4555 3202 4608 quo
3222 4541 3398 4612 magis
3430 4542 3729 4605 Iatinizem.

2178 4607 2345 4677 quam
2365 4607 2894 4680 retinereiGrtecuifi,
2921 4625 2984 4664 ac
3006 4607 3189 4680 dicere
3214 4607 3729 4680 Porphyrogeimela.

2181 4680 2563 4734 Verumtamen
2593 4679 2982 4749 Constantinus
3029 4679 3132 4749 iste
3169 4693 3275 4749 non
3306 4679 3406 4734 fuit
3452 4682 3731 4749 proximus

2155 4749 2350 4819 .Iiaeres
2375 4749 2610 4817 imperii,
2635 4748 2728 4801 sed
2754 4749 3039 4817 posterior.
3063 4748 3279 4819 Etenim
3303 4748 3528 4810 Michael
3576 4761 3731 4819 pater

2178 4817 2513 4887 Andronico,
2555 4825 2681 4871 ante
2721 4833 3016 4887 purpuram
3041 4817 3144 4870 sibi
3183 4827 3328 4887 nato,
3377 4829 3434 4873 ut
3478 4817 3727 4887 app—aret,

2179 4887 2390 4953 priores
2415 4885 2544 4941 dare
2569 4887 2757 4941 voluit.
2789 4885 3005 4941 Peterat
3035 4887 3176 4940 inter
3200 4885 3616 4941 Consmntimim
3671 4901 3728 4945 et

2179 4954 2548 5026 Andronicum
2595 4956 2804 5009 fratres
2844 4956 3035 5026 eadem
3088 4956 3158 5026 lis
3211 4954 3572 5026 intercedere.
3607 4974 3728 5026 qua-
3796 5013 3803 5024 ,

2178 5027 2321 5078 inter
2344 5025 2688 5078 Artemenem
2745 5034 2801 5078 et
2844 5023 3099 5088 Xerxem,
3132 5025 3275 5077 Darii
3310 5025 3596 5078 Persarum
3627 5023 3725 5081 reo

2177 5094 2256 5163 gis
2293 5092 2434 5163 filios
2462 5094 2786 5148 intercessit.
2831 5097 3148 5147 Artemenes
3177 5093 3468 5159 siquidem,
3506 5107 3564 5148 ιιι
3593 5105 3726 5150 natu

2179 5161 2465 5222 maximus,
2489 5163 2663 5217 aetatis
2684 5163 3035 5232 prazrogativa
3063 5163 3348 5232 imperium
3373 5165 3435 5215 ad
3459 5177 3516 5232 se
3555 5167 3728 5219 trahe-

2177 5232 2289 5293 bat,
2319 5233 2460 5299 quod
2478 5233 2568 5301 jus
2612 5243 2666 5287 et
2693 5234 2827 5287 ordo
2851 5231 3130 5292 nascendi,
3159 5243 3214 5285 et
3241 5240 3431 5301 natura
3459 5231 3572 5299 ipsa
3595 5248 3729 5301 gen.

2178 5301 2323 5355 tibus
2347 5299 2516 5355 dedit.
2551 5301 2756 5356 Xerxes
2794 5301 3219 5355 contr0versiani
3251 5315 3362 5368 non
3393 5299 3460 5358 de
3505 5299 3721 5368 ordine,

2177 5371 2268 5424 sed
2301 5368 2368 5422 de
2411 5371 2669 5423 nascendi
2695 5371 2960 5424 felicitate
2993 5370 3280 5422 referebat.
3325 5367 3568 5437 Namque
3616 5367 3724 5424 Ar-

2179 5450 2446 5508 teiiienem
2477 5440 2711 5507 primunt
2743 5439 2963 5506 quidem
3004 5439 3178 5499 Dario,
3210 5437 3302 5491 sed
3328 5439 3551 5508 privato
3591 5456 3724 5508 pro-

2175 5507 2408 5567 venisse,
2431 5506 2487 5560 se
2521 5510 2630 5573 regi
2660 5508 2894 5574 primum
2927 5516 3286 5569 natum,etc.,
3316 5506 3719 5564 Justinus—lib.

2177 5593 2233 5641 tt,
2258 5577 2325 5629 de
2348 5576 2662 5630 eorumdem
2694 5575 3031 5628 memorabili
3063 5576 3353 5629 concordia
3380 5575 3434 5627 in
3460 5580 3729 5642 petitione

2177 5645 2326 5710 regni
2349 5661 2382 5717 ;_
2411 5645 2756 5717 Plutarchus,
2792 5644 2935 5696 libro
2973 5643 3045 5717 De
3089 5659 3266 5697 amore
3317 5648 3573 5711 jratcrno,
3607 5651 3722 5717 ubi,

2176 5730 2334 5771 auem
2359 5715 2606 5771 Justinus
2630 5715 2996 5775 Artemenem,
3025 5713 3137 5780 ipse
3163 5716 3504 5769 Ariamencin
3544 5713 3719 5773 vocat.
