4106 6292
333 301 403 367 δί
734 291 740 300 ’
1508 296 1910 376 HISTORIAi

2012 314 2058 376 li
2098 317 2328 379 LIBER
2369 319 2422 384 l.
3505 321 3581 385 62

336 423 435 476 καὶ
490 420 652 483 αὐτὸς
707 422 766 475 ἑν
817 421 1210 498 Θεσσαλονίκῃ,
1245 425 1429 495 τρίτον
1469 427 1606 494 πρὸς
1637 431 1909 501 τεσσαρά-

2012 432 2136 488 ldus
2169 432 2466 498 Octobres,
2497 432 2680 504 primo
2708 434 2798 488 die
2829 431 3190 490 hebdomadis
3233 433 3416 507 [quem
3466 437 3574 498 Do-

337 531 502 568 κοντα
554 514 748 582 χρόνον
803 513 955 582 ἄγων
1020 516 1122 584 τῆς
1175 516 1418 586 ἡλικίας,
1477 518 1634 583 ἔτους
1686 523 1910 576 ὲννάτου

338 607 476 677 πρὸς
513 607 624 667 τοῖς
663 607 837 659 εἴκοσι
868 607 965 659 καὶ
993 607 1340 671 ὀκτακοσίοις
1380 610 1472 663 καὶ
1500 612 1909 683 ἑξακισχιλίοις,

338 698 619 770 δωδεκάτῃ
681 699 854 767 μηνδς
908 700 1267 770 ὐκτωσρίου,
1316 703 1502 772 ἡμέρᾳ
1562 704 1752 776 πρώτῃ
1812 708 1912 775 τῆς

340 790 655 858 ἑϐδομάδος.
686 788 904 842 Τούτων
933 789 1076 842 οὕτω
1109 792 1558 860 συνενεχθέντων,
1587 793 1912 861 ἀγγέλλεται

337 881 417 949 τῷ
452 881 669 950 βασιλεῖ
714 879 1039 950 Ἀνδρονίκῳ
1071 881 1148 950 τῷ
1181 881 1276 934 τοῦ
1307 883 1759 952 τετελευτηκότος
1802 903 1910 937 πα-

338 979 430 1046 τρὶ
472 981 505 1047 ή
543 977 637 1030 τοῦ
676 977 942 1047 βασιλέως
980 977 1076 1029 καὶ
1123 977 1242 1030 υίοῦ
1278 977 1524 1049 τελευτή.
1560 978 1670 1031 Καὶ
1718 978 1910 1048 χρόνον

342 1068 443 1138 μέν
495 1085 619 1121 τινα
677 1068 872 1136 συχνὸν
933 1069 1234 1137 ἐπένθησεν
1290 1069 1384 1121 ἐπὶ
1427 1069 1506 1140 τῷ
1553 1069 1767 1138 βασιλεί
1818 1072 1912 1124 καὶ

339 1157 493 1210 παιδί
512 1175 528 1190 ο
585 1159 646 1210 οὐ
677 1158 786 1226 γὰρ
815 1157 990 1227 ἄκρας
1019 1157 1253 1227 ἔψαυσεν
1279 1158 1443 1212 αὐτοῦ
1481 1159 1710 1228 καρδίας
1750 1162 1782 1229 ἡ
1813 1160 1906 1213 τοῦ

338 1247 506 1303 καλοῦ
563 1249 753 1310 παιδὸς
797 1248 1047 1316 τελευτή.
1107 1247 1242 1303 Εἶτα
1293 1249 1548 1318 δαίμονός
1595 1267 1740 1313 τινος
1803 1250 1910 1304 τῶν

336 1339 722 1410 ἑξητασμένων
750 1340 844 1391 ἐπὶ
883 1340 1082 1410 φθορᾷ,
1119 1339 1257 1410 βαρὺ
1297 1342 1389 1392 καὶ
1417 1342 1608 1411 ἄγριον
1637 1342 1778 1394 κατὰ
1811 1340 1910 1408 τῆς

347 1433 640 1500 Ῥωμαίων
697 1430 1032 1499 πνεύσαντος
1087 1432 1364 1502 εὐτυχίας,
1400 1431 1458 1502 ἢ,
1509 1432 1910 1502 τὰληθέστερον

341 1527 546 1596 μᾶλλον
585 1527 783 1589 εἰπεῖν,
810 1525 977 1578 αὑτοῦ
1025 1525 1122 1578 τοῦ
1169 1525 1237 1577 τὰ
1274 1525 1451 1577 πάντα
1495 1525 1910 1593 οἱκονομοῦντος

337 1618 475 1672 Θεοῦ
529 1618 663 1686 πρὸς
709 1596 916 1670 ἐκτισίν
958 1617 1069 1670 τῶν
1099 1616 1192 1668 ἐπὶ
1224 1616 1419 1687 πλήθει
1453 1617 1563 1670 ’καὶ
1596 1617 1818 1687 μεγέθει
1849 1617 1910 1670 τδ

340 1710 542 1780 μέτρον
602 1709 1040 1778 ὑπερϐαινόντων
1094 1709 1382 1780 ἡμετέρων
1439 1707 1774 1778 σφαλμάτων
1837 1710 1907 1761 τὰ

2015 525 2279 580 minicum
2327 525 2764 596 appellitamus.)
2795 524 2934 580 Cum
2969 526 3087 580 haec
3125 528 3193 580 ad
3244 528 3425 582 istunc
3461 545 3577 582 mo-

2013 613 2144 668 bum
2177 614 2492 669 evenissent
2516 652 2531 674 .
2578 615 2928 671 Andronicus
2957 616 3142 670 senior
3176 616 3245 670 de
3274 617 3394 685 ejus
3419 618 3575 672 obitu

2012 706 2220 760 certior
2247 705 2441 768 factus,
2472 706 2526 759 in
2570 705 2834 761 diuturno
2861 722 3102 762 maerore
3126 708 3300 776 jacuit
3329 709 3476 776 (3i);
3523 709 3577 761 in

2013 805 2206 862 pectus
2252 785 2399 849 enim
2452 795 2862 864 penitissimum
2909 806 3018 849 tam
3059 796 3188 850 boni
3225 796 3316 850 lilii
3350 813 3579 852 occasus

2012 887 2372 940 descenderat
2404 887 2538 955 (52).
2573 886 2706 939 Exin
2737 888 2996 956 quopiam
3042 890 3184 942 malo
3211 890 3478 953 daemone,
3509 889 3578 943 de

2012 979 2081 1034 iis
2105 980 2198 1049 qui
2235 981 2290 1034 in
2323 980 2494 1033 exitio
2518 979 2838 1034 hominibus
2873 981 3240 1035 machinando
3269 992 3397 1036 sunt
3426 989 3606 1037 excr-’

2013 1070 2166 1126 citati
2225 1071 2378 1140 (55),
2436 1071 2704 1125 adversus
2753 1070 3128 1126 Romanorum
3193 1073 3373 1127 felicia
3435 1083 3576 1127 tem-

2013 1178 2144 1232 pora
2183 1161 2306 1232 {51)
2329 1163 2510 1216 dirum
2558 1172 2610 1217 et
2645 1164 2885 1217 immane
2917 1167 3186 1240 spirante,
3211 1166 3458 1234 quinimo
3495 1169 3580 1229 (ut

2013 1253 2198 1307 verius
2228 1253 2444 1322 loquar)
2476 1253 2596 1324 ipso
2628 1255 2944 1308 universam
2975 1265 3225 1309 naturam
3251 1265 3580 1322 procurante

2011 1346 2123 1399 Deo
2148 1345 2213 1399 ad
2235 1346 2560 1400 delictorum
2581 1354 2915 1410 nostrorum,
2942 1361 3049 1415 qua
3077 1348 3450 1412 multitudine,
3471 1364 3578 1415 qua

2011 1437 2278 1506 gravitate
2330 1437 2670 1491 infinitarum
2726 1453 2915 1513 plenas
2963 1439 3302 1506 expetendas
3354 1440 3582 1509 permit-

2012 1535 2161 1581 tente
2215 1528 2326 1594 (55)
2357 1569 2371 1592 ,
2409 1529 2764 1583 Andronicus
2803 1529 3087 1584 decretum
3125 1530 3234 1599 jam
3282 1531 3581 1598 imperato-

2012 1633 2139 1682 rem,
2159 1630 2413 1687 nepotem
2468 1635 2627 1673 suum
2686 1620 3062 1674 Andronicum
3108 1622 3422 1691 juniorem,
3477 1623 3582 1675 im-

2011 1711 2169 1779 perio
2193 1713 2515 1780 spoliatum,
2561 1712 2618 1765 in
2658 1713 2910 1766 ordinem
2943 1714 3216 1784 redigere,
3247 1731 3312 1769 ac
3362 1732 3465 1785 pro
3510 1732 3580 1770 eo

336 1807 565 1859 τοιαῦτα
593 1803 1073 1876 παραχωροῦντος,
1101 1805 1193 1857 ἐπὶ
1233 1801 1360 1857 νοῦν
1393 1803 1612 1873 ἔρχεται
1643 1803 1720 1874 τῷ
1761 1804 1908 1874 βασι-

2012 1803 2427 1858 Constantinum
2447 1803 2618 1856 filiuni
2643 1803 2930 1871 despotam
2955 1805 3233 1874 imperiali
3265 1807 3579 1862 diademate

335 1896 420 1949 λεῖ
461 1896 810 1965 Ἀνδρονίκῳ,
835 1896 926 1948 τὸν
954 1895 1054 1964 μὲν
1087 1895 1409 1948 καθεστῶτα
1433 1895 1660 1964 βασιλέα
1688 1895 1781 1948 τὸν
1815 1896 1910 1948 έκ-

2012 1910 2276 1950 exornare
2298 1896 2615 1950 meditatur.
2645 1895 2836 1964 Neque
2868 1896 2922 1948 id
2959 1905 3068 1950 tam
3108 1897 3282 1966 ipsius
3309 1899 3581 1953 Constan-

335 2005 502 2056 γονον
541 1987 705 2041 αὐτοῦ
751 1987 846 2040 τὸν
875 1987 998 2042 νέον
1032 1988 1374 2056 Ἀνδόρνικον
1400 1988 1772 2058 ἀποστερῆσαι
1809 1989 1912 2056 τῆς

340 2080 644 2149 βασιλείας,
689 2081 785 2133 καὶ
826 2081 905 2142 εἰς
935 2079 1148 2133 ἰδιώτου
1181 2080 1522 2149 μεταστῆσαι
1553 2080 1741 2149 σχῆμα
1763 2094 1779 2111 ο
1821 2078 1913 2132 τὸν

341 2171 457 2224 υἱὸν
503 2171 561 2224 δὲ
586 2169 754 2224 αὑτοῦ
787 2171 879 2223 τὸν
928 2171 1339 2224 Κωνσταντίνον
1364 2157 1633 2238 δεσπότην
1671 2169 1800 2222 δντα
1828 2169 1906 2240 τῷ

337 2262 630 2333 διαδήματι
655 2262 756 2332 τῆς
782 2261 1062 2331 βασιλείας
1105 2260 1384 2331 κοσμῆσαι
1409 2275 1426 2290 ⁸
1466 2260 1528 2312 οὐ
1573 2260 1773 2329 μᾶλλον
1807 2261 1908 2314 αὐ-

337 2354 434 2408 τοῦ
463 2358 654 2408 τούτου
681 2373 746 2424 γε
777 2355 940 2408 ἕνεκα
960 2353 1272 2424 διανοηθεὶς
1305 2352 1463 2408 τοῦτο
1489 2351 1581 2406 τοῦ
1609 2355 1906 2407 Κωνσταν-

342 2447 522 2514 τίνου,
559 2447 592 2516 ἢ
622 2447 764 2500 ὥστε
783 2447 845 2500 τὸ
864 2446 963 2516 τῆς
990 2445 1267 2516 βασιλείας
1297 2445 1538 2515 ἀξίωμα,
1569 2443 1663 2498 καὶ
1697 2445 1780 2508 είς
1815 2444 1908 2498 τὸν

337 2538 404 2590 ὲκ
449 2537 726 2606 παλλακῆς
757 2535 909 2606 αὐτῷ
963 2535 1029 2607 δὴ
1064 2535 1143 2606 τῷ
1188 2536 1586 2606 Κωνσταντίνῳ
1631 2536 1907 2605 πρόσοντα

338 2627 505 2681 παῖδα
553 2628 858 2698 μεταϐῆναι
903 2628 996 2680 τὸν
1026 2627 1270 2699 Μιχαὴλ,
1294 2628 1371 2691 ὡς
1401 2628 1676 2698 πατρόθεν
1716 2629 1815 2682 καὶ
1847 2627 1908 2694 ἐξ

339 2718 609 2789 ἁρμονίας
648 2719 796 2789 αὐτῷ
827 2723 1102 2790 προσῆκον
1127 2737 1142 2752 ο
1183 2719 1240 2782 ὃς
1269 2719 1334 2790 δὴ
1362 2720 1457 2774 καὶ
1489 2720 1745 2791 Καθαρὸς
1774 2720 1908 2774 ὠνό-

342 2825 520 2878 μαστο
550 2808 824 2880 μητρόθεν
850 2808 1033 2880 λαχὼν
1058 2808 1156 2880 τὴν
1177 2808 1370 2880 κλῆσιν
1392 2825 1407 2840 ο
1448 2801 1604 2873 οὗτος
1641 2809 1704 2879 δὴ
1748 2812 1777 2864 ὁ
1802 2810 1909 2865 Μι-

2011 1987 2110 2041 ιῑιιί
2142 2002 2330 2050 causa,
2360 2002 2524 2056 quam
2572 1996 2632 2041 ut
2675 1987 2984 2056 amplitudo
3034 1988 3384 2058 imperatoria
3409 1991 3579 2045 etiam

2010 2078 2078 2132 ad
2120 2078 2440 2132 Michaelem
2500 2093 2758 2148 puerum,
2803 2079 2906 2149 ipsi
2959 2081 3320 2135 Constantino
3362 2097 3429 2136 ex
3477 2083 3580 2137 Ca-

2017 2169 2174 2224 thara
2206 2169 2401 2237 pellice
2426 2169 2536 2238 (36)
2558 2180 2766 2235 natum,
2794 2172 2846 2240 (a
2879 2187 2985 2240 qua
3010 2180 3062 2226 et
3085 2171 3355 2227 Catharus
3378 2189 3581 2242 cogno-

2020 2275 2146 2314 men
2179 2258 2438 2329 invenit),
2479 2270 2740 2329 tanquam
2791 2260 2978 2314 debita
3019 2276 3048 2314 a
3087 2272 3240 2329 patre
3289 2260 3580 2317 haereditas

2016 2359 2073 2407 et
2101 2350 2256 2421 quasi
2277 2367 2344 2405 ex
2366 2365 2646 2420 compage,
2676 2352 3008 2421 perveniret.
3040 2351 3139 2404 Hic
3157 2351 3321 2418 igitur
3349 2352 3579 2406 Michael

2016 2443 2237 2513 generis
2264 2443 2348 2498 sui
2377 2443 2586 2497 fontem
2618 2458 2686 2497 ex
2725 2452 2901 2496 matre
2931 2442 3028 2495 vili
3056 2453 3113 2496 et
3149 2442 3371 2512 ignobili
3393 2444 3578 2511 traxit,

2015 2532 2228 2603 fuitque
2259 2545 2456 2610 cetera
2489 2548 2710 2602 quoque
2763 2533 2973 2588 nullius
3022 2534 3206 2602 pretii.
3241 2535 3376 2588 Nam
3404 2549 3580 2604 neque

2015 2625 2092 2680 illi
2124 2625 2404 2696 ingenium
2433 2625 2730 2696 prudentia
2757 2625 3030 2680 munitum
3055 2635 3197 2692 erat,
3230 2643 3410 2695 neque
3440 2628 3579 2682 libe-

2016 2719 2215 2773 ralium
2267 2717 2690 2788 disciplinarum
2741 2719 2996 2786 peritiam
3029 2718 3196 2773 ullam
3228 2721 3362 2788 (57),
3397 2735 3578 2788 neque

2014 2811 2270 2866 militaris
2322 2810 2567 2866 scientiae
2612 2811 3062 2865 exercitationem
3093 2811 3178 2866 vel
3213 2812 3575 2877 mediocrem,

1605 2942 1824 3005 Jacobi
1853 2944 2117 3006 Pontani
2153 2951 2342 3006 notaa.

338 3066 680 3142 indictionent
717 3066 978 3142 nominat.
1018 3065 1416 3142 Verumtamen,
1447 3083 1592 3142 anno
1632 3068 1768 3124 1527
1796 3079 1910 3140 post
1939 3074 1982 3134 C.
2017 3049 2310 3142 imperium
2345 3069 2480 3142 illud
2524 3070 2858 3142 Romanum,
2903 3078 2958 3126 et
2991 3071 3352 3142 imperatores
3380 3070 3582 3142 Roma-

341 3153 576 3209 mensem
607 3136 986 3209 Septembrem,
1021 3152 1122 3209 quo
1165 3137 1333 3193 (ἔνωεὶ
1365 3137 1693 3209 indictiones
1726 3136 1911 3209 auspi-

238 3268 246 3274 _
339 3207 624 3279 cubantu‘r,
663 3206 1364 3279 nndecinta_m__tndictionent
1401 3207 1614 3279 cepisse.
1656 3207 1760 3262 Sed
1784 3206 1912 3279 quia

341 3278 397 3329 in
422 3275 612 3330 scheda
636 3285 726 3329 tua
755 3275 863 3347 dies
889 3275 956 3326 14
981 3276 1255 3329 Kalendas
1295 3275 1489 3347 lunias
1511 3280 1742 3347 ascripta
1772 3275 1908 3345 erat,

339 3348 602 3399 rationem
637 3361 742 3414 qua
781 3344 1235 3408 Cantacuzenum,
1281 3349 1388 3399 sive
1433 3344 1708 3400 librarium
1752 3344 1912 3402 excit?

336 3433 467 3478 sent,
499 3431 604 3468 non
637 3415 864 3476 invenio,
888 3416 1144 3484 siquidem
1171 3417 1331 3468 codex
1359 3417 1433 3468 ita
1460 3416 1692 3484 prafert.
1720 3416 1913 3471 Hacte-

339 3501 444 3539 nus
473 3486 584 3538 ille.
614 3484 798 3538 Solent
829 3498 960 3552 ergo
983 3483 1153 3538 Graeci
1181 3493 1427 3554 tempora
1447 3483 1515 3537 ab
1538 3483 1698 3539 annis
1720 3487 1910 3541 mundi

341 3555 549 3627 conditi
587 3568 878 3627 numerare
909 3571 922 3608 :
963 3555 1018 3608 in
1051 3569 1280 3627 numero
1313 3563 1497 3608 autem
1530 3568 1560 3607 a
1587 3556 1748 3610 nobis
1793 3557 1912 3627 ipsa

342 3624 702 3677 multitudine
734 3622 1028 3692 plurimum
1057 3623 1394 3692 discrepant.

357 3703 363 3709 '
417 3695 528 3763 (3|)
573 3691 827 3762 Grc-gerat
848 3694 1013 3746 verba
1043 3691 1310 3746 recitabo.
1343 3691 1513 3747 Senex
1542 3705 1716 3748 autem
1750 3697 1912 3763 impe-

342 3775 494 3817 rator
530 3763 861 3816 Andronicus
885 3779 946 3815 ea;
971 3778 1189 3816 mterore
1217 3772 1266 3814 et
1295 3763 1654 3818 sollicitudine
1705 3763 1912 3819 confec—

344 3842 424 3886 tus
458 3845 555 3892 est,
582 3834 731 3894 cuius
765 3833 850 3884 via:
880 3831 1177 3900 exemplum
1211 3834 1527 3900 reperiatur.
1560 3835 1651 3888 Sic
1690 3831 1911 3889 ille.'Ex

342 3917 454 3974 quo
499 3903 642 3974 scire
688 3902 850 3964 licet,
909 3903 1050 3968 patri
1109 3901 1726 3974 fuisse_charissimum,
1775 3905 1912 3974 quia

341 3972 488 4026 ﬁlius
517 3972 784 4040 optimus,
812 3980 873 4024 ut
900 3974 1149 4038 sequitur
1179 3973 1232 4025 it:
1266 3970 1671 4028 Cantacuzeno.

411 4041 525 4107 (52)
573 4040 745 4112 Verba
799 4051 928 4112 sunt
971 4041 1179 4112 Ulyssis
1231 4040 1572 4112 inAHecuba
1608 4042 1910 4112 Euripidis.

339 4111 605 4165 Antumat
653 4111 836 4172 enim,
885 4109 1118 4164 lleculne
1157 4109 1483 4164 beneﬁcium
1532 4111 1638 4165 sibi
1689 4109 1912 4166 manere

339 4183 448 4234 alta
482 4189 668 4233 mente
706 4187 1007 4247 repostum.
1043 4179 1303 4233 Erasmus
1338 4180 1418 4232 sic
1443 4182 1741 4244 convertit,
1768 4183 1912 4234 haud

340 4251 483 4303 enim
517 4253 628 4302 hac
669 4265 750 4301 res
779 4265 989 4301 summa
1016 4249 1233 4302 strinxit
1263 4250 1511 4316 pectoris.
1536 4250 1616 4303 Ad
1655 4249 1909 4313 verbum,

339 4337 448 4372 non
497 4324 638 4372 enim
686 4334 944 4370 sumntum
993 4334 1088 4371 seu
1146 4317 1474 4388 superﬁciem
1545 4319 1714 4374 cordis
1795 4322 1910 4388 ejus

339 4389 461 4442 boni
487 4389 592 4456 ﬁlii
625 4404 764 4440 mors
798 4387 980 4457 tetigit.
1010 4388 1086 4458 ild
1119 4387 1222 4453 est,
1259 4388 1319 4458 in
1363 4399 1556 4456 peetus
1593 4390 1712 4458 ejus
1741 4387 1904 4458 quam

340 4460 608 4512 altissime
657 4457 960 4511 descendit.
1004 4457 1170 4511 Dolor
1215 4457 1306 4510 ille
1351 4458 1418 4511 de
1456 4458 1550 4510 lilii
1595 4457 1905 4514 charissimi

340 4529 495 4582 obitu
564 4543 661 4580 cor
707 4527 825 4594 ejus
865 4526 1130 4596 intimum
1188 4527 1512 4596 penetravit,
1561 4524 1910 4592 Germanice,

347 4598 439 4651 Esi
452 4606 503 4651 st
525 4598 633 4650 iltm
654 4597 752 4664 tief
763 4613 828 4648 zu
848 4595 1058 4666 [lerzen
1083 4594 1367 4665 gegangen.
1389 4594 1517 4666 Aut.
1536 4596 1912 4666 ἑμφατικώτε-

347 4685 459 4736 ρον,
487 4667 600 4720 Das
635 4682 812 4734 grosse
836 4665 960 4718 Leid
983 4667 1070 4717 hat
1097 4666 1212 4718 dem
1243 4675 1402 4734 guten
1428 4665 1585 4719 Alten
1613 4668 1723 4719 sein
1751 4667 1909 4727 Hera.

341 4735 485 4791 seine
520 4737 676 4790 Seele
713 4735 1139 4804 durchdrungen.

407 4809 526 4876 (3'5)
574 4807 648 4858 De
677 4822 894 4858 numero
920 4820 1122 4864 eorum,
1156 4807 1244 4876 qui
1271 4805 1326 4858 in
1357 4806 1590 4876 nocendo
1619 4807 1912 4876 hominibus

341 4873 477 4944 stupe
510 4873 706 4944 inagna
730 4875 1043 4928 documenta
1076 4873 1348 4926 dederunt.
1379 4874 1488 4928 Aut
1515 4875 1594 4930 sic
1627 4889 1640 4926 :
1677 4875 1914 4939 Quorum

341 4947 669 5000 detrimentis
719 4947 950 4997 humana
997 4945 1175 5011 generi
1220 4945 1526 5013 inferendis,
1566 4947 1686 5013 jam
1731 4947 1912 4999 multis

341 5016 716 5084 experimentis
755 5015 980 5082 probata
1031 5023 1080 5084 et
1119 5012 1392 5084 explorate
1428 5012 1633 5083 cognita
1671 5017 1914 5084 maligni-

343 5083 444 5140 tas.
477 5085 702 5140 Scimus
741 5087 1021 5138 damiones
1062 5083 1343 5135 hominum
1381 5098 1505 5137 esse
1543 5085 1728 5138 hostes
1768 5083 1915 5138 sema

346 5167 617 5224 pitcrnos,
652 5154 815 5222 idque
838 5158 905 5206 ex
941 5152 1249 5224 incredibili
1283 5154 1519 5220 quadam
1554 5154 1780 5224 invidia.
1807 5152 1910 5208 Sed

346 5221 643 5278 historicus
670 5221 837 5277 sentit
867 5221 1140 5290 quoddam
1188 5237 1309 5276 esse
1344 5236 1539 5290 genus,
1573 5223 1658 5276 cui
1709 5237 1908 5278 novere

345 5295 663 5348 hominibus
689 5309 786 5362 per
806 5292 1142 5362 calamitates
1168 5292 1417 5359 ingentes
1443 5293 1766 5358 palmarium
1792 5302 1909 5348 est:

343 5366 553 5434 quales,
583 5360 800 5430 opinor,
833 5361 870 5415 ii
905 5360 1110 5429 quibus
1150 5361 1488 5434 muliercula:
1523 5377 1663 5434 sagae
1689 5377 1785 5416 seu
1823 5377 1914 5416 ve-

346 5429 534 5488 neﬁcas
575 5429 716 5486 totas
744 5446 803 5484 se
843 5440 1186 5484 consecrant.
1222 5429 1306 5483 Ab
1339 5430 1446 5500 illis
1477 5431 1625 5484 enim
1661 5447 1766 5500 qua
1804 5435 1914 5500 pri-

347 5515 488 5567 vata,
515 5517 624 5570 qua
656 5501 873 5572 publica
905 5500 1125 5566 danma,
1154 5499 1568 5569 perniciemque
1600 5499 1914 5556 hominibus

349 5576 477 5627 dare
513 5571 947 5641 compelluntur.

419 5643 533 5710 (54)
577 5639 892 5694 ΙιιἸιὶειοι-ὶιι
921 5639 1215 5710 Byzantina
1249 5639 1502 5695 rudiores
1549 5639 1672 5694 illos
1692 5655 1912 5710 quoque

348 5709 660 5769 Orientales
686 5710 924 5781 pepulos
972 5709 1277 5779 intelligant
1309 5711 1586 5766 [tottianos
1622 5709 1912 5776 vocari,’et

2013 3139 2139 3203 nos.
2163 3157 2229 3194 ex
2258 3154 2366 3210 quo
2391 3140 2788 3210 Constantinus
2810 3139 3034 3210 Magnus
3054 3140 3362 3210 communis
3386 3139 3584 3197 Orien-

2015 3213 2088 3267 tis
2117 3221 2174 3267 et
2201 3208 2536 3272 Occidentis,
2563 3208 3044 3277 Romanorumque
3062 3208 3362 3276 imperator
3391 3212 3578 3266 sedem

2013 3278 2488 3346 Constantinopoli
2523 3279 2726 3348 posuit,
2759 3287 2814 3332 et
2843 3294 2909 3333 eo
2928 3294 2994 3332 ex
3021 3279 3203 3332 Italica
3248 3279 3420 3332 Roma
3458 3292 3580 3335 tan-

2055 3367 2178 3405 uam
2207 3347 2480 3403 coloniam
2512 3347 2761 3408 deduxit,
2807 3363 2969 3416 quam
3009 3356 3066 3401 et
3110 3361 3306 3400 novam
3349 3348 3579 3405 Romam

2054 3423 2174 3485 ixit,
2209 3424 2265 3472 et
2296 3417 2378 3472 sic
2417 3417 2618 3486 passim
2645 3431 2673 3469 a
2709 3416 3302 3484 Graecis-scriptoribus
3334 3421 3580 3486 appella-

2014 3501 2128 3552 tur,
2162 3491 2258 3541 νέα
2299 3486 2512 3558 Ῥᾠμη,
2551 3487 2728 3558 υινίὶΙΙιι
2762 3487 2931 3558 altera
2963 3486 3309 3558 πρεσβυτέρα
3367 3487 3576 3558 Ῥῴμη,

2014 3561 2251 3628 indeque
2281 3555 2542 3628 seAGra‘cl
2584 3555 2911 3628 Ῥωμαίους,
2959 3555 3192 3628 papulas
3223 3566 3403 3610 autem
3427 3555 3584 3614 Occi-

2014 3626 2198 3684 dentis
2224 3626 2489 3689 Λατίνους
2549 3634 2606 3680 et
2633 3626 2919 3694 Φράγκους
2942 3627 3229 3696 appellare
3268 3641 3578 3695 cmperunt.

2013 3699 2373 3754 Successores
2407 3710 2573 3766 porro
2604 3695 2953 3750 Constantini
3005 3695 3110 3752 hoc
3141 3711 3341 3750 nomen
3379 3707 3438 3751 ut
3467 3699 3582 3766 glo-

2014 3771 2220 3824 riosum
2272 3767 2376 3821 sibi
2428 3766 2655 3833 suisque
2733 3766 3104 3831 retinuerunt,
3151 3777 3208 3820 et
3251 3780 3311 3820 se
3360 3781 3580 3834 quoque

2015 3838 2294 3892 Romanos
2321 3835 2430 3890 dici
2464 3835 2766 3904 haberique
2821 3835 3133 3890 voluerunt.
3172 3834 3464 3904 Sciendum
3500 3839 3582 3890 in-

2013 3923 2202 3976 super,
2231 3921 2260 3960 a
2295 3905 2500 3961 Graecis
2561 3903 2957 3972 posterioribus
3003 3918 3393 3976 nonnunquam
3435 3903 3582 3976 Gra-

2011 3972 2154 4031 ciam
2216 3976 2578 4042 Europzram.
2631 3988 3026 4041 nonnunquam
3084 3972 3394 4041 provincias
3461 3973 3581 4028 illas

2012 4046 2155 4100 Asia.
2187 4043 2415 4098 minoris
2443 4043 2760 4095 Romaniam
2789 4043 2992 4094 vocari.

2084 4114 2200 4183 (35)
2238 4111 2627 4183 Huiuscemodi
2658 4110 2760 4183 pia:
2803 4108 3238 4183 Christianazque
3269 4111 3577 4174 sententiae,

2014 4177 2218 4238 et'haic
2253 4177 2365 4250 prae
2394 4180 2519 4233 aliis
2567 4177 2636 4250 ab
2679 4178 2784 4250 hoc
2821 4178 3090 4250 scriptore
3137 4177 3578 4250 frequentantur.

2014 4253 2130 4309 Nisi
2164 4246 2314 4307 enim
2344 4257 2530 4304 essent
2568 4247 2852 4311 hominum
2879 4248 3085 4302 scelera
3141 4258 3197 4302 et
3222 4246 3442 4316 flagitia,
3470 4264 3580 4302 non

2014 4331 2202 4380 essent
2226 4317 2560 4391 pestilentia,
2579 4316 2805 4391 bellum,
2824 4317 3014 4391 fames,
3037 4318 3340 4391 eluviones,
3363 4317 3584 4386 aliaque

2014 4393 2155 4448 mala
2191 4386 2536 4445 atrocissima
2601 4395 2658 4440 et
2708 4387 2982 4454 plurima.
3035 4390 3234 4456 quibus
3283 4386 3428 4439 Deus
3479 4403 3584 4440 nos

1941 4443 1983 4498 θ
2013 4443 2630 4530 piiniit,irvelﬁadmonet
2663 4443 2890 4530 potius“,
2945 4443 3005 4510 ut
3051 4443 3446 4530 resipiscamus
3470 4496 3483 4518 ,
3533 4458 3580 4511 si

2017 4523 2210 4598 poenas
2259 4538 2494 4598 aeternas
2522 4525 2761 4598 velimus
2794 4526 3055 4594 effugere.
3103 4523 3275 4598 Erga
3301 4523 3579 4598 in__Deu_m

2016 4594 2157 4653 inala
2193 4607 2384 4653 nostra
2419 4595 2490 4648 ob
2522 4595 2662 4648 hanc
2709 4609 2931 4648 causam
2958 4635 2973 4660 ,
3019 4597 3174 4662 quasi
3228 4594 3485 4649 videlicet
3523 4596 3581 4649 in

2014 4668 2519 4722 animadversorem
2575 4663 3001 4733 punitoremque
3041 4665 3267 4733 referri.
3293 4665 3444 4733 pium
3473 4674 3578 4727 est,

2014 4747 2071 4791 et
2099 4739 2152 4791 id
2184 4745 2372 4790 sancta
2421 4732 2944 4805 S_cripgtura_passim
2995 4735 3200 4788 docet:
3235 4732 3426 4805 omnia
3465 4751 3585 4805 quae

2015 4808 2184 4876 fecisti
2237 4803 2675 4876 nobis,_l)omine,
2709 4803 2932 4876 in_vero
2970 4805 3172 4874 judicio
3216 4803 3584 4876 fecisti,iq'uia

2015 4872 2340 4946 peccavimus
2367 4874 2484 4946 tibi,
2533 4881 2583 4924 et
2602 4872 2892 4946 Amandatis
2927 4872 3057 4946 mn
3084 4890 3189 4927 non
3218 4872 3582 4946 lobedivimus.

2017 4941 2184 5012 (Dan.
2218 4946 2320 5014 Ιιι).
2362 4944 2572 4997 Mittam
2602 4941 2750 4995 locos
2777 4943 2934 5007 alios,
2968 4944 3097 5013 quia
3121 4943 3356 5013 sapienti
3387 4959 3582 5012 pauca,

2018 5025 2078 5068 ut
2105 5016 2331 5069 dicitur.

2087 5085 2198 5154 (56)
2231 5080 2537 5154 Μιηάιιυιιῑξ.Δ
2564 5083 2964 5154 protovestiarii
3014 5084 3177 5138 filiam
3216 5097 3457 5154 uxorem
3489 5081 3587 5154 lia-

2017 5151 2162 5217 buit,
2199 5169 2265 5207 ex
2289 5168 2392 5222 qua
2429 5151 2610 5222 nullos
2655 5153 2844 5220 genuit
2901 5153 3128 5207 liberos.
3189 5153 3260 5207 Ea
3318 5161 3438 5218 post
3490 5151 3586 5204 de-

2015 5224 2222 5287 functa,
2256 5218 2324 5277 ei
2353 5221 2546 5276 ancilla
2577 5218 2816 5274 formosa
2839 5261 2853 5284 ,
2909 5223 3141 5276 Cathara
3176 5224 3419 5278 nomine.
3455 5235 3589 5288 pue-

2017 5307 2137 5346 rum
2167 5293 2431 5362 suscepit,
2462 5304 2624 5362 quem
2653 5289 3291 5362 lll‘ichaeletnCatharum
3319 5290 3498 5362 dixit;
3529 5296 3587 5342 et

2017 5357 2366 5429 postmodum
2415 5357 2572 5429 novis
2629 5358 2910 5425 cnjusdam
2976 5360 3234 5415 Eudocia:
3303 5357 3587 5412 amoribus

2017 5428 2201 5500 (titiam
2239 5441 2295 5484 et
2323 5431 2443 5483 viro
2471 5428 2842 5500 ejus_l_uortuo
2878 5445 3103 5500 uxorem
3134 5429 3311 5500 duxit)
3345 5435 3587 5484 veterem

2015 5494 2072 5555 et
2101 5500 2449 5562 concubinae,
2485 5494 2539 5551 et
2570 5494 2872 5568 tilii_exﬂea
2905 5499 3009 5552 sibi
3042 5494 3315 5568 procreati
3343 5511 3588 5568 amorem

2014 5587 2082 5625 ex
2111 5573 2296 5625 animo
2322 5571 2422 5639 eje:
2442 5569 2505 5632 it,
2539 5576 2599 5623 ut
2645 5564 2914 5639 pluribus,
2965 5564 3062 5623 lib'.
3102 5585 3218 5635 vui,
3254 5571 3371 5637 ipso
3413 5566 3589 5622 ferme

2016 5641 2174 5694 initio
2201 5656 2231 5694 a
2271 5633 2508 5708 Gregora
2542 5633 2814 5708 proditur.

2089 5713 2200 5781 (57)
2236 5703 2422 5766 Greece
2453 5703 2560 5776 est;
2588 5703 2698 5759 οὒτ’
2732 5709 2866 5776 ὲγκυ
2905 5708 3021 5761 λὲου
3057 5710 3248 5780 πεῖραν
3303 5707 3431 5782 ἔσχε
3459 5723 3590 5763 παι-
