4106 6292
528 410 594 472 61
1684 411 1718 469 J
1724 409 1920 468 OANN
1928 408 1998 468 IS
2035 405 2556 468 CANTACUZENI
3686 408 3758 472 63

532 529 666 581 dum
695 539 750 582 et
781 529 896 597 ipsc
947 527 1180 583 censuit.
1220 529 1399 596 Nepos
1427 535 1708 594 comperto
1737 523 1868 592 quid
1901 537 2088 591 agere-

2210 522 2402 574 ἐκεῖνον
2433 522 2706 582 ἔνστασιν,
2746 520 3094 592 συνεχώρησε
3127 521 3220 574 καὶ
3243 522 3425 584 αὑτός.
3461 521 3522 575 '0
3564 523 3749 590 μέντοι

533 627 644 680 tur,
684 618 836 671 illico
883 617 1123 671 animum
1164 618 1400 687 graviter
1427 617 1766 676 vulneratus,
1799 611 2091 681 prooemia-

533 723 643 778 que
684 708 1064 778 hujuscemodi
1102 707 1168 762 ad
1203 708 1544 762 eversionem
1603 714 1767 772 atque
1807 701 2091 757 interitum

534 813 694 851 suum
742 807 990 866 spectare
1033 806 1353 866 auguratus,
1391 797 1630 849 dolorcin
1681 791 1898 846 silentio
1929 789 2094 844 dissi-

536 890 706 941 mulat
736 902 830 942 cor
848 902 1005 942 suum
1035 887 1350 949 comedciis,
1389 895 1447 940 ut
1478 885 1746 938 Homerus
1765 885 1842 937 ait
1874 882 2004 950 (Μ),
2030 894 2093 934 ac

535 992 605 1030 ne
659 976 844 1030 verbis
895 976 1116 1044 quidem
1167 986 1326 1030 tentis
1357 967 1410 1028 in
1444 990 1604 1028 arum
1639 971 1744 1043 14
1774 983 2091 1033 contumax,

535 1083 600 1121 ac
623 1066 898 1134 superbus
929 1066 1101 1118 videri
1136 1066 1383 1120 studens.
1417 1065 1594 1134 Atque
1641 1065 1732 1117 ille
1762 1063 1984 1132 quidem
2014 1061 2095 1115 sic

537 1158 734 1211 tacitus
768 1157 1014 1221 sedebat,
1048 1173 1170 1211 cum
1218 1157 1438 1227 quidam
1489 1156 1790 1226 perillustri
1841 1152 2094 1224 prosapia

535 1247 828 1308 oriundus,
855 1249 944 1301 cui
977 1256 1286 1301 maternum
1317 1261 1489 1316 genus
1510 1262 1540 1300 e
1568 1244 1834 1314 sanguine
1864 1244 2098 1310 impera-

535 1339 677 1391 torio
711 1340 849 1408 (4‘2),
883 1350 1038 1407 pater
1070 1347 1254 1392 autem
1283 1337 1427 1407 apud
1459 1338 1729 1391 Comanos
1757 1335 1870 1403 (qui
1899 1331 2095 1386 Joanni

536 1429 768 1481 Batatzze
803 1429 1092 1497 imperium
1132 1429 1436 1497 capessenti
1483 1442 1542 1481 se
1578 1425 1899 1480 dediderant
1942 1423 2093 1495 [45])

535 1518 935 1580 nobilssimus,
972 1518 1204 1573 barbare
1248 1519 1526 1589 Sytzigan,
1551 1517 1774 1571 nomine
1799 1530 1929 1570 vero
1953 1515 2093 1583 ejus,

537 1609 631 1677 qui
672 1609 850 1677 ipsqu
887 1625 918 1664 e
952 1625 1109 1664 sacro
1145 1610 1296 1663 fonte
1327 1617 1644 1676 susceperat
1674 1607 1808 1677 (46),
1842 1607 2097 1677 Syrgian-

538 1715 637 1752 nes
667 1711 1051 1768 nuncupatus;
1089 1700 1252 1768 hujus
1281 1699 1463 1766 itaque
1489 1696 1806 1766 Syrgianuis
1839 1697 1980 1750 (ilius
2000 1711 2096 1764 pa-

538 1789 609 1842 tri
645 1790 1006 1857 coguominis,
1041 1799 1204 1842 noctu
1249 1789 1634 1856 imperatorem
1681 1797 1938 1857 nepotem
1971 1801 2094 1842 eum

537 1879 915 1942 convenisset,
966 1879 1269 1932 istiusmodi
1322 1879 1508 1932 verbis
1555 1894 1681 1933 eum
1733 1880 1928 1932 atratus
1973 1885 2096 1932 est:

536 1968 712 2020 Credo
745 1971 1020 2036 equidem,
1053 1968 1377 2036 imperator,
1413 1983 1578 2021 novas
1616 1951 1780 2022 hasce
1817 1966 2100 2020 machina-

539 2057 716 2110 tiones
747 2058 840 2109 tibi
871 2058 1026 2125 plane
1049 2057 1260 2109 auditas
1291 2072 1410 2110 esse
1437 2073 1451 2110 :
1479 2066 1530 2111 te
1553 2066 1757 2117 autem.
1792 2065 1851 2110 ut
1878 2055 2100 2110 minime

537 2149 788 2208 stultum,
825 2163 1062 2216 quonam
1098 2162 1184 2200 res
1215 2147 1308 2201 tali
1344 2162 1544 2201 exorsu
1587 2163 1818 2201 evasura
1856 2147 1944 2210 sit,
1970 2160 2105 2200 con-

533 2226 744 2305 jectura
800 2235 1087 2305 providere
1137 2235 1316 2289 decet.
1358 2234 1490 2288 llliid
1545 2234 1788 2301 profecto
1837 2233 1944 2288 dici
1989 2249 2101 2288 non

539 2335 735 2396 potest,
769 2341 930 2379 avum
963 2333 1116 2378 tuum
1148 2324 1422 2386 dementia
1460 2325 1718 2392 quadam,
1753 2333 1848 2378 aut
1873 2325 2096 2393 imperi.

538 2418 611 2470 tia
638 2433 820 2470 rerum
848 2418 952 2471 huc
986 2416 1324 2486 prorupisse,
1352 2431 1477 2470 cum
1502 2431 1559 2469 se
1613 2416 2094 2484 prudentissimum

537 2509 1188 2578 experientissimumqtie
1219 2507 1407 2561 multis
1435 2506 1666 2559 antehac
1686 2507 1951 2575 exemplis
1977 2522 2100 2574 pro-

538 2600 774 2654 baverit.
809 2599 943 2652 Nam
971 2598 1074 2651 nisi
1111 2599 1263 2666 prius
1298 2596 1722 2650 eonstabiliisset
1769 2606 1825 2649 et
1857 2611 2100 2649 commu-

538 2689 753 2753 niissct,
780 2702 942 2757 quem
969 2686 1255 2756 splendida
1285 2701 1527 2756 purpura
1547 2684 1839 2739 induturus
1860 2693 1944 2737 est
1963 2683 2096 2753 {45),

2195 611 2312 672 νέος
2349 610 2686 679 Ἀνδρόνικος
2712 611 2883 663 ταῦτα
2916 611 3122 680 μαθὼν,
3149 613 3360 682 ἐπλήγη
3387 611 3484 678 μὲν
3507 613 3754 681 σφοδρῶς

2195 698 2292 768 τὴν
2321 701 2519 770 ψυχὴν,
2550 701 2649 770 τὴν
2679 702 2852 771 ἀρχὴν
2880 703 2987 754 τῶν
3015 702 3274 755 τοιούτων
3307 703 3648 772 πραγμάτων
3671 705 3752 766 εἰς

2196 788 2359 841 αὐτοῦ
2398 793 2785 862 καταστροφὴν
2815 793 3237 846 ἀποϐλέπουσαν
3261 793 3476 857 ἐννοῶν,
3505 793 3667 864 ἔφερε
3696 795 3754 848 δὲ

2195 877 2255 930 τὸ
2283 879 2443 945 ἄλγος
2479 883 2628 948 σιγῇ,
2660 881 2828 950 θυμὸν
2853 883 3012 945 ἔδων,
3051 883 3173 936 καθ’
3202 883 3471 952 Ὅμηρον,
3504 885 3597 936 καὶ
3635 885 3756 937 οὐδέ

2194 965 2337 1036 λόγῳ
2372 968 2500 1033 γοῦν
2531 957 2732 1023 ἐθέλων
2780 971 2958 1024 δοκεῖν
3016 971 3444 1034 ἀπαυθαδιάζειν
3491 974 3628 1042 πρὸς
3665 975 3756 1026 τὸν

2196 1057 2415 1110 πάππον
2440 1060 2533 1111 καὶ
2560 1060 2804 1128 βασιλέα.
2836 1062 3070 1123 Ἐκεῖνος
3105 1062 3205 1129 μὲν
3233 1058 3327 1135 οὖν
3351 1062 3493 1115 οὕτω
3514 1064 3754 1131 καθῆστο

2198 1151 2363 1218 σιγῇ·
2398 1145 2477 1212 εἷς
2512 1151 2570 1204 δέ
2603 1169 2688 1214 τις
2716 1153 2823 1205 τῶν
2856 1152 2943 1206 ἐπ’
2971 1154 3223 1225 εὐγενείᾳ
3262 1154 3752 1222 λαμπρυνομένων,

2197 1241 2291 1291 καὶ
2320 1240 2418 1303 τὰς
2453 1243 2637 1311 σειρὰς
2671 1243 2940 1296 ἑλκόντων
2984 1244 3078 1296 τοῦ
3123 1245 3314 1310 γένους
3353 1243 3621 1312 μητρόθεν
3653 1243 3753 1312 μὲν

2198 1329 2255 1393 ἐξ
2279 1329 2524 1400 αἱμάτων
2552 1332 2867 1400 βασιλικῶν,
2901 1333 3104 1404 πατρὸς
3132 1335 3187 1386 δὲ
3220 1333 3295 1387 ὢν
3325 1337 3452 1396 παῖς
3483 1333 3576 1387 τοῦ
3604 1335 3752 1404 παρὰ

2195 1423 2307 1483 τοῖς
2355 1422 2632 1490 Κομὰνοις
2665 1423 3052 1490 εὐγενεστάτου
3083 1425 3154 1484 (οἳ
3188 1425 3622 1495 προσεχώρησαν
3651 1425 3755 1476 Βα-

2195 1510 2368 1582 τάτζῃ
2389 1511 2464 1578 τῷ
2499 1510 2706 1580 βασιλεῖ
2733 1511 2829 1581 τῆς
2864 1511 3148 1580 Ῥωμαίων
3184 1512 3460 1582 βασιλείας
3493 1513 3757 1580 ἐπειλημ-

2201 1601 2392 1671 μένῳ),
2427 1601 2694 1668 Συτζιγάν
2722 1601 3071 1671 βαρϐαρικῶς
3095 1604 3455 1673 καλουμένου,
3488 1605 3551 1655 ἐκ
3579 1602 3636 1654 δὲ
3664 1603 3754 1653 τοῦ

2197 1691 2304 1744 ἀπὺ
2357 1691 2450 1744 τοῦ
2511 1690 2667 1759 ἀῨίου
2732 1693 3082 1760 φωτίσματος
3141 1694 3302 1746 αὑτὸν
3359 1692 3755 1762 ἀναδεξαμένου

2202 1783 2507 1851 Συργιάννη
2541 1782 2926 1851 ἐπικληθέντος
2950 1800 2965 1814 ·
2997 1783 3185 1835 τούτου
3228 1785 3292 1853 δὴ
3328 1784 3420 1836 τοῦ
3453 1783 3754 1852 Συργιάννη

2201 1878 2328 1934 παῖς
2351 1875 2708 1943 Συργιάννης,
2739 1875 2930 1936 νυκτὸς
2955 1873 3032 1942 τῷ
3059 1876 3164 1944 νέῳ
3190 1875 3398 1943 βασιλεῖ
3420 1874 3755 1944 προσελθὼν,

2184 1965 2425 2025 ,Πάντως
2463 1965 2724 2034 ἥκουσταί
2753 1981 2858 2028 σοι,
2895 1965 3138 2034 βασιλεῦ,
3168 1965 3294 2034 ἔφη,
3326 1967 3393 2018 τὰ
3426 1967 3760 2035 καινουργῆ-

2203 2072 2346 2124 ματα
2376 2057 2531 2108 ταυτὶ
2575 2055 2641 2107 τὰ
2671 2055 2765 2106 νέα
2786 2071 2800 2086 ·
2831 2056 2924 2108 καὶ
2955 2056 3318 2126 στοχάζεσθαι
3361 2057 3422 2108 τὸ
3464 2056 3612 2118 τέλος
3650 2055 3760 2107 τῶν

2201 2143 2542 2213 πραγμάτων
2573 2146 2636 2196 ἐκ
2664 2146 2761 2213 τῆς
2784 2145 2956 2214 ἀρχῆς
2989 2145 3101 2199 ὄντι
3134 2146 3339 2215 συνετῷ
3363 2161 3444 2198 σοι
3472 2147 3759 2215 προσήκει.

2202 2237 2276 2288 Οὐ
2305 2236 2413 2306 γὰρ
2447 2235 2593 2287 ἐστιν
2619 2237 2794 2288 εἰπεῖν
2827 2236 2900 2298 ὠς
2929 2238 2955 2289 ὁ
2987 2237 3076 2297 σὸς
3105 2239 3330 2300 πάππος
3359 2237 3452 2289 καὶ
3484 2236 3760 2305 βασιλεὺς.

2202 2327 2261 2394 ἐξ
2311 2327 2494 2390 ἀνοίας
2556 2327 2588 2397 ἥ
2637 2328 2894 2397 ἀπειρίας
2948 2326 3175 2380 τοιαῦτα
3230 2328 3479 2398 προήχθη
3517 2328 3684 2398 δρᾷν’
3732 2325 3762 2377 ὁ

2197 2417 2481 2487 παρελθὼν
2505 2419 2613 2486 γὰρ
2640 2418 2833 2486 χρόνος
2858 2419 2951 2470 καὶ
2973 2418 3267 2489 ἐμπειρίαν
3289 2417 3491 2486 πολλὴν
3516 2419 3607 2471 καὶ
3632 2432 3766 2486 φρο-

2195 2506 2404 2575 νήσεως
2426 2505 2573 2572 αὐτῷ
2609 2506 2838 2572 μέγεθος
2882 2510 3172 2576 μαρτυρεῖ,
3204 2507 3319 2560 ἀλλ’
3354 2508 3403 2560 εί
3449 2508 3523 2578 μὴ
3567 2510 3763 2576 πρότε-

2201 2613 2292 2666 ρον
2333 2594 2392 2648 ὂν
2444 2594 2628 2665 μέλλει
2673 2595 2752 2664 τῷ
2791 2596 2888 2665 τῆς
2917 2597 3228 2666 ἀλουργίδος
3267 2597 3417 2651 ἄνθει
3465 2599 3765 2667 κοσμήσειν

2202 2684 2541 2754 κατέστησεν
2582 2685 2640 2738 ἐν
2673 2683 2897 2755 βεδαίῳ,
2929 2685 3028 2738 οὐκ
3064 2685 3129 2738 ἀν
3161 2687 3454 2757 ἀπεστέρει
3478 2703 3538 2740 σε
3563 2687 3765 2757 ταύτης

1785 2813 2000 2875 Jacobi
2035 2814 2301 2876 Pontani
2335 2821 2521 2876 notas.

613 2944 725 3013 (il)
761 2943 938 2996 Locus
961 2953 1046 2998 est
1071 2941 1140 3013 de
1169 2941 1584 3011 Bellerophonte
1633 2943 1795 2997 Iliad.
1825 2943 1885 3007 ζ,
1920 2943 2011 3011 qui
2038 2942 2105 2996 ab

540 3012 722 3077 Antia,
758 3013 925 3067 Proeti
958 3012 1281 3081 Argivorum
1334 3014 1476 3080 regis
1507 3028 1693 3078 uxore,
1742 3013 1886 3081 apud
1919 3015 2097 3064 virum

543 3083 682 3136 falso
707 3090 1015 3145 accusatus,
1057 3081 1201 3150 quod
1226 3095 1305 3152 ise,
1331 3081 1398 3152 de
1428 3091 1618 3150 stupro
1653 3083 1999 3152 appellasset,
2034 3081 2102 3132 ab

2212 2942 2444 2998 diendos
2499 2943 2823 3014 suscipere,
2873 2952 2931 2999 et
2983 2945 3035 2998 in
3089 2959 3156 2999 eo
3215 2953 3494 3014 paternam
3544 2945 3766 3004 illorum

2211 3029 2397 3068 curam
2437 3029 2666 3086 gerere._
2690 3013 2805 3068 Nisi
2847 3015 2974 3086 quis
3009 3015 3160 3086 malit
3197 3013 3266 3086 ab
3295 3030 3361 3069 eo
3391 3013 3497 3086 diei
3547 3029 3771 3086 suscep-

2210 3093 2379 3145 tores,
2413 3083 2555 3152 quod
2585 3083 2847 3137 infantem
2878 3083 2960 3136 vel
2985 3083 3315 3137 ahltiendum
3349 3083 3570 3152 salutari
3595 3083 3766 3150 fonte,

543 3152 738 3207 eodem
767 3165 902 3232 cum.
933 3151 1242 3243 litteris-adl
1289 3150 1518 3243 {pbateu
1545 3150 1859 3243 .Ly'cioi'um
1921 3164 2106 3243 regem
2133 3181 2180 3243 ο
2208 3150 2571 3243 vel‘abliitpm
2606 3153 2914 3243 suscipiunt
2947 3153 2996 3205 in
3026 3153 3156 3243 ipsa‘
3175 3153 3418 3243 δεξιοΙροὲ
3444 3151 3629 3243 Graece
3661 3163 3766 3236 est.

544 3235 796 3275 socerum
834 3221 1057 3285 missus,
1106 3229 1162 3274 et
1193 3221 1260 3273 ab
1308 3220 1402 3273 illo
1445 3219 1704 3288 periculis
1757 3222 1966 3290 magnis
1996 3219 2109 3273 θου-

539 3289 720 3360 iectus
747 3302 849 3356 est,
882 3305 1002 3359 quas
1037 3291 1409 3360 tanienﬂvicit.
1453 3290 1808 3360 Postmodum
1843 3289 1948 3342 iliis
1977 3303 2107 3342 exo-

544 3359 640 3412 Sus
671 3359 870 3422 factus,
900 3361 956 3413 in
989 3360 1123 3413 locis
1149 3359 1280 3413 solis
1307 3359 1616 3419 oberrabat.
1652 3360 1934 3414 hominum
1969 3373 2104 3410 con-

583 3445 768 3482 ressus
791 3428 1023 3497 fugiens.
1049 3443 1114 3481 ac
1141 3441 1200 3481 se
1226 3429 1449 3497 tristitia
1475 3438 1532 3482 et
1559 3429 1748 3483 dolore
1802 3441 2106 3481 macerans.

544 3444 768 3548 gressus
791 3444 1023 3497 iugiens.
1049 3444 1114 3481 ac
1141 3444 1200 3481 se
1233 3444 1449 3482 tristitia
1475 3444 1532 3482 et
1559 3444 1748 3483 actore
1802 3444 2106 3481 macerans.

595 3513 753 3551 ersus
791 3496 1012 3550 Homeri
1049 3511 1175 3551 cum
1223 3495 1412 3550 Latina
1453 3497 1525 3551 M.
1563 3497 1728 3552 Tullii
1778 3497 2107 3566 interpreta-

546 3567 695 3619 tione
731 3580 1000 3634 apponam
1047 3581 1062 3618 :

619 3655 779 3725 ’ᾘτοι
807 3655 836 3707 ὃ
857 3656 1155 3708 καππεδίον
1183 3656 1244 3708 τὸ
1275 3657 1466 3725 ἀλήϊον
1494 3652 1606 3718 οἶος
1635 3658 1822 3719 ἀλᾶτο,

621 3724 722 3778 ’ον
751 3725 922 3793 θυμὸν
955 3726 1215 3788 κατέδων,
1245 3724 1412 3778 πάτον
1447 3725 1748 3796 ἀνθρώπων
1772 3727 2048 3781 ἀλεείνων.

618 3814 722 3879 Qui
750 3817 907 3868 miser
938 3815 992 3867 in
1019 3817 1217 3884 campis
1245 3833 1462 3870 maerens
1489 3818 1699 3870 errabat
1729 3819 1892 3879 Aleis,

617 3885 739 3952 Ipse
764 3900 917 3937 suum
942 3900 1030 3937 cor
1055 3891 1232 3951 edens,
1276 3888 1540 3940 hominum
1586 3889 1804 3957 vestigia
1847 3889 2037 3942 vitam.

548 3974 806 4046 Germani
854 3975 1028 4046 istuc.
1069 3990 1168 4029 cor
1216 3991 1374 4029 suum
1406 3975 1699 4031 comedere
1727 4019 1741 4041 ,
1793 3978 2110 4046 ἐμφατικῶς

546 4045 880 4112 exprimunt,
913 4059 971 4096 er
1002 4045 1146 4114 frisst
1186 4046 1293 4098 sich
1337 4046 1526 4109 selbst,
1580 4047 1684 4100 hoc
1708 4045 2108 4112 est,’eomedit,

547 4114 788 4167 absumit
817 4127 875 4166 se
909 4114 1111 4182 ipsum.
1143 4115 1341 4168 Mairor
1369 4115 1513 4168 enim
1553 4115 1864 4175 vehemens.
1891 4130 1956 4170 ac
1980 4116 2108 4169 diu-

553 4191 774 4245 turnus,
837 4197 933 4254 seu
986 4183 1252 4254 immensa
1317 4193 1372 4236 et
1426 4185 1585 4254 longa
1629 4185 1796 4237 animi
1846 4185 2111 4254 agritudo

548 4266 749 4319 corpus
784 4251 1078 4313 tabefacit',
1135 4252 1202 4304 ad
1251 4251 1543 4320 cutemque
1606 4263 1660 4306 et
1703 4269 1822 4306 ossa
1875 4251 2107 4320 redigit:

550 4321 698 4386 quod
733 4321 1041 4372 Arteiiiisue
1077 4324 1273 4387 regina:
1299 4319 1468 4372 Carne
1502 4322 1802 4374 Mausolum
1853 4319 2109 4374 iiiariiiim

549 4391 999 4458 ἀπαραμυθήτως
1049 4389 1533 4458 Iugeiiticoutigit,
1569 4391 1636 4458 de
1666 4406 1772 4457 qua
1831 4389 2021 4442 Cicero
2053 4407 2111 4444 iii

551 4456 776 4510 'l‘usCul.
814 4474 827 4509 ι
854 4456 1207 4511 UtArtemisia
1229 4457 1324 4509 illa
1353 4456 1575 4510 Mausoli
1600 4456 1774 4512 Caria:
1794 4459 1925 4523 regis
1957 4474 2110 4521 uxor,

2212 3222 2319 3273 ἀπὸ
2341 3225 2433 3272 τοῦ
2464 3222 2619 3288 ἁγίου
2652 3221 2998 3292 φιδιτίσματος
3034 3221 3194 3273 αὑτὸν
3221 3221 3635 3292 ἀναδεξαμένου,
3677 3223 3771 3292 qui

2214 3299 2593 3344 eumasancta
2642 3290 3032 3360 illuminatione
3080 3292 3324 3358 suscepit.
3376 3290 3531 3360 Quod
3590 3290 3768 3347 Latini

2215 3361 2423 3430 dicunt.
2453 3374 2585 3414 voce
2615 3374 2644 3430 e
2671 3358 2876 3430 Graeco
2920 3361 3068 3414 fonte
3110 3358 3380 3430 cadente,
3409 3361 3709 3430 baptizari,
3735 3375 3768 3415 a

2215 3429 2596 3495 βαπτίζεσθαι,
2631 3428 2684 3481 id
2711 3426 2880 3482 Graeci
2923 3438 3188 3496 pra-terea
3234 3429 3356 3482 aliis
3409 3426 3586 3483 tribus
3635 3429 3772 3483 eire-

2214 3507 2365 3558 runl,
2396 3496 2748 3563 φωτίζεσθαι,
2781 3497 3201 3565 σφραγίζεσθαι,
3237 3497 3614 3566 καθαίρεσθαι,
3646 3498 3771 3550 illu-

2214 3568 2428 3628 minari,
2453 3567 2734 3634 obsignari,
2758 3567 2997 3635 purgari.
3021 3566 3150 3631 Qua:
3181 3576 3382 3630 tamen,
3411 3566 3456 3620 si
3479 3567 3768 3621 verborum

2217 3637 2462 3703 ipsorum
2493 3636 2599 3687 vim
2637 3645 2689 3688 et
2743 3650 2963 3689 sensum
3005 3636 3235 3691 velimus
3281 3637 3606 3701 exprimere,
3657 3650 3768 3690 non

2215 3705 2296 3758 sic
2344 3705 2614 3759 reddenda
2673 3713 2820 3769 sunt,
2877 3703 2971 3758 sed
3003 3743 3018 3767 ,
3068 3704 3328 3773 baptismo
3381 3704 3569 3765 ablui,
3617 3720 3770 3757 sacro

2217 3773 2358 3843 [ante
2394 3775 2545 3841 tingi,
2575 3773 2804 3843 salutari
2835 3790 2974 3843 aqua
2995 3773 3259 3843 perfundi,
3291 3790 3444 3826 sacro
3473 3789 3590 3826 rore
3615 3775 3767 3840 tingi,

2215 3841 2404 3912 emlesti
2438 3843 2577 3909 fonte
2608 3842 2845 3912 lustrari.
2877 3841 2935 3912 et
2966 3841 3106 3912 aliis
3149 3843 3523 3912 compluribus
3573 3843 3768 3905 modis,

2216 3927 2356 3980 quos
2378 3910 2685 3981 Latinitatis
2710 3910 2941 3965 studiosi
2965 3910 3107 3964 haud
3130 3910 3402 3981 ignorant.
3437 3912 3558 3981 Dies
3585 3919 3769 3964 autem

2217 3979 2328 4042 ille.
2360 3998 2469 4048 quo
2498 3979 2702 4034 Christi
2741 3981 2996 4048 baptizati
3050 3979 3310 4034 memoria
3345 3980 3676 4044 celebratur,
3717 3987 3773 4033 et

2217 4051 2272 4104 in
2304 4050 2447 4104 diem
2483 4049 2797 4116 Epiphaniae
2836 4050 2904 4118 in
2953 4048 3146 4102 Latina
3199 4049 3436 4103 Ecclesia
3490 4048 3703 4118 incidit,
3741 4062 3770 4099 a

2215 4118 2419 4190 Graecis
2473 4119 2730 4190 Patribus
2780 4118 2982 4190 φώτων,
3022 4120 3202 4190 ἡμέρα
3235 4119 3607 4190 immittatur,
3659 4117 3772 4168 dies

2219 4189 2516 4241 luminum:
2556 4188 2824 4254 siquidem
2871 4187 3150 4254 φωτισμὸν
3222 4188 3341 4238 ἀντὶ
3400 4187 3773 4254 βαπτίσματος

2218 4258 2537 4325 frequenter
2586 4242 2899 4325 accipiunt.'_
2940 4256 3015 4308 Ita
3053 4242 3352 4325 'Gregorius
3397 4242 3774 4325 Naziaii'zjnus

2217 4321 2520 4380 orationem
2552 4341 2618 4378 co
2650 4321 2738 4378 dic
2779 4323 3015 4376 habitam
3070 4321 3361 4390 inscripsit,
3410 4324 3501 4384 Εἰς
3530 4323 3596 4373 τὰ
3642 4321 3774 4390 ἅγια

2219 4396 2395 4460 φῶτα,
2430 4394 2490 4446 ιη
2515 4403 2699 4446 sancta
2753 4393 2976 4445 lumina.
3030 4393 3129 4456 Qui
3183 4388 3313 4460 ergo
3364 4393 3563 4445 festum
3604 4388 3776 4460 lumi-

2220 4457 2348 4516 tium
2371 4457 2514 4528 apud
2538 4462 2754 4515 Cum-cos
2783 4477 2903 4514 esse
2935 4463 3130 4513 l'estuni
3166 4457 3567 4514 l‘uriﬁcationis
3598 4457 3777 4511 Maria:

549 4542 665 4594 qui:
722 4527 888 4578 nobile
957 4527 1089 4578 illud
1144 4525 1506 4596 Halicarnassi
1577 4529 1696 4594 fecit
1767 4526 2064 4596 sepulcrum
2095 4567 2108 4590 ,
2146 4523 2192 4578 Ι)
2219 4523 2432 4592 νηιιιηί,
2469 4532 2750 4583 falluntur.
2777 4529 2918 4583 Fons
2940 4541 3118 4582 autem
3156 4531 3208 4582 in
3246 4531 3504 4588 basilicis,
3536 4539 3593 4579 tit
3620 4537 3779 4596 nota-

551 4597 788 4662 quaiidiu
815 4597 963 4653 vixit,
992 4598 1118 4648 vixit
1151 4599 1205 4649 iii
1253 4595 1416 4661 luctu,
1466 4599 1742 4665 eodemque
1787 4595 1947 4650 etiam
2000 4613 2121 4650 cou-

553 4667 688 4732 [ecla
719 4667 1004 4717 contabuit.

629 4733 740 4800 (42;
783 4734 821 4786 Ε
857 4734 1059 4787 familia
1129 4733 1483 4802 imperatoria
1535 4742 1654 4787 erat
1725 4735 1837 4788 haec
1895 4732 2116 4796 femina,

555 4818 676 4870 quae
710 4805 951 4871 dynastae
993 4803 1226 4855 barbaro
1265 4814 1319 4856 et
1350 4804 1590 4857 Comano
1638 4803 1857 4871 nupsit,
1926 4804 2123 4857 Canta-

551 4873 744 4943 cuzeni
775 4881 1024 4943 cognata.
1065 4874 1196 4923 ham
1247 4881 1302 4943 et
1361 4874 1577 4943 Scythis
1628 4873 2008 4940 principibus,
2058 4884 2119 4926 ut

552 4941 858 5001 audiemus,
883 4941 1238 5008 imperatores
1253 4941 1838 5010 Constantiiiopolitaiii
1863 4943 2117 4996 locabant

555 5012 693 5062 tilias
725 5024 872 5071 suas,
912 5020 966 5060 et
1009 5010 1427 5064 Caiitacuzenus
1474 5011 1710 5065 Orchaiii
1757 5013 1933 5064 Persae
1959 5050 1972 5073 ,
2023 5027 2120 5066 seu

542 5078 741 5132 .Turcue
775 5079 962 5149 potius
990 5078 1335 5132 Theodoram
1377 5081 1541 5133 Iiliam
1576 5087 1806 5149 nuptum
1839 5080 2013 5133 dedit.

624 5149 735 5217 (ιδ)
779 5148 890 5200 Hoc
940 5150 997 5200 ἐν
1052 5150 1376 5218 παρενθέσει
1425 5148 1679 5211 dictum,
1733 5165 1896 5217 quam
1947 5149 2120 5206 Graeci

550 5227 742 5271 notare
776 5231 885 5270 non
917 5218 1138 5271 solent:
1178 5235 1289 5285 quo
1333 5222 1684 5273 atteiitiorein
1741 5228 1958 5286 oportet
2002 5235 2122 5275 esse

552 5297 922 5355 interpretem.
955 5286 1266 5342 Verisimile
1301 5291 1379 5352 lit,
1409 5290 1758 5360 Sytzigaiiuiu
1800 5289 1967 5341 istum
1999 5290 2123 5342 bar-

555 5360 750 5409 barum
811 5371 938 5408 cum
999 5370 1168 5411 uxore
1227 5357 1756 5426 Coiistaiitiiitipoliiii
1818 5360 2121 5426 migrasse,

549 5428 866 5494 ibidemque
903 5426 1177 5493 susceptis
1234 5427 1674 5482 Christianorum
1735 5431 1910 5480 sacris
1961 5429 2121 5482 habi-

541 5509 716 5561 tasse,
752 5505 806 5549 et
843 5499 898 5547 in
949 5495 1140 5548 eadem
1199 5505 1335 5552 urbe
1386 5500 1745 5568 Syrgiaiiiiein
1795 5496 1969 5549 lilium
2028 5513 2121 5567 ge-

539 5579 585 5618 ’11
593 5582 623 5618 ιι
632 5581 757 5618 ιδδο.

501 5687 506 5691 .
621 5640 733 5702 (44)
771 5637 881 5693 Hos
933 5639 1154 5709 quidam
1215 5647 1608 5704 susceptores,
1662 5635 1754 5688 alii
1813 5645 2122 5709 compatres

550 5715 748 5756 vocant
781 5725 795 5759 :
828 5707 1033 5762 debent
1081 5709 1228 5763 enim
1257 5722 1386 5762 cura
1420 5716 1663 5773 paterna,
1698 5718 1796 5771 pro
1832 5707 2034 5772 quibus
2066 5709 2120 5758 in

552 5775 830 5840 baptismo
855 5779 1164 5843 Spondeiit,
1216 5784 1270 5830 in
1317 5773 1645 5829 Christianis
1695 5776 1959 5828 institutis
1989 5790 2119 5830 eru-

2220 4603 2310 4654 vit
2333 4601 2642 4653 Brissonius
2682 4602 3072 4653 commentario
3117 4598 3184 4651 de
3236 4599 3386 4650 l'eriis
3427 4595 3776 4657 Christianis,

2221 4671 2443 4738 proprio
2473 4680 2529 4721 et
2555 4670 2812 4736 baptismi
2868 4667 3397 4738 olliciorspecialiter
3432 4666 3615 4738 dicato
3661 4661 3780 4738 loco

2222 4733 2670 4799 coni-ludebalur,
2712 4739 2866 4807 cujus
2899 4733 3319 4807 appellationem
3357 4735 3533 4786 Latini
3581 4733 3782 4786 verbo-

2224 4822 2341 4859 rum
2399 4808 2587 4873 inOpes
2635 4824 2664 4858 a
2710 4806 2911 4859 Gi-iccis
2955 4806 3372 4865 mendicantes,
3423 4807 3599 4873 locum
3655 4817 3780 4873 eum

2223 4871 2602 4944 baptisterium
2638 4883 2974 4943 nuncupant.
3007 4874 3177 4927 Graeci
3207 4889 3364 4944 suum
3400 4873 3530 4924 illud
3569 4871 3783 4924 Latinis

2223 4943 2628 4998 commodatum
2698 4945 2926 4996 verbum
2971 4943 3350 5010 iiitciiipeSiive
3400 4952 3648 5009 repetere
3687 4955 3785 4990 tio-

2222 5013 2415 5073 Mites,
2450 5013 2812 5081 φωτιστήριον
2857 5012 3086 5076 dicunt,
3133 5011 3474 5070 Ambrosius,
3509 5023 3785 5078 regenera-

2225 5085 2381 5136 tionis
2409 5085 2726 5136 sacrarium.
2761 5081 2825 5134 Et
2855 5097 3047 5136 recens
3075 5082 3332 5148 baptizati
3375 5089 3488 5132 tum
3517 5087 3783 5145 νεύφυτοι,

2226 5163 2336 5204 tuni
2365 5155 2728 5218 νεοφώτιστοι·
2746 5151 3181 5219 appellabantur.

2296 5223 2404 5290 (ιδ)
2447 5215 2612 5283 Quem
2645 5215 2927 5272 ornaiurus
2962 5227 3034 5270 est
3067 5227 3259 5270 ornatu
3284 5231 3553 5285 purpurat.
3592 5215 3785 5290 Ἀνθος

2223 5287 2425 5359 quippe
2461 5292 2627 5343 etiam
2675 5304 2740 5342 ea
2788 5292 3006 5359 notione
3051 5300 3172 5359 est,
3217 5302 3332 5353 .qua
3382 5290 3632 5359 κόσμοςε
3687 5287 3784 5359 sed

2227 5353 2640 5428 μετἀὶρορικῶς,
2675 5370 2737 5411 ut
2787 5357 3062 5422 Latinum,
3106 5356 3225 5419 llos,
3260 5369 3403 5422 saepe
3454 5357 3642 5412 decus.
3671 5353 3787 5428 ele-

2222 5423 2466 5496 gantiam
2495 5466 2510 5490 ,
2553 5428 3016 5495 pulchritudinem
3043 5467 3057 5490 ,
3090 5435 3146 5496 et
3177 5434 3559 5496 ornamentum
3607 5423 3814 5496 _quod-*

2224 5493 2350 5549 dam
2381 5493 2670 5565 signiﬁcat.
2705 5499 2773 5549 At
2825 5505 2974 5550 certe
3007 5495 3191 5559 ανύει,
3234 5493 3323 5565 hic
3375 5493 3785 5565 potiusipsuin

2225 5563 2541 5626 κάλλοςῖεοῦ
2590 5567 2910 5634 βάμματος,
2941 5565 3216 5625 tincturaa,
3250 5564 3364 5615 sive
3417 5563 3622 5634 eoloris
3660 5574 3792 5634 ptir-

2225 5635 2445 5702 puracei
2501 5631 2733 5689 niterent
2817 5651 2880 5689 ac
2958 5641 3303 5690 venustatem
3357 5632 3634 5698 quandam
3687 5631 3790 5682 ile-

2226 5713 2416 5758 ciarat.
