4106 6292
365 343 444 403 :59
1543 351 2085 414 msmnmnun
2128 355 2362 416 LIBER
2403 357 2453 420 Ι.
3543 371 3613 434 7o

370 457 698 524 ἀναφανδόν.
734 457 806 511 Τὸ
828 459 936 531 γάρ
971 478 1031 515 σε
1065 452 1436 531 μὲν’ἐκ6α).εῖν
1465 462 1571 514 τῶν
1602 465 1801 531 ὅρκων,
1826 465 1945 518 ἀντ-

2053 480 2162 520 non
2195 476 2247 522 te
2272 469 2466 525 eadem
2515 471 2693 541 palam
2744 473 3019 542 privatum
3064 475 3192 531 iret.
3225 478 3441 533 Etenim
3481 483 3616 550 quid

373 550 692 616 εισαγαγεῖν
747 548 804 601 δὲ
851 549 912 602 ὃν
961 551 1029 604 ἂν
1067 551 1231 614 αὐτὸς
1273 553 1609 621 καταστήσῃ,
1634 553 1786 605 οὐδὲν
1813 555 1945 607 ἄλλο

364 638 629 692 ’δύνασθαί
691 655 785 709 μοι
831 640 1000 696 δοκεῖ.
1044 644 1149 709 ,Δεῖ
1174 644 1238 712 δή
1274 659 1334 696 σε
1380 641 1780 711 βουλεύσασθαι
1815 647 1946 714 περ)⁵

327 777 330 779 .
367 728 465 780 τοῦ
503 729 832 799 πράγματος
863 731 1128 796 συνετῶς*
1160 731 1224 786 οὐ
1256 732 1362 804 γὰρ
1409 731 1538 801 περὶ
1590 734 1804 803 μικρῶν
1851 735 1947 788 καὶ

364 818 872 888 ,είκαταφρονήτων
902 820 1200 893 βουλεύσῃο
1240 821 1410 892 ἀλλἰῆ
1445 825 1624 886 καλῶς
1655 823 1833 895 ξῇννῆ
1870 825 1946 896 μὴ

367 912 584 982 ἀτίμως
638 914 952 969 ἀποθανεῖν.
1000 916 1147 985 Ἐγὼ
1201 915 1248 970 δ’
1299 919 1536 987 ἐμαυτὸν
1596 916 1820 987 παρέξω
1863 933 1946 970 σοι

371 1005 792 1074 προθυμότατον
825 1006 961 1076 πρὸς
996 1007 1144 1061 ἅπαν
1190 1008 1248 1061 τὸ
1296 1008 1766 1079 προσταττόμενον
1807 1009 1949 1062 ἑτοί-

376 1113 494 1163 μως
521 1096 714 1166 ἔχοντα
745 1098 821 1167 μὴ
851 1098 1155 1169 πράγματα
1190 1101 1350 1170 μόνον
1379 1103 1471 1154 καὶ
1495 1103 1770 1172 κτήματα,
1811 1100 1948 1154 ἀλλὰ

370 1188 469 1239 καὶ
498 1188 668 1258 αὐτὴν
701 1189 848 1258 ζωὴν
875 1190 1016 1262 ὑπὲρ
1048 1191 1148 1260 τῆς
1182 1191 1283 1259 σῆς
1308 1192 1572 1262 προέσθαι
1597 1193 1784 1262 τιμῆς.
1813 1193 1949 1244 Τού-

367 1294 481 1329 τ-ων
504 1278 612 1330 τῶν
638 1277 814 1344 λόγων
842 1279 1082 1342 ἀκούσας
1106 1282 1132 1333 ό
1164 1280 1438 1350 βασιλεὺς,
1462 1282 1575 1350 Τῆς
1610 1281 1709 1350 μὲν
1739 1284 1816 1344 ei;
1847 1281 1949 1350 ἐμὲ

371 1386 466 1421 σου
495 1371 674 1438 φιλίας
700 1373 864 1426 ἓνεκα
892 1375 985 1425 καὶ
1013 1373 1346 1444 προθυμίας,
1371 1375 1620 1445 ὁμολογῶ
1648 1392 1728 1429 σοι
1767 1375 1947 1444 χάριν,

365 1459 501 1529 εφη,
538 1463 743 1532 πολλήν
769 1479 783 1493 ·
821 1466 944 1516 ἐπεὶ
972 1466 1019 1518 δ’
1047 1467 1075 1518 ό
1100 1467 1288 1535 μέγας
1317 1467 1638 1536 δομέστικος
1670 1469 1698 1520 ό
1730 1469 1949 1520 Καντα-

368 1552 636 1621 κουζηνδς
674 1553 926 1625 Ἰωάννης
980 1556 1075 1609 καί
1133 1574 1215 1610 σοι
1268 1557 1368 1626 μὲν
1410 1557 1629 1621 οἰκείως
1676 1557 1949 1611 διάκειται

365 1641 516 1694 πάνυ
549 1645 640 1694 καὶ
673 1645 924 1712 φιλικῶς,
963 1647 1088 1716 ἐμοὶ
1142 1647 1201 1699 δὲ
1248 1647 1556 1700 συνδέδεται
1595 1647 1814 1716 δεσμοῖς
1859 1665 1948 1716 φι-

367 1731 494 1794 λίας
521 1734 827 1804 ἀρρήκτοις
858 1738 923 1789 ἐκ
950 1735 1226 1808 ’βρεφικῆς
1255 1737 1476 1808 ἡλικίας
1502 1738 1630 1808 ἄχρι
1666 1740 1762 1792 καὶ
1791 1737 1950 1810 δεῦρο

365 1824 794 1895 συνηυξημένης
869 1827 1025 1896 ἡμῖν,
1083 1829 1178 1881 καὶ
1234 1831 1315 1891 είς
1373 1828 1534 1898 βάθος
1589 1829 1945 1901 προκοψάσης

2053 1825 2314 1881 mesticus
2361 1837 2415 1882 et
2449 1829 2505 1883 in
2549 1831 2740 1886 intima
2783 1833 3154 1890 familiaritate
3206 1847 3296 1892 tua
3342 1847 3618 1901 versatur,
3713 1853 3716 1855 λ

365 1915 630 1970 τοσοῦτον
656 1917 730 1981 ὡς
761 1919 942 1972 δοκεῖν
972 1919 1072 1991 τὴν
1113 1922 1215 1991 μὲν
1249 1921 1388 1992 ἐμὴν
1415 1922 1593 1993 ψυχὴν
1631 1921 1694 1976 τὺ
1732 1924 1944 1976 ἐκείνου

369 2005 537 2074 σῶμα
563 2010 754 2073 κινεῖν,
788 2009 884 2079 τὴν
913 2010 959 2062 δ’
983 2012 1194 2066 ἐκείνου
1221 2013 1400 2084 ψυχὴν
1421 2015 1627 2086 ὲνὲμοὶ
1657 2015 1945 2080 κινεῖσθαι,

369 2097 468 2148 καὶ
522 2095 694 2150 ταῦτα
737 2100 833 2152 καὶ
881 2098 1063 2170 λέγειν
1111 2105 1206 2156 καὶ
1253 2104 1516 2174 πράττειν
1561 2105 1706 2176 ἅπερ
1739 2104 1804 2160 ἂν
1833 2107 1946 2173 ἐγὼ

369 2186 678 2258 βούλωμαι,
721 2192 816 2245 καὶ
864 2193 1066 2262 τρόπον
1103 2195 1226 2248 τινὰ
1267 2196 1366 2259 τὰς
1406 2196 1736 2268 ἀμφοτέρων
1768 2197 1947 2268 ψυχὰς

371 2279 738 2342 συντακείσας
767 2281 851 2343 είς
890 2279 1042 2350 μίαν,
1069 2282 1364 2353 ἀμφότερα
1386 2282 1458 2337 τὰ
1494 2283 1726 2354 σώματα
1751 2287 1945 2340 κινεῖν.

383 2369 539 2424 Ἐπεὶ
561 2373 746 2424 τοίνυν
777 2388 844 2426 συ
853 2373 1046 2444 μφυῶς
1074 2374 1248 2438 οὕτως
1274 2375 1472 2446 ἔχομεν
1498 2377 1638 2447 πρὸς
1663 2376 1947 2448 ἀλλήλους,

370 2460 476 2514 οὐκ
520 2462 748 2516 ἀνεκτὸν
791 2463 1033 2534 ἠγοῦμαι
1082 2464 1242 2535 μόνος
1276 2482 1328 2518 τι
1377 2466 1774 2535 βουλεύσασθαι
1817 2469 1947 2540 περὶ

370 2553 620 2625 ἒμαυτοῦ
649 2555 754 2608 κᾶν
785 2556 846 2608 ἐν
889 2556 1144 2627 ἐσχάτοις
1177 2556 1446 2620 κινδύνοις
1477 2559 1754 2630 συμϐαίνῃ
1787 2576 1947 2630 περι-

373 2645 586 2699 πεσεῖν.
623 2645 766 2698 Ἀλλ’
824 2646 949 2699 ἐπεὶ
999 2649 1062 2700 σὺ
1123 2647 1538 2719 πρδςςΘρᾴκην
1591 2649 1809 2722 ἀπέρχῃ
1846 2651 1948 2721 τῆς

287 2741 292 2746 ”
371 2737 591 2790 ἐκείνου
639 2737 880 2809 διάδοχος
920 2739 1181 2809 ἐσόμενος
1226 2740 1424 2810 ἀρχῆς,
1459 2741 1766 2812 γράμματα
1809 2743 1946 2814 πρὸς

372 2829 536 2884 αὐτὸν
566 2829 746 2883 λαϐὼν
781 2831 881 2900 τῆς
920 2831 1062 2902 ἐμῆς
1091 2831 1276 2902 χειρὸς
1309 2832 1384 2894 ὡς
1414 2836 1481 2886 ἂν
1508 2834 1780 2906 πιστεύσῃ
1811 2835 1947 2905 πρὸς

369 2919 562 2988 λόγους
592 2937 676 2974 σοι
703 2919 998 2985 συνελθεῖν,
1026 2921 1224 2991 (ἄλλως
1251 2923 1360 2992 γὰρ
1380 2923 1443 2975 οὐ
1473 2922 1798 2994 θαρῤἠσειεν
1832 2926 1944 3003 ay),

369 3011 528 3063 ταῦτ’
553 3010 737 3074 ἐπίδος
769 3010 938 3082 αὐτῷ.
984 3013 1096 3066 Καὶ
1140 3013 1510 3067 συνελθόντων
1559 3015 1714 3084 ὑμῶν
1750 3017 1831 3079 είς
1863 3015 1945 3084 ἓν,

369 3100 466 3154 καὶ
491 3099 940 3171 βουλευσαμένων
973 3103 1105 3171 περὶ
1132 3100 1240 3154 τῶν
1272 3103 1674 3173 προκειμένων,
1707 3103 1854 3174 ἅπερ
1879 3102 1946 3156 ἂν

2047 557 2194 612 aliud
2228 559 2320 624 sit,
2360 577 2561 617 nomen
2599 574 2751 618 tuum
2780 566 3012 620 formula
3039 566 3260 636 iurandi
3292 571 3616 640 exclusisse,

2046 656 2166 716 ejus
2196 660 2423 714 contra,
2463 668 2627 721 quem
2687 656 2803 724 ipse
2851 659 3231 726 cooptaverit,
3281 660 3612 726 inseruisse.

2047 751 2146 803 ego
2178 753 2287 792 non
2325 740 2591 812 intelligo.
2653 744 2921 810 Quoniam
2976 747 3143 816 igitur
3187 765 3295 802 non
3347 766 3528 818 parvae
3561 761 3654 808 et'

2048 826 2476 885 tloccifaciendae
2507 847 2594 886 res
2622 842 2880 902 aguntur,
2921 839 3014 889 sed
3041 851 3150 905 quo
3188 849 3347 906 pacto
3382 825 3618 896 vel°cum

2047 915 2333 974 honestate
2371 921 2544 988 vivas,
2592 925 2676 978 vel
2743 925 2881 981 citra
2939 927 3182 984 dedecus
3234 930 3621 1000 ignominiam-

2048 1021 2155 1076 que
2210 1023 2425 1076 pereas,
2488 1019 2604 1066 tute
2666 1013 2765 1068 tibi
2814 1018 3096 1086 sapienter
3141 1023 3414 1086 consulas,
3451 1033 3615 1092 atque

2048 1097 2352 1166 prospicias
2387 1116 2616 1157 necesse
2655 1113 2759 1158 est.
2797 1105 2872 1160 De
2903 1122 2991 1163 me
3020 1111 3128 1164 hoc
3165 1110 3262 1165 tibi
3294 1111 3470 1167 habeo
3501 1117 3618 1184 pol-

2046 1187 2224 1253 liceri,
2262 1191 2328 1244 ad
2357 1195 2538 1247 omnia
2570 1197 2826 1250 mandata
2868 1206 2960 1252 tua
3004 1201 3364 1268 conficienda,
3398 1218 3503 1258 nec
3549 1205 3618 1259 ad

2047 1278 2340 1334 facultates
2391 1281 2555 1336 modo
2605 1299 2817 1351 omnes,
2846 1287 2940 1342 sed
2965 1289 3034 1344 ad
3070 1290 3238 1345 vitam
3266 1307 3486 1362 quoque
3517 1309 3620 1362 pro

2049 1368 2318 1438 dignitate
2365 1380 2459 1426 tua
2487 1379 2952 1432 contemnendam
3013 1381 3423 1449 paratissimum
3479 1383 3616 1439 fore.

2050 1459 2315 1525 Finierat,
2352 1477 2478 1516 cum
2519 1465 2600 1520 sic
2644 1469 2859 1537 excepit
2912 1469 3216 1540 imperator
3263 1489 3278 1526 :
3322 1473 3476 1540 Quod
3531 1491 3584 1528 ιιι
3683 1527 3702 1538 ι
3811 1493 3814 1497 '

2050 1557 2340 1620 tantopere
2384 1553 2589 1626 diligis,
2623 1565 2680 1611 et
2719 1559 2773 1612 in
2815 1575 2934 1615 mea
2969 1577 3136 1618 causa
3169 1573 3377 1620 tantam
3417 1567 3615 1620 alacri-

2051 1651 2222 1698 tatem
2277 1661 2390 1715 pra:
2439 1655 2492 1702 te
2541 1649 2672 1716 fers,
2711 1651 3050 1709 immortales
3104 1655 3198 1709 tibi
3253 1656 3457 1726 gratias
3497 1672 3618 1726 ago.

2051 1733 2322 1789 Caeterum
2353 1738 2482 1807 quia
2519 1739 2760 1796 Joannes
2796 1742 3217 1800 Cantacuzenus
3251 1762 3481 1816 magnus
3525 1748 3622 1801 do-

2048 1925 2105 1971 et
2139 1918 2369 1988 irruptis
2399 1936 2619 1976 mecum
2657 1925 2915 1979 amicitia:
2956 1927 3197 1982 vinculis
3240 1927 3620 1997 coniungitur,

2047 2023 2170 2076 qua:
2221 2010 2350 2063 inde
2401 2010 2472 2065 ab
2511 2012 2812 2070 infantibus
2846 2015 2958 2086 (46)
2995 2033 3169 2087 usque
3196 2021 3264 2072 ad
3297 2019 3438 2074 hanc
3471 2019 3619 2074 diem

2049 2097 2334 2153 nobiscum
2359 2103 2599 2156 accrevit
2645 2113 2700 2158 et
2731 2106 2902 2160 tantis
2931 2108 3182 2162 auctibus
3215 2119 3296 2163 est
3321 2110 3619 2173 cumulata,

2048 2196 2112 2242 ut
2140 2191 2426 2260 utriusque
2455 2195 2637 2248 anima
2697 2195 2752 2249 in
2801 2197 3032 2251 alterius
3074 2213 3306 2267 corpore
3341 2200 3616 2265 habitare,

2050 2293 2148 2334 seu
2176 2281 2376 2336 animae
2409 2281 2532 2337 duae
2567 2283 2625 2337 in
2659 2299 2824 2338 unam
2859 2285 3107 2340 conflata:
3136 2287 3425 2343 amborum
3467 2298 3622 2343 artus

2049 2383 2243 2439 regere
2273 2372 2588 2438 videantur,
2615 2374 2870 2444 vigetque
2900 2374 3045 2430 inter
3068 2391 3168 2431 nos
3196 2391 3513 2433 sermonum
3557 2389 3618 2434 et

2047 2466 2330 2521 actionum
2388 2480 2601 2520 summa
2645 2469 2939 2522 consensio
2981 2485 2995 2522 :
3031 2469 3183 2538 quia,
3232 2469 3480 2539 inquam,
3519 2487 3621 2525 nos

2048 2556 2159 2610 duo
2196 2556 2395 2610 animis
2425 2571 2598 2626 usque
2631 2556 2771 2612 adeo
2800 2557 3106 2614 coaluimus
3131 2597 3146 2622 ,
3181 2561 3362 2615 scelus
3403 2563 3622 2616 consci-

2048 2660 2281 2714 scerem,
2331 2645 2401 2712 si,
2456 2662 2776 2718 quanquam
2834 2650 2888 2704 in
2947 2660 3257 2706 extremum
3308 2653 3617 2722 periculum

2047 2738 2438 2808 praecipitatus,
2470 2739 2538 2793 de
2571 2740 2739 2796 rebus
2773 2740 2912 2796 meis
2943 2741 3062 2796 sine
3103 2742 3197 2797 illo
3224 2742 3619 2798 consultarent.

2047 2831 2156 2886 Sed
2201 2845 2326 2886 cum
2383 2839 2440 2885 tu
2498 2832 2556 2886 in
2611 2831 2904 2886 Thraciam
2951 2849 3052 2902 pro
3101 2833 3251 2887 illius
3295 2846 3619 2887 successore

2047 2921 2234 2989 abeas,
2267 2937 2432 2976 manu
2488 2937 2606 2977 mea
2641 2930 2922 2977 exaratam
2971 2923 3256 2991 epistolam
3296 2921 3348 2976 ei
3400 2921 3618 2985 redies,

2048 3027 2160 3081 quo
2197 3012 2303 3068 fide
2329 3013 2473 3067 facta
2509 3024 2687 3068 tecum
2727 3013 3118 3083 congrediatur
3157 3030 3170 3066 :
3224 3012 3427 3083 alioqui
3471 3012 3620 3068 enim

2050 3103 2280 3158 fortasse
2309 3119 2422 3158 non
2461 3103 2706 3158 audebit.
2739 3103 2840 3172 15
2869 3103 3222 3173 Quaecunque
3251 3111 3434 3157 autem
3462 3102 3622 3156 vobis

370 3191 504 3260 ὑμῖν
547 3189 675 3260 δόξῃ
715 3189 968 3259 λυσιτελῆ
999 3191 1093 3243 καὶ
1125 3189 1396 3262 ὠφέλιμα,
1429 3190 1584 3243 ταῦτ’
1609 3177 1764 3244 ἔσται
1814 3209 1940 3244 συν-

2048 3209 2209 3263 super
2228 3194 2482 3264 praesenti
2503 3201 2648 3248 statu
2675 3209 2798 3252 meo
2843 3193 3280 3248 deliberantibus
3308 3191 3621 3248 conducere

365 3283 630 3339 δοκοῦντα
661 3283 851 3354 κάμοί.
883 3284 1198 3354 Πέπεισμαι
1243 3284 1353 3352 γὰρ
1379 3283 1645 3355 ἀκριϐῶς,
1686 3284 1764 3347 ὡς
1790 3285 1839 3338 εί
1868 3285 1944 3356 μὴ

366 3377 500 3438 Θεὸς
523 3371 606 3439 οἷς
637 3373 747 3429 οῐδε
775 3375 1000 3445 τρόποις
1021 3373 1120 3444 τὴν
1153 3374 1308 3445 ὑμῶν
1337 3375 1561 3444 σφήλειε
1588 3374 1812 3443 γνῶσιν,
1845 3376 1946 3429 οὐκ

368 3468 439 3521 ἂν
471 3467 713 3537 ἁμάρτοι
742 3465 838 3520 τοῦ
869 3465 1040 3520 καλοῦ
1081 3465 1180 3520 καὶ
1214 3466 1625 3530 λυσιτελοῦντος
1666 3465 1762 3521 καὶ
1795 3467 1944 3536 ὠφε-

365 3558 551 3628 λίμου,
591 3561 690 3612 καὶ
749 3557 1072 3628 φρονήσεως
1129 3555 1313 3621 ὀξείας
1357 3555 1544 3624 ἓνεκα,
1598 3557 1697 3610 καὶ
1744 3558 1946 3629 πείρας

367 3650 717 3718 πραγμάτων
773 3648 1037 3716 πολιτῶν,
1092 3649 1191 3702 καὶ
1238 3650 1339 3719 τῆς
1405 3648 1539 3719 περὶ
1601 3647 1703 3718 ἐμὲ
1761 3648 1946 3717 φιλίας

367 3743 547 3812 ἄκρας
582 3741 680 3795 καὶ
715 3741 1034 3810 συναφείας.
1064 3741 1286 3795 Τούτων
1325 3739 1470 3795 οὕτω
1525 3740 1826 3813 ῥηθέντων,
1875 3741 1946 3795 τὰ

367 3831 677 3901 γράμματα
726 3829 910 3884 λαϐὼν
941 3831 1006 3884 ὲκ
1035 3830 1299 3902 βασιλέως
1331 3831 1362 3882 ό
1395 3831 1756 3903 Συργιάννης,
1807 3829 1946 3901 ιχώ-

369 3939 452 3993 ρει
485 3924 622 3991 πρὸς
645 3921 902 3994 Θρᾴκηνο
929 3922 1058 3976 ἔνθα
1082 3921 1148 3992 δὴ
1179 3922 1259 3993 τῷ
1288 3923 1513 3993 μεγάλῳ
1544 3923 1946 3994 συγγενόμενος

365 4013 700 4084 δομεστίκῳ,
757 4015 852 4067 καὶ
881 4013 953 4068 τά
999 4030 1062 4067 τε
1095 4013 1385 4082 συμϐάντα
1437 4014 1716 4085 γνωρίσας
1764 4014 1940 4085 αὐτῷ,

367 4104 462 4157 an).
506 4103 576 4156 τὰ
626 4103 722 4156 τοῦ
756 4103 1023 4174 βασιλέως
1052 4101 1360 4173 γράμματα
1401 4103 1740 4174 ἐγχειρίσας,
1786 4105 1945 4158 ἐϐου-

366 4194 588 4248 λεύοντο
647 4197 777 4266 περὶ
836 4195 945 4249 τῶν
1003 4195 1315 4266 παρόντων,
1364 4196 1458 4248 καὶ
1500 4195 1598 4248 δύο
1641 4196 1736 4248 καὶ
1765 4195 1946 4266 τρισὶν

367 4287 572 4357 ἐφεξῆς
632 4289 898 4359 ἡμέραις.
967 4287 1080 4341 Καὶ
1150 4285 1406 4356 ποικίλης
1474 4287 1570 4341 καὶ
1628 4286 1944 4350 πολυειδοῦς

365 4379 464 4450 τῆς
521 4379 722 4448 βουλῆς
783 4379 1086 4449 γενομένης
1142 4377 1288 4448 (ἐπεὶ
1343 4378 1475 4448 περὶ
1510 4378 1620 4431 τῶν
1670 4360 1945 4449 μεγίστων

364 4466 431 4542 ἦν
483 4473 512 4524 ὁ
575 4471 772 4540 ἀγὼν),
832 4470 927 4523 καὶ
976 4468 1190 4522 πολλῶν
1247 4467 1523 4540 ῥηθέντων
1581 4469 1715 4540 παρ’
1762 4471 1944 4539 ἀμφο-

365 4563 542 4634 τέρων
605 4562 754 4633 (ἐπεὶ
812 4563 910 4615 καὶ
963 4563 1283 4632 φρονήσεως
1352 4560 1515 4614 ἕνεκα
1583 4563 1678 4614 καὶ
1750 4561 1944 4632 πείρας

366 4653 746 4724 στρατηγικῆς
789 4655 900 4718 τοῖς
938 4653 1178 4724 μάλιστα
1213 4651 1454 4724 πρώτοις
1494 4651 1605 4705 τῶν
1649 4652 1946 4723 Ῥωμαίων

371 4743 828 4816 συνημιλλῶντο),
889 4744 1044 4810 τέλος
1107 4746 1136 4799 ό
1205 4745 1380 4814 μέγας
1445 4739 1766 4814 δομέστικος
1820 4740 1944 4796 εἶπε

367 4839 570 4892 τοιάδε·

2047 3293 2100 3338 et
2130 3283 2390 3353 expedire
2417 3282 2781 3347 videbuntur,
2815 3282 2961 3352 apud
2991 3297 3077 3337 me
3116 3297 3336 3351 quoque
3365 3283 3419 3334 in
3449 3281 3616 3335 simili

2046 3375 2409 3430 aestimatione
2459 3372 2643 3428 futura
2686 3383 2834 3429 sunt.
2871 3374 3106 3429 Prorsus
3135 3373 3284 3427 enim
3317 3373 3390 3426 ita
3415 3373 3621 3437 sentio,

2046 3465 2152 3520 nisi
2185 3464 2351 3531 Deus,
2383 3463 2548 3519 modo
2589 3480 2702 3534 quo
2749 3464 2866 3534 ipse
2912 3464 3087 3527 novit,
3118 3464 3398 3518 mentibus
3423 3463 3623 3517 vestris

2047 3555 2336 3624 caliginem
2357 3553 2642 3616 oﬂuderit.
2669 3567 2769 3608 vos
2816 3563 2876 3608 ut
2928 3552 3292 3624 intelligentia
3327 3551 3620 3622 pollentes,

2046 3664 2160 3704 non
2200 3646 2466 3702 mediocri
2520 3646 2842 3717 reipublicae
2891 3660 2996 3707 usu
3044 3645 3326 3715 praeditos,
3375 3643 3624 3713 mihique

2046 3738 2309 3794 omnibus
2354 3737 2860 3794 necessitudinibus
2893 3737 3400 3808 coniunctissimos,
3433 3735 3505 3790 ab
3543 3749 3615 3791 eo

2046 3829 2196 3900 quod
2266 3830 2580 3894 honestum,
2635 3827 2959 3899 frugiferum
3009 3837 3066 3884 et
3115 3828 3466 3884 conducibile
3511 3836 3622 3888 est.

2046 3921 2309 3991 opinione
2332 3930 2387 3976 et
2409 3920 2681 3976 sententia
2702 3934 3051 3989 nequaquam
3071 3920 3337 3974 abituros.
3358 3917 3454 3974 llis
3475 3917 3622 3972 inter

2047 4029 2108 4069 se
2160 4013 2349 4077 dictis,
2396 4010 2732 4082 Syrgiannes
2782 4025 2908 4063 eum
2962 4010 3165 4064 litteris
3224 4010 3282 4064 in
3310 4009 3621 4063 (Thraciam

2046 4103 2338 4159 discedens
2371 4116 2465 4156 eas
2505 4099 2889 4155 Cantacuzeno
2926 4098 3129 4172 reddit,
3172 4107 3230 4152 et
3287 4098 3344 4151 in
3377 4098 3623 4152 collocu-
3717 4171 3732 4180 κ

2049 4195 2198 4250 tione
2227 4207 2347 4263 qua:
2366 4188 2844 4258 Constantinopoli
2874 4189 3176 4244 acciderint
3197 4189 3470 4244 enuntiat.
3501 4188 3625 4242 Tri-

2047 4286 2217 4340 duum
2247 4283 2510 4353 deinceps
2532 4281 2587 4336 in
2617 4280 3078 4337 consultationem
3105 4279 3456 4350 impendunt.
3483 4278 3623 4334 Cum

2047 4376 2264 4431 diversa
2291 4383 2347 4429 et
2385 4373 2682 4429 multifaria
2716 4373 2772 4428 in
2802 4372 3042 4428 medium
3077 4372 3241 4426 allata
3308 4379 3494 4426 essent
3521 4369 3614 4441 (de

2050 4466 2270 4537 negotio
2293 4465 2498 4535 quippe
2526 4464 2581 4519 in
2607 4464 2801 4535 primis
2833 4477 3031 4534 magno
3052 4471 3108 4518 et
3131 4461 3304 4516 arduo
3329 4461 3622 4516 laboraba-

2052 4558 2165 4626 tur)
2203 4569 2259 4609 et
2281 4566 2512 4625 uterque
2544 4570 2654 4609 non
2682 4571 2854 4625 pauca
2883 4553 3110 4608 dixisset
3134 4553 3445 4623 (prudentia
3471 4553 3622 4607 enim

2052 4647 2203 4704 civili
2248 4657 2305 4701 et
2375 4645 2715 4710 experientia
2759 4644 2984 4699 militari
3044 4657 3171 4697 cum
3225 4643 3625 4698 laudatissimis

2053 4741 2363 4812 quibusque
2396 4737 2769 4791 Romanorum
2808 4734 3147 4806 certabant),
3182 4736 3398 4790 tandem
3418 4733 3622 4789 Canta-

2051 4845 2294 4888 cuzenus
2326 4829 2405 4883 sic
2438 4827 2604 4897 carpit
2627 4846 2641 4882 :

1821 4951 2044 5010 CAPUT
2083 4951 2174 5005 lll.

369 5051 731 5110 Cautacuzeni
782 5048 852 5100 ad
896 5035 1249 5118 Syrgianneni
1288 5045 1490 5118 oratio.
1563 5045 1714 5118 Dolet
1741 5045 1804 5118 de
1868 5061 1924 5097 re
1969 5053 2076 5096 tam
2119 5039 2340 5118 ancipiti
2377 5037 2766 5118 et'peiiculosa
2794 5039 3086 5118 [dicendam
3123 5042 3480 5118 sententiam;
3526 5055 3621 5118 ne-

438 5133 610 5193 potem
644 5119 828 5193 iaudat
853 5125 902 5193 et
927 5109 1248 5193 miseratur:
1272 5115 1510 5183 futuram
1540 5114 1925 5193 _calqmital_er_n
1967 5110 2236 5182 prwseutit
2261 5123 2300 5193 ﬂ:
2340 5109 2892 5193 omicat‘iom‘just‘iliie
2926 5127 2992 5193 se!
3019 5110 3373 5193 pra-iuturum
3430 5117 3623 5177 negat:

437 5177 754 5246 elabendum
783 5186 956 5255 potius
996 5185 1198 5254 aliqua,
1223 5177 1390 5253 quium
1412 5184 1599 5247 armis,
1631 5185 1766 5238 citra
1799 5177 2045 5237 ultimam
2079 5183 2462 5243 necessitatem,
2495 5177 2872 5242 decertandum
2905 5177 3165 5246 afﬁrmat.

441 5282 660 5338 Πολλῶν
724 5279 791 5331 ἂν
831 5276 1149 5347 ἠλλαξάμην
1194 5277 1563 5347 πραγμάτων,
1603 5269 1650 5328 ὦ
1707 5275 1952 5356 βέλτιστε

371 5377 566 5448 φίλων,
598 5372 632 5442 ἢ
671 5369 874 5441 μᾶλλον
928 5367 1024 5420 καὶ
1073 5366 1243 5436 αὐτῆς
1297 5366 1396 5436 τῆς
1431 5366 1579 5434 ζωῆς
1619 5365 1718 5418 οὐκ
1759 5366 1941 5443 ὀλίγου

2131 5270 2296 5325 Multa
2324 5282 2446 5338 ego.
2475 5267 2780 5322 amicorum
2804 5269 3035 5338 optime,
3065 5268 3177 5323 imo
3202 5269 3488 5323 enimvero
3511 5281 3626 5320 non

2051 5381 2244 5438 parum
2271 5365 2338 5418 de
2372 5361 2584 5429 reliqua
2629 5362 2740 5415 vita
2788 5376 2910 5418 mea
2950 5370 3314 5432 praeoptarem
3344 5358 3622 5424 amittere,

1607 5481 1824 5544 Jacobi
1859 5483 2122 5544 Pontani
2165 5487 2357 5542 noue.

437 5597 554 5669 (16)
605 5593 1008 5669 Cannensem;
1066 5595 1318 5669 cognatus
1369 5575 1701 5669 imperatori
1731 5586 1945 5669 Andro-

369 5657 485 5723 nico
509 5657 696 5736 ῥωσηὶ
726 5662 946 5736 (aqualis
973 5669 1022 5736 et
1055 5657 1404 5713 amicissimus
1429 5657 1492 5708 ab
1521 5657 1732 5708 ineunte
1765 5664 1944 5736 aetate.

371 5749 419 5794 et
478 5727 542 5792 οὗ
604 5727 796 5790 animi'
861 5730 1144 5785 candorem
1180 5739 1628 5803 '_sermonumque_
1677 5727 1948 5780 veritatem

2054 5594 2104 5640 et
2165 5599 2369 5639 morum
2438 5581 2857 5638 commoditatem
2934 5579 3296 5634 charissimus.
3354 5575 3627 5644 Gregoras

2016 5710 2030 5726 ,
2057 5655 2153 5712 lib.
2202 5669 2322 5710 vm.
