4106 6292
507 384 581 452 ’11
1682 380 1924 440 JOANN
1938 381 2007 440 IS
2047 381 2564 443 CANTACUZENI
3679 377 3752 441 7‘2

510 516 675 573 quam
703 505 761 554 ut
779 506 924 554 esset
941 495 1007 551 ad
1035 512 1135 551 nos
1153 497 1330 551 delata
1347 496 1729 567 hujuscemodi
1744 498 2086 561 consultatio,

2207 503 2406 572 μέρους
2437 503 2604 563 τινος,
2640 498 2714 568 μὴ
2742 501 2837 568 τὴν
2863 499 3058 570 βουλὴν
3093 501 3222 567 ἡμῖν
3255 499 3383 568 περὶ
3414 497 3752 568 πραγμάτων

498 591 607 665 rubi
630 590 902 645 utrumvis
932 588 1202 655 evenerit,
1226 590 1362 643 citra
1382 589 1587 660 grande
1613 588 1919 658 perieulum
1952 605 2080 642 eve-

511 683 630 737 nire
670 697 779 735 non
812 688 1011 750 potest.
1042 679 1146 745 Qui
1172 678 1237 733 de
1262 679 1382 733 aliis
1424 680 1585 733 rebus
1608 679 1968 733 ineonsilium
1993 696 2082 733 ve-

516 775 703 834 niunt.
746 774 815 827 iis
847 771 1221 826 ratiocinando
1248 771 1376 824 licet
1410 770 1762 836 concludere,
1793 771 1886 824 tali
1920 771 2084 825 modo

515 865 683 918 rebus
700 863 980 927 euntibus,
1002 863 1160 925 bene,
1182 860 1288 914 alio
1309 861 1446 914 male
1466 860 1690 914 omnino
1704 861 2085 915 eventuras.ln

516 957 618 1010 hac
650 970 802 1020 vero,
825 971 928 1024 qua
956 952 1022 1008 de
1042 954 1094 1007 in
1123 969 1359 1023 praesens
1376 954 1691 1021 quaerimus.
1721 953 1763 1006 si
1785 969 1906 1021 pars
1929 953 2084 1007 dete-

516 1050 631 1102 rior
656 1047 938 1101 meliorem
963 1043 1174 1108 vicerit,
1202 1044 1544 1097 moriendum
1566 1044 1670 1097 crit
1695 1059 1709 1097 ε
1730 1045 1834 1108 sin,
1855 1059 1975 1112 qua:
1993 1059 2088 1112 ap-

522 1148 673 1207 paret
699 1136 911 1198 melior,
931 1133 1257 1188 deteriorem
1279 1133 1643 1200 superaverit,
1662 1148 1798 1200 quas
1813 1147 1920 1185 non
1939 1134 2084 1186 cala-

515 1229 765 1281 mitatum
793 1225 990 1285 Iliadas
1014 1223 1202 1278 subire
1227 1223 1545 1293 oportebit?
1572 1223 1785 1276 Etenim
1810 1222 1854 1275 si
1878 1222 2084 1275 exitum

515 1318 707 1373 sortita
735 1317 941 1371 fuerint
968 1331 1091 1385 quae
1119 1316 1416 1385 imperator
1459 1322 1646 1368 noster
1681 1314 1944 1368 adversus
1986 1329 2085 1367 ne—

513 1417 698 1477 potem
742 1409 965 1477 coquit,
1010 1407 1076 1460 ad
1130 1407 1396 1459 malorum
1449 1404 1902 1473 perferendorum
1968 1420 2084 1459 ma-

512 1499 858 1568 gnitudinem
896 1498 1159 1553 accedere
1191 1497 1333 1552 nihil
1364 1497 1589 1567 poterit.
1618 1494 1907 1550 Hominem
1933 1511 2088 1549 nam-

508 1605 617 1658 que
665 1588 917 1658 pluribus
955 1587 1406 1657 aequiparandum
1436 1587 1548 1658 (47)
1583 1586 1898 1656 prudentia,
1959 1602 2085 1641 cum

510 1679 955 1751 prudentissimis
986 1679 1052 1732 de
1080 1678 1254 1747 palma
1286 1677 1731 1741 contendentem,
1764 1676 2087 1732 fortitudine

506 1770 678 1824 animi
711 1779 834 1839 post
859 1785 917 1824 se
941 1770 1079 1822 alios
1098 1769 1259 1838 longe
1286 1769 1705 1837 relinquentem,
1731 1767 2084 1838 ingenuitate,

509 1870 567 1915 et
603 1834 811 1913 naturas
845 1859 1128 1913 habilitate
1162 1834 1228 1913 ad
1258 1834 1466 1912 tantam
1492 1846 1710 1928 imperii
1746 1834 1944 1911 molem
1969 1858 2088 1911 suis
2122 1834 2162 1887 Β

510 1951 757 2006 humeris
788 1949 1164 2004 sustinendam
1202 1947 1481 2014 idoneum,
1518 1947 1772 2002 amicitia:
1813 1956 1869 2001 et
1910 1949 2089 2002 scien-

506 2049 642 2105 tem,
674 2049 729 2093 et
759 2047 1185 2093 eonservantem
1214 2040 1382 2107 leges,
1419 2050 1475 2092 et
1504 2046 1565 2090 ut
1599 2036 1853 2091 universe
1884 2037 2084 2103 dicam,

507 2145 802 2185 commune
855 2127 1081 2182 humani
1119 2128 1337 2197 generis
1389 2126 1493 2197 16
1536 2134 1922 2180 ornamentum
1973 2125 2084 2195 (48)

508 2223 592 2277 sic
633 2199 835 2276 indicta
895 2235 1061 2274 causa
1118 2219 1565 2289 gravissimorum
1606 2217 1896 2271 criminum
1934 2217 2088 2271 dam-

508 2313 627 2370 nari
658 2302 792 2382 (ιθ),
817 2321 983 2381 atque
1019 2321 1114 2365 aut
1141 2310 1305 2364 vitam
1332 2310 1483 2363 omni
1523 2317 1702 2364 morte
1743 2308 2083 2363 acerbiorem

504 2408 727 2476 exigere
778 2406 890 2476 (qui
939 2405 1088 2458 enim
1132 2403 1249 2456 heri
1300 2411 1357 2456 ot
1404 2400 1806 2456 nudiustertius
1859 2399 1969 2469 (50)
2027 2407 2086 2452 ιιι

515 2498 818 2567 imperator
845 2494 1177 2549 adorabatur
1198 2501 1253 2545 et
1273 2491 1556 2545 colebatur
1573 2490 1641 2545 ab
1664 2489 1922 2544 omnibus
1945 2490 2081 2559 (51),

496 2570 684 2641 hodie
754 2585 1076 2654 despicitur,
1137 2593 1194 2636 et
1241 2581 1503 2651 injuriose
1578 2588 1868 2642 tractatur,
1921 2589 2085 2647 atque

511 2693 658 2732 unus
691 2675 760 2730 de
789 2672 1242 2729 circumforaneis
1291 2687 1389 2726 seu
1438 2686 1507 2724 ex
1549 2669 1737 2723 infima
1779 2668 1938 2738 plebe
2000 2684 2084 2722 re-

510 2765 794 2839 putatur),
832 2774 928 2819 aut
971 2775 1161 2818 contra
1187 2765 1313 2833 jura
1360 2761 1566 2826 omnia,
1606 2771 1909 2830 contraque
1944 2775 2083 2828 pra:-

512 2858 779 2926 scriptum
842 2854 1071 2909 rationis
1140 2852 1209 2907 ad
1280 2861 1513 2906 mortem
1574 2851 1715 2904 mitti
1776 2852 2081 2919 continget.

510 2947 671 3015 Quod
693 2948 739 3001 si
772 2962 880 3016 qua
915 2946 1001 2999 via
1043 2944 1339 2998 discrimen
1389 2942 1587 3011 capitis
1630 2940 1909 3011 effugerit,
1968 2951 2081 2994 tum

509 3043 621 3111 jam
653 3047 812 3108 poeta
842 3036 1100 3106 quopiam
1123 3034 1330 3105 tragico
1369 3032 1757 3102 indigebimus,
1782 3033 1876 3101 qui
1901 3032 2083 3088 clades

509 3140 569 3186 et
590 3142 862 3186 aerumnas
897 3143 927 3180 a
954 3126 1217 3181 Romanis
1246 3123 1486 3178 vicissim
1538 3122 1914 3191 importandas
1956 3137 2081 3176 eum

517 3221 793 3292 gravitate
845 3232 908 3273 ac
951 3215 1304 3270 miseratione
1343 3214 1619 3269 decantet.
1652 3212 1785 3279 Quis
1815 3213 1963 3267 enim
1997 3216 2082 3268 vel

512 3313 679 3382 lignis
705 3326 769 3365 ac
790 3308 1069 3380 lapidibus
1125 3306 1396 3376 stupidior
1438 3321 1547 3360 non
1591 3305 1919 3374 cogitatione
1950 3306 2087 3375 pm.

510 3404 672 3475 cipit,
705 3402 850 3457 inter
883 3401 1248 3471 imperatores
1274 3396 1534 3467 ﬂagrante
1562 3395 1858 3462 discordia,
1897 3411 2089 3451 neces-

2190 593 2512 664 προκεῖσθαι
2571 592 2848 651 τοιούτων,
2893 590 3022 641 ὥστ’
3076 590 3467 657 ἀμφοτέρωθεν
3515 589 3660 658 ἔχειν
3694 591 3754 642 τὸ

2186 684 2529 737 ἐπικίνδυνον
2557 684 2655 734 οὐκ
2677 682 2880 748 ὀλίγον,
2909 682 3052 742 ὅπως
3093 681 3159 734 ἂν
3193 681 3455 750 ἀποϐαίη.
3504 680 3624 733 Ἐπὶ
3656 681 3754 748 μὲν

2186 773 2297 842 γὰρ
2348 770 2456 822 τῶν
2511 768 2687 822 ἄλλων
2753 772 3094 837 πραγμάτων
3145 769 3581 842 βουλευομένοις,
3635 768 3753 821 ἐστι

2189 862 2443 929 συνάγειν
2476 862 2540 912 ἐκ
2567 859 2869 928 λογισμῶν,
2901 859 2998 926 ὡς,
3045 861 3141 913 ὡδὶ
3171 860 3269 929 μὲν
3297 860 3751 933 ἀπαντησάντων,

2189 956 2380 1024 σχήσει
2411 952 2629 1014 καλῶς·
2695 952 2768 1022 μὴ
2816 951 2958 1005 οὕτω
3009 952 3085 1016 δὲ,
3135 952 3444 1005 τούναντίον
3492 953 3638 1005 ἆπαν
3686 950 3752 1002 ἂν

2186 1046 2449 1114 ἀποϐαίη.
2494 1044 2608 1113 Ἐφ’
2650 1037 2711 1120 οῦ
2739 1043 2796 1096 δὲ
2825 1043 2917 1096 νῦν
2947 1042 3333 1113 βουλευόμεθα,
3366 1044 3414 1095 εί
3465 1045 3565 1111 μὲν
3597 1042 3753 1111 νικήο

2190 1154 2272 1190 σει
2319 1136 2386 1188 τὰ
2420 1135 2612 1206 χείρω,
2643 1136 2741 1205 τῆς
2785 1136 2934 1202 ζωῆς
2968 1136 3133 1205 ιὲστιν
3180 1136 3435 1187 ἐκπεσεῖν
3458 1152 3470 1165 ·
3501 1135 3548 1186 εί
3588 1134 3659 1219 δἐἰ
3684 1133 3752 1185 τὰ

2185 1228 2444 1281 δοκοῦντα
2510 1227 2703 1296 βελτίω
2760 1228 2985 1296 γένηται
3036 1226 3290 1296 κρείττω,
3346 1226 3533 1278 κακῶν
3587 1224 3753 1291 ἐσμὶν

2188 1319 2493 1388 προσδοκᾷν
2525 1318 2763 1387 ἀνάγκη.
2802 1317 2908 1369 Τοῦ
2934 1316 3200 1386 βασιλέως
3234 1316 3341 1385 γὰρ
3370 1314 3526 1384 ἡμῶν
3567 1310 3753 1364 τοιαῦ-

2187 1428 2254 1463 τα
2309 1410 2697 1480 βουλευομένου
2758 1410 2887 1475 περὶ
2922 1407 3014 1460 τοῦ
3052 1408 3276 1473 ἐκγόνου
3326 1410 3422 1460 καὶ
3464 1404 3750 1475 βασιλέως,

2189 1499 2238 1551 εί
2283 1500 2383 1569 μὲν
2437 1502 2516 1562 εἰς
2568 1502 2742 1567 πέρας
2792 1498 2924 1570 ἕλοῃ
2969 1498 3037 1550 τά
3084 1498 3456 1567 μελετώμενα,
3496 1497 3752 1563 οὐδεμίαν

2189 1590 2499 1662 ὑπερϐολὴν
2527 1590 2761 1660 ἐλλείψει
2796 1589 3005 1644 κακῶν.
3040 1592 3362 1659 ’Ἄνθρωπον
3390 1589 3499 1659 γὰρ
3543 1587 3753 1641 πολλῶν

2190 1678 2446 1745 ἀντάξιον
2494 1679 2695 1743 ἄλλων,
2752 1680 3016 1749 φρονήσει
3081 1680 3182 1746 μὲν
3218 1681 3327 1741 τοῖς
3373 1678 3613 1749 πρώτοις
3645 1679 3754 1730 τῶν

2191 1771 2476 1842 πρωτείων
2524 1770 2999 1840 ἀμφισϐητοῦντα,
3028 1769 3221 1840 ἀνδρίᾳ
3250 1769 3305 1821 δὲ
3351 1770 3525 1837 ψυχῆς
3575 1765 3755 1835 πολλῷ

2186 1864 2267 1934 τῷ
2309 1863 2471 1932 μέσῳ
2504 1863 2628 1924 τοὺς
2668 1861 2862 1925 ἄλλους
2905 1860 3308 1932 ὑπερνικῶντα,
3357 1858 3643 1929 ἐλευθερίᾳ
3700 1857 3755 1909 δὲ

2189 1954 2437 2025 γνώμην,
2479 1955 2578 2006 καὶ
2607 1953 2824 2021 φύσεως
2858 1953 3258 2023 ἐπιτηδειότητι
3285 1950 3362 2021 τῷ
3391 1952 3632 2018 τοσούτῳ
3659 1967 3756 2019 με·

2187 2039 2339 2112 γέθει
2384 2044 2731 2112 προσήκοντα
2763 2042 2865 2112 τῆς
2894 2043 3092 2112 ἀρχῆς,
3124 2040 3305 2111 φιλίας
3349 2041 3404 2092 δέ
3447 2042 3628 2094 εἰδότα
3664 2039 3757 2092 καὶ

2185 2133 2460 2205 τηροῦντα
2492 2134 2750 2203 θεσμοὺς,
2783 2134 2920 2198 δλως
2964 2133 3021 2185 δὲ
3069 2132 3249 2186 κοινὸν
3283 2132 3505 2201 ἄγαλμα
3524 2131 3624 2198 τῆς
3652 2129 3756 2199 φύ-

2186 2241 2325 2287 σεως
2354 2224 2505 2283 ὄντα.
2533 2224 2702 2287 οὕτως
2728 2226 2946 2294 ἐρήμην
2973 2225 3063 2275 ἐπὶ
3092 2226 3204 2285 τοῖς
3235 2223 3515 2294 μεγίστοις
3547 2222 3749 2276 ἁλῶναι

2190 2316 2517 2397 συμϐθαίνει·
2575 2316 2670 2368 καὶ
2723 2315 2755 2384 ἦ
2794 2314 2893 2384 ζῇν
2930 2315 3134 2378 παντὸς
3167 2316 3401 2368 θανάτου
3449 2314 3757 2386 βαρυτέραν

2187 2406 2331 2475 ζωὴν
2381 2408 2431 2470 (ὁ
2469 2406 2591 2476 χθὲς
2626 2406 2721 2459 καὶ
2770 2405 2965 2477 πρώην
2998 2408 3073 2470 ὡς
3104 2405 3365 2477 βασιλεὺς
3400 2407 3493 2459 καὶ
3520 2420 3760 2475 προσκυ-

2187 2494 2445 2565 νούμενος
2475 2499 2569 2547 καὶ
2599 2493 2935 2564 τιμώμενος,
2968 2497 3209 2566 σήμερον
3245 2492 3756 2566 καταφρονούμενος

2186 2584 2281 2637 καὶ
2311 2583 2825 2653 περιυϐριζόμενος,
2850 2587 2944 2637 καὶ
2970 2585 3080 2636 τῶν
3105 2587 3381 2657 ἀγοραίων
3411 2586 3504 2638 καὶ
3541 2585 3634 2639 τοῦ
3664 2583 3758 2654 δή-

2191 2691 2292 2743 μου
2341 2674 2700 2743 νομιζόμενος
2757 2667 2882 2742 εἷς),
2912 2673 2944 2743 ἢ
2978 2674 3232 2728 τεθνάναι
3278 2677 3478 2739 παντὸς
3505 2676 3612 2743 ἔξω
3660 2673 3754 2727 καὶ

2185 2763 2392 2816 δικαίου
2420 2764 2515 2815 καὶ
2542 2763 2726 2830 λόγου.
2760 2763 2823 2816 Εἰ
2852 2763 2909 2815 δὲ
2934 2762 3188 2835 δυνηθείη
3220 2765 3404 2835 τρόπῳ
3436 2766 3497 2838 δή
3528 2784 3636 2821 τινι
3663 2765 3758 2820 τὸν

2189 2855 2436 2908 κίνδυνον
2469 2856 2750 2923 ἐκφυγεῖν,
2778 2855 2887 2908 τότ’
2923 2855 3022 2925 ἥδη
3083 2856 3349 2924 τραγικοῦ
3380 2875 3530 2919 τινας
3560 2858 3756 2928 δεησὸ-

2188 2943 2329 3014 μεθα
2381 2943 2605 3014 ποιητοῦ
2669 2944 2772 3007 τὰς
2830 2945 3253 3015 συμϐησομένας
3308 2946 3442 3017 παρ’
3498 2946 3753 3017 ἀλλήλων

2195 3036 2490 3105 Ῥωμαίοις
2518 3036 3029 3107 ὲκτραγῳδήσοντος
3052 3038 3358 3108 συμφοράς.
3392 3039 3488 3103 Τίς
3518 3039 3628 3110 γὰρ
3657 3040 3757 3095 οὐκ

2186 3126 2358 3178 ἐννοεῖ
2413 3127 2514 3180 κᾶν
2556 3125 2780 3196 ἀψύχων
2820 3126 3274 3197 άναισθητότερος
3303 3123 3359 3198 ᾗ,
3395 3127 3472 3192 ὡς
3497 3128 3755 3182 διαστάν-

2184 3233 2293 3270 των
2326 3216 2434 3270 τῶν
2469 3215 2760 3286 βασιλέων,
2794 3217 3009 3287 ἀνάγκη
3065 3218 3444 3287 συνδιαστῆναι
3506 3220 3601 3273 καὶ
3652 3221 3756 3290 τὴν

2185 3307 2384 3377 ἀρχὴν,
2448 3309 2543 3361 καὶ
2604 3311 2785 3379 μάχας
2835 3307 3180 3380 συρραγῆναι
3230 3309 3360 3378 παρ’
3426 3311 3756 3381 ἀμφοτέρων

2191 3400 2410 3468 μερῶν
2444 3400 2540 3453 καὶ
2571 3398 2760 3471 ὥσπερ
2793 3403 2851 3453 ἐν
2879 3400 3222 3473 νυκτομαχίᾳ
3249 3403 3629 3471 συμπεσόντας
3663 3403 3760 3457 ἀλ-

1737 3522 1957 3585 Jacobi
1986 3524 2251 3587 Pontani
2287 3532 2475 3588 notua.

585 3655 696 3722 (47)
740 3653 818 3708 Ad
854 3653 1225 3707 Andronicum
1258 3648 1842 3722 suum__sceonnnodat
1871 3689 1886 3716 ,
1932 3649 2082 3719 quod

509 3717 832 3780 de'm'cdico
864 3724 1134 3777 Homerus
1159 3720 1389 3790 protulit
1414 3717 1575 3771 Iliad.
1608 3719 1652 3770 A
1685 3733 1701 3771 :

595 3821 800 3930 ’ἰητρὸς
830 3859 941 3927 γὰρ
963 3856 1124 3928 ἀνὴρ,
1168 3851 1379 3907 πολλῶν
1408 3849 1656 3914 ἀντάξιος
1688 3848 1885 3914 ἄλλων,

512 4004 625 4059 quo
650 3988 926 4044 versiculo
967 3996 1143 4056 poeta:
1174 3984 1567 4059 sapientissimi
1590 3985 1717 4055 jure
1768 3984 2081 4059 gloriantur

489 4054 714 4113 .mediei
745 4075 759 4111 :
793 4054 1195 4128 cujus—sensus
1218 4054 1247 4121 ,’
1286 4054 1532 4128 medicus
1556 4054 1726 4128 instar
1760 4055 2083 4128 multorum,

519 4145 613 4181 seu
649 4143 744 4196 pro
776 4123 1101 4196 niu'ltisrest,
1142 4141 1265 4186 seu,
1298 4123 1488 4196 multis
1516 4124 1841 4196 aequiparari
1883 4133 2084 4193 potest.

516 4192 822 4262 lioe'vult,
868 4195 1247 4251 Andronicum
1304 4194 1598 4246 rnultorum
1648 4192 1893 4247 virtutes
1919 4208 2087 4248 unum

519 4268 869 4335 complexum
895 4305 912 4330 ,
946 4267 1020 4335 ita
1040 4272 1115 4335 _ut
1145 4264 1200 4316 in
1229 4262 1463 4331 singulis
1491 4262 1701 4335 nemini
1734 4262 1918 4315 cedat.
1948 4263 2087 4335 Nota

511 4330 785 4404 egregiam
816 4330 1420 4404 glaudatiunculam’ex
1470 4330 1658 4384 verbis
1683 4368 1699 4396 ,
1741 4345 1867 4400 quae.
1911 4332 2090 4385 conti-

516 4402 718 4458 nenter
748 4402 1141 4472 subjiciuntur.

594 4473 706 4543 (48)
744 4467 944 4543 vocem
998 4472 1212 4543 quasi»;
1242 4470 1594 4543 derhumana
1644 4474 1863 4543 natura,
1898 4467 1950 4522 id
1976 4476 2084 4531 est,

517 4536 613 4595 de'
658 4536 978 4611 hominibus
1011 4536 1171 4609 ipsis
1227 4542 1495 4611 prolatam
1550 4536 1795 4611 accipio,
1846 4552 2084 4611 quorum

519 4612 889 4664 communiter
921 4606 1091 4664 decus
1112 4622 1168 4666 et
1194 4606 1597 4677 ornamentum
1637 4606 1807 4677 fuisse
1836 4606 2086 4677 (prepter

520 4680 689 4734 animi
740 4681 1110 4751 praestantiam
1150 4681 1429 4751 videlicet)
1484 4675 2084 4751 Andronicumnsuum

523 4744 781 4803 testatur.
832 4748 903 4817 In,
936 4748 1131 4817 quovis
1189 4764 1372 4804 rerum
1411 4744 1632 4817 'genere
1677 4744 1813 4799 illud
1854 4746 2086 4817 aliarum

522 4820 694 4872 decus
721 4856 736 4879 ,
773 4816 965 4888 gloria
996 4827 1051 4888 e_t
1094 4816 1481 4872 ornamentum
1554 4821 1678 4888 est.
1729 4816 1877 4883 quod
1924 4831 2090 4885 supra

523 4889 660 4941 alias
714 4883 950 4940 excellit.
1002 4885 1068 4940 Et
1121 4889 1251 4956 quia
1298 4887 1521 4956 ἄγαλμα
1572 4883 2090 4956 etiamgexponitur

521 4959 987 5010 oblectamentum
1012 4997 1027 5018 ,
1077 4951 1268 5025 parum
1303 4951 1532 5017 aberat,
1572 4951 1704 5019 quin
1754 4951 2086 5016 hoc‘totum.

522 5028 701 5078 κοινὸν
747 5027 972 5093 ἄγαλμα
1015 5027 1111 5092 τῆς
1176 5028 1424 5094 φύσεως,
1473 5029 2091 5094 converterentkamor

522 5111 587 5165 ac
617 5092 816 5150 deficit?
847 5097 1064 5165 humani
1110 5092 1363 5165 generis,
1405 5092 1727 5165 recordatus
1780 5095 1850 5147 ita
1903 5092 2086 5147 Titum

521 5164 911 5231 imperatorem
962 5159 1274 5233 Vespasiani
1339 5164 1510 5217 filium
1555 5159 1896 5217 nominatum
1944 5178 2085 5230 esse,

521 5234 978 5305 testeSuetonio,
1007 5234 1061 5286 in
1093 5235 1212 5305 ejus
1250 5236 1389 5297 Vita,
1425 5248 1545 5300 cap.
1580 5233 1634 5288 1.

592 5304 709 5373 (49)
752 5306 807 5358 In
829 5303 1020 5358 Graeco
1044 5302 1422 5358 subaudienda
1441 5312 1526 5356 est
1547 5302 1924 5373 vocula,6ixrj,
1964 5317 2086 5356 cum

523 5373 646 5449 illa,
688 5372 894 5449 ἐρήμη.
932 5373 1040 5449 list
1080 5385 1260 5427 autem
1311 5374 1450 5449 δίκηΔ
1483 5386 1669 5449 causa,
1699 5372 1994 5449 judicium,
2030 5382 2090 5425 ut

521 5442 867 5514 ἐρ’μηδίκη
914 5445 984 5496 sit
1011 5444 1290 5497 desertum
1338 5444 1604 5513 judicium
1628 5442 1663 5512 ,⁷
1688 5442 1783 5501 seu
1810 5442 2088 5495 desertum

521 5463 921 5566 vadimonium.
995 5511 1312 5566 Composita
1380 5528 1487 5566 vox
1548 5525 1630 5566 εει
1698 5511 2086 5566 ὲοημοδίκιον.

517 5511 921 5568 vadimonium.
995 5511 1312 5584 Composita
1340 5511 1350 5513 ⁷
1380 5528 1487 5566 vox
1548 5511 1636 5569 est
1698 5511 2043 5584 ἐρημοδίκιον
2071 5551 2086 5573 ,

519 5587 739 5650 quando
796 5584 919 5651 quis
975 5584 1038 5635 ad
1084 5578 1230 5636 diem
1287 5598 1396 5636 non
1453 5597 1511 5635 se
1572 5578 1816 5638 sistit'in’
1854 5578 2085 5648 judicio.

520 5651 589 5706 Et
621 5656 833 5721 ἐρήμην
868 5654 1349 5720 καταδικασθῆναι,
1396 5652 1503 5714 vel,
1538 5661 1597 5703 ut
1645 5656 1788 5721 apud
1830 5659 2085 5721 nostrum

516 5731 623 5782 est.
654 5719 871 5791 ἐρήμην
898 5723 1138 5787 ἁλῶναι,
1168 5719 1270 5785 est,
1311 5722 1380 5774 ob
1408 5719 1693 5775 desertum
1718 5719 2087 5774 vadimonium

521 5792 789 5845 damnari.
823 5792 1004 5846 Potest
1027 5793 1190 5846 etiam
1215 5793 1375 5854 verti,
1399 5790 1595 5845 indicta
1630 5808 1790 5846 causa
1815 5792 2085 5851 danmart,

2186 3650 2333 3720 quod
2383 3665 2485 3707 nos
2517 3650 2783 3719 fecimus;
2831 3659 3029 3706 neuter
3073 3650 3219 3705 enim
3248 3690 3263 3716 ,
3298 3661 3353 3706 et
3386 3653 3480 3721 qui
3511 3652 3759 3707 vadimoa

2188 3722 2342 3793 nium
2376 3721 2657 3785 deseruit,
2693 3730 2750 3775 et
2782 3724 2891 3793 qui
2939 3735 3158 3775 causam
3193 3736 3304 3793 non
3354 3723 3528 3785 dixit,
3560 3723 3627 3776 ad
3668 3723 3757 3793 ju-

2191 3789 2391 3860 dicium
2424 3799 2742 3860 comparet;
2779 3789 2853 3847 ita
2886 3800 3116 3859 uterque
3152 3791 3371 3845 videtur
3421 3789 3753 3858 deseruisse,

2189 3859 2291 3930 etsi
2322 3860 2474 3930 alter,
2503 3859 2628 3930 reus
2673 3869 2795 3930 est,
2830 3864 2922 3927 qui
2964 3860 3285 3930 vadimonio
3327 3875 3386 3915 se
3448 3862 3753 3930 obligavit;

2190 3927 2350 3981 alteri
2377 3929 2437 3981 fit
2467 3928 2683 3997 injuria.
2716 3925 2923 3982 Seneca
2954 3925 3138 3982 Medea
3174 3945 3194 3983 :

2298 4017 2400 4090 Qui
2432 4019 2619 4090 statuit
2652 4018 2856 4090 aliquid
2889 4030 3040 4089 parte
3072 4022 3315 4074 inaudita
3347 4024 3521 4090 altera
3552 4058 3569 4086 ,

2294 4089 2528 4158 Equum
2557 4089 2671 4143 licet
2698 4088 2973 4151 statuerit,
3001 4090 3141 4143 haud
3173 4105 3350 4159 aqua:
3380 4088 3499 4159 fuit.

2265 4199 2379 4270 (50)
2416 4196 2528 4270 Hac
2555 4199 2883 4270 proverbiali
2917 4197 3216 4269 hyperbole
3254 4201 3427 4253 utitur
3461 4216 3569 4256 non
3604 4216 3751 4255 raro.

2191 4268 2344 4389 Licet
2366 4269 2539 4391 ltitiam
2574 4269 2807 4323 reddere
2833 4306 2848 4334 ,
2883 4268 3169 4339 pronuper,
3216 4271 3515 4338 nuperrime
3540 4309 3555 4334 ,
3593 4272 3752 4340 paulo

2193 4354 2264 4391 an
2291 4354 2342 4391 e.
2401 4355 2496 4390 ert.

2193 4346 2342 4398 ante,
2366 4339 2496 4391 heri.

2264 4408 2379 4477 (5!)
2417 4406 2671 4477 Verbum,
2720 4410 3079 4477 προσκυνεῖν,
3149 4407 3404 4471 adorare,
3471 4406 3525 4462 in
3574 4422 3757 4463 sacro—

2194 4477 2398 4531 sanctis
2464 4476 2819 4545 profanisque
2886 4478 3087 4531 litteris
3139 4479 3479 4531 creberrime
3534 4478 3602 4531 ad
3655 4478 3749 4532 bo-

2192 4546 2407 4610 mines,
2454 4546 2548 4613 qui
2603 4545 2681 4598 dii
2747 4559 2856 4599 non
2920 4557 3076 4608 sunt,
3141 4547 3607 4612 accommodatur,
3673 4548 3755 4602 di-

2190 4622 2502 4684 cunturque
2539 4615 3009 4684 προσκυνεῖσθαι,
3063 4616 3314 4678 adorari,
3366 4617 3418 4670 id
3468 4626 3587 4681 est,
3640 4618 3754 4670 sin-

2190 4684 2362 4755 gulari
2408 4682 2667 4755 quadam
2698 4685 3090 4755 veneratione,
3146 4699 3378 4752 corpore
3427 4686 3493 4738 ad
3547 4695 3746 4755 terram

2192 4752 2502 4823 incurvato,
2532 4752 2703 4823 allici;
2737 4752 3019 4823 Summissi
3045 4756 3263 4823 petimus
3312 4764 3528 4819 terram,
3578 4754 3757 4823 inquit

2188 4823 2391 4878 IEneas
2414 4822 2509 4876 ιιι).
2540 4837 2601 4875 ιιι
2641 4820 2857 4875 ᾹΞιιεὶιι.
2890 4820 3061 4887 Quem
3090 4822 3350 4875 adorandi
3419 4820 3669 4877 modum‘
3701 4833 3757 4878 et

2188 4905 2401 4959 gestum
2431 4891 2704 4960 expressit
2737 4892 3110 4959 pulcherrime
3140 4890 3536 4945 Themistocles
3559 4933 3574 4957 ,
3621 4893 3753 4946 dum

2189 4977 2370 5016 restem

2189 4978 2370 5031 regem
2412 4978 2700 5016 Persarum
2732 4978 2831 5028 per
2861 4978 3264 5015 Sllnlllallﬂﬂem
3318 4978 3588 5014 auoravrt.
3637 4978 3751 5015 All-

2189 5033 2378 5085 nulum
2408 5030 2556 5083 enim
2589 5028 2787 5082 cadere
2846 5030 3111 5097 permisit,
3180 5044 3365 5096 quem,
3411 5046 3536 5084 eum
3570 5046 3630 5085 se
3665 5032 3752 5085 in-

2189 5102 2397 5155 clinans
2432 5100 2684 5159 levasset,
2724 5098 2874 5151 visus
2905 5108 2990 5151 est
3019 5113 3121 5167 suo
3146 5113 3373 5153 munere
3406 5099 3744 5167 perfunctus.

2188 5171 2384 5225 Noster
2418 5180 2637 5237 quoque
2664 5169 2798 5237 satis
2824 5170 2971 5220 clare
2998 5166 3141 5219 libro
3183 5182 3221 5220 ιι
3271 5166 3484 5237 ιιορζδ,
3518 5170 3612 5223 ubi
3644 5168 3754 5224 Ta-

2192 5236 2513 5292 tnerchanes
2540 5236 2786 5304 Phrygiae
2826 5245 3042 5305 satrapa
3072 5236 3137 5289 ad
3169 5236 3554 5305 imperatorem
3582 5241 3752 5294 venit.

2189 5307 2323 5361 Nam
2356 5308 2422 5360 de
2447 5307 2566 5375 ejus
2596 5305 2893 5375 comitibus
2922 5305 3122 5368 Persis,
3158 5308 3217 5356 Ui
3252 5306 3351 5375 μὲν
3378 5308 3525 5360 ἄλλοι
3558 5309 3757 5371 πάντες

2190 5375 2406 5430 ἄπωθεν
2467 5374 2557 5426 τον
2630 5374 2852 5441 βασιλέα
2908 5374 3279 5445 προσεκύνουν
3359 5379 3456 5437 τὰς
3515 5378 3757 5445 κεφαλὰς

2191 5447 2503 5514 ἐρείσαντες
2527 5446 2620 5494 ἐπὶ
2650 5450 2750 5509 τὴν
2785 5446 2889 5511 γῆν
2911 5459 2926 5475 ⁶
2970 5443 3159 5497 theri
3195 5445 3402 5511 quidem
3438 5443 3615 5500 omnes
3654 5448 3754 5501 im-

2191 5522 2523 5584 peratorem,
2579 5520 2885 5584 autequam_
2921 5515 3449 5582 appropinquarent,
3499 5518 3754 5584 capitibus

2191 5582 2333 5637 humi
2372 5583 2644 5636 submissis
2676 5582 3083 5635 venerabantur.
3143 5585 3246 5635 Ista
3297 5582 3754 5639 adoratio'etiam

2194 5654 2353 5705 hodie
2382 5653 2639 5705 Barbaris
2686 5650 2738 5703 in
2774 5666 2929 5705 more
2978 5663 3084 5723 est.
3136 5653 3254 5707 Non
3306 5651 3470 5723 igitur
3523 5656 3756 5708 verebor

2191 5724 2517 5801 προσκυνεῖν
2583 5736 2904 5790 εκροιιειοι,
2956 5721 3225 5789 adorare,
3299 5721 3424 5777 cum
3499 5738 3588 5778 res
3646 5735 3759 5778 tam

2192 5801 2376 5849 anerta
2413 5800 2502 5847 ειι.

2412 4961 2700 5016 Persarum
2732 4975 2831 5028 per
2861 4962 3264 5015 simulationem
3318 4962 3588 5014 adoravit.
3637 4963 3751 5015 An-
3846 4966 3849 4969 ’
