4106 6292
383 313 452 378 73

1557 304 2095 370 mammarum
2142 308 2367 369 LlBElt
2394 274 2447 370 ἰ.
3555 304 3622 368 7t

385 422 564 492 λήλοις
604 420 944 488 συγγενικῶν
982 421 1231 490 αἱμάτων
1260 421 1642 492 ἐμπλησθῆναι
1677 426 1769 476 καὶ
1804 422 1945 491 φιλιο

2062 423 2196 475 sario
2224 423 2549 476 seditionem
2596 421 2648 474 in
2702 420 2932 490 imperio
2967 420 3325 478 exorituram.
3355 436 3503 475 arma
3538 433 3626 477 ara

385 512 657 579 κῶνςΚαὶ
690 514 767 567 ἐῶ
795 513 1088 582 λεηλασίας
1118 515 1214 566 καὶ
1244 516 1587 585 πραγμάτων
1616 518 1842 585 φθοράς,
1885 517 1945 567 ἐν

384 600 468 669 αἷς
501 604 909 675 διαφθεροῦμεν
940 604 1040 671 τὴν
1083 606 1290 660 οἰκείαν
1329 608 1404 670 ὡς
1444 606 1728 677 πολεμίαν.
1763 606 1829 660 Τί
1852 602 1946 660 οὖν

384 695 446 747 ἀν
471 709 559 756 τις
615 691 968 762 βουλεύσαιτο
1020 695 1156 765 πρὸς
1218 696 1487 764 τοσαύτην
1529 697 1947 750 ἀνακύπτουσαν

385 786 618 858 βλάστην
650 785 870 854 κακῶνς
898 785 972 841 Τὸ
999 787 1097 856 μὲν
1128 789 1236 858 γάρ
1267 788 1359 841 τὸν
1387 790 1506 841 νέον
1530 788 1757 858 βασιλέα
1794 800 1947 857 περι.

384 880 512 933 ιδεῖν
557 877 730 938 οὕτως
791 878 852 943 ἐξ
908 878 1167 948 οὐδεμιᾶς
1217 878 1397 942 αἰτίας
1429 878 1949 951 προπηλακισθέντα

384 970 475 1024 καὶ
497 968 595 1040 τὴν
625 967 916 1037 βασιλείαν
947 967 1335 1040 ἀφαιρεθέντα,
1371 970 1499 1033 ἴσως
1522 969 1580 1025 δὲ
1613 970 1706 1025 καὶ
1736 970 1862 1041 περὶ
1888 971 1948 1022 τὸ

384 1065 481 1135 ζῇν
519 1062 956 1122 κινδυνεύσοντα,
982 1059 1138 1115 οὐδὲν
1171 1061 1361 1131 ἔμοιγε
1393 1058 1555 1134 ἦττον
1589 1062 1845 1116 θανάτου.
1874 1061 1948 1116 Τὸ

380 1154 423 1208 δ’
451 1148 516 1207 αὖ
550 1150 714 1206 πάλιν
739 1151 844 1220 πρὸ
865 1150 960 1204 τοῦ
984 1150 1359 1222 προσήκοντος
1391 1153 1585 1222 χρόνου
1622 1152 1758 1223 πρὸς
1790 1152 1951 1206 πόλε-

386 1264 481 1317 μον
537 1245 789 1313 ἑτοίμους
823 1242 1083 1314 ὀφθῆναι,
1144 1245 1218 1307 ὡς
1253 1245 1432 1297 δοκεῖν
1470 1246 1565 1297 καὶ
1608 1247 1721 1306 τοῖς
1750 1244 1949 1311 ἔξωθεν

380 1339 575 1401 αὐτοὺς
623 1337 772 1407 ἡμᾶς
834 1334 1149 1404 ἐξεπίτηδες
1209 1333 1302 1388 τὸν
1361 1333 1603 1406 βασιλέα
1656 1336 1949 1407 παρορμᾷν

382 1429 516 1499 πρὸς
562 1426 901 1481 ἀποστασίαν
952 1424 1049 1479 τοῦ
1084 1424 1313 1480 πάππου
1353 1428 1445 1480 καὶ
1470 1426 1758 1496 βασιλέως,
1785 1428 1951 1481 ἀδου-

379 1520 499 1585 λίας
525 1514 670 1574 εἷναί
704 1532 795 1589 μοι
827 1518 976 1572 δοκεῖ
1002 1519 1101 1589 τῆς
1128 1519 1385 1589 ἐσχάτης.
1430 1519 1588 1587 Ἐγὼ⁷
1608 1523 1716 1591 γάρ
1764 1519 1952 1574 τοσού-

379 1630 473 1667 του
507 1614 610 1667 δέω
637 1612 777 1685 πρὸς
807 1612 1153 1666 ἀποστασίαν
1183 1612 1279 1665 τοῦ
1306 1612 1572 1682 βασιλέως
1609 1614 1706 1667 τὸν
1728 1613 1950 1683 ἔγγονον

384 1705 547 1761 αὐτοῦ
577 1706 675 1760 καὶ
707 1704 934 1776 βασιλέα
962 1708 1312 1778 παρακινεῖν,
1335 1707 1498 1772 ὥστε,
1528 1707 1622 1761 καί
1651 1726 1733 1763 τοι
1760 1709 1952 1761 τοῦτον

381 1799 527 1853 πάνυ
557 1796 754 1868 φιλῶν,
786 1796 879 1851 καλ⁸
912 1797 987 1860 ὡς
1014 1799 1146 1868 ὁρᾷς
1170 1796 1390 1868 ἕτοιμος
1422 1798 1498 1852 ὼν
1528 1799 1620 1853 καὶ
1651 1800 1752 1870 τὴν
1774 1799 1950 1870 ψυχὴν

382 1891 554 1960 αὐτὴν
582 1890 726 1960 ὑπὲρ
752 1887 918 1944 αύτοῦ
958 1888 1246 1960 προέσθαι,
1282 1887 1345 1943 εὖ
1376 1889 1489 1943 ἴσθι
1520 1892 1731 1959 σαῷς,
1761 1892 1861 1944 οῦκ
1885 1890 1952 1945 ἂν

381 1983 531 2052 αῦτῷ
567 1980 880 2052 συνέπραξα
911 1981 1047 2052 πρὸς
1074 1981 1249 2049 οὐδὲν,
1283 1982 1338 2035 εί
1366 2000 1427 2051 γε
1456 1983 1553 2052 τῆς
1584 1983 1760 2054 ἀρχῆς
1784 1984 1952 2037 αὑτὸν

379 2068 568 2144 ἑώρων
626 2067 1079 2143 προθυμούμενον
1132 2073 1507 2143 ἀποστερῆσαι
1559 2073 1652 2127 τὸν
1727 2073 1955 2144 βασιλέα

381 2166 736 2237 χρησάμενον
788 2164 1077 2235 πλεονεξίᾳ
1131 2165 1227 2218 καὶ
1285 2165 1534 2236 ἁρπαγῇ.
1566 2160 1675 2220 Ἦν
1736 2168 1843 2235 γὰρ
1887 2164 1954 2219 ἂν

380 2261 590 2321 ἐκεῖνος
619 2260 719 2329 μὲν
747 2257 900 2311 οὐδὲν
928 2256 1206 2328 διαφέρων
1241 2252 1629 2328 ’ᾼὸεσσαλὼμ,
1666 2257 1956 2327 ’Δχιτόφελ
2002 2304 2007 2309 .

379 2351 425 2404 δ’
453 2350 590 2420 ἐγώ.
620 2345 931 2419 Τοιγαροῦν
960 2348 1268 2420 ἐπειδήπερ
1311 2350 1391 2410 είς
1434 2349 1694 2420 τοιαύτην
1725 2348 1960 2418 συνηλά-

384 2441 564 2513 θημεν
597 2442 851 2511 ἀνάγκην
910 2442 1281 2513 πραγμάτων,
1317 2443 1429 2495 δεῖν
1486 2437 1628 2495 εἶναι
1658 2442 1866 2511 νομίζω
1898 2440 1959 2495 τὸ

384 2535 557 2604 μέσον
574 2532 893 2603 ἑλομένους,
926 2528 1209 2602 ἑκατέρων
1236 2531 1574 2602 ἀποσχέσθαι
1601 2530 1709 2584 τῶν
1737 2531 1924 2604 ἄκρων
1941 2546 1958 2565 °

383 2629 475 2681 καὶ
510 2626 642 2697 μήτ’
701 2626 923 2693 ἀμελῶς
953 2623 1094 2679 πάνυ
1140 2626 1234 2678 καὶ
1290 2625 1552 2697 ῥαθύμως
1606 2626 1838 2692 διάγειν,
1883 2624 1959 2689 ὡς

387 2717 621 2788 μηδενὸς
648 2716 1102 2789 προσδοκωμένου
1129 2716 1329 2783 δεινοῦ,
1364 2716 1492 2787 μήτ’
1521 2716 1590 2770 αὖ
1623 2716 1784 2770 πάλιν
1827 2718 1962 2770 άπεο

388 2810 706 2881 ρισκέπτως
745 2809 890 2863 οὕτω
929 2810 1026 2864 καὶ
1056 2808 1305 2881 θρασέως
1337 2810 1407 2863 τὰ
1448 2808 1711 2863 δοκοῦντα
1735 2810 1960 2880 ζσυμφέ-

386 2918 552 2972 causa.
591 2902 876 2972 πράττειν.
904 2898 1076 2957 Τοῦτο
1116 2900 1174 2953 δὲ
1204 2900 1405 2969 γένοιτ’
1436 2901 1525 2966 ἂν,
1562 2901 1698 2970 εἴγε
1731 2902 1828 2973 τὴν
1863 2902 1963 2973 μὲν

382 2994 846 3063 προσδοκωμένην
884 2986 1059 3061 φλόγα
1106 2992 1215 3045 τῶν
1243 2978 1566 3062 πειρασμῶν
1629 2992 1961 3063 σϐεννύομεν

2052 515 2153 566 mis
2179 528 2515 567 concursura
2545 527 2560 565 :
2587 522 2754 582 atque
2786 511 2926 569 haud
2948 511 3108 565 aliter
3125 528 3285 582 quam
3307 528 3403 582 per
3423 529 3623 568 caécam

2050 615 2266 660 noctem
2319 616 2572 661 conserto
2624 606 2846 675 praelia,
2897 606 3223 674 sublatoque
3266 606 3320 659 in
3382 606 3626 661 tenebris

2050 698 2393 760 discrimine,
2455 698 2706 752 mutuum
2766 699 3072 757 invasuros.
3124 712 3194 752 ex
3264 709 3625 768 cognatorum

2050 791 2464 860 amicorumque
2499 790 2965 846 trucidationibus
3004 791 3178 844 multo
3212 791 3477 868 sanguine
3503 806 3626 845 sese

2048 882 2438 937 cruentantes?
2471 882 3069 952 Mittodireptiones-ac
3089 885 3391 947 vastitates,
3423 884 3629 954 quibus

2049 971 2387 1041 provinciam
2422 980 2668 1025 nostram
2700 971 2929 1040 perinde
2962 980 3021 1025 ut
3050 972 3305 1027 hostilem
3345 972 3627 1041 regionem

2050 1063 2500 1119 delormabituus.
2570 1064 2711 1129 Quid
2775 1080 2907 1132 ergo
2958 1067 3224 1118 adversus
3275 1072 3626 1119 enascentem

2053 1163 2160 1208 tam
2195 1155 2489 1209 multorum
2528 1157 2999 1211 incommodorum
3023 1158 3376 1228 propaginem
3397 1158 3627 1213 remedii

2049 1246 2522 1317 excogitabimus?
2576 1248 2703 1303 Mihi
2733 1263 2876 1329 sane.
2911 1251 3188 1320 iuniorem
3237 1252 3627 1322 imperatorem

2051 1339 2199 1393 nulla
2235 1355 2333 1394 sua
2364 1342 2521 1410 culpa
2559 1352 2667 1396 tam
2691 1342 3059 1411 ignominiose
3086 1343 3358 1408 habitum,
3395 1353 3452 1398 et
3502 1359 3627 1398 cum

2052 1430 2288 1501 imperio
2323 1434 2486 1487 vitam
2518 1448 2739 1503 quoque
2790 1434 2964 1504 ipsam
3014 1435 3243 1490 fortasse
3292 1436 3627 1490 amissurum

2052 1522 2344 1592 negligere,
2379 1525 2573 1579 mortis
2607 1525 2781 1580 instar
2813 1536 2920 1581 est.
2946 1527 3187 1581 Rursum
3240 1537 3369 1581 ante
3414 1535 3633 1596 tempus

2053 1611 2118 1665 ad
2148 1611 2351 1667 bellum
2373 1623 2719 1683 comparatos
2744 1630 3031 1684 apparere,
3062 1625 3121 1670 ut
3150 1616 3220 1670 ab
3246 1616 3451 1674 exteris
3491 1631 3632 1686 quo-

2052 1718 2159 1774 que
2191 1703 2261 1758 de
2290 1714 2575 1775 compacto
2598 1715 2855 1776 nepotem
2898 1708 2965 1761 ad
3012 1707 3376 1763 defectionem
3420 1708 3489 1763 ab
3527 1721 3632 1762 avo

2050 1795 2349 1861 sollicitare
2377 1797 2780 1863 existimemur,
2807 1798 2862 1852 id
2883 1813 2985 1869 ego
3007 1799 3061 1854 in
3081 1814 3295 1854 summa
3325 1800 3634 1856 temeritate

2053 1904 2324 1945 numero:
2369 1899 2427 1945 et
2482 1890 2550 1945 ab
2623 1907 2687 1946 ea
2758 1901 2945 1947 tuente
3010 1901 3221 1948 tantum
3291 1894 3484 1949 absum
3546 1905 3632 1955 ut,

2055 1978 2307 2048 quamvis
2363 1981 2769 2036 adolescentem
2827 1982 2985 2055 valde
3036 1996 3218 2038 amem
3292 1983 3634 2052 eharumque

2057 2069 2312 2136 habeam,
2346 2079 2403 2126 et
2435 2079 2494 2125 ut
2521 2070 2696 2136 vides,
2721 2074 2903 2142 ipsum
2948 2075 3176 2143 insuper
3207 2089 3410 2143 corpus
3449 2087 3632 2130 meum

2057 2160 2177 2232 ejus
2241 2177 2404 2217 causa
2453 2162 2723 2233 projicere
2782 2178 2894 2218 non
2943 2178 3216 2229 recusem,
3273 2172 3456 2221 tamen
3514 2163 3637 2235 (pro

2058 2261 2210 2307 certo
2238 2252 2432 2308 credas
2456 2253 2643 2324 velim)
2677 2268 2785 2309 non
2833 2253 2884 2309 ei
2932 2270 3019 2309 me
3070 2255 3283 2325 uspiam
3327 2256 3635 2326 adiutorem

2060 2356 2125 2396 ac
2182 2338 2393 2396 sdcium
2441 2342 2791 2412 praeberem,
2842 2344 2890 2399 si
2943 2346 3011 2399 ad
3084 2361 3245 2400 avum
3320 2347 3634 2417 principatu

2063 2446 2158 2502 per
2211 2432 2496 2487 avaritiam
2526 2441 2584 2487 et
2613 2434 2836 2503 rapinas
2881 2435 3270 2505 depellendum
3314 2436 3639 2493 incumbere

2061 2524 2578 2580 animadverteram.
2640 2525 2732 2580 Sic
2775 2525 2923 2581 enim
2968 2526 3084 2595 ipse
3138 2527 3485 2593 Absaloncm,
3534 2543 3654 2601 ego
3736 2545 3754 2562 ⁸

2060 2615 2479 2686 Achitopbelem
2510 2617 2803 2673 induerem
2828 2617 2866 2673 ⁸.
2903 2619 3174 2684 Quoniam
3208 2619 3377 2689 igitur
3398 2621 3454 2675 in
3478 2621 3636 2675 istam

2062 2705 2442 2761 necessitatem
2497 2706 2837 2770 devenimus,
2910 2708 2979 2762 ad
3057 2707 3297 2763 oﬁicium
3355 2711 3639 2778 pertinere

2058 2798 2269 2869 judico,
2319 2799 2504 2854 vitatis
2561 2799 2845 2877 extremis,
2877 2799 2931 2855 in
2970 2800 3152 2857 medio
3209 2803 3514 2860 consistere
3540 2823 3554 2861 :
3583 2813 3641 2861 et

2063 2904 2243 2959 neque
2305 2890 2571 2947 dissolute
2634 2892 2932 2947 admodum
3020 2909 3085 2948 ac
3143 2894 3417 2952 desidiose
3470 2899 3637 2951 vitam

2067 2979 2325 3047 transire,
2392 2982 2551 3052 quasi
2605 2982 2744 3037 nihil
2813 2999 2978 3055 grave
3038 2984 3443 3042 formidandum
3498 2989 3573 3043 sit
3622 3009 3636 3044 :

377 3087 477 3157 ὅση
507 3086 765 3157 δύναμις.
796 3087 1009 3139 συνέσει
1063 3086 1334 3156 χρώμενοι
1369 3087 1464 3139 καὶ
1508 3086 1765 3157 εὐϐουλία
1789 3102 1803 3117 ο
1867 3085 1959 3139 τὸν

2066 3088 2245 3142 neque
2311 3074 2384 3128 ita
2457 3076 2862 3132 inconsiderate
2928 3087 2984 3134 ct
3045 3079 3308 3136 audacter
3391 3083 3640 3151 provisae

383 3180 504 3233 νέον
562 3178 624 3232 δὲ
663 3178 893 3248 βασιλέα
958 3178 1375 3248 καταστήσομεν
1434 3174 1494 3235 ἐν
1549 3179 1844 3250 ἀσφαλείᾳ,
1884 3179 1960 3242 ὡς

380 3272 596 3340 μτδένα
633 3271 877 3324 κίνδυνον
906 3266 1232 3340 ὑφορᾶσθαι,
1262 3269 1329 3322 ἂν
1354 3270 1452 3339 τῆς
1481 3269 1773 3341 θαλάσσης
1801 3272 1964 3325 ἐκτα-

381 3362 687 3433 ραχθείσης
729 3361 791 3414 τὸ
821 3361 1114 3415 κλυδώνιον
1164 3360 1463 3434 ὑπερζέσῃ.
1498 3362 1559 3415 Ei
1605 3362 1716 3432 μὲν
1743 3358 1839 3417 οὖν
1864 3364 1963 3426 τὰς

378 3455 663 3525 ἡμετέρας
706 3470 764 3504 τε
803 3455 898 3506 καὶ
927 3452 1144 3506 πάντων
1175 3452 1464 3524 Ῥωμαίων
1493 3454 1770 3525 ἁμαρτίας
1796 3456 1965 3527 ύπερο

380 3544 509 3599 ιδὼν
536 3548 565 3599 ὁ
608 3543 742 3609 Θεὸς
771 3542 976 3599 ἀνωθεν
1024 3543 1354 3598 κατασϐέσει
1395 3546 1496 3612 τὴν
1551 3562 1630 3616 πρ
1658 3546 1967 3617 οσδοκωμέ-

381 3628 480 3708 νην
512 3639 698 3707 φλόγα
731 3637 840 3690 τῶν
892 3635 1240 3707 πειρασμῶν,
1283 3640 1384 3706 τὴν
1417 3637 1647 3703 καρδίαν
1688 3638 1786 3692 τοῦ
1814 3641 1968 3709 βασι-

378 3731 520 3792 λὲως
554 3729 782 3782 εὐθεῖαν
802 3728 1258 3797 ἀπεργασάμενος
1285 3721 1423 3797 πρὸς
1450 3726 1677 3797 βασιλέα
1700 3728 1793 3782 τὸν
1821 3732 1962 3794 νέον,

381 3822 593 3893 συχνὰς
624 3820 777 3890 αύτῷ
798 3820 1071 3892 προσήκει
1105 3820 1334 3892 χάριτας
1363 3820 1648 3891 ὁμολογεῖν
1675 3823 1967 3894 ῥυσαμένῳ

379 3917 492 3969 τῶν
527 3912 858 3985 συμφορῶν.
893 3913 955 3966 Ei
985 3912 1032 3966 δ’
1071 3907 1162 3979 αὖ,
1198 3912 1227 3965 ὃ
1259 3913 1336 3984 μὴ
1368 3913 1603 3982 γένοιτο,
1634 3913 1721 3967 ἵνα
1755 3915 1966 3970 πολλῶν

379 4006 578 4058 κακῶν
612 4005 813 4074 πεῖραν
847 4004 1105 4075 Ῥωμαῖοι
1136 4003 1397 4070 λάὸωσιν,
1430 4007 1464 4076 ἡ
1495 4005 1644 4077 ψυχὴ
1685 4006 1960 4078 σκληρυνι

379 4096 543 4149 θεῖσα
572 4095 677 4150 τοῦ
735 4094 1005 4165 βασιλέως
1034 4096 1335 4166 ἀνήκεστόν
1360 4113 1416 4150 τι
1448 4095 1801 4167 βουλεύσεται
1839 4099 1967 4170 περὶ

376 4190 476 4243 τοῦ
541 4190 818 4258 ὲγγὸνου,
887 4190 998 4243 τότ’
1058 4190 1161 4261 ἥδη
1225 4192 1292 4260 τῇ
1350 4190 1966 4263 προκατασκευασθείσῃ

374 4282 672 4354 ἀσφαλείᾳ
724 4280 818 4334 τὸν
874 4281 995 4335 νέον
1044 4281 1263 4352 θέμενοι
1298 4282 1548 4353 βασιλέα,
1596 4280 1743 4335 οὕτω
1782 4283 1966 4353 χωρή-

377 4391 557 4445 σομεν
589 4372 735 4444 πρὸς
774 4372 837 4426 τὸ
879 4373 1166 4441 πράττειν,
1200 4376 1295 4426 τὸν
1336 4373 1470 4427 θεὸν
1522 4375 1966 4444 προστησάμενοι

2066 3162 2326 3218 utilitates
2357 3166 2635 3236 persequi.
2667 3167 2725 3222 ld
2774 3182 3194 3238 consequemur.
3238 3175 3285 3227 si
3330 3172 3639 3230 imminenti

2066 3256 2429 3310 tentationum
2492 3256 2725 3312 ﬂammae
2756 3260 2996 3314 consilii
3023 3261 3338 3330 prudentia,
3370 3275 3639 3333 quantum

2062 3344 2119 3399 in
2152 3346 2313 3401 nobis
2356 3358 2460 3416 est,
2513 3350 2943 3419 occurrerimus,
2993 3353 3362 3424 iuvenemque
3408 3356 3643 3426 impera-

2067 3445 2241 3492 torem
2276 3438 2330 3492 in
2363 3441 2661 3509 tranquillo
2687 3457 2751 3497 ac
2788 3452 2907 3498 tuto
2937 3455 3097 3514 portu
3137 3447 3589 3505 constituerimus
3623 3466 3637 3503 :

2065 3539 2146 3591 ut,
2165 3531 2418 3599 quamvis
2462 3530 2663 3585 iratum
2715 3533 2943 3603 pelagus
2980 3544 3164 3591 vastos
3195 3536 3264 3591 ad
3311 3538 3499 3593 littora
3537 3540 3640 3609 1⁸1

2064 3620 2269 3677 ﬂuctus
2296 3623 2550 3689 volverit,
2583 3624 2702 3698 ipse
2731 3628 3003 3698 cujusque
3046 3625 3273 3698 periculi
3316 3632 3511 3685 timore
3552 3648 3645 3685 va-

2065 3723 2170 3770 cet.
2209 3716 2365 3783 Quod
2395 3719 2441 3775 si
2469 3720 2612 3774 Deus
2638 3728 2821 3776 nostra
2858 3721 3342 3793 Romanorumque
3393 3725 3641 3779 omnium

2065 3809 2298 3865 admissa
2359 3810 2671 3880 despiciens
2716 3813 2827 3880 (5‘2)
2878 3828 2945 3867 ac
3001 3812 3376 3880 dissimulans,
3447 3817 3642 3870 formi-

2067 3899 2255 3954 datum
2297 3901 2399 3957 hoc
2429 3902 2700 3957 malorum
2741 3904 3053 3959 incendium
3084 3907 3327 3960 'cmlitus
3366 3920 3644 3976 compres-

2068 3990 2241 4056 serit;
2264 3990 2338 4056 si,
2374 3991 2622 4061 inquam.
2649 4006 2747 4047 cor
2775 3993 2925 4047 senis
2957 4008 3087 4064 erga
3119 4004 3373 4064 nepotem
3424 4006 3640 4052 rectum

2067 4088 2124 4135 et
2149 4081 2394 4135 sedatum
2425 4082 2762 4151 praestiterit,
2794 4083 3020 4138 crebras
3055 4086 3105 4139 ei
3140 4086 3340 4154 gratias
3367 4102 3465 4156 pro
3502 4089 3647 4143 cala-

2068 4174 2323 4227 mitatum
2375 4172 2692 4228 amolitione
2738 4173 3083 4230 debebimus.
3116 4176 3210 4231 Sin
3254 4188 3445 4234 contra
3474 4179 3642 4250 (quod

2071 4265 2215 4322 idem
2256 4265 2402 4320 Deus
2432 4263 2886 4336 averruncet),ad
2930 4267 3204 4323 Romanos
3256 4271 3445 4326 multis
3490 4273 3645 4327 malis

2070 4359 2385 4413 atterendos
2421 4357 2641 4414 animus
2689 4358 2809 4430 ejus
2860 4359 3207 4426 obduruerit,
3248 4370 3304 4417 et
3350 4363 3647 4420 immanius

377 4431 658 4536 μάρτυρα
679 4431 782 4534 sit;
806 4431 1041 4530 ἀδικίας,
1073 4431 1168 4518 καί
1208 4465 1319 4521 τῶν
1343 4431 1745 4540 πραττομένων
1779 4431 1960 4531 ἕξετα-

2073 4448 2131 4504 in
2161 4457 2416 4520 nepotem
2456 4450 2815 4515 consuluerit,
2851 4460 2965 4505 tum
3000 4452 3110 4523 jam
3138 4468 3207 4508 eo
3248 4454 3302 4509 in
3340 4467 3646 4526 praeparata

376 4562 543 4632 στήν.

453 4854 472 4886 ί
506 4852 557 4909 ιι
595 4851 737 4923 Reg.
772 4867 838 4907 xv
865 4862 918 4907 et
952 4868 1106 4923 seqq.

2075 4538 2186 4595 loci
2213 4541 2506 4595 securitate
2528 4540 2817 4604 collocato,
2843 4540 3090 4595 divinum
3114 4556 3317 4596 numen
3345 4543 3647 4614 impietatis

2081 4635 2405 4707 injuriaeque
2460 4643 2676 4701 testem,
2746 4633 3128 4705 factorumque
3176 4633 3533 4706 interpretem
3591 4645 3649 4692 ct

2077 4727 2315 4800 iudicem
2347 4726 2508 4783 nobis
2536 4735 2922 4798 proponentes,
2955 4729 3109 4798 operi
3132 4728 3503 4797 accingemur.

1673 4946 1891 5009 Jacobi
1923 4948 2190 5011 Pontani
2226 4954 2412 5011 notae.

449 5071 578 5139 (52)
622 5068 710 5125 Ad
738 5069 919 5125 locum
953 5070 1107 5124 Pauli
1130 5071 1344 5138 alludit,
1377 5070 1567 5139 Actor.
1598 5088 1734 5137 xvn,
1754 5074 1809 5128 in
1844 5089 1977 5128 con-

372 5138 565 5215 cione,
611 5141 687 5215 ad
734 5140 1271 5215 Areopagitas_'l‘0i§
1322 5142 1423 5211 μὲν
1467 5138 1561 5197 οὖν
1607 5144 1833 5215 χρύνους
1877 5143 1978 5215 τὴς

371 5212 624 5279 ἀγνοίας
657 5210 931 5283 ύπιριδὼν
959 5215 988 5263 ὁ
1016 5211 1169 5283 θεός.
1206 5210 1275 5264 Et
1306 5210 1542 5283 ternpora
1581 5210 1789 5282 quidem
1818 5210 1978 5283 hujus

372 5281 732 5352 ignorantiae
782 5280 1066 5348 despiciens
1108 5279 1267 5334 Deus.
1300 5279 1602 5352 Subjungit'
1639 5292 1845 5349 noster,
1877 5279 1977 5352 τὴν

359 5348 632 5406 ’καρδίαν
666 5348 765 5402 τοῦ
803 5349 1068 5406 βασιλέως
1099 5350 1315 5404 εὐθεῖα-ι
1362 5352 1842 5406 ἀπεργασάμενος.
1889 5369 1981 5406 cor

372 5349 632 5419 καρδίαν
666 5349 765 5402 τοῦ
803 5349 1068 5418 βασιλέως
1099 5350 1315 5404 εὐθεῖα-ι
1362 5349 1842 5421 ἀπεργασάμενος,
1889 5349 1978 5406 σόν

369 5420 737 5500 imperatoris
781 5429 977 5500 rectum
1020 5430 1312 5500 praestans,
1353 5422 1657 5500 ubihalium
1709 5421 1887 5477 locum
1923 5423 1978 5477 in

372 5501 579 5544 mente
617 5490 953 5558 habnit,qui
987 5499 1072 5543 est
1101 5492 1284 5544 Actor.
1307 5507 1423 5545 vni.
1451 5490 1543 5545 Sic
1571 5491 1717 5545 enim
1754 5500 1979 5547 sanctus

372 5559 594 5615 Petrus
621 5559 700 5614 ad
732 5557 1012 5613 Simonem
1039 5597 1056 5616 .
1100 5560 1282 5615 oblata
1328 5561 1553 5616 necunia
1589 5577 1684 5616 Der
1713 5577 1975 5616 manuum

372 5559 594 5615 Petrus
621 5559 700 5614 ad
732 5559 1012 5613 Simonem
1039 5597 1056 5619 ,
1100 5560 1282 5615 oblata
1328 5561 1553 5630 pecunia
1587 5577 1684 5630 per
1713 5577 1975 5616 manuum

372 5630 820 5699 impositiouem
874 5628 1117 5700 Spiritus
1175 5633 1349 5685 sancti
1399 5631 1838 5687 communicandi
1875 5645 1975 5701 po-

694 5822 967 5884 ΡΑτιιοι..
1017 5825 1136 5885 Gn.
1169 5808 1384 5886 CLIII.-

2081 5085 2332 5132 testatem
2388 5077 2491 5132 sibi
2545 5072 2770 5132 concedi
2830 5082 3140 5145 petentem,
3201 5069 3265 5145 ’β
3298 5072 3408 5145 γὰρ
3454 5074 3651 5144 καρδία

2082 5163 2177 5200 σου
2225 5148 2327 5201 οὐκ
2383 5147 2533 5200 ἐστιν
2586 5147 2771 5199 εὐθεῖα
2822 5141 3055 5198 ἐνώπιον
3101 5141 3238 5199 Θεοῦ
3274 5141 3317 5173 ’⁷
3356 5143 3461 5198 Cor
3509 5141 3649 5197 enim

2083 5224 2229 5271 tuum
2279 5233 2383 5270 non
2428 5226 2503 5270 est
2544 5225 2742 5270 rectum
2774 5230 2961 5269 coram,
3006 5212 3136 5268 Deo.
3171 5211 3292 5268 Non
3342 5214 3488 5267 enim
3521 5228 3649 5267 sen-

2083 5286 2273 5340 tentiis
2327 5286 2489 5341 modo
2534 5286 2761 5354 integris
2812 5284 3139 5354 divinarum
3178 5280 3523 5354 Litterarum
3560 5282 3650 5354 in-

2085 5357 2407 5418 nectendis,
2453 5355 2550 5408 sed
2596 5352 2762 5408 etiam
2815 5356 2978 5408 unico
3030 5353 3200 5407 verbo
3258 5352 3451 5407 iisdem
3512 5352 3649 5406 insi-

2085 5425 2321 5479 nuandis
2373 5427 2788 5478 Cantaeuzenus
2835 5421 3036 5491 gaudet
3062 5439 3093 5491 ς,
3113 5423 3259 5491 quod
3314 5432 3405 5483 te.
3454 5423 3647 5487 lector,

2089 5494 2179 5547 hic
2211 5494 2555 5562 potissimmn
2584 5490 2856 5547 monitum
2875 5492 3042 5562 volui.
3076 5490 3219 5562 Sane
3254 5492 3648 5561 peritissimum

2086 5560 2252 5618 sacrae
2280 5563 2576 5636 Scriptura:
2606 5564 2799 5627 fuisse,
2827 5572 2978 5619 extra
3014 5560 3386 5616 dubium’est.

3275 5827 3310 5885 3
