  <div class='ocr_page' id='page_1' title='image "/cluster/home/n/w/nwhite01/storage/ocr_20150623/153/mdp.39015078384727/055.png"; bbox 0 0 4106 6292; ppageno 0'>
   <div class='ocr_carea' id='block_1_1' title="bbox 476 263 3732 371">
    <p class='ocr_par' dir='ltr' id='par_1_1' title="bbox 476 263 3732 371">
     <span class='ocr_line' id='line_1_1' title="bbox 476 263 3732 371; baseline 0.001 -47"><span class='ocrx_word' id='word_1_1' title='bbox 476 263 548 325; x_wconf 78' lang='lat'><strong><em>75</em></strong></span> <span class='ocrx_word' id='word_1_2' title='bbox 1649 266 1975 371; x_wconf 73' lang='lat' dir='ltr'><strong><em>JoANNIs</em></strong></span> <span class='ocrx_word' id='word_1_3' title='bbox 2009 264 2534 330; x_wconf 77' lang='lat' dir='ltr'><strong><em>CANTACUZENI</em></strong></span> <span class='ocrx_word' id='word_1_4' title='bbox 3639 267 3732 351; x_wconf 45' lang='grc' dir='ltr'><strong><em>,τε</em></strong></span> 
     </span>
    </p>
   </div>
   <div class='ocr_carea' id='block_1_2' title="bbox 1941 379 3040 436">
    <p class='ocr_par' dir='ltr' id='par_1_2' title="bbox 1941 379 3040 436">
     <span class='ocr_line' id='line_1_2' title="bbox 1941 379 3040 436; baseline -0.005 0"><span class='ocrx_word' id='word_1_5' title='bbox 1941 379 2168 436; x_wconf 85' lang='lat' dir='ltr'>CAPUT</span> <span class='ocrx_word' id='word_1_6' title='bbox 2206 379 2292 435; x_wconf 84' lang='lat' dir='ltr'><strong><em>IV.</em></strong></span> <span class='ocrx_word' id='word_1_7' title='bbox 3035 395 3040 400; x_wconf 70' lang='lat'><strong>‘</strong></span> 
     </span>
    </p>
   </div>
   <div class='ocr_carea' id='block_1_3' title="bbox 468 496 3064 571">
    <p class='ocr_par' dir='ltr' id='par_1_3' title="bbox 468 496 3064 571">
     <span class='ocr_line' id='line_1_3' title="bbox 468 496 3064 571; baseline -0.002 -16"><span class='ocrx_word' id='word_1_8' title='bbox 468 499 794 571; x_wconf 69' lang='lat' dir='ltr'><strong><em>Syrgiannes</em></strong></span> <span class='ocrx_word' id='word_1_9' title='bbox 863 501 1042 570; x_wconf 86' lang='lat' dir='ltr'><strong><em>magni</em></strong></span> <span class='ocrx_word' id='word_1_10' title='bbox 1103 501 1374 571; x_wconf 77' lang='lat' dir='ltr'><strong><em>domestici</em></strong></span> <span class='ocrx_word' id='word_1_11' title='bbox 1416 500 1691 556; x_wconf 70' lang='lat' dir='ltr'><strong><em>consilium</em></strong></span> <span class='ocrx_word' id='word_1_12' title='bbox 1730 497 1938 571; x_wconf 56' lang='lat' dir='ltr'><strong><em>probat.</em></strong></span> <span class='ocrx_word' id='word_1_13' title='bbox 1980 496 2108 571; x_wconf 59' lang='lat' dir='ltr'><strong><em>Dure</em></strong></span> <span class='ocrx_word' id='word_1_14' title='bbox 2140 499 2290 571; x_wconf 61' lang='lat' dir='ltr'><strong><em>urbes</em></strong></span> <span class='ocrx_word' id='word_1_15' title='bbox 2329 497 2409 571; x_wconf 63' lang='lat' dir='ltr'><strong><em>ad</em></strong></span> <span class='ocrx_word' id='word_1_16' title='bbox 2445 498 2622 571; x_wconf 77' lang='lat' dir='ltr'><strong><em>fugam</em></strong></span> <span class='ocrx_word' id='word_1_17' title='bbox 2683 497 3006 571; x_wconf 63' lang='lat' dir='ltr'><strong><em>deliguntur</em></strong></span> <span class='ocrx_word' id='word_1_18' title='bbox 3046 514 3064 552; x_wconf 92' lang='lat'><strong><em>:</em></strong></span> 
     </span>
    </p>
   </div>
   <div class='ocr_carea' id='block_1_4' title="bbox 3132 497 3728 564">
    <p class='ocr_par' dir='ltr' id='par_1_4' title="bbox 3132 497 3728 564">
     <span class='ocr_line' id='line_1_4' title="bbox 3132 497 3728 564; baseline -0.002 -13"><span class='ocrx_word' id='word_1_19' title='bbox 3132 497 3478 564; x_wconf 81' lang='lat' dir='ltr'><strong><em>Christopolis</em></strong></span> <span class='ocrx_word' id='word_1_20' title='bbox 3535 497 3728 550; x_wconf 76' lang='lat' dir='ltr'><strong><em>Adria-</em></strong></span> 
     </span>
    </p>
   </div>
   <div class='ocr_carea' id='block_1_5' title="bbox 537 566 3737 640">
    <p class='ocr_par' dir='ltr' id='par_1_5' title="bbox 537 566 3737 640">
     <span class='ocr_line' id='line_1_5' title="bbox 537 566 3737 640; baseline 0 -19"><span class='ocrx_word' id='word_1_21' title='bbox 537 566 715 637; x_wconf 66' lang='lat' dir='ltr'><strong><em>nepoli</em></strong></span> <span class='ocrx_word' id='word_1_22' title='bbox 752 566 1054 640; x_wconf 72' lang='lat' dir='ltr'><strong><em>prarfertttr.</em></strong></span> <span class='ocrx_word' id='word_1_23' title='bbox 1106 570 1510 625; x_wconf 79' lang='lat' dir='ltr'><strong><em>Cantacuzenus</em></strong></span> <span class='ocrx_word' id='word_1_24' title='bbox 1574 566 1737 622; x_wconf 71' lang='lat' dir='ltr'><strong><em>uxore</em></strong></span> <span class='ocrx_word' id='word_1_25' title='bbox 1801 566 2083 635; x_wconf 72' lang='lat' dir='ltr'><strong><em>CalliOpoli</em></strong></span> <span class='ocrx_word' id='word_1_26' title='bbox 2123 567 2309 640; x_wconf 83' lang='lat' dir='ltr'><strong><em>relicta</em></strong></span> <span class='ocrx_word' id='word_1_27' title='bbox 2372 566 2686 640; x_wconf 75' lang='lat' dir='ltr'><strong><em>Byzantium</em></strong></span> <span class='ocrx_word' id='word_1_28' title='bbox 2750 566 2931 640; x_wconf 71' lang='lat' dir='ltr'><strong><em>venit,</em></strong></span> <span class='ocrx_word' id='word_1_29' title='bbox 2977 567 3270 640; x_wconf 84' lang='lat' dir='ltr'><strong><em>Andronico</em></strong></span> <span class='ocrx_word' id='word_1_30' title='bbox 3321 567 3552 640; x_wconf 75' lang='lat' dir='ltr'><strong><em>laniari.</em></strong></span> <span class='ocrx_word' id='word_1_31' title='bbox 3608 571 3737 636; x_wconf 78' lang='lat' dir='ltr'><strong><em>quid</em></strong></span> 
     </span>
    </p>
   </div>
   <div class='ocr_carea' id='block_1_6' title="bbox 537 642 1301 702">
    <p class='ocr_par' dir='ltr' id='par_1_6' title="bbox 537 642 1301 702">
     <span class='ocr_line' id='line_1_6' title="bbox 537 642 1301 702; baseline 0.004 -13"><span class='ocrx_word' id='word_1_32' title='bbox 537 642 902 702; x_wconf 74' lang='lat' dir='ltr'><strong><em>decreverint,</em></strong></span> <span class='ocrx_word' id='word_1_33' title='bbox 965 643 1234 693; x_wconf 85' lang='lat' dir='ltr'><strong><em>renuntiat</em></strong></span> <span class='ocrx_word' id='word_1_34' title='bbox 1283 655 1301 692; x_wconf 91' lang='lat'><strong><em>:</em></strong></span> 
     </span>
    </p>
   </div>
   <div class='ocr_carea' id='block_1_7' title="bbox 1360 640 2087 706">
    <p class='ocr_par' dir='ltr' id='par_1_7' title="bbox 1360 640 2087 706">
     <span class='ocr_line' id='line_1_7' title="bbox 1360 640 2087 706; baseline -0.011 -11"><span class='ocrx_word' id='word_1_35' title='bbox 1360 642 1603 695; x_wconf 74' lang='lat' dir='ltr'><strong><em>Alexium</em></strong></span> <span class='ocrx_word' id='word_1_36' title='bbox 1676 640 2047 706; x_wconf 81' lang='lat' dir='ltr'><strong><em>Apocauchum</em></strong></span> <span class='ocrx_word' id='word_1_37' title='bbox 2071 676 2087 698; x_wconf 85' lang='lat'><strong><em>,</em></strong></span> 
     </span>
    </p>
   </div>
   <div class='ocr_carea' id='block_1_8' title="bbox 2135 638 3732 706">
    <p class='ocr_par' dir='ltr' id='par_1_8' title="bbox 2135 638 3732 706">
     <span class='ocr_line' id='line_1_8' title="bbox 2135 638 3732 706; baseline 0.002 -18"><span class='ocrx_word' id='word_1_38' title='bbox 2135 639 2410 690; x_wconf 85' lang='lat' dir='ltr'><strong><em>obscurum</em></strong></span> <span class='ocrx_word' id='word_1_39' title='bbox 2492 639 2786 699; x_wconf 82' lang='lat' dir='ltr'><strong><em>hominem.</em></strong></span> <span class='ocrx_word' id='word_1_40' title='bbox 2841 639 2932 690; x_wconf 85' lang='lat' dir='ltr'><strong><em>sed</em></strong></span> <span class='ocrx_word' id='word_1_41' title='bbox 3001 638 3354 705; x_wconf 82' lang='lat' dir='ltr'><strong><em>prudentem.</em></strong></span> <span class='ocrx_word' id='word_1_42' title='bbox 3393 638 3449 689; x_wconf 84' lang='lat' dir='ltr'><strong><em>in</em></strong></span> <span class='ocrx_word' id='word_1_43' title='bbox 3498 640 3732 706; x_wconf 80' lang='lat' dir='ltr'><strong><em>gratiam</em></strong></span> 
     </span>
    </p>
   </div>
   <div class='ocr_carea' id='block_1_9' title="bbox 536 706 3727 780">
    <p class='ocr_par' dir='ltr' id='par_1_9' title="bbox 536 706 3727 780">
     <span class='ocr_line' id='line_1_9' title="bbox 536 706 3727 780; baseline 0 -20"><span class='ocrx_word' id='word_1_44' title='bbox 536 709 852 776; x_wconf 60' lang='lat' dir='ltr'><strong><em>Syt&#39;jidnnis</em></strong></span> <span class='ocrx_word' id='word_1_45' title='bbox 907 711 954 762; x_wconf 82' lang='lat' dir='ltr'><strong><em>ei</em></strong></span> <span class='ocrx_word' id='word_1_46' title='bbox 1022 715 1376 764; x_wconf 75' lang='lat' dir='ltr'><strong><em>commendat.</em></strong></span> <span class='ocrx_word' id='word_1_47' title='bbox 1461 709 1792 764; x_wconf 75' lang='lat' dir='ltr'><strong><em>Andronicus</em></strong></span> <span class='ocrx_word' id='word_1_48' title='bbox 1869 706 2112 760; x_wconf 80' lang='lat' dir='ltr'><strong><em>consulta</em></strong></span> <span class='ocrx_word' id='word_1_49' title='bbox 2186 706 2525 776; x_wconf 74' lang='lat' dir='ltr'><strong><em>amplectitur</em></strong></span> <span class='ocrx_word' id='word_1_50' title='bbox 2565 746 2581 772; x_wconf 93' lang='lat'><strong><em>,</em></strong></span> <span class='ocrx_word' id='word_1_51' title='bbox 2644 707 3244 777; x_wconf 86' lang='lat' dir='ltr'><strong><em>magnanimitatemque</em></strong></span> <span class='ocrx_word' id='word_1_52' title='bbox 3315 716 3363 760; x_wconf 91' lang='lat' dir='ltr'><strong><em>et</em></strong></span> <span class='ocrx_word' id='word_1_53' title='bbox 3421 708 3727 780; x_wconf 67' lang='lat' dir='ltr'><strong><em>aequitatem</em></strong></span> 
     </span>
    </p>
   </div>
   <div class='ocr_carea' id='block_1_10' title="bbox 535 780 974 832">
    <p class='ocr_par' dir='ltr' id='par_1_10' title="bbox 535 780 974 832">
     <span class='ocr_line' id='line_1_10' title="bbox 535 780 974 832; baseline 0.005 -2"><span class='ocrx_word' id='word_1_54' title='bbox 535 797 688 832; x_wconf 77' lang='lat' dir='ltr'><strong><em>suam</em></strong></span> <span class='ocrx_word' id='word_1_55' title='bbox 726 780 974 832; x_wconf 76' lang='lat' dir='ltr'><strong><em>ostendit.</em></strong></span> 
     </span>
    </p>
   </div>
   <div class='ocr_carea' id='block_1_11' title="bbox 543 890 2041 964">
    <p class='ocr_par' dir='ltr' id='par_1_11' title="bbox 543 891 2041 964">
     <span class='ocr_line' id='line_1_11' title="bbox 543 891 2041 964; baseline -0.001 -17"><span class='ocrx_word' id='word_1_56' title='bbox 543 897 834 964; x_wconf 75' lang='lat' dir='ltr'><strong><em>Postquam</em></strong></span> <span class='ocrx_word' id='word_1_57' title='bbox 867 909 1094 964; x_wconf 79' lang='lat' dir='ltr'><strong><em>magnus</em></strong></span> <span class='ocrx_word' id='word_1_58' title='bbox 1123 894 1458 949; x_wconf 87' lang='lat' dir='ltr'><strong><em>domesticus</em></strong></span> <span class='ocrx_word' id='word_1_59' title='bbox 1483 894 1590 949; x_wconf 89' lang='lat' dir='ltr'><strong><em>hoc</em></strong></span> <span class='ocrx_word' id='word_1_60' title='bbox 1623 891 1859 948; x_wconf 68' lang='lat' dir='ltr'><strong><em>maxime</em></strong></span> <span class='ocrx_word' id='word_1_61' title='bbox 1888 891 2041 946; x_wconf 84' lang='lat' dir='ltr'><strong><em>modo</em></strong></span> 
     </span>
    </p>
   </div>
   <div class='ocr_carea' id='block_1_12' title="bbox 2142 890 3730 964">
    <p class='ocr_par' dir='ltr' id='par_1_12' title="bbox 2226 890 3730 962">
     <span class='ocr_line' id='line_1_12' title="bbox 2226 890 3730 962; baseline 0.001 -18"><span class='ocrx_word' id='word_1_62' title='bbox 2226 890 2383 944; x_wconf 78' lang='grc' dir='ltr'>Οὕτω</span> <span class='ocrx_word' id='word_1_63' title='bbox 2411 890 2505 944; x_wconf 73' lang='grc' dir='ltr'><strong><em>τοῦ⁹</em></strong></span> <span class='ocrx_word' id='word_1_64' title='bbox 2537 891 2778 960; x_wconf 82' lang='grc' dir='ltr'><strong>μεγάλου</strong></span> <span class='ocrx_word' id='word_1_65' title='bbox 2803 890 3122 960; x_wconf 84' lang='grc' dir='ltr'>δομεστίκου</span> <span class='ocrx_word' id='word_1_66' title='bbox 3151 890 3554 962; x_wconf 70' lang='grc' dir='ltr'><strong><em>διαλεχθέντος,</em></strong></span> <span class='ocrx_word' id='word_1_67' title='bbox 3591 894 3730 946; x_wconf 64' lang='grc' dir='ltr'>πάνυ</span> 
     </span>
    </p>
   </div>
   <div class='ocr_carea' id='block_1_13' title="bbox 463 984 2050 1054">
    <p class='ocr_par' dir='ltr' id='par_1_13' title="bbox 463 984 2050 1054">
     <span class='ocr_line' id='line_1_13' title="bbox 463 984 2050 1054; baseline -0.001 -15"><span class='ocrx_word' id='word_1_68' title='bbox 463 986 744 1049; x_wconf 72' lang='lat' dir='ltr'><strong><em>disseruit,</em></strong></span> <span class='ocrx_word' id='word_1_69' title='bbox 778 984 1112 1054; x_wconf 80' lang='lat' dir='ltr'><strong><em>Syrgiannes</em></strong></span> <span class='ocrx_word' id='word_1_70' title='bbox 1141 985 1357 1046; x_wconf 81' lang='lat' dir='ltr'><strong><em>eadem.</em></strong></span> <span class='ocrx_word' id='word_1_71' title='bbox 1394 999 1516 1054; x_wconf 70' lang='lat' dir='ltr'><strong><em>quae</em></strong></span> <span class='ocrx_word' id='word_1_72' title='bbox 1548 984 1664 1054; x_wconf 88' lang='lat' dir='ltr'><strong><em>ipse</em></strong></span> <span class='ocrx_word' id='word_1_73' title='bbox 1695 999 1820 1038; x_wconf 90' lang='lat' dir='ltr'><strong><em>cum</em></strong></span> <span class='ocrx_word' id='word_1_74' title='bbox 1864 986 2050 1039; x_wconf 90' lang='lat' dir='ltr'><strong><em>animo</em></strong></span> 
     </span>
    </p>
   </div>
   <div class='ocr_carea' id='block_1_14' title="bbox 464 1077 2048 1146">
    <p class='ocr_par' dir='ltr' id='par_1_14' title="bbox 464 1077 2048 1146">
     <span class='ocr_line' id='line_1_14' title="bbox 464 1077 2048 1146; baseline 0 -16"><span class='ocrx_word' id='word_1_75' title='bbox 464 1077 693 1146; x_wconf 81' lang='lat' dir='ltr'><strong><em>agitaret</em></strong></span> <span class='ocrx_word' id='word_1_76' title='bbox 741 1077 1010 1136; x_wconf 88' lang='lat' dir='ltr'><strong><em>locutum.</em></strong></span> <span class='ocrx_word' id='word_1_77' title='bbox 1048 1089 1218 1144; x_wconf 81' lang='lat' dir='ltr'><strong>seque</strong></span> <span class='ocrx_word' id='word_1_78' title='bbox 1253 1077 1534 1142; x_wconf 90' lang='lat' dir='ltr'><strong><em>omnibus,</em></strong></span> <span class='ocrx_word' id='word_1_79' title='bbox 1562 1085 1622 1130; x_wconf 84' lang='lat' dir='ltr'><strong><em>ut</em></strong></span> <span class='ocrx_word' id='word_1_80' title='bbox 1657 1077 1824 1146; x_wconf 87' lang='lat' dir='ltr'><strong><em>probe</em></strong></span> <span class='ocrx_word' id='word_1_81' title='bbox 1865 1077 2048 1142; x_wconf 86' lang='lat' dir='ltr'><strong><em>dictis,</em></strong></span> 
     </span>
    </p>
   </div>
   <div class='ocr_carea' id='block_1_15' title="bbox 465 1169 2048 1240">
    <p class='ocr_par' dir='ltr' id='par_1_15' title="bbox 465 1169 2048 1240">
     <span class='ocr_line' id='line_1_15' title="bbox 465 1169 2048 1240; baseline 0.001 -17"><span class='ocrx_word' id='word_1_82' title='bbox 465 1169 750 1238; x_wconf 65' lang='lat' dir='ltr'><strong><em>astipulari</em></strong></span> <span class='ocrx_word' id='word_1_83' title='bbox 783 1169 1068 1225; x_wconf 82' lang='lat' dir='ltr'><strong><em>confessus</em></strong></span> <span class='ocrx_word' id='word_1_84' title='bbox 1097 1181 1201 1225; x_wconf 89' lang='lat' dir='ltr'><strong><em>est.</em></strong></span> <span class='ocrx_word' id='word_1_85' title='bbox 1227 1169 1334 1226; x_wconf 86' lang='lat' dir='ltr'><strong><em>Sed</em></strong></span> <span class='ocrx_word' id='word_1_86' title='bbox 1362 1171 1542 1225; x_wconf 89' lang='lat' dir='ltr'><strong><em>adhuc</em></strong></span> <span class='ocrx_word' id='word_1_87' title='bbox 1564 1170 1785 1240; x_wconf 87' lang='lat' dir='ltr'><strong><em>paulum</em></strong></span> <span class='ocrx_word' id='word_1_88' title='bbox 1837 1171 2048 1239; x_wconf 85' lang='lat' dir='ltr'><strong><em>requiri</em></strong></span> 
     </span>
    </p>
   </div>
   <div class='ocr_carea' id='block_1_16' title="bbox 464 1261 2048 1332">
    <p class='ocr_par' dir='ltr' id='par_1_16' title="bbox 464 1261 2048 1332">
     <span class='ocr_line' id='line_1_16' title="bbox 464 1261 2048 1332; baseline 0.002 -18"><span class='ocrx_word' id='word_1_89' title='bbox 464 1278 574 1329; x_wconf 84' lang='lat' dir='ltr'><strong><em>quo</em></strong></span> <span class='ocrx_word' id='word_1_90' title='bbox 609 1261 788 1315; x_wconf 82' lang='lat' dir='ltr'><strong><em>verbis</em></strong></span> <span class='ocrx_word' id='word_1_91' title='bbox 834 1261 1070 1315; x_wconf 79' lang='lat' dir='ltr'><strong><em>ell‘ectus</em></strong></span> <span class='ocrx_word' id='word_1_92' title='bbox 1115 1263 1443 1331; x_wconf 78' lang='lat' dir='ltr'><strong><em>respondeat</em></strong></span> <span class='ocrx_word' id='word_1_93' title='bbox 1489 1281 1502 1318; x_wconf 90' lang='lat'><strong>:</strong></span> <span class='ocrx_word' id='word_1_94' title='bbox 1549 1263 2048 1332; x_wconf 89' lang='lat' dir='ltr'><strong><em>quomodocunque</em></strong></span> 
     </span>
    </p>
   </div>
   <div class='ocr_carea' id='block_1_17' title="bbox 462 1351 2051 1416">
    <p class='ocr_par' dir='ltr' id='par_1_17' title="bbox 462 1351 2051 1416">
     <span class='ocr_line' id='line_1_17' title="bbox 462 1351 2051 1416; baseline 0.003 -12"><span class='ocrx_word' id='word_1_95' title='bbox 462 1355 608 1406; x_wconf 88' lang='lat' dir='ltr'><strong><em>enim</em></strong></span> <span class='ocrx_word' id='word_1_96' title='bbox 647 1354 828 1405; x_wconf 87' lang='lat' dir='ltr'><strong><em>locum</em></strong></span> <span class='ocrx_word' id='word_1_97' title='bbox 877 1351 1294 1416; x_wconf 83' lang='lat' dir='ltr'><strong><em>inveniendum,</em></strong></span> <span class='ocrx_word' id='word_1_98' title='bbox 1348 1354 1440 1407; x_wconf 89' lang='lat' dir='ltr'><strong><em>ubi</em></strong></span> <span class='ocrx_word' id='word_1_99' title='bbox 1467 1353 1816 1409; x_wconf 84' lang='lat' dir='ltr'><strong><em>Andronicus</em></strong></span> <span class='ocrx_word' id='word_1_100' title='bbox 1856 1353 2051 1410; x_wconf 86' lang='lat' dir='ltr'><strong><em>Junior</em></strong></span> 
     </span>
    </p>
   </div>
   <div class='ocr_carea' id='block_1_18' title="bbox 464 1445 2051 1516">
    <p class='ocr_par' dir='ltr' id='par_1_18' title="bbox 464 1445 2051 1516">
     <span class='ocr_line' id='line_1_18' title="bbox 464 1445 2051 1516; baseline 0.003 -21"><span class='ocrx_word' id='word_1_101' title='bbox 464 1455 583 1497; x_wconf 86' lang='lat' dir='ltr'><strong><em>tuto</em></strong></span> <span class='ocrx_word' id='word_1_102' title='bbox 629 1460 686 1497; x_wconf 89' lang='lat' dir='ltr'><strong><em>se</em></strong></span> <span class='ocrx_word' id='word_1_103' title='bbox 720 1451 921 1496; x_wconf 80' lang='lat' dir='ltr'><strong><em>teneat.</em></strong></span> <span class='ocrx_word' id='word_1_104' title='bbox 979 1445 1159 1512; x_wconf 88' lang='lat' dir='ltr'><strong><em>Super</em></strong></span> <span class='ocrx_word' id='word_1_105' title='bbox 1202 1460 1313 1514; x_wconf 89' lang='lat' dir='ltr'><strong><em>quo</em></strong></span> <span class='ocrx_word' id='word_1_106' title='bbox 1355 1447 1724 1500; x_wconf 84' lang='lat' dir='ltr'><strong><em>communiter</em></strong></span> <span class='ocrx_word' id='word_1_107' title='bbox 1769 1447 2051 1516; x_wconf 89' lang='lat' dir='ltr'><strong><em>inquiren-</em></strong></span> 
     </span>
    </p>
   </div>
   <div class='ocr_carea' id='block_1_19' title="bbox 467 1533 2046 1598">
    <p class='ocr_par' dir='ltr' id='par_1_19' title="bbox 467 1533 2046 1598">
     <span class='ocr_line' id='line_1_19' title="bbox 467 1533 2046 1598; baseline 0.003 -14"><span class='ocrx_word' id='word_1_108' title='bbox 467 1535 632 1588; x_wconf 71' lang='lat' dir='ltr'><strong><em>tibus.</em></strong></span> <span class='ocrx_word' id='word_1_109' title='bbox 660 1533 837 1585; x_wconf 84' lang='lat' dir='ltr'><strong><em>visum</em></strong></span> <span class='ocrx_word' id='word_1_110' title='bbox 886 1533 1179 1598; x_wconf 86' lang='lat' dir='ltr'><strong><em>ambobus,</em></strong></span> <span class='ocrx_word' id='word_1_111' title='bbox 1211 1533 1440 1588; x_wconf 82' lang='lat' dir='ltr'><strong><em>alterius</em></strong></span> <span class='ocrx_word' id='word_1_112' title='bbox 1496 1533 1696 1588; x_wconf 85' lang='lat' dir='ltr'><strong><em>horum</em></strong></span> <span class='ocrx_word' id='word_1_113' title='bbox 1731 1534 1963 1588; x_wconf 77' lang='lat' dir='ltr'><strong><em>solutam</em></strong></span> <span class='ocrx_word' id='word_1_114' title='bbox 1998 1537 2046 1590; x_wconf 91' lang='lat' dir='ltr'><strong><em>ei</em></strong></span> 
     </span>
    </p>
   </div>
   <div class='ocr_carea' id='block_1_20' title="bbox 465 1625 2062 1696">
    <p class='ocr_par' dir='ltr' id='par_1_20' title="bbox 465 1625 2062 1696">
     <span class='ocr_line' id='line_1_20' title="bbox 465 1625 2062 1696; baseline 0.004 -22"><span class='ocrx_word' id='word_1_115' title='bbox 465 1627 742 1692; x_wconf 76' lang='lat' dir='ltr'><strong><em>optionem</em></strong></span> <span class='ocrx_word' id='word_1_116' title='bbox 786 1641 907 1679; x_wconf 89' lang='lat' dir='ltr'><strong><em>esse</em></strong></span> <span class='ocrx_word' id='word_1_117' title='bbox 945 1641 960 1679; x_wconf 75' lang='grc' dir='ltr'>ε</span> <span class='ocrx_word' id='word_1_118' title='bbox 1014 1625 1128 1679; x_wconf 86' lang='lat' dir='ltr'><strong><em>sive</em></strong></span> <span class='ocrx_word' id='word_1_119' title='bbox 1178 1633 1236 1679; x_wconf 89' lang='lat' dir='ltr'><strong><em>ut</em></strong></span> <span class='ocrx_word' id='word_1_120' title='bbox 1267 1625 1644 1696; x_wconf 83' lang='lat' dir='ltr'><strong><em>AdrianOpoli,</em></strong></span> <span class='ocrx_word' id='word_1_121' title='bbox 1687 1628 1884 1696; x_wconf 71' lang='lat' dir='ltr'><strong><em>ampla:</em></strong></span> <span class='ocrx_word' id='word_1_122' title='bbox 1921 1628 2062 1684; x_wconf 79' lang='lat' dir='ltr'><strong><em>urbi.</em></strong></span> 
     </span>
    </p>
   </div>
   <div class='ocr_carea' id='block_1_21' title="bbox 464 1716 2046 1786">
    <p class='ocr_par' dir='ltr' id='par_1_21' title="bbox 464 1716 2046 1786">
     <span class='ocr_line' id='line_1_21' title="bbox 464 1716 2046 1786; baseline -0.001 -16"><span class='ocrx_word' id='word_1_123' title='bbox 464 1726 522 1770; x_wconf 86' lang='lat' dir='ltr'><strong><em>et</em></strong></span> <span class='ocrx_word' id='word_1_124' title='bbox 561 1717 830 1784; x_wconf 67' lang='lat' dir='ltr'><strong><em>frequenti</em></strong></span> <span class='ocrx_word' id='word_1_125' title='bbox 887 1717 999 1785; x_wconf 78' lang='lat'><strong><em>(55)</em></strong></span> <span class='ocrx_word' id='word_1_126' title='bbox 1031 1757 1046 1781; x_wconf 91' lang='lat'><strong><em>,</em></strong></span> <span class='ocrx_word' id='word_1_127' title='bbox 1073 1725 1336 1784; x_wconf 71' lang='lat' dir='ltr'><strong><em>praeterea</em></strong></span> <span class='ocrx_word' id='word_1_128' title='bbox 1382 1716 1616 1771; x_wconf 87' lang='lat' dir='ltr'><strong><em>militare</em></strong></span> <span class='ocrx_word' id='word_1_129' title='bbox 1660 1730 1852 1786; x_wconf 76' lang='lat' dir='ltr'><strong><em>agmen</em></strong></span> <span class='ocrx_word' id='word_1_130' title='bbox 1901 1717 2046 1772; x_wconf 84' lang='lat' dir='ltr'><strong><em>haud</em></strong></span> 
     </span>
    </p>
   </div>
   <div class='ocr_carea' id='block_1_22' title="bbox 463 1807 2048 1878">
    <p class='ocr_par' dir='ltr' id='par_1_22' title="bbox 463 1807 2048 1878">
     <span class='ocr_line' id='line_1_22' title="bbox 463 1807 2048 1878; baseline 0.001 -17"><span class='ocrx_word' id='word_1_131' title='bbox 463 1809 744 1861; x_wconf 81' lang='lat' dir='ltr'><strong><em>modicum</em></strong></span> <span class='ocrx_word' id='word_1_132' title='bbox 771 1807 1017 1873; x_wconf 86' lang='lat' dir='ltr'><strong><em>habenti,</em></strong></span> <span class='ocrx_word' id='word_1_133' title='bbox 1055 1822 1113 1862; x_wconf 88' lang='lat' dir='ltr'><strong><em>se</em></strong></span> <span class='ocrx_word' id='word_1_134' title='bbox 1147 1807 1400 1862; x_wconf 86' lang='lat' dir='ltr'><strong><em>crederet</em></strong></span> <span class='ocrx_word' id='word_1_135' title='bbox 1431 1825 1445 1862; x_wconf 90' lang='lat'><strong>:</strong></span> <span class='ocrx_word' id='word_1_136' title='bbox 1480 1823 1607 1863; x_wconf 83' lang='lat' dir='ltr'><strong><em>cum</em></strong></span> <span class='ocrx_word' id='word_1_137' title='bbox 1643 1809 1950 1878; x_wconf 74' lang='lat' dir='ltr'><strong><em>prtcSertim</em></strong></span> <span class='ocrx_word' id='word_1_138' title='bbox 1991 1819 2048 1864; x_wconf 88' lang='lat' dir='ltr'><strong><em>et</em></strong></span> 
     </span>
    </p>
   </div>
   <div class='ocr_carea' id='block_1_23' title="bbox 466 1901 2045 1972">
    <p class='ocr_par' dir='ltr' id='par_1_23' title="bbox 466 1901 2045 1972">
     <span class='ocr_line' id='line_1_23' title="bbox 466 1901 2045 1972; baseline 0.001 -19"><span class='ocrx_word' id='word_1_139' title='bbox 466 1918 664 1970; x_wconf 72' lang='lat' dir='ltr'><strong><em>pari-ns</em></strong></span> <span class='ocrx_word' id='word_1_140' title='bbox 691 1902 809 1970; x_wconf 82' lang='lat' dir='ltr'><strong><em>ejus</em></strong></span> <span class='ocrx_word' id='word_1_141' title='bbox 840 1901 1071 1956; x_wconf 82' lang='lat' dir='ltr'><strong>Michael</strong></span> <span class='ocrx_word' id='word_1_142' title='bbox 1107 1901 1431 1970; x_wconf 85' lang='lat' dir='ltr'><strong><em>imperator,</em></strong></span> <span class='ocrx_word' id='word_1_143' title='bbox 1461 1902 1576 1956; x_wconf 89' lang='lat' dir='ltr'><strong><em>illic</em></strong></span> <span class='ocrx_word' id='word_1_144' title='bbox 1605 1902 1790 1970; x_wconf 87' lang='lat' dir='ltr'><strong><em>potius</em></strong></span> <span class='ocrx_word' id='word_1_145' title='bbox 1833 1903 2045 1972; x_wconf 82' lang='lat' dir='ltr'><strong><em>longin-</em></strong></span> 
     </span>
    </p>
   </div>
   <div class='ocr_carea' id='block_1_24' title="bbox 465 1991 2046 2062">
    <p class='ocr_par' dir='ltr' id='par_1_24' title="bbox 465 1991 2046 2062">
     <span class='ocr_line' id='line_1_24' title="bbox 465 1991 2046 2062; baseline 0.001 -18"><span class='ocrx_word' id='word_1_146' title='bbox 465 2009 575 2060; x_wconf 85' lang='lat' dir='ltr'><strong><em>quo</em></strong></span> <span class='ocrx_word' id='word_1_147' title='bbox 604 2001 849 2061; x_wconf 78' lang='lat' dir='ltr'><strong><em>tempore</em></strong></span> <span class='ocrx_word' id='word_1_148' title='bbox 874 1991 1102 2062; x_wconf 75' lang='lat' dir='ltr'><strong><em>degens,</em></strong></span> <span class='ocrx_word' id='word_1_149' title='bbox 1133 1991 1505 2061; x_wconf 90' lang='lat' dir='ltr'><strong><em>plurimorum</em></strong></span> <span class='ocrx_word' id='word_1_150' title='bbox 1557 1993 1852 2046; x_wconf 86' lang='lat' dir='ltr'><strong><em>amicitiam</em></strong></span> <span class='ocrx_word' id='word_1_151' title='bbox 1891 1993 2046 2046; x_wconf 82' lang='lat' dir='ltr'><strong><em>fami-</em></strong></span> 
     </span>
    </p>
   </div>
   <div class='ocr_carea' id='block_1_25' title="bbox 466 2084 2045 2156">
    <p class='ocr_par' dir='ltr' id='par_1_25' title="bbox 466 2084 2045 2156">
     <span class='ocr_line' id='line_1_25' title="bbox 466 2084 2045 2156; baseline 0.004 -20"><span class='ocrx_word' id='word_1_152' title='bbox 466 2086 500 2136; x_wconf 87' lang='lat' dir='ltr'><strong><em>li</em></strong></span> <span class='ocrx_word' id='word_1_153' title='bbox 521 2087 583 2136; x_wconf 72' lang='lat' dir='ltr'><strong><em>iri</em></strong></span> <span class='ocrx_word' id='word_1_154' title='bbox 597 2095 870 2154; x_wconf 51' lang='grc' dir='ltr'>ιειειιιτιιιο</span> <span class='ocrx_word' id='word_1_155' title='bbox 889 2084 1120 2154; x_wconf 89' lang='lat' dir='ltr'><strong><em>adeptus</em></strong></span> <span class='ocrx_word' id='word_1_156' title='bbox 1141 2094 1306 2149; x_wconf 85' lang='lat' dir='ltr'><strong><em>esset,</em></strong></span> <span class='ocrx_word' id='word_1_157' title='bbox 1329 2087 1424 2156; x_wconf 88' lang='lat' dir='ltr'><strong><em>qui</em></strong></span> <span class='ocrx_word' id='word_1_158' title='bbox 1447 2102 1546 2154; x_wconf 90' lang='lat' dir='ltr'><strong><em>pro</em></strong></span> <span class='ocrx_word' id='word_1_159' title='bbox 1565 2088 1684 2156; x_wconf 89' lang='lat' dir='ltr'><strong><em>ejus</em></strong></span> <span class='ocrx_word' id='word_1_160' title='bbox 1705 2087 1818 2142; x_wconf 77' lang='lat' dir='ltr'><strong><em>filio</em></strong></span> <span class='ocrx_word' id='word_1_161' title='bbox 1833 2103 2045 2142; x_wconf 90' lang='lat' dir='ltr'><strong><em>summa</em></strong></span> 
     </span>
    </p>
   </div>
   <div class='ocr_carea' id='block_1_26' title="bbox 465 2173 2046 2238">
    <p class='ocr_par' dir='ltr' id='par_1_26' title="bbox 465 2173 2046 2238">
     <span class='ocr_line' id='line_1_26' title="bbox 465 2173 2046 2238; baseline 0.004 -12"><span class='ocrx_word' id='word_1_162' title='bbox 465 2173 744 2238; x_wconf 61' lang='lat' dir='ltr'><strong><em>voluntate</em></strong></span> <span class='ocrx_word' id='word_1_163' title='bbox 767 2177 1081 2232; x_wconf 84' lang='lat' dir='ltr'><strong><em>dimicaturi</em></strong></span> <span class='ocrx_word' id='word_1_164' title='bbox 1109 2178 1430 2233; x_wconf 82' lang='lat' dir='ltr'><strong><em>viderentur</em></strong></span> <span class='ocrx_word' id='word_1_165' title='bbox 1450 2196 1463 2234; x_wconf 90' lang='lat'><strong>:</strong></span> <span class='ocrx_word' id='word_1_166' title='bbox 1483 2178 1600 2232; x_wconf 86' lang='lat' dir='ltr'><strong><em>sive</em></strong></span> <span class='ocrx_word' id='word_1_167' title='bbox 1617 2179 1659 2232; x_wconf 90' lang='lat' dir='ltr'><strong><em>si</em></strong></span> <span class='ocrx_word' id='word_1_168' title='bbox 1688 2178 1734 2232; x_wconf 88' lang='lat' dir='ltr'><strong><em>is</em></strong></span> <span class='ocrx_word' id='word_1_169' title='bbox 1762 2178 1916 2234; x_wconf 91' lang='lat' dir='ltr'><strong><em>locus</em></strong></span> <span class='ocrx_word' id='word_1_170' title='bbox 1945 2180 2046 2233; x_wconf 90' lang='lat' dir='ltr'><strong><em>mi-</em></strong></span> 
     </span>
    </p>
   </div>
   <div class='ocr_carea' id='block_1_27' title="bbox 462 2265 2042 2336">
    <p class='ocr_par' dir='ltr' id='par_1_27' title="bbox 462 2265 2042 2336">
     <span class='ocr_line' id='line_1_27' title="bbox 462 2265 2042 2336; baseline 0.001 -18"><span class='ocrx_word' id='word_1_171' title='bbox 462 2283 569 2319; x_wconf 89' lang='lat' dir='ltr'><strong><em>nus</em></strong></span> <span class='ocrx_word' id='word_1_172' title='bbox 633 2269 876 2335; x_wconf 82' lang='lat' dir='ltr'><strong><em>placeret</em></strong></span> <span class='ocrx_word' id='word_1_173' title='bbox 909 2266 1062 2336; x_wconf 88' lang='lat' dir='ltr'><strong><em>(quia</em></strong></span> <span class='ocrx_word' id='word_1_174' title='bbox 1113 2274 1388 2322; x_wconf 82' lang='lat' dir='ltr'><strong><em>metueret</em></strong></span> <span class='ocrx_word' id='word_1_175' title='bbox 1430 2281 1522 2330; x_wconf 91' lang='lat' dir='ltr'><strong><em>ne,</em></strong></span> <span class='ocrx_word' id='word_1_176' title='bbox 1578 2266 1623 2323; x_wconf 88' lang='lat' dir='ltr'><strong><em>si</em></strong></span> <span class='ocrx_word' id='word_1_177' title='bbox 1676 2271 1816 2320; x_wconf 82' lang='lat' dir='ltr'><strong><em>avus</em></strong></span> <span class='ocrx_word' id='word_1_178' title='bbox 1858 2265 2042 2334; x_wconf 79' lang='lat' dir='ltr'><strong><em>spreta</em></strong></span> 
     </span>
    </p>
   </div>
   <div class='ocr_carea' id='block_1_28' title="bbox 462 2355 2040 2429">
    <p class='ocr_par' dir='ltr' id='par_1_28' title="bbox 462 2355 2040 2429">
     <span class='ocr_line' id='line_1_28' title="bbox 462 2355 2040 2429; baseline 0.003 -19"><span class='ocrx_word' id='word_1_179' title='bbox 462 2360 668 2427; x_wconf 91' lang='lat' dir='ltr'><strong><em>pietate</em></strong></span> <span class='ocrx_word' id='word_1_180' title='bbox 708 2359 1096 2421; x_wconf 76' lang='lat' dir='ltr'><strong><em>exacerbatus,</em></strong></span> <span class='ocrx_word' id='word_1_181' title='bbox 1130 2359 1334 2414; x_wconf 89' lang='lat' dir='ltr'><strong><em>bellum</em></strong></span> <span class='ocrx_word' id='word_1_182' title='bbox 1382 2374 1547 2428; x_wconf 87' lang='lat' dir='ltr'><strong><em>quam</em></strong></span> <span class='ocrx_word' id='word_1_183' title='bbox 1597 2375 1786 2429; x_wconf 88' lang='lat' dir='ltr'><strong><em>pacem</em></strong></span> <span class='ocrx_word' id='word_1_184' title='bbox 1833 2355 2040 2422; x_wconf 75' lang='lat' dir='ltr'><strong><em>mallet,</em></strong></span> 
     </span>
    </p>
   </div>
   <div class='ocr_carea' id='block_1_29' title="bbox 463 2450 2046 2520">
    <p class='ocr_par' dir='ltr' id='par_1_29' title="bbox 463 2450 2046 2520">
     <span class='ocr_line' id='line_1_29' title="bbox 463 2450 2046 2520; baseline -0.001 -16"><span class='ocrx_word' id='word_1_185' title='bbox 463 2467 684 2505; x_wconf 84' lang='lat' dir='ltr'><strong><em>manum</em></strong></span> <span class='ocrx_word' id='word_1_186' title='bbox 719 2453 954 2506; x_wconf 86' lang='lat' dir='ltr'><strong><em>validam</em></strong></span> <span class='ocrx_word' id='word_1_187' title='bbox 990 2450 1466 2520; x_wconf 86' lang='lat' dir='ltr'><strong><em>Constantinopoli</em></strong></span> <span class='ocrx_word' id='word_1_188' title='bbox 1498 2450 1567 2504; x_wconf 91' lang='lat' dir='ltr'><strong><em>ad</em></strong></span> <span class='ocrx_word' id='word_1_189' title='bbox 1621 2466 1680 2504; x_wconf 90' lang='lat' dir='ltr'><strong><em>se</em></strong></span> <span class='ocrx_word' id='word_1_190' title='bbox 1726 2466 2046 2520; x_wconf 81' lang='lat' dir='ltr'><strong><em>oppugnan-</em></strong></span> 
     </span>
    </p>
   </div>
   <div class='ocr_carea' id='block_1_30' title="bbox 463 2543 2045 2617">
    <p class='ocr_par' dir='ltr' id='par_1_30' title="bbox 463 2543 2045 2617">
     <span class='ocr_line' id='line_1_30' title="bbox 463 2543 2045 2617; baseline -0.001 -18"><span class='ocrx_word' id='word_1_191' title='bbox 463 2546 593 2600; x_wconf 86' lang='lat' dir='ltr'><strong><em>dum</em></strong></span> <span class='ocrx_word' id='word_1_192' title='bbox 648 2547 944 2617; x_wconf 76' lang='lat' dir='ltr'><strong><em>emitteret,</em></strong></span> <span class='ocrx_word' id='word_1_193' title='bbox 1012 2543 1160 2614; x_wconf 90' lang='lat' dir='ltr'><strong><em>quod</em></strong></span> <span class='ocrx_word' id='word_1_194' title='bbox 1224 2553 1450 2614; x_wconf 85' lang='lat' dir='ltr'><strong><em>propter</em></strong></span> <span class='ocrx_word' id='word_1_195' title='bbox 1493 2543 1831 2599; x_wconf 89' lang='lat' dir='ltr'><strong><em>vicinitatem</em></strong></span> <span class='ocrx_word' id='word_1_196' title='bbox 1884 2543 2045 2598; x_wconf 83' lang='lat' dir='ltr'><strong><em>facile</em></strong></span> 
     </span>
    </p>
   </div>
   <div class='ocr_carea' id='block_1_31' title="bbox 463 2635 2043 2709">
    <p class='ocr_par' dir='ltr' id='par_1_31' title="bbox 463 2635 2043 2709">
     <span class='ocr_line' id='line_1_31' title="bbox 463 2635 2043 2709; baseline -0.004 -16"><span class='ocrx_word' id='word_1_197' title='bbox 463 2640 690 2709; x_wconf 79' lang='lat' dir='ltr'><strong><em>posset).</em></strong></span> <span class='ocrx_word' id='word_1_198' title='bbox 723 2637 1100 2706; x_wconf 84' lang='lat' dir='ltr'><strong><em>Cbristopolin</em></strong></span> <span class='ocrx_word' id='word_1_199' title='bbox 1133 2651 1191 2690; x_wconf 89' lang='lat' dir='ltr'><strong><em>se</em></strong></span> <span class='ocrx_word' id='word_1_200' title='bbox 1237 2635 1536 2700; x_wconf 76' lang='lat' dir='ltr'><strong><em>conferret,</em></strong></span> <span class='ocrx_word' id='word_1_201' title='bbox 1579 2635 1842 2704; x_wconf 83' lang='lat' dir='ltr'><strong><em>oppidum</em></strong></span> <span class='ocrx_word' id='word_1_202' title='bbox 1882 2635 2043 2688; x_wconf 92' lang='lat' dir='ltr'><strong><em>simul</em></strong></span> 
     </span>
    </p>
   </div>
   <div class='ocr_carea' id='block_1_32' title="bbox 463 2725 2046 2784">
    <p class='ocr_par' dir='ltr' id='par_1_32' title="bbox 463 2725 2046 2784">
     <span class='ocr_line' id='line_1_32' title="bbox 463 2725 2046 2784; baseline -0.003 0"><span class='ocrx_word' id='word_1_203' title='bbox 463 2739 659 2784; x_wconf 86' lang='lat' dir='ltr'><strong><em>natura</em></strong></span> <span class='ocrx_word' id='word_1_204' title='bbox 695 2730 800 2783; x_wconf 90' lang='lat' dir='ltr'><strong><em>loci</em></strong></span> <span class='ocrx_word' id='word_1_205' title='bbox 843 2725 901 2782; x_wconf 82' lang='lat' dir='ltr'><strong><em>et</em></strong></span> <span class='ocrx_word' id='word_1_206' title='bbox 931 2729 1107 2782; x_wconf 91' lang='lat' dir='ltr'><strong><em>muris</em></strong></span> <span class='ocrx_word' id='word_1_207' title='bbox 1159 2727 1374 2779; x_wconf 83' lang='lat' dir='ltr'><strong><em>ﬁrmum</em></strong></span> <span class='ocrx_word' id='word_1_208' title='bbox 1425 2741 1488 2780; x_wconf 90' lang='lat' dir='ltr'><strong><em>ac</em></strong></span> <span class='ocrx_word' id='word_1_209' title='bbox 1542 2727 1854 2780; x_wconf 90' lang='lat' dir='ltr'><strong><em>munitum:</em></strong></span> <span class='ocrx_word' id='word_1_210' title='bbox 1883 2726 2046 2780; x_wconf 84' lang='lat' dir='ltr'><strong><em>simul</em></strong></span> 
     </span>
    </p>
   </div>
   <div class='ocr_carea' id='block_1_33' title="bbox 463 2816 2047 2888">
    <p class='ocr_par' dir='ltr' id='par_1_33' title="bbox 463 2816 2047 2888">
     <span class='ocr_line' id='line_1_33' title="bbox 463 2816 2047 2888; baseline 0 -18"><span class='ocrx_word' id='word_1_211' title='bbox 463 2823 613 2874; x_wconf 83' lang='lat' dir='ltr'><strong><em>velut</em></strong></span> <span class='ocrx_word' id='word_1_212' title='bbox 647 2820 925 2888; x_wconf 87' lang='lat' dir='ltr'><strong><em>quoddam</em></strong></span> <span class='ocrx_word' id='word_1_213' title='bbox 956 2820 1260 2874; x_wconf 89' lang='lat' dir='ltr'><strong><em>claustrum</em></strong></span> <span class='ocrx_word' id='word_1_214' title='bbox 1292 2817 1348 2871; x_wconf 88' lang='lat' dir='ltr'><strong><em>in</em></strong></span> <span class='ocrx_word' id='word_1_215' title='bbox 1389 2817 1569 2881; x_wconf 83' lang='lat' dir='ltr'><strong><em>medio</em></strong></span> <span class='ocrx_word' id='word_1_216' title='bbox 1615 2817 1900 2885; x_wconf 88' lang='lat' dir='ltr'><strong><em>utriusque</em></strong></span> <span class='ocrx_word' id='word_1_217' title='bbox 1952 2816 2047 2870; x_wconf 89' lang='lat' dir='ltr'><strong><em>cli-</em></strong></span> 
     </span>
    </p>
   </div>
   <div class='ocr_carea' id='block_1_34' title="bbox 465 2905 2048 2977">
    <p class='ocr_par' dir='ltr' id='par_1_34' title="bbox 465 2905 2048 2977">
     <span class='ocr_line' id='line_1_34' title="bbox 465 2905 2048 2977; baseline -0.003 -12"><span class='ocrx_word' id='word_1_218' title='bbox 465 2913 646 2970; x_wconf 83' lang='lat' dir='ltr'><strong><em>matis,</em></strong></span> <span class='ocrx_word' id='word_1_219' title='bbox 702 2909 1090 2964; x_wconf 85' lang='lat' dir='ltr'><strong><em>Occidentales</em></strong></span> <span class='ocrx_word' id='word_1_220' title='bbox 1130 2908 1337 2977; x_wconf 87' lang='lat' dir='ltr'><strong><em>copias.</em></strong></span> <span class='ocrx_word' id='word_1_221' title='bbox 1390 2906 1642 2975; x_wconf 87' lang='lat' dir='ltr'><strong><em>quamvis</em></strong></span> <span class='ocrx_word' id='word_1_222' title='bbox 1690 2905 1938 2976; x_wconf 75' lang='lat' dir='ltr'><strong><em>ingentes</em></strong></span> <span class='ocrx_word' id='word_1_223' title='bbox 1990 2915 2048 2960; x_wconf 80' lang='lat' dir='ltr'><strong><em>et</em></strong></span> 
     </span>
    </p>
   </div>
   <div class='ocr_carea' id='block_1_35' title="bbox 462 2995 2048 3068">
    <p class='ocr_par' dir='ltr' id='par_1_35' title="bbox 462 2995 2048 3068">
     <span class='ocr_line' id='line_1_35' title="bbox 462 2995 2048 3068; baseline -0.001 -17"><span class='ocrx_word' id='word_1_224' title='bbox 462 3000 669 3067; x_wconf 68' lang='lat' dir='ltr'><strong><em>przeliis</em></strong></span> <span class='ocrx_word' id='word_1_225' title='bbox 693 2999 1049 3060; x_wconf 78' lang='lat' dir='ltr'><strong><em>assuefactas,</em></strong></span> <span class='ocrx_word' id='word_1_226' title='bbox 1081 2999 1186 3068; x_wconf 75' lang='lat'><strong>13</strong></span> <span class='ocrx_word' id='word_1_227' title='bbox 1203 2997 1272 3050; x_wconf 89' lang='lat' dir='ltr'><strong><em>ab</em></strong></span> <span class='ocrx_word' id='word_1_228' title='bbox 1299 2997 1669 3052; x_wconf 82' lang='lat' dir='ltr'><strong><em>Orientalibus</em></strong></span> <span class='ocrx_word' id='word_1_229' title='bbox 1691 3011 1754 3050; x_wconf 85' lang='lat' dir='ltr'><strong><em>ac</em></strong></span> <span class='ocrx_word' id='word_1_230' title='bbox 1775 2995 2048 3050; x_wconf 87' lang='lat' dir='ltr'><strong><em>Threiciis</em></strong></span> 
     </span>
    </p>
   </div>
   <div class='ocr_carea' id='block_1_36' title="bbox 462 3085 2045 3160">
    <p class='ocr_par' dir='ltr' id='par_1_36' title="bbox 462 3085 2045 3160">
     <span class='ocr_line' id='line_1_36' title="bbox 462 3085 2045 3160; baseline -0.003 -15"><span class='ocrx_word' id='word_1_231' title='bbox 462 3092 754 3146; x_wconf 88' lang='lat' dir='ltr'><strong><em>secludens</em></strong></span> <span class='ocrx_word' id='word_1_232' title='bbox 785 3091 897 3160; x_wconf 66' lang='grc'><strong><em>(54)</em></strong></span> <span class='ocrx_word' id='word_1_233' title='bbox 949 3107 964 3144; x_wconf 88' lang='lat'><strong>:</strong></span> <span class='ocrx_word' id='word_1_234' title='bbox 1003 3089 1191 3142; x_wconf 81' lang='lat' dir='ltr'><strong><em>adhaec</em></strong></span> <span class='ocrx_word' id='word_1_235' title='bbox 1222 3087 1585 3151; x_wconf 85' lang='lat' dir='ltr'><strong><em>maritimum,</em></strong></span> <span class='ocrx_word' id='word_1_236' title='bbox 1627 3095 1685 3142; x_wconf 86' lang='lat' dir='ltr'><strong><em>et</em></strong></span> <span class='ocrx_word' id='word_1_237' title='bbox 1729 3085 1796 3140; x_wconf 88' lang='lat' dir='ltr'><strong><em>ad</em></strong></span> <span class='ocrx_word' id='word_1_238' title='bbox 1844 3087 2045 3141; x_wconf 83' lang='lat' dir='ltr'><strong><em>auxilia</em></strong></span> 
     </span>
    </p>
   </div>
   <div class='ocr_carea' id='block_1_37' title="bbox 461 3181 2045 3252">
    <p class='ocr_par' dir='ltr' id='par_1_37' title="bbox 461 3181 2045 3252">
     <span class='ocr_line' id='line_1_37' title="bbox 461 3181 2045 3252; baseline 0 -17"><span class='ocrx_word' id='word_1_239' title='bbox 461 3184 832 3252; x_wconf 81' lang='lat' dir='ltr'><strong><em>undecunque</em></strong></span> <span class='ocrx_word' id='word_1_240' title='bbox 864 3199 894 3237; x_wconf 93' lang='lat' dir='ltr'><strong>e</strong></span> <span class='ocrx_word' id='word_1_241' title='bbox 950 3182 1105 3236; x_wconf 50' lang='lat' dir='ltr'><strong><em>mari:</em></strong></span> <span class='ocrx_word' id='word_1_242' title='bbox 1141 3181 1465 3250; x_wconf 88' lang='lat' dir='ltr'><strong><em>accipienda</em></strong></span> <span class='ocrx_word' id='word_1_243' title='bbox 1512 3182 1618 3235; x_wconf 90' lang='lat' dir='ltr'><strong><em>situ</em></strong></span> <span class='ocrx_word' id='word_1_244' title='bbox 1673 3181 2045 3236; x_wconf 91' lang='lat' dir='ltr'><strong><em>commodum.</em></strong></span> 
     </span>
    </p>
   </div>
   <div class='ocr_carea' id='block_1_38' title="bbox 463 3273 2046 3342">
    <p class='ocr_par' dir='ltr' id='par_1_38' title="bbox 463 3273 2046 3342">
     <span class='ocr_line' id='line_1_38' title="bbox 463 3273 2046 3342; baseline 0 -14"><span class='ocrx_word' id='word_1_245' title='bbox 463 3276 552 3328; x_wconf 91' lang='lat' dir='ltr'><strong><em>Sic</em></strong></span> <span class='ocrx_word' id='word_1_246' title='bbox 581 3277 798 3328; x_wconf 74' lang='lat' dir='ltr'><strong><em>(lClllllﬂl</em></strong></span> <span class='ocrx_word' id='word_1_247' title='bbox 862 3274 1013 3328; x_wconf 86' lang='lat' dir='ltr'><strong><em>ﬁnita</em></strong></span> <span class='ocrx_word' id='word_1_248' title='bbox 1076 3273 1496 3340; x_wconf 84' lang='lat' dir='ltr'><strong><em>deliberatione,</em></strong></span> <span class='ocrx_word' id='word_1_249' title='bbox 1547 3274 1773 3342; x_wconf 83' lang='lat' dir='ltr'><strong><em>valeque</em></strong></span> <span class='ocrx_word' id='word_1_250' title='bbox 1814 3274 2046 3328; x_wconf 88' lang='lat' dir='ltr'><strong><em>invicem</em></strong></span> 
     </span>
    </p>
   </div>
   <div class='ocr_carea' id='block_1_39' title="bbox 461 3363 2049 3435">
    <p class='ocr_par' dir='ltr' id='par_1_39' title="bbox 461 3363 2049 3435">
     <span class='ocr_line' id='line_1_39' title="bbox 461 3363 2049 3435; baseline 0.001 -17"><span class='ocrx_word' id='word_1_251' title='bbox 461 3365 608 3418; x_wconf 83' lang='lat' dir='ltr'><strong><em>dicto</em></strong></span> <span class='ocrx_word' id='word_1_252' title='bbox 631 3367 766 3433; x_wconf 59' lang='lat'><strong><em>(35),</em></strong></span> <span class='ocrx_word' id='word_1_253' title='bbox 795 3365 1125 3435; x_wconf 80' lang='lat' dir='ltr'><strong><em>Syrgiauues</em></strong></span> <span class='ocrx_word' id='word_1_254' title='bbox 1150 3365 1202 3418; x_wconf 91' lang='lat' dir='ltr'><strong><em>in</em></strong></span> <span class='ocrx_word' id='word_1_255' title='bbox 1230 3363 1489 3430; x_wconf 85' lang='lat' dir='ltr'><strong><em>Thracia,</em></strong></span> <span class='ocrx_word' id='word_1_256' title='bbox 1517 3364 1637 3433; x_wconf 86' lang='lat' dir='ltr'><strong><em>ejus</em></strong></span> <span class='ocrx_word' id='word_1_257' title='bbox 1662 3365 2049 3420; x_wconf 85' lang='lat' dir='ltr'><strong><em>administran-</em></strong></span> 
     </span>
    </p>
   </div>
   <div class='ocr_carea' id='block_1_40' title="bbox 461 3454 2047 3534">
    <p class='ocr_par' dir='ltr' id='par_1_40' title="bbox 461 3454 2047 3534">
     <span class='ocr_line' id='line_1_40' title="bbox 461 3454 2047 3534; baseline 0.002 -24"><span class='ocrx_word' id='word_1_258' title='bbox 461 3457 544 3510; x_wconf 78' lang='lat' dir='ltr'><strong><em>dae</em></strong></span> <span class='ocrx_word' id='word_1_259' title='bbox 569 3472 735 3509; x_wconf 83' lang='lat' dir='ltr'><strong><em>causa</em></strong></span> <span class='ocrx_word' id='word_1_260' title='bbox 769 3456 1029 3509; x_wconf 77' lang='lat' dir='ltr'><strong><em>remansit</em></strong></span> <span class='ocrx_word' id='word_1_261' title='bbox 1057 3473 1069 3508; x_wconf 93' lang='lat'>:</span> <span class='ocrx_word' id='word_1_262' title='bbox 1098 3454 1516 3510; x_wconf 85' lang='lat' dir='ltr'><strong><em>Cantacuzenus</em></strong></span> <span class='ocrx_word' id='word_1_263' title='bbox 1539 3454 2047 3534; x_wconf 55' lang='lat' dir='ltr'><strong><em>Constantinopolin</em></strong></span> 
     </span>
    </p>
   </div>
   <div class='ocr_carea' id='block_1_41' title="bbox 2157 983 3728 1058">
    <p class='ocr_par' dir='ltr' id='par_1_41' title="bbox 2157 983 3728 1058">
     <span class='ocr_line' id='line_1_41' title="bbox 2157 983 3728 1058; baseline 0.002 -23"><span class='ocrx_word' id='word_1_264' title='bbox 2157 999 2227 1037; x_wconf 87' lang='grc' dir='ltr'><strong><em>τα</em></strong></span> <span class='ocrx_word' id='word_1_265' title='bbox 2260 984 2360 1052; x_wconf 83' lang='grc' dir='ltr'>μὲν</span> <span class='ocrx_word' id='word_1_266' title='bbox 2413 983 2618 1053; x_wconf 78' lang='grc' dir='ltr'><strong><em>ἔφησεν</em></strong></span> <span class='ocrx_word' id='word_1_267' title='bbox 2661 985 2689 1035; x_wconf 82' lang='grc' dir='ltr'><strong>ὀ</strong></span> <span class='ocrx_word' id='word_1_268' title='bbox 2739 985 3079 1054; x_wconf 89' lang='grc' dir='ltr'>Συργιάννης</span> <span class='ocrx_word' id='word_1_269' title='bbox 3113 984 3251 1054; x_wconf 82' lang='grc' dir='ltr'>πρὸς</span> <span class='ocrx_word' id='word_1_270' title='bbox 3299 983 3530 1055; x_wconf 85' lang='grc' dir='ltr'><strong><em>γνώμης</em></strong></span> <span class='ocrx_word' id='word_1_271' title='bbox 3574 987 3728 1058; x_wconf 80' lang='grc' dir='ltr'>αὐτῷ</span> 
     </span>
    </p>
   </div>
   <div class='ocr_carea' id='block_1_42' title="bbox 2135 1075 3726 1147">
    <p class='ocr_par' dir='ltr' id='par_1_42' title="bbox 2135 1075 3726 1147">
     <span class='ocr_line' id='line_1_42' title="bbox 2135 1075 3726 1147; baseline 0.002 -21"><span class='ocrx_word' id='word_1_272' title='bbox 2135 1075 2426 1144; x_wconf 83' lang='grc' dir='ltr'>ἐίρῆσθαι,</span> <span class='ocrx_word' id='word_1_273' title='bbox 2479 1078 2572 1130; x_wconf 72' lang='grc' dir='ltr'>καὶ</span> <span class='ocrx_word' id='word_1_274' title='bbox 2608 1078 2774 1130; x_wconf 80' lang='grc' dir='ltr'>πᾶσιν</span> <span class='ocrx_word' id='word_1_275' title='bbox 2809 1076 2884 1132; x_wconf 77' lang='grc' dir='ltr'>ὡς</span> <span class='ocrx_word' id='word_1_276' title='bbox 2921 1076 3105 1138; x_wconf 83' lang='grc' dir='ltr'>καλῶς</span> <span class='ocrx_word' id='word_1_277' title='bbox 3147 1075 3334 1145; x_wconf 74' lang='grc' dir='ltr'>έχουσι</span> <span class='ocrx_word' id='word_1_278' title='bbox 3387 1083 3726 1147; x_wconf 77' lang='grc' dir='ltr'><strong><em>συμφωνεῖν,</em></strong></span> 
     </span>
    </p>
   </div>
   <div class='ocr_carea' id='block_1_43' title="bbox 2134 1165 3724 1241">
    <p class='ocr_par' dir='ltr' id='par_1_43' title="bbox 2134 1165 3724 1241">
     <span class='ocr_line' id='line_1_43' title="bbox 2134 1165 3724 1241; baseline 0.003 -23"><span class='ocrx_word' id='word_1_279' title='bbox 2134 1165 2293 1235; x_wconf 81' lang='grc' dir='ltr'>’πλὴν</span> <span class='ocrx_word' id='word_1_280' title='bbox 2319 1167 2501 1234; x_wconf 79' lang='grc' dir='ltr'>ὀλίγον</span> <span class='ocrx_word' id='word_1_281' title='bbox 2527 1169 2675 1231; x_wconf 86' lang='grc' dir='ltr'>τινδς</span> <span class='ocrx_word' id='word_1_282' title='bbox 2707 1169 2874 1222; x_wconf 80' lang='grc' dir='ltr'>ἐνδεῖν</span> <span class='ocrx_word' id='word_1_283' title='bbox 2900 1170 2982 1220; x_wconf 81' lang='grc' dir='ltr'>ἐτι</span> <span class='ocrx_word' id='word_1_284' title='bbox 3003 1169 3129 1230; x_wconf 83' lang='grc' dir='ltr'>τοὺς</span> <span class='ocrx_word' id='word_1_285' title='bbox 3159 1169 3353 1236; x_wconf 82' lang='grc' dir='ltr'>λόγους</span> <span class='ocrx_word' id='word_1_286' title='bbox 3380 1170 3559 1224; x_wconf 82' lang='grc' dir='ltr'>ὲλθεῖν</span> <span class='ocrx_word' id='word_1_287' title='bbox 3587 1173 3724 1241; x_wconf 66' lang='grc' dir='ltr'>πρὸς</span> 
     </span>
    </p>
   </div>
   <div class='ocr_carea' id='block_1_44' title="bbox 2151 1255 3724 1332">
    <p class='ocr_par' dir='ltr' id='par_1_44' title="bbox 2151 1255 3724 1332">
     <span class='ocr_line' id='line_1_44' title="bbox 2151 1255 3724 1332; baseline 0.006 -26"><span class='ocrx_word' id='word_1_288' title='bbox 2151 1255 2346 1324; x_wconf 80' lang='grc' dir='ltr'><strong><em>πέρας.</em></strong></span> <span class='ocrx_word' id='word_1_289' title='bbox 2381 1257 2623 1332; x_wconf 46' lang='grc' dir='ltr'>Δεῖ,γὰρ</span> <span class='ocrx_word' id='word_1_290' title='bbox 2658 1258 2905 1326; x_wconf 79' lang='grc' dir='ltr'><strong><em>ἐξευρεῖν</em></strong></span> <span class='ocrx_word' id='word_1_291' title='bbox 2935 1259 3086 1322; x_wconf 83' lang='grc' dir='ltr'>ὅπως</span> <span class='ocrx_word' id='word_1_292' title='bbox 3119 1259 3251 1314; x_wconf 87' lang='grc' dir='ltr'>ποτὲ</span> <span class='ocrx_word' id='word_1_293' title='bbox 3283 1261 3378 1314; x_wconf 69' lang='grc' dir='ltr'>καὶ</span> <span class='ocrx_word' id='word_1_294' title='bbox 3413 1262 3535 1331; x_wconf 79' lang='grc' dir='ltr'>ἥτις</span> <span class='ocrx_word' id='word_1_295' title='bbox 3567 1263 3724 1316; x_wconf 79' lang='grc' dir='ltr'>ἔσται</span> 
     </span>
    </p>
   </div>
   <div class='ocr_carea' id='block_1_45' title="bbox 2151 1346 3726 1422">
    <p class='ocr_par' dir='ltr' id='par_1_45' title="bbox 2151 1346 3726 1422">
     <span class='ocr_line' id='line_1_45' title="bbox 2151 1346 3726 1422; baseline 0.007 -25"><span class='ocrx_word' id='word_1_296' title='bbox 2151 1347 2184 1415; x_wconf 82' lang='grc' dir='ltr'>ὴ</span> <span class='ocrx_word' id='word_1_297' title='bbox 2222 1346 2316 1398; x_wconf 81' lang='grc' dir='ltr'>τοῦ</span> <span class='ocrx_word' id='word_1_298' title='bbox 2358 1346 2623 1416; x_wconf 87' lang='grc' dir='ltr'>βασιλέως</span> <span class='ocrx_word' id='word_1_299' title='bbox 2657 1349 2950 1416; x_wconf 85' lang='grc' dir='ltr'>ἀσφάλεια.</span> <span class='ocrx_word' id='word_1_300' title='bbox 2999 1353 3170 1420; x_wconf 81' lang='grc' dir='ltr'><strong><em>Κοινῇ</em></strong></span> <span class='ocrx_word' id='word_1_301' title='bbox 3223 1351 3280 1404; x_wconf 87' lang='grc' dir='ltr'>δὲ</span> <span class='ocrx_word' id='word_1_302' title='bbox 3329 1353 3726 1422; x_wconf 79' lang='grc' dir='ltr'>συνδιασκεψα-</span> 
     </span>
    </p>
   </div>
   <div class='ocr_carea' id='block_1_46' title="bbox 2154 1437 3722 1513">
    <p class='ocr_par' dir='ltr' id='par_1_46' title="bbox 2154 1437 3722 1513">
     <span class='ocr_line' id='line_1_46' title="bbox 2154 1437 3722 1513; baseline 0.005 -25"><span class='ocrx_word' id='word_1_303' title='bbox 2154 1437 2338 1504; x_wconf 80' lang='grc' dir='ltr'><strong>μένοις</strong></span> <span class='ocrx_word' id='word_1_304' title='bbox 2365 1437 2495 1506; x_wconf 79' lang='grc' dir='ltr'>περὶ</span> <span class='ocrx_word' id='word_1_305' title='bbox 2527 1438 2741 1500; x_wconf 83' lang='grc' dir='ltr'>τούτου,</span> <span class='ocrx_word' id='word_1_306' title='bbox 2778 1438 2958 1502; x_wconf 78' lang='grc' dir='ltr'>ἔδοξεν</span> <span class='ocrx_word' id='word_1_307' title='bbox 2991 1441 3324 1510; x_wconf 77' lang='grc' dir='ltr'><strong><em>ἀμφοτέροις</em></strong></span> <span class='ocrx_word' id='word_1_308' title='bbox 3351 1441 3563 1513; x_wconf 84' lang='grc' dir='ltr'>αἵρεσιν</span> <span class='ocrx_word' id='word_1_309' title='bbox 3584 1460 3722 1512; x_wconf 82' lang='grc' dir='ltr'>προ-</span> 
     </span>
    </p>
   </div>
   <div class='ocr_carea' id='block_1_47' title="bbox 2151 1528 3718 1604">
    <p class='ocr_par' dir='ltr' id='par_1_47' title="bbox 2151 1528 3718 1604">
     <span class='ocr_line' id='line_1_47' title="bbox 2151 1528 3718 1604; baseline 0.004 -24"><span class='ocrx_word' id='word_1_310' title='bbox 2151 1528 2324 1581; x_wconf 86' lang='grc' dir='ltr'>θεῖναι</span> <span class='ocrx_word' id='word_1_311' title='bbox 2355 1529 2433 1599; x_wconf 82' lang='grc' dir='ltr'><strong><em>τῷ</em></strong></span> <span class='ocrx_word' id='word_1_312' title='bbox 2473 1531 2577 1600; x_wconf 86' lang='grc' dir='ltr'><strong><em>νέῳ</em></strong></span> <span class='ocrx_word' id='word_1_313' title='bbox 2631 1530 2846 1600; x_wconf 86' lang='grc' dir='ltr'>βασιλεῖ</span> <span class='ocrx_word' id='word_1_314' title='bbox 2872 1531 2981 1584; x_wconf 79' lang='grc' dir='ltr'><strong><em>τῶν</em></strong></span> <span class='ocrx_word' id='word_1_315' title='bbox 3011 1531 3104 1585; x_wconf 79' lang='grc' dir='ltr'><strong><em>δύο</em></strong></span> <span class='ocrx_word' id='word_1_316' title='bbox 3157 1533 3385 1586; x_wconf 85' lang='grc' dir='ltr'>τουτωνὶ</span> <span class='ocrx_word' id='word_1_317' title='bbox 3418 1534 3605 1604; x_wconf 80' lang='grc' dir='ltr'>ἐτέρου</span> <span class='ocrx_word' id='word_1_318' title='bbox 3629 1551 3642 1564; x_wconf 76' lang='grc' dir='ltr'><strong>ο</strong></span> <span class='ocrx_word' id='word_1_319' title='bbox 3686 1536 3718 1604; x_wconf 86' lang='grc' dir='ltr'>ἢ</span> 
     </span>
    </p>
   </div>
   <div class='ocr_carea' id='block_1_48' title="bbox 2151 1607 3734 1696">
    <p class='ocr_par' dir='ltr' id='par_1_48' title="bbox 2151 1607 3734 1696">
     <span class='ocr_line' id='line_1_48' title="bbox 2151 1607 3734 1696; baseline 0.004 -24"><span class='ocrx_word' id='word_1_320' title='bbox 2151 1621 2285 1690; x_wconf 79' lang='grc' dir='ltr'>πρὸς</span> <span class='ocrx_word' id='word_1_321' title='bbox 2319 1622 2416 1691; x_wconf 82' lang='grc' dir='ltr'>τὴν</span> <span class='ocrx_word' id='word_1_322' title='bbox 2458 1622 2736 1692; x_wconf 81' lang='grc' dir='ltr'>Ἀδριανοῦ</span> <span class='ocrx_word' id='word_1_323' title='bbox 2776 1624 3079 1692; x_wconf 76' lang='grc' dir='ltr'>μεταϐῆναι</span> <span class='ocrx_word' id='word_1_324' title='bbox 3126 1624 3304 1686; x_wconf 85' lang='grc' dir='ltr'>πόλιν,</span> <span class='ocrx_word' id='word_1_325' title='bbox 3339 1625 3434 1678; x_wconf 84' lang='grc' dir='ltr'><strong><em>ἆτε</em></strong></span> <span class='ocrx_word' id='word_1_326' title='bbox 3473 1607 3734 1696; x_wconf 46' lang='grc' dir='ltr'>μεγάλην,</span> 
     </span>
    </p>
   </div>
   <div class='ocr_carea' id='block_1_49' title="bbox 2148 1708 3720 1784">
    <p class='ocr_par' dir='ltr' id='par_1_49' title="bbox 2148 1708 3720 1784">
     <span class='ocr_line' id='line_1_49' title="bbox 2148 1708 3720 1784; baseline 0.003 -21"><span class='ocrx_word' id='word_1_327' title='bbox 2148 1708 2313 1766; x_wconf 79' lang='grc' dir='ltr'>οὖσαν</span> <span class='ocrx_word' id='word_1_328' title='bbox 2340 1713 2434 1766; x_wconf 77' lang='grc' dir='ltr'>καὶ</span> <span class='ocrx_word' id='word_1_329' title='bbox 2470 1712 2916 1783; x_wconf 81' lang='grc' dir='ltr'><strong><em>πολυάνθρωπον,</em></strong></span> <span class='ocrx_word' id='word_1_330' title='bbox 2953 1716 3047 1766; x_wconf 76' lang='grc' dir='ltr'>καὶ</span> <span class='ocrx_word' id='word_1_331' title='bbox 3073 1715 3333 1784; x_wconf 84' lang='grc' dir='ltr'>στρατιάν</span> <span class='ocrx_word' id='word_1_332' title='bbox 3357 1715 3458 1768; x_wconf 82' lang='grc' dir='ltr'><strong><em>οὐκ</em></strong></span> <span class='ocrx_word' id='word_1_333' title='bbox 3488 1716 3720 1768; x_wconf 81' lang='grc' dir='ltr'>εὐκατα-</span> 
     </span>
    </p>
   </div>
   <div class='ocr_carea' id='block_1_50' title="bbox 2136 1802 3720 1874">
    <p class='ocr_par' dir='ltr' id='par_1_50' title="bbox 2136 1802 3720 1874">
     <span class='ocr_line' id='line_1_50' title="bbox 2136 1802 3720 1874; baseline 0.002 -19"><span class='ocrx_word' id='word_1_334' title='bbox 2136 1803 2418 1874; x_wconf 86' lang='grc' dir='ltr'>’φρόνητον</span> <span class='ocrx_word' id='word_1_335' title='bbox 2463 1802 2698 1872; x_wconf 78' lang='grc' dir='ltr'>ἔχουσαν</span> <span class='ocrx_word' id='word_1_336' title='bbox 2762 1803 3058 1873; x_wconf 80' lang='grc' dir='ltr'>ἱδρυμένην</span> <span class='ocrx_word' id='word_1_337' title='bbox 3111 1806 3168 1858; x_wconf 82' lang='grc' dir='ltr'><strong><em>έν</em></strong></span> <span class='ocrx_word' id='word_1_338' title='bbox 3213 1805 3379 1874; x_wconf 80' lang='grc' dir='ltr'>ἑαυτῇ</span> <span class='ocrx_word' id='word_1_339' title='bbox 3405 1820 3419 1834; x_wconf 86' lang='grc'><strong>·</strong></span> <span class='ocrx_word' id='word_1_340' title='bbox 3469 1805 3644 1866; x_wconf 82' lang='grc' dir='ltr'>ἄλλως</span> <span class='ocrx_word' id='word_1_341' title='bbox 3673 1804 3720 1858; x_wconf 79' lang='grc' dir='ltr'>θ’</span> 
     </span>
    </p>
   </div>
   <div class='ocr_carea' id='block_1_51' title="bbox 2147 1878 3718 1966">
    <p class='ocr_par' dir='ltr' id='par_1_51' title="bbox 2147 1878 3718 1966">
     <span class='ocr_line' id='line_1_51' title="bbox 2147 1878 3718 1966; baseline 0.003 -20"><span class='ocrx_word' id='word_1_342' title='bbox 2147 1896 2230 1947; x_wconf 85' lang='grc' dir='ltr'>ὅτι</span> <span class='ocrx_word' id='word_1_343' title='bbox 2263 1897 2357 1947; x_wconf 80' lang='grc' dir='ltr'>καὶ</span> <span class='ocrx_word' id='word_1_344' title='bbox 2389 1895 2483 1948; x_wconf 82' lang='grc' dir='ltr'>τοῦ</span> <span class='ocrx_word' id='word_1_345' title='bbox 2516 1895 2785 1962; x_wconf 83' lang='grc' dir='ltr'>βασιλέως</span> <span class='ocrx_word' id='word_1_346' title='bbox 2802 1878 3026 1965; x_wconf 77' lang='grc' dir='ltr'>Μιχαὴλ</span> <span class='ocrx_word' id='word_1_347' title='bbox 3060 1894 3155 1947; x_wconf 83' lang='grc' dir='ltr'><strong><em>τοῦ</em></strong></span> <span class='ocrx_word' id='word_1_348' title='bbox 3191 1896 3394 1966; x_wconf 83' lang='grc' dir='ltr'>πατρὸς</span> <span class='ocrx_word' id='word_1_349' title='bbox 3425 1895 3573 1964; x_wconf 84' lang='grc' dir='ltr'>αὐτῷ</span> <span class='ocrx_word' id='word_1_350' title='bbox 3606 1897 3718 1965; x_wconf 82' lang='lat'><strong><em>(56)</em></strong></span> 
     </span>
    </p>
   </div>
   <div class='ocr_carea' id='block_1_52' title="bbox 2147 1985 3718 2058">
    <p class='ocr_par' dir='ltr' id='par_1_52' title="bbox 2147 1985 3718 2058">
     <span class='ocr_line' id='line_1_52' title="bbox 2147 1985 3718 2058; baseline 0.001 -20"><span class='ocrx_word' id='word_1_351' title='bbox 2147 1986 2338 2054; x_wconf 84' lang='grc' dir='ltr'>χρόνον</span> <span class='ocrx_word' id='word_1_352' title='bbox 2373 1987 2489 2038; x_wconf 82' lang='grc' dir='ltr'>ἐκεῖ</span> <span class='ocrx_word' id='word_1_353' title='bbox 2510 1986 2890 2054; x_wconf 73' lang='grc' dir='ltr'><strong><em>διατρίψαντος</em></strong></span> <span class='ocrx_word' id='word_1_354' title='bbox 2912 1986 3061 2055; x_wconf 80' lang='grc' dir='ltr'>μάλα</span> <span class='ocrx_word' id='word_1_355' title='bbox 3090 1987 3305 2055; x_wconf 87' lang='grc' dir='ltr'>συχνὸν,</span> <span class='ocrx_word' id='word_1_356' title='bbox 3335 1985 3519 2040; x_wconf 79' lang='grc' dir='ltr'>πολλοὶ</span> <span class='ocrx_word' id='word_1_357' title='bbox 3545 2004 3718 2058; x_wconf 69' lang='grc' dir='ltr'>προσ-</span> 
     </span>
    </p>
   </div>
   <div class='ocr_carea' id='block_1_53' title="bbox 2147 2077 3719 2149">
    <p class='ocr_par' dir='ltr' id='par_1_53' title="bbox 2147 2077 3719 2149">
     <span class='ocr_line' id='line_1_53' title="bbox 2147 2077 3719 2149; baseline 0.001 -20"><span class='ocrx_word' id='word_1_358' title='bbox 2147 2079 2396 2145; x_wconf 69' lang='grc' dir='ltr'>εγένοντο</span> <span class='ocrx_word' id='word_1_359' title='bbox 2447 2079 2596 2148; x_wconf 80' lang='grc' dir='ltr'><strong><em>αύτῷ</em></strong></span> <span class='ocrx_word' id='word_1_360' title='bbox 2644 2079 2835 2131; x_wconf 79' lang='grc' dir='ltr'>οἰκεῖοι</span> <span class='ocrx_word' id='word_1_361' title='bbox 2867 2077 2964 2132; x_wconf 73' lang='grc' dir='ltr'>καὶ</span> <span class='ocrx_word' id='word_1_362' title='bbox 3001 2077 3147 2145; x_wconf 87' lang='grc' dir='ltr'>φίλοι</span> <span class='ocrx_word' id='word_1_363' title='bbox 3192 2079 3287 2132; x_wconf 74' lang='grc' dir='ltr'>καὶ</span> <span class='ocrx_word' id='word_1_364' title='bbox 3328 2079 3719 2149; x_wconf 80' lang='grc' dir='ltr'>βουλησόμενοι</span> 
     </span>
    </p>
   </div>
   <div class='ocr_carea' id='block_1_54' title="bbox 2151 2169 3721 2240">
    <p class='ocr_par' dir='ltr' id='par_1_54' title="bbox 2151 2169 3721 2240">
     <span class='ocr_line' id='line_1_54' title="bbox 2151 2169 3721 2240; baseline -0.001 -17"><span class='ocrx_word' id='word_1_365' title='bbox 2151 2172 2296 2238; x_wconf 84' lang='grc' dir='ltr'>μάλα</span> <span class='ocrx_word' id='word_1_366' title='bbox 2331 2169 2632 2240; x_wconf 75' lang='grc' dir='ltr'><strong><em>προθύμως</em></strong></span> <span class='ocrx_word' id='word_1_367' title='bbox 2661 2171 2804 2234; x_wconf 84' lang='grc' dir='ltr'>ὑπὲρ</span> <span class='ocrx_word' id='word_1_368' title='bbox 2858 2171 2952 2224; x_wconf 82' lang='grc' dir='ltr'>τοῦ</span> <span class='ocrx_word' id='word_1_369' title='bbox 3003 2170 3192 2232; x_wconf 81' lang='grc' dir='ltr'>παιδὸς</span> <span class='ocrx_word' id='word_1_370' title='bbox 3223 2170 3389 2225; x_wconf 83' lang='grc' dir='ltr'>αὑτοῦ</span> <span class='ocrx_word' id='word_1_371' title='bbox 3448 2171 3721 2224; x_wconf 64' lang='grc' dir='ltr'>διακινδυ-</span> 
     </span>
    </p>
   </div>
   <div class='ocr_carea' id='block_1_55' title="bbox 2145 2263 3719 2336">
    <p class='ocr_par' dir='ltr' id='par_1_55' title="bbox 2145 2263 3719 2336">
     <span class='ocr_line' id='line_1_55' title="bbox 2145 2263 3719 2336; baseline 0.001 -19"><span class='ocrx_word' id='word_1_372' title='bbox 2145 2263 2426 2334; x_wconf 75' lang='grc' dir='ltr'>νεύεινθῆ</span> <span class='ocrx_word' id='word_1_373' title='bbox 2465 2266 2514 2316; x_wconf 78' lang='grc' dir='ltr'>εί</span> <span class='ocrx_word' id='word_1_374' title='bbox 2567 2263 2644 2334; x_wconf 80' lang='grc' dir='ltr'>μὴ</span> <span class='ocrx_word' id='word_1_375' title='bbox 2683 2263 2842 2317; x_wconf 80' lang='grc' dir='ltr'>τοῦτο</span> <span class='ocrx_word' id='word_1_376' title='bbox 2898 2264 3142 2334; x_wconf 89' lang='grc' dir='ltr'>βούλοιτο</span> <span class='ocrx_word' id='word_1_377' title='bbox 3193 2264 3401 2330; x_wconf 85' lang='grc' dir='ltr'>(δεδιὼς</span> <span class='ocrx_word' id='word_1_378' title='bbox 3459 2265 3536 2328; x_wconf 82' lang='grc' dir='ltr'>ὡς</span> <span class='ocrx_word' id='word_1_379' title='bbox 3564 2265 3612 2317; x_wconf 88' lang='grc' dir='ltr'>εί</span> <span class='ocrx_word' id='word_1_380' title='bbox 3640 2266 3719 2336; x_wconf 80' lang='grc' dir='ltr'>μὴ</span> 
     </span>
    </p>
   </div>
   <div class='ocr_carea' id='block_1_56' title="bbox 2145 2355 3716 2436">
    <p class='ocr_par' dir='ltr' id='par_1_56' title="bbox 2145 2355 3716 2436">
     <span class='ocr_line' id='line_1_56' title="bbox 2145 2355 3716 2436; baseline 0.003 -30"><span class='ocrx_word' id='word_1_381' title='bbox 2145 2356 2284 2424; x_wconf 78' lang='grc' dir='ltr'>πρὸς</span> <span class='ocrx_word' id='word_1_382' title='bbox 2307 2355 2612 2425; x_wconf 80' lang='grc' dir='ltr'>συμϐάσεις</span> <span class='ocrx_word' id='word_1_383' title='bbox 2636 2359 2663 2409; x_wconf 83' lang='grc' dir='ltr'>ὁ</span> <span class='ocrx_word' id='word_1_384' title='bbox 2704 2357 2960 2426; x_wconf 85' lang='grc' dir='ltr'>βασιλεὺς</span> <span class='ocrx_word' id='word_1_385' title='bbox 2989 2360 3084 2412; x_wconf 79' lang='grc' dir='ltr'>καὶ</span> <span class='ocrx_word' id='word_1_386' title='bbox 3123 2359 3350 2422; x_wconf 79' lang='grc' dir='ltr'><strong><em>πάππος</em></strong></span> <span class='ocrx_word' id='word_1_387' title='bbox 3384 2357 3550 2426; x_wconf 83' lang='grc' dir='ltr'>αὐτῷ,</span> <span class='ocrx_word' id='word_1_388' title='bbox 3583 2358 3716 2436; x_wconf 72' lang='grc' dir='ltr'>ἀλλὰ</span> 
     </span>
    </p>
   </div>
   <div class='ocr_carea' id='block_1_57' title="bbox 2145 2449 3721 2522">
    <p class='ocr_par' dir='ltr' id='par_1_57' title="bbox 2145 2449 3721 2522">
     <span class='ocr_line' id='line_1_57' title="bbox 2145 2449 3721 2522; baseline 0.004 -22"><span class='ocrx_word' id='word_1_389' title='bbox 2145 2449 2282 2519; x_wconf 77' lang='grc' dir='ltr'>πρὸς</span> <span class='ocrx_word' id='word_1_390' title='bbox 2319 2450 2556 2518; x_wconf 82' lang='grc' dir='ltr'>πόλεμον</span> <span class='ocrx_word' id='word_1_391' title='bbox 2589 2451 2793 2520; x_wconf 81' lang='grc' dir='ltr'>μᾶλλον</span> <span class='ocrx_word' id='word_1_392' title='bbox 2819 2453 2961 2522; x_wconf 80' lang='grc' dir='ltr'>ὑπὲρ</span> <span class='ocrx_word' id='word_1_393' title='bbox 3010 2451 3070 2504; x_wconf 67' lang='grc' dir='ltr'><strong><em>τὸ</em></strong></span> <span class='ocrx_word' id='word_1_394' title='bbox 3099 2451 3217 2506; x_wconf 85' lang='grc' dir='ltr'>δέον</span> <span class='ocrx_word' id='word_1_395' title='bbox 3250 2454 3495 2522; x_wconf 83' lang='grc' dir='ltr'><strong><em>χωρήσει</em></strong></span> <span class='ocrx_word' id='word_1_396' title='bbox 3548 2469 3721 2520; x_wconf 60' lang='grc' dir='ltr'>παρο-</span> 
     </span>
    </p>
   </div>
   <div class='ocr_carea' id='block_1_58' title="bbox 2149 2539 3722 2615">
    <p class='ocr_par' dir='ltr' id='par_1_58' title="bbox 2149 2539 3722 2615">
     <span class='ocr_line' id='line_1_58' title="bbox 2149 2539 3722 2615; baseline 0.003 -23"><span class='ocrx_word' id='word_1_397' title='bbox 2149 2539 2382 2607; x_wconf 73' lang='grc' dir='ltr'>ξυνθεὶς,</span> <span class='ocrx_word' id='word_1_398' title='bbox 2426 2542 2624 2612; x_wconf 78' lang='grc' dir='ltr'>ῥᾳδίως</span> <span class='ocrx_word' id='word_1_399' title='bbox 2682 2545 2901 2612; x_wconf 86' lang='grc' dir='ltr'><strong><em>σχήσων</em></strong></span> <span class='ocrx_word' id='word_1_400' title='bbox 2943 2543 3203 2614; x_wconf 84' lang='grc' dir='ltr'>στρατιὰς</span> <span class='ocrx_word' id='word_1_401' title='bbox 3260 2544 3463 2614; x_wconf 84' lang='grc' dir='ltr'>συχνάς</span> <span class='ocrx_word' id='word_1_402' title='bbox 3513 2544 3722 2615; x_wconf 74' lang='grc' dir='ltr'>ἐκπέμ-</span> 
     </span>
    </p>
   </div>
   <div class='ocr_carea' id='block_1_59' title="bbox 2145 2630 3724 2705">
    <p class='ocr_par' dir='ltr' id='par_1_59' title="bbox 2145 2630 3724 2705">
     <span class='ocr_line' id='line_1_59' title="bbox 2145 2630 3724 2705; baseline 0.003 -21"><span class='ocrx_word' id='word_1_403' title='bbox 2145 2633 2270 2684; x_wconf 77' lang='grc' dir='ltr'>πειν</span> <span class='ocrx_word' id='word_1_404' title='bbox 2307 2635 2444 2700; x_wconf 67' lang='grc' dir='ltr'>πρὸς</span> <span class='ocrx_word' id='word_1_405' title='bbox 2475 2633 2680 2703; x_wconf 85' lang='grc' dir='ltr'><strong><em>μάχην,</em></strong></span> <span class='ocrx_word' id='word_1_406' title='bbox 2729 2630 2821 2687; x_wconf 72' lang='grc' dir='ltr'><strong><em>οἷα</em></strong></span> <span class='ocrx_word' id='word_1_407' title='bbox 2865 2634 2928 2703; x_wconf 81' lang='grc' dir='ltr'>δὴ</span> <span class='ocrx_word' id='word_1_408' title='bbox 2975 2634 3204 2702; x_wconf 76' lang='grc' dir='ltr'>πλησίον</span> <span class='ocrx_word' id='word_1_409' title='bbox 3233 2634 3402 2704; x_wconf 78' lang='grc' dir='ltr'>οὔσης</span> <span class='ocrx_word' id='word_1_410' title='bbox 3435 2637 3536 2705; x_wconf 82' lang='grc' dir='ltr'>τῆς</span> <span class='ocrx_word' id='word_1_411' title='bbox 3567 2638 3724 2691; x_wconf 84' lang='grc' dir='ltr'>Κων-</span> 
     </span>
    </p>
   </div>
   <div class='ocr_carea' id='block_1_60' title="bbox 2149 2726 3722 2799">
    <p class='ocr_par' dir='ltr' id='par_1_60' title="bbox 2149 2726 3722 2799">
     <span class='ocr_line' id='line_1_60' title="bbox 2149 2726 3722 2799; baseline 0.001 -21"><span class='ocrx_word' id='word_1_412' title='bbox 2149 2730 2477 2797; x_wconf 79' lang='grc' dir='ltr'>σταντίνου),</span> <span class='ocrx_word' id='word_1_413' title='bbox 2526 2728 2662 2796; x_wconf 83' lang='grc' dir='ltr'>πρὸς</span> <span class='ocrx_word' id='word_1_414' title='bbox 2690 2726 2750 2780; x_wconf 80' lang='grc' dir='ltr'>τὸ</span> <span class='ocrx_word' id='word_1_415' title='bbox 2802 2727 2901 2795; x_wconf 84' lang='grc' dir='ltr'>τῆς</span> <span class='ocrx_word' id='word_1_416' title='bbox 2960 2727 3422 2796; x_wconf 74' lang='grc' dir='ltr'>Χριστουπόλεως</span> <span class='ocrx_word' id='word_1_417' title='bbox 3458 2730 3722 2799; x_wconf 82' lang='grc' dir='ltr'>φρούριον</span> 
     </span>
    </p>
   </div>
   <div class='ocr_carea' id='block_1_61' title="bbox 2145 2815 3724 2889">
    <p class='ocr_par' dir='ltr' id='par_1_61' title="bbox 2145 2815 3724 2889">
     <span class='ocr_line' id='line_1_61' title="bbox 2145 2815 3724 2889; baseline 0 -17"><span class='ocrx_word' id='word_1_418' title='bbox 2145 2816 2473 2885; x_wconf 75' lang='grc' dir='ltr'><strong><em>ἀφικέσθαι⁹</em></strong></span> <span class='ocrx_word' id='word_1_419' title='bbox 2507 2815 2625 2884; x_wconf 73' lang='grc' dir='ltr'>ἃμα</span> <span class='ocrx_word' id='word_1_420' title='bbox 2652 2817 2751 2886; x_wconf 76' lang='grc' dir='ltr'>μὲν</span> <span class='ocrx_word' id='word_1_421' title='bbox 2790 2817 2865 2881; x_wconf 81' lang='grc' dir='ltr'>ὡς</span> <span class='ocrx_word' id='word_1_422' title='bbox 2890 2816 2949 2869; x_wconf 82' lang='grc' dir='ltr'>ὃν</span> <span class='ocrx_word' id='word_1_423' title='bbox 2995 2817 3268 2888; x_wconf 64' lang='grc' dir='ltr'>καρτερὸν</span> <span class='ocrx_word' id='word_1_424' title='bbox 3302 2817 3365 2870; x_wconf 77' lang='grc' dir='ltr'>ἐκ</span> <span class='ocrx_word' id='word_1_425' title='bbox 3387 2835 3445 2870; x_wconf 85' lang='grc' dir='ltr'>τε</span> <span class='ocrx_word' id='word_1_426' title='bbox 3477 2821 3577 2888; x_wconf 84' lang='grc' dir='ltr'>τῆς</span> <span class='ocrx_word' id='word_1_427' title='bbox 3618 2821 3724 2889; x_wconf 74' lang='lat' dir='ltr'><strong><em>&lt;th-</em></strong></span> 
     </span>
    </p>
   </div>
   <div class='ocr_carea' id='block_1_62' title="bbox 2148 2907 3720 2980">
    <p class='ocr_par' dir='ltr' id='par_1_62' title="bbox 2148 2907 3720 2980">
     <span class='ocr_line' id='line_1_62' title="bbox 2148 2907 3720 2980; baseline 0.001 -17"><span class='ocrx_word' id='word_1_428' title='bbox 2148 2929 2283 2972; x_wconf 79' lang='lat' dir='ltr'><strong><em>oew;</em></strong></span> <span class='ocrx_word' id='word_1_429' title='bbox 2313 2909 2412 2978; x_wconf 88' lang='grc' dir='ltr'>τῆς</span> <span class='ocrx_word' id='word_1_430' title='bbox 2461 2908 2833 2978; x_wconf 82' lang='grc' dir='ltr'>κατασκευῆς,</span> <span class='ocrx_word' id='word_1_431' title='bbox 2863 2907 3024 2962; x_wconf 81' lang='grc' dir='ltr'>τοῦτό</span> <span class='ocrx_word' id='word_1_432' title='bbox 3054 2925 3159 2961; x_wconf 87' lang='grc' dir='ltr'><strong><em>που</em></strong></span> <span class='ocrx_word' id='word_1_433' title='bbox 3211 2909 3304 2962; x_wconf 75' lang='grc' dir='ltr'>καὶ</span> <span class='ocrx_word' id='word_1_434' title='bbox 3338 2909 3447 2962; x_wconf 82' lang='grc' dir='ltr'><strong><em>τῶν</em></strong></span> <span class='ocrx_word' id='word_1_435' title='bbox 3495 2910 3720 2980; x_wconf 80' lang='grc' dir='ltr'>τειχῶν,</span> 
     </span>
    </p>
   </div>
   <div class='ocr_carea' id='block_1_63' title="bbox 2147 2999 3722 3074">
    <p class='ocr_par' dir='ltr' id='par_1_63' title="bbox 2147 2999 3722 3074">
     <span class='ocr_line' id='line_1_63' title="bbox 2147 2999 3722 3074; baseline -0.001 -17"><span class='ocrx_word' id='word_1_436' title='bbox 2147 3005 2263 3074; x_wconf 76' lang='grc' dir='ltr'>ἅμα</span> <span class='ocrx_word' id='word_1_437' title='bbox 2296 3003 2340 3055; x_wconf 83' lang='grc' dir='ltr'>δ’</span> <span class='ocrx_word' id='word_1_438' title='bbox 2373 3003 2458 3054; x_wconf 84' lang='grc' dir='ltr'>ὅτι</span> <span class='ocrx_word' id='word_1_439' title='bbox 2485 3001 2576 3054; x_wconf 82' lang='grc' dir='ltr'>καὶ</span> <span class='ocrx_word' id='word_1_440' title='bbox 2601 2999 2794 3070; x_wconf 82' lang='grc' dir='ltr'>ὥσπερ</span> <span class='ocrx_word' id='word_1_441' title='bbox 2832 2999 2938 3054; x_wconf 77' lang='grc' dir='ltr'>εἴτι</span> <span class='ocrx_word' id='word_1_442' title='bbox 2965 3001 3214 3071; x_wconf 84' lang='grc' dir='ltr'>κλεῖθρον</span> <span class='ocrx_word' id='word_1_443' title='bbox 3245 3003 3427 3053; x_wconf 86' lang='grc' dir='ltr'>κεῖται</span> <span class='ocrx_word' id='word_1_444' title='bbox 3456 3003 3565 3056; x_wconf 85' lang='grc' dir='ltr'>τῶν</span> <span class='ocrx_word' id='word_1_445' title='bbox 3598 3006 3722 3058; x_wconf 88' lang='grc' dir='ltr'>κλι-</span> 
     </span>
    </p>
   </div>
   <div class='ocr_carea' id='block_1_64' title="bbox 2149 3092 3732 3166">
    <p class='ocr_par' dir='ltr' id='par_1_64' title="bbox 2149 3092 3732 3166">
     <span class='ocr_line' id='line_1_64' title="bbox 2149 3092 3732 3166; baseline -0.001 -18"><span class='ocrx_word' id='word_1_446' title='bbox 2149 3096 2336 3166; x_wconf 85' lang='grc' dir='ltr'>μάτων</span> <span class='ocrx_word' id='word_1_447' title='bbox 2363 3093 2644 3164; x_wconf 80' lang='grc' dir='ltr'>ἑκατέρων</span> <span class='ocrx_word' id='word_1_448' title='bbox 2673 3092 2862 3164; x_wconf 81' lang='grc' dir='ltr'>μέσον,</span> <span class='ocrx_word' id='word_1_449' title='bbox 2891 3093 2991 3165; x_wconf 83' lang='grc' dir='ltr'>τὴν</span> <span class='ocrx_word' id='word_1_450' title='bbox 3014 3093 3246 3162; x_wconf 84' lang='grc' dir='ltr'>δυτικὴν</span> <span class='ocrx_word' id='word_1_451' title='bbox 3287 3094 3543 3163; x_wconf 84' lang='grc' dir='ltr'>στρατιάν</span> <span class='ocrx_word' id='word_1_452' title='bbox 3589 3095 3732 3160; x_wconf 30' lang='grc' dir='ltr'>πολ-ι</span> 
     </span>
    </p>
   </div>
   <div class='ocr_carea' id='block_1_65' title="bbox 2145 3186 3718 3261">
    <p class='ocr_par' dir='ltr' id='par_1_65' title="bbox 2145 3186 3718 3261">
     <span class='ocr_line' id='line_1_65' title="bbox 2145 3186 3718 3261; baseline -0.003 -19"><span class='ocrx_word' id='word_1_453' title='bbox 2145 3191 2244 3261; x_wconf 85' lang='grc' dir='ltr'>λὴν</span> <span class='ocrx_word' id='word_1_454' title='bbox 2271 3206 2395 3241; x_wconf 87' lang='grc' dir='ltr'>τινα</span> <span class='ocrx_word' id='word_1_455' title='bbox 2450 3187 2618 3240; x_wconf 78' lang='grc' dir='ltr'>οὖσαν</span> <span class='ocrx_word' id='word_1_456' title='bbox 2672 3186 2768 3240; x_wconf 76' lang='grc' dir='ltr'>καὶ</span> <span class='ocrx_word' id='word_1_457' title='bbox 2801 3186 2936 3254; x_wconf 79' lang='grc' dir='ltr'>πρὸς</span> <span class='ocrx_word' id='word_1_458' title='bbox 2970 3186 3152 3256; x_wconf 84' lang='grc' dir='ltr'>μάχας</span> <span class='ocrx_word' id='word_1_459' title='bbox 3187 3187 3572 3256; x_wconf 76' lang='grc' dir='ltr'>ἐξησκημένην</span> <span class='ocrx_word' id='word_1_460' title='bbox 3620 3189 3718 3257; x_wconf 81' lang='grc' dir='ltr'>τῆς</span> 
     </span>
    </p>
   </div>
   <div class='ocr_carea' id='block_1_66' title="bbox 2147 3277 3722 3350">
    <p class='ocr_par' dir='ltr' id='par_1_66' title="bbox 2147 3277 3722 3350">
     <span class='ocr_line' id='line_1_66' title="bbox 2147 3277 3722 3350; baseline -0.003 -15"><span class='ocrx_word' id='word_1_461' title='bbox 2147 3284 2210 3335; x_wconf 84' lang='grc' dir='ltr'>ὲκ</span> <span class='ocrx_word' id='word_1_462' title='bbox 2242 3282 2339 3350; x_wconf 79' lang='grc' dir='ltr'>τῆς</span> <span class='ocrx_word' id='word_1_463' title='bbox 2366 3280 2440 3333; x_wconf 82' lang='grc' dir='ltr'><strong><em>’ἑω</em></strong></span> <span class='ocrx_word' id='word_1_464' title='bbox 2473 3279 2570 3333; x_wconf 63' lang='grc' dir='ltr'><strong><em>κα)⁵</em></strong></span> <span class='ocrx_word' id='word_1_465' title='bbox 2600 3280 2698 3349; x_wconf 82' lang='grc' dir='ltr'>τῆς</span> <span class='ocrx_word' id='word_1_466' title='bbox 2760 3278 2986 3350; x_wconf 82' lang='grc' dir='ltr'>Θρᾴκης</span> <span class='ocrx_word' id='word_1_467' title='bbox 3035 3279 3272 3349; x_wconf 87' lang='grc' dir='ltr'>διεῖργον</span> <span class='ocrx_word' id='word_1_468' title='bbox 3296 3296 3310 3310; x_wconf 74' lang='grc' dir='ltr'><strong>ο</strong></span> <span class='ocrx_word' id='word_1_469' title='bbox 3361 3277 3455 3331; x_wconf 81' lang='grc' dir='ltr'>καὶ</span> <span class='ocrx_word' id='word_1_470' title='bbox 3510 3278 3722 3348; x_wconf 74' lang='grc' dir='ltr'><strong><em>τρίτονι</em></strong></span> 
     </span>
    </p>
   </div>
   <div class='ocr_carea' id='block_1_67' title="bbox 2147 3371 3717 3445">
    <p class='ocr_par' dir='ltr' id='par_1_67' title="bbox 2147 3371 3717 3445">
     <span class='ocr_line' id='line_1_67' title="bbox 2147 3371 3717 3445; baseline -0.003 -15"><span class='ocrx_word' id='word_1_471' title='bbox 2147 3379 2229 3430; x_wconf 81' lang='grc' dir='ltr'>ὅτι</span> <span class='ocrx_word' id='word_1_472' title='bbox 2281 3375 2547 3445; x_wconf 86' lang='grc' dir='ltr'>παράλιον</span> <span class='ocrx_word' id='word_1_473' title='bbox 2573 3373 2655 3438; x_wconf 80' lang='grc' dir='ltr'>ὃν,</span> <span class='ocrx_word' id='word_1_474' title='bbox 2687 3375 2781 3426; x_wconf 66' lang='grc' dir='ltr'>καὶ</span> <span class='ocrx_word' id='word_1_475' title='bbox 2815 3374 2912 3442; x_wconf 82' lang='grc' dir='ltr'>τὴν</span> <span class='ocrx_word' id='word_1_476' title='bbox 2947 3374 3010 3426; x_wconf 85' lang='grc' dir='ltr'>ὲκ</span> <span class='ocrx_word' id='word_1_477' title='bbox 3052 3373 3322 3442; x_wconf 61' lang='grc' dir='ltr'>θαλάττης</span> <span class='ocrx_word' id='word_1_478' title='bbox 3356 3371 3717 3442; x_wconf 80' lang='grc' dir='ltr'>ὀθενδήποθεν</span> 
     </span>
    </p>
   </div>
   <div class='ocr_carea' id='block_1_68' title="bbox 2149 3458 3716 3538">
    <p class='ocr_par' dir='ltr' id='par_1_68' title="bbox 2149 3458 3716 3538">
     <span class='ocr_line' id='line_1_68' title="bbox 2149 3458 3716 3538; baseline -0.004 -21"><span class='ocrx_word' id='word_1_479' title='bbox 2149 3465 2417 3534; x_wconf 83' lang='grc' dir='ltr'>εὐκαίρως</span> <span class='ocrx_word' id='word_1_480' title='bbox 2451 3464 2518 3517; x_wconf 83' lang='grc' dir='ltr'>ἂν</span> <span class='ocrx_word' id='word_1_481' title='bbox 2576 3462 2912 3532; x_wconf 87' lang='grc' dir='ltr'>παράσχοιτο</span> <span class='ocrx_word' id='word_1_482' title='bbox 2946 3459 3292 3538; x_wconf 82' lang='grc' dir='ltr'>συμμαχίαν.</span> <span class='ocrx_word' id='word_1_483' title='bbox 3340 3458 3512 3512; x_wconf 81' lang='grc' dir='ltr'>Τοῦτο</span> <span class='ocrx_word' id='word_1_484' title='bbox 3540 3459 3716 3529; x_wconf 68' lang='grc' dir='ltr'>πέρας</span> 
     </span>
    </p>
   </div>
   <div class='ocr_carea' id='block_1_69' title="bbox 460 3537 2041 3625">
    <p class='ocr_par' dir='ltr' id='par_1_69' title="bbox 460 3537 2038 3623">
     <span class='ocr_line' id='line_1_69' title="bbox 460 3537 2038 3623; baseline 0.004 -24"><span class='ocrx_word' id='word_1_485' title='bbox 460 3548 568 3600; x_wconf 87' lang='lat' dir='ltr'><strong><em>iter</em></strong></span> <span class='ocrx_word' id='word_1_486' title='bbox 603 3545 861 3610; x_wconf 87' lang='lat' dir='ltr'><strong><em>intendit,</em></strong></span> <span class='ocrx_word' id='word_1_487' title='bbox 892 3561 1060 3600; x_wconf 82' lang='lat' dir='ltr'><strong><em>uxore</em></strong></span> <span class='ocrx_word' id='word_1_488' title='bbox 1092 3547 1378 3616; x_wconf 87' lang='lat' dir='ltr'><strong><em>Calliopoli</em></strong></span> <span class='ocrx_word' id='word_1_489' title='bbox 1409 3548 1626 3615; x_wconf 82' lang='lat' dir='ltr'><strong><em>relicta,</em></strong></span> <span class='ocrx_word' id='word_1_490' title='bbox 1661 3549 1716 3623; x_wconf 78' lang='lat' dir='ltr'><strong><em>in</em></strong></span> <span class='ocrx_word' id='word_1_491' title='bbox 1746 3537 1856 3618; x_wconf 72' lang='lat' dir='ltr'><strong><em>qua</em></strong></span> <span class='ocrx_word' id='word_1_492' title='bbox 1901 3551 2038 3606; x_wconf 88' lang='lat' dir='ltr'><strong><em>urbe</em></strong></span> 
     </span>
    </p>
   </div>
   <div class='ocr_carea' id='block_1_70' title="bbox 2142 3537 3718 3625">
    <p class='ocr_par' dir='ltr' id='par_1_70' title="bbox 2143 3545 3718 3625">
     <span class='ocr_line' id='line_1_70' title="bbox 2143 3545 3718 3625; baseline -0.007 -16"><span class='ocrx_word' id='word_1_493' title='bbox 2143 3556 2453 3625; x_wconf 71' lang='grc' dir='ltr'>ὶπιθέμενοι</span> <span class='ocrx_word' id='word_1_494' title='bbox 2476 3555 2541 3624; x_wconf 77' lang='grc' dir='ltr'>τῇ</span> <span class='ocrx_word' id='word_1_495' title='bbox 2577 3552 2764 3622; x_wconf 76' lang='grc' dir='ltr'>βουλῇ,</span> <span class='ocrx_word' id='word_1_496' title='bbox 2827 3551 3081 3619; x_wconf 84' lang='grc' dir='ltr'>ἀλλήλοις</span> <span class='ocrx_word' id='word_1_497' title='bbox 3135 3565 3193 3600; x_wconf 87' lang='grc' dir='ltr'>τε</span> <span class='ocrx_word' id='word_1_498' title='bbox 3227 3545 3651 3617; x_wconf 80' lang='grc' dir='ltr'>συνταξάμενοι,</span> <span class='ocrx_word' id='word_1_499' title='bbox 3689 3548 3718 3599; x_wconf 86' lang='grc'>6</span> 
     </span>
    </p>
   </div>
   <div class='ocr_carea' id='block_1_71' title="bbox 462 3637 2042 3711">
    <p class='ocr_par' dir='ltr' id='par_1_71' title="bbox 462 3637 2042 3711">
     <span class='ocr_line' id='line_1_71' title="bbox 462 3637 2042 3711; baseline 0.004 -22"><span class='ocrx_word' id='word_1_500' title='bbox 462 3647 522 3689; x_wconf 98' lang='grc' dir='ltr'><strong><em>ιιι</em></strong></span> <span class='ocrx_word' id='word_1_501' title='bbox 551 3637 848 3705; x_wconf 88' lang='lat' dir='ltr'><strong><em>plurimum</em></strong></span> <span class='ocrx_word' id='word_1_502' title='bbox 881 3637 1362 3703; x_wconf 82' lang='lat' dir='ltr'><strong><em>commorabatur;</em></strong></span> <span class='ocrx_word' id='word_1_503' title='bbox 1391 3639 1590 3707; x_wconf 88' lang='lat' dir='ltr'><strong><em>partim</em></strong></span> <span class='ocrx_word' id='word_1_504' title='bbox 1619 3640 1768 3708; x_wconf 88' lang='lat' dir='ltr'><strong><em>quod</em></strong></span> <span class='ocrx_word' id='word_1_505' title='bbox 1812 3656 1876 3695; x_wconf 84' lang='lat' dir='ltr'><strong><em>ea</em></strong></span> <span class='ocrx_word' id='word_1_506' title='bbox 1914 3657 2042 3711; x_wconf 84' lang='lat' dir='ltr'><strong><em>pro-</em></strong></span> 
     </span>
    </p>
   </div>
   <div class='ocr_carea' id='block_1_72' title="bbox 457 3728 2046 3804">
    <p class='ocr_par' dir='ltr' id='par_1_72' title="bbox 457 3728 2046 3804">
     <span class='ocr_line' id='line_1_72' title="bbox 457 3728 2046 3804; baseline 0.003 -21"><span class='ocrx_word' id='word_1_507' title='bbox 457 3737 584 3798; x_wconf 84' lang='lat' dir='ltr'><strong><em>pter</em></strong></span> <span class='ocrx_word' id='word_1_508' title='bbox 615 3729 983 3783; x_wconf 90' lang='lat' dir='ltr'><strong><em>munitionem</em></strong></span> <span class='ocrx_word' id='word_1_509' title='bbox 1015 3728 1084 3783; x_wconf 88' lang='lat' dir='ltr'><strong><em>ad</em></strong></span> <span class='ocrx_word' id='word_1_510' title='bbox 1117 3729 1484 3785; x_wconf 85' lang='lat' dir='ltr'><strong><em>Barbarorum</em></strong></span> <span class='ocrx_word' id='word_1_511' title='bbox 1528 3732 1872 3803; x_wconf 88' lang='lat' dir='ltr'><strong><em>irruptiones</em></strong></span> <span class='ocrx_word' id='word_1_512' title='bbox 1914 3750 2046 3804; x_wconf 82' lang='lat' dir='ltr'><strong><em>pro-</em></strong></span> 
     </span>
    </p>
   </div>
   <div class='ocr_carea' id='block_1_73' title="bbox 459 3820 2047 3892">
    <p class='ocr_par' dir='ltr' id='par_1_73' title="bbox 459 3820 2047 3892">
     <span class='ocr_line' id='line_1_73' title="bbox 459 3820 2047 3892; baseline 0.006 -19"><span class='ocrx_word' id='word_1_513' title='bbox 459 3820 730 3875; x_wconf 85' lang='lat' dir='ltr'><strong><em>bibeudas</em></strong></span> <span class='ocrx_word' id='word_1_514' title='bbox 777 3821 994 3884; x_wconf 86' lang='lat' dir='ltr'><strong><em>idonea,</em></strong></span> <span class='ocrx_word' id='word_1_515' title='bbox 1048 3822 1245 3892; x_wconf 84' lang='lat' dir='ltr'><strong><em>partim</em></strong></span> <span class='ocrx_word' id='word_1_516' title='bbox 1295 3823 1444 3892; x_wconf 91' lang='lat' dir='ltr'><strong><em>quod</em></strong></span> <span class='ocrx_word' id='word_1_517' title='bbox 1494 3839 1620 3880; x_wconf 90' lang='lat' dir='ltr'><strong><em>cum</em></strong></span> <span class='ocrx_word' id='word_1_518' title='bbox 1667 3835 1780 3881; x_wconf 90' lang='lat' dir='ltr'><strong><em>tota</em></strong></span> <span class='ocrx_word' id='word_1_519' title='bbox 1854 3827 2047 3882; x_wconf 83' lang='lat' dir='ltr'><strong><em>classis</em></strong></span> 
     </span>
    </p>
   </div>
   <div class='ocr_carea' id='block_1_74' title="bbox 458 3913 2044 3984">
    <p class='ocr_par' dir='ltr' id='par_1_74' title="bbox 458 3913 2044 3984">
     <span class='ocr_line' id='line_1_74' title="bbox 458 3913 2044 3984; baseline 0.005 -18"><span class='ocrx_word' id='word_1_520' title='bbox 458 3913 665 3967; x_wconf 80' lang='lat' dir='ltr'><strong><em>ibidem</em></strong></span> <span class='ocrx_word' id='word_1_521' title='bbox 721 3924 910 3980; x_wconf 85' lang='lat' dir='ltr'><strong><em>staret,</em></strong></span> <span class='ocrx_word' id='word_1_522' title='bbox 977 3923 1275 3984; x_wconf 79' lang='lat' dir='ltr'><strong><em>essentque</em></strong></span> <span class='ocrx_word' id='word_1_523' title='bbox 1341 3915 1596 3972; x_wconf 88' lang='lat' dir='ltr'><strong><em>triremes</em></strong></span> <span class='ocrx_word' id='word_1_524' title='bbox 1657 3927 1714 3973; x_wconf 91' lang='lat' dir='ltr'><strong><em>et</em></strong></span> <span class='ocrx_word' id='word_1_525' title='bbox 1775 3919 2044 3974; x_wconf 85' lang='lat' dir='ltr'><strong><em>classiarii</em></strong></span> 
     </span>
    </p>
   </div>
   <div class='ocr_carea' id='block_1_75' title="bbox 458 4003 2044 4078">
    <p class='ocr_par' dir='ltr' id='par_1_75' title="bbox 458 4003 2044 4078">
     <span class='ocr_line' id='line_1_75' title="bbox 458 4003 2044 4078; baseline 0.003 -20"><span class='ocrx_word' id='word_1_526' title='bbox 458 4006 638 4070; x_wconf 86' lang='lat' dir='ltr'><strong><em>multi,</em></strong></span> <span class='ocrx_word' id='word_1_527' title='bbox 672 4004 938 4074; x_wconf 83' lang='lat' dir='ltr'><strong><em>indigenae</em></strong></span> <span class='ocrx_word' id='word_1_528' title='bbox 981 4005 1226 4075; x_wconf 79' lang='lat' dir='ltr'><strong><em>regionis</em></strong></span> <span class='ocrx_word' id='word_1_529' title='bbox 1291 4007 1740 4076; x_wconf 75' lang='lat' dir='ltr'><strong><em>oxspoliabantur</em></strong></span> <span class='ocrx_word' id='word_1_530' title='bbox 1789 4003 1886 4064; x_wconf 68' lang='lat' dir='ltr'><strong><em>ac&#39;</em></strong></span> <span class='ocrx_word' id='word_1_531' title='bbox 1916 4024 2044 4078; x_wconf 87' lang='lat' dir='ltr'><strong><em>pre-</em></strong></span> 
     </span>
    </p>
   </div>
   <div class='ocr_carea' id='block_1_76' title="bbox 459 4095 2043 4168">
    <p class='ocr_par' dir='ltr' id='par_1_76' title="bbox 459 4095 2043 4168">
     <span class='ocr_line' id='line_1_76' title="bbox 459 4095 2043 4168; baseline 0.004 -20"><span class='ocrx_word' id='word_1_532' title='bbox 459 4095 766 4161; x_wconf 67' lang='lat' dir='ltr'><strong><em>mebantur,</em></strong></span> <span class='ocrx_word' id='word_1_533' title='bbox 799 4097 1021 4152; x_wconf 89' lang='lat' dir='ltr'><strong><em>nemine</em></strong></span> <span class='ocrx_word' id='word_1_534' title='bbox 1049 4111 1148 4152; x_wconf 91' lang='lat' dir='ltr'><strong><em>eos</em></strong></span> <span class='ocrx_word' id='word_1_535' title='bbox 1177 4106 1444 4167; x_wconf 88' lang='lat' dir='ltr'><strong><em>terrente,</em></strong></span> <span class='ocrx_word' id='word_1_536' title='bbox 1477 4112 1782 4168; x_wconf 90' lang='lat' dir='ltr'><strong><em>eorumque</em></strong></span> <span class='ocrx_word' id='word_1_537' title='bbox 1804 4099 2043 4165; x_wconf 89' lang='lat' dir='ltr'><strong><em>impetus</em></strong></span> 
     </span>
    </p>
   </div>
   <div class='ocr_carea' id='block_1_77' title="bbox 2150 3639 3714 3717">
    <p class='ocr_par' dir='ltr' id='par_1_77' title="bbox 2150 3639 3714 3717">
     <span class='ocr_line' id='line_1_77' title="bbox 2150 3639 3714 3717; baseline -0.004 -19"><span class='ocrx_word' id='word_1_538' title='bbox 2150 3650 2251 3717; x_wconf 86' lang='grc' dir='ltr'>μὲν</span> <span class='ocrx_word' id='word_1_539' title='bbox 2275 3645 2491 3715; x_wconf 73' lang='grc' dir='ltr'>ἔμεινεν</span> <span class='ocrx_word' id='word_1_540' title='bbox 2527 3645 2586 3696; x_wconf 81' lang='grc' dir='ltr'>ὲν</span> <span class='ocrx_word' id='word_1_541' title='bbox 2611 3643 2802 3714; x_wconf 76' lang='grc' dir='ltr'>Θρᾴκῃ</span> <span class='ocrx_word' id='word_1_542' title='bbox 2831 3641 3034 3710; x_wconf 76' lang='grc' dir='ltr'>ταύτης</span> <span class='ocrx_word' id='word_1_543' title='bbox 3065 3639 3473 3708; x_wconf 70' lang='grc' dir='ltr'>ἐπιτροπεύων.</span> <span class='ocrx_word' id='word_1_544' title='bbox 3507 3639 3714 3692; x_wconf 81' lang='grc' dir='ltr'>Καντα-</span> 
     </span>
    </p>
   </div>
   <div class='ocr_carea' id='block_1_78' title="bbox 2148 3729 3697 3807">
    <p class='ocr_par' dir='ltr' id='par_1_78' title="bbox 2148 3729 3697 3807">
     <span class='ocr_line' id='line_1_78' title="bbox 2148 3729 3697 3807; baseline -0.006 -16"><span class='ocrx_word' id='word_1_545' title='bbox 2148 3737 2413 3807; x_wconf 82' lang='grc' dir='ltr'>κουζηνὸς</span> <span class='ocrx_word' id='word_1_546' title='bbox 2439 3735 2485 3788; x_wconf 86' lang='grc' dir='ltr'>δ’</span> <span class='ocrx_word' id='word_1_547' title='bbox 2517 3737 2546 3788; x_wconf 81' lang='grc' dir='ltr'><strong>ὁ</strong></span> <span class='ocrx_word' id='word_1_548' title='bbox 2575 3735 2752 3804; x_wconf 86' lang='grc' dir='ltr'>μέγας</span> <span class='ocrx_word' id='word_1_549' title='bbox 2784 3733 3108 3807; x_wconf 84' lang='grc' dir='ltr'>δομέστικος</span> <span class='ocrx_word' id='word_1_550' title='bbox 3131 3730 3240 3794; x_wconf 41' lang='grc' dir='ltr'>,τῆς</span> <span class='ocrx_word' id='word_1_551' title='bbox 3271 3731 3409 3799; x_wconf 84' lang='grc' dir='ltr'>πρὸς</span> <span class='ocrx_word' id='word_1_552' title='bbox 3435 3729 3535 3800; x_wconf 78' lang='grc' dir='ltr'>τὴν</span> <span class='ocrx_word' id='word_1_553' title='bbox 3567 3729 3697 3782; x_wconf 73' lang='grc' dir='ltr'>κων</span> 
     </span>
    </p>
   </div>
   <div class='ocr_carea' id='block_1_79' title="bbox 2147 3804 3717 3896">
    <p class='ocr_par' dir='ltr' id='par_1_79' title="bbox 2147 3804 3717 3896">
     <span class='ocr_line' id='line_1_79' title="bbox 2147 3804 3717 3896; baseline -0.006 -15"><span class='ocrx_word' id='word_1_554' title='bbox 2147 3829 2430 3882; x_wconf 86' lang='grc' dir='ltr'>σταντίνου</span> <span class='ocrx_word' id='word_1_555' title='bbox 2491 3825 2761 3896; x_wconf 85' lang='grc' dir='ltr'>φερούσης</span> <span class='ocrx_word' id='word_1_556' title='bbox 2811 3823 3018 3892; x_wconf 68' lang='grc' dir='ltr'>εἴχετο.</span> <span class='ocrx_word' id='word_1_557' title='bbox 3079 3804 3180 3891; x_wconf 69' lang='grc' dir='ltr'>τὴν</span> <span class='ocrx_word' id='word_1_558' title='bbox 3247 3822 3500 3874; x_wconf 90' lang='grc' dir='ltr'>σύνευνον</span> <span class='ocrx_word' id='word_1_559' title='bbox 3569 3818 3717 3890; x_wconf 82' lang='grc' dir='ltr'><strong><em>αὐτῷ</em></strong></span> 
     </span>
    </p>
   </div>
   <div class='ocr_carea' id='block_1_80' title="bbox 2148 3899 3716 3986">
    <p class='ocr_par' dir='ltr' id='par_1_80' title="bbox 2148 3899 3716 3986">
     <span class='ocr_line' id='line_1_80' title="bbox 2148 3899 3716 3986; baseline -0.008 -13"><span class='ocrx_word' id='word_1_560' title='bbox 2148 3916 2466 3973; x_wconf 79' lang='grc' dir='ltr'>καταλιπὼν</span> <span class='ocrx_word' id='word_1_561' title='bbox 2499 3918 2556 3969; x_wconf 79' lang='grc' dir='ltr'>ἐν</span> <span class='ocrx_word' id='word_1_562' title='bbox 2586 3919 2651 3986; x_wconf 77' lang='grc' dir='ltr'>τῇ</span> <span class='ocrx_word' id='word_1_563' title='bbox 2682 3913 2918 3968; x_wconf 83' lang='grc' dir='ltr'>Καλλίου</span> <span class='ocrx_word' id='word_1_564' title='bbox 2951 3911 3107 3965; x_wconf 85' lang='grc' dir='ltr'>πόλει</span> <span class='ocrx_word' id='word_1_565' title='bbox 3129 3925 3144 3940; x_wconf 77' lang='grc'><strong><em>³</em></strong></span> <span class='ocrx_word' id='word_1_566' title='bbox 3182 3913 3242 3964; x_wconf 80' lang='grc' dir='ltr'>ὲν</span> <span class='ocrx_word' id='word_1_567' title='bbox 3267 3899 3440 3982; x_wconf 80' lang='grc' dir='ltr'>ταύτῃ</span> <span class='ocrx_word' id='word_1_568' title='bbox 3467 3909 3576 3979; x_wconf 86' lang='grc' dir='ltr'><strong><em>γὰρ</em></strong></span> <span class='ocrx_word' id='word_1_569' title='bbox 3611 3909 3716 3961; x_wconf 62' lang='lat' dir='ltr'><strong><em>ait.</em></strong></span> 
     </span>
    </p>
   </div>
   <div class='ocr_carea' id='block_1_81' title="bbox 2146 3997 3707 4080">
    <p class='ocr_par' dir='ltr' id='par_1_81' title="bbox 2146 3997 3707 4080">
     <span class='ocr_line' id='line_1_81' title="bbox 2146 3997 3707 4080; baseline -0.006 -21"><span class='ocrx_word' id='word_1_570' title='bbox 2146 4008 2298 4078; x_wconf 78' lang='grc' dir='ltr'>τριϐε</span> <span class='ocrx_word' id='word_1_571' title='bbox 2323 4007 2385 4060; x_wconf 82' lang='grc' dir='ltr'>τὸ</span> <span class='ocrx_word' id='word_1_572' title='bbox 2415 4005 2667 4080; x_wconf 79' lang='grc' dir='ltr'>πλεῖστον</span> <span class='ocrx_word' id='word_1_573' title='bbox 2695 4003 2789 4056; x_wconf 82' lang='grc' dir='ltr'>τοῦ</span> <span class='ocrx_word' id='word_1_574' title='bbox 2815 4003 3008 4074; x_wconf 87' lang='grc' dir='ltr'>χρόνου</span> <span class='ocrx_word' id='word_1_575' title='bbox 3029 4017 3045 4032; x_wconf 73' lang='grc' dir='ltr'><strong>ο</strong></span> <span class='ocrx_word' id='word_1_576' title='bbox 3079 3999 3237 4053; x_wconf 78' lang='grc' dir='ltr'>τοῦτο</span> <span class='ocrx_word' id='word_1_577' title='bbox 3275 3999 3374 4069; x_wconf 77' lang='grc' dir='ltr'>μὲν</span> <span class='ocrx_word' id='word_1_578' title='bbox 3404 3999 3478 4062; x_wconf 81' lang='grc' dir='ltr'>ὡς</span> <span class='ocrx_word' id='word_1_579' title='bbox 3508 3997 3707 4052; x_wconf 70' lang='grc' dir='ltr'>ὲπικαι</span> 
     </span>
    </p>
   </div>
   <div class='ocr_carea' id='block_1_82' title="bbox 2148 4089 3706 4170">
    <p class='ocr_par' dir='ltr' id='par_1_82' title="bbox 2148 4089 3706 4170">
     <span class='ocr_line' id='line_1_82' title="bbox 2148 4089 3706 4170; baseline -0.005 -19"><span class='ocrx_word' id='word_1_580' title='bbox 2148 4116 2258 4170; x_wconf 76' lang='lat' dir='ltr'><strong><em>pm;</em></strong></span> <span class='ocrx_word' id='word_1_581' title='bbox 2283 4097 2502 4168; x_wconf 77' lang='grc' dir='ltr'>ἔχοντος</span> <span class='ocrx_word' id='word_1_582' title='bbox 2535 4095 2628 4170; x_wconf 77' lang='grc' dir='ltr'>τοῦ</span> <span class='ocrx_word' id='word_1_583' title='bbox 2659 4095 2862 4166; x_wconf 80' lang='grc' dir='ltr'>χωρίου</span> <span class='ocrx_word' id='word_1_584' title='bbox 2893 4092 3029 4163; x_wconf 74' lang='grc' dir='ltr'>πρὸς</span> <span class='ocrx_word' id='word_1_585' title='bbox 3060 4090 3160 4154; x_wconf 83' lang='grc' dir='ltr'><strong><em>τὰς</em></strong></span> <span class='ocrx_word' id='word_1_586' title='bbox 3196 4091 3422 4160; x_wconf 71' lang='grc' dir='ltr'>ἐφόδους</span> <span class='ocrx_word' id='word_1_587' title='bbox 3455 4089 3706 4144; x_wconf 75' lang='grc' dir='ltr'>ἀνθίστασ</span> 
     </span>
    </p>
   </div>
   <div class='ocr_carea' id='block_1_83' title="bbox 1733 4215 2482 4306">
    <p class='ocr_par' dir='ltr' id='par_1_83' title="bbox 1733 4215 2482 4306">
     <span class='ocr_line' id='line_1_83' title="bbox 1733 4215 2482 4306; baseline -0.001 -28"><span class='ocrx_word' id='word_1_588' title='bbox 1733 4215 1952 4280; x_wconf 81' lang='lat' dir='ltr'><strong><em>Jacobi</em></strong></span> <span class='ocrx_word' id='word_1_589' title='bbox 1985 4218 2256 4306; x_wconf 84' lang='lat' dir='ltr'><strong><em>Pontani</em></strong></span> <span class='ocrx_word' id='word_1_590' title='bbox 2297 4224 2482 4278; x_wconf 69' lang='lat' dir='ltr'><strong><em>notat.</em></strong></span> 
     </span>
    </p>
   </div>
   <div class='ocr_carea' id='block_1_84' title="bbox 534 4345 2108 4419">
    <p class='ocr_par' dir='ltr' id='par_1_84' title="bbox 534 4345 2108 4419">
     <span class='ocr_line' id='line_1_84' title="bbox 534 4345 2108 4419; baseline 0.002 -19"><span class='ocrx_word' id='word_1_591' title='bbox 534 4349 645 4416; x_wconf 77' lang='lat'><strong><em>(53)</em></strong></span> <span class='ocrx_word' id='word_1_592' title='bbox 686 4345 1023 4400; x_wconf 71' lang='lat' dir='ltr'><strong><em>Orestiailem</em></strong></span> <span class='ocrx_word' id='word_1_593' title='bbox 1056 4356 1212 4419; x_wconf 78' lang='lat' dir='ltr'><strong><em>antea</em></strong></span> <span class='ocrx_word' id='word_1_594' title='bbox 1243 4346 1440 4419; x_wconf 83' lang='lat' dir='ltr'><strong><em>dictam</em></strong></span> <span class='ocrx_word' id='word_1_595' title='bbox 1475 4348 1618 4419; x_wconf 80' lang='lat' dir='ltr'><strong><em>hanc</em></strong></span> <span class='ocrx_word' id='word_1_596' title='bbox 1673 4348 1866 4419; x_wconf 71' lang='lat' dir='ltr'><strong><em>urbem</em></strong></span> <span class='ocrx_word' id='word_1_597' title='bbox 1909 4350 2033 4419; x_wconf 88' lang='lat' dir='ltr'><strong><em>qui-</em></strong></span> <span class='ocrx_word' id='word_1_598' title='bbox 2066 4356 2108 4410; x_wconf 75' lang='grc' dir='ltr'>[ι</span> 
     </span>
    </p>
   </div>
   <div class='ocr_carea' id='block_1_85' title="bbox 461 4417 2028 4473">
    <p class='ocr_par' dir='ltr' id='par_1_85' title="bbox 461 4417 2028 4473">
     <span class='ocr_line' id='line_1_85' title="bbox 461 4417 2028 4473; baseline 0.001 -2"><span class='ocrx_word' id='word_1_599' title='bbox 461 4418 583 4471; x_wconf 84' lang='lat' dir='ltr'><strong><em>dam</em></strong></span> <span class='ocrx_word' id='word_1_600' title='bbox 635 4426 885 4469; x_wconf 86' lang='lat' dir='ltr'><strong><em>auctores</em></strong></span> <span class='ocrx_word' id='word_1_601' title='bbox 916 4427 1062 4470; x_wconf 90' lang='lat' dir='ltr'><strong><em>sunt.</em></strong></span> <span class='ocrx_word' id='word_1_602' title='bbox 1115 4417 1378 4470; x_wconf 83' lang='lat' dir='ltr'><strong><em>Solebant</em></strong></span> <span class='ocrx_word' id='word_1_603' title='bbox 1425 4418 1629 4471; x_wconf 82' lang='lat' dir='ltr'><strong><em>sultani</em></strong></span> <span class='ocrx_word' id='word_1_604' title='bbox 1670 4417 1888 4472; x_wconf 88' lang='lat' dir='ltr'><strong><em>Turcici</em></strong></span> <span class='ocrx_word' id='word_1_605' title='bbox 1927 4417 2028 4473; x_wconf 73' lang='lat' dir='ltr'><strong><em>re-</em></strong></span> 
     </span>
    </p>
   </div>
   <div class='ocr_carea' id='block_1_86' title="bbox 463 4485 2031 4556">
    <p class='ocr_par' dir='ltr' id='par_1_86' title="bbox 463 4485 2031 4556">
     <span class='ocr_line' id='line_1_86' title="bbox 463 4485 2031 4556; baseline 0.002 -18"><span class='ocrx_word' id='word_1_606' title='bbox 463 4501 628 4555; x_wconf 81' lang='lat' dir='ltr'><strong><em>gnum</em></strong></span> <span class='ocrx_word' id='word_1_607' title='bbox 677 4485 948 4556; x_wconf 80' lang='lat' dir='ltr'><strong><em>auspicari</em></strong></span> <span class='ocrx_word' id='word_1_608' title='bbox 979 4486 1033 4538; x_wconf 90' lang='lat' dir='ltr'><strong><em>in</em></strong></span> <span class='ocrx_word' id='word_1_609' title='bbox 1091 4501 1155 4539; x_wconf 84' lang='lat' dir='ltr'><strong><em>ea</em></strong></span> <span class='ocrx_word' id='word_1_610' title='bbox 1190 4486 1407 4538; x_wconf 76' lang='lat' dir='ltr'><strong><em>civitate</em></strong></span> <span class='ocrx_word' id='word_1_611' title='bbox 1438 4525 1451 4547; x_wconf 85' lang='lat'><strong><em>,</em></strong></span> <span class='ocrx_word' id='word_1_612' title='bbox 1510 4503 1630 4556; x_wconf 76' lang='lat' dir='ltr'><strong><em>qua:</em></strong></span> <span class='ocrx_word' id='word_1_613' title='bbox 1677 4488 1837 4542; x_wconf 84' lang='lat' dir='ltr'><strong><em>sedes</em></strong></span> <span class='ocrx_word' id='word_1_614' title='bbox 1884 4497 2031 4543; x_wconf 85' lang='lat' dir='ltr'><strong><em>esset</em></strong></span> 
     </span>
    </p>
   </div>
   <div class='ocr_carea' id='block_1_87' title="bbox 464 4555 2028 4626">
    <p class='ocr_par' dir='ltr' id='par_1_87' title="bbox 464 4555 2028 4626">
     <span class='ocr_line' id='line_1_87' title="bbox 464 4555 2028 4626; baseline 0.002 -17"><span class='ocrx_word' id='word_1_615' title='bbox 464 4557 709 4622; x_wconf 82' lang='lat' dir='ltr'><strong><em>imperii.</em></strong></span> <span class='ocrx_word' id='word_1_616' title='bbox 758 4555 1038 4626; x_wconf 69' lang='lat' dir='ltr'><strong><em>Principio</em></strong></span> <span class='ocrx_word' id='word_1_617' title='bbox 1087 4556 1282 4626; x_wconf 85' lang='lat' dir='ltr'><strong><em>Turcis</em></strong></span> <span class='ocrx_word' id='word_1_618' title='bbox 1331 4555 2028 4626; x_wconf 84' lang='lat' dir='ltr'><strong><em>(captaConstantinopoli</em></strong></span> 
     </span>
    </p>
   </div>
   <div class='ocr_carea' id='block_1_88' title="bbox 464 4624 2026 4694">
    <p class='ocr_par' dir='ltr' id='par_1_88' title="bbox 464 4624 2026 4694">
     <span class='ocr_line' id='line_1_88' title="bbox 464 4624 2026 4694; baseline 0.003 -18"><span class='ocrx_word' id='word_1_619' title='bbox 464 4626 747 4682; x_wconf 70' lang='lat' dir='ltr'><strong><em>videlicet)</em></strong></span> <span class='ocrx_word' id='word_1_620' title='bbox 776 4624 1080 4694; x_wconf 73' lang='lat' dir='ltr'><strong><em>ftiit_Prttsa</em></strong></span> <span class='ocrx_word' id='word_1_621' title='bbox 1126 4625 1413 4694; x_wconf 61' lang='lat' dir='ltr'><strong><em>Bithynice,</em></strong></span> <span class='ocrx_word' id='word_1_622' title='bbox 1452 4627 1614 4694; x_wconf 84' lang='lat' dir='ltr'><strong><em>paulo</em></strong></span> <span class='ocrx_word' id='word_1_623' title='bbox 1641 4637 1766 4680; x_wconf 89' lang='lat' dir='ltr'><strong><em>ante</em></strong></span> <span class='ocrx_word' id='word_1_624' title='bbox 1799 4624 2026 4681; x_wconf 83' lang='lat' dir='ltr'><strong><em>mortem</em></strong></span> 
     </span>
    </p>
   </div>
   <div class='ocr_carea' id='block_1_89' title="bbox 463 4691 2030 4764">
    <p class='ocr_par' dir='ltr' id='par_1_89' title="bbox 463 4691 2030 4764">
     <span class='ocr_line' id='line_1_89' title="bbox 463 4691 2030 4764; baseline 0.004 -20"><span class='ocrx_word' id='word_1_625' title='bbox 463 4694 718 4748; x_wconf 59' lang='lat' dir='ltr'><strong><em>Damonis</em></strong></span> <span class='ocrx_word' id='word_1_626' title='bbox 754 4695 821 4744; x_wconf 80' lang='lat' dir='ltr'><strong><em>ab</em></strong></span> <span class='ocrx_word' id='word_1_627' title='bbox 860 4691 1114 4748; x_wconf 74' lang='lat' dir='ltr'><strong><em>Urchat&#39;te</em></strong></span> <span class='ocrx_word' id='word_1_628' title='bbox 1147 4691 1268 4764; x_wconf 64' lang='lat' dir='ltr'><strong><em>lilio</em></strong></span> <span class='ocrx_word' id='word_1_629' title='bbox 1294 4691 1492 4762; x_wconf 59' lang='lat' dir='ltr'><strong><em>capta,</em></strong></span> <span class='ocrx_word' id='word_1_630' title='bbox 1545 4713 1666 4764; x_wconf 58' lang='lat' dir='ltr'><strong><em>qua!</em></strong></span> <span class='ocrx_word' id='word_1_631' title='bbox 1704 4697 1828 4750; x_wconf 77' lang='lat' dir='ltr'><strong><em>licet</em></strong></span> <span class='ocrx_word' id='word_1_632' title='bbox 1859 4699 2030 4751; x_wconf 86' lang='lat' dir='ltr'><strong><em>hono-</em></strong></span> 
     </span>
    </p>
   </div>
   <div class='ocr_carea' id='block_1_90' title="bbox 464 4763 2026 4834">
    <p class='ocr_par' dir='ltr' id='par_1_90' title="bbox 464 4763 2026 4834">
     <span class='ocr_line' id='line_1_90' title="bbox 464 4763 2026 4834; baseline 0.004 -20"><span class='ocrx_word' id='word_1_633' title='bbox 464 4780 578 4816; x_wconf 90' lang='lat' dir='ltr'><strong><em>rem</em></strong></span> <span class='ocrx_word' id='word_1_634' title='bbox 640 4765 784 4834; x_wconf 84' lang='lat' dir='ltr'><strong><em>hunc</em></strong></span> <span class='ocrx_word' id='word_1_635' title='bbox 827 4779 932 4814; x_wconf 89' lang='lat' dir='ltr'><strong><em>non</em></strong></span> <span class='ocrx_word' id='word_1_636' title='bbox 978 4764 1068 4816; x_wconf 87' lang='lat' dir='ltr'><strong><em>diu</em></strong></span> <span class='ocrx_word' id='word_1_637' title='bbox 1120 4763 1382 4827; x_wconf 90' lang='lat' dir='ltr'><strong><em>retinuit,</em></strong></span> <span class='ocrx_word' id='word_1_638' title='bbox 1443 4779 1510 4817; x_wconf 84' lang='lat' dir='ltr'><strong><em>ex</em></strong></span> <span class='ocrx_word' id='word_1_639' title='bbox 1559 4763 1786 4834; x_wconf 87' lang='lat' dir='ltr'><strong><em>pristina</em></strong></span> <span class='ocrx_word' id='word_1_640' title='bbox 1849 4776 2026 4821; x_wconf 89' lang='lat' dir='ltr'><strong><em>tamen</em></strong></span> 
     </span>
    </p>
   </div>
   <div class='ocr_carea' id='block_1_91' title="bbox 464 4831 2029 4906">
    <p class='ocr_par' dir='ltr' id='par_1_91' title="bbox 464 4831 2029 4906">
     <span class='ocr_line' id='line_1_91' title="bbox 464 4831 2029 4906; baseline 0.005 -24"><span class='ocrx_word' id='word_1_641' title='bbox 464 4831 824 4906; x_wconf 43' lang='lat' dir='ltr'><strong><em>praerogativa</em></strong></span> <span class='ocrx_word' id='word_1_642' title='bbox 862 4834 1096 4897; x_wconf 89' lang='lat' dir='ltr'><strong><em>meruit,</em></strong></span> <span class='ocrx_word' id='word_1_643' title='bbox 1141 4842 1198 4885; x_wconf 89' lang='grc' dir='ltr'><strong><em>ιιι</em></strong></span> <span class='ocrx_word' id='word_1_644' title='bbox 1230 4833 1527 4906; x_wconf 73' lang='lat' dir='ltr'><strong><em>longissimi</em></strong></span> <span class='ocrx_word' id='word_1_645' title='bbox 1560 4831 1822 4904; x_wconf 74' lang='lat' dir='ltr'><strong><em>temporis</em></strong></span> <span class='ocrx_word' id='word_1_646' title='bbox 1851 4838 2029 4906; x_wconf 87' lang='lat' dir='ltr'><strong><em>spatio</em></strong></span> 
     </span>
    </p>
   </div>
   <div class='ocr_carea' id='block_1_92' title="bbox 464 4899 2028 4970">
    <p class='ocr_par' dir='ltr' id='par_1_92' title="bbox 464 4899 2028 4970">
     <span class='ocr_line' id='line_1_92' title="bbox 464 4899 2028 4970; baseline 0.004 -17"><span class='ocrx_word' id='word_1_647' title='bbox 464 4899 664 4953; x_wconf 64' lang='lat' dir='ltr'><strong><em>autumi</em></strong></span> <span class='ocrx_word' id='word_1_648' title='bbox 709 4899 1010 4954; x_wconf 85' lang='lat' dir='ltr'><strong><em>Turcarum</em></strong></span> <span class='ocrx_word' id='word_1_649' title='bbox 1045 4901 1244 4954; x_wconf 88' lang='lat' dir='ltr'><strong><em>mortui</em></strong></span> <span class='ocrx_word' id='word_1_650' title='bbox 1272 4942 1285 4962; x_wconf 86' lang='lat'><strong><em>,</em></strong></span> <span class='ocrx_word' id='word_1_651' title='bbox 1319 4899 1563 4970; x_wconf 80' lang='lat' dir='ltr'><strong><em>paternis</em></strong></span> <span class='ocrx_word' id='word_1_652' title='bbox 1604 4899 1687 4956; x_wconf 54' lang='lat' dir='ltr'><strong><em>et&#39;</em></strong></span> <span class='ocrx_word' id='word_1_653' title='bbox 1710 4899 2028 4960; x_wconf 58' lang='lat' dir='ltr'><strong><em>avitis&#39;istic</em></strong></span> 
     </span>
    </p>
   </div>
   <div class='ocr_carea' id='block_1_93' title="bbox 464 4971 2028 5041">
    <p class='ocr_par' dir='ltr' id='par_1_93' title="bbox 464 4971 2028 5041">
     <span class='ocr_line' id='line_1_93' title="bbox 464 4971 2028 5041; baseline 0.006 -19"><span class='ocrx_word' id='word_1_654' title='bbox 464 4971 878 5041; x_wconf 75' lang='lat' dir='ltr'><strong><em>monumentis,</em></strong></span> <span class='ocrx_word' id='word_1_655' title='bbox 938 4973 1101 5024; x_wconf 86' lang='lat' dir='ltr'><strong><em>etiam</em></strong></span> <span class='ocrx_word' id='word_1_656' title='bbox 1144 4972 1238 5023; x_wconf 83' lang='lat' dir='ltr'><strong><em>diu</em></strong></span> <span class='ocrx_word' id='word_1_657' title='bbox 1277 4981 1400 5041; x_wconf 79' lang='lat' dir='ltr'><strong><em>post</em></strong></span> <span class='ocrx_word' id='word_1_658' title='bbox 1452 4983 1665 5041; x_wconf 87' lang='lat' dir='ltr'><strong><em>captam</em></strong></span> <span class='ocrx_word' id='word_1_659' title='bbox 1717 4973 2028 5031; x_wconf 82' lang='lat' dir='ltr'><strong><em>Constanti-</em></strong></span> 
     </span>
    </p>
   </div>
   <div class='ocr_carea' id='block_1_94' title="bbox 464 5039 2029 5110">
    <p class='ocr_par' dir='ltr' id='par_1_94' title="bbox 464 5039 2029 5110">
     <span class='ocr_line' id='line_1_94' title="bbox 464 5039 2029 5110; baseline 0.004 -18"><span class='ocrx_word' id='word_1_660' title='bbox 464 5042 727 5107; x_wconf 82' lang='lat' dir='ltr'><strong><em>nopolim,</em></strong></span> <span class='ocrx_word' id='word_1_661' title='bbox 759 5039 1127 5110; x_wconf 75' lang='lat' dir='ltr'><strong><em>inferrentur.</em></strong></span> <span class='ocrx_word' id='word_1_662' title='bbox 1172 5039 1470 5110; x_wconf 75' lang='lat' dir='ltr'><strong><em>Postquam</em></strong></span> <span class='ocrx_word' id='word_1_663' title='bbox 1519 5039 1649 5097; x_wconf 76' lang='lat' dir='ltr'><strong><em>vero</em></strong></span> <span class='ocrx_word' id='word_1_664' title='bbox 1702 5048 2029 5099; x_wconf 80' lang='lat' dir='ltr'><strong><em>transvectis</em></strong></span> 
     </span>
    </p>
   </div>
   <div class='ocr_carea' id='block_1_95' title="bbox 465 5108 2030 5178">
    <p class='ocr_par' dir='ltr' id='par_1_95' title="bbox 465 5108 2030 5178">
     <span class='ocr_line' id='line_1_95' title="bbox 465 5108 2030 5178; baseline 0.006 -18"><span class='ocrx_word' id='word_1_665' title='bbox 465 5110 518 5161; x_wconf 86' lang='lat' dir='ltr'><strong><em>in</em></strong></span> <span class='ocrx_word' id='word_1_666' title='bbox 557 5112 824 5176; x_wconf 64' lang='lat' dir='ltr'><strong><em>Europam</em></strong></span> <span class='ocrx_word' id='word_1_667' title='bbox 857 5112 1060 5178; x_wconf 88' lang='lat' dir='ltr'><strong><em>copiis.</em></strong></span> <span class='ocrx_word' id='word_1_668' title='bbox 1089 5108 1335 5164; x_wconf 77' lang='lat' dir='ltr'><strong><em>Murates</em></strong></span> <span class='ocrx_word' id='word_1_669' title='bbox 1357 5112 1396 5174; x_wconf 89' lang='grc' dir='ltr'>Ι,</span> <span class='ocrx_word' id='word_1_670' title='bbox 1430 5108 1698 5166; x_wconf 86' lang='lat' dir='ltr'><strong><em>Urchanis</em></strong></span> <span class='ocrx_word' id='word_1_671' title='bbox 1736 5113 1810 5167; x_wconf 76' lang='lat' dir='ltr'><strong><em>(il.</em></strong></span> <span class='ocrx_word' id='word_1_672' title='bbox 1839 5114 2030 5168; x_wconf 79' lang='lat' dir='ltr'><strong><em>Osma-</em></strong></span> 
     </span>
    </p>
   </div>
   <div class='ocr_carea' id='block_1_96' title="bbox 464 5178 2025 5253">
    <p class='ocr_par' dir='ltr' id='par_1_96' title="bbox 464 5178 2025 5253">
     <span class='ocr_line' id='line_1_96' title="bbox 464 5178 2025 5253; baseline 0.006 -24"><span class='ocrx_word' id='word_1_673' title='bbox 464 5181 552 5253; x_wconf 80' lang='lat' dir='ltr'><strong><em>nis</em></strong></span> <span class='ocrx_word' id='word_1_674' title='bbox 598 5181 662 5232; x_wconf 76' lang='grc' dir='ltr'><strong><em>Ν.</em></strong></span> <span class='ocrx_word' id='word_1_675' title='bbox 727 5178 1172 5253; x_wconf 80' lang='lat' dir='ltr'><strong><em>Ha_driati0p0lim</em></strong></span> <span class='ocrx_word' id='word_1_676' title='bbox 1225 5181 1490 5253; x_wconf 85' lang='lat' dir='ltr'><strong><em>cepisset._</em></strong></span> <span class='ocrx_word' id='word_1_677' title='bbox 1530 5182 1722 5235; x_wconf 85' lang='lat' dir='ltr'><strong><em>eodem</em></strong></span> <span class='ocrx_word' id='word_1_678' title='bbox 1773 5194 1830 5237; x_wconf 91' lang='lat' dir='ltr'><strong><em>et</em></strong></span> <span class='ocrx_word' id='word_1_679' title='bbox 1877 5185 2025 5253; x_wconf 73' lang='lat' dir='ltr'><strong><em>regni</em></strong></span> 
     </span>
    </p>
   </div>
   <div class='ocr_carea' id='block_1_97' title="bbox 463 5250 2026 5320">
    <p class='ocr_par' dir='ltr' id='par_1_97' title="bbox 463 5250 2026 5320">
     <span class='ocr_line' id='line_1_97' title="bbox 463 5250 2026 5320; baseline 0.006 -22"><span class='ocrx_word' id='word_1_680' title='bbox 463 5251 620 5300; x_wconf 74' lang='lat' dir='ltr'><strong><em>sezlcs</em></strong></span> <span class='ocrx_word' id='word_1_681' title='bbox 667 5265 733 5301; x_wconf 80' lang='lat' dir='ltr'><strong><em>ex</em></strong></span> <span class='ocrx_word' id='word_1_682' title='bbox 787 5250 910 5320; x_wconf 80' lang='lat' dir='ltr'><strong><em>Asia</em></strong></span> <span class='ocrx_word' id='word_1_683' title='bbox 961 5250 1350 5318; x_wconf 81' lang='lat' dir='ltr'><strong><em>commigrasse</em></strong></span> <span class='ocrx_word' id='word_1_684' title='bbox 1406 5251 1644 5313; x_wconf 82' lang='lat' dir='ltr'><strong><em>videtur,</em></strong></span> <span class='ocrx_word' id='word_1_685' title='bbox 1704 5253 1850 5320; x_wconf 88' lang='lat' dir='ltr'><strong><em>quod</em></strong></span> <span class='ocrx_word' id='word_1_686' title='bbox 1881 5250 2026 5308; x_wconf 76' lang='lat' dir='ltr'><strong><em>recte</em></strong></span> 
     </span>
    </p>
   </div>
   <div class='ocr_carea' id='block_1_98' title="bbox 463 5319 2030 5383">
    <p class='ocr_par' dir='ltr' id='par_1_98' title="bbox 463 5319 2030 5383">
     <span class='ocr_line' id='line_1_98' title="bbox 463 5319 2030 5383; baseline 0.004 -15"><span class='ocrx_word' id='word_1_687' title='bbox 463 5334 518 5368; x_wconf 67' lang='lat' dir='ltr'><strong><em>si:</em></strong></span> <span class='ocrx_word' id='word_1_688' title='bbox 555 5319 796 5383; x_wconf 72' lang='lat' dir='ltr'><strong><em>[acturos</em></strong></span> <span class='ocrx_word' id='word_1_689' title='bbox 829 5319 1028 5371; x_wconf 89' lang='lat' dir='ltr'><strong><em>sultani</em></strong></span> <span class='ocrx_word' id='word_1_690' title='bbox 1087 5321 1349 5374; x_wconf 89' lang='lat' dir='ltr'><strong><em>ducerent</em></strong></span> <span class='ocrx_word' id='word_1_691' title='bbox 1381 5359 1394 5382; x_wconf 89' lang='lat'><strong><em>,</em></strong></span> <span class='ocrx_word' id='word_1_692' title='bbox 1429 5321 1473 5373; x_wconf 91' lang='lat' dir='ltr'><strong><em>si</em></strong></span> <span class='ocrx_word' id='word_1_693' title='bbox 1521 5321 1684 5375; x_wconf 79' lang='lat' dir='ltr'><strong><em>rebus</em></strong></span> <span class='ocrx_word' id='word_1_694' title='bbox 1726 5319 2030 5376; x_wconf 69' lang='lat' dir='ltr'><strong><em>Anatolicis</em></strong></span> 
     </span>
    </p>
   </div>
   <div class='ocr_carea' id='block_1_99' title="bbox 464 5388 2028 5459">
    <p class='ocr_par' dir='ltr' id='par_1_99' title="bbox 464 5388 2028 5459">
     <span class='ocr_line' id='line_1_99' title="bbox 464 5388 2028 5459; baseline 0.004 -21"><span class='ocrx_word' id='word_1_695' title='bbox 464 5389 569 5454; x_wconf 74' lang='lat' dir='ltr'><strong><em>iam</em></strong></span> <span class='ocrx_word' id='word_1_696' title='bbox 635 5388 1154 5455; x_wconf 80' lang='lat' dir='ltr'><strong><em>tranquillioribus,</em></strong></span> <span class='ocrx_word' id='word_1_697' title='bbox 1208 5390 1545 5459; x_wconf 70' lang='lat' dir='ltr'><strong><em>praecipuum</em></strong></span> <span class='ocrx_word' id='word_1_698' title='bbox 1593 5391 1803 5446; x_wconf 76' lang='lat' dir='ltr'><strong><em>militia:</em></strong></span> <span class='ocrx_word' id='word_1_699' title='bbox 1862 5394 2028 5446; x_wconf 86' lang='lat' dir='ltr'><strong><em>robur</em></strong></span> 
     </span>
    </p>
   </div>
   <div class='ocr_carea' id='block_1_100' title="bbox 463 5459 2023 5526">
    <p class='ocr_par' dir='ltr' id='par_1_100' title="bbox 463 5459 2023 5526">
     <span class='ocr_line' id='line_1_100' title="bbox 463 5459 2023 5526; baseline 0.006 -20"><span class='ocrx_word' id='word_1_700' title='bbox 463 5459 566 5523; x_wconf 74' lang='lat' dir='ltr'><strong><em>iam</em></strong></span> <span class='ocrx_word' id='word_1_701' title='bbox 630 5459 1014 5526; x_wconf 73' lang='lat' dir='ltr'><strong><em>llad‘riauopoli</em></strong></span> <span class='ocrx_word' id='word_1_702' title='bbox 1082 5461 1232 5512; x_wconf 84' lang='lat' dir='ltr'><strong><em>velut</em></strong></span> <span class='ocrx_word' id='word_1_703' title='bbox 1297 5461 1349 5512; x_wconf 90' lang='lat' dir='ltr'><strong><em>in</em></strong></span> <span class='ocrx_word' id='word_1_704' title='bbox 1405 5461 1655 5514; x_wconf 66' lang='lat' dir='ltr'><strong><em>excubiis</em></strong></span> <span class='ocrx_word' id='word_1_705' title='bbox 1714 5462 2023 5516; x_wconf 87' lang='lat' dir='ltr'><strong><em>haberent:</em></strong></span> 
     </span>
    </p>
   </div>
   <div class='ocr_carea' id='block_1_101' title="bbox 387 5527 2026 5597">
    <p class='ocr_par' dir='ltr' id='par_1_101' title="bbox 387 5527 2026 5597">
     <span class='ocr_line' id='line_1_101' title="bbox 387 5527 2026 5597; baseline 0.006 -24"><span class='ocrx_word' id='word_1_706' title='bbox 387 5565 393 5573; x_wconf 95' lang='lat'><strong><em>.</em></strong></span> <span class='ocrx_word' id='word_1_707' title='bbox 464 5527 644 5589; x_wconf 79' lang='lat' dir='ltr'><strong><em>unde,</em></strong></span> <span class='ocrx_word' id='word_1_708' title='bbox 702 5529 993 5582; x_wconf 88' lang='lat' dir='ltr'><strong><em>momentis</em></strong></span> <span class='ocrx_word' id='word_1_709' title='bbox 1045 5545 1228 5582; x_wconf 87' lang='lat' dir='ltr'><strong><em>rerum</em></strong></span> <span class='ocrx_word' id='word_1_710' title='bbox 1275 5546 1342 5582; x_wconf 82' lang='lat' dir='ltr'><strong><em>cx</em></strong></span> <span class='ocrx_word' id='word_1_711' title='bbox 1378 5546 1478 5582; x_wconf 90' lang='lat' dir='ltr'><strong><em>usu</em></strong></span> <span class='ocrx_word' id='word_1_712' title='bbox 1532 5546 1632 5584; x_wconf 90' lang='lat' dir='ltr'><strong><em>suo</em></strong></span> <span class='ocrx_word' id='word_1_713' title='bbox 1665 5533 2026 5597; x_wconf 76' lang='lat' dir='ltr'><strong><em>gerendarum</em></strong></span> 
     </span>
    </p>
   </div>
   <div class='ocr_carea' id='block_1_102' title="bbox 465 5598 2027 5667">
    <p class='ocr_par' dir='ltr' id='par_1_102' title="bbox 465 5598 2027 5667">
     <span class='ocr_line' id='line_1_102' title="bbox 465 5598 2027 5667; baseline 0.008 -24"><span class='ocrx_word' id='word_1_714' title='bbox 465 5598 899 5667; x_wconf 72' lang='lat' dir='ltr'><strong><em>:_i_nimadversis,</em></strong></span> <span class='ocrx_word' id='word_1_715' title='bbox 950 5599 1205 5667; x_wconf 79' lang='lat' dir='ltr'><strong><em>progredi</em></strong></span> <span class='ocrx_word' id='word_1_716' title='bbox 1281 5599 1538 5667; x_wconf 86' lang='lat' dir='ltr'><strong><em>paulatim</em></strong></span> <span class='ocrx_word' id='word_1_717' title='bbox 1600 5601 1799 5665; x_wconf 69' lang='lat' dir='ltr'><strong><em>latius,</em></strong></span> <span class='ocrx_word' id='word_1_718' title='bbox 1859 5610 1915 5654; x_wconf 89' lang='lat' dir='ltr'><strong><em>et</em></strong></span> <span class='ocrx_word' id='word_1_719' title='bbox 1972 5602 2027 5655; x_wconf 84' lang='lat' dir='ltr'><strong><em>in</em></strong></span> 
     </span>
    </p>
   </div>
   <div class='ocr_carea' id='block_1_103' title="bbox 463 5663 1881 5737">
    <p class='ocr_par' dir='ltr' id='par_1_103' title="bbox 463 5663 1881 5737">
     <span class='ocr_line' id='line_1_103' title="bbox 463 5663 1881 5737; baseline 0.006 -22"><span class='ocrx_word' id='word_1_720' title='bbox 463 5663 690 5732; x_wconf 70' lang='lat' dir='ltr'><strong><em>Europa:</em></strong></span> <span class='ocrx_word' id='word_1_721' title='bbox 723 5668 927 5721; x_wconf 85' lang='lat' dir='ltr'><strong><em>viscera</em></strong></span> <span class='ocrx_word' id='word_1_722' title='bbox 952 5663 1196 5737; x_wconf 47' lang='lat' dir='ltr'><strong><em>grassari</em></strong></span> <span class='ocrx_word' id='word_1_723' title='bbox 1221 5663 1461 5737; x_wconf 78' lang='lat' dir='ltr'><strong><em>possent.</em></strong></span> <span class='ocrx_word' id='word_1_724' title='bbox 1497 5663 1881 5724; x_wconf 82' lang='lat' dir='ltr'><strong><em>Leunclavius.</em></strong></span> 
     </span>
    </p>
   </div>
   <div class='ocr_carea' id='block_1_104' title="bbox 2193 4345 3709 4418">
    <p class='ocr_par' dir='ltr' id='par_1_104' title="bbox 2193 4345 3709 4418">
     <span class='ocr_line' id='line_1_104' title="bbox 2193 4345 3709 4418; baseline -0.005 -10"><span class='ocrx_word' id='word_1_725' title='bbox 2193 4349 2320 4418; x_wconf 67' lang='grc' dir='ltr'><strong><em>(δι)</em></strong></span> <span class='ocrx_word' id='word_1_726' title='bbox 2356 4351 2610 4405; x_wconf 83' lang='lat' dir='ltr'><strong><em>Arbitror</em></strong></span> <span class='ocrx_word' id='word_1_727' title='bbox 2668 4349 2734 4403; x_wconf 88' lang='lat' dir='ltr'><strong><em>ad</em></strong></span> <span class='ocrx_word' id='word_1_728' title='bbox 2793 4350 2940 4402; x_wconf 89' lang='lat' dir='ltr'><strong><em>hunc</em></strong></span> <span class='ocrx_word' id='word_1_729' title='bbox 3002 4348 3181 4402; x_wconf 89' lang='lat' dir='ltr'><strong><em>locum</em></strong></span> <span class='ocrx_word' id='word_1_730' title='bbox 3237 4345 3534 4418; x_wconf 76' lang='lat' dir='ltr'><strong><em>pertinere.</em></strong></span> <span class='ocrx_word' id='word_1_731' title='bbox 3571 4347 3709 4418; x_wconf 78' lang='lat' dir='ltr'><strong><em>quod</em></strong></span> 
     </span>
    </p>
   </div>
   <div class='ocr_carea' id='block_1_105' title="bbox 2135 4415 3706 4492">
    <p class='ocr_par' dir='ltr' id='par_1_105' title="bbox 2135 4415 3706 4492">
     <span class='ocr_line' id='line_1_105' title="bbox 2135 4415 3706 4492; baseline -0.003 -20"><span class='ocrx_word' id='word_1_732' title='bbox 2135 4415 2397 4492; x_wconf 79' lang='lat' dir='ltr'><strong><em>scribitur</em></strong></span> <span class='ocrx_word' id='word_1_733' title='bbox 2438 4435 2491 4492; x_wconf 89' lang='lat' dir='ltr'><strong><em>_a</em></strong></span> <span class='ocrx_word' id='word_1_734' title='bbox 2537 4419 2974 4492; x_wconf 50' lang='lat' dir='ltr'><strong><em>Gregorat&#39;lihro</em></strong></span> <span class='ocrx_word' id='word_1_735' title='bbox 3020 4417 3283 4492; x_wconf 67' lang='lat' dir='ltr'><strong><em>septimo.</em></strong></span> <span class='ocrx_word' id='word_1_736' title='bbox 3340 4415 3706 4492; x_wconf 61' lang='lat' dir='ltr'><strong><em>Andronicum</em></strong></span> 
     </span>
    </p>
   </div>
   <div class='ocr_carea' id='block_1_106' title="bbox 2134 4485 3706 4556">
    <p class='ocr_par' dir='ltr' id='par_1_106' title="bbox 2134 4485 3706 4556">
     <span class='ocr_line' id='line_1_106' title="bbox 2134 4485 3706 4556; baseline -0.002 -15"><span class='ocrx_word' id='word_1_737' title='bbox 2134 4489 2405 4542; x_wconf 84' lang='lat' dir='ltr'><strong><em>seniorem</em></strong></span> <span class='ocrx_word' id='word_1_738' title='bbox 2437 4485 2933 4556; x_wconf 48' lang='lat' dir='ltr'><strong><em>longumWnurunf</em></strong></span> <span class='ocrx_word' id='word_1_739' title='bbox 2969 4487 3036 4541; x_wconf 88' lang='lat' dir='ltr'><strong><em>ad</em></strong></span> <span class='ocrx_word' id='word_1_740' title='bbox 3070 4485 3463 4550; x_wconf 81' lang='lat' dir='ltr'><strong><em>Christopolim</em></strong></span> <span class='ocrx_word' id='word_1_741' title='bbox 3485 4555 3492 4556; x_wconf 13' lang='grc' dir='ltr'>ί</span> <span class='ocrx_word' id='word_1_742' title='bbox 3514 4501 3540 4536; x_wconf 86' lang='lat' dir='ltr'><strong><em>a</em></strong></span> <span class='ocrx_word' id='word_1_743' title='bbox 3574 4487 3706 4538; x_wconf 90' lang='lat' dir='ltr'><strong><em>mari</em></strong></span> 
     </span>
    </p>
   </div>
   <div class='ocr_carea' id='block_1_107' title="bbox 2135 4555 3707 4626">
    <p class='ocr_par' dir='ltr' id='par_1_107' title="bbox 2135 4555 3707 4626">
     <span class='ocr_line' id='line_1_107' title="bbox 2135 4555 3707 4626; baseline -0.001 -17"><span class='ocrx_word' id='word_1_744' title='bbox 2135 4573 2306 4626; x_wconf 88' lang='lat' dir='ltr'><strong><em>usque</em></strong></span> <span class='ocrx_word' id='word_1_745' title='bbox 2352 4561 2415 4611; x_wconf 75' lang='lat' dir='ltr'><strong><em>ail</em></strong></span> <span class='ocrx_word' id='word_1_746' title='bbox 2463 4555 2630 4612; x_wconf 73' lang='lat' dir='ltr'><strong><em>vicini</em></strong></span> <span class='ocrx_word' id='word_1_747' title='bbox 2689 4557 2890 4610; x_wconf 84' lang='lat' dir='ltr'><strong><em>montis</em></strong></span> <span class='ocrx_word' id='word_1_748' title='bbox 2943 4573 3205 4610; x_wconf 86' lang='lat' dir='ltr'><strong><em>cacumen</em></strong></span> <span class='ocrx_word' id='word_1_749' title='bbox 3253 4555 3612 4626; x_wconf 76' lang='lat' dir='ltr'><strong><em>exstruxissc,</em></strong></span> <span class='ocrx_word' id='word_1_750' title='bbox 3657 4567 3707 4608; x_wconf 91' lang='lat' dir='ltr'><strong><em>ut</em></strong></span> 
     </span>
    </p>
   </div>
   <div class='ocr_carea' id='block_1_108' title="bbox 2131 4623 3709 4695">
    <p class='ocr_par' dir='ltr' id='par_1_108' title="bbox 2131 4623 3709 4695">
     <span class='ocr_line' id='line_1_108' title="bbox 2131 4623 3709 4695; baseline -0.002 -16"><span class='ocrx_word' id='word_1_751' title='bbox 2131 4623 2285 4680; x_wconf 81' lang='lat' dir='ltr'><strong><em>locus</em></strong></span> <span class='ocrx_word' id='word_1_752' title='bbox 2321 4629 2366 4681; x_wconf 79' lang='lat' dir='ltr'><strong><em>is</em></strong></span> <span class='ocrx_word' id='word_1_753' title='bbox 2410 4645 2466 4682; x_wconf 89' lang='lat' dir='ltr'><strong><em>se</em></strong></span> <span class='ocrx_word' id='word_1_754' title='bbox 2517 4629 2689 4682; x_wconf 90' lang='lat' dir='ltr'><strong><em>invito</em></strong></span> <span class='ocrx_word' id='word_1_755' title='bbox 2719 4643 2942 4695; x_wconf 85' lang='lat' dir='ltr'><strong><em>prorsus</em></strong></span> <span class='ocrx_word' id='word_1_756' title='bbox 2982 4627 3291 4695; x_wconf 84' lang='lat' dir='ltr'><strong><em>inaccessus</em></strong></span> <span class='ocrx_word' id='word_1_757' title='bbox 3317 4633 3470 4695; x_wconf 69' lang='lat' dir='ltr'><strong><em>esset</em></strong></span> <span class='ocrx_word' id='word_1_758' title='bbox 3496 4623 3593 4695; x_wconf 47' lang='lat' dir='ltr'><strong><em>iis.</em></strong></span> <span class='ocrx_word' id='word_1_759' title='bbox 3619 4627 3709 4692; x_wconf 89' lang='lat' dir='ltr'><strong><em>qui</em></strong></span> 
     </span>
    </p>
   </div>
   <div class='ocr_carea' id='block_1_109' title="bbox 2132 4692 3711 4760">
    <p class='ocr_par' dir='ltr' id='par_1_109' title="bbox 2132 4692 3711 4760">
     <span class='ocr_line' id='line_1_109' title="bbox 2132 4692 3711 4760; baseline 0 -12"><span class='ocrx_word' id='word_1_760' title='bbox 2132 4697 2216 4749; x_wconf 84' lang='lat' dir='ltr'><strong><em>vel</em></strong></span> <span class='ocrx_word' id='word_1_761' title='bbox 2263 4713 2291 4750; x_wconf 95' lang='lat' dir='ltr'><strong>e</strong></span> <span class='ocrx_word' id='word_1_762' title='bbox 2329 4699 2558 4750; x_wconf 83' lang='lat' dir='ltr'><strong><em>Thracia</em></strong></span> <span class='ocrx_word' id='word_1_763' title='bbox 2596 4699 2649 4751; x_wconf 89' lang='lat' dir='ltr'><strong><em>in</em></strong></span> <span class='ocrx_word' id='word_1_764' title='bbox 2685 4692 3073 4760; x_wconf 72' lang='lat' dir='ltr'><strong><em>Macedoniam,</em></strong></span> <span class='ocrx_word' id='word_1_765' title='bbox 3119 4694 3203 4748; x_wconf 86' lang='lat' dir='ltr'><strong><em>vel</em></strong></span> <span class='ocrx_word' id='word_1_766' title='bbox 3241 4709 3272 4748; x_wconf 90' lang='lat' dir='ltr'><strong><em>e</em></strong></span> <span class='ocrx_word' id='word_1_767' title='bbox 3316 4692 3628 4747; x_wconf 86' lang='lat' dir='ltr'><strong><em>Macedonia</em></strong></span> <span class='ocrx_word' id='word_1_768' title='bbox 3660 4697 3711 4748; x_wconf 91' lang='lat' dir='ltr'><strong><em>in</em></strong></span> 
     </span>
    </p>
   </div>
   <div class='ocr_carea' id='block_1_110' title="bbox 2133 4765 2865 4822">
    <p class='ocr_par' dir='ltr' id='par_1_110' title="bbox 2133 4765 2865 4822">
     <span class='ocr_line' id='line_1_110' title="bbox 2133 4765 2865 4822; baseline 0.004 -3"><span class='ocrx_word' id='word_1_769' title='bbox 2133 4765 2418 4820; x_wconf 85' lang='lat' dir='ltr'><strong><em>Thraciam</em></strong></span> <span class='ocrx_word' id='word_1_770' title='bbox 2450 4769 2551 4820; x_wconf 86' lang='lat' dir='ltr'><strong><em>iter</em></strong></span> <span class='ocrx_word' id='word_1_771' title='bbox 2576 4767 2865 4822; x_wconf 87' lang='lat' dir='ltr'><strong><em>haberent.</em></strong></span> 
     </span>
    </p>
   </div>
   <div class='ocr_carea' id='block_1_111' title="bbox 2203 4833 3710 4906">
    <p class='ocr_par' dir='ltr' id='par_1_111' title="bbox 2203 4833 3710 4906">
     <span class='ocr_line' id='line_1_111' title="bbox 2203 4833 3710 4906; baseline -0.001 -17"><span class='ocrx_word' id='word_1_772' title='bbox 2203 4837 2315 4905; x_wconf 79' lang='lat'><strong><em>(55)</em></strong></span> <span class='ocrx_word' id='word_1_773' title='bbox 2358 4837 2634 4906; x_wconf 76' lang='grc' dir='ltr'>Ἀλλήλοις</span> <span class='ocrx_word' id='word_1_774' title='bbox 2667 4853 2725 4888; x_wconf 86' lang='grc' dir='ltr'><strong><em>τε</em></strong></span> <span class='ocrx_word' id='word_1_775' title='bbox 2756 4834 3290 4906; x_wconf 56' lang='grc' dir='ltr'>συνταξάμενοιΝρχ</span> <span class='ocrx_word' id='word_1_776' title='bbox 3311 4833 3710 4906; x_wconf 68' lang='grc' dir='ltr'>συιδτάσσεσοαι</span> 
     </span>
    </p>
   </div>
   <div class='ocr_carea' id='block_1_112' title="bbox 2131 4904 3702 4975">
    <p class='ocr_par' dir='ltr' id='par_1_112' title="bbox 2131 4904 3702 4975">
     <span class='ocr_line' id='line_1_112' title="bbox 2131 4904 3702 4975; baseline -0.002 -16"><span class='ocrx_word' id='word_1_777' title='bbox 2131 4907 2303 4960; x_wconf 85' lang='lat' dir='ltr'><strong><em>sacris</em></strong></span> <span class='ocrx_word' id='word_1_778' title='bbox 2330 4904 2692 4975; x_wconf 78' lang='lat' dir='ltr'><strong><em>scriptOribus</em></strong></span> <span class='ocrx_word' id='word_1_779' title='bbox 2725 4908 2866 4958; x_wconf 74' lang='lat' dir='ltr'><strong><em>idem</em></strong></span> <span class='ocrx_word' id='word_1_780' title='bbox 2897 4907 3060 4959; x_wconf 87' lang='lat' dir='ltr'><strong><em>valet.</em></strong></span> <span class='ocrx_word' id='word_1_781' title='bbox 3090 4904 3233 4972; x_wconf 90' lang='lat' dir='ltr'><strong><em>quod</em></strong></span> <span class='ocrx_word' id='word_1_782' title='bbox 3271 4905 3702 4975; x_wconf 75' lang='grc' dir='ltr'>άποτάσσεσθαι,</span> 
     </span>
    </p>
   </div>
   <div class='ocr_carea' id='block_1_113' title="bbox 2130 4973 3713 5044">
    <p class='ocr_par' dir='ltr' id='par_1_113' title="bbox 2130 4973 3713 5044">
     <span class='ocr_line' id='line_1_113' title="bbox 2130 4973 3713 5044; baseline -0.003 -16"><span class='ocrx_word' id='word_1_783' title='bbox 2130 4977 2184 5028; x_wconf 85' lang='lat' dir='ltr'><strong><em>in</em></strong></span> <span class='ocrx_word' id='word_1_784' title='bbox 2201 4973 2681 5044; x_wconf 40' lang='lat' dir='ltr'><strong><em>digressu&#39;s&#39;alutem</em></strong></span> <span class='ocrx_word' id='word_1_785' title='bbox 2713 4976 2902 5028; x_wconf 87' lang='lat' dir='ltr'><strong><em>dicere.</em></strong></span> <span class='ocrx_word' id='word_1_786' title='bbox 2931 4975 3111 5036; x_wconf 81' lang='lat' dir='ltr'><strong><em>Quare</em></strong></span> <span class='ocrx_word' id='word_1_787' title='bbox 3141 4973 3533 5044; x_wconf 80' lang='grc' dir='ltr'>συντακτήριος</span> <span class='ocrx_word' id='word_1_788' title='bbox 3558 4975 3713 5040; x_wconf 85' lang='grc' dir='ltr'>λόγος</span> 
     </span>
    </p>
   </div>
   <div class='ocr_carea' id='block_1_114' title="bbox 2131 5043 3713 5113">
    <p class='ocr_par' dir='ltr' id='par_1_114' title="bbox 2131 5043 3713 5113">
     <span class='ocr_line' id='line_1_114' title="bbox 2131 5043 3713 5113; baseline -0.001 -15"><span class='ocrx_word' id='word_1_789' title='bbox 2131 5044 2378 5113; x_wconf 75' lang='lat' dir='ltr'><strong><em>Gregorii</em></strong></span> <span class='ocrx_word' id='word_1_790' title='bbox 2407 5047 2738 5100; x_wconf 82' lang='lat' dir='ltr'><strong><em>Nazianzeni</em></strong></span> <span class='ocrx_word' id='word_1_791' title='bbox 2757 5049 2976 5096; x_wconf 76' lang='lat' dir='ltr'><strong><em>Centum</em></strong></span> <span class='ocrx_word' id='word_1_792' title='bbox 3005 5043 3398 5113; x_wconf 77' lang='lat' dir='ltr'><strong><em>quinquaginta</em></strong></span> <span class='ocrx_word' id='word_1_793' title='bbox 3441 5043 3713 5110; x_wconf 87' lang='lat' dir='ltr'><strong><em>episc0pis</em></strong></span> 
     </span>
    </p>
   </div>
   <div class='ocr_carea' id='block_1_115' title="bbox 2132 5111 3712 5182">
    <p class='ocr_par' dir='ltr' id='par_1_115' title="bbox 2132 5111 3712 5182">
     <span class='ocr_line' id='line_1_115' title="bbox 2132 5111 3712 5182; baseline -0.001 -16"><span class='ocrx_word' id='word_1_794' title='bbox 2132 5111 2492 5182; x_wconf 77' lang='lat' dir='ltr'><strong><em>pra-sentibus</em></strong></span> <span class='ocrx_word' id='word_1_795' title='bbox 2551 5115 2790 5173; x_wconf 87' lang='lat' dir='ltr'><strong><em>habitus,</em></strong></span> <span class='ocrx_word' id='word_1_796' title='bbox 2843 5124 2924 5165; x_wconf 90' lang='lat' dir='ltr'><strong><em>est</em></strong></span> <span class='ocrx_word' id='word_1_797' title='bbox 2967 5111 3035 5165; x_wconf 75' lang='lat' dir='ltr'><strong><em>ea</em></strong></span> <span class='ocrx_word' id='word_1_798' title='bbox 3085 5111 3478 5182; x_wconf 13' lang='lat' dir='ltr'><strong><em>oratio,rquam</em></strong></span> <span class='ocrx_word' id='word_1_799' title='bbox 3534 5114 3712 5180; x_wconf 89' lang='lat' dir='ltr'><strong><em>primo</em></strong></span> 
     </span>
    </p>
   </div>
   <div class='ocr_carea' id='block_1_116' title="bbox 2131 5181 3714 5252">
    <p class='ocr_par' dir='ltr' id='par_1_116' title="bbox 2131 5181 3714 5252">
     <span class='ocr_line' id='line_1_116' title="bbox 2131 5181 3714 5252; baseline -0.001 -17"><span class='ocrx_word' id='word_1_800' title='bbox 2131 5199 2352 5251; x_wconf 82' lang='lat' dir='ltr'><strong><em>quoque</em></strong></span> <span class='ocrx_word' id='word_1_801' title='bbox 2389 5195 2634 5252; x_wconf 87' lang='lat' dir='ltr'><strong><em>tempore</em></strong></span> <span class='ocrx_word' id='word_1_802' title='bbox 2662 5183 3003 5236; x_wconf 83' lang='lat' dir='ltr'><strong><em>discessurus</em></strong></span> <span class='ocrx_word' id='word_1_803' title='bbox 3054 5181 3450 5252; x_wconf 80' lang='lat' dir='ltr'><strong><em>pronuntiavit,</em></strong></span> <span class='ocrx_word' id='word_1_804' title='bbox 3479 5183 3714 5252; x_wconf 17' lang='lat' dir='ltr'><strong><em>ethepi-</em></strong></span> 
     </span>
    </p>
   </div>
   <div class='ocr_carea' id='block_1_117' title="bbox 2131 5250 3710 5320">
    <p class='ocr_par' dir='ltr' id='par_1_117' title="bbox 2131 5250 3710 5320">
     <span class='ocr_line' id='line_1_117' title="bbox 2131 5250 3710 5320; baseline -0.001 -16"><span class='ocrx_word' id='word_1_805' title='bbox 2131 5250 2434 5320; x_wconf 69' lang='lat' dir='ltr'><strong><em>Scopisillis</em></strong></span> <span class='ocrx_word' id='word_1_806' title='bbox 2459 5250 2738 5308; x_wconf 79' lang='lat' dir='ltr'><strong><em>valedixit.</em></strong></span> <span class='ocrx_word' id='word_1_807' title='bbox 2769 5253 2900 5305; x_wconf 87' lang='lat' dir='ltr'><strong><em>Item</em></strong></span> <span class='ocrx_word' id='word_1_808' title='bbox 2935 5253 3076 5318; x_wconf 88' lang='lat' dir='ltr'><strong><em>apud</em></strong></span> <span class='ocrx_word' id='word_1_809' title='bbox 3106 5251 3520 5320; x_wconf 84' lang='lat' dir='ltr'><strong><em>Damascenum,</em></strong></span> <span class='ocrx_word' id='word_1_810' title='bbox 3546 5250 3710 5314; x_wconf 86' lang='lat' dir='ltr'><strong><em>libro,</em></strong></span> 
     </span>
    </p>
   </div>
   <div class='ocr_carea' id='block_1_118' title="bbox 2132 5319 3711 5388">
    <p class='ocr_par' dir='ltr' id='par_1_118' title="bbox 2132 5319 3711 5388">
     <span class='ocr_line' id='line_1_118' title="bbox 2132 5319 3711 5388; baseline -0.003 -15"><span class='ocrx_word' id='word_1_811' title='bbox 2132 5319 2281 5386; x_wconf 79' lang='lat' dir='ltr'><strong><em>QuOd</em></strong></span> <span class='ocrx_word' id='word_1_812' title='bbox 2334 5327 2527 5376; x_wconf 83' lang='lat' dir='ltr'><strong><em>mortui</em></strong></span> <span class='ocrx_word' id='word_1_813' title='bbox 2577 5323 2856 5376; x_wconf 81' lang='lat' dir='ltr'><strong><em>viventium</em></strong></span> <span class='ocrx_word' id='word_1_814' title='bbox 2902 5320 3164 5388; x_wconf 77' lang='lat' dir='ltr'><strong><em>beneﬁciis</em></strong></span> <span class='ocrx_word' id='word_1_815' title='bbox 3208 5319 3711 5388; x_wconf 63' lang='lat' dir='ltr'><strong><em>juventur,ouv-ca-</em></strong></span> 
     </span>
    </p>
   </div>
   <div class='ocr_carea' id='block_1_119' title="bbox 2132 5387 3714 5463">
    <p class='ocr_par' dir='ltr' id='par_1_119' title="bbox 2132 5387 3714 5463">
     <span class='ocr_line' id='line_1_119' title="bbox 2132 5387 3714 5463; baseline -0.002 -21"><span class='ocrx_word' id='word_1_816' title='bbox 2132 5396 2355 5463; x_wconf 75' lang='grc' dir='ltr'>κτὴριον</span> <span class='ocrx_word' id='word_1_817' title='bbox 2408 5393 2649 5463; x_wconf 80' lang='grc' dir='ltr'>θρηνεῖν,</span> <span class='ocrx_word' id='word_1_818' title='bbox 2685 5401 2798 5463; x_wconf 16' lang='grc' dir='ltr'>ᾲεει</span> <span class='ocrx_word' id='word_1_819' title='bbox 2847 5391 2901 5443; x_wconf 88' lang='lat' dir='ltr'><strong><em>in</em></strong></span> <span class='ocrx_word' id='word_1_820' title='bbox 2949 5391 3144 5463; x_wconf 70' lang='lat' dir='ltr'><strong><em>ultimo</em></strong></span> <span class='ocrx_word' id='word_1_821' title='bbox 3189 5387 3436 5456; x_wconf 84' lang='lat' dir='ltr'><strong><em>digressu</em></strong></span> <span class='ocrx_word' id='word_1_822' title='bbox 3485 5387 3616 5463; x_wconf 69' lang='lat' dir='ltr'><strong><em>ﬂere</em></strong></span> <span class='ocrx_word' id='word_1_823' title='bbox 3651 5402 3714 5440; x_wconf 89' lang='lat' dir='ltr'><strong><em>ac</em></strong></span> 
     </span>
    </p>
   </div>
   <div class='ocr_carea' id='block_1_120' title="bbox 2131 5457 3708 5526">
    <p class='ocr_par' dir='ltr' id='par_1_120' title="bbox 2131 5457 3708 5526">
     <span class='ocr_line' id='line_1_120' title="bbox 2131 5457 3708 5526; baseline -0.001 -15"><span class='ocrx_word' id='word_1_824' title='bbox 2131 5457 2632 5516; x_wconf 53' lang='lat' dir='ltr'><strong><em>lamentarifplura</em></strong></span> <span class='ocrx_word' id='word_1_825' title='bbox 2683 5461 2893 5526; x_wconf 89' lang='lat' dir='ltr'><strong><em>Billius,</em></strong></span> <span class='ocrx_word' id='word_1_826' title='bbox 2935 5457 3204 5513; x_wconf 80' lang='lat' dir='ltr'><strong><em>Obseruat.</em></strong></span> <span class='ocrx_word' id='word_1_827' title='bbox 3264 5473 3470 5510; x_wconf 86' lang='lat' dir='ltr'><strong><em>sacrar.</em></strong></span> <span class='ocrx_word' id='word_1_828' title='bbox 3528 5457 3628 5513; x_wconf 85' lang='lat' dir='ltr'><strong><em>lib.</em></strong></span> <span class='ocrx_word' id='word_1_829' title='bbox 3670 5473 3708 5520; x_wconf 86' lang='grc' dir='ltr'><strong><em>ι,</em></strong></span> 
     </span>
    </p>
   </div>
   <div class='ocr_carea' id='block_1_121' title="bbox 2131 5531 2367 5597">
    <p class='ocr_par' dir='ltr' id='par_1_121' title="bbox 2131 5531 2367 5597">
     <span class='ocr_line' id='line_1_121' title="bbox 2131 5531 2367 5597; baseline 0.008 -15"><span class='ocrx_word' id='word_1_830' title='bbox 2131 5545 2252 5597; x_wconf 86' lang='lat' dir='ltr'><strong><em>cap.</em></strong></span> <span class='ocrx_word' id='word_1_831' title='bbox 2279 5531 2367 5584; x_wconf 65' lang='lat'><strong><em>22.</em></strong></span> 
     </span>
    </p>
   </div>
   <div class='ocr_carea' id='block_1_122' title="bbox 2207 5595 3293 5672">
    <p class='ocr_par' dir='ltr' id='par_1_122' title="bbox 2207 5595 3293 5672">
     <span class='ocr_line' id='line_1_122' title="bbox 2207 5595 3293 5672; baseline -0.005 -18"><span class='ocrx_word' id='word_1_832' title='bbox 2207 5595 2320 5671; x_wconf 76' lang='lat'><strong><em>(56)</em></strong></span> <span class='ocrx_word' id='word_1_833' title='bbox 2353 5602 2429 5655; x_wconf 88' lang='lat' dir='ltr'><strong><em>Ita</em></strong></span> <span class='ocrx_word' id='word_1_834' title='bbox 2459 5601 2657 5672; x_wconf 62' lang='lat' dir='ltr'><strong><em>saepius</em></strong></span> <span class='ocrx_word' id='word_1_835' title='bbox 2682 5617 2780 5672; x_wconf 90' lang='lat' dir='ltr'><strong><em>pro</em></strong></span> <span class='ocrx_word' id='word_1_836' title='bbox 2820 5600 3008 5667; x_wconf 70' lang='grc' dir='ltr'>αὑτοῦ,</span> <span class='ocrx_word' id='word_1_837' title='bbox 3043 5608 3101 5652; x_wconf 92' lang='grc' dir='ltr'><strong><em>ιιι</em></strong></span> <span class='ocrx_word' id='word_1_838' title='bbox 3128 5595 3293 5652; x_wconf 77' lang='lat' dir='ltr'><strong><em>infra.</em></strong></span> 
     </span>
    </p>
   </div>
  </div>
