4106 6292
362 308 434 371 ιη
1530 278 1943 348 HISTORIAF

2044 283 2081 343 ιι
2108 273 2343 344 LIBER
2380 281 2433 345 Ι.
2770 302 2787 313 “
3532 280 3599 346 78

365 423 498 477 σθαι
526 416 637 472 τῶν
667 411 984 485 βαρϐάρων,
1023 404 1182 460 τοῦτο
1223 402 1372 457 δ’ὄτι
1412 399 1508 454 καὶ
1548 399 1643 452 τοῦ
1681 396 1938 452 ναυτικοῦ

2044 397 2359 453 cohibente.
2419 397 2649 469 Nautica
2712 398 2916 469 quippe
2980 397 3222 466 licentia,
3275 396 3398 470 igne
3438 402 3611 470 magis
3668 470 3685 479 ἦ

367 514 575 575 παντὸς
628 510 686 561 ὲν
711 504 887 574 ταύτῃ
962 496 1385 568 κατῳκισμένον
1411 534 1426 558 ,
1492 492 1706 545 πολλῶν
1767 492 1937 543 ὄντων

363 606 641 674 τριηρέων
666 591 1091 665 πληρωμάτων,.
1106 588 1233 651 τοὺς
1285 582 1606 674 ἐγχωρίους
1625 576 1939 674 συνέϐαινεῦ

368 671 632 766 ἁρπαγὰς
685 684 982 753 ὑπομένειν
1035 681 1129 734 καὶ
1183 680 1325 750 βίας,
1359 675 1478 766 γτοῦ
1509 673 1801 766 φοροῦντος
1839 671 1941 723 οὐκ

370 761 527 843 δντος
557 781 651 833 καὶ
678 778 777 840 τὰς
804 772 982 844 ὁρμὰς
1011 768 1321 839 ἐπέχοντος.
1355 762 1607 831 Ναυτικὴ
1631 761 1740 832 γὰρ
1762 761 1939 828 ἀναρ-

368 875 466 946 χία
498 870 798 943 κρείσσων,
836 866 921 928 τις
950 864 1079 931 ἔφη,
1112 860 1307 929 πυρός.
1340 854 1616 946 Κατέλιπε
1641 852 1817 946 δ’ὲκεῖ
1841 849 1940 946 την

366 938 627 1030 γυναῖκα,
654 955 735 1026 τῷ
783 953 961 1007 δοκεῖν
1005 950 1137 1021 μὲν..
1157 949 1233 1011 ὼς
1258 946 1319 998 οὐ
1350 944 1550 1017 ῥᾳδίως
1575 943 1715 1013 ἔχων
1746 938 1943 993 ἐπισύ-

373 1052 564 1123 ρεσθαι
591 1049 691 1118 τὴν
711 1047 1122 1118 γυναικωνῖτιν,
1170 1042 1235 1110 τῇ
1263 1040 1312 1093 δ’
1339 1038 1590 1108 ἀληθείᾳ,
1614 1038 1766 1097 ὅπως
1790 1032 1941 1101 αὑτῷ

364 1143 643 1211 πρόφασιν
679 1137 1037 1207 εὐπρόσωπον
1070 1131 1408 1202 ὑπολίπηται
1439 1130 1489 1183 εί
1529 1128 1639 1182 δέοι
1671 1126 1749 1196 τῷ
1800 1126 1936 1194 Συρ⁹

364 1234 564 1302 γιάννῃ
609 1226 970 1297 συγγενέσθαι
1026 1223 1192 1277 πάλιν
1223 1222 1322 1275 καὶ
1374 1222 1455 1285 είς
1516 1219 1709 1286 λόγους
1736 1216 1937 1271 ἐλθεῖν.

376 1321 583 1376 Ἐλθὼν
632 1320 690 1374 δὲ
734 1320 816 1383 εἰς
855 1316 955 1386 τὴν
986 1313 1428 1378 Κωνσταντίνου,
1461 1312 1560 1366 καὶ
1592 1309 1670 1380 τῷ
1700 1309 1806 1380 νέῳ
1838 1308 1937 1378 βα-

365 1415 510 1468 σιλεϊ
553 1408 900 1483 προσελθὼν,
950 1407 1151 1462 καὶτὰ
1194 1406 1293 1477 τῆς
1334 1404 1531 1476 βουλῆς
1556 1401 1940 1476 ἀπαγγείλας,

276 1552 279 1553 ν
366 1505 451 1559 ἔτι
477 1504 537 1559 δὲ
564 1505 662 1558 καὶ
688 1504 783 1556 τὸν
819 1498 1183 1569 ’Δπόκαυχον,
1212 1498 1385 1567 ἄνδρα
1411 1496 1604 1564 γένους
1652 1494 1753 1562 μὲν
1796 1494 1939 1562 ἀφα-

364 1596 494 1660 νοῦς
521 1597 671 1660 ὄντα,
700 1595 796 1648 καὶ
825 1594 947 1655 ταῖς
973 1589 1084 1645 τῶν
1107 1588 1390 1659 δημοσίων
1419 1586 1684 1657 πράξεσιν
1709 1585 1943 1655 ἠσχολη·

367 1690 533 1760 μένον
594 1686 726 1758 (τῶν
768 1683 1045 1755 δημοσίων
1072 1681 1185 1751 γὰρ
1231 1679 1378 1733 ἁλῶν
1409 1679 1531 1733 τότε
1569 1678 1668 1748 τὴν
1699 1675 1937 1730 διάθεσιν

361 1752 656 1850 inculto),
689 1752 867 1838 άλλως
894 1776 954 1829 δὲ
988 1772 1217 1845 βαθείας
1246 1772 1380 1826 ὄντα
1415 1770 1633 1843 φρενὸς,
1658 1770 1752 1824 καὶ
1779 1768 1939 1823 δυνά⁸
1974 1752 2018 1806 Β

365 1886 534 1945 μενον
559 1870 774 1940 καιροῖς
823 1866 923 1921 καὶ
953 1864 1245 1937 πράγμασι
1286 1862 1546 1934 χρῆσθαι,
1583 1861 1942 1932 προσοικειώ-

364 1980 470 2027 σας
501 1961 580 2033 τῷ
619 1960 855 2032 βασιλεῖ,
896 1957 1061 2029 χάριν
1095 1956 1156 2010 ὲν
1177 1955 1355 2026 τούτῳ
1406 1953 1669 2021 πλείστην
1708 1951 1834 2006 τινὰ
1861 1948 1939 2020 τῷ

364 2056 680 2126 Συργιάννῃ
731 2049 1160 2120 κατατιθέμενος
1190 2043 1281 2118 (ἦν
1303 2047 1415 2118 γὰρ
1437 2045 1602 2108 αὐτὸς
1630 2044 1723 2098 τὸν
1765 2042 1941 2113 μέγαν

364 2148 691 2217 δομέστικον
733 2143 871 2214 περὶ
901 2140 1095 2195 τούτου
1144 2138 1316 2203 πολλά
1364 2135 1849 2208 παρακεκληκὼς),
1871 2127 1941 2187 ἓν

364 2238 540 2293 πᾶσιν
566 2231 716 2314 εἶχεν
748 2232 1073 2288 έπινεύοντα
1119 2232 1215 2285 καὶ
1267 2227 1696 2284 συνευδοκοῦντα
1727 2228 1823 2281 τὸν
1855 2227 1942 2297 βαρ

365 2331 546 2384 σιλέα.
590 2328 717 2391 Τοῖς
744 2324 1191 2398 βεϐουλευμένοις
1212 2323 1269 2377 δὲ
1291 2318 1571 2376 καὶτοῦτο
1600 2318 1942 2389 προσέθηκεν

365 2425 394 2477 ὁ
432 2420 706 2492 βασιλεὺς,
736 2420 841 2485 ὅτι,
879 2418 953 2471 Τὸ
986 2418 1088 2488 μὲν
1117 2416 1252 2487 ἡμῖν
1286 2415 1471 2478 αὐτοῖς
1507 2411 1608 2484 τὴν
1634 2410 1940 2480 ἀσφάλειαν

370 2516 796 2587 προετοιμάσαι,
851 2511 980 2564 ὥστ’
1037 2508 1182 2580 ἔχειν
1239 2505 1532 2576 ἀποφυγὴν
1577 2504 1686 2558 τῶν
1750 2504 1939 2558 δεινῶν

367 2608 658 2669 δπιόντων,
706 2605 800 2659 καὶ
858 2601 969 2656 τῶν
1019 2602 1163 2655 πάνυ
1218 2599 1610 2668 συμφερόντων
1660 2592 1800 2650 εῖναι
1848 2612 1943 2664 μοι

366 2701 518 2754 δοκεῖ
550 2696 649 2751 καὶ
678 2696 789 2749 τῶν
823 2691 1141 2762 ἀναγκαίων
1164 2707 1178 2722 ο
1209 2690 1292 2743 διὸ
1316 2690 1411 2743 καὶ
1440 2688 1602 2741 τοῦτο
1630 2685 1739 2758 χρὴ
1768 2701 1941 2739 σπου-

364 2792 526 2845 δάσαι
568 2787 850 2858 προῦργου
883 2784 1088 2848 παντὸς
1114 2784 1198 2847 είς
1234 2782 1413 2854 πέρας
1452 2781 1581 2835 ίδείν
1611 2779 1765 2834 ἐλθόν
1788 2794 1802 2808 ο
1843 2795 1942 2848 με·

367 2881 709 2952 γαλοψυχίας
763 2878 821 2933 δὲ
866 2876 961 2931 καὶ
1011 2876 1314 2948 καρτερίας
1371 2872 1529 2927 οὐδὲν
1574 2869 1893 2925 ὲλλιπέσθαι
1921 2908 1937 2934 ,

365 2974 484 3029 ἀλλ’
518 2973 647 3043 άχρι
675 2969 770 3026 καὶ
794 2969 967 3039 αὐτῆς
1004 2968 1438 3039 διακαρτερῆσαι
1465 2964 1568 3035 τῆς
1612 2964 1799 3035 ἀκμῆς
1829 2962 1941 3017 τῶν

2042 488 2230 558 rapida
2281 496 2336 543 et
2375 488 2641 544 indomita
2687 500 2794 557 est,
2844 499 2904 545 ut
2955 489 3093 544 dixit
3147 490 3417 559 quispiam
3471 492 3609 561 (57).

2041 579 2285 649 Reliquit
2301 589 2481 635 autem
2504 581 2619 635 illic
2647 596 2870 637 uxorem
2889 597 3014 635 cum
3039 580 3258 634 feminis
3272 579 3608 648 honorariis,

2040 686 2149 725 non
2195 687 2357 740 posse
2411 672 2707 748 mulierum
2753 687 2973 742 gregem
3024 686 3212 727 secum
3269 673 3488 728 trahere
3537 675 3613 729 si-

2042 764 2275 818 mulans.
2312 766 2513 819 Verum
2566 764 2622 819 id
2665 765 2880 835 agebat,
2930 772 2990 819 ut
3039 765 3341 835 speciosam
3392 768 3613 821 causam

2042 865 2340 925 prtetexere
2389 856 2603 923 liceret,
2637 858 2682 911 si
2737 855 3039 928 Syrgianne
3093 859 3293 913 iterum
3343 868 3614 914 convento

2041 959 2181 1016 opus
2209 948 2377 1012 foret;
2424 963 2483 1003 se
2523 949 2669 1003 enim
2718 957 2943 1018 propter
2994 948 3341 1006 uxorem"eo
3393 953 3613 1007 venisse

2041 1036 2253 1092 diceret
2312 1038 2446 1108 (58).
2501 1039 2796 1108 Postquam
2861 1051 3044 1094 autem
3101 1042 3614 1114 Constantinopolin

2043 1130 2325 1199 ingressus
2385 1140 2802 1201 est,'nepotem
2868 1132 3257 1202 imperatorem
3307 1136 3442 1203 adit,
3496 1155 3618 1208 quae

2042 1219 2342 1291 deliberata
2383 1220 2604 1276 fuerant
2645 1223 2855 1291 pandit,
2888 1223 3305 1294 Apocauchum,
3335 1226 3613 1282 hominem

2042 1314 2262 1383 quidem
2299 1314 2473 1368 infimi
2498 1314 2733 1380 ordinis,
2769 1331 2833 1371 ac
2861 1317 3095 1386 publicis
3128 1317 3504 1375 functionibus
3525 1304 3639 1375 oc"

2042 1411 2301 1473 cupatum
2334 1406 2473 1473 (tum
2513 1405 2661 1459 enim
2685 1405 2828 1461 forte
2866 1407 2945 1461 rei
2973 1408 3185 1463 salaria:
3235 1410 3615 1479 praefecturam

2041 1495 2309 1566 gerebat),
2338 1497 2545 1567 alioqui
2604 1498 2903 1554 reconditae
2954 1500 3286 1578 prudentiae,
3348 1503 3615 1558 scientem

2041 1589 2122 1645 uti
2152 1588 2294 1655 foro,
2323 1598 2378 1643 et
2406 1603 2649 1646 actorem
2673 1590 3020 1661 negotiorum
3056 1608 3163 1648 non
3192 1588 3532 1662 incallidum,
3563 1595 3618 1652 ei

2042 1695 2143 1749 pro
2177 1680 2433 1737 familiari
2465 1683 2834 1751 commendat,
2876 1684 3238 1742 vehementer
3274 1685 3331 1741 in
3370 1701 3437 1742 eo
3484 1687 3616 1760 Syr-

2043 1771 2232 1841 gianni
2263 1772 2577 1841 gratificans
2602 1789 2618 1838 ;
2648 1774 2846 1845 saepius
2874 1776 3023 1830 enim
3057 1791 3123 1832 ea
3146 1777 3216 1833 de
3251 1790 3312 1834 re
3356 1793 3617 1849 magnum

2042 1864 2405 1920 domesticum
2459 1876 2769 1936 rogaverat.
2813 1868 2999 1940 Nepos
3048 1885 3279 1928 assensu
3325 1872 3620 1929 confirmat

2040 1955 2246 2021 omnia,
2302 1958 2369 2013 iis
2415 1966 2601 2014 autem
2653 1974 2776 2028 qua:
2822 1962 2977 2031 prius
3025 1963 3248 2020 fuerant
3292 1964 3615 2034 deliberata,

2042 2047 2231 2117 adjicit
2254 2047 2373 2104 haec
2399 2063 2415 2104 :
2442 2049 2519 2104 De
2547 2049 2670 2105 loco
2701 2059 2839 2114 tuto,
2895 2050 2963 2106 ad
3009 2067 3173 2122 quem
3207 2055 3366 2112 malis
3410 2072 3618 2129 urgen-

2043 2136 2193 2193 tibus
2254 2137 2601 2209 perfugiant.
2662 2143 2938 2210 provideri
2993 2143 3290 2201 admodum
3349 2147 3486 2204 utile
3554 2163 3620 2205 ac

2039 2230 2415 2285 necessarium
2448 2245 2591 2286 esse.
2624 2231 2836 2289 Idcirco
2875 2219 3115 2291 dandam
3160 2237 3455 2308 diligenter
3487 2257 3620 2312 ope-

2042 2335 2185 2384 rem,
2213 2330 2272 2376 ut
2300 2321 2355 2376 id
2404 2333 2531 2377 ante
2575 2324 2760 2377 omnia
2801 2325 3106 2401 perfectum
3155 2331 3545 2400 conspiciatur.
3573 2333 3621 2389 Α

2044 2413 2426 2484 magnitudine
2449 2413 2638 2482 animi,
2665 2425 2721 2470 et
2746 2416 3036 2472 tolerantia
3061 2433 3165 2474 nec
3186 2420 3356 2475 latum
3378 2437 3617 2493 unguem
3666 2411 3683 2431 ⁸

2043 2503 2463 2570 discedendum,
2491 2506 2592 2558 sed
2623 2521 2798 2576 usque
2847 2508 2925 2585 ad_
2959 2508 3138 2578 ipsum
3181 2511 3476 2567 articulum
3505 2516 3620 2570 dis-

2041 2595 2288 2649 criminis
2316 2597 2368 2649 in
2396 2596 2611 2664 incepto
2639 2599 3065 2666 persistendum.
3103 2599 3160 2657 Si
3204 2603 3480 2673 patientia:
3505 2620 3621 2662 suae

2040 2688 2281 2743 fructum
2306 2689 2544 2759 aliquem
2572 2693 2900 2761 percipiant,
2943 2709 3076 2749 sene
3118 2694 3349 2751 forsitan
3388 2698 3621 2754 consilia

2039 2779 2100 2835 in
2131 2781 2330 2836 melius
2360 2792 2628 2846 mutante,
2651 2793 2709 2839 et
2733 2800 2763 2838 a
2794 2785 3073 2841 meditatis
3107 2787 3161 2841 in
3210 2788 3359 2859 ipsos
3397 2791 3622 2845 sceleri-

2042 2868 2501 2938 bus-desistente,
2533 2873 2671 2930 nihil
2706 2874 2946 2943 optatius
2966 2890 3131 2945 posse
3158 2876 3295 2932 fieri.
3318 2876 3410 2933 Sin
3432 2889 3619 2935 autem

2043 2961 2206 3017 aliter
2232 2977 2322 3017 res
2355 2963 2535 3028 cadat,
2569 2965 2675 3020 hoc
2724 2966 2918 3022 saltem
2961 2969 3187 3023 omnino
3228 2969 3333 3023 sibi
3385 2981 3617 3038 restare,

364 3068 630 3121 κινδύνων
658 3065 918 3134 μένοντας
942 3062 1034 3115 ἐπὶ
1060 3062 1170 3114 τῶν
1195 3058 1482 3131 προτέρων
1508 3073 1523 3089 ·
1553 3055 1656 3111 κᾶν
1684 3057 1786 3126 μέν
1812 3071 1939 3110 τινα

2048 3064 2108 3110 ιιι
2177 3070 2247 3111 ne
2294 3057 2609 3127 arrogantia
2658 3067 2714 3113 et
2772 3060 3098 3128 temeritate,
3153 3077 3333 3132 neque
3380 3064 3619 3121 habendi

366 3160 593 3229 σχῶμεν
620 3156 723 3226 τῆς
766 3152 1070 3224 καρτερίας
1103 3147 1337 3223 καρπὸν,
1377 3148 1472 3205 τοῦ
1506 3147 1773 3220 βασιλέως
1810 3148 1941 3210 ἴσως

367 3248 793 3323 μεταϐαλόντος.
846 3245 942 3299 καὶ
992 3245 1103 3297 τῶν
1162 3242 1559 3314 μελετωμένων
1610 3239 1734 3295 καθ’
1781 3239 1942 3311 ἡμῶν

364 3341 757 3412 παυσαμένων,
811 3335 1078 3395 πάντοθεν
1110 3335 1179 3390 ἂν
1211 3334 1327 3405 ἔχοι
1390 3332 1592 3397 καλῶς.
1644 3331 1706 3385 Et
1740 3329 1788 3384 δ’
1823 3327 1940 3397 οὖν,

361 3435 504 3492 ἀλλὰ
537 3432 700 3487 τοῦτό
726 3447 792 3501 γε
824 3432 960 3501 ἡμῖν
986 3427 1277 3500 περιέσται
1301 3426 1540 3492 πάντως,
1572 3425 1635 3481 τδ
1667 3424 1744 3497 μὴ
1761 3425 1942 3480 δοκεῖν

365 3527 633 3600 αὐθαδείᾳ
663 3523 1117 3603 καὶθθρασύτητι
1175 3519 1397 3593 τρόπων
1456 3517 1599 3590 μηδὶ
1651 3518 1941 3588 πλεονεξίᾳ

2045 3146 2345 3217 cupiditate
2397 3158 2453 3204 et
2491 3165 2677 3205 amore
2715 3150 3031 3207 dominandi
3082 3163 3271 3209 contra
3309 3170 3472 3211 avum
3522 3159 3623 3211 im-

2045 3249 2354 3311 peratorem
2420 3242 2791 3298 insurrexisse
2839 3243 3170 3311 videantur;
3230 3245 3331 3299 sed
3401 3245 3621 3317 injuriis

2042 3333 2326 3404 exagitati,
2353 3341 2408 3388 et
2453 3333 2720 3388 extremis
2757 3333 2999 3389 aﬂlictati
3046 3336 3437 3403 incommodis,
3485 3356 3624 3411 pra:-

2041 3426 2223 3483 visum
2274 3425 2506 3482 exitium
2551 3424 2796 3497 effugere
2851 3426 3097 3484 voluisse
3147 3429 3494 3500 iudicentur.
3556 3433 3624 3488 Et

2042 3516 2320 3572 hactenus
2349 3516 2573 3587 quidem
2604 3517 2908 3587 imperator
2938 3532 3137 3589 nepos.

316 3666 319 3667 ν
364 3621 597 3694 γνώμης
651 3620 749 3674 καὶ
784 3616 1074 3689 φιλαρχίᾳ,
1121 3616 1220 3669 τοῦ
1266 3612 1532 3686 βασιλέως
1561 3612 1661 3667 καὶ
1708 3611 1939 3666 πάππου
1977 3610 2474 3676 κατεξανίστασθαι
2496 3625 2515 3642 ο
2548 3608 2667 3665 ἀλλ’
2726 3611 3124 3684 ἀδικουμένους
3150 3618 3245 3672 καὶ
3302 3618 3372 3673 τὰ
3417 3619 3624 3692 laxata

362 3716 766 3786 ὑπομένοντας,
789 3712 882 3766 τὸν
943 3707 1225 3782 προῦπτον
1289 3705 1537 3761 κίνδυνον
1565 3703 2017 3775 ἀποδιδράσκειν.
2058 3703 2170 3758 Καὶ
2196 3702 2371 3757 ταῦτα
2402 3702 2503 3774 μιν
2527 3702 2782 3773 βασιλεὺς
2817 3706 2848 3758 δ
2881 3705 3025 3769 νέος.

1777 3835 1883 3906 19
1916 3832 2141 3891 CAPUT
2173 3834 2240 3890 ν.

364 3967 529 4024 Diras
556 3964 621 4019 ab
643 3979 742 4019 auo
769 3962 1008 4018 nuntius.
1042 3958 1250 4023 Altera,
1281 3963 1331 4013 et
1362 3956 1586 4025 antiqua
1611 3969 1775 4034 causa
1801 3955 1948 4034 inter
1983 3954 2358 4034 imperatores"
2386 3952 2615 4020 dissidii,
2677 3956 2901 4011 solutior
2967 3958 3206 4013 videlicet
3258 3961 3365 4016 vita
3396 3965 3619 4034 nepotis,

1591 4034 1641 4080 et
1679 4025 1765 4079 aui
1793 4025 1852 4078 in
1884 4022 2424 4078 iUum'Vcontumelie.
3113 4045 3116 4047 λ

446 4154 508 4209 '0
548 4153 607 4207 δέ
632 4168 697 4220 γε
728 4149 1101 4222 πρεσϐύτερος
1124 4146 1204 4218 τῷ
1239 4146 1377 4219 πρδς
1416 4143 1510 4197 τὸν
1542 4143 1764 4213 ἔγγονον
1792 4142 1940 4211 μίσει

367 4247 468 4316 τὴν
521 4244 754 4315 καρδίαν
797 4241 1000 4313 μᾶλλον
1045 4238 1314 4304 οίδαίνων,
1350 4237 1605 4307 ἀγγέλλει
1660 4236 1750 4290 διά
1798 4251 1940 4298 τινος

365 4337 517 4407 αὐτῷ
571 4336 683 4389 τῶν
744 4333 1158 4403 συγκλητικῶνσ
1200 4327 1373 4384 Οἶσθα
1419 4331 1523 4398 πρὸ
1574 4325 1769 4399 καιροῦ
1800 4344 1944 4391 τινος

366 4428 739 4502 αἰτησάμενός
779 4444 846 4498 με
877 4427 938 4480 τὸ
972 4424 1251 4479 Βασιλικὸν
1276 4423 1576 4477 ἀποθέσθαι
1609 4420 1815 4491 σχῆμα,
1851 4422 1944 4473 καὶ⁸

2106 4140 2388 4197 Caeterum
2446 4142 2631 4197 senior
2681 4145 2809 4200 odio
2877 4146 2930 4200 in
2994 4154 3255 4217 nepotem
3309 4152 3623 4213 crudeliora

2051 4242 2339 4301 concepto,
2387 4247 2488 4301 per
2522 4245 2835 4289 senatorem
2888 4239 3186 4307 quemdam
3230 4242 3341 4314 (59)
3396 4247 3517 4299 haec
3566 4248 3621 4303 ei

2051 4326 2306 4381 nuntiat:
2338 4327 2657 4383 meminisse
2691 4327 2870 4398 ipsum
2896 4369 2911 4394 ,
2951 4333 3230 4401 quomodo
3275 4336 3411 4391 alias
3452 4338 3521 4393 ab
3563 4355 3623 4395 se

2055 4420 2427 4485 contenderit,
2452 4420 2533 4475 uti
2570 4422 2690 4491 ejus
2715 4423 2857 4478 bona
2883 4425 3045 4479 venia
3089 4425 3284 4482 liceret
3323 4430 3506 4499 posito
3533 4445 3626 4485 or-

1649 4537 1866 4600 Jacobi
1897 4537 2167 4600 Pontani
2206 4545 2397 4601 notae.

435 4671 549 4743 (57)
574 4670 762 4725 Genus
814 4668 1097 4743 hominum
1157 4665 1315 4721 valde
1349 4665 1712 4743 _improbum_
1741 4677 1944 4743 nautae,
1978 4668 2023 4723 D
2051 4662 2171 4731 igne
2202 4664 2523 4743 υὸοιεηιίοιξκ
2558 4624 2805 4733 Sumpsit
2845 4681 2976 4737 ergo
3005 4666 3074 4722 ab
3121 4665 3388 4738 Euripide
3425 4669 3623 4728 Canta-

364 4734 692 4813 perjui-um,
754 4739 1035 4813 mendax,
1081 4751 1253 4799 naves
1307 4734 1523 4813 alienas
1575 4745 1631 4813 et
1698 4734 1950 4813 homines

366 4803 722 4881 despolian’sg:
752 4823 891 4881 quos
916 4809 1151 4877 apologo
1174 4806 1414 4881 quodam
1448 4805 1660 4881 notavit
1685 4803 1957 4875 Aisopus,’

366 4875 495 4938 dum
531 4896 629 4935 eos
654 4875 792 4932 dicit
822 4878 876 4931 in
901 4875 1417 4947 tempestate-milita
1442 4875 1798 4947 diisVOVere,
1828 4892 1948 4944 quae

369 4966 494 5007 cum
538 4954 594 5003 in
647 4948 806 5002 littus
829 4948 992 5019 __saalvi
1017 4945 1401 5019 pervenerint,
1438 4946 1668 5019 minime
1702 4946 1945 5019 solvant;

365 5032 419 5076 et
458 5036 589 5078 cum
615 5019 820 5088 quibus
842 5017 970 5088 Bias
996 5013 1288 5087 navigabat
1321 5013 1513 5088 impii,
1543 5013 1855 5088 quibusque
1891 5019 1944 5072 in

366 5106 507 5149 sava
538 5084 871 5156 tempestate
902 5084 1316 5155 deorum'opem
1347 5084 1774 5152 implorantibus
1802 5085 1949 5141 dicc-

367 5160 485 5217 bat.
512 5163 720 5223 Tacete,
758 5173 822 5210 ne
853 5172 941 5211 vos
972 5156 1055 5210 illi
1082 5157 1163 5209 hic
1195 5156 1466 5224 navigare,
1488 5157 1738 5224 sentiant,
1766 5168 1948 5212 nauta:

366 5221 718 5313 ιριίεείμιιυιιί
762 5236 939 5313 eet“-
976 5221 1546 5313 ιθετιξιξβιεὲτίιξὶἐι
1577 5221 1947 5313 Egestam

365 5295 454 5355 illa
497 5300 700 5354 misera
722 5297 920 5352 mulier
948 5298 1160 5366 captiva
1174 5297 1282 5366 jam
1310 5305 1364 5349 et
1397 5308 1554 5366 serva
1577 5296 1747 5349 mittit
1772 5295 1950 5349 famu-

365 5373 494 5434 lam,
519 5384 645 5438 qua'
697 5376 850 5437 petat
888 5383 917 5421 a
967 5363 1190 5438 Graecis,
1226 5381 1294 5419 ne
1333 5364 1467 5438 quid
1500 5363 1557 5417 in
1591 5380 1788 5433 corpus
1821 5365 1943 5438 filia:

366 5435 653 5510 Polyxena!
697 5435 810 5507 iam
854 5438 933 5510 ad
987 5435 1810 5510 Achillistumulumﬂmaetata:
1848 5437 1941 5510 de-

366 5504 582 5576 signent
628 5504 961 5563 illiberalius
987 5522 1052 5560 ac
1078 5505 1452 5574 petulantius:
1494 5504 1583 5558 'Ev
1619 5505 1728 5576 γὰρ
1759 5507 1939 5575 μυρίῳ

368 5575 741 5647 στρατεύματι
791 5579 1088 5647 ἀκόλαστος
1117 5576 1296 5645 ὄχλος,
1318 5576 1544 5643 ναυτική
1596 5575 1643 5625 τ’
1678 5576 1935 5647 άναρχία,

365 5645 634 5719 κρείσσων
681 5649 877 5719 πυρρός.
913 5646 1058 5719 Ναηι
1088 5648 1145 5701 in
1183 5660 1456 5719 numeroso
1506 5645 1941 5719 excercituAindo-

370 5713 519 5785 nuta,
558 5737 649 5775 seu
676 5713 898 5786 infrenis
934 5718 1089 5772 turba
1126 5725 1223 5782 est,
1250 5716 1567 5785 nauticaque
1601 5713 1833 5782 licentia,
1860 5723 1937 5767 est

2051 4748 2312 4799 cuzenus,
2344 4743 2404 4787 ut
2435 4735 2609 4790 vides.

2045 4844 2060 4862 ι
2096 4834 2097 4837 η
2122 4802 2242 4877 (ξιξ)
2262 4803 2323 4877 in
2350 4819 2450 4877 ms.
2485 4805 2600 4877 hec
2622 4805 2895 4877 aetiologia
2925 4822 3032 4861 non
3059 4815 3165 4864 est.

2123 4873 2234 4942 (59)
2269 4873 2498 4927 Nomina
2532 4873 2832 4948 σύγκλητος
2861 4888 2917 4948 et
2970 4878 3354 4948 συγκλητικὸς,
3405 4892 3621 4938 senatus

2047 4951 2103 4997 et
2146 4952 2384 5013 senator,
2417 4944 2561 5013 quod
2613 4944 2747 5000 mihi
2800 4947 2990 5002 videor
3041 4944 3384 5012 observasse,
3433 4967 3625 5008 noster

2046 5012 2286 5081 scriptor
2311 5012 2467 5087 varie
2513 5024 2761 5087 usurpat.
2795 5016 2952 5073 Nune
3003 5019 3151 5071 enim
3198 5035 3453 5087 proceres
3485 5024 3622 5077 auli-

2047 5096 2144 5155 cos
2167 5085 2533 5155 conciliumve
2556 5086 2816 5151 aulicam,
2860 5102 2955 5142 seu
2982 5085 3233 5141 senatum
3259 5091 3620 5155 imperialem,

2055 5152 2632 5229 siveimperatorium,
2681 5171 2828 5210 nunc
2863 5157 3001 5229 belli
3036 5156 3207 5212 duces
3240 5152 3623 5229 Aconeiliumve

2055 5221 2338 5295 beliicum,
2359 5233 2414 5278 et
2441 5225 2736 5294 utrobique
2762 5225 3079 5295 optimates,
3103 5242 3166 5280 ac
3201 5227 3347 5282 vii-0s
3380 5224 3622 5285 illustres

2056 5292 2461 5363 primariosque
2486 5295 2565 5348 sic
2589 5292 2841 5363 appellat.
2879 5295 2899 5349 Ι
2909 5310 3066 5365 taque
3090 5312 3214 5349 raro
3245 5300 3624 5354 transtulimus

2047 5374 2285 5427 senatus,
2314 5373 2605 5429 senatores,
2641 5380 2708 5418 ne
2742 5366 2868 5432 quis
2896 5366 2964 5418 de
3006 5366 3154 5419 civili
3201 5378 3392 5420 senatu
3441 5379 3493 5421 et
3533 5385 3622 5423 se-

2046 5433 2336 5506 natoribus
2366 5449 2481 5506 rem
2514 5433 2924 5506 intelligendam
2961 5445 3177 5504 putaret
3208 5454 3220 5489 :
3252 5437 3507 5506 fugienda
3539 5448 3625 5492 cst

2045 5504 2195 5557 enim
2220 5505 2534 5584 ὁμωνυμία,
2560 5502 2675 5584 lioc
2714 5504 2905 5584 etiam.
2926 5502 3071 5568 loco,
3099 5507 3144 5559 si
3188 5502 3626 5584 placét,_senato-

2047 5587 2184 5635 rem,
2221 5572 2400 5625 virum
2445 5572 2683 5626 nobilem
2739 5573 3070 5635 Palatinum.
3106 5572 3199 5628 aut
3246 5577 3622 5633 consiliarium

2044 5643 2412 5712 imperatoris,
2448 5645 2597 5697 einen
2630 5642 3061 5719 Kammerlterrn,
3094 5644 3473 5721 interpretare.
