4106 6292
537 415 611 504 83
1698 446 2022 507 JOANNIS
2062 447 2594 519 CANTACUZENI
3491 470 3502 480 -
3712 455 3783 521 si

542 566 749 606 tionem
798 552 866 607 ad
905 568 1065 608 avmn
1118 553 1403 618 dcccrnit,
1446 568 1569 607 cum
1609 563 1667 608 ut
1715 555 1954 609 furorem
1991 555 2112 623 ejus

2224 555 2359 623 ἔγνω
2388 556 2500 609 δεῖν
2533 530 2805 628 πρεσϐείᾳ
2849 557 3161 627 χρήσασθαί
3206 575 3315 612 τινι
3352 559 3485 630 πρὸς
3512 561 3605 614 τὸν
3634 564 3788 617 πάπ-

542 643 777 712 mitiget,
830 661 1068 715 eumque
1105 648 1169 699 ad
1203 646 1490 701 leuitatem
1531 661 1592 699 ac
1624 646 2106 702 mansuetudinem

448 772 453 779 .
543 734 816 795 traducat,
846 746 961 788 tum
998 743 1056 788 ut
1083 749 1307 789 causam
1340 743 1661 804 cognoscat,
1702 735 1775 791 ob
1825 752 1989 805 quam
2019 737 2111 790 ille

541 825 647 878 sibi
681 833 789 878 tam
826 825 1074 880 infensus
1122 837 1288 896 atque.
1320 825 1554 882 infestus
1595 829 1689 882 sit.
1745 827 1914 897 Legat
1946 828 2113 899 igitur

540 912 843 984 Josephum
895 916 1207 984 quemdam,
1260 915 1468 1006 v‘irtute
1500 925 1556 970 et
1600 916 1848 971 doctrina
1890 917 2113 999 conspi-

541 1022 703 1061 cuum
749 1007 884 1073 (65),
920 1015 975 1060 et
1028 1022 1126 1075 per
1177 1007 1424 1060 omnium
1463 1021 1559 1061 ora
1589 1006 1931 1063 volitantem.
1981 1007 2112 1074 Qui,

506 1104 861 1168 ‘quanquam
920 1098 1204 1151 lucernam
1260 1097 1364 1152 sub
1399 1098 1585 1153 modio
1617 1099 1959 1155 abscondere
2013 1115 2114 1169 pro

542 1188 688 1245 virili
722 1189 1019 1253 niteretur,
1078 1186 1216 1242 nihil
1266 1199 1447 1243 tamen
1474 1191 1857 1259 promovebat,
1894 1193 2115 1260 quando

543 1280 768 1334 effatum
811 1280 1062 1333 Domini”
1097 1294 1203 1332 non
1260 1290 1443 1349 potest
1509 1281 1622 1336 ullo
1683 1282 1846 1335 modo
1884 1282 2114 1336 interci-

543 1371 697 1425 dere.
730 1371 807 1425 Eo
837 1371 1105 1440 siquidem
1130 1373 1482 1426 claritudinis
1510 1358 1940 1443 ‘pervenerat,ut
1963 1389 2117 1429 com-

544 1464 811 1517 munibus
851 1465 1224 1532 imperatoris,
1263 1479 1435 1519 sacra:
1487 1464 1705 1536 synodi,
1756 1466 1996 1537 universi
2028 1481 2116 1520 se-

545 1570 712 1611 natus
779 1556 1266 1625 snfiragationibus
1322 1557 1374 1610 in
1425 1557 1710 1626 pontificia
1757 1557 1924 1629 hujus
1964 1574 2118 1611 nova:

546 1645 732 1698 Romae
761 1646 1022 1699 cathedra
1059 1646 1413 1701 collocandus
1441 1656 1765 1701 censeretur
1801 1664 1814 1701 :
1846 1647 1949 1702 etsi
1976 1647 2118 1716 ipse,

550 1737 621 1789 ob
678 1736 1003 1789 modestiam
1050 1736 1220 1789 animi
1278 1737 1824 1807 moderationemque
1880 1737 2123 1809 singula-

549 1840 663 1878 rem
711 1841 1048 1897 repugnans,
1109 1826 1388 1896 fastigium
1455 1839 1512 1883 et
1562 1830 1998 1899 magnitudinem
2040 1829 2123 1883 di-

2213 664 2315 702 πον
2345 650 2436 701 καὶ
2477 648 2722 718 βασιλέα,
2778 650 2893 723 ἅμα
2931 651 3030 720 μὲν
3083 652 3176 704 καὶ
3204 650 3304 718 τὴν
3335 652 3504 723 ὀργὴν
3533 653 3782 723 ἐκμειλι-

2215 740 2440 811 ξόμενος
2494 742 2595 811 τὴν
2651 742 2860 795 ἐκείνου
2897 744 2995 797 καὶ¹
3043 743 3351 813 πραότερον
3383 746 3782 815 καταστήσων,

2216 830 2334 900 ἅμα
2362 833 2422 912 δὲ
2466 833 2564 885 καὶ
2606 833 2709 903 τὴν
2740 833 2920 886 αἰτίαν
2968 831 3170 887 ἐθέλων
3200 835 3395 904 μαθεῖν
3432 835 3501 889 δι’
3538 836 3606 907 ἢν
3643 837 3783 906 πρὸς

2214 924 2377 976 αὐτὸν
2414 925 2442 976 ό
2478 925 2731 994 βασιλεὺς
2759 925 2934 989 οὕτως
2961 926 3413 998 έκπεπολέμωτο.
3462 928 3678 997 Πέμπει
3716 930 3780 999 δή

2214 1033 2335 1069 τινα
2388 1017 2498 1070 τῶν
2540 1018 2629 1070 ἐπ’
2664 1021 2834 1089 ἀρετῇ
2882 1019 2977 1072 καὶ
3004 1019 3296 1089 φιλοσοφίᾳ
3336 1021 3655 1090 γνωρίμων,
3690 1023 3786 1075 καὶ

2217 1108 2369 1178 παρὰ
2418 1111 2530 1172 τοῖς
2559 1109 2818 1164 ἁπάντων
2847 1110 3082 1181 στόμασι
3112 1111 3368 1180 κείμενον
3421 1111 3642 1180 Ἰωσήφ.
3690 1111 3788 1174 ⁸ος

2217 1198 2598 1267 ἐφιλονείκησε
2628 1200 2746 1270 μὲν,
2784 1202 2844 1254 τό
2881 1218 2945 1270 γε
2978 1203 3058 1266 εἰς
3090 1203 3252 1257 αὑτὸν
3281 1197 3440 1274 ἦκον,
3471 1203 3563 1255 τὸν
3593 1202 3790 1272 λύχνον

2218 1289 2325 1342 ὑπὸ
2356 1289 2449 1344 τὸν
2483 1290 2666 1359 μόδιον
2691 1293 2920 1363 κρύψαι,
2957 1294 3058 1347 οὐκ
3085 1294 3327 1365 ἠδυνήθη
3357 1294 3432 1360 δὲ,
3464 1293 3559 1346 τοῦ
3578 1295 3794 1359 Δεσποο⁸

2220 1381 2377 1435 τικοῦ
2404 1381 2565 1450 λόγου
2603 1385 2822 1448 πάντως
2851 1384 2926 1456 μὴ
2958 1384 3260 1455 δυναμένου
3294 1386 3600 1439 διαπεσεῖν.
3645 1386 3789 1438 Ἀλλ’

2219 1469 2300 1532 είς
2348 1469 2607 1525 τοσοῦτον
2663 1467 2798 1543 ἦλθε
2849 1473 3355 1543 περιφανείας,›ὡξ
3404 1473 3572 1543 ψήφῳ
3627 1476 3787 1543 κοινῇ

2202 1554 2488 1633 ,βασιλέως
2525 1576 2586 1612 τε
2643 1565 2738 1614 καὶ
2796 1562 3019 1615 συνόδου
3077 1562 3179 1631 τῆς
3240 1563 3391 1632 ἱερᾶς
3424 1598 3439 1623 ,
3478 1559 3557 1614 ἐτι
3601 1560 3660 1612 δὲ
3696 1562 3791 1612 καὶ

2223 1649 2531 1721 συγκλήτου
2583 1652 2769 1724 πάσης
2803 1695 2817 1720 ,
2878 1654 2989 1708 τῶν
3043 1654 3519 1725 ὲκκλησιαστικῶν
3579 1653 3791 1725 θρόνων

2223 1742 2322 1808 τῆς
2357 1743 2485 1806 νέας
2513 1746 2752 1816 ταυτησὶ
2787 1746 3009 1817 Ῥώμης
3050 1748 3202 1814 ἄξιος
3232 1746 3645 1815 ἀποδειχθῆναι,
3688 1745 3793 1797 κᾶν

2225 1833 2389 1897 αὐτὸς
2414 1834 2492 1904 τῷ
2522 1836 2644 1889 λίαν
2672 1838 2913 1908 ταπεινῷ
2941 1839 3036 1892 καὶ
3069 1838 3277 1910 μετρίῳ
3321 1836 3417 1891 τοῦ
3442 1836 3609 1908 ήθους
3636 1835 3795 1891 ἀπώ-

526 1914 770 1984 ‘gnitatis
800 1917 1054 1986 religiose
1112 1918 1430 1975 declinaret.
1488 1921 1631 1991 Ergo
1666 1920 1853 1993 [hujus
1880 1923 2116 1977 oratoris

2224 1940 2354 1980 σατο
2382 1928 2494 2000 τὴν
2546 1928 2724 1995 ἀξίαν,
2741 1930 2803 1984 τὺ
2830 1930 2931 1999 τῆς
2970 1930 3237 2001 καθέδρας
3270 1929 3425 2000 ὕψος,
3478 1928 3659 1984 καὶτὸ
3700 1930 3793 1999 μέ-

547 2005 683 2077 ore]
755 2009 1140 2078 imperatorem
1215 2027 1377 2066 avum
1440 2012 1521 2068 sic
1577 2014 2116 2084 alloquiturv(66):

478 2104 485 2111 '
530 2095 998 2168 Quandoquidem
1060 2104 1383 2171 parentibus
1433 2103 1875 2175 singulis,(67)
1923 2108 2122 2174 praeci-

550 2206 722 2263 puum
760 2194 1051 2261 quemdam
1101 2210 1346 2250 amorem
1382 2211 1509 2269 erga
1566 2185 1776 2252 libet-bs
1814 2192 2008 2265 natura
2041 2196 2125 2250 in-

548 2286 854 2354 generavit,
892 2288 1092 2342 rationi
1124 2298 1560 2345 consentaneum
1591 2300 1677 2358 est
1709 2290 1926 2360 utique,
1989 2298 2051 2344 ut
2081 2290 2120 2345 ii

542 2385 730 2431 errata
766 2378 932 2431 etiam
963 2378 1281 2434 earumdem
1317 2379 1578 2449 obtegere
1626 2386 1684 2437 et
1732 2379 2011 2434 occultare
2032 2392 2122 2432 ve-

548 2466 672 2523 lint.
702 2468 939 2536 Quodsi
968 2483 1121 2540 pater
1148 2486 1292 2526 unus
1327 2471 1525 2543 aliquis
1555 2470 1728 2526 lilium
1766 2470 1987 2541 copiose
2016 2470 2119 2541 21

550 2571 717 2633 atque
742 2562 1045 2617 honoriﬁce
1077 2563 1408 2628 laudaverit,
1440 2578 1550 2619 non
1583 2563 1830 2633 effugiet,
1858 2562 1992 2633 quin
2018 2578 2121 2617 au-

553 2654 763 2708 ditores
812 2654 932 2709 illas
981 2653 1175 2709 laudes
1218 2636 2015 2718 ementitas,'et'laudatorem
2049 2651 2119 2706 ob

551 2744 883 2800 charitatem
917 2742 1457 2815 propensionemque
1496 2744 1804 2800 naturalem
1833 2743 2122 2813 deceptum

553 2850 885 2906 magnopere
936 2837 1311 2907 suspicentur.
1342 2836 1546 2891 Contra
1601 2852 1686 2899 ea,
1740 2834 1784 2890 si
1837 2835 2007 2890 lilium
2036 2834 2125 2891 vel

549 2928 660 2985 levi
696 2927 1124 3004 reprehensione
1148 2927 1561 2997 perstrinxerit.
1594 2943 1786 2981 rursus
1819 2943 1886 2984 ex
1916 2926 2125 2981 diame-

557 3034 645 3077 tro
671 3022 903 3075 nimium
955 3021 1125 3075 fuisse
1154 3020 1548 3089 reprehensum
1584 3020 2038 3088 interpretantur,
2069 3030 2126 3073 et

556 3115 780 3185 adaeque
809 3112 1068 3185 arguunt.
1126 3114 1295 3184 igitur
1328 3129 1453 3167 cum
1487 3125 1565 3178 tu,
1603 3122 1757 3182 pater
1790 3128 1968 3176 meus,
2016 3122 2122 3171 tam

553 3210 712 3263 valde
745 3208 879 3262 mihi
908 3207 1181 3271 irascaris,
1213 3206 1494 3276 multaque
1525 3215 1582 3261 et
1613 3205 1761 3258 varia
1796 3206 1849 3258 in
1881 3222 1966 3261 me
1986 3221 2121 3260 con-

2231 2020 2391 2089 γεθος
2426 2021 2751 2092 εὐλαϐηθεὶς
2775 2024 2874 2093 τῆς
2898 2023 3097 2094 ἀρχῆς.
3125 2021 3312 2093 Τούτῳ
3348 2023 3411 2093 δὴ
3444 2022 3794 2094 χρησάμενος

2212 2112 2546 2190 ,πρεσϐευτῇ
2579 2153 2594 2178 ,
2644 2116 2917 2185 ἀναφέρει
2974 2112 3043 2167 δι’
3085 2114 3253 2168 αὑτοῦ
3302 2114 3382 2185 τῷ
3429 2114 3642 2184 βασιλεῖ
3702 2114 3795 2167 καὶ

2214 2203 2441 2277 ,πάππῳ
2490 2204 2671 2259 τοιάδε
2693 2221 2708 2235 ο
2757 2206 2880 2259 Τῶν
2935 2205 3349 2278 γεγεννηκότων
3383 2204 3604 2259 πάντων
3656 2203 3794 2274 πρὸς

2227 2298 2358 2360 τοὺς
2402 2295 2464 2361 ἐξ
2506 2297 2689 2352 αὐτῶν
2719 2300 2925 2369 φυσικῇ
2956 2316 3068 2352 τινι
3092 2297 3523 2368 κεκρατημένων
3553 2298 3757 2365 στοργῇ
3777 2336 3793 2361 ,

2218 2390 2380 2454 εἰκός
2425 2390 2545 2443 ἐστι
2584 2388 2760 2459 δήπου
2812 2389 2910 2444 καὶ
2951 2388 3021 2443 τά
3049 2387 3160 2449 τῶν
3199 2388 3408 2443 παίδων
3438 2386 3795 2458 έλαττώματα

2233 2480 2553 2545 συσκιάζειν
2584 2480 2817 2536 ἐθέλειν.
2853 2481 2973 2535 Κάν
3003 2498 3087 2544 τις
3121 2480 3266 2552 ὑπὲρ
3295 2478 3391 2533 τοῦ
3434 2478 3626 2541 παιδὸς
3659 2477 3795 2531 πολ-

2229 2569 2357 2632 λούς
2395 2585 2549 2632 τινας
2576 2568 2821 2639 διεξέλθῃ
2855 2570 2951 2623 καὶ
2986 2569 3331 2639 θαυμασίους
3358 2567 3638 2632 ιπαίνους,
3670 2567 3794 2619 ὐπο-

2229 2661 2361 2732 ψίαν
2388 2662 2451 2716 οὐ
2496 2661 2699 2732 μικράν
2739 2663 2854 2725 τοῖς
2887 2660 3150 2715 ἀκούουσι
3180 2660 3434 2731 παρέχει,
3487 2660 3564 2724 ῶς
3608 2660 3669 2714 ού
3695 2659 3793 2714 τοῦ

2231 2755 2424 2818 παιδὸς
2448 2754 2603 2816 ὄντος
2634 2754 2907 2819 τοιούτου,
2955 2753 3091 2808 ἀλλὰ
3130 2752 3314 2823 πολλῷ
3354 2752 3433 2822 τῷ
3475 2753 3657 2822 μέτρῳ
3682 2751 3795 2804 λει-

2230 2848 2471 2917 πομένου
2524 2845 2632 2900 τῶν
2675 2845 2940 2908 ἐπαίνων,
2990 2844 3157 2897 αὐτοῦ
3201 2843 3259 2897 δὲ
3309 2843 3676 2914 ἀπατωμένου
3706 2842 3794 2895 διὰ

2230 2940 2328 3010 τὴν
2360 2939 2545 3009 σχέσιν
2597 2938 2695 3008 τὴν
2739 2939 2878 3009 πρὸς
2934 2936 3124 2991 αὐτόν.
3160 2937 3259 2990 Ἂν
3314 2934 3360 2988 δ’
3412 2937 3441 2988 ό
3486 2937 3671 3006 πατὴρ
3716 2933 3795 3004 τῷ

2233 3030 2382 3082 παιδί
2415 3046 2538 3082 τινα
2588 3023 2685 3084 καὶ
2737 3028 2931 3099 μικρὸν
2978 3026 3387 3099 προστρίψηται
3414 3026 3602 3096 ψόγον,
3632 3027 3795 3081 πάλιν

2232 3122 2295 3173 ὲκ
2327 3119 2622 3189 διαμέτρου
2668 3118 3112 3173 πολλαπλασίονα
3157 3116 3252 3173 τὸν
3282 3117 3451 3187 ψόγον
3483 3117 3793 3184 ὑπονοοῦσι,

2235 3214 2332 3284 τὴν
2380 3212 2500 3284 ἴσην
2540 3211 2927 3287 προστιθέντες
2960 3211 3164 3266 αἰτίαν.
3196 3209 3298 3263 Σοῦ
3342 3210 3523 3265 τοίνυν
3552 3210 3645 3263 τοῦ
3685 3228 3794 3264 παο

553 3302 696 3354 vicia
713 3308 768 3353 et
797 3297 1085 3353 maledicta
1109 3296 1331 3351 assiduo
1356 3292 1552 3367 jactcs.
1587 3296 1846 3365 quodque
1875 3297 2120 3350 omnium

2227 3266 2356 3377 τρδς
2400 3266 2679 3375 κατ’έμοῦ
2743 3266 3078 3366 τοῦιπαιδὸς
3133 3301 3307 3366 οὕτως
3358 3302 3793 3371 ὲξωργισμένου,

468 3436 475 3443 .
556 3392 936 3456 durissimum,
967 3399 1021 3444 et
1045 3405 1074 3444 a
1109 3404 1219 3458 quo
1262 3405 1372 3443 non
1406 3391 1597 3444 solum
1633 3389 1871 3444 dicendo
1911 3390 2118 3459 lingua,

556 3485 651 3544 sed
687 3485 852 3544 etiam
884 3482 1159 3541 audiendo
1182 3498 1343 3541 aures
1368 3499 1500 3542 mea:
1536 3483 1857 3550 abhorrent,
1888 3499 2011 3539 cum
2036 3499 2125 3537 ea-

556 3580 657 3650 piti
692 3589 786 3634 tuo
811 3578 1127 3648 frequenter
1159 3558 1357 3631 malam
1404 3587 1613 3647 pestem
1660 3576 1994 3644 imprecatus
2028 3577 2125 3640 sis,

559 3677 600 3726 si
638 3688 739 3737 ego
775 3688 1015 3741 unquam
1052 3672 1117 3725 ad
1176 3672 1347 3725 ullum
1393 3686 1574 3739 operae
1610 3670 1850 3738 pretium
1909 3668 2120 3722 facien-

556 3766 688 3819 dum
753 3762 953 3818 habilis
1004 3771 1060 3815 et
1093 3763 1377 3832 appositus
1427 3760 1649 3828 viderer
1679 3778 1691 3814 :
1726 3760 1984 3829 quodque
2035 3758 2121 3813 vel

556 3860 673 3927 ipsa
722 3864 901 3911 morte
939 3853 1179 3909 amarius
1209 3861 1314 3917 est,
1347 3869 1470 3907 cum
1521 3853 1733 3906 minuta
1768 3851 2018 3922 quaedam
2069 3862 2126 3906 et

551 3948 779 4003 fortuita
812 3953 1009 4002 eventa
1050 3945 1301 4000 caelestes
1332 3942 1784 4014 signiﬁcationes,
1839 3942 2124 4012 divinique

554 4037 768 4094 consilii
792 4036 1292 4092 demonstrationes
1319 4035 1622 4101 existimes,
1638 4036 1841 4106 quibus
1856 4036 1923 4092 ad
1944 4051 2125 4106 popu-

553 4132 638 4189 los
691 4129 923 4195 imperio
979 4127 1247 4198 regendos
1307 4128 1529 4197 ineptus
1592 4128 1889 4194 ostendar,
1954 4128 2122 4199 quis,

551 4238 759 4293 qureso,
780 4222 1147 4275 Romanorum
1181 4220 1563 4281 hiecaudiens.
1585 4236 1693 4274 non
1727 4230 1779 4276 te
1806 4222 1976 4276 maria
2011 4231 2123 4277 tota

553 4312 934 4377 improborum
990 4311 1301 4365 facinorum
1333 4308 1446 4380 (68)
1476 4325 1692 4364 mecum
1748 4310 1818 4365 de
1856 4328 1941 4366 me
1989 4328 2122 4367 con-

554 4405 695 4459 scire
735 4398 1281 4457 arbitrabitttr?ldeo
1314 4409 1499 4454 autem
1526 4399 1739 4455 modica
1771 4404 2021 4472 quaedam
2056 4404 2122 4457 ad

626 4522 647 4552 '
684 4518 875 4573 Matth.
911 4531 964 4583 v,
1002 4516 1089 4572 l5.

2232 3398 2325 3451 καὶ
2398 3394 2602 3458 πολλὰς
2664 3393 2758 3448 καὶ
2802 3393 3057 3459 ποικίλας
3113 3391 3387 3463 ὁσημέραι
3428 3392 3794 3461 καταχέοντος

2231 3488 2329 3552 τὰς
2365 3485 2633 3556 λοιδορίας
2681 3487 2773 3539 καὶ
2808 3486 2877 3539 τά
2908 3485 3085 3554 ὀνείδη
3109 3524 3123 3549 ,
3172 3485 3268 3537 καὶ
3320 3484 3381 3536 τὸ
3426 3482 3647 3538 πάντων
3672 3484 3794 3550 ἐμοὶ

2237 3581 2569 3653 βαρύτατον,
2603 3579 2699 3632 καὶ
2736 3578 2765 3632 δ
2822 3576 2951 3649 μήτ’
2990 3576 3233 3641 ἀκούειν,
3278 3577 3414 3646 μήτε
3456 3574 3640 3644 λέγειν
3668 3576 3795 3627 άνε-

2232 3676 2361 3729 κτὸν
2409 3674 2551 3742 ἐμοὶ,
2587 3671 2733 3725 κατὰ
2793 3668 3024 3723 σεαυτοῦ
3084 3669 3345 3731 πολλάκις
3398 3668 3468 3722 τά
3515 3666 3795 3720 δεινότατα

2232 3761 2611 3830 ὲπαρωμένου,
2674 3759 2847 3813 εῖποτ¹
2882 3756 2993 3826 ἐγὼ
3049 3756 3184 3824 πρός
3243 3773 3300 3809 τι
3358 3755 3468 3808 τῶν
3505 3755 3796 3825 χρησίμων

2231 3849 2447 3917 εὐφυῶς
2482 3847 2619 3918 ἔχων
2652 3846 2906 3916 φανείηνσ
2940 3846 3002 3896 τὸ
3052 3843 3096 3897 δ’
3129 3843 3210 3897 ἔτι
3241 3843 3301 3897 ὃν
3331 3843 3567 3900 θανάτου
3602 3844 3794 3913 πικρό-

2232 3960 2414 4015 τερον,
2446 3944 2508 3996 τδ
2546 3943 2643 3997 καὶ
2673 3942 2847 4014 μικρά
2876 3959 2998 3996 τινα
3034 3941 3376 4013 συμϐάματα
3405 3941 3479 4005 ὡς
3514 3940 3703 4010 ἔτυχεν
3729 3942 3795 3995 ἐκ

2222 4036 2316 4090 τοῦ
2356 4033 2729 4106 συμπεσόντος
2755 4033 3127 4104 γεγενημένα,
3154 4032 3487 4103 θεοσημείας
3533 4033 3630 4087 καὶ
3658 4031 3797 4087 Θεοῦ

2227 4130 2426 4200 βουλῆς
2464 4128 2838 4199 ἀποκαλύψεις
2884 4128 3157 4198 ἡγεῖσθαι,
3206 4128 3307 4198 ἐμὲ
3359 4129 3458 4198 τῆς
3508 4126 3790 4199 βασιλείας

2224 4224 2325 4277 οὐκ
2379 4222 2532 4287 ἄξιον
2564 4218 3006 4286 ἀποδεικνύντος,
3059 4217 3145 4284 τίς
3200 4218 3691 4289 ἔσταιέΡωμαίων
3738 4220 3797 4283 δς

2220 4312 2397 4379 ταῦτα
2425 4311 2663 4376 ἀκούων,
2692 4311 2753 4365 ού
2803 4311 3078 4374 θαλάσσας
3127 4312 3255 4375 ὅλας
3305 4310 3495 4365 κακῶν
3526 4311 3647 4380 ἐμοὶ
3677 4326 3797 4362 συν-

2224 4404 2420 4461 ειδέναι
2472 4406 2738 4473 λογιεῖται
2796 4403 2892 4457 τδν
2938 4403 3185 4476 πατέρας
3227 4405 3336 4464 Καὶ
3369 4402 3457 4462 διά
3501 4404 3661 4458 τοῦτο
3701 4405 3799 4458 καὶ

1818 4589 2034 4651 JaCobi
2071 4593 2335 4654 Pontani
2374 4580 2577 4652 notua.

554 4699 623 4753 ab
655 4697 912 4777 Homero,
944 4693 1121 4777 aliove
1148 4703 1305 4777 poneta
1329 4694 1681 4777 sumpserit“
1697 4702 1754 4777 et
1782 4711 1849 4776 an
1882 4696 2120 4765 priorem
2155 4703 2198 4759 ο
2229 4698 2475 4777 tionibus
2509 4705 2736 4777 servat;
2770 4695 3065 4777 uhi_legati
3106 4708 3393 4777 personam
3439 4693 3795 4777 mittentis'in

555 4782 747 4847 vocem
776 4765 1095 4847 mutaverit,
1124 4764 1169 4819 si
1209 4764 1437 4819 forsitan
1468 4765 1629 4833 μῆνιν
1657 4764 1782 4847 fuit,
1815 4764 2029 4847 ignoro.

627 4836 740 4904 (65)
781 4835 1135 4901 Philosophia
1166 4849 1273 4888 non
1306 4849 1523 4904 semper
1552 4844 1640 4887 est
1682 4834 1772 4888 illa
1812 4834 2120 4891 divinarum

554 4907 1032 4971 humanarumque
1076 4919 1260 4958 rerum
1315 4903 1597 4972 cognitio:
1630 4919 1774 4972 saepe
1801 4905 1948 4958 enim
1985 4907 2122 4962 libe-

558 4976 726 5029 ralem
762 4970 1088 5033 doctrinam,
1122 4989 1217 5026 seu
1266 4970 1636 5027 eruditionem
1674 4970 1988 5042 ingenuam,
2021 4991 2118 5031 seu

558 5045 866 5112 φιλολογίαν
895 5042 1067 5096 Graeci
1110 5043 1213 5096 hoc
1251 5042 1419 5094 verbo
1458 5044 1792 5110 exprimunt.
1854 5044 2121 5100 lsocrates

558 5116 613 5168 in
651 5113 844 5182 primis
875 5113 974 5180 (ex
1020 5128 1131 5180 quo
1172 5112 1325 5182 plura
1360 5112 1680 5165 testimonia
1729 5113 1958 5168 Budaeus
1990 5130 2121 5181 pro-

555 5181 698 5252 fert)
732 5183 824 5252 qui
851 5183 1013 5237 etiam
1061 5181 1311 5235 oratione
1344 5182 1601 5252 περὶτῆς
1637 5184 1863 5252 εἰρήνης
1899 5184 1949 5235 in
1997 5186 2123 5251 fine,

557 5254 880 5321 φιλοσόφους
906 5322 914 5324 ἓ
945 5260 1104 5324 vocat
1140 5252 1393 5324 homines
1426 5251 1751 5324 litterarum
1773 5322 1787 5324 _
1810 5251 2089 5324 studiosos
2109 5294 2124 5315 ,

554 5324 682 5392 quia
740 5332 795 5377 et
842 5321 1173 5392 φιλοσοφεῖν,
1223 5321 1559 5392 σπουδάζειν
1615 5322 1908 5390 signiﬁcat.
1973 5322 2125 5378 Sacri

553 5390 853 5462 scriptores
897 5391 1067 5444 Graeci
1112 5390 1354 5443 studium
1378 5391 1502 5445 vita:
1526 5390 1849 5462 innocenter
1864 5401 1919 5443 ct
1939 5404 2128 5447 sancte

554 5460 776 5532 agenda:
802 5462 1148 5532 frequentius
1180 5462 1497 5532 φιλοσοφίαν
1542 5460 1847 5525 nominant,
1880 5462 2007 5529 quia
2048 5462 2160 5514 ni-'

553 5530 754 5585 nitrum
794 5534 953 5585 timor
983 5530 1193 5583 Domini
1232 5531 1511 5599 disciplina
1540 5532 1812 5598 sapientia:
1831 5536 1869 5598 ,ξ
1895 5534 2123 5585 Prover-

553 5600 771 5655 biuruui
800 5602 976 5669 capite
1002 5602 1214 5655 decimo
1251 5602 1467 5668 quinto.

629 5673 742 5739 (66)
779 5673 938 5724 Amat
989 5682 1178 5724 noster
1215 5671 1515 5724 historicus
1542 5670 1860 5731 orationes,
1890 5682 2011 5738 quae
2043 5669 2128 5724 di-

556 5750 716 5793 rectae
746 5748 1033 5801 vocantur,
1068 5742 1172 5792 hoc
1199 5749 1303 5800 est,
1334 5754 1432 5806 per
1457 5741 1686 5806 primam
1721 5754 2007 5807 personam
2069 5749 2127 5794 et

557 5809 915 5862 indicativunt
969 5810 1188 5861 modum
1240 5818 1534 5876 conceptas
1591 5809 1774 5877 (quod
1837 5809 1888 5860 in
1936 5811 2123 5876 prmia-

559 5878 705 5935 tionc
756 5879 1014 5931 lectorem
1052 5878 1426 5942 monuimus),
1459 5889 1514 5931 et
1563 5879 1663 5934 hoc
1696 5880 1861 5932 etiam
1891 5882 1946 5932 in
1979 5881 2127 5942 lega-

2228 4768 2464 4822 dicendo
2509 4766 2761 4821 induunt.
2804 4764 3046 4820 Primum
3082 4764 3393 4832 exemplum
3431 4773 3516 4817 est
3566 4764 3670 4817 hoc
3707 4764 3827 4830 Jo—X

2224 4838 2404 4905 sephi.
2444 4837 2565 4902 Quo
2608 4853 2696 4891 res
2738 4836 2895 4891 ﬁeret
2934 4835 3178 4905 planior,
3234 4834 3363 4905 illas
3406 4847 3589 4897 voces,
3640 4834 3801 4904 hujus

2225 4902 2450 4962 oratoris
2467 4922 2576 4964 ore.
2617 4907 2686 4959 de
2713 4914 2902 4959 nostro
2930 4902 3207 4958 aildendas
3239 4902 3515 4955 duximus.
3708 4902 3720 4904 ⁷
3820 4951 3827 4957 .

2297 4978 2408 5045 (67)
2453 4977 2663 5045 Smpius
2692 4990 2853 5045 avum
2888 4983 3095 5042 patrem
3134 4972 3430 5045 nominat;
3480 4985 3609 5045 vere
3649 4973 3801 5027 enim

2225 5040 2509 5116 patcr'cst,
2540 5040 2805 5116 quamvis
2849 5040 3294 5116 ncttproximus,
3319 5040 3412 5116 sed
3465 5041 3662 5108 major,
3698 5045 3804 5098 hoc

2226 5109 2351 5177 est,
2404 5109 2703 5182 antiquior.
2754 5112 2908 5168 Unde
2964 5110 3271 5182 Germanis,
3331 5109 3641 5182 Crossvatcr
3684 5127 3703 5166 :
3747 5122 3804 5166 et

2222 5186 2483 5241 defuncto
2503 5180 2765 5237 Micliaele
2787 5191 2941 5250 patre
2969 5181 3229 5243 naturali,
3249 5194 3385 5233 avus
3407 5189 3525 5232 erat
3549 5180 3599 5232 ei
3631 5181 3804 5248 patris

2222 5257 2363 5310 loco.
2396 5255 2735 5321 Diligchatur
2777 5253 2909 5305 item
2951 5260 3077 5321 uta
3102 5259 3257 5319 patre
3294 5250 3458 5321 filius,
3488 5259 3544 5303 et
3574 5264 3802 5321 revere-

2223 5326 2381 5378 batur
2414 5318 2541 5377 eum
2585 5322 2823 5376 vicissim
2859 5330 2919 5375 ut
2952 5318 3115 5374 filius
3133 5327 3380 5389 patrem;
3417 5318 3524 5372 hoc
3550 5318 3702 5373 enim
3733 5319 3803 5374 de

2223 5406 2281 5449 se
2315 5393 2464 5448 credi
2492 5396 2629 5448 vult.
3592 5390 3605 5401 ‘

2272 5464 2409 5528 ’(63)
2450 5463 2586 5517 Cum
2641 5460 2934 5533 proverbio
2973 5460 3259 5533 dicamus,
3304 5458 3799 5533 mare‘honorum,

2222 5531 2387 5592 sicut,
2429 5548 2578 5585 mare
2627 5528 2917 5591 malorum,
2949 5546 3048 5600 pro
3089 5528 3584 5600 innumerabilibus
3642 5528 3804 5581 bonis

2224 5618 2287 5654 ac
2319 5602 2500 5660 malis.
2531 5602 2803 5655 scrutentia
2836 5597 3094 5668 postulat,
3127 5608 3187 5651 ut
3213 5597 3403 5668 κακῶν
3426 5597 3516 5652 hic
3544 5612 3654 5668 non
3692 5613 3804 5650 ma-

2226 5670 2417 5735 lorum,
2446 5671 2537 5724 sed
2599 5666 2867 5731 vitiorum,
2897 5680 2991 5721 aut
3020 5670 3280 5723 malorum
3302 5666 3600 5735 {acinorum
3632 5666 3802 5721 inter-

2225 5751 2524 5809 pretemur.
2553 5739 2717 5793 Auxit
2746 5756 2857 5793 rem
2891 5740 3067 5799 valde,
3092 5753 3221 5809 cum
3258 5737 3454 5807 adjecit
3477 5737 3626 5804 ὅλας,
3665 5741 3798 5801 tota,

2225 5806 2472 5881 dixitque
2509 5810 2786 5873 θαλάσσας
2811 5810 2916 5862 τῶν
2954 5806 3162 5860 κακῶν.
3264 5866 3277 5880 ἱ
