4106 6292
505 301 575 364 91

1666 309 1992 371 JOANNIS
2034 305 2561 369 CANTACUZENI

3675 307 3748 373 92

508 419 740 476 Thracia
792 437 1046 480 reversus
1091 425 1300 482 auditis
1363 441 1430 481 ex
1466 428 1686 498 juniore
1749 428 2076 496 imperatore

2182 424 2354 484 πολλὰ
2385 425 2673 494 θαυμάσας
2702 423 2809 476 τῶν
2857 423 2955 493 τῆς
2987 422 3334 493 ἀνθρωπίνης
3367 423 3585 494 φύσεως
3615 431 3749 482 κατέ

511 531 634 584 quae
666 516 1028 587 contigerant,
1060 520 1342 588 impendio
1377 522 1610 575 miratus
1640 521 1934 575 humanam
1978 536 2077 574 na-

514 616 692 660 turam
725 618 833 661 tot-
861 610 1137 678 tantisque
1181 611 1480 680 subjectam
1516 611 1774 673 miseriis,
1807 620 1863 665 et
1886 611 1954 666 de
1989 613 2078 666 in-

513 699 659 753 vidia
691 711 1048 768 conquestus,
1083 717 1202 770 qua:
1237 703 1406 755 semel
1461 718 1489 756 a
1537 718 1595 756 se
1643 710 1937 772 occupatos
1971 703 2078 772 ipsi

511 800 721 845 naturae
760 791 969 846 bellum
1033 793 1234 847 inferre
1282 795 1445 862 cogit,
1485 793 1706 862 Optime
1757 794 2075 864 imperator,

514 883 713 950 inquit,
738 883 938 936 malum
969 900 1088 938 esse
1120 885 1531 939 atrocissimum
1561 883 1852 941 hinc'satis
1882 888 2074 955 liquet.

515 975 698 1028 Fidem
756 991 920 1042 porro
957 986 1086 1045 erga
1130 986 1180 1029 te
1220 993 1395 1032 meam
1436 989 1492 1033 et
1541 994 1782 1032 amorem
1815 980 2078 1034 sinceris—

508 1069 735 1130 simum,
773 1083 1120 1136 cozevamque
1159 1070 1326 1121 inter
1352 1085 1449 1123 nos
1491 1067 1820 1133 amicitiam,
1851 1079 1904 1124 et
1937 1083 2076 1125 cum

511 1160 757 1225 utrisque
789 1159 1112 1224 corporibus
1162 1160 1399 1228 quodam
1444 1161 1606 1214 modo
1663 1157 2081 1225 anetammnteA

417 1318 421 1320 _
508 1263 695 1317 gressa
763 1257 1008 1317 tempora
1046 1249 1264 1304 abunde
1319 1252 1647 1304 docuerunt.
1681 1251 1867 1320 Itaque
1894 1252 2077 1306 verbis

514 1343 659 1394 inter
687 1357 785 1394 nos
827 1357 965 1409 opus
999 1357 1118 1396 esse
1152 1356 1259 1395 non
1293 1343 1558 1406 arbitror,
1589 1343 1794 1412 quibus
1830 1353 2076 1396 nostrum

494 1444 744 1501 .uterque
787 1433 1018 1487 alterum
1086 1435 1190 1490 sibi
1243 1435 1500 1490 conciliet
1533 1444 1587 1489 et
1620 1435 1900 1504 adjungat.
1939 1435 2080 1490 Ven-

513 1536 635 1579 tura
689 1534 872 1580 autem
935 1535 1201 1595 tempora,
1266 1527 1709 1582 fidelissimorum
1775 1527 2076 1581 amicorum

499 1635 670 1688 .opem
702 1620 1082 1689 imploratura,
1115 1629 1175 1673 ut
1209 1636 1470 1690 auguror,
1505 1636 1614 1674 non
1641 1622 1826 1675 minus
1852 1622 1946 1691 qui
1973 1621 2075 1675 sim
2108 1610 2111 1612 ό

494 1725 639 1780 erga
671 1720 722 1766 te
753 1711 1132 1766 declarabunt.
1163 1712 1218 1766 Si
1255 1711 1476 1780 quidem
1521 1711 1686 1781 igitur
1712 1713 1956 1767 viderem
2001 1721 2075 1781 te,

510 1803 849 1872 malignitate
904 1812 961 1857 et
1008 1803 1321 1874 arrogantia
1374 1810 1718 1871 corruptum,
1763 1819 1866 1858 avo
1897 1803 2077 1873 impe-

498 1897 657 1951 rium
685 1896 922 1964 eripere,
957 1902 1015 1950 et
1044 1895 1111 1949 ad
1153 1905 1207 1948 te
1237 1895 1414 1948 solum
1453 1894 1752 1949 transferre
1781 1903 2078 1960 attentare,

501 1990 839 2058 persuadeas
871 1990 970 2043 tibi
1021 1989 1207 2054 velim,
1255 2003 1570 2060 quanquam
1625 1987 1704 2042 tui
1759 2004 1878 2044 sum
1917 1988 2084 2057 cupi;

501 2083 794 2148 dissiinus,
843 2080 1048 2136 nollem
1099 2092 1276 2136 tamen
1318 2081 1520 2135 intam
1582 2081 1811 2136 infando
1856 2081 2084 2152 negotio‘

505 2176 575 2229 ad
625 2185 747 2230 tuas
770 2175 1011 2230 rationes
1046 2189 1131 2228 me
1175 2171 1496 2244 adjungere.
1539 2171 1609 2228 At
1636 2173 1768 2242 quia
1800 2181 1853 2228 te
1885 2174 2081 2228 imme-

506 2275 666 2320 rente
701 2280 925 2336 prorsus
958 2264 1279 2336 hujusmodi
1314 2264 1609 2349 adversum
1644 2273 1697 2319 te
1719 2265 1861 2318 mala
1895 2279 2088 2320 emero-

505 2373 638 2426 gere
667 2373 855 2424 cerno,
892 2368 972 2423 ut,
1005 2359 1114 2412 nisi
1141 2359 1284 2414 Deus
1322 2358 1413 2412 illa
1459 2355 1701 2429 desuper
1730 2349 2080 2426 discus'serit,

507 2451 868 2505 utetueudum
903 2452 976 2505 sit
1030 2466 1100 2504 ne
1129 2452 1182 2504 in
1243 2450 1588 2506 altitudinem
1624 2452 1949 2506 immensam
1987 2455 2081 2506 ex;

505 2552 778 2606 crescant,
810 2558 879 2597 en
911 2528 1010 2612 ego
1045 2543 1190 2596 ultro
1219 2557 1281 2596 ac
1315 2543 1490 2596 libens
1513 2558 1611 2612 pro
1628 2543 1802 2597 salute
1839 2554 1934 2597 tua
1964 2546 2074 2598 'non

503 2633 773 2702 pecunias
825 2642 1056 2697 tantum,
1104 2633 1375 2700 fortunas,
1429 2649 1642 2697 servos,
1695 2635 1923 2702 amicos,
1979 2636 2076 2691 sed

509 2724 777 2793 meipsum
829 2732 1092 2792 przetcrea
1127 2723 1321 2787 oll'ero,
1355 2734 1413 2779 ut
1439 2740 1768 2795 quacunque
1819 2727 1875 2780 in
1910 2744 1967 2782 re
2025 2736 2081 2782 et

505 2816 1004 2885 quomodocunque
1027 2832 1113 2870 me
1165 2817 1239 2871 uti
1270 2819 1468 2885 possis.
1499 2817 1715 2872 Gratias
1742 2820 1945 2874 diserte
1973 2821 2082 2888 agit

509 2910 832 2975 imperator.
859 2919 1022 2976 atque
1051 2909 1157 2962 hoc
1189 2908 1415 2978 insuper
1441 2909 1593 2964 addit
1627 2921 1641 2963 :
1671 2910 1808 2964 Cum
1841 2911 1954 2979 ipsa
1992 2912 2081 2967 die

510 3007 858 3052 veterascant
898 2999 1270 3068 paulatimque
1330 3000 1649 3055 dilabantur
1683 3003 1889 3067 omnia,
1928 3003 2083 3058 insti-

2186 511 2538 591 ορχουμένων
2575 515 2785 580 κακῶν,
2832 515 2928 568 καὶ
2985 513 3084 585 τὴν
3119 515 3334 568 ἀδικίαν
3379 519 3750 586 καταμεμψά-

2183 623 2339 674 μενος
2373 608 2449 670 ὼς
2500 603 2596 660 καὶ
2642 607 2762 660 κατ’
2796 606 2967 674 αὐτῆς
3023 608 3122 675 τῆς
3166 605 3386 674 φύσεως
3420 607 3749 671 δπλίζουσαν

2179 701 2309 763 τοὺς
2360 700 2587 763 ἁλόντας
2631 699 2768 769 αὐτῇ
2829 697 3108 763 καθάπαξ,
3165 699 3443 767 Κράτιστε
3502 699 3749 770 βασιλεῦ,

2180 788 2306 860 ἔφη,
2339 789 2400 842 τὸ
2427 790 2527 858 μὲν
2567 789 2737 842 κακὸν
2764 789 3068 855 κατάδηλον
3094 789 3322 842 αύτόθεν
3375 789 3450 852 ὡς
3497 789 3614 844 ἐστι
3643 792 3751 844 τῶν

2178 880 2520 949 ἀνηκέστων.
2562 879 2673 950 Τὴν
2723 880 2781 932 δὲ
2835 881 2972 948 πρὸς
3003 881 3064 932 σέ
3096 897 3197 950 μου
3232 880 3415 933 πίστιν
3461 885 3555 936 καὶ
3603 883 3752 937 δόλου

2183 960 2595 1041 παντδςάμιγῆ
2636 972 2842 1039 φιλίαν,
2892 973 2986 1024 καὶ
3015 975 3043 1025 ό
3093 971 3381 1042 παρελθὼν
3437 975 3754 1044 μὲνλχρόνος

2182 1051 2584 1132 βεϐαιιῦσᾶσθαι
2646 1063 2854 1128 ίκανδς,
2884 1064 3166 1133 ἡλικιῶτιν
3219 1067 3314 1116 καὶ
3359 1065 3472 1128 τοῖς
3511 1064 3754 1134 σώμασιν

2180 1154 2313 1222 ἡμῖν
2339 1151 2814 1221 συναυξανομένην
2843 1150 3134 1218 ἀποδείξας
3159 1153 3360 1222 τρόπον
3385 1154 3527 1208 τινά.
3550 1145 3754 1224 Διόπερ

2179 1237 2503 1310 ούδὲλόὴων
2531 1225 2641 1296 δεῖν
2670 1243 2807 1314 πρὸς
2824 1240 3085 1313 ἀλλήλους
3117 1227 3260 1313 ἡμᾶς
3291 1244 3554 1314 ἠγοῦμαι,
3579 1246 3756 1315 ἑαυτῷ
3801 1313 3810 1317 _

2179 1321 2481 1404 τὺνὲτερον
2515 1335 2808 1407 ἑκατέρους
2839 1336 3271 1405 οἰκειουμένους.
3305 1337 3414 1390 Καὶ
3457 1339 3484 1390 ό
3541 1338 3753 1406 μέλλων
3792 1317 3796 1326 ’

2178 1426 2233 1480 δὲ
2267 1426 2365 1478 ούκ
2389 1417 2610 1480 ἔλαττον
2644 1427 2828 1492 δείξει,
2864 1428 3033 1496 φίλων
3061 1429 3396 1482 πιστοτάτων
3425 1430 3754 1499 δεησόμενος

2179 1519 2255 1580 ὼς
2282 1519 2414 1590 όρῶ.
2460 1520 2524 1573 El
2563 1521 2660 1588 μὲν
2691 1519 2783 1573 οὖν
2815 1520 3003 1590 ἑώρων
3045 1538 3102 1572 σε
3131 1520 3437 1592 κακοηθείᾳ
3469 1521 3753 1592 χρώμενον

2181 1611 2274 1672 καὶ
2310 1609 2573 1681 αὐθαδείᾳ
2601 1610 2736 1679 πρὸς
2773 1599 3138 1681 βασιλέατδν
3171 1613 3416 1676 πάππον,
3453 1613 3552 1681 τῆς
3577 1613 3754 1682 ἀρχῆς

2181 1703 2386 1754 ἐκεῖνον
2429 1702 2535 1771 μὲν
2555 1703 2900 1773 ἀποστερεῖν,
2934 1687 3148 1771 σεαυτῷ
3169 1690 3250 1756 ’όὲ
3273 1691 3430 1773 μόνῳ’
3454 1707 3755 1774 περιποιεῖ-

2183 1792 2306 1856 σθαι
2343 1791 2649 1860 βούλεσθαι,
2679 1792 2740 1848 εὖ
2772 1794 2904 1859 ίσθι,
2945 1795 3125 1849 καίτοι
3159 1794 3503 1863 λίανφιλῶν,
3561 1797 3661 1850 οὐκ
3682 1798 3752 1850 ’ἂν

2177 1885 2352 1948 οὕτως
2391 1885 2592 1938 ἀτόποο
2624 1885 2878 1953 πράξεως
2910 1887 3136 1958 εἱλόμην
3163 1903 3245 1941 σοι
3276 1891 3580 1943 κοινωνεῖν.
3599 1887 3754 1940 Ἐπεὶ

2177 1975 2222 2028 δ’
2273 1976 2332 2040 ἐξ
2376 1973 2639 2045 οὐδεμιᾶς
2695 1965 2882 2046 αἰτίας
2899 1978 3126 2033 τοιαῦθ’
3155 1979 3266 2049 ὀρῶ
3301 1981 3548 2049 φυόμενα
3609 1981 3753 2033 κακὰ

2179 2067 2323 2121 κατὰ
2348 2067 2468 2131 σοῦ,
2503 2068 2636 2121 ὥστ’
2671 2069 2722 2121 εί
2753 2069 2831 2138 μὴ
2855 2109 2860 2114 .
2886 2068 3019 2132 Θεὸς
3050 2069 3258 2125 ἄνωθεν
3291 2071 3429 2126 αὐτὰ
3484 2069 3752 2135 διαλύσει,

2177 2159 2300 2213 οὐδὲ
2325 2159 2467 2214 πάνυ
2497 2151 2687 2231 uappa;
2706 2161 3031 2230 προσδοκίας
3052 2163 3134 2224 είς
3159 2161 3297 2232 ὕψος
3331 2163 3564 2234 ἀρθῆναι
3591 2163 3750 2233 βαθὺ,

2179 2250 2518 2315 ἑπὼναύτὺς
2541 2245 2840 2322 ἐπιδίδωμι
2857 2253 2972 2316 τοῖς
2999 2253 3269 2318 κινδύνοις
3301 2256 3414 2316 τοῖς
3444 2255 3583 2325 ὑπὲρ
3633 2254 3772 2320 σοῦ,’

2179 2343 2240 2396 οὐ
2270 2343 2534 2415 χρήματα
2571 2346 2734 2412 μόνον
2768 2345 2863 2397 καὶ
2898 2331 3092 2414 κτῆσιν
3140 2347 3234 2400 καὶ
3264 2346 3484 2409 οἰκέτας
3513 2347 3608 2399 καὶ
3663 2346 3752 2414 φί-

2180 2436 2348 2501 λους,.
2388 2436 2506 2490 ἀλλ’
2549 2436 2678 2506 ἡδηζ
2717 2427 2824 2492 καί
2863 2438 3027 2491 αὐτὸν
3072 2439 3194 2508 ἐμὲ,
3241 2440 3381 2494 ὥστε
3438 2439 3605 2508 ἔχειν,
3641 2441 3668 2492 ὃ
3702 2456 3752 2491 τι

2186 2509 2424 2605 βουλήσῄ
2462 2527 2721 2597 χρῆσθαι.
2764 2528 2890 2581 Ἐπὶ
2920 2529 3131 2593 τούτοις
3165 2529 3259 2582 τοῦ
3297 2529 3568 2599 βασιλέως
3599 2531 3755 2598 δομε-

2184 2620 2354 2688 στίχῳ
2384 2618 2464 2687 τῷ
2498 2617 2721 2688 μεγάλῳ
2753 2618 2952 2690 πολλὴν
2979 2619 3630 2694 χάρινόμολογήσαντος,
3657 2623 3753 2675 καὶ

2182 2694 2530 2777 προσθέντος,
2553 2709 2627 2772 ὡς
2661 2710 2717 2764 '0
2745 2710 2902 2764 πάντ’
2933 2713 3466 2784 ἁμϐλύνὶοντχρόνος,
3499 2715 3591 2768 καὶ
3616 2715 3756 2768 κατὰ

2186 2803 2382 2871 μικρὸν
2405 2802 2694 2872 ὑπορρέειν
2719 2804 2911 2869 ποιῶν,
2943 2805 3041 2874 τῆς
3067 2805 3346 2876 ἡμετέρας
3367 2806 3599 2876 ἥττηται
3625 2805 3756 2875 πρὸς
3818 2850 3820 2854 ,

2185 2891 2709 2961 ἀλλήλουςφιλίας,
2775 2894 3259 2965 ἐρρωμενεστέρας
3331 2895 3418 2948 ἀεὶ
3488 2896 3596 2958 καὶ,
3653 2897 3757 2947 ἀκ-

2188 2983 2482 3054 μαιοτέρας
2512 2985 2795 3054 προϊόντος
2823 2987 3177 3056 φαινομένης,
3218 2987 3312 3040 καὶ
3333 2988 3536 3057 δένδρῳ
3583 3005 3756 3058 προσ-

509 3099 627 3142 tuta
654 3090 785 3142 mibi
813 3099 993 3144 tecum
1019 3091 1259 3146 amicitia
1285 3101 1612 3171 vetustatem
1638 3094 1810 3148 vincit
1839 3113 1852 3148 :
1877 3096 2080 3164 quippe

2192 3073 2512 3137 εικάσαντος
2537 3075 2623 3127 ἀεὶ
2648 3074 2887 3144 βρίθοντι
2917 3078 3033 3138 τοῖς
3076 3080 3336 3148 καρποῖς,
3368 3079 3464 3130 καὶ
3492 3079 3584 3130 τὸν
3621 3094 3756 3147 παρ·

508 3197 633 3250 quae
687 3190 930 3251 tempore
987 3182 1320 3250 procedente
1367 3181 1598 3238 validior
1639 3179 1865 3253 semper
1915 3197 2079 3255 atque

510 3275 780 3328 virentior
807 3285 1052 3344 apparet,
1084 3275 1270 3328 arbori
1303 3263 1567 3344 perpetua
1601 3275 1890 3330 baccarum
1918 3273 2083 3330 uber-

510 3374 624 3419 tate
653 3365 1084 3430 incurvescenti,
1115 3383 1178 3421 ac
1214 3369 1471 3437 praesenti
1503 3353 2094 3439 auctamnitatc‘prah

511 3455 731 3509 tcritam
766 3459 1047 3525 superanti
1070 3459 1285 3512 similis.
1312 3459 1614 3512 Dehinead
1649 3444 2100 3515 oonsulta‘n’dum?

509 3545 813 3611 conversis,
843 3547 1083 3615 primum
1104 3548 1363 3601 omnium
1389 3549 1770 3617 complacitum
1803 3551 1911 3611 est,
1945 3535 2082 3602 deli-

514 3636 749 3702 gendum
790 3637 1095 3704 esse,.qui
1123 3636 1188 3690 ad
1237 3652 1295 3691 se
1353 3637 1733 3707 confugientes
1787 3637 2077 3707 reciperet,

512 3727 697 3780 locum
725 3724 1024 3790 munitum,
1045 3727 1266 3796 situque
1299 3716 1412 3782 tum
1439 3729 1508 3782 ad
1541 3728 1774 3783 tuendos
1808 3719 2080 3798 receptos,

516 3825 630 3872 tum
657 3817 1023 3871 ad'arcendos
1051 3828 1436 3886 oppugnantes
1466 3818 1612 3872 baud
1644 3818 2078 3872 incommodum.

516 3907 911 3963 Nominabatur
941 3908 1047 3978 25
1103 3909 1158 3963 in
1185 3908 1411 3978 Odrysis
1448 3910 1517 3964 ab
1549 3908 1790 3965 Adriano
1821 3910 2070 3982 Augusto

512 3999 841 4055 vocabulum
899 4001 1092 4056 sortita
1123 4001 1529 4071 AdrianOpolis,
1578 4002 1744 4072 idque
1796 4003 1983 4058 multis
2025 4012 2081 4058 et

512 4094 936 4161 pc‘rncccssariis
971 4096 1037 4150 de
1072 4096 1274 4151 causis.
1314 4096 1422 4150 Sed
1465 4111 1591 4151 cum
1624 4097 1762 4152 illud
1793 4099 1876 4152 eis
1913 4098 2080 4154 timo-

512 4199 626 4238 rem
662 4185 888 4248 faceret,
921 4202 990 4241 ne
1030 4187 1231 4241 infesto
1265 4186 1482 4256 agmine
1511 4202 1610 4256 per
1656 4182 1894 4257 vestigii
1937 4187 2083 4243 inse-

509 4285 673 4331 cutus
723 4276 910 4332 senior
954 4278 1094 4347 (qui
1144 4277 1378 4332 militem
1429 4278 1482 4331 in
1537 4287 1792 4348 promptu
1829 4277 2077 4341 traheret,

2183 3164 2481 3234 εληλυθότα
2535 3166 2609 3234 τῷ
2653 3166 2916 3220 ἐνεστῶτι
2970 3167 3192 3222 νικῶντι
3221 3169 3420 3238 χρόνῳ,
3453 3170 3755 3241 ’ἐτράποντο

2183 3257 2403 3326 πρὸςτδ
2439 3257 2792 3325 βουλεύεσθαι
2813 3261 2956 3329 ιπερὶ
2986 3261 3094 3313 τῶν
3126 3261 3431 3329 παρόντων.
3458 3262 3568 3314 Καὶ
3599 3262 3758 3332 πρῶ-

2183 3348 2486 3402 τοννὲδόκει
2517 3350 2758 3416 πάντων,
2813 3349 3046 3422 ἐκλογὴν
3103 3351 3436 3422 ποιήσασθαι
3470 3352 3566 3406 τοῦ
3629 3354 3757 3422 μέλ-

2182 3441 2368 3507 λοντος
2393 3444 2595 3504 αὐτοὺς
2619 3443 2973 3509 ὑποδέξεσθαι
2995 3444 3302 3514 φεύγοντας
3335 3445 3598 3516 φρουρίου
3634 3449 3754 3499 ἑπι-

2184 3535 2392 3604 καίρως
2415 3535 2762 3604 κεισομένου,
2791 3537 2884 3589 καὶ
2907 3537 3045 3605 πρὸς
3068 3537 3126 3590 τὸ
3150 3537 3384 3606 φυλάξαι
3409 3539 3756 3608 διαδράντας,

2186 3627 2280 3679 καὶ
2304 3628 2438 3695 πρὸς
2461 3625 2523 3678 τὸ
2547 3627 2658 3688 τοῖς
2686 3626 3016 3695 μαχομένοις
3038 3628 3442 3698 ἀντεπιχειρεῖν
3471 3629 3756 3699 ῥᾳστώνην

2187 3721 2472 3789 παρέχειν.
2513 3719 2720 3773 Ἐδόκει
2757 3725 2858 3788 μὲν
2903 3719 2998 3774 οὖν
3025 3721 3244 3776 ἑλέσθαι
3270 3722 3372 3792 τὴν
3395 3723 3452 3774 ὲν
3479 3723 3756 3792 Ὀδρυσοῖς

2189 3807 2480 3878 ἐπώνυμον
2515 3809 2779 3880 Ἀδριανῷ
2804 3811 2979 3878 πόλιν,
3012 3812 3226 3865 πολλῶν
3258 3813 3425 3866 ἑνεκα
3452 3815 3546 3866 καὶ
3590 3815 3757 3882 ἀναγ-

2188 3901 2495 3954 καιοτάτων
2534 3901 2748 3957 αίτιῶν.
2793 3902 3035 3962 Δεδιότες
3068 3903 3124 3955 δὲ
3181 3905 3254 3973 μὴ
3291 3906 3606 3968 καταπόδας
3632 3908 3780 3976 -τῆς,

2186 3994 2365 4063 φυγῆς
2396 3993 2932 4063 ἐπιστρατεύσαντος
2961 3995 3148 4057 αὐτοῖς
3176 3994 3270 4047 τοῦ
3322 3995 3612 4064 βασιλέως,
3654 3997 3749 4050 ἅτε

2187 4087 2280 4139 καὶ
2311 4087 2576 4157 στρατιὰν
2603 4087 2818 4157 ἔχοντος
2859 4087 2916 4152 ἑξ
2944 4087 3188 4157 ἑτοίμου,
3215 4090 3308 4143 καὶ
3337 4092 3434 4158 τῆς
3466 4090 3585 4142 έοδοῦ
3612 4091 3757 4143 δυοῖν

2184 4182 2217 4252 ἢ
2261 4180 2430 4250 τριῶν
2459 4179 2686 4251 ἡμερῶν
2717 4179 2941 4233 ἔλαττον
2971 4179 3138 4252 οὔσης
3185 4181 3410 4246 ἁλῶσιν,
3445 4181 3757 4250 ἀμύνασθαι

2191 4272 2270 4342 μὴ
2301 4271 2596 4341 δυνάμενοι
2621 4271 2750 4333 τοὺς
2775 4272 3051 4335 ἐπιόντας,
3082 4271 3438 4341 ἑξεκρούοντο
3470 4271 3574 4324 τῶν
3609 4271 3760 4340 λογι-

507 4383 784 4438 qucmque
804 4369 905 4422 viae
930 4369 1190 4434 brevitas,
1214 4367 1448 4423 duorum
1476 4368 1760 4434 nimirum,
1791 4377 1886 4423 aut
1911 4369 2077 4423 trium

2186 4364 2362 4433 σμῶν.
2396 4364 2746 4418 Συνετίθεντο
2803 4364 2881 4419 δὲ.
2915 4365 3116 4432 μᾶλλον
3169 4365 3305 4436 πρὸς
3335 4363 3432 4434 τὴν
3467 4366 3524 4417 ἐν
3567 4365 3760 4437 Θρᾴκῃ

507 4460 723 4514 dierum
779 4461 978 4516 itinere
1015 4462 1197 4516 minor
1225 4461 1548 4541 adiuvaret)
1582 4461 1852 4532 fugientes
1891 4461 2078 4532 oppri-

507 4560 682 4604 meret
721 4569 733 4604 :
767 4551 1220 4621 quandoquidem
1252 4551 1354 4620 ipsi
1390 4567 1420 4607 a
1453 4560 1605 4621 tergo
1656 4552 1922 4606 instantes
1951 4568 2079 4622 pro-

507 4643 727 4712 pulsare
785 4644 1100 4710 nequirent,
1155 4636 1212 4699 in
1265 4644 1481 4699 irritum
1523 4645 1752 4701 cadente
1780 4647 2076 4708 sententia.

504 4733 882 4798 Cbrislopolin
915 4734 1165 4795 Thracia:
1193 4735 1384 4788 urbem
1423 4742 1612 4804 pctcrc
1643 4739 2074 4791 constituerunt.

507 4824 582 4878 lis
612 4823 716 4878 hoc
745 4824 906 4878 modo
936 4825 1083 4880 inter
1107 4841 1177 4880 se
1229 4827 1676 4904 consiliantibus,
1711 4845 1740 4882 a
1765 4828 1925 4883 Crale
1952 4829 2077 4882 Ste-
2099 4837 2112 4858 ἰ

506 4917 710 4985 pbano,
740 4905 1106 4969 Tribal‘lorum
1136 4918 1380 4988 principe
1409 4917 1542 4986 (78),
1579 4919 1651 4972 ’ad
1673 4917 2072 4988 intperatorem
2109 4921 2112 4924 ’

504 5025 667 5063 avum
716 5011 911 5078 (cujus
959 4999 1134 5062 filiam
1184 5010 1556 5066 Simoniadcm
1611 5012 1849 5066 habebat
1883 5013 1935 5065 in
1969 5029 2078 5067 ma-

506 5099 816 5168 trimonio),
852 5100 1071 5153 advenit
1104 5100 1325 5170 legatio,
1362 5117 1429 5154 ex
1465 5117 1629 5156 causa
1664 5086 2073 5172 liiijusccmodi.

504 5188 808 5256 Imperator
841 5187 906 5241 de
939 5185 1060 5256 ejus
1093 5192 1338 5242 exercitu
1371 5201 1657 5244 mutuatus
1701 5193 1924 5244 circiter
1967 5193 2075 5246 duo

503 5276 869 5331 Cottianorum
922 5276 1111 5340 millia,
1167 5292 1261 5332 eos
1313 5294 1423 5332 non
1479 5281 1816 5343 restituerat,
1879 5279 1973 5333 sed
2005 5281 2071 5334 ad

503 5369 902 5423 reinanendum
954 5368 1238 5437 pellectus,
1284 5369 1358 5424 ita
1414 5371 1705 5427 retinebat.
1765 5369 1946 5436 Quare
1981 5386 2075 5424 ar-

2185 4455 2584 4526 Χριστούπολιν
2629 4458 2910 4511 ἀπελθεῖν.
2946 4457 3123 4512 Ὀὕτω
3174 4459 3302 4528 περὶ
3332 4459 3443 4511 τῶν
3479 4457 3602 4510 καθ’
3634 4459 3758 4510 ἑαυ·

2179 4546 2306 4608 τοὺς
2333 4545 2748 4617 βουλευομένων
2774 4547 2973 4612 αὐτῶν,
3003 4548 3316 4615 ἀφικνεῖται
3343 4547 3494 4616 παρὰ
3519 4546 3611 4599 τοῦ
3635 4547 3760 4616 Τρι-

2181 4638 2360 4692 ϐαλῶν
2422 4638 2688 4710 ἄρχοντος
2748 4639 2938 4710 Κράλη
2997 4639 3276 4707 Στεφάνου
3341 4639 3480 4708 πρὸς
3524 4638 3756 4708 βασιλέα

2182 4728 2473 4796 πρεσϐεία,
2505 4729 2563 4791 ὃς
2589 4723 2657 4799 ἦν
2681 4729 3019 4800 γεγαμηκὼς
3049 4730 3145 4797 τὴν
3177 4728 3441 4806 βασιλέως
3473 4729 3756 4795 θυγατέρα

2182 4819 2281 4887 τὴν
2308 4820 2602 4889 Σιμωνίδα.
2657 4820 2721 4871 Ἢ
2758 4819 2814 4872 δὲ
2858 4820 2956 4888 τῆς
3011 4804 3309 4889 πρεσϐείας
3357 4821 3632 4888 πρόφασις
3663 4816 3751 4889 ἦν,

2180 4911 2261 4963 ὅτι
2299 4913 2361 4964 ἐκ
2395 4910 2489 4980 τῆς
2517 4911 2684 4964 αὑτοῦ
2717 4913 2980 4980 στρατιᾶς
3006 4911 3276 4979 Κομάνων
3307 4910 3504 4978 ὀλίγων
3536 4911 3758 4972 δέοντας

2178 5001 2454 5070 δισχιλίων
2486 5002 2687 5066 λαϐὼν,
2747 5003 2849 5054 οὐκ
2898 5003 3148 5056 ἀπέδωκε
3210 5003 3336 5066 τοὺς
3393 5001 3753 5074 στρατιώτας,

2178 5094 2316 5146 ἀλλὰ
2351 5095 2545 5156 πείσας
2575 5095 2779 5162 μένειν.
2814 5096 3245 5163 παρακατεῖχεν.
3285 5094 3403 5162 Ἐφ’
3437 5089 3518 5156 οἷς
3549 5096 3576 5145 ὁ
3607 5095 3758 5160 Κρά-

2179 5186 2278 5256 λης
2306 5187 2765 5256 παροξυνόμενος,
2797 5186 3211 5256 διεπρεσϐεύετο
3270 5187 3404 5256 πρὸς
3453 5186 3545 5237 τὸν
3596 5186 3760 5254 κηδε-

2182 5277 2338 5346 στήν.
2388 5278 2444 5342 Ὁ
2508 5279 2858 5349 πρεσϐευτὴς
2919 5279 2976 5331 δὲ
3010 5279 3238 5347 μοναχὸς
3290 5273 3398 5346 ἦν,
3432 5275 3761 5336 Καλλίνικος
3809 5291 3812 5296 '

2180 5369 2519 5440 κεκλημένος
2543 5410 2558 5436 ,
2596 5372 2656 5424 τὸ
2687 5371 2845 5438 γένος
2881 5371 2980 5440 μὲν
3015 5374 3108 5423 καὶ
3155 5371 3316 5432 αὐτὸς
3341 5367 3614 5437 Τριϐαλός
3646 5406 3662 5433 ,
3695 5362 3754 5418 εὗ

565 5547 572 5552 .
1101 5487 1104 5490 ’
1315 5562 1318 5567 ,
1705 5475 1708 5480 ’
1737 5490 1987 5551 Jacobi
2023 5492 2080 5548 Ρ(

2183 5490 2286 5548 ani
2324 5498 2510 5550 natm.
3503 5565 3505 5567 1

575 5593 686 5672 (78)
719 5593 924 5672 ﬁumen
947 5593 1169 5672 κζράλτὶς
1194 5613 1390 5672 regem
1427 5607 1583 5672 sonat
1613 5596 1911 5672 Hungaris,
1942 5595 2066 5672 Bul-
2172 5595 2372 5672 frictum
2421 5596 2646 5668 Κρὰλης
2695 5613 2724 5651 a
2788 5603 2978 5652 nostro
3030 5595 3316 5660 historico,
3376 5601 3432 5647 et
3486 5590 3756 5646 muliebre

505 5664 651 5730 paris
699 5664 811 5716 sive
851 5665 1090 5728 Serviis,
1123 5664 1502 5726 Sclav'onibus.
1553 5664 1784 5728 Boemis,
1824 5665 2063 5723 Pnlonis,

505 5749 535 5786 ει
571 5733 732 5793 lin-al,
767 5738 1212 5799 etcontractione
1245 5737 1386 5790 liral.
1415 5737 1541 5792 Inde
1576 5737 1844 5800 positione
1877 5734 2062 5788 Graeca

2176 5665 2480 5736 Κράλαινα.

2837 5861 2840 5865 ’
2890 5851 2909 5878 Ι
