4106 6292
507 347 609 412 10‘)

1656 352 1978 419 JOANNIS
2022 354 2556 420 CANTACUZENI

3658 354 3755 421 104

503 467 745 523 ludetur.
793 467 934 535 Quin
962 469 1129 524 etiam
1170 471 1422 539 exempla
1478 486 1507 524 e
1541 487 1597 525 rc
1629 483 1812 527 nostra
1849 472 2072 543 adjicia-

2187 470 2440 541 ἐμμένων
2496 464 2957 540 βεϐουλευμένοις,
3010 468 3274 538 τρόπαιον
3324 468 3431 522 ἀπὸ
3454 469 3563 523 τῶν
3589 472 3752 525 πολε·

506 574 652 613 mus.
691 560 887 614 Nullus
922 560 1121 614 ductor
1164 562 1492 630 placitorum
1527 565 1770 632 priorum
1799 574 1980 627 tenax,
2012 565 2082 617 de

509 649 762 703 hostibus
794 658 1060 718 tropaeum
1120 653 1338 721 eriget;
1371 654 1479 707 imo
1510 655 1742 723 turpiter
1773 664 1829 709 et
1867 655 2084 709 ellemi-

507 750 637 793 nate
678 740 856 794 victus
887 755 1056 811 seque
1086 743 1429 813 militemque
1485 744 1760 813 perditum
1793 746 1913 799 ibit.
1945 746 2081 800 Nam

507 831 553 883 si
587 831 772 898 copias
811 846 937 885 suas
974 832 1308 887 adversariis
1337 834 1498 904 longe
1540 835 1798 904 majores,
1834 845 1890 890 et
1937 835 2084 889 bello

509 923 929 977 exercitatiores
954 938 1209 988 censens,
1245 924 1459 979 idcirco
1492 927 1678 996 prmlio
1705 927 2082 981 dimicandum

512 1015 846 1076 decreverit,
869 1015 1069 1070 deinde
1102 1017 1153 1068 in
1178 1019 1537 1086 conspectum
1563 1018 1805 1073 hostium
1833 1022 2082 1083 veniens.

510 1121 608 1162 eos
639 1115 691 1158 et
726 1120 981 1170 numero,
1018 1115 1072 1159 ct
1101 1123 1226 1173 usu,
1257 1116 1313 1161 et
1338 1124 1618 1163 armorum
1642 1120 1906 1180 apparatu
1948 1113 2087 1167 mul-

515 1198 583 1251 tis
624 1194 872 1263 partibus
908 1195 1222 1263 superiores
1251 1197 1477 1261 viderit,
1495 1208 1550 1252 et
1585 1201 1711 1268 quia
1735 1201 2085 1270 anticipatam

511 1289 827 1357 opinionem
857 1290 1113 1344 deserere
1137 1304 1244 1343 non
1284 1290 1420 1355 vult,
1458 1290 1863 1347 inconsiderate
1897 1309 1961 1347 ac
1997 1302 2079 1348 te-

512 1395 663 1435 mere
694 1382 867 1449 signis
893 1381 1066 1435 illatis
1095 1381 1427 1441 conﬂixerit.
1456 1382 1654 1451 ecquid
1685 1383 1846 1437 talem
1888 1385 2084 1439 ducem

514 1468 712 1523 insano
773 1484 968 1538 parum
1000 1469 1267 1524 interesse
1304 1471 1661 1541 negabimus‘l
1693 1471 1855 1528 Certe
1904 1478 2087 1530 neuti-

512 1573 701 1626 quam.
731 1559 920 1628 Itaque
949 1571 1008 1615 et
1047 1568 1102 1613 tu
1140 1561 1273 1614 mihi
1316 1561 1370 1615 in
1402 1577 1643 1630 praesens
1666 1564 2086 1620 admirationem

513 1662 851 1710 commoves,
881 1648 1048 1703 homo
1081 1665 1113 1703 a
1140 1649 1376 1719 pueritia
1403 1666 1577 1720 usque
1607 1651 1675 1704 ad
1703 1652 1808 1707 hoc
1830 1655 2005 1708 artatis
2033 1655 2085 1708 in

515 1736 710 1791 militia
741 1746 800 1794 et
834 1738 1168 1794 militaribus
1207 1750 1457 1796 versatus
1497 1742 1801 1807 laboribus,
1847 1744 1979 1799 dum
2007 1747 2088 1799 af-

2187 560 2326 629 μίων
2356 560 2687 630 ἀναστήσει’
2734 559 2852 612 ἀλλ’
2901 558 3143 628 αἰσχρῶς
3196 558 3288 611 καὶ
3321 558 3565 625 ἀγεννῶς
3595 562 3759 630 ήττηυ

2185 648 2320 714 θεὶς,
2385 648 2828 716 συγκινδυνεύσει
2891 653 3007 712 τοῖς
3056 649 3444 720 στρατιώταις.
3505 650 3605 703 Ἂν
3654 650 3761 721 γὰρ

2187 741 2367 811 συμᾶᾔ
2391 741 2553 811 τυχὸν
2586 741 2684 810 τὴν
2746 741 2845 811 μὲν
2884 740 3079 794 ἑαυτοῦ
3132 741 3397 811 στρατιάν
3453 741 3762 794 πολλαπλα·

2187 831 2339 883 σίονα
2385 831 2807 900 τῶνυπολεμίων
2838 832 2934 885 καὶ
2967 833 3107 899 πρὸς
3152 830 3222 885 τά
3254 831 3532 901 πολεμικά
3562 832 3760 902 μᾶλλον

2186 918 2508 989 ἠσκημένην
2532 921 2810 990 ἠγεῐτθαι,
2837 921 2933 973 καὶ
2952 920 3043 975 διά
3064 921 3225 973 τοῦτο
3264 921 3378 974 δεῖν
3402 918 3759 992 βουλεύσηται

2191 1011 2371 1079 μάχην
2390 1011 2709 1075 συνάπτειν,
2729 1008 2828 1065 εἰτ’
2845 1014 2937 1065 ἐπὶ
2958 1011 3066 1064 τῶν
3090 1013 3435 1082 πραγμάτων
3453 1013 3644 1077 ἐλθὼν,
3665 1014 3761 1083 τὴν

2186 1098 2294 1152 τῶν
2317 1100 2575 1153 ἐναντίων
2608 1101 2690 1172 ἴδῃ
2719 1102 2816 1155 καὶ
2845 1100 2923 1171 τῷ
2959 1101 3157 1171 πλήθει
3181 1103 3273 1155 καὶ
3306 1105 3373 1173 τῇ
3404 1103 3636 1172 ἀσκήσει
3670 1103 3762 1156 καὶ

2186 1193 2299 1251 τοῖς
2328 1192 2513 1253 ὅπλοις
2546 1190 2923 1261 ὑπερέχουσαν
2976 1191 3159 1261 πολλῷ
3207 1190 3285 1261 τῷ
3323 1193 3509 1262 μέτρῳ
3532 1209 3549 1224 ο
3598 1192 3685 1246 διὰ
3708 1193 3761 1246 δέ

2186 1280 2248 1331 τὸ
2282 1279 2358 1349 μὴ
2378 1279 2539 1332 λῦσαι
2580 1281 2647 1334 τὰ
2678 1280 3001 1351 δεδογμένα,
3030 1282 3330 1350 ἀλογίστως
3380 1284 3762 1355 συμπλέκηται

2189 1373 2284 1424 καὶ
2309 1372 2659 1441 παραβόλως,
2687 1373 2784 1425 οὑκ
2819 1373 2885 1427 ἂν
2906 1373 3075 1442 ἐγγὺς
3093 1373 3186 1428 τοῦ
3216 1376 3504 1443 μαίνεσθαι
3526 1377 3763 1446 φαίημεν

2188 1461 2282 1515 τον
2336 1462 2642 1532 στρατηγὸν
2692 1463 2930 1529 ἐκείνον;
2956 1464 3130 1519 Παντί
3170 1482 3275 1517 που
3313 1465 3499 1535 δῆλον.
3540 1468 3633 1520 Διό
3672 1480 3763 1535 μοι

2189 1553 2286 1607 καὶ
2330 1553 2391 1607 σὲ
2420 1553 2515 1607 νῦν
2558 1555 2745 1608 ἐπεισι
2781 1555 3108 1626 θαυμάζειν,
3143 1556 3318 1620 οὑτως
3343 1559 3764 1630 ἀποφηνάμενον

2189 1642 2265 1705 ὡς
2308 1643 2417 1713 χρὴ
2474 1647 2586 1708 τοῖς
2645 1645 2704 1710 ἐξ
2748 1646 2923 1716 ἀρχῆς
2964 1645 3309 1716 δεδογμένοις
3371 1649 3651 1719 ἐμμένειν,
3703 1652 3764 1703 ἐκ

2191 1734 2414 1805 πρώτης
2431 1736 2646 1807 ἡλικίας
2669 1738 2728 1800 ἐς
2758 1737 2874 1791 τόδε
2894 1738 3109 1807 χρόνου,
3147 1739 3463 1809 στρατείαις
3512 1743 3609 1794 καὶ
3653 1745 3763 1805 τοῖς

514 1830 699 1883 ﬁrmas
730 1868 747 1892 ,
802 1845 925 1899 qua
975 1846 1004 1884 a
1059 1832 1337 1902 principio
1376 1836 1631 1889 statuerit
1685 1837 1980 1907 quispiam,
2016 1839 2086 1894 iis

2188 1824 2253 1875 ἐκ
2284 1826 2570 1895 στρατείας
2631 1827 3054 1898 ἐνδιατρίψαντα
3094 1828 3298 1896 πόνοις,
3344 1831 3578 1884 τοῦτοδὲ
3606 1832 3764 1901 ἠγνο·

513 1920 733 1975 aﬂixum
754 1936 877 1976 esse
910 1931 1171 1990 oportere
1192 1961 1208 1986 ,
1242 1938 1344 1979 nec
1374 1923 1486 1980 scis
1528 1926 1615 1979 vel
1662 1942 1774 1981 uno
1823 1927 2089 1997 temporis

513 2021 719 2079 puncto
743 2014 851 2083 31
879 2030 1065 2069 rerum
1106 2014 1471 2084 plurimarum
1495 2010 1973 2074 commutationes-
1994 2034 2088 2074 so-

511 2103 628 2158 lere
660 2105 798 2160 ﬁeri.
821 2105 1024 2160 Adincc
1044 2120 1277 2176 magnus
1299 2106 1637 2162 domesticus
1661 2109 1742 2163 sic
1776 2110 2085 2180 respondit:

512 2196 627 2265 Ego
645 2212 774 2250 vero
811 2199 1125 2253 mortalium
1156 2198 1339 2254 adhuc
1376 2200 1586 2254 nullum
1613 2240 1628 2265 ,
1671 2199 1862 2256 saltem
1897 2203 2090 2272 paulu-

510 2288 625 2342 lum
659 2298 841 2343 meute
880 2289 1177 2351 valentem,
1209 2289 1283 2343 ita
1320 2301 1642 2360 perpetuam
1676 2291 1729 2346 in
1782 2294 1956 2362 prima
1991 2293 2090 2348 alio

442 2404 447 2407 -
511 2395 620 2449 qua
687 2381 973 2436 voluntate
1026 2377 1477 2449 permansionem
1553 2383 1775 2440 sibimet
1824 2386 2089 2443 indixisse

510 2471 705 2534 credo,
731 2483 791 2527 ut
816 2486 938 2526 eam
968 2481 1178 2542 postea,
1210 2473 1424 2527 tametsi
1445 2473 1671 2528 meliora
1711 2489 1771 2529 se
1795 2475 2086 2543 offerrent,

511 2564 807 2620 immutare
840 2565 1250 2620 detrectaverit.
1275 2564 1355 2619 Te
1384 2578 1605 2635 quoque
1636 2565 1814 2635 ipsum
1847 2568 2090 2624 arbitror

509 2670 621 2709 non
650 2655 899 2725 potuisse
943 2663 1054 2711 tam
1118 2655 1411 2711 immodice
1448 2656 1585 2711 mihi
1636 2658 1957 2723 conviciari,
1994 2672 2091 2716 aut

511 2747 580 2800 de
614 2746 781 2801 rebus
811 2747 949 2801 adeo
977 2747 1269 2803 commode
1299 2763 1362 2803 ac
1389 2763 1516 2803 vere
1538 2748 1716 2819 loqui,
1746 2750 1849 2805 nisi
1880 2752 2091 2822 pariter

512 2851 729 2890 mecum
762 2836 1020 2891 sentires.
1051 2835 1286 2891 Tantum
1314 2846 1496 2893 autem
1524 2839 1594 2894 ab
1613 2839 1708 2894 illo
1729 2839 1897 2907 disto,
1923 2855 2087 2909 quem

515 2938 572 2981 tu
610 2942 697 2981 ine
721 2926 1013 2992 describis,
1043 2935 1105 2981 ut
1132 2938 1240 2982 tam
1284 2929 1337 2982 in
1373 2929 1613 2999 publicis
1663 2943 1830 3000 quam
1863 2931 2091 3000 privatis

510 3018 1053 3085 deliberationibus,
1092 3034 1217 3074 cum
1250 3022 1582 3075 sententiam
1635 3021 1981 3090 probabilem
2033 3033 2092 3078 et

500 3110 593 3165 'rei
630 3114 926 3181 pr0positae
959 3111 1253 3165 utilitatem
1285 3111 1552 3180 opinione
1595 3126 1716 3165 mea
1739 3112 1974 3166 maxime
2005 3122 2090 3167 at-
2112 3151 2156 3210 ϐ

514 3204 816 3273 tingentem
877 3217 1256 3272 saepenumero
1307 3202 1703 3271 protulissem,
1752 3203 1951 3259 deinde
1990 3203 2083 3259 ubi

513 3296 581 3348 ad
609 3295 752 3350 iacta
803 3305 1026 3350 ventum
1080 3294 1270 3362 fuerit,
1299 3304 1395 3349 aut
1436 3295 1506 3350 ab
1540 3296 1666 3361 alio,
1698 3312 1862 3367 quem
1900 3299 2086 3355 minus

513 3387 843 3456 prudentem
873 3387 1207 3456 iudicarem,
1246 3396 1341 3441 aut
1365 3402 1396 3441 a
1433 3398 1637 3444 memet
1681 3403 1997 3457 persuasus,
2030 3392 2084 3445 in

508 3480 617 3532 alia
642 3480 831 3533 omnia
860 3477 1235 3533 discesserim.
1265 3476 1324 3532 In
1372 3479 1477 3533 hoc
1515 3490 1698 3534 autem
1728 3482 1971 3552 negotio,
2016 3484 2085 3538 de

513 3585 627 3638 quo
673 3586 824 3624 nunc
858 3569 1253 3641 disceptamus,
1304 3585 1414 3625 non
1454 3586 1592 3639 quae
1630 3572 1806 3638 vobis,
1840 3575 1935 3629 sed
1965 3590 2086 3644 qua:

509 3661 646 3714 mihi
692 3660 984 3725 videntur,
1037 3661 1322 3728 probanda
1369 3662 1658 3728 existimo,
1708 3663 1874 3734 idque
1918 3664 2087 3733 pluri-

510 3754 617 3808 ltus
650 3734 718 3807 de
764 3752 965 3807 causis.
1004 3752 1247 3819 Primum
1277 3753 1427 3808 enim
1462 3768 1658 3808 manus
1709 3754 1763 3808 in
1794 3754 2086 3824 imperato-

510 3860 650 3907 rem,
699 3852 754 3897 et
787 3855 1014 3899 unctum
1064 3844 1280 3899 Domini
1326 3845 1439 3915 (88)
1475 3845 1725 3916 injicere,
1759 3847 1922 3917 eique
1966 3852 2085 3902 ani-

515 3951 660 3990 mam
729 3936 1124 4005 exstinguere,
1189 3951 1299 3991 non
1369 3937 1516 4006 apud
1589 3936 1845 3993 homines
1906 3939 2082 3994 solum

516 4029 805 4085 universos
848 4029 1008 4083 venia
1056 4039 1228 4093 caret,
1257 4029 1376 4093 sed,
1417 4029 1497 4083 uti
1522 4030 1824 4095 credimus,
1859 4034 2023 4087 etiam
2052 4048 2084 4087 a

508 4122 624 4176 Deo
654 4121 975 4190 huiusmodi
1007 4122 1258 4176 facinora
1292 4120 1647 4177 acerbissima
1672 4123 1924 4179 mercede
1947 4139 2082 4195 pen-

510 4222 723 4266 santur.
764 4211 970 4266 Deinde
999 4228 1106 4265 non
1151 4216 1293 4267 iStuc
1326 4213 1487 4268 nobis
1530 4229 1560 4268 a
1587 4214 1860 4284 principio
1884 4231 2085 4286 propo-

509 4307 757 4368 suimus,
805 4314 864 4359 ut
911 4306 1145 4358 alterum
1195 4306 1581 4373 imperatorem
1633 4308 1755 4362 neci
1801 4308 2079 4375 daremus,

440 4410 450 4445 ς
499 4399 742 4461 alterum
802 4397 857 4449 in
904 4397 1043 4450 solio
1087 4396 1484 4451 collocaremus
1527 4414 1542 4451 :
1595 4398 1688 4451 sed
1726 4398 1964 4452 Sollicito
2011 4400 2077 4454 ad

2188 1914 2381 1984 ηκότα,
2406 1916 2481 1978 ὡς
2505 1916 2604 1985 μία
2633 1917 2828 1989 καιροῦ
2852 1918 2994 1989 ῥοπὴ
3024 1919 3236 1973 πολλῶν
3264 1923 3479 1992 ποιήσει
3508 1925 3764 1993 πραγμά-

2186 2019 2297 2056 των
2338 2006 2660 2072 μεταϐολάς.
2726 2008 2853 2063 Ἐπὶ
2907 2011 3119 2076 τούτοις
3169 2013 3198 2066 ό
3226 2013 3400 2084 μέγας
3444 2014 3762 2085 δομέστικος

2188 2088 2311 2147 εἷπε
2334 2096 2513 2149 τοιάδε
2531 2111 2547 2128 ”
2574 2098 2779 2151 Οὐδένα
2807 2101 3014 2171 νομίζω
3044 2102 3154 2156 τῶν
3204 2102 3298 2157 καὶ
3327 2104 3576 2157 ὁπωσοῦν
3627 2121 3762 2173 μετ-

2189 2185 2483 2257 ειληχότων
2516 2190 2730 2258 φρενῶν
2754 2190 2927 2256 οὕτως
2960 2196 3150 2249 ἐαυτὸν
3175 2189 3257 2259 οἷς
3287 2195 3347 2261 ἐξ
3396 2197 3569 2269 ἀρχῆς
3611 2197 3767 2250 ἐϐου-

2188 2277 2419 2332 λεύσατο
2443 2282 2770 2335 πεπεικέναι
2804 2282 3041 2352 βεὸαίως
3070 2287 3353 2356 ἐμμένειν,
3388 2288 3527 2342 ὥστε
3557 2290 3635 2360 μὴ
3669 2307 3765 2359 με·

2187 2370 2497 2434 τασάλλειν,
2518 2372 2721 2443 ἐτέρων
2750 2376 2807 2427 ἐν
2829 2374 3042 2447 ὑστέρῳ
3072 2379 3413 2448 φαινομένων
3446 2380 3759 2450 βελτιόνων.

2190 2462 2300 2515 Καὶ
2330 2464 2390 2515 σὲ
2417 2464 2476 2517 δὲ
2530 2466 2695 2521 αὑτὸν
2732 2467 2833 2521 οὑκ
2873 2469 2940 2523 ἂν
2969 2470 3300 2542 εὐπορήσειν
3344 2474 3433 2527 ἐπ’
3485 2475 3611 2544 ἐμοὶ
3659 2475 3766 2533 λοι·

2189 2552 2377 2623 δορίας
2409 2555 2739 2627 ὑπερδολῆς,
2779 2559 2812 2630 ἢ
2843 2557 2986 2613 οὑτω
3018 2563 3278 2632 περὶτῶν
3306 2569 3650 2636 πραγμάτων
3673 2568 3764 2623 λέ-

2189 2660 2307 2714 γειν
2334 2645 2501 2716 ἔχειν,
2537 2649 2593 2700 ἐν
2624 2649 2859 2722 διαφορᾷ
2898 2655 3265 2708 καταστάντα.
3319 2655 3460 2725 Ἐγὼ
3485 2658 3542 2711 δὲ
3575 2659 3764 2715 τοσούι

2189 2752 2284 2789 του
2312 2738 2417 2790 δέω
2440 2741 2621 2792 ὁποῖον
2653 2736 2795 2794 εἷναί
2822 2760 2983 2811 φατε,
3018 2743 3158 2798 ὥστε
3184 2747 3287 2801 κάν
3317 2750 3427 2812 τοῖς
3458 2749 3761 2819 δημοσίοις,

2188 2831 2295 2882 κᾶν
2323 2831 2433 2893 τοῖς
2471 2831 2643 2897 ἰδίοις,
2675 2833 2855 2905 ψῆφον
2884 2836 2961 2900 ὡς
3012 2839 3191 2903 καλῶς
3235 2840 3484 2911 ἔχουσαν,
3527 2848 3622 2898 καὶ
3668 2846 3763 2901 τοῦ

2189 2921 2597 2988 λυσιτελοῦντος
2619 2925 2679 2979 τὸ
2700 2926 2879 2982 δοκεῖν
2901 2929 2958 2993 ἐς
2991 2931 3072 2986 τά.
3102 2933 3338 3002 μάλιστα
3366 2936 3764 3010 ἐφικνουμένην

2193 3014 2325 3101 περί
2368 3033 2511 3079 τινος
2542 3018 2801 3082 πολλάκις
2830 3020 3156 3092 ἐξενεγκὼν,
3192 3026 3292 3097 ἥδη
3319 3028 3376 3081 δέ
3404 3029 3500 3084 καὶ
3534 3032 3673 3101 πρὸς
3703 3036 3764 3088 τὸ

2190 3098 2453 3174 πράττειν
2478 3109 2691 3178 χωρῶν,
2747 3110 2923 3164 ἔπειτ’
2945 3111 2978 3182 ἢ
2999 3115 3173 3186 ἑτέρῳ
3211 3119 3269 3170 τὸ
3294 3114 3463 3190 ἧσσον
3494 3098 3642 3192 ἔχειν
3667 3125 3763 3179 ἐπὶ

2186 3196 2265 3266 τῷ
2298 3200 2514 3268 φρονεῖν
2546 3200 2812 3266 δοκοῦντι,
2865 3203 2899 3274 ἢ
2934 3205 3090 3267 αὑτὸς
3127 3208 3350 3281 ἐμαυτῷ
3381 3212 3480 3282 τὴν
3510 3216 3763 3271 ἐναντίαν

2189 3288 2432 3352 πεισθεὶς
2462 3289 2707 3362 εἱλόμην.
2745 3292 2863 3358 Ἐφ’
2896 3288 2975 3356 οἷς
3006 3294 3062 3348 δὲ
3088 3298 3205 3351 νυνὶ
3233 3300 3571 3371 σκοποῦμεν,
3599 3306 3762 3373 μάλι-

2189 3394 2290 3431 στα
2314 3380 2413 3448 μὲν
2442 3373 2518 3434 ὧν
2571 3383 2729 3452 ὑμεῖς
2785 3384 3129 3455 βουλεύεσθε,
3186 3390 3545 3462 ἀποσχέσθαι,
3605 3391 3682 3450 ὧν
3717 3398 3748 3452 δ

2185 3469 2309 3538 ἐμοὶ
2328 3473 2493 3539 δοκεῖ,
2505 3472 2612 3525 δεῖν
2627 3473 2846 3541 ἔχεσθαι
2866 3478 3075 3547 νομίζω
3100 3481 3314 3535 πολλῶν
3336 3483 3524 3541 ἕνεκεν
3546 3491 3760 3548 αἰτιῶν.

2188 3563 2411 3632 Πρῶτον
2447 3563 2547 3633 μὲν
2576 3566 2685 3635 γὰρ
2731 3566 2790 3621 τὺ
2828 3571 2986 3639 χεῖρα
3032 3575 3252 3642 κινῆσαι
3307 3578 3448 3631 κατά
3494 3580 3760 3649 βασιλέως,

2187 3658 2279 3707 καὶ
2312 3655 2387 3721 τῷ
2409 3655 2527 3726 Θεῷ
2558 3661 2948 3728 κεχρισμένου,
2999 3663 3095 3717 καὶ
3128 3668 3406 3738 σωτηρίαν
3446 3672 3760 3748 ἀποστερῆο

2187 3763 2278 3798 σαι
2303 3747 2500 3819 ψυχῆς,
2533 3750 2594 3801 ού
2626 3752 2788 3820 μόνον
2818 3754 2997 3824 πάσης
3025 3758 3082 3810 ἐν
3113 3757 3426 3825 ἀνθρώποις
3448 3747 3761 3839 ἀπεστέρη-

2187 3855 2276 3891 ται
2311 3841 2661 3911 συγγνώμης,
2711 3843 2848 3896 ἀλλά
2907 3849 3000 3900 καὶ
3047 3850 3196 3919 παρά
3219 3851 3339 3921 Θεῷ
3371 3853 3472 3919 τὰς
3521 3859 3761 3929 ἐσχάτας

2185 3931 2294 3983 τῶν
2321 3932 2576 3985 τοιούτων
2605 3933 2781 4005 ἔργων
2829 3938 3171 4009 πεπείσμεθα
3225 3945 3439 3999 κεῖσθαι
3483 3948 3583 4012 τὰς
3611 3953 3737 4006 ἀντι

2185 4022 2378 4085 δόσεις.
2404 4024 2637 4078 Ἔπειτα
2663 4026 2742 4095 δέ,
2779 4028 2899 4080 οὐδὲ
2932 4029 3090 4083 τοῦτο
3128 4031 3186 4097 ἐξ
3216 4033 3391 4105 ἀρχῆς
3420 4037 3758 4110 ὑπεθέμεθα,

2183 4114 2325 4167 ὥστε
2357 4116 2449 4169 τὸν
2486 4117 2587 4185 μὲν
2613 4118 2843 4185 ἀνελεῖν,
2876 4120 2968 4174 τὸν
2997 4121 3043 4175 δ’
3074 4124 3469 4195 ἐγκαθιδρῦσαι
3500 4133 3613 4196 τοῖς
3635 4133 3762 4205 θρό-

2183 4224 2297 4269 νοις
2340 4208 2447 4260 τῶν
2479 4208 2780 4274 βασιλέων·
2821 4212 2958 4265 ἀλλά
3012 4215 3181 4269 πολύν
3227 4234 3347 4272 τινα
3393 4220 3486 4274 τὸν
3545 4224 3761 4281 δικαίου

2184 4298 2498 4368 ποιούμενοι
2531 4301 2709 4368 λόγον,
2772 4303 3001 4373 ἀμύνειν
3035 4306 3112 4376 τῷ
3138 4308 3243 4379 νέῳ
3282 4308 3760 4385 προὺθυμήθημεν

2186 4387 2437 4457 βασιλεῖ,
2465 4390 2806 4463 ἀδικουμένῳ
2845 4410 2907 4446 τε
2938 4397 3066 4465 περὶ
3106 4398 3203 4467 τὴν
3237 4401 3433 4471 ἀρχὴν,
3463 4404 3560 4457 καὶ
3587 4407 3759 4460 δεδοι-

446 4521 451 4526 -
506 4490 777 4551 justitiam
821 4497 1095 4557 respectu,
1147 4487 1448 4542 studiosius
1496 4486 1565 4541 ad
1614 4489 1665 4541 ei
1696 4488 2081 4556 opitulandum

2187 4482 2303 4533 κότι
2324 4482 2452 4551 περὶ
2479 4481 2542 4534 τὸ
2570 4482 2933 4553 ζῇν.”Ατοπον
2959 4482 3075 4554 οὖν,
3101 4491 3180 4560 τῷ
3209 4492 3308 4561 μὲν
3340 4494 3438 4549 σὺν
3458 4496 3538 4568 τῷ
3558 4499 3758 4554 δικαίω

512 4582 886 4645 incubuimus,
925 4580 1018 4649 qui
1051 4587 1108 4635 ct
1140 4579 1208 4633 de
1244 4578 1494 4647 imperio,
1529 4589 1584 4633 et
1611 4578 1679 4634 de
1718 4579 1825 4633 vita
1856 4594 2084 4635 conser-

512 4673 692 4724 vanda
742 4671 1040 4725 laboraret.
1089 4668 1405 4723 Absurdum
1452 4668 1750 4738 estigitur,
1781 4669 1911 4725 huic
1934 4672 2084 4742 juste

512 4760 805 4831 imperium
841 4760 1147 4824 vindicare,
1182 4759 1262 4813 illi
1297 4759 1497 4829 injuste
1519 4763 1685 4813 etiam
1716 4761 1992 4829 spirituum,
2025 4770 2084 4817 et

513 4853 834 4923 sanguinem
876 4854 1093 4922 eripere
1126 4868 1138 4903 :
1187 4863 1242 4906 et
1269 4868 1413 4920 quae,
1453 4854 1497 4908 si
1538 4853 1591 4907 in
1627 4854 1792 4908 alium
1826 4856 2080 4926 designa-

511 4953 705 4998 rentur
739 4942 806 4995 ab
831 4942 975 5007 aliis,
1007 4941 1388 4996 crudelissima
1420 4941 1769 5005 duceremus,
1805 4942 1871 4996 iis
1901 4944 2074 4997 multo

2183 4573 2282 4640 τὴν
2311 4573 2484 4645 ἀρχὴν
2513 4577 2914 4644 κατακτᾶσθαι,
2952 4579 3044 4632 τὸν
3075 4583 3121 4635 δ’
3163 4583 3366 4649 ἀδίκως
3404 4590 3760 4661 ἀφαιρεῖσθαι

2184 4664 2279 4715 καὶ
2302 4662 2400 4732 τὴν
2439 4664 2589 4734 ζωήν
2613 4683 2627 4697 ·
2661 4666 2757 4720 καὶ
2784 4666 2821 4721 ἃ
2856 4670 2986 4740 περὶ
3014 4670 3104 4724 τὸν
3143 4672 3239 4728 ἕνα
3272 4680 3623 4745 πραττόντων
3642 4683 3762 4737 ἐτέ-

2185 4771 2315 4825 ρων,
2347 4752 2455 4807 τῶν
2488 4755 2851 4811 ἀτοπωτάτων
2901 4759 3096 4824 ἐδόκει,
3149 4763 3356 4817 τούτων
3398 4766 3759 4844 χαλεπώτερα

2184 4852 2313 4917 περὶ
2333 4846 2422 4900 τὸν
2443 4848 2629 4919 ἕτερον
2656 4849 3115 4920 ἐξειργασμένως
3133 4853 3333 4917 αὐτοὺς
3364 4856 3599 4927 ὀφθῆναι
3621 4876 3637 4891 '
3661 4867 3761 4916 καὶ

2183 4936 2370 5009 ὥσπερ
2424 4941 2482 4992 ἑν
2537 4938 2722 5007 ζυγοῖς
2755 4940 2863 4993 τῶν
2896 4943 3243 5009 πραγμάτων
3274 4945 3359 5013 ἐφ’
3388 4948 3563 5020 ἑτέρῳ
3595 4952 3757 5021 μέρει

507 5034 823 5089 crudeliora
875 5048 975 5086 nos
1033 5032 1178 5101 ipsos
1219 5033 1272 5085 in
1302 5032 1687 5101 imperatorem
1734 5032 2076 5088 machinatos

2187 5030 2585 5101 βαρυνομένων,
2611 5032 2705 5085 ἐπὶ
2744 5033 2845 5102 τὴν
2873 5032 2996 5103 ἴσην
3029 5034 3300 5106 ἀμετρίαν
3357 5039 3493 5110 πρὸς
3537 5043 3760 5099 τούναν-

508 5127 687 5182 videri
723 5144 735 5179 :
769 5135 823 5181 et
849 5127 996 5181 velut
1026 5126 1078 5178 in
1112 5124 1341 5188 trutina,
1378 5127 1542 5180 rebus
1574 5127 1628 5179 in
1656 5139 1763 5178 una
1794 5126 1949 5179 lance
1977 5126 2075 5179 de-

2187 5123 2294 5175 τίον
2336 5124 2535 5187 αὐτοὺς
2590 5126 2945 5192 καταπιέσαι,
2996 5126 3116 5180 δέον
3168 5129 3263 5182 ἐπὶ
3301 5128 3362 5182 τδ
3388 5132 3504 5186 ίσον
3542 5134 3758 5203 ἀναγα-

506 5218 881 5287 vergentibus,
933 5217 1001 5272 ad
1038 5216 1276 5271 similem
1312 5216 1736 5287 inaequalitatem
1762 5231 1826 5268 ex
1856 5226 2074 5270 eontra-

2187 5216 2318 5283 γεῐν.
2356 5217 2429 5268 Οὑ
2455 5216 2563 5288 μὴν
2589 5216 2710 5269 esse
2739 5217 2800 5267 τὸ
2824 5216 3095 5285 δήσαντας
3147 5224 3428 5290 φρουρεῖν,
3478 5222 3576 5277 τοῦ
3605 5225 3757 5291 ἅπαξ

1777 5348 1990 5408 Jacobi
2034 5349 2302 5409 Pontani
2338 5358 2525 5412 notae.

587 5472 698 5545 (88)
730 5471 1034 5545 Loquitur,
1090 5481 1150 5525 ut
1204 5470 1373 5545 David
1403 5470 1497 5545 _de
1547 5470 1710 5545 Saule
1764 5471 2075 5545 consuevit,
2182 5473 2433 5526 thr-istum
2462 5490 2639 5527 suum.
2697 5474 2852 5541 Apud
2903 5472 3103 5528 Lucam
3155 5477 3222 5531 de
3274 5478 3587 5537 Simeone:
3636 5482 3753 5540 Non

507 5540 690 5600 lib'lll
727 5544 837 5608 llt-g
882 5543 1270 5610 i.lnterpretes
1301 5540 1598 5594 Bibltorum
1636 5541 2080 5614 frequentissime
2180 5556 2414 5614 usurum
2445 5561 2499 5597 se
2535 5540 2774 5602 mortem,
2809 5547 2907 5598 nisi
2941 5548 3084 5614 prius
3118 5547 3313 5602 uideret
3359 5550 3615 5607 dirutum
3650 5555 3757 5607 Do-

508 5628 701 5667 voeetn
730 5613 970 5665 timeam
1001 5609 1215 5682 χριστὸς
1252 5614 1636 5682 retinuerunt,
1677 5621 1733 5682 ut
1766 5609 2021 5682 lrllegum
2059 5625 2073 5663 :
2180 5613 2344 5682 mini;
2367 5622 2423 5667 et
2450 5615 2760 5668 sexcenties
2787 5609 2950 5670 alibi;
2976 5616 3190 5669 Dicitur
3225 5630 3434 5682 autem,
3469 5624 3530 5673 τὸ
3564 5634 3758 5678 um:th

510 5682 805 5743 Loquimini
851 5678 1181 5759 σαι-(υἱιλῦεο
1214 5690 1260 5732 et
1297 5680 1487 5733 cluisto
1525 5678 1658 5759 ejus.
1711 5681 1763 5759 In
1801 5681 2029 5759 Psalmis
2062 5697 2074 5731 :
2183 5680 2414 5759 Domini,
2450 5693 2546 5736 aut
2570 5723 2584 5742 ,
2630 5685 2856 5759 chrisma
2907 5686 3140 5759 Uomim,
3178 5703 3305 5741 eum
3351 5678 3760 5759 signiﬁcatione

510 5752 685 5807 Nolite
752 5761 964 5819 tangere
1028 5751 1248 5803 christos
1316 5766 1480 5802 nteus.
1537 5750 1771 5801 Sttlvavit
1824 5747 2075 5801 Dominus
2178 5754 2618 5817 maxima,cstct
2649 5756 2872 5808 verbum
2906 5747 3312 5825 gravissimum.
