4106 6292
418 362 514 422 105
1580 355 2039 417 HISTORIA!“

2023 354 2122 414 [ΕΜ
2164 353 2390 414 LIBER
2433 355 2475 413 ί.
3544 352 3644 420 ιθσ

405 479 756 553 ἡμερώτερον
783 479 1120 532 ἀποκτεῖναι.
1155 478 1276 540 Τοῖς
1313 477 1422 546 γὰρ
1451 477 1506 530 ἐν
1539 477 1653 529 έθει
1676 479 1770 530 τοῦ
1820 478 1981 545 θερα-
2009 487 2026 536 J

2026 475 2162 536 tria
2215 483 2368 544 parte
2415 475 2640 529 alteram
2687 475 2899 529 lancem
2942 473 3270 542 deprimere,
3303 489 3426 527 cum
3459 477 3647 531 ambas

405 571 663 626 πεύεσθαι
687 572 778 623 καὶ
806 570 1243 640 δορυφορεῖσθαι,
1301 568 1679 638 φοϐερώτερον
1725 569 1818 621 τοῦ
1847 572 1978 622 ἀπο-

2083 565 2265 636 potius
2317 566 2386 620 ad
2439 575 2866 634 aequamentum,
2907 581 3002 618 seu
3033 564 3401 634 aequilibrium
3428 581 3647 634 compo-

402 665 606 728 θανεῖν,
640 663 701 715 τὸ
745 664 878 731 παρ’
910 661 1068 725 ἁξέαν
1098 663 1490 728 κακοπραγεῖν.
1523 659 1614 711 Διὸ
1661 659 1976 712 καὶ-πολλοὶ

2077 673 2212 712 nere
2235 659 2555 712 debeamus.
2588 658 2699 712 Nec
2736 673 2869 711 vero
2901 658 3090 709 mitius
3128 671 3253 710 eum
3296 656 3645 723 habebimus,

399 756 507 809 τῶν
556 753 910 823 ὑμνουμένων
990 751 1138 820 παρά
1201 749 1500 818 Ῥωμαίοις
1555 750 1975 820 αὐτοκρατόρων

2077 749 2123 802 si
2160 749 2404 801 vinctum
2445 747 2498 801 in
2533 749 2840 801 custodiam
2877 748 3184 808 trudamus,
3213 763 3376 816 quam
3408 749 3451 802 si
3478 741 3646 802 semel

410 845 612 913 μᾶλλον
660 844 870 896 εἴλοντο
903 842 1212 906 ἀποθανεῖν,
1264 841 1296 912 ἢ
1343 840 1541 903 ζῶντες
1573 841 1810 910 αἰσχρῶς
1857 842 1975 893 δουο

2071 840 2525 910 jugulaverimus.
2561 839 2663 906 Qui
2699 840 2843 894 enim
2877 849 2986 893 tam
3022 840 3262 895 ofﬁciose
3289 842 3417 902 coli,
3443 843 3648 896 satelli-

398 935 577 988 λεύειν
601 935 972 1003 ἀτυχήσαντες
1015 935 1143 1002 περὶ¹
1201 933 1296 994 τὰς
1329 932 1542 1000 μάχας·
1580 930 1670 982 καλ⁵
1717 930 1886 998 χωρὶς
1915 928 1974 981 δὲ

2076 933 2260 1001 tioque
2305 949 2524 1002 semper
2573 932 2765 1002 stipari
2811 943 3241 996 consueverunt,
3278 933 3346 988 iis
3386 934 3500 1004 (89)
3533 950 3648 988 am-

401 1027 623 1086 τούτων,
650 1026 710 1077 τὸ
743 1025 896 1093 παρὰ
929 1024 1037 1076 τῶν
1067 1022 1322 1092 φυλάκων
1366 1024 1442 1084 ὡς
1470 1022 1723 1092 δεσμώτῃ
1779 1039 1974 1090 προσε-

2076 1023 2346 1091 plitudine
2390 1033 2446 1078 et
2497 1024 2764 1094 dignitate
2815 1039 2911 1077 sua
2953 1025 3158 1078 orbatis
3197 1028 3458 1080 adversos
3487 1042 3646 1080 casus

398 1119 600 1186 χὸντων
635 1114 1084 1184 περιϋϐρίζεσθαι
1121 1113 1214 1166 καὶ
1247 1112 1627 1181 λοιδορεῖσθαι,
1674 1113 1875 1174 παντὸς
1905 1112 1974 1166 ἂν

2076 1117 2329 1180 volvere,
2376 1117 2526 1171 letho
2586 1117 2706 1186 ipso
2775 1105 3215 1172 horribiliusest.
3278 1118 3414 1172 llinc
3461 1120 3648 1188 plures

396 1209 479 1273 εἴη
504 1206 829 1275 πικρότερον
854 1203 1047 1263 ὓδατος
1077 1203 1300 1270 Στυγός.
1331 1202 1450 1254 Ἔτι
1477 1200 1523 1254 δ’
1541 1202 1652 1253 οὐδ’
1676 1201 1973 1269 ἀσφάλειαν

2073 1204 2445 1263 Romanorum
2509 1207 2909 1276 imperatores,
2961 1225 3195 1278 quorum
3249 1211 3486 1265 celebris
3561 1222 3646 1266 est

394 1300 527 1366 ἡμῖν
553 1298 784 1367 παρέχει
819 1298 880 1349 τὸ
927 1299 1201 1366 δήσαντας
1243 1297 1536 1364 φρουρεῖν.-
1567 1297 1663 1348 "Av
1699 1297 1808 1366 γὰρ
1839 1299 1975 1366 ὁτῳ-

2074 1296 2218 1362 apud
2257 1312 2500 1364 poswros
2532 1298 2794 1350 memoria
2814 1339 2827 1360 ,
2857 1299 3057 1366 praeliis
3081 1299 3162 1354 usi
3195 1299 3459 1363 adversis,
3481 1303 3644 1364 mori,

395 1389 571 1458 δήτινι
619 1391 807 1458 τρόπῳ
846 1387 1099 1457 δυνηθείη
1159 1387 1227 1439 τὰ
1254 1387 1430 1454 δεσμά
1481 1387 1785 1454 διαφυγεῖν,
1835 1389 1971 1458 ὅπερ

2074 1402 2236 1456 quam
2263 1387 2538 1456 indignam
2564 1388 2816 1442 hostibus
2837 1391 3154 1444 servitutem
3179 1393 3410 1456 servire,
3435 1395 3643 1448 malue-

395 1481 527 1547 ἡμῖν
552 1480 814 1547 πρόσεστι
853 1477 986 1540 νῦν,
1037 1478 1098 1530 τὸ
1147 1477 1440 1542 δοκοῦντας
1485 1478 1788 1532 ἀδικεῖσθαι
1837 1496 1975 1549 καρ-

2074 1487 2204 1530 runt
2255 1476 2390 1545 (90).
2432 1477 2700 1530 Praeterea
2741 1493 2770 1530 a
2821 1479 3163 1544 custodibus,
3208 1492 3264 1534 nt
3292 1482 3360 1534 ad
3395 1483 3640 1535 vinctum

395 1567 742 1637 ποῦσθαιτὴν
769 1568 1026 1621 ἁπάντων
1057 1568 1292 1633 εὔνοιαν,
1323 1570 1520 1639 ἐκείνῳ
1553 1570 1968 1638 περιστήσεται’

2073 1569 2317 1634 attentis,
2369 1569 2568 1635 probra
2641 1578 2694 1622 et
2762 1573 3126 1628 contumelias
3197 1576 3428 1643 perpeti,
3509 1576 3644 1628 tales

392 1659 487 1712 καὶ
547 1659 905 1727 σφοδρότερον
951 1659 1252 1730 πολεμήσει
1309 1662 1621 1731 συμμάχοις
1671 1663 1970 1732 προθύμοις

2074 1658 2286 1710 animos
2321 1661 2513 1725 quavis
2561 1673 2698 1725 aqua
2738 1657 2921 1728 Stygia
2965 1662 3176 1714 cruciat
3225 1665 3466 1716 amarius
3508 1663 3639 1732 (91).

390 1751 618 1812 καὶτοῖς
648 1750 948 1820 περιοίκοις
1003 1749 1305 1821 βαρϐάροις
1362 1754 1455 1806 καὶ
1494 1753 1780 1822 Ῥωμαίοις
1831 1754 1969 1822 χρώς

2071 1745 2177 1814 32
2230 1747 2349 1800 lluc
2401 1747 2636 1809 accedit,
2677 1749 2824 1816 quod
2873 1750 3048 1802 nihilo
3074 1753 3387 1805 securiores
3415 1753 3642 1819 erimus,

390 1857 578 1908 μενος.
614 1841 742 1893 Ὅτε
768 1843 971 1904 τοίνυν,
1013 1841 1072 1894 τὸ
1115 1842 1213 1911 μὲν
1277 1843 1599 1896 ἀποκτεῖναι
1652 1843 1970 1914 ἀλαστόρων
2004 1836 2011 1887 Ι

2017 1837 2043 1887 il
2073 1842 2118 1892 si
2196 1840 2404 1892 catenis
2456 1840 2672 1908 injectis
2727 1856 2852 1894 eum
2906 1842 3110 1894 carceri
3175 1842 3638 1897 mandaverimns.

388 1934 488 1983 καὶ
515 1931 858 1999 ἀνδροφόνων
901 1932 1204 2000 ἐπιτιμίαν,
1237 1932 1298 1984 ού
1336 1933 1497 1999 μόνον
1537 1936 1685 2001 ἡμῖν,
1715 1934 1849 1986 ἀλλά
1879 1936 1971 1988 καὶ

2075 1929 2286 1998 Quippe
2318 1931 2364 1984 si
2411 1940 2528 1983 arte
2579 1932 2761 2000 aliqua
2818 1931 2942 1985 inde
2997 1933 3218 2000 elapsus
3264 1934 3454 1994 fuerit,
3493 1936 3641 2001 quod

388 2024 580 2075 παισὶν
620 2024 912 2092 ἡμετέροις
951 2023 1143 2076 ἔπειτα
1176 2025 1504 2092 προσάπτει,
1525 2026 1584 2077 τὸ
1614 2025 1658 2076 δ’
1685 2027 1970 2096 εἴρξαντας

2075 2022 2236 2076 hodie
2289 2022 2504 2076 abunde
2553 2023 2716 2078 datur
2763 2023 2948 2086 nobis,
2979 2034 3058 2087 ut,
3087 2040 3212 2079 cum
3247 2025 3433 2094 inique
3456 2025 3641 2080 nobis-

384 2116 669 2184 φρουρεῖν,
707 2116 845 2182 μετά
867 2114 959 2167 τοῦ
994 2113 1224 2184 αἰσχροῦ
1267 2116 1507 2177 καὶτοὺς
1543 2117 1805 2184 ἐσχάτους
1839 2119 1970 2170 ὑπο-

2071 2129 2196 2167 cum
2252 2116 2505 2171 videatur
2559 2125 2774 2182 actum,
2823 2118 3068 2182 omnium
3094 2117 3287 2171 favore
3311 2133 3374 2173 ac
3405 2119 3639 2174 benevo-

385 2206 580 2258 πτεύει
615 2205 920 2269 κινδύνους,
948 2208 1042 2258 καὶ
1071 2207 1349 2269 λυσιτελὲς
1388 2207 1505 2278 ἅμα
1537 2211 1630 2262 καὶ
1653 2193 1861 2263 δίκαιον
1883 2207 1966 2263 είς

2069 2207 2238 2262 lentia
2265 2210 2635 2277 perfruamur,
2661 2219 2792 2262 tunc
2819 2209 2898 2262 illi
2925 2209 3170 2272 dabitur,
3197 2218 3252 2263 et
3277 2211 3472 2264 vicinis
3502 2211 3635 2266 Bar-

384 2313 476 2349 ναι
513 2297 739 2364 νομίζω,
772 2297 879 2349 τῶν
907 2297 1186 2366 προτέρων
1214 2299 1506 2368 ἐχομένους
1552 2299 1851 2370 λογισμῶν,
1877 2302 1969 2355 τὸν

2071 2300 2220 2355 baris
2283 2302 2654 2368 Romanisque
2723 2303 2953 2370 impigre
3010 2302 3444 2372 adjuvantibus,
3499 2305 3639 2360 infe-

384 2387 656 2458 ἡμέτερον
701 2388 928 2458 βασιλέα
985 2389 1273 2452 διασώζειν
1335 2392 1721 2461 ἀμυνομένους
1775 2393 1840 2447 ἄν
1882 2411 1968 2459 τις

2067 2394 2239 2448 stiore
2273 2393 2325 2445 in
2362 2409 2463 2447 nos
2492 2393 2666 2446 Marte
2700 2392 2985 2462 pugnabit.
3013 2391 3148 2457 Quia
3193 2393 3360 2460 igitur
3387 2409 3417 2447 e
3453 2396 3635 2448 ini-dio

386 2479 541 2551 ἐπίῃ.
584 2479 723 2531 Ἀλλ’
745 2481 913 2549 ἐρεῖς,
945 2481 1010 2533 Τί
1035 2479 1163 2546 oin;
1216 2481 1280 2534 ἂν
1314 2482 1680 2552 ὲπιστρατεύῃ
1712 2483 1968 2552 βασιλεὺς

2070 2485 2264 2539 tollere
2315 2486 2728 2554 imperatorem,
2775 2484 2934 2538 nobis
2967 2485 3267 2554 liberisque
3310 2470 3512 2540 nostris
3543 2503 3637 2540 ne-

387 2571 546 2639 ὴμῖν,
573 2569 637 2622 ού
675 2569 996 2639 μαχούμεθα
1036 2571 1204 2641 αὐτῷ,
1269 2571 1382 2624 οὐδ’
1437 2573 1866 2644 ἀποκτενοῦμεν,
1900 2575 1966 2628 ἂν

2067 2575 2331 2629 fariorum
2403 2584 2568 2643 atque
2612 2573 3018 2628 homicidarum
3067 2582 3250 2626 notam
3307 2574 3512 2640 inuret,
3584 2576 3635 2627 in

379 2661 533 2714 οὕτω
565 2663 839 2731 συμϐαίης
877 2663 1127 2715 Μάλιστα
1169 2663 1266 2733 μὲν
1297 2658 1390 2716 οὖν
1416 2664 1776 2732 ἀμυνούμεθα
1811 2667 1961 2738 πάσῃ

2068 2682 2344 2721 carcerem
2398 2676 2578 2720 autem
2625 2664 3020 2734 compingere,
3081 2673 3279 2733 praeter
3323 2663 3445 2718 facti
3501 2665 3638 2718 infa-

381 2752 620 2822 δυνάμει
649 2767 665 2782 '
695 2753 807 2806 ἀλλ’
837 2755 898 2806 ού
930 2755 1018 2807 τὸν
1062 2755 1226 2808 αὑτὸν
1286 2757 1398 2824 ἔχει
1458 2757 1518 2808 τό
1555 2773 1615 2809 τε
1669 2759 1964 2828 κατάρχειν

2067 2760 2229 2812 miam
2279 2759 2445 2812 etiam
2504 2771 2845 2812 sumn'iorum
2887 2757 3153 2810 malorum
3222 2757 3550 2825 suSpieionis
3574 2773 3636 2810 ac

381 2846 480 2897 καὶ
509 2847 569 2897 τὸ
602 2846 915 2914 ἀμύνασθαί
944 2863 1085 2908 τινα,
1119 2847 1295 2916 λόγον.
1332 2850 1423 2919 Τῷ
1458 2850 1558 2920 μὲν
1585 2851 1693 2921 γὰρ
1727 2854 1860 2922 πρὶς
1883 2851 1962 2922 τῷ

2063 2851 2376 2906 formidinis
2426 2851 2649 2920 plenum
2699 2858 2783 2904 est
2820 2866 2835 2903 :
2869 2865 2934 2903 ex
2971 2863 3128 2918 sequo
3183 2857 3239 2902 et
3287 2848 3432 2902 bono
3487 2848 3633 2902 futu-

379 2937 600 3010 αἰσχρῷ
641 2939 904 3006 πρόσεστι
937 2940 1030 2994 καὶ
1073 2939 1132 2992 τὸ
1165 2941 1402 2995 ἀδικεῖν·
1435 2943 1492 2996 τὸ
1538 2942 1584 2995 δ’
1620 2944 1959 3014 ἀμύνασθαι,

2063 2958 2185 2998 rum
2233 2942 2443 3006 sentio,
2499 2941 2552 2995 in
2609 2941 2842 3011 pristino
2887 2940 3119 2994 consilio
3162 2955 3528 3008 permanere,
3579 2949 3635 2994 et

379 3029 524 3099 πρὸς
567 3029 645 3099 τῷ
701 3030 894 3100 δικαίῳ
924 3032 1020 3084 καὶ
1073 3031 1169 3101 τὴν
1218 3033 1324 3085 ἀπὸ
1360 3033 1465 3084 τῶν
1495 3033 1675 3104 ἔργων
1705 3033 1958 3090 εὔκλειαν

2063 3035 2448 3104 imperatorem
2493 3048 2740 3090 nostrum
2791 3035 3095 3105 juniorem,
3133 3036 3178 3090 si
3209 3051 3316 3104 qua
3351 3034 3433 3088 vis
3463 3035 3632 3089 exsti-

376 3119 522 3186 ἔχει.
554 3119 652 3173 “Av
684 3122 790 3192 γὰρ
812 3122 992 3192 συμϐῇ
1017 3124 1106 3174 τὸν
1145 3125 1593 3194 προκατάρχοντα
1627 3125 1818 3178 παθεῖν
1851 3143 1955 3178 κα·
1992 3191 1997 3197 Α

2006 3184 2026 3197 _
2063 3129 2219 3191 terit,
2268 3136 2444 3182 tutum
2486 3135 2770 3197 prazstare.
2829 3127 2929 3180 llic
2982 3137 3038 3181 tu
3065 3126 3294 3197 objicies
3333 3125 3627 3191 :Quid?si

377 3184 520 3272 κ-ὧς,
540 3211 601 3263 ού
623 3184 705 3281 τῷ
725 3184 1048 3282 ἀμυνομένῳ
1069 3214 1164 3283 τὴν
1182 3184 1359 3266 ἀπόόα
1489 3215 1623 3267 ἀλλὰ
1650 3217 1726 3285 τῷ
1749 3217 1954 3270 ιπιόντι
1985 3190 1998 3240 1

2012 3185 2030 3243 ἶ
2064 3217 2250 3272 senior
2292 3233 2441 3271 artua
2492 3217 2652 3272 nobis
2692 3217 2958 3281 intulerit,
3004 3232 3114 3272 non
3145 3225 3334 3272 contra
3363 3217 3633 3286 pugnabi-

375 3299 716 3369 λογίζεσθαι,
749 3306 857 3357 τῶν
913 3305 1089 3374 ἔργων
1139 3305 1371 3359 δίκαιον.
1423 3307 1584 3376 Ἡμῖν
1620 3307 1720 3376 μὲν
1747 3307 1838 3360 οὖν
1865 3307 1954 3362 ἐπ’

2064 3309 2220 3362 mus?
2263 3324 2375 3362 non
2424 3323 2570 3372 eum,
2617 3309 2661 3362 si
2707 3323 2826 3363 sors
2879 3309 2950 3362 ita
2995 3308 3154 3370 ferat,
3190 3299 3634 3361 trucidabimus?

377 3396 673 3462 ἀμφότερα
731 3397 1069 3464 γυμνάζουσι
1096 3397 1188 3449 τὸν
1233 3397 1390 3466 λόγον
1421 3397 1704 3468 ἑκατέροις
1738 3398 1952 3468 εἴρηται

2061 3399 2295 3455 Maxime
2341 3400 2446 3452 imo
2484 3399 2870 3468 pugnabimus,
2896 3408 2950 3451 et
2985 3397 3209 3466 quidem
3241 3397 3425 3450 nervis
3448 3399 3629 3451 omni-

380 3487 578 3538 πολλά.
628 3487 845 3540 Βασιλεῖ
882 3489 937 3540 δὲ
970 3489 1184 3542 πάντων
1226 3492 1562 3558 ἀκροωμένῳ
1607 3473 1821 3554 ἐξέσται
1864 3493 1956 3546 τὸν

2064 3493 2207 3557 bus;
2253 3505 2446 3545 verum
2475 3490 2624 3544 aliud
2655 3499 2738 3545 est
2779 3505 3184 3559 praeoccupare,
3217 3497 3270 3544 et
3306 3488 3455 3542 aliud
3489 3489 3630 3542 resi-

379 3579 488 3632 τῶν
516 3579 714 3632 ἀλιέων
743 3563 946 3649 τρόπον
970 3581 1068 3648 τῆς
1101 3583 1344 3650 σαγήνης
1388 3581 1556 3634 πολλὰ
1589 3583 1956 3652 περισχούσης

2066 3593 2234 3640 stere.
2262 3583 2396 3638 lllud
2420 3592 2476 3636 et
2504 3593 2661 3651 turpe
2690 3582 2756 3635 ad
2783 3581 3003 3646 fatuam,
3035 3590 3090 3635 et
3116 3581 3379 3651 injustam
3406 3599 3420 3645 ;
3454 3580 3629 3634 hocet

373 3673 443 3723 τὰ
473 3674 727 3741 χρήσιμα
756 3672 1120 3741 ἐκλεξαμένῳ,
1151 3671 1256 3724 τῶν
1275 3671 1562 3740 ἀχρήστων
1593 3672 1952 3741 ἀποσχέσθαι.

2063 3674 2386 3744 gloriosum,
2413 3673 2695 3744 etjustum
2728 3683 3076 3724 numeratur.
3115 3670 3269 3736 Quod
3298 3669 3340 3725 si
3369 3671 3626 3723 damnum

387 3762 518 3826 Ἐπὶ
561 3762 773 3824 τούτοις
819 3764 914 3814 xxi.
941 3763 1049 3814 τῶν
1091 3762 1267 3816 ἀλλων
1319 3763 1680 3832 συνθεμένων,
1732 3767 1826 3818 καὶ
1853 3769 1952 3836 τὴν

2060 3765 2465 3836 acceperit-qui
2502 3765 2816 3827 antevertit,
2855 3779 3036 3818 rerum
3063 3765 3267 3817 exitum
3301 3779 3411 3816 non
3441 3762 3629 3816 defen-

371 3852 657 3923 διάκρισιν
710 3854 820 3905 τῶν
849 3854 1022 3922 λόγων
1073 3855 1424 3924 ἀναθεμένων
1463 3857 1540 3925 τῷ
1573 3857 1798 3927 βασιλεῖ,
1829 3855 1952 3911 εἷπε

2060 3863 2194 3924 sori,
2219 3859 2312 3913 sed
2345 3857 2582 3911 invasori
2615 3857 2940 3911 condecebit
2961 3856 3257 3910 ascribere.
3287 3855 3369 3909 Ab
3396 3866 3627 3922 utroque

371 3951 462 3997 καί·
499 3947 667 4010 αὐτὸς
688 3947 912 4000 τοιαῦτα
932 3963 945 3976 ·

2059 3952 2222 4020 igitur
2268 3959 2519 4002 nostrum
2563 3947 2618 4001 in
2660 3956 2950 4014 utramque
2998 3957 3206 4014 partem
3232 3947 3380 3998 velut
3416 3946 3627 3999 exerci-

373 4038 607 4094 tationis
650 4054 814 4095 causa
843 4042 976 4096 satis
1009 4039 1214 4094 dictum
1245 4047 1347 4093 est.
1385 4039 1578 4094 Restat
1623 4047 1683 4093 ut
1736 4038 2032 4109 imperator
2096 4039 2297 4092 auditis
2328 4037 2583 4090 omnibus
2635 4051 2663 4087 a
2715 4034 3009 4102 principio,
3061 4049 3210 4088 more
3266 4035 3625 4102 piscatorum,

369 4133 534 4199 quasi
579 4145 612 4183 e
645 4146 841 4200 sageua
913 4132 1114 4186 multos
1157 4131 1336 4200 pisces
1401 4131 1784 4194 concludente,
1830 4132 1983 4184 utilia
2022 4131 2245 4199 deligat,
2293 4126 2508 4193 inutilia
2555 4123 2785 4194 rejiciat.
2855 4123 2968 4176 Hoc
3013 4123 3189 4192 ipsum
3216 4124 3307 4178 ubi
3341 4134 3395 4179 et
3426 4126 3622 4194 reliqui

372 4222 491 4275 duo
521 4237 751 4278 assensu
781 4223 1085 4288 firmarunt,
1114 4234 1170 4277 et
1196 4223 1643 4294 diiudicatiOnem
1679 4224 2066 4277 controversia:
2096 4223 2273 4276 cidem
2304 4217 2644 4280 detulerunt,
2676 4217 2754 4270 sic
2788 4214 3034 4285 profatus
3067 4225 3151 4270 est
3186 4233 3201 4270 :

1657 4377 1873 4438 Jacobi
1907 4376 2167 4440 Pontani
2202 4387 2388 4436 noue.
2471 4351 2474 4354 ’

449 4545 570 4612 (89)
625 4541 682 4596 ld
728 4543 1001 4610 praecipue
1059 4541 1251 4609 tragici
1301 4549 1476 4609 poene
1522 4541 1683 4612 nobis
1727 4543 1945 4610 egregie
1982 4546 2023 4599 ι)
2053 4537 2318 4612 {Iamnam
2370 4537 2704 4612 Uticensem.
2760 4536 3173 4612 QuibusAadde.
3220 4551 3288 4589 ex
3347 4535 3613 4612 Suetonio

374 4605 605 4686 ponunt
636 4605 764 4686 ante
803 4605 1017 4686 oculos,
1078 4605 1206 4664 dn‘in
1243 4605 1439 4686 heroas
1466 4620 1522 4662 et
1555 4605 1945 4686 heroinass'ua
2051 4607 2590 4686 9illOllCln:.Pri_mllS
2631 4606 2786 4658 hoste
2811 4605 3201 4686 lacessitoma‘b.
3223 4621 3290 4686 eo
3317 4616 3408 4686 est
3439 4608 3614 4661 inter-

373 4675 714 4741 infortunia,
769 4682 1269 4748 tristissimamque,
1325 4689 1379 4732 et
1427 4680 1600 4732 beata:
1647 4681 1948 4746 quondam,
2049 4677 2248 4734 fectus,
2278 4676 2478 4748 reliqui
2510 4690 2608 4748 sua
2641 4689 2804 4748 ntanu
2837 4691 3025 4748 necem
3054 4675 3158 4728 sibi
3192 4675 3516 4748 intulerunt,
3547 4694 3616 4730 ne

372 4770 439 4807 ac
468 4752 623 4806 felici
667 4751 826 4816 longe
859 4750 1132 4817 diSparem
1160 4743 1548 4801 'conditionem
1601 4743 1952 4815 deplorantes
2052 4750 2350 4817 servirent.
2378 4745 2481 4798 Sed
2513 4744 2740 4817 Catonis
2776 4743 2987 4817 facinus
3019 4761 3144 4817 cum
3190 4745 3257 4796 ab
3309 4746 3452 4808 aliis,
3498 4761 3614 4800 tum

372 4823 682 4875 inducunt.
721 4813 978 4884 Eiempla
1007 4818 1176 4871 multa
1213 4817 1587 4885 suppeditabit
1619 4813 1760 4870 unus
1788 4817 1950 4870 Euri-
2052 4815 2218 4868 etiam
2242 4829 2270 4865 a
2296 4813 2562 4885 Cicerone
2590 4813 2810 4885 laudem
2843 4814 3075 4868 invenit.
3105 4815 3263 4867 Putat
3289 4817 3460 4877 enim,
3487 4833 3615 4869 unm

375 4893 567 4959 pides.
607 4889 720 4942 Nec
751 4898 859 4939 tam
892 4883 1206 4959 iucundum,
1233 4883 1340 4946 est,
1375 4903 1440 4939 ex
1476 4887 1674 4959 afﬂicto
1711 4903 1772 4939 ac
1817 4902 1948 4953 per-
2053 4885 2102 4936 'ei
2135 4884 2511 4959 incredibilem
2543 4883 2829 4936 tribuisset
2863 4895 3072 4959 natura:
3090 4885 3438 4952 gravitatem,
3463 4902 3614 4938 eam-

371 4952 500 5012 dito
553 4959 801 5020 beatum,
862 4952 1022 5024 quam
1067 4958 1324 5010 acerbum
1376 4971 1438 5009 ac
1489 4952 1826 5017 luctuosum,
1883 4971 1950 5007 ex
2051 4969 2158 5021 que
2185 4952 2302 5024 ipse
2335 4963 2598 5021 perpetua
2642 4954 2951 5008 constantia
2995 4955 3333 5017 roburasset,
3365 4970 3615 5021 semper-

372 5031 548 5082 beato
608 5023 890 5078 miserum
913 5035 968 5078 et
1014 5027 1390 5079 calamitosum
1422 5028 1676 5077 evadere.
1716 5024 1946 5082 Seneca,
2052 5038 2159 5090 que
2186 5023 2240 5075 in
2273 5025 2576 5091 proposito,
2610 5032 2978 5092 susceptoque
3011 5023 3244 5076 consilio
3278 5025 3613 5090 permansis-

369 5099 449 5152 De
479 5097 715 5162 tranqui.
729 5095 877 5148 litate
897 5097 1088 5156 miimi,
1117 5095 1320 5160 eap.8:
1348 5093 1690 5146 Tolerabilius
1710 5107 1805 5156 est,
1829 5093 1952 5161 {aci-
2053 5101 2156 5162 set,
2194 5107 2382 5144 necem
2429 5093 2608 5160 potius
2641 5093 2745 5145 sibi
2780 5093 3344 5162 consciscereaquam
3394 5096 3613 5162 tyranni

368 5169 593 5238 liliaque
623 5159 746 5238 ίηοιι
778 5168 1070 5233 acquirere,
1101 5159 1260 5233 quem
1282 5164 1550 5238 omittere.
1592 5159 1946 5238 Ideoque-1.2:-
2051 5159 2522 5238 Caesarisvultiim
2551 5162 2796 5238 aspicere
2821 5162 3099 5238 debuisse.
3137 5160 3238 5230 ΟΙῘ.
3277 5176 3315 5214 ι.

367 5229 540 5289 ιὶονὲε
575 5236 773 5286 videbis
803 5229 932 5303 quos
964 5229 1233 5303 nunquam
1264 5235 1479 5302 fortuna
1512 5229 1757 5301 respexit,
1792 5247 1950 5302 quam
2124 5231 2398 5303 (9l)_ipsa
2423 5230 2584 5303 Styge
2611 5241 2694 5281 est
2722 5229 2828 5282 illis
2855 5230 3122 5303 odiosius,
3154 5229 3283 5303 uani
3306 5240 3363 5283 et
3393 5229 3463 5283 ab
3484 5230 3613 5303 odio

363 5321 501 5378 quos
533 5297 826 5378 ἀξιοίη-ειη.⁷
941 5370 981 5378 “
1020 5371 1035 5378 _
1086 5297 1097 5303 ’
1161 5371 1208 5378 __
1264 5297 1274 5302 ’
1594 5297 1603 5301 ’
1773 5297 1813 5378 ,ς
1883 5367 1914 5378 _
2052 5297 2223 5378 palus
2245 5299 2334 5351 illa
2365 5297 2611 5378 fabu'lpsa
2640 5298 3391 5378 Itomen.b_abet._Impatiens
3417 5302 3612 5378 estiu-

441 5376 565 5444 (90)
612 5372 912 5444 Enumerat
941 5370 1123 5426 Valer.
1159 5371 1300 5444 Max.
1345 5371 1443 5425 lib.
1481 5386 1569 5444 ιιι,
1605 5385 1726 5444 cap.
1772 5369 1843 5444 ίὶ,Δ
1873 5367 1948 5444 De
2045 5367 2204 5444 διετίθει
2235 5367 2691 5444 contumeiiieque
2742 5368 2944 5444 nobilis
2993 5369 3231 5430 animus,
3256 5378 3312 5444 et
3338 5367 3611 5444 nobilium

362 5437 718 5570 ἷογὶίιιὶαὶηε,
757 5441 816 5494 Ρ.
859 5444 1140 5503 Crassum,
1179 5443 1273 5509 qui
1321 5457 1444 5494 cum
1482 5437 1790 5494 Aristonico
1835 5440 1948 5491 bel-
2053 5438 2458 5515 illus-triumque
2505 5439 2788 5488 hominum
2833 5438 3361 5505 plerumqueetiam
3395 5437 3613 5492 nobiles

389 5532 485 5568 um
516 5514 578 5567 in
627 5512 754 5566 Asia
801 5515 989 5570 gessit,
1040 5511 1354 5570 Scipionem
1404 5511 1626 5570 Pompei
1665 5523 1943 5570 socerum,
2052 5522 2242 5567 animi.

389 5532 485 5568 um
516 5514 578 5567 in
627 5512 754 5566 Asia
801 5515 989 5581 gessit,
1040 5511 1354 5580 Scipionem
1404 5511 1626 5579 Pompei
1665 5523 1943 5571 socerum,
2052 5509 2242 5567 animi.

627 5846 898 5906 Ρηποι.
938 5844 1052 5903 Gn.
1094 5847 1293 5909 CLHI,
3145 5835 3184 5895 Ιι-
