4106 6292
399 404 498 468 109

1574 405 2123 469 HlSTORIARUM
2155 404 2387 465 LIBER
2426 402 2472 464 Ι.

3538 399 3638 467 120

383 516 441 568 δὲ
471 487 673 585 πολλὴν
696 515 947 586 ὁμολογῶ
986 516 1062 587 τῷ
1091 515 1233 586 Θεῷ,
1263 518 1345 570 ὅτι
1381 516 1477 585 τῆς
1504 519 1581 579 εἰς
1616 517 1717 586 ἐμὲ
1750 517 1961 579 εὐνοίας

2072 515 2374 585 singulares
2419 528 2520 582 ago
2570 512 2792 584 gratias,
2832 513 2978 582 quod
3018 527 3190 582 usque
3220 511 3288 567 ad
3325 512 3464 568 hanc
3496 512 3655 577 diem

383 606 535 660 οὐδὲν
558 606 772 660 οὐδέπω
798 610 893 661 καὶ
918 608 1013 661 νῦν
1043 610 1173 678 ὑμῖν
1210 609 1494 678 ἀπήντηκε
1523 609 1630 661 τῶν
1660 609 1963 680 δυσχερῶνς

384 697 505 750 οὐδὲ
528 696 660 767 περὶ
683 690 759 750 ὧν
790 697 1234 767 ἐϐουλευσάμεθα
1266 697 1565 766 κατάδηλον
1594 698 1749 750 οὐδὲν
1805 700 1969 764 γέγοο

386 806 478 841 νεν
504 788 681 841 οὐδενὶ
712 788 856 859 πλὴν
880 788 1056 858 ὑμῶν.
1087 788 1309 857 Ἑγὼδὲ
1336 788 1410 853 ὡς
1444 789 1510 842 ἂν
1538 786 1646 851 οἷός
1680 806 1739 841 τε
1774 782 1839 850 ὦ,
1872 791 1964 840 καὶ

387 879 463 943 ὡς
488 877 551 932 ἂν
580 882 609 931 δ
658 879 791 942 Θεὸς
824 878 970 949 διδῷ,
1000 879 1091 932 τὸν
1122 880 1262 950 ὑπὲρ
1296 877 1534 946 ἐμαυτοῦ
1564 879 1810 931 κίνδυνον
1849 879 1966 953 δια-

388 970 736 1039 κυϐερνήσω.
775 967 906 1022 Οἶδα
955 970 1055 1040 μὲν
1083 964 1178 1041 οὖν
1228 970 1303 1033 ὡς
1329 969 1396 1021 ἂν
1427 969 1607 1038 συμϐῇ
1660 956 1967 1038 μαχόμενόν

392 1076 459 1128 με
487 1062 692 1132 πεσεῖν,
734 1060 904 1112 πολλά
948 1061 1046 1129 μὲν
1070 1059 1469 1132 ὲπιθρηνήσετε
1501 1059 1762 1130 κειμένῳ,
1800 1060 1967 1113 πολλὰ

387 1150 444 1201 δὲ
479 1128 742 1210 πολλάκις
785 1128 1335 1202 ἀνακλαύσεσθεντὸνή
1382 1148 1555 1218 φίλον,
1600 1128 1647 1201 εἰ
1690 1128 1752 1218 δή
1787 1168 1838 1202 τι
1873 1151 1968 1202 καὶ

392 1240 612 1309 μνήμης
667 1238 820 1303 ἄξιον
874 1238 1257 1308 ἐνεδειξάμεθα
1284 1240 1466 1307 φιλίας
1496 1242 1575 1301 είς
1622 1241 1786 1308 ὑμᾶς.
1825 1241 1885 1292 El
1922 1240 1966 1292 δ’

390 1329 470 1382 ἔτι
506 1333 751 1398 περιόντι
796 1330 958 1383 πάλιν
992 1331 1281 1400 ἐθελήσετε
1314 1331 1657 1401 προσελθεῖν,
1698 1331 1967 1400 μηδαμῶς

390 1424 521 1492 ὑμῖν
547 1423 807 1491 ἐμπόδιον
835 1423 893 1473 τὸ
924 1423 1018 1475 νῦν
1044 1425 1192 1494 ἡμᾶς
1227 1422 1558 1493 χωρίζεσθαι
1605 1424 1964 1491 καταστήτω’

388 1515 650 1583 εὑρήσετε
675 1518 787 1584 γὰρ
825 1515 915 1566 ἀεὶ
932 1512 1023 1566 τδν
1050 1514 1215 1567 αὐτὸν
1244 1514 1372 1567 ὄντα
1407 1515 1499 1566 καὶ
1524 1514 1753 1579 φιλικῶς
1779 1512 1967 1581 ὥσπερ

390 1607 489 1658 καὶ
531 1604 625 1656 νῦν
676 1605 1026 1674 διακείμενον
1086 1606 1217 1675 πρὸς
1278 1607 1439 1675 ὑμᾶς.
1482 1606 1567 1677 Μὴ
1605 1607 1864 1676 νομίσητε
1909 1607 1967 1659 δὲ

391 1694 494 1763 ἐμὲ
527 1696 663 1762 μήτε
721 1695 943 1755 ἀλύπως
979 1694 1073 1746 ἐπὶ
1110 1695 1187 1765 τῷ
1239 1696 1508 1765 χωρισμῷ
1560 1695 1714 1765 ὑμῶν
1768 1697 1969 1749 διακεῖ-

392 1788 540 1850 σθαι,
577 1785 702 1856 μήθ’
729 1786 803 1849 ὡς
843 1786 938 1839 τοῦ
992 1788 1223 1856 μηδενὸς
1259 1788 1445 1851 ἀξίους
1496 1790 1641 1859 ὑμᾶς
1694 1787 1869 1851 οὕτως
1904 1790 1968 1840 ὲκ

2070 604 2205 657 nulli
2237 615 2480 658 vestrum
2512 618 2608 657 sua
2636 603 2689 656 in
2723 618 2809 657 me
2838 602 3126 656 inclinatio
3148 602 3451 657 voluntatis
3475 603 3641 672 quiil-

2069 710 2233 763 quain
2282 696 2490 750 creavit
2540 692 2876 747 incommodi
2922 710 2936 747 :
2990 708 3169 761 neque
3211 700 3363 746 extra
3411 707 3509 745 vos
3547 693 3642 757 ulli

2069 787 2385 840 mortalium
2433 794 2745 839 nostrarum
2800 784 3269 839 consultationum
3318 798 3516 837 arcana
3555 799 3649 853 pa-

2070 876 2268 930 tefacta
2317 887 2465 930 sunt.
2515 876 2672 941 Quod
2722 877 2788 929 ad
2840 891 2927 929 me
2974 875 3195 939 attinet,
3244 884 3303 928 ut
3339 884 3555 944 potero,
3591 886 3649 930 et

2069 974 2130 1018 ut
2179 967 2319 1021 Deus
2366 968 2645 1028 aunuerit,
2688 965 2741 1019 in
2794 965 3039 1035 periculo
3085 979 3209 1020 meo
3264 983 3350 1022 mc
3378 967 3645 1021 tractabo.

2071 1056 2338 1127 Equidem
2376 1073 2484 1111 nou
2519 1059 2733 1128 ignoro,
2765 1057 2811 1111 si
2857 1057 2911 1110 in
2943 1072 3121 1127 pugna
3174 1059 3512 1121 occubuere,
3543 1057 3651 1129 ϐᾶ.

2070 1161 2169 1200 vos
2219 1146 2383 1201 morti
2428 1162 2563 1201 mete
2605 1147 3042 1216 illacrymaturos
3076 1146 3307 1213 all'atim,
3339 1146 3650 1217 frequenti-

2069 1251 2177 1306 que
2223 1253 2284 1291 ac
2322 1237 2486 1307 longo
2528 1237 2659 1292 ﬂetu
2699 1239 2937 1290 amicum
2970 1247 3380 1305 prosccuturos,
3414 1239 3459 1293 si
3485 1239 3650 1292 modo

2071 1329 2291 1398 aliquod
2319 1330 2576 1384 amicitia:
2609 1331 2865 1381 meritum
2906 1329 3169 1381 memoria
3192 1329 3336 1382 haud
3364 1330 3647 1399 indignum

2073 1420 2128 1473 in
2167 1435 2264 1474 vos
2293 1420 2579 1475 collocavi.
2611 1421 2764 1481 Quod
2800 1421 2843 1472 si
2877 1419 2943 1474 ad
2974 1421 3323 1488 superstitem
3343 1421 3525 1474 denuo
3552 1436 3649 1475 vos

2069 1511 2369 1580 adiungere
2431 1512 2738 1576 volueritis,
2796 1528 2904 1566 non
2954 1514 3062 1567 erit
3109 1513 3220 1566 ullo
3252 1513 3649 1582 impedimen'o

2068 1600 2176 1655 ista
2218 1617 2339 1670 qua:
2377 1617 2524 1655 nunc
2565 1602 2625 1656 fit
2668 1603 2812 1656 inter
2862 1618 2961 1657 nos
2995 1603 3314 1658 dissociatio
3346 1624 3356 1657 :
3388 1605 3644 1658 eumdem

2070 1693 2274 1761 quippe
2320 1709 2404 1746 me
2443 1708 2683 1762 semper,
2733 1702 2897 1762 atque
2961 1703 3023 1748 ut
3062 1710 3229 1760 nunc,
3261 1697 3428 1749 vestri
3462 1712 3654 1750 aman-

2070 1793 2179 1837 tem
2218 1785 2527 1839 invenietis.
2560 1785 2639 1839 Ne
2665 1801 2800 1840 vero
2838 1784 3210 1850 arbitremini,
3260 1795 3356 1840 aut
3395 1786 3538 1840 hanc
3569 1804 3654 1842 se-

390 1877 489 1930 τοῦ
513 1866 828 1948 παραυτίκα
858 1879 1221 1935 ἀπωθεῖσθαι.
1258 1879 1354 1944 Ἐξ
1380 1882 1503 1934 ὅτου
1537 1882 1645 1948 γὰρ
1680 1881 1808 1950 περὶ
1852 1880 1965 1932 τῶν

2072 1874 2411 1942 parationem
2436 1875 2569 1929 mihi
2607 1890 2716 1929 non
2749 1875 3039 1930 molestam
3069 1877 3349 1942 accidere,
3400 1888 3495 1932 aut
3527 1893 3652 1944 vos,

390 1969 652 2023 τοιούτων
681 1970 939 2041 ἠρξάμην
997 1962 1220 2039 λέγειν,
1280 1971 1492 2024 πολλῶν
1546 1972 1647 2041 τὴν
1685 1970 1969 2023 διάστασιν

392 2060 551 2131 ὑμῶν
583 2063 780 2115 ἐννοῶν
811 2061 1283 2133 αἰσθάνομαιητῶν
1314 2062 1625 2131 ἀλγηδόνων
1645 2077 1659 2090 ⁸
1694 2057 1813 2115 οῖδα
1845 2061 1889 2116 δ’
1911 2064 1970 2115 ἐν

387 2154 468 2223 τῷ
499 2156 639 2223 μετᾶ
664 2157 836 2207 ταῦτα
868 2156 959 2207 καὶ
986 2155 1250 2208 πλειόνων
1278 2154 1678 2226 αἰσθησόμενος
1721 2155 1818 2208 καὶ
1843 2171 1974 2222 σφο-

390 2246 690 2315 δροτέρων.
714 2247 908 2316 Φέρειν
931 2246 988 2299 δὲ
1018 2246 1254 2315 ἀνάγκη,
1286 2247 1395 2299 τῶν
1426 2246 1766 2315 πραγμάτων
1795 2227 1972 2316 ἀσυμ-

389 2335 573 2398 ϐάτως
602 2337 856 2407 ἑχόντων.
892 2336 954 2389 Εἰ
989 2320 1088 2406 μὲν
1114 2332 1229 2399 οὖν,
1255 2336 1444 2407 ῶσπερ
1470 2332 1648 2398 εἷπον,
1680 2337 1970 2407 ἐθελήσετε

388 2425 502 2479 τῶν
533 2427 818 2497 προτέρων
851 2420 1165 2498 ἐχομένους,
1191 2428 1504 2497 λογισμῶν,
1541 2428 1682 2498 ὑπὲρ
1738 2429 1838 2497 μὲν
1872 2427 1971 2498 τῆς

388 2518 669 2588 ἡμετέρας
702 2519 978 2587 σωτηρίας
1014 2518 1325 2590 φροντίσαι,
1363 2518 1529 2588 μηδὲν
1549 2518 1607 2571 δὲ
1645 2519 1786 2571 κατά
1820 2519 1975 2588 βασι-

390 2610 534 2672 λέως
555 2608 950 2681 βουλεύσασθαι
976 2609 1085 2662 τῶν
1108 2609 1439 2681 ἀπεικότων,
1467 2611 1561 2662 καὶ
1587 2609 1687 2679 ἐμὲ
1714 2609 1972 2662 κοινωνὸν

387 2702 548 2766 ἕξετε
595 2701 707 2754 τῶν
763 2699 1159 2771 πραττομένων
1180 2712 1201 2770 '_
1251 2700 1300 2751 εί
1331 2699 1375 2752 δ’
1402 2680 1607 2769 ἑτέρως
1639 2699 1768 2767 ὑμῖν
1801 2698 1970 2760 δοκεῖ,

383 2796 550 2850 οὐδὲν
578 2795 707 2848 ἄλλο
729 2793 938 2857 λοιπὸν,
971 2792 1003 2861 ἢ
1038 2791 1212 2847 πολλά
1236 2792 1332 2862 τῆς
1359 2792 1438 2854 είς
1469 2791 1571 2860 ἐμὲ
1593 2791 1778 2859 φιλίας
1812 2793 1976 2842 ἑπευ-

387 2886 630 2956 ξάμενον
657 2885 858 2953 ἀγαθὰ,
894 2884 1015 2937 καθ’
1047 2884 1243 2936 ἑαυτὸν
1270 2883 1305 2937 ἃ
1335 2900 1428 2954 μοι
1457 2881 1599 2935 δοκῶ
1625 2883 1974 2951 συμφέροντα

386 2978 686 3049 πράττειν.
717 2975 961 3029 Τοιαῦτα
991 2976 1086 3027 καὶ
1139 2974 1234 3027 τοῦ
1268 2974 1535 3044 βασιλέως
1582 2973 1847 3036 είπόντος,
1882 2974 1975 3025 ἐπὶ

385 3069 535 3123 πολὺ
563 3068 662 3137 μὲν
697 3067 828 3138 πρὸς
859 3066 1120 3135 ἀλλήλους
1152 3064 1360 3136 ἑώρων,
1385 3065 1445 3117 τὸ
1473 3066 1572 3135 τῆς
1588 3063 1815 3134 γνώμης
1839 3063 1974 3118 θαυ-

392 3162 671 3229 μάζοντες
701 3160 795 3212 ἐπὶ
829 3157 899 3210 τὰ
926 3158 1069 3211 καλά
1104 3155 1359 3227 βεϐηκὸς,
1395 3155 1471 3219 ὡς
1500 3155 1667 3225 μηδὲν
1697 3155 1798 3224 τῆς
1835 3155 1974 3225 πρὸς

387 3253 489 3306 τὸν
525 3251 748 3319 βασιλέα
772 3251 867 3303 καὶ
902 3251 1128 3302 πάππον
1163 3249 1345 3310 αἰδοῦς
1373 3248 1609 3316 ὑφεῖναι,
1645 3247 1823 3300 καίτοι
1848 3249 1975 3300 πο).-

386 3344 505 3400 λοίς
543 3339 707 3393 eam
757 3342 873 3402 τοῖς
901 3336 1167 3392 λυποῦσιν
1199 3336 1585 3405 ἀμειϐομένου.
1621 3331 1735 3387 Εῐθ⁹
1761 3335 1794 3387 ὁ
1823 3350 1974 3405 πρωο

385 3432 718 3500 τοστράτωρ
766 3430 1099 3498 ἀπεκρίνατο
1147 3427 1396 3480 τοιαῦταο
1441 3428 1625 3496 Ἡμῖν,
1658 3421 1702 3480 ῶ
1729 3426 1971 3496 βασιλεῦ,

385 3523 453 3575 τὸ
478 3522 763 3591 συμφέρον
792 3520 877 3573 σοί
921 3536 981 3572 τε
1033 3520 1126 3572 καὶ
1175 3521 1308 3591 ἡμῖν
1348 3519 1535 3581 αὐτοῖς
1571 3515 1887 3579 σιοποῦσιν,
1937 3514 1974 3569 ἀ

385 3594 701 3666 λυσιτελεῖν
722 3611 1037 3681 ἐδοκοῦμεν,
1088 3606 1493 3681 ιφθεγξάμεθα.
1534 3610 1601 3661 Ἀ
1627 3609 1684 3661 δὲ
1719 3610 1848 3678 περὶ
1874 3607 1974 3677 βα-

389 3705 595 3763 σιλέως
640 3688 1044 3772 ἐφθεγξάμεθα,
1097 3702 1196 3756 οὐκ
1246 3702 1381 3755 αὐτὸ
1427 3701 1586 3754 τοῦτο
1629 3700 1789 3770 μόνον
1823 3698 1974 3760 ὅπως

390 3796 570 3850 κακόν
624 3779 710 3848 τιΔ
744 3795 905 3847 πάθοι
964 3795 1294 3857 σκοποῦντες
1342 3792 1803 3861 ἐϐουλευσάμεθα,
1858 3791 1971 3844 ἀλλ’

385 3889 547 3948 ὅπως
577 3888 653 3957 μὴ
683 3887 825 3954 μετά
876 3886 937 3937 τδ
983 3885 1236 3954 φανερῶς
1268 3884 1348 3946 είς
1386 3884 1476 3935 τὸν
1524 3884 1762 3950 πόλεμον
1806 3896 1974 3934 κατα-

387 3980 617 4045 στῆναι,
651 3979 733 4039 τὶς
764 3977 1107 4030 ὑπολείποιτο
1137 3975 1274 4045 μετά
1313 3974 1406 4026 σοῦ
1440 3973 1733 4044 προσδοκία
1756 3970 1932 4025 δεινοῦ
1955 3987 1969 4002 ⁸

387 4071 561 4124 τοῦτο
597 4071 705 4139 γὰρ
764 4070 900 4137 ἡμῖν
934 4068 1061 4136 περὶ
1112 4066 1371 4117 πλείστου
1410 4064 1731 4116 σκοπεῖται·
1766 4062 1888 4114 ἐπεὶ
1924 4061 1972 4113 δ’

387 4163 474 4226 ὡς
530 4161 848 4229 ἠκούσαμεν
892 4158 992 4227 τῆς
1054 4159 1135 4221 είς
1189 4157 1281 4211 τὸν
1335 4156 1556 4226 βασιλέα
1607 4156 1703 4208 καὶ
1748 4155 1974 4207 πάππον

382 4250 701 4320 ἀσφαλείας
730 4261 791 4301 τε
814 4250 916 4301 καὶ
951 4252 1116 4318 τιμῆς
1147 4248 1246 4317 τὴν
1293 4249 1502 4300 οἰκείαν
1556 4246 1834 4317 σωτηρίαν
1879 4244 1973 4297 καὶ

386 4342 701 4409 ἀσφάλειαν
731 4342 788 4392 ἐν
819 4340 1060 4409 δευτέρῳ
1084 4339 1299 4410 λογίζῃ,
1332 4338 1633 4408 θαυμάζειν
1667 4338 1765 4408 μὲν
1794 4337 1971 4390 ἔπεισι

384 4434 496 4502 τῆς
528 4429 937 4501 μεγαλοψυχίας
984 4430 1077 4482 καὶ
1097 4429 1193 4497 τῆς
1215 4429 1585 4497 δικαιοσύνης,
1611 4428 1892 4482 πείθεσθαι
1916 4426 1972 4479 δὲ

383 4518 475 4586 οἷς
508 4523 576 4576 ἂν
608 4520 820 4590 ἐθέλῃς,
857 4520 951 4572 καὶ
1009 4518 1185 4572 ταῦτα
1237 4518 1479 4588 νομίζειν
1523 4518 1616 4571 καὶ
1662 4518 1847 4586 δίκαια
1877 4517 1971 4569 καὶ

384 4615 776 4684 συμφέροντα,
813 4609 959 4679 ἅπερ
984 4610 1054 4663 ἀν
1081 4611 1180 4663 καὶ
1212 4611 1294 4662 σοὶ
1321 4609 1572 4690 συνδοκῇ..
1608 4609 1671 4661 El
1711 4609 1765 4662 δέ
1796 4625 1847 4660 τι
1877 4608 1970 4659 καὶ

382 4704 667 4774 πρότερον
690 4700 1052 4770 διηνέχθημεν
1081 4698 1209 4768 περὶ
1257 4700 1381 4761 τοὺς
1419 4699 1632 4766 λόγους,
1664 4700 1766 4751 οὐκ
1810 4698 1973 4767 ἀλλή-

381 4794 511 4857 λοις
541 4794 765 4846 ἐναντία
824 4790 1224 4859 βουλευόμενοι,
1281 4789 1399 4842 ἀλλ’
1449 4790 1601 4852 ὅπως
1653 4789 1817 4861 μηδὲν
1865 4791 1971 4842 τῶν

378 4887 626 4941 δεόντων
685 4882 1039 4947 ἀνεξέταστον
1078 4882 1339 4951 διαφύγῃ.
1368 4882 1672 4952 Τοιγαροῦν
1719 4882 1843 4935 ἐπεὶ
1875 4885 1972 4954 τῆς

380 4977 732 5048 ἀμφιϐολίας
787 4977 1149 5047 παυσαμένης
1199 4980 1280 5040 είς
1337 4976 1396 5029 ἓν
1457 4976 1794 5047 συνήλθομεν
1854 4980 1973 5040 ταῖς

377 5067 671 5139 γνώμαις,
697 5066 850 5119 οὐδὲν
880 5067 1007 5120 ἀλλο
1044 5066 1290 5119 λείπεται
1316 5066 1348 5135 ἦ
1372 5066 1492 5128 τοὺς
1527 5065 1721 5133 λόγους
1751 5068 1972 5119 καταλι-

379 5159 626 5222 πόντας,
648 5158 848 5232 χωρεῖν
870 5158 963 5210 ἐπὶ
992 5157 1052 5209 τὸ
1080 5156 1340 5224 πράττειν
1388 5158 1457 5209 τὰ
1511 5156 1827 5226 δεδογμένα.
1866 5158 1972 5208 Καὶ

374 5249 707 5319 Συργιάννη
760 5249 901 5302 κατὰ
949 5248 1177 5316 γνώμην
1207 5250 1360 5318 αὐτῷ
1416 5250 1665 5311 εἰπόντος
1696 5248 1970 5318 εἰρῆσθαι,

374 5341 485 5395 καὶ
522 5338 686 5394 τοῦτο
737 5338 1067 5408 προσθέντος
1090 5353 1105 5368 ’
1144 5336 1219 5399 ὼς
1250 5338 1363 5406 Τῆς
1389 5337 1468 5398 εἰς
1508 5336 1598 5388 τὸν
1628 5326 1849 5405 βασιλέα
1878 5335 1973 5389 καὶ

374 5434 624 5486 πάππον
652 5423 836 5492 αἰδοῦς
877 5432 971 5482 καὶ
1006 5428 1353 5499 κηδεμονίας,
1399 5423 1445 5481 ὦ
1489 5427 1734 5498 βασιλεῦ,
1782 5427 1973 5482 πολλαί

375 5540 473 5576 σοι
510 5515 678 5590 παρά’
705 5520 784 5591 τῷ
809 5520 1031 5591 μεγάλῳ
1065 5523 1159 5575 καὶ
1181 5504 1421 5592 οὐρανίῳ
1468 5519 1677 5589 βασιλεῖ
1700 5520 1973 5573 κείσονται

370 5614 653 5684 χάριτες·
684 5614 782 5665 καὶ
820 5611 853 5681 ἢ
890 5611 1184 5681 μεταϐαλεί
1224 5614 1322 5675 τὰς
1354 5611 1579 5679 γνώμας
1608 5611 1718 5663 τῶν
1754 5610 1975 5669 ἐπιϐου-

369 5707 683 5766 λευόντων,
737 5703 770 5773 ἢ
805 5702 1010 5756 κακοῦν
1047 5704 1415 5773 ὡρμημένων,
1444 5702 1607 5765 αὐτὸς
1637 5702 1774 5773 ὑπὲρ
1817 5705 1973 5774 ἡμῶν
2001 5764 2007 5770 ,

368 5796 733 5866 πολεμήσει·
770 5793 868 5849 τοῦ
923 5811 981 5846 τε
1016 5794 1279 5864 βασιλέως
1310 5795 1408 5863 τῆς
1436 5795 1523 5857 εἰς
1558 5794 1722 5849 αὐτὸν
1759 5794 1974 5858 εὐνοίας

2072 1984 2172 2025 ceu
2223 1966 2479 2023 homines
2516 1967 2677 2022 nauci
2722 1984 2752 2023 a
2787 1983 2875 2022 me
2921 1967 3076 2039 rejici
3122 1969 3179 2022 in
3214 1970 3528 2040 praesentia.
3573 1969 3652 2025 Ex

2072 2076 2182 2131 quo
2228 2061 2377 2117 enim
2404 2061 2553 2115 hunc
2580 2076 2892 2116 sermonem
2941 2076 3102 2116 orsus
3149 2077 3294 2130 sum,
3330 2080 3398 2118 ex
3441 2064 3651 2134 cogita.

2073 2154 2223 2209 tione
2276 2154 2655 2209 distractionis
2690 2163 2891 2209 nostra
2928 2154 3213 2213 doloribus
3243 2158 3433 2212 multis
3460 2174 3656 2213 cumu-

2072 2239 2218 2297 latus
2247 2249 2332 2297 est
2360 2241 2495 2295 mihi
2528 2242 2746 2296 animus
2775 2257 2788 2295 :
2823 2244 2927 2298 etsi
2980 2258 3066 2299 me
3094 2246 3148 2298 in
3181 2255 3462 2314 posterum
3490 2248 3649 2316 plura

2072 2341 2128 2386 et
2157 2333 2539 2387 vehementius
2569 2332 2869 2387 doliturum
2901 2335 3095 2389 sciam.
3130 2334 3235 2389 Sed
3267 2337 3526 2404 quoniam
3563 2351 3653 2391 res

2075 2422 2130 2475 iu
2183 2421 2541 2491 tranquillum
2580 2421 2820 2477 conferri
2875 2438 2983 2478 non
3024 2433 3292 2494 possunt,
3330 2426 3474 2495 quod
3507 2425 3655 2481 ferre

2073 2521 2312 2583 oportet,
2345 2513 2607 2569 feramus.
2634 2514 2780 2585 Ergo
2811 2515 2880 2578 si,
2917 2526 2980 2571 ut
3011 2516 3286 2584 dicebam,
3317 2518 3647 2589 antegressis

2073 2606 2507 2676 cogitationibus
2550 2608 2911 2673 insistentes,
2951 2608 3117 2663 saluti
3168 2620 3372 2665 nostrae
3426 2613 3645 2680 prospi-

2073 2711 2200 2751 cere
2225 2737 2240 2762 ,
2286 2704 2343 2750 et
2392 2697 2656 2751 adversus
2686 2712 2849 2751 avum
2878 2697 3018 2751 nihil
3057 2698 3455 2755 inconveniens
3482 2700 3654 2756 medi-

2075 2785 2177 2839 tari
2225 2786 2601 2852 instilueritis,
2648 2788 2816 2843 rebus
2849 2788 3085 2856 agundis
3112 2792 3371 2845 comitem
3411 2808 3497 2854 me
3522 2808 3654 2863 pro-

2074 2873 2273 2929 ﬁtebor
2314 2891 2331 2928 :
2374 2877 2460 2930 sin
2504 2877 2610 2931 alia
2676 2879 2836 2933 vobis
2896 2894 3074 2945 mens,
3128 2880 3235 2935 hoc
3290 2897 3461 2936 unum
3487 2884 3657 2938 relin-

2073 2969 2284 3038 quitur,
2343 2977 2400 3022 ut
2432 2969 2602 3023 multa
2634 2969 2776 3024 bona
2801 2972 2873 3025 ob
2904 2972 3235 3026 declaratam
3276 2974 3329 3027 in
3365 2989 3451 3027 me
3482 2974 3656 3031 bene-

2075 3059 2374 3113 volentiam
2418 3059 2580 3115 vobis
2611 3074 2641 3114 a
2669 3060 2780 3115 Deo
2818 3071 3096 3131 precatus,
3129 3063 3246 3133 ipse
3283 3065 3421 3119 mihi
3449 3067 3514 3120 ad
3546 3068 3655 3121 uti—

2075 3150 2284 3205 litatem
2317 3165 2497 3205 meam
2531 3166 2762 3221 promus
2787 3153 3001 3209 condus
3034 3153 3183 3209 tiam.
3228 3155 3321 3209 His
3344 3158 3548 3211 auditis
3574 3159 3654 3213 illi

2078 3239 2171 3296 diu
2211 3242 2357 3298 inter
2394 3258 2452 3298 se
2486 3244 2752 3313 aSpicere,
2791 3253 2847 3298 et
2889 3243 3150 3299 admirari
3182 3245 3465 3316 ingenium
3490 3248 3654 3318 juve-

2080 3335 2190 3397 nis,
2218 3334 2356 3389 adeo
2387 3334 2453 3387 ad
2491 3335 2834 3388 honestatem
2870 3335 3192 3405 grassantis,
3236 3347 3297 3391 ut
3349 3337 3417 3392 de
3442 3340 3654 3408 pudore

2079 3434 2134 3478 et
2187 3416 2495 3479 reverentia
2526 3439 2667 3495 ,erga
2699 3439 2860 3479 avum
2895 3426 3034 3480 nihil
3067 3426 3424 3493 diminueret,
3462 3446 3660 3500 quam-

2077 3515 2160 3568 vis
2192 3514 2283 3570 ille
2329 3516 2507 3569 tristia
2544 3516 2716 3571 multa
2762 3519 3136 3573 remetiretur.
3172 3521 3305 3575 Dein
3348 3531 3652 3589 protostra—

2078 3616 2163 3662 tor
2206 3609 2287 3664 sic
2330 3610 2523 3679 incipit
2556 3629 2568 3665 :
2606 3610 2737 3673 Nos,
2780 3610 3104 3679 imperator,
3132 3613 3201 3668 de
3238 3613 3345 3669 tuis
3367 3623 3530 3682 atlue
3557 3629 3657 3669 uo-

2075 3701 2205 3756 stris
2228 3703 2532 3756 commodis
2560 3702 2801 3767 solliciti,
2828 3719 2949 3773 quae
2975 3720 3042 3759 eo
3075 3705 3256 3760 facere
3291 3707 3647 3776 putabamus,

2075 3793 2492 3848 edisse‘ruimus.
2520 3793 2673 3861 Quod
2709 3804 2895 3849 autem
2928 3796 2998 3851 de
3021 3812 3123 3851 avo
3147 3799 3554 3861 consuluimus.
3595 3802 3650 3855 in

2076 3900 2143 3940 co
2193 3900 2305 3939 non
2354 3885 2461 3939 hoc
2506 3902 2676 3939 unum
2707 3887 3099 3955 spectavimus,
3128 3898 3188 3941 ut
3219 3891 3364 3943 malo
3390 3892 3655 3946 multare-

2076 3983 2186 4037 tur,
2234 3988 2427 4029 verum
2477 3982 2535 4027 ut
2579 3991 2649 4029 ne
2705 3977 2774 4029 ad
2822 3974 3025 4029 bellum
3065 3987 3317 4045 apertum
3344 3979 3654 4049 veniretur,

2076 4079 2282 4137 tuoque
2338 4068 2502 4136 capiti
2552 4084 2713 4123 casus
2757 4069 2957 4137 aliquis
2994 4073 3218 4139 gravior
3255 4071 3603 4140 impenderet
3637 4095 3652 4131 :

2074 4158 2128 4213 id
2170 4158 2320 4212 enim
2367 4166 2479 4221 est,
2536 4157 2680 4227 quod
2721 4159 2970 4213 omnium
3022 4160 3250 4215 minime
3293 4164 3549 4220 velimus.
3587 4164 3657 4219 Et

2075 4264 2199 4302 cum
2251 4249 2602 4303 securitatem
2654 4250 3035 4320 honoremque
3078 4252 3163 4305 avi
3220 4260 3328 4308 tute
3356 4254 3518 4309 saluti
3571 4256 3656 4311 iu-

2074 4339 2490 4411 columitatique
2536 4342 3000 4412 praeferas,equod
3062 4343 3460 4409 intelleximus,
3504 4348 3657 4404 subit

2073 4446 2175 4486 nos
2222 4432 2386 4504 hujus
2437 4432 2905 4520 magnanimitatis
2951 4444 3006 4489 et
3039 4435 3271 4505 justitia:
3329 4438 3650 4503 admiratio.

2004 4543 2044 4596 ι]
2075 4533 2131 4577 et
2176 4537 2297 4592 quae
2341 4523 2491 4577 voles
2544 4527 2948 4593 praestabimus,
2984 4527 3247 4597 iustaque
3294 4539 3349 4583 et
3379 4531 3533 4585 utilia
3562 4540 3659 4586 tuo

2069 4614 2280 4685 judicio
2325 4616 2646 4669 metiemur.
2697 4617 2855 4682 Quod
2900 4633 3032 4673 vero
3064 4627 3225 4674 antea
3263 4622 3512 4677 oratione
3546 4626 3656 4678 dis-

2074 4707 2413 4775 crepuimus.
2441 4722 2551 4761 non
2588 4707 2643 4761 id
2677 4708 2863 4764 studio
2902 4709 3263 4766 dissentieudi
3300 4712 3505 4768 factum
3540 4723 3650 4780 est,

2075 4797 2169 4850 sed
2217 4806 2278 4850 ut
2324 4812 2391 4851 ne
2418 4797 2547 4866 quid
2579 4812 2769 4852 eorum
2813 4811 2935 4869 qua:
2961 4809 3178 4870 tempus
3205 4802 3530 4872 postularet,
3560 4821 3607 4858 ni
3631 4820 3657 4858 s

2074 4887 2444 4942 indiscussum
2492 4892 2819 4958 praeteriret.
2859 4892 3099 4947 Proinde
3144 4907 3271 4948 cum
3307 4893 3457 4948 omni
3482 4895 3658 4949 ambi-
3741 4926 3746 4931 -

2074 4981 2279 5049 guitate
2325 4982 2541 5036 sublata
2591 4983 2883 5042 sententiis
2904 4999 3300 5054 congruamus,
3342 4986 3451 5041 hoc
3477 4987 3657 5041 solum

2076 5078 2266 5133 restat,
2314 5079 2373 5123 ut
2424 5071 2646 5125 omissis
2693 5072 3069 5138 sermonibus,
3114 5073 3181 5127 ad
3218 5073 3271 5127 id
3298 5074 3443 5141 quod
3473 5074 3656 5141 datur,

2076 5161 2481 5230 aggrediamur.
2530 5163 2828 5231 Postquam
2867 5162 3202 5239 Syrgianues
3234 5164 3435 5219 deinde
3461 5180 3529 5220 ex
3560 5180 3658 5220 sua
3750 5163 3754 5166 ⁴

2077 5254 2206 5306 item
2250 5263 2436 5307 mente
2474 5252 2720 5306 locutum
2750 5264 3208 5322 protostratorem
3249 5256 3652 5323 pronuntiavit,

2075 5352 2132 5395 et
2175 5342 2275 5395 hoc
2301 5342 2366 5394 ad
2392 5341 2929 5397 commendationem
2967 5344 3185 5412 nepotis
3207 5345 3427 5415 adjecit,
3450 5349 3519 5398 oh
3548 5346 3656 5417 35

2079 5434 2219 5486 hanc
2262 5430 2628 5484 reverentiam
2668 5440 2835 5501 atque
2882 5448 3073 5487 cut-am
3124 5434 3210 5489 avi
3264 5435 3435 5489 multa
3497 5436 3654 5493 illum

2065 5523 2220 5593 apud
2262 5537 2537 5593 maguum,
2571 5523 2965 5595 caelestemque
3002 5528 3392 5596 imperatorem
3431 5546 3657 5588 manete

2078 5614 2323 5684 praemia,
2363 5614 2456 5682 qui
2488 5623 2583 5667 aut
2618 5615 3021 5671 malevolorum
3051 5620 3283 5675 consilia
3315 5632 3654 5690 mutaturus,

2077 5714 2171 5759 aut
2212 5704 2279 5759 ad
2327 5706 2633 5760 nocendum
2695 5711 3187 5780 prorumpentibus
3229 5728 3329 5784 pro
3363 5715 3657 5774 defensore

2077 5797 2299 5853 obviam
2342 5799 2537 5871 iturus
2565 5810 2709 5856 esset
2747 5818 2760 5854 :
2807 5801 2901 5857 ubi
2938 5818 3111 5875 nepos
3138 5819 3361 5879 quoque
3385 5809 3455 5867 de
3476 5810 3671 5886 bene-_
