4106 6292
431 362 530 428 ill

1610 352 1940 417 JOANNIS
1980 350 2510 413 CANTACUZENI
3162 373 3189 394 ο

3599 344 3702 410 1ίέ

438 478 683 533 volentia
734 480 789 527 ct
832 469 1099 539 obsequio
1152 467 1254 523 sibi
1288 467 1546 539 praestitis
1576 469 1780 539 gratias
1806 468 2016 538 amplas
2046 500 2058 527 Α

2139 466 2217 519 tul.
2239 465 2558 526 εὐπειθείας
2589 459 2789 531 πολλὴν
2819 457 3258 529 ὁμολογήσαντος
3288 456 3453 528 χάριν
3495 457 3702 522 αὐτοῖς.

432 572 563 642 egit,
598 563 916 636 fugiendum
944 570 1090 616 esset
1124 575 1226 616 nec
1268 576 1336 616 ne
1365 561 1757 630 quzesiverunt.
1791 561 1859 616 Et
1882 560 2011 629 quia

433 672 653 727 semper
677 655 821 709 diem
854 651 1337 722 supervenientem
1364 652 1568 706 malum
1591 651 1813 720 aliquod
1835 651 2011 722 majus

434 746 634 820 parere
661 745 942 807 videbant,
963 755 1018 797 et
1049 744 1185 796 iram
1211 743 1297 796 avi
1324 743 1494 812 magis
1517 742 1688 813 magis
1707 758 1813 811 que
1831 756 2016 797 corro-

435 839 648 902 borari,
676 854 740 892 ex
772 851 840 892 eo
869 836 1034 891 dueta
1058 834 1373 905 c0njectura
1396 834 1675 899 videlicet,
1701 834 1847 905 quod
1876 850 2016 888 nun-

437 947 603 1004 quam
633 929 719 984 vel
758 927 928 983 verbo
956 904 1233 995 appellare
1266 934 1523 995 nepotem
1557 904 1883 995 dignaretur
1917 942 1931 978 :
1961 934 2018 979 et

438 1026 566 1094 quia
615 1022 670 1076 in
720 1021 919 1074 timore
967 1024 1147 1079 erant,
1191 1032 1259 1070 ne
1292 1017 1338 1071 si
1368 1015 1498 1085 quid
1542 1016 1887 1086 inopinatum
1921 1014 2013 1069 de-

439 1120 669 1183 repente
708 1108 1033 1171 exstitisset,
1079 1106 1132 1161 id
1176 1107 1359 1176 ipsum
1410 1107 1653 1179 effugere
1701 1106 2018 1176 nequirent,

440 1207 571 1261 dum
609 1217 828 1272 tempus
864 1200 932 1255 ad
969 1215 1086 1263 eam
1123 1215 1241 1254 rem
1277 1200 1508 1265 sineret,
1546 1208 1601 1254 et
1630 1199 1863 1253 libertas
1891 1213 2014 1265 sup-

441 1298 734 1368 peditaret,
777 1292 1038 1363 Byzantio
1063 1289 1440 1345 excedendum
1468 1300 1807 1345 statuerunt.
1841 1290 2021 1358 Impe-

443 1399 593 1444 rator
638 1398 951 1457 quanquam
994 1398 1090 1436 eos
1128 1382 1181 1436 id
1227 1382 1372 1450 quod
1425 1397 1512 1436 res
1537 1390 1687 1437 esset
1710 1382 1937 1446 dixisse,
1968 1392 2025 1435 et

441 1494 667 1550 scopum
708 1476 949 1545 tetigisse
992 1473 1292 1537 fateretur,
1349 1482 1527 1526 tamen
1582 1473 1803 1527 excelso
1832 1481 1891 1527 et
1924 1487 2021 1540 pa-

444 1572 601 1630 tienti
631 1571 817 1625 animo
844 1574 1020 1636 usque
1044 1565 1111 1619 ad
1141 1565 1318 1634 ipsum
1348 1564 1694 1618 discriminis
1724 1564 2021 1618 articulum

441 1660 874 1734 exspectandum
898 1672 1018 1713 esse
1046 1657 1281 1719 monuit,
1310 1670 1435 1709 cum
1468 1670 1654 1710 senem
1678 1656 1841 1709 aliam
1867 1668 2024 1708 men-

358 1801 365 1809 .
444 1766 553 1810 tem
591 1754 937 1815 induturum,
965 1759 1020 1803 et
1039 1765 1068 1802 a
1088 1746 1369 1815 conceptis
1389 1745 1672 1800 maleficiis
1693 1745 2024 1800 destiturum

2122 559 2170 610 εί
2205 558 2449 625 φευκτέα
2500 555 2534 626 ἢ
2597 553 2696 625 μὴ,
2733 553 3026 606 ἐσκόπουν.
3090 550 3365 620 ὐρῶντες
3394 550 3451 604 δὲ
3477 552 3565 604 ἀεὶ
3606 553 3706 617 τὴν

2116 649 2381 705 ἐπιοῦσαν
2431 646 2616 719 μεῖζόν
2644 664 2698 699 τι
2743 644 2988 714 φύουσαν
3019 641 3209 704 κακὸν,
3269 642 3366 694 καὶ
3403 642 3532 704 τοὺς
3562 643 3704 694 κατᾶι

2086 726 2408 815 βασιλέως,
2456 738 2550 792 τοῦ
2599 737 2829 790 πάππου
2868 734 2965 789 καὶ
3018 732 3285 804 βασιλέως
3347 732 3555 802 θυμοὺς
3613 733 3707 786 ἐπὶ

2122 832 2323 903 μᾶλλον
2343 830 2675 900 αὐξομένους
2716 818 2918 881 ἐκτοῦ
2962 825 3218 896 μηδαμοῦ
3268 826 3700 894 τεκμαιρόμενοι

2123 922 2258 994 μηδὲ
2286 922 2443 989 λόγου
2489 921 2632 984 τινὸς
2668 919 2826 989 ψιλοῦ
2873 918 3051 988 τούτῳ
3084 917 3426 986 μεταδιδόναι
3448 934 3463 947 ·
3498 919 3589 969 καὶ
3619 916 3707 969 δε-

2120 1014 2359 1077 δοικότες
2409 1014 2483 1084 μή
2513 1029 2657 1075 τινος
2689 1011 2797 1065 τῶν
2849 1011 3132 1081 ἀδοκήτων
3168 1013 3232 1064 ἐκ
3292 1009 3386 1063 τοῦ
3444 1009 3706 1076 αἰφνιδίου

2123 1107 2457 1175 συμϐάντος,
2517 1106 2627 1159 οὐδ’
2667 1106 2801 1158 αὐτὸ
2854 1105 3013 1157 τοῦτο
3059 1103 3345 1173 διαδρᾶναι
3402 1102 3705 1173 δυνηθεῖεν,

2122 1201 2299 1253 ἐδόκει
2332 1199 2425 1251 νῦν
2457 1198 2531 1260 ὡς
2569 1198 2760 1267 καιρὸν
2795 1195 2979 1264 ἔχουσι
3022 1197 3116 1248 καὶ
3142 1196 3329 1259 ἀδείας
3355 1194 3705 1264 εὐποροῦσιν,

2122 1292 2455 1362 ἀφίστασθαι
2483 1291 2577 1344 τοῦ
2598 1291 2909 1354 Βυζαντίου.
2942 1289 3206 1351 Βασ.λεὺς
3236 1289 3291 1342 δὲ
3313 1289 3511 1350 αὐτοὺς
3535 1287 3710 1340 ταῦτα

2128 1374 2276 1453 μὲνῇ
2306 1380 2526 1450 ἔχουσιν
2547 1378 2827 1448 εἰρηκέναι
2854 1381 2945 1431 καὶ
2977 1378 3155 1439 καλῶς
3184 1377 3553 1446 στοχάσασθαι
3579 1377 3707 1446 ἔφη.

2110 1472 2208 1551 ’ἔτι
2234 1472 2420 1541 μέντοι
2444 1487 2507 1537 γε
2532 1464 2826 1540 καρτερίας
2854 1473 2948 1523 καὶ
2981 1470 3390 1541 μεγαλοψυχίας
3426 1470 3703 1539 προσδεῖν,

2125 1564 2253 1634 ἄχρι
2281 1565 2375 1617 καὶ
2426 1564 2596 1631 αὐτῆς
2625 1563 2734 1616 τῶν
2780 1563 3048 1638 κινδύνων
3085 1566 3183 1632 τῆς
3220 1563 3433 1633 ἀκμῆς.
3468 1562 3707 1627 Ἥλπιζε

2125 1654 2234 1725 γάρ
2290 1656 2380 1708 ἀεὶ
2414 1651 2759 1723 μεταϐαλεῖν,
2820 1653 3063 1706 καὶτῶν
3114 1653 3510 1723 μελετωμένων
3569 1654 3704 1705 ἀπο-

2128 1747 2421 1816 στήσεσθαι
2470 1746 2561 1799 τδν
2613 1746 2860 1815 βασιλέα.
2906 1747 2980 1798 Τὸ
3008 1747 3064 1799 δὲ
3099 1745 3194 1799 νῦν
3249 1746 3397 1816 ἕχον,
3434 1745 3567 1815 περὶ
3605 1746 3707 1814 τῆς

447 1843 776 1899 confideret.
812 1826 977 1894 Nunc
1005 1844 1189 1890 autem
1219 1833 1288 1887 de
1323 1833 1555 1902 conjuge
1584 1846 1702 1886 mea
1726 1831 2028 1885 decernen-

2139 1815 2429 1909 βασιλίδος,
2463 1836 2588 1907 ἔφη,
2620 1839 2718 1908 τῆς
2763 1838 2885 1907 ἐμοὶ
2932 1840 3186 1891 συνοίκου
3223 1815 3489 1891 σκεπτέον
3515 1838 3563 1888 εί
3605 1838 3710 1906 χρὴ

342 1930 345 1935 ’
447 1941 579 1995 dum
602 1947 705 2000 est,
734 1935 932 2004 inquit,
967 1942 1152 1986 utrum
1183 1943 1301 1984 eam
1332 1924 1671 1997 fugientibus
1695 1922 1858 1977 nobis
1884 1935 2031 1992 pone

448 2030 605 2099 sequi
654 2032 923 2097 oporteat.
994 2021 1117 2076 [hec
1168 2035 1199 2075 e
1246 2016 1539 2075 Germanis
1588 2022 1707 2070 erat
1761 2012 2032 2084 principis

449 2115 874 2176 Brunsuicensis
923 2114 1060 2185 (95),
1109 2111 1257 2181 apud
1310 2124 1442 2165 suos
1487 2104 1916 2163 eminentissimi
1973 2112 2030 2160 et

448 2211 742 2283 splendore
793 2206 1011 2278 generis
1058 2206 1202 2259 inter
1246 2216 1441 2256 omnes
1481 2201 1567 2256 sui
1612 2198 1825 2255 ordinis
1867 2196 2030 2253 facile

450 2301 713 2373 praecipui
759 2299 892 2354 filia.
969 2293 1367 2351 Protostratori
1417 2291 1587 2363 igitur
1631 2301 1688 2346 et
1729 2285 2027 2361 Syrgianni

450 2393 765 2451 faciendum
810 2389 1141 2452 videbatur,
1195 2385 1272 2440 uti
1330 2383 1680 2454 imperatoris
1736 2382 2027 2451 coniugem

452 2489 818 2543 assumerent,
861 2477 1084 2549 quando
1116 2484 1171 2530 et
1202 2473 1306 2544 ipsi
1333 2488 1461 2528 snas
1487 2486 1673 2527 secum
1704 2470 1975 2527 haberent
2010 2487 2025 2525 :

454 2575 587 2645 quin
626 2586 845 2627 omnem
873 2566 1112 2636 lapidem
1146 2562 1500 2627 movendum,
1535 2568 1596 2615 ut
1625 2568 1681 2615 et
1705 2560 2031 2627 imperatrix

455 2680 581 2721 cum
608 2666 937 2735 imperatore
962 2666 1127 2713 esset.

2132 1930 2228 1984 καὶ
2257 1930 2461 1998 ταύτην
2510 1930 2810 1999 φεύγουσιν
2858 1929 2992 1999 ἡμῖν
3049 1928 3404 1982 συνέπεσθαι.
3441 1924 3616 1982 Ἤλιδ’
3650 1930 3712 1979 ὲκ
3770 1920 3779 1929 ’

2131 2018 2430 2088 Γερμανῶν
2476 2018 2614 2089 αὕτη
2674 2019 2920 2088 θυγάτηρ
2965 2019 3154 2082 δουκδς
3220 2019 3351 2090 ντὶμ
3396 2020 3714 2089 προυζουὴκ

2129 2110 2225 2164 τοῦ
2280 2113 2410 2182 παρ’
2465 2112 2649 2174 αὐτοῖς
2682 2112 3116 2180 ἐπιφανεστάτου
3148 2151 3162 2174 ,
3216 2112 3312 2166 καὶ
3360 2112 3714 2182 λαμπρότητι

2132 2202 2344 2267 πάντας
2378 2202 2507 2266 τοὺς
2531 2201 2840 2273 ὁμοφύλους
2891 2202 3324 2273 ὑπερϐάλλοντος
3373 2202 3469 2256 τοῦ
3498 2202 3710 2272 γένους.

2130 2295 2259 2357 Τοῖς
2291 2294 2390 2364 μὲν
2419 2290 2514 2347 οῦν
2541 2293 2662 2347 δυσὶ
2691 2293 2800 2347 τῶν
2844 2293 3161 2362 ἀναγκαίων
3185 2294 3358 2349 ἐδόκει
3377 2292 3474 2350 καὶ
3501 2292 3602 2366 τὴν
3618 2294 3713 2347 τοῦ

2135 2385 2402 2455 βασιλέως
2428 2387 2680 2458 γαμετὴν
2710 2384 3186 2455 συμπαραλαϐεῖν,
3211 2385 3301 2438 διὰ
3316 2385 3374 2439 τὺ
3393 2385 3487 2438 καὶ
3515 2386 3713 2446 αὐτοὺς

2131 2475 2227 2537 τὰς
2257 2479 2519 2543 γυναῖκας
2564 2475 2712 2544 ἔχειν
2753 2472 2872 2544 μεθ’
2901 2473 3132 2538 ἑαυτῶν,
3181 2475 3275 2527 καὶ
3301 2473 3389 2528 διὰ
3415 2473 3573 2527 τοῦτο
3598 2474 3716 2527 δέον

2135 2564 2275 2622 εῖναι
2309 2554 2457 2639 πάσῃ
2492 2571 2709 2640 μηχανῇ
2757 2566 3068 2638 χρήσασθαι
3113 2567 3389 2624 ὣστε-και
3423 2566 3523 2638 τὴν
3552 2566 3713 2638 βασι-

2141 2659 2259 2713 λίδα
2293 2662 2536 2713 συνεῖναι
2567 2657 2646 2728 τῷ
2676 2658 2909 2729 βασιλεῖ.

1905 2780 2132 2838 CAPUT
2153 2749 2277 2837 ’ἦ

461 2880 816 2941 Cantacuuni
858 2878 1112 2936 rationes.
1163 2892 1257 2948 cur
1305 2877 1619 2948 imperatrig:
1669 2872 2132 2948 Constantinopoli
2168 2874 2541 2948 relinquenda.
2576 2858 2877 2947 Syryiannc
2930 2876 3001 2948 ad
3048 2879 3418 2948 prmfecturam
3468 2894 3626 2933 suam
3663 2880 3720 2931 in

533 2952 816 3009 Thraciam
843 2948 1056 3001 dimisso
1102 2945 1291 3015 reliqui
1321 2943 1520 3019 fuerent
1570 2943 1840 3019 Byzantii.
1881 2943 2111 3019 Magnus
2159 2943 2545 3019 contactaulus,
2591 2943 2640 3001 ei
2684 2943 2914 3018 'maguus
2947 2943 3212 3019 logollteia
3269 2947 3574 3004 Metochites
3617 2949 3723 3004 viri

532 3020 818 3077 clarissimi
847 3019 1220 3087 imperatorem
1252 3016 1428 3069 seriem
1455 3014 1656 3082 frustra
1683 3015 1747 3067 ab
1778 3016 1984 3084 incepto
2008 3014 2274 3068 dimovere
2298 3017 2566 3069 nituntur.

535 3141 603 3195 At
634 3138 780 3193 enim
802 3136 1221 3190 Cantaeuzenus
1248 3146 1480 3200 magnus
1514 3131 1855 3186 domesticus
1882 3146 2040 3186 seor-

2213 3132 2665 3202 Καντακουζηνδς
2695 3132 2740 3185 δ’
2791 3136 2820 3187 ὁ
2862 3133 3038 3203 μέγας
3084 3132 3403 3204 δομέστικος
3460 3135 3723 3191 τάναντία

464 3245 585 3286 sum
637 3230 704 3282 ab
751 3225 820 3279 iis
859 3224 1130 3283 sentiens,
1177 3220 1460 3291 opinionis
1489 3235 1604 3279 sure
1642 3231 1921 3275 momenta
1958 3219 2044 3274 his

465 3322 654 3378 verbis
693 3318 992 3388 explicavit
1024 3332 1037 3367 :
1067 3313 1312 3367 Primum
1360 3311 1628 3368 discessio
1665 3320 1855 3366 nostra
1887 3313 2044 3367 clan-

466 3413 703 3476 destine,
734 3419 791 3465 et
814 3409 973 3463 anxie
1006 3404 1166 3459 nobis
1194 3404 1567 3474 satagentiltus
1593 3402 1781 3458 futura
1815 3410 1937 3469 est;
1990 3402 2044 3456 id

469 3501 690 3558 feminis
729 3499 797 3554 ad
834 3495 1153 3567 huiusmodi
1206 3510 1437 3564 operum
1492 3494 1737 3550 laborem
1789 3494 2044 3557 infirmis,

469 3602 526 3648 ct
564 3600 763 3645 natura
810 3599 1159 3655 nequaquam
1214 3582 1452 3650 idoneis,
1497 3597 1773 3638 summum
1823 3584 2046 3653 pericu-

483 3686 595 3739 lum
637 3678 937 3744 conflabit;
970 3689 1026 3731 et
1056 3691 1157 3732 nos
1191 3676 1294 3746 ipsi
1327 3691 1434 3730 non
1467 3676 1745 3730 mediocre
1781 3676 2047 3731 habemus

474 3770 773 3825 formidare
811 3765 1131 3830 discrimen,
1162 3767 1208 3820 si
1249 3764 1393 3819 facto
1446 3764 1501 3819 in
1550 3765 1669 3833 ipso
1713 3764 2046 3834 deprehensi

473 3863 762 3919 fuerimus.
794 3859 1018 3923 Adhazc,
1040 3857 1261 3913 etiamsi
1293 3856 1516 3911 fortuna
1545 3855 1761 3911 favente
1787 3856 1893 3911 hoc
1919 3870 2050 3926 ope-

473 3956 549 4010 ris
571 3955 713 4010 bene
740 3950 1095 4021 processerit,
1126 3958 1307 4004 tamen
1337 3947 1642 4018 posteriora
1682 3962 1791 4002 non
1823 3946 2049 4017 perinde

471 4045 751 4102 evenient.
786 4043 921 4098 Nam
959 4042 1002 4096 si
1036 4041 1106 4095 ab
1134 4055 1238 4094 aro
1273 4053 1471 4093 manus
1498 4038 1565 4093 ad
1607 4054 1708 4094 nos
1749 4039 2046 4108 insequen-

472 4138 573 4191 dos
603 4135 712 4204 36
744 4135 1020 4195 mittatur,
1053 4131 1287 4185 alterum
1325 4146 1355 4185 e
1390 4129 1609 4184 duobus
1639 4145 1920 4200 cogemur,
1955 4140 2049 4184 aut

472 4228 738 4281 uxoribus
770 4225 982 4279 relictis
1011 4238 1174 4292 porro
1211 4223 1421 4291 fugere,
1454 4223 1602 4291 quod
1656 4236 1755 4275 uos
1785 4222 2048 4276 timidita-

474 4326 567 4386 tis,
632 4318 893 4388 ignatiar,
951 4314 1268 4374 dementias,
1335 4313 1662 4366 temeritatis
1722 4312 2051 4367 criminibus

476 4408 777 4465 maculabit
810 4407 895 4475 (ut
922 4404 1173 4458 omittam
1206 4401 1353 4471 quod
1389 4401 1732 4469 imperatrici
1763 4401 2049 4454 dedecoris

2151 3222 2363 3293 φρονῶν
2394 3218 2484 3292 ἦν,
2513 3226 2609 3277 καὶ
2635 3226 2734 3287 τὰς
2772 3225 2953 3288 αίτίας
2980 3225 3291 3295 προσετίθει
3314 3242 3329 3257 ⁸
3362 3227 3588 3298 Πρῶτον
3619 3230 3721 3300 μὲν

2148 3312 2277 3382 γὰρ,
2312 3314 2544 3383 ἔφασκε,
2576 3315 2674 3385 τῆς
2701 3316 3108 3386 ἀναχωρήσεως
3145 3316 3305 3387 ήμῶν
3342 3317 3610 3388 λαθραίας
3636 3338 3722 3388 γι-

2150 3409 2380 3479 νομένης
2434 3409 2528 3461 καὶ
2590 3409 3142 3479 κατεσπουδασμένης
3167 3449 3183 3475 ,
3249 3412 3722 3468 ὲπικινδυνὸτατον

2148 3501 2362 3570 γυναιξὶ
2392 3500 2530 3571 πρὸς
2565 3502 2633 3555 τὰ
2659 3501 2885 3555 τοιαῦτα
2924 3501 3030 3554 τῶν
3068 3502 3250 3572 ἔργων
3276 3502 3520 3567 ἀσθενῶς
3560 3505 3717 3575 ἑχού-

2151 3608 2270 3653 σαις
2318 3591 2413 3642 καὶ
2459 3590 2685 3659 ἀφυῶςο
2719 3592 2817 3645 καὶ
2861 3591 2995 3660 ἡμῖν
3033 3590 3091 3644 δὲ
3137 3591 3320 3655 αὐτοῖς
3350 3592 3412 3645 οὐ
3458 3594 3658 3662 μικρὸς
3695 3598 3724 3645 ο
3811 3625 3835 3647 ο

2148 3681 2394 3744 κίνδυνος
2429 3679 2815 3746 ὑποπτεύεται,
2860 3681 2948 3733 ἐπ’
2998 3680 3179 3735 αὐτῶν
3207 3682 3318 3736 τῶν
3346 3681 3523 3753 ἔργων
3556 3700 3723 3737 κατα-

2152 3773 2356 3842 φώροις
2384 3771 2694 3839 γινομένοις
2719 3786 2734 3802 ο
2768 3770 2959 3824 ἔπειτα
3004 3772 3118 3829 εἴτε
3143 3771 3238 3826 καὶ
3267 3772 3409 3846 τύχῃ
3440 3775 3721 3844 χρησαμέ-

2153 3879 2261 3924 νοις
2291 3861 2450 3914 τοῦτο
2480 3864 2615 3927 πρὸς
2642 3859 2704 3913 τὸ
2734 3862 2927 3939 ῥᾴδιον.
2946 3861 3213 3932 ἀποϐαίη,
3250 3862 3368 3916 ἀλλ’
3396 3865 3496 3935 οὐχ
3520 3865 3721 3935 ὁμοίιος

2152 3953 2462 4021 ἀπαντήσει
2494 3953 2591 4005 καὶ
2642 3952 2710 4005 τὰ
2750 3952 2890 4021 μετά
2924 3953 3116 4007 ταῦτα.
3153 3955 3216 4007 Ei
3257 3956 3368 4026 γὰρ
3400 3958 3538 4026 πρὸς
3573 3958 3676 4022 βασ
3702 3986 3727 3996 -

2152 4039 2287 4101 λέως
2331 4041 2557 4109 στρατια
2609 4039 2747 4109 πρὸς
2781 4040 2966 4105 δίωξιν
3019 4043 3178 4111 ἡμῶν
3232 4044 3546 4115 ἀποσταλῇ,
3574 4046 3723 4099 δυοῖν

2152 4133 2367 4202 ἀνάγκη
2424 4130 2650 4201 θάτερον
2706 4132 2948 4199 ἑλέσθαι,
2999 4132 3031 4202 ἢ
3069 4133 3168 4197 τὰς
3207 4136 3467 4202 γυναῖκας
3498 4137 3723 4190 καταλι-

2154 4225 2353 4287 πόντας
2407 4222 2718 4294 χρήσασθαι
2779 4225 2945 4295 φυγῇ,
2989 4222 3019 4276 ὃ
3051 4225 3254 4288 δειλίας
3285 4230 3377 4279 καὶ
3406 4228 3721 4298 ἀνανδρίας,

2153 4313 2232 4366 ἔτι
2259 4330 2317 4365 τε
2351 4313 2536 4374 ἀνοίας
2564 4315 2659 4365 καὶ
2686 4311 2944 4376 ἀϐουλίας
2990 4314 3122 4384 ἡμῖν
3155 4316 3410 4387 ἔγκλημα
3440 4318 3723 4387 περιάψει,

2155 4405 2290 4473 πρὸς
2336 4403 2415 4471 τῷ
2462 4405 2558 4473 καὶ
2586 4402 2805 4468 ἀδοξίας
2832 4404 3042 4468 αί.ίους
3074 4408 3139 4476 τῇ
3182 4406 3415 4476 βασιλίδι
3442 4411 3726 4476 γεγονέναι

474 4507 731 4554 auctores
759 4495 993 4558 erimus,
1017 4508 1141 4562 qua:
1184 4505 1283 4560 pro
1312 4490 1531 4559 captiva
1554 4487 1914 4559 abducetur),
1948 4499 2044 4543 aut

2144 4492 2301 4562 δίκην
2327 4494 2570 4566 ἀγομένῃ
2613 4494 2968 4563 δοριαλώτου,
3002 4495 3035 4565 ἢ
3069 4496 3292 4567 ταύτης.
3316 4498 3481 4552 ἕνεκα
3532 4501 3729 4552 πολλα-

473 4592 614 4658 ejus,
655 4583 1025 4659 imperatricis
1051 4585 1298 4651 inquam,
1352 4594 1515 4633 causa
1549 4578 1706 4648 pauci
1737 4593 1864 4634 cum
1907 4580 2049 4634 mul-

474 4693 531 4735 to
564 4678 821 4748 pluribus
852 4675 1046 4744 pedem
1085 4668 1729 4748 conl'erentesjnterlici
1761 4686 1777 4723 :
1811 4684 2047 4739 quorum

476 4769 751 4825 utrumvis
773 4769 1000 4836 eligere,
1035 4780 1064 4817 a
1092 4760 1391 4833 prudentia
1433 4759 1699 4814 abhorret
1727 4760 2048 4830 plurimum.

477 4865 747 4918 Praeterea
767 4871 946 4926 neque
975 4856 1043 4909 ad
1071 4869 1216 4924 quos
1247 4852 1669 4923 proficiscimur,
1703 4863 2049 4909 constantem

477 4935 605 5024 erga
651 4967 755 5008 nos
803 4948 965 5004 fidem
1003 4954 1231 5017 gerunt.
1278 4945 1435 5011 Quod
1493 4946 1619 4999 eum
1687 4945 1761 5000 ita
1792 4946 1886 5012 sit,
1940 4963 2086 5001 non-

2153 4585 2404 4647 πλασίοις
2437 4585 2654 4652 ὀλίγους
2690 4586 3178 4656 συμπλεκομένους
3225 4590 3615 4661 ἀποθνήσκειν,
3649 4586 3727 4647 ὧν

2153 4676 2437 4746 οὐδέτερον
2458 4676 2678 4731 ἑλέσθαι
2709 4679 2979 4748 προσήκει
3016 4680 3446 4750 σωφρονοῦντας.
3478 4683 3620 4752 Πρὸς
3667 4684 3724 4736 δὲ

2154 4768 2389 4831 τούτοις,
2440 4768 2563 4822 οὐδὲ
2594 4767 2732 4839 πρὸς
2769 4767 2863 4833 οὓς
2896 4770 3255 4841 ἀπερχόμεθα
3290 4772 3480 4842 βέϐαια
3506 4775 3578 4828 τὰ
3629 4777 3731 4842 τῆς

2160 4862 2397 4922 πίστεως
2421 4858 2554 4930 ἡμῖν
2580 4874 2595 4890 ⁵
2629 4867 2721 4913 καὶ
2750 4859 2841 4913 διὰ
2880 4860 3039 4913 τοῦτο
3068 4861 3128 4913 οὐ
3165 4861 3386 4932 μέλλειν
3409 4865 3534 4918 οὐδὲ
3563 4882 3732 4920 κατα-

2156 4950 2366 5020 τρίϐειν
2408 4951 2503 5003 τὸν
2544 4953 2738 5020 καιρὸν
2766 4951 2988 5021 ὁμαλῶς
3034 4950 3352 5021 βαδίζοντας
3385 4956 3482 5009 καὶ
3509 4937 3735 5027 ἀνειμέέ

1756 5060 1972 5121 Jacobi
2011 5063 2272 5124 Pontani
2308 5074 2494 5129 notua.

554 5196 664 5267 (95)
700 5192 835 5267 Quis
856 5201 1038 5267 neget
1093 5189 1185 5267 hic
1241 5202 1439 5267 nomen
1502 5186 1783 5267 prOprium
1845 5200 2044 5267 (ιρι-ψ-

483 5256 824 5339 ριὼιιίεεὲοῗ
856 5256 1075 5315 Divinet
1101 5260 1268 5339 igitur
1302 5259 1478 5339 lector
1509 5259 1837 5339 vocabulum
1881 5256 2045 5339 hujus

484 5326 782 5408 principis;
811 5346 939 5408 nam
984 5326 1145 5408 quod
1173 5338 1677 5408 sequitur_._nonten
1703 5336 1789 5379 est
1816 5326 2042 5408 protriti—

482 5395 1051 5465 ciaejirunSnicensis,
1098 5408 1154 5452 et
1191 5395 1528 5451 diceturlib.
1560 5414 1621 5459 ιι,
1663 5410 1785 5463 cap.
1820 5395 1872 5456 5.
1905 5395 2041 5450 Ger-

484 5492 661 5530 manis
726 5488 852 5527 cum
929 5468 1359 5539 imperatoribus
1412 5467 2042 5539 Constantinopolitanis

480 5548 651 5602 fuisse
701 5536 1022 5611 hospitium'
1046 5550 1103 5593 et
1146 5538 1487 5611 amicitiam.
1519 5536 1643 5611 llaec
1668 5547 1886 5611 autem
1923 5550 2044 5611 mu-

481 5618 605 5677 lter,
630 5615 786 5668 lreue
805 5605 1125 5672 dicta,'sine
1152 5609 1340 5661 liberis
1365 5607 1620 5668 decessit,
1648 5605 1849 5677 detqqu
1873 5605 2038 5668 infra,

486 5672 606 5752 Cap;
637 5685 729 5737 40.
769 5710 838 5722 -
872 5680 930 5733 ltt
960 5677 1148 5733 Graeco
1178 5679 1366 5738 δουκὸς
1406 5694 1530 5752 ντιμ
1551 5672 1898 5752 ,προυζοίυὴη
1946 5676 2040 5752 ubi

487 5744 570 5807 uti
595 5754 821 5806 omnino
851 5760 1173 5820 corruptum
1206 5758 1309 5812 Cal,
1343 5746 1489 5815 quod
1517 5745 1592 5799 ait
1618 5744 1915 5813 interpres,
1944 5746 2038 5798 sed

2153 5188 2617 5265 inscribendum
2652 5191 2895 5265 :__69uxb;
2929 5194 3014 5248 ντὶ
3062 5193 3461 5265 Μπρουζουὴκ,
3513 5197 3566 5251 id
3616 5208 3724 5261 est,

2154 5259 2366 5336 Italico:
2395 5265 2530 5313 duca
2559 5262 2614 5336 di
2652 5259 2942 5336 Brunzuic,
2970 5280 3099 5336 nam,
3122 5259 3242 5334 eius
3273 5259 3729 5336 lingitaemagnus

2154 5344 2307 5403 usus
2318 5329 2845 5403 Constantinopoli,
2867 5342 2936 5403 ut
2958 5329 3235 5403 conjicere
3261 5346 3343 5391 est
3358 5329 3449 5388 'ex
3478 5329 3726 5391 loco'rutn

2152 5399 2635 5466 appellationibus,
2656 5413 2715 5454 ut
2741 5400 3009 5470 Φράντζα,
3033 5399 3090 5458 εὶ
3111 5405 3354 5466 Σαϐωία,
3374 5413 3509 5470 etc.,
3533 5406 3733 5461 litterae

2152 5479 2337 5548 autem
2387 5472 2718 5548 vr__yalent_
2751 5471 2780 5521 δ
2821 5471 2965 5541 apud
3015 5471 3236 5548 Graecos
3290 5473 3613 5548 inferiores.
3667 5487 3726 5531 ut

2152 5539 2293 5591 infra
2317 5538 2542 5613 patebit
2589 5538 2792 5613 saepius
2833 5538 2874 5613 _§
2916 5558 3012 5613 p.11:
3055 5544 3243 5597 valent
3292 5542 3321 5613 β
3368 5552 3428 5596 ut
3478 5538 3731 5613 μπαλότα

2151 5622 2247 5729 prt:
2309 5606 2511 5673 balrta,
2581 5618 2637 5664 et
2669 5606 3025 5675 ’Μπαΐουλος,
3084 5606 3303 5678 Baiias;
3347 5606 3548 5669 nomen
3618 5613 3726 5671 Vt:-

2151 5694 2219 5729 ne
2254 5693 2366 5729 ιιιιι.

2150 5693 2366 5731 ιιοιιιιιι.
