4106 6292
336 5642 361 5765 ἑ

373 400 471 468 117

1545 406 1913 471 HISTORIA
1924 408 2095 470 RUM
2136 407 2372 471 LIBER
2410 409 2460 472 Ι.

3535 407 3637 472 1Ιῖ

371 517 533 584 ἔχων,
561 513 728 585 ﬁgere
759 515 852 572 τὸν
882 516 1227 588 μηνύσαντα,
1266 523 1363 576 καὶ
1400 520 1630 585 ἀξίωσιν
1660 522 1946 592 προσθεὶς,

2077 528 2167 587 lat,
2190 530 2244 575 et
2269 519 2530 590 precibus
2557 517 2752 573 orabat
2776 515 3063 580 nuntium,
3095 523 3157 571 ut
3209 514 3254 571 si
3286 515 3417 587 quid
3451 526 3637 572 nosset

371 607 425 659 εί
449 620 504 659 τι
539 605 782 660 σύνοιδεν
814 608 1184 678 ἀπαγγέλλειν
1205 628 1220 644 ο
1259 615 1288 666 ὁ
1311 612 1356 665 δ’
1380 611 1532 682 ἔλεγε
1576 612 1794 683 βέϐαιον
1850 613 1951 683 μὲν

2077 627 2125 667 Ie
2163 611 2391 666 celaret.
2423 609 2563 664 Tum
2596 610 2710 674 ille,
2742 609 2882 663 nihil
2924 623 2994 667 se
3044 607 3394 679 exploratum
3426 608 3636 664 habere

369 695 525 749 οὐδὲν
548 697 731 750 εἰπεῖν
762 696 932 768 ἔχειν,
967 700 1331 770 στοχάζεσθαι
1355 703 1434 767 δὲ,
1461 704 1554 755 τὸν
1584 703 1806 757 πάππον
1827 703 1952 770 βού-

372 785 564 841 λεσθαι
591 789 687 842 καὶ
720 786 953 856 βασιλέα
982 792 1078 845 τοῦ
1134 795 1479 865 πατριάρχου
1509 776 1608 846 καὶ
1648 793 1951 864 ἀρχιερέων

374 881 667 950 παρόντων
712 881 906 950 λόγους
948 884 1102 949 τινὰς
1132 886 1272 955 πρὸς
1324 887 1384 939 σὲ
1423 886 1652 940 διελθεῖν
1677 901 1689 917 ·
1719 885 1774 939 οῖ
1803 903 1953 947 τινες

373 972 433 1025 δὲ
452 973 500 1023 οἱ
534 972 688 1040 λόγοι
730 976 829 1028 καὶ
852 974 988 1045 πρὸς
1019 977 1073 1029 τί
1098 977 1351 1047 φέρουσι,
1386 978 1573 1047 σαφῶς
1608 978 1810 1031 είδέναι
1854 995 1955 1047 μη-

372 1062 589 1132 δαμῶς.
641 1060 777 1118 Εἶτα
814 1067 1017 1137 μικρὸν
1064 1067 1347 1138 ἐπισχών·
1376 1071 1594 1138 Ὥσπερ
1651 1072 1752 1139 μὲν
1796 1071 1955 1139 ἔφην.

375 1155 626 1224 ἀκριὸὦς
655 1156 756 1210 οὐκ
779 1152 919 1224 οἶδα,
949 1155 1095 1221 εἷπε,
1129 1164 1261 1231 περὶ
1302 1154 1378 1214 ὧν
1410 1162 1457 1214 oi
1486 1160 1635 1230 λόγοι
1664 1177 1674 1190 ·
1711 1160 1957 1224 εἰκάζειν

383 1244 570 1315 μέντοι
628 1248 704 1317 μὴ
738 1253 1037 1319 προσηνεῖς
1095 1269 1245 1316 τινας
1297 1252 1521 1305 ἔσεσθαι
1567 1254 1659 1305 καὶ
1694 1253 1817 1320 ἡρέ,
1841 1267 1959 1313 ους,
2006 1280 2011 1285 -

377 1335 497 1389 ἀλλ’
524 1336 598 1425 ᾡς
641 1339 741 1392 ἐπὶ
768 1338 895 1411 δίκῃ
928 1340 1216 1396 καλεῖσθαι
1240 1358 1254 1370 ’
1289 1340 1461 1395 ἐδεῖτό
1489 1361 1547 1396 τε
1600 1345 1801 1416 μικρδιν
1832 1345 1963 1396 ἀνα-

382 1430 663 1500 μείναντα,
692 1434 792 1487 καὶ
818 1432 1016 1503 μέλετῃ
1073 1435 1246 1504 μικρᾷ
1294 1436 1840 1505 προσασχοληθέντα,
1882 1437 1960 1499 ὡς

379 1524 616 1587 εὐθύνας
650 1526 942 1594 ὑφέξοντα,
997 1528 1137 1598 προς
1178 1530 1479 1598 ἀπολογίαν
1530 1531 1748 1600 ἕτοιμον
1782 1532 1961 1602 ἥκειν.

394 1616 458 1671 Ὀ
494 1616 750 1687 βασιλεὺς
796 1617 855 1671 δὲ
884 1619 1043 1689 χάριν
1078 1621 1225 1690 αὐτῷ
1248 1621 1347 1691 τῆς
1386 1621 1793 1689 καλοκαγαθίας
1831 1624 1961 1691 ὁμο-

380 1704 648 1775 λογήσας,
711 1707 808 1760 καὶ
866 1708 1091 1775 ἀγαθῶν
1149 1711 1386 1782 ἀμοιϐὴν
1442 1691 1962 1780 προσεπευξάμενος

2059 703 2206 775 quod
2247 702 2581 767 affirmaret;
2634 703 2689 756 in
2741 702 3112 773 suspicionum
3165 711 3350 757 autem
3414 703 3636 770 delabi,

2058 811 2222 850 avum
2272 795 2578 865 patriarcha
2633 803 2690 851 et
2737 795 3012 867 episcopis
3062 798 3428 867 praesentibus
3500 814 3631 853 eum

2058 887 2418 943 constituisse
2452 888 2682 959 alloqui.
2710 889 2911 945 Verum
2964 889 3251 956 quidnam,
3297 897 3354 944 et
3391 904 3501 961 quo
3533 889 3640 947 line

2060 978 2314 1034 dicturus
2348 980 2441 1045 sit,
2474 978 2578 1034 sibi
2625 981 2946 1051 neutiquam
2994 981 3208 1050 liquido
3247 990 3538 1047 constare;
3584 988 3643 1037 et

2060 1083 2359 1139 parumper
2388 1070 2788 1138 conticescens,
2815 1069 2972 1125 Sicut
3007 1070 3250 1135 narravi,
3276 1071 3478 1141 inquit,
3505 1069 3643 1126 satis

2067 1170 2422 1231 perspectum
2465 1176 2573 1215 non
2613 1161 2816 1227 habeo,
2860 1162 2993 1231 quid
3031 1162 3327 1217 verborum
3359 1163 3433 1219 sit
3460 1162 3641 1219 factu-

2066 1268 2187 1320 rus;
2241 1267 2482 1324 auguror
2532 1267 2738 1321 tamen,
2782 1244 2947 1310 melle
3002 1270 3066 1309 ac
3117 1268 3468 1311 mansuetum
3498 1255 3643 1310 nihil

2038 1346 2409 1408 .locuturum,
2441 1347 2537 1402 sed
2571 1357 2620 1402 te
2643 1348 2803 1401 velut
2834 1348 2885 1401 in
2912 1347 3184 1416 judicium
3211 1349 3437 1403 arcessi.
3464 1347 3645 1414 Quare

2064 1437 2388 1506 aliquandiu
2447 1438 2843 1507 prremediteris
2905 1438 3052 1504 licet,
3106 1448 3167 1492 ut
3227 1439 3492 1493 rationem
3552 1453 3644 1492 re-

2064 1528 2396 1596 poscendus,
2440 1537 2663 1597 paratus
2694 1528 2761 1581 ad
2796 1528 3247 1598 respondendum
3279 1518 3499 1583 'vcnias.
3545 1529 3652 1583 Ne-

2068 1633 2168 1689 pos
2204 1627 2263 1674 ut
2296 1619 2446 1674 bono
2476 1621 2593 1675 viro
2622 1621 2825 1691 gratias
2857 1636 3047 1692 agens,
3081 1632 3135 1676 et
3169 1623 3450 1692 przcmium
3485 1638 3515 1675 a
3539 1622 3581 1676 D
3618 1637 3651 1675 ο

2070 1701 2454 1782 comprecans.
2500 1722 2664 1783 atque
2698 1714 2799 1769 hoc
2832 1714 3064 1784 insuper
3092 1715 3324 1780 addens,
3365 1714 3469 1769 sibi
3499 1725 3653 1784 opta—

386 1796 543 1864 παρά
571 1796 732 1863 Θεοῦ,
754 1793 875 1852 εἶτα
909 1799 1184 1853 καὶτοῦτο
1210 1799 1407 1867 εἰπὼν,
1442 1802 1519 1864 ὡς
1563 1802 1704 1855 κατὰ
1736 1801 1965 1873 γνώμην

2077 1811 2185 1856 tum
2223 1803 2359 1870 fore,
2398 1818 2583 1858 eorum
2621 1804 3042 1873 multisjudicio
3082 1804 3510 1859 contendentem
3546 1803 3657 1857 cri-

387 1885 541 1955 εὑτῷ
575 1887 770 1953 γένοιτ’
805 1887 871 1942 ἂν
903 1887 967 1940 τὸ
1013 1889 1231 1941 πολλῶν
1290 1889 1575 1961 παρόντοιν
1608 1888 1967 1958 δικαζόμενον

2077 1891 2219 1946 mina
2254 1892 2474 1962 objecta
2515 1890 2787 1954 refellere,
2824 1891 3148 1947 renuntiare
3183 1907 3287 1946 avo
3313 1891 3490 1960 jubet,
3528 1904 3655 1943 mox

390 1978 770 2031 ἀπολύσασθαι
789 1980 860 2032 τὰ
888 1979 1057 2050 ίγκλή
1070 1998 1234 2049 ματα,
1260 1981 1629 2050 ἀπαγγέλλειν
1647 1981 1863 2034 ἐκέλευε
1892 1979 1968 2051 τῷ

390 2073 609 2139 πάππῳ
651 2071 745 2123 καὶ
773 2069 1004 2151 βασιλεῖ,
1038 2070 1113 2132 ὡς
1147 2071 1400 2141 ἀφίξεται
1440 2072 1565 2125 ὅσον
1594 2069 1768 2123 ούπω.
1796 2071 1971 2124 Ἐκεῖ-

388 2178 487 2224 νος
521 2164 620 2231 μὲν
643 2160 737 2215 οὖν
766 2163 867 2232 τὴν
917 2164 1073 2233 παρὰ
1113 2163 1249 2217 Θεοῦ
1299 2153 1971 2234 βοήθειανοὲπευξάμενος

391 2256 455 2306 ἐν
515 2256 631 2316 τοῖς
689 2254 923 2324 παροῦσι
977 2255 1056 2326 τῷ
1121 2254 1363 2326 βασιλεῖ,
1426 2255 1522 2309 καὶ
1578 2254 1973 2324 προσκυνήσας

388 2345 633 2415 ἐπῆλθε.
665 2345 933 2409 Βασιλεὺς
989 2347 1035 2399 δ’
1079 2348 1243 2409 εὐθὺς
1290 2347 1419 2408 τοὺς
1461 2345 1713 2416 ἑταίρους
1742 2362 1975 2415 μετεκα-

395 2439 564 2490 Isim.
600 2437 742 2490 Ἀλλ’
769 2440 796 2491 ὁ
824 2438 1125 2508 μὲιυιὲγας
1155 2438 1499 2508 δομέστικος,
1533 2439 1681 2493 θείου
1712 2439 1860 2507 αὐτῷ
1879 2437 1974 2491 τοῦ

395 2529 844 2599 Ταρχανειώτου,
879 2530 1121 2599 ἀδῖλφῆς
1149 2522 1250 2584 τοῦ
1300 2530 1520 2601 πρώτου
1576 2530 1841 2601 βασιλέως
1876 2532 1979 2585 Μι-

395 2622 545 2689 χαὴλ
591 2620 710 2675 υίοῦ
761 2622 1109 2693 τεθνηκότος,
1154 2623 1341 2694 παρῆν
1389 2624 1506 2677 ἐκεῖ
1568 2623 1859 2692 πενθήσων
1887 2624 1979 2679 ἐπὶ

396 2712 647 2780 κειμένῳ
675 2712 752 2783 τῷ
799 2718 1075 2783 συγγενεῖ.
1117 2715 1176 2769 ὐ
1217 2715 1659 2785 πρωτοστρατωρ
1689 2714 1745 2767 δὲ
1773 2714 1982 2784 διατρί-

399 2804 516 2856 ϐων
545 2804 708 2871 οἶκοι,
744 2806 976 2874 ἀφίκετό
1019 2825 1080 2859 τε
1115 2807 1250 2873 πρὸς
1275 2806 1503 2877 βασιλέα
1532 2807 1717 2873 εὐθὺς,
1750 2808 1845 2860 καὶ
1880 2806 1981 2878 τὴν

401 2895 591 2950 αἰτίαν
618 2896 719 2966 τῆς
759 2897 1006 2964 κλήσεως
1049 2899 1241 2968 ἠρώτα
1277 2878 1493 2968 μαθετίν.
1528 2899 1795 2964 Βασιλεὺς
1823 2898 1879 2952 δὲ
1910 2899 1982 2952 τά

397 3004 464 3041 τε
493 2989 646 3058 παρὰ
699 2989 966 3059 βασιλέως
1015 2991 1346 3062 μηνυθέντα,
1379 2995 1473 3048 καὶ
1506 2994 1588 3046 ὅτι
1616 2992 1772 3061 δίκης
1817 2993 1984 3047 ἕνεκα

403 3080 628 3134 καλοῖτο
667 3080 952 3151 γνωρίζει.
1007 3084 1101 3135 καὶ
1130 3083 1206 3145 ὡς
1237 3083 1391 3152 ἥξειν
1441 3083 1810 3154 ἐπηγγείλατο
1839 3083 1985 3137 κατὰ

2070 1997 2128 2036 se
2157 1981 2481 2036 aﬂuturum.
2512 1980 2813 2051 Apparitor
2836 1982 3079 2036 divinam
3109 1981 3161 2035 ei
3194 1994 3354 2051 opem
3388 1978 3480 2034 tali
3505 1987 3656 2033 statu

2072 2085 2349 2143 precatus,
2386 2084 2439 2130 et
2493 2082 2554 2128 ut
2611 2076 3004 2143 imperatorem
3053 2081 3370 2137 veneratus,
3424 2068 3655 2127 recedit.

2071 2166 2362 2236 Extemplo
2397 2166 2580 2221 socios
2607 2172 2896 2219 convocat.
2916 2164 3091 2220 Porro
3132 2179 3362 2233 magnus
3393 2164 3660 2220 domesti-

2074 2272 2197 2319 cus,
2235 2256 2607 2312 Tarcbaniota
2640 2257 2848 2311 sororis
2890 2257 3056 2328 primi
3107 2256 3392 2311 Michaelis
3419 2257 3659 2325 impera-

2079 2350 2248 2414 toris,
2273 2357 2329 2404 et
2361 2349 2595 2419 majoris
2628 2356 2939 2402 matertera:
2965 2348 3219 2403 sum‘lllio
3254 2347 3420 2403 rebus
3458 2348 3661 2403 huma-

2076 2441 2165 2496 nis
2193 2449 2408 2510 erepto,
2436 2439 2505 2494 ad
2526 2439 2779 2493 exanime
2801 2454 3005 2508 corpus
3024 2438 3207 2494 luetus
3230 2454 3391 2493 causa
3408 2439 3618 2495 abierat
3643 2457 3658 2494 :

2085 2541 2459 2604 protostrator
2488 2532 2641 2586 domi
2675 2546 2908 2586 manens
2942 2531 3093 2585 illico
3123 2532 3300 2593 adest,
3348 2548 3448 2588 cur
3499 2547 3662 2587 voca-

2081 2635 2169 2678 tus
2193 2624 2267 2679 sit
2292 2623 2512 2695 quaerit.
2549 2623 2734 2694 Nepos
2763 2632 2815 2676 et
2845 2623 2977 2694 quid
3012 2622 3118 2678 sibi
3162 2623 3234 2678 ab
3286 2638 3391 2679 avo
3426 2624 3659 2679 manda-

2081 2724 2220 2778 tum,
2254 2723 2309 2768 et
2338 2729 2397 2770 se
2430 2728 2584 2768 reum
2617 2713 2800 2778 citari,
2852 2730 2916 2769 ac
2966 2715 3085 2770 sine
3121 2729 3272 2768 mora
3310 2730 3368 2769 se
3397 2715 3658 2771 Stitnrum

2081 2805 2271 2862 refert.
2303 2805 2472 2861 Addit
2493 2808 2685 2871 etiam,
2729 2821 2788 2861 se
2828 2807 3097 2878 judicium
3130 2822 3197 2863 ex
3232 2809 3418 2863 animo
3448 2808 3664 2865 subitu-

2083 2913 2227 2963 rum,
2262 2913 2390 2952 cum
2424 2897 2563 2952 nihil
2609 2897 2819 2967 negotii
2863 2899 2934 2953 sit
2974 2898 3294 2963 ostendere,
3333 2909 3449 2954 tum
3480 2915 3538 2956 se
3573 2916 3664 2953 va-

2082 3003 2209 3045 care
2262 2990 2412 3044 omni
2465 2987 2732 3056 crimine,
2784 3001 2898 3043 tum
2948 2989 3233 3047 dominum
3266 3001 3320 3046 et
3369 2992 3666 3061 imperato-

2085 3095 2202 3134 rem
2241 3089 2418 3135 semet
2456 3082 2525 3135 de
2559 3080 2795 3151 maligna
2838 3081 3124 3137 voluntate
3157 3098 3254 3137 sua
3291 3083 3482 3137 ulcisci
3525 3082 3663 3154 (99).

404 3175 598 3242 τάχος,
647 3173 914 3242 προσθεὶς
960 3177 1059 3229 καὶ
1102 3175 1281 3236 τοῦτο,
1315 3175 1389 3239 ὼς
1433 3176 1578 3230 κατά
1638 3175 1866 3248 γνώμην
1919 3174 1975 3230 ἂι

2091 3173 2341 3244 Subjecit
2388 3181 2804 3242 protostrator:
2846 3171 3033 3242 Longe
3072 3173 3210 3227 mihi
3257 3189 3286 3226 a
3317 3189 3448 3227 vero
3480 3174 3667 3244 lapsus

402 3264 563 3332 αὐτῷ
585 3266 798 3331 γένοιτο
821 3264 1177 3334 δικασθῆναι,
1213 3266 1564 3337 δυνησομένῳ
1596 3267 1794 3338 ῥᾳδίως
1819 3267 1983 3320 αὐτὸν

409 3356 517 3424 μὲν
548 3355 725 3408 οὐδενὶ
776 3357 888 3409 τῶν
930 3355 1352 3427 ἐγκαλουμένων
1404 3356 1731 3427 ἐνεχόμενον
1764 3358 1985 3412 ἀποδεῖ-

404 3449 526 3512 ξαι,
561 3446 653 3499 τὸν
673 3446 732 3502 δὲ
760 3447 951 3518 κύριον
979 3449 1072 3502 καὶ
1106 3448 1352 3518 βασιλέα,
1388 3448 1571 3519 ψυχῆς
1604 3450 1736 3517 ἰδίας
1762 3450 1984 3521 θέλησιν

405 3540 756 3597 ἐκδικοῦντα.
804 3541 862 3596 '0
892 3543 1336 3614 πρωτοστράτωρ
1371 3542 1448 3607 δὲ,
1485 3543 1634 3597 Πάνυ
1680 3560 1772 3613 μοι
1810 3544 1988 3609 δοκεῖς

407 3632 779 3703 ἁμαρτάνειν,
820 3631 949 3704 ἔφη,
1004 3632 1101 3686 τοῦ
1160 3633 1335 3698 ὄντος,
1374 3627 1421 3686 ὦ
1471 3632 1695 3703 βασιλεύ
1721 3652 1734 3665 ο
1781 3635 1877 3687 καὶ
1912 3635 1987 3698 ὡς

407 3716 727 3803 iam"..th
752 3724 887 3796 πρὸς
912 3727 972 3779 σὲ
1003 3727 1136 3793 περὶ
1162 3726 1264 3795 τῆς
1285 3724 1542 3793 τοιαύτης
1566 3726 1805 3795 κρίσεως
1833 3730 1860 3780 ὁ
1895 3727 1989 3797 μέ-

409 3834 517 3885 γας
540 3818 861 3887 δομέστικος
892 3818 1115 3889 είρηκεν
1152 3820 1449 3885 ἐπελάθου,
1480 3819 1517 3873 ἂ
1546 3819 1609 3890 δή
1641 3836 1749 3872 που
1778 3820 1872 3874 καὶ
1906 3820 1990 3873 σοι

408 3909 671 3979 ιιίρῆσοαι
691 3908 814 3961 τότε
843 3911 940 3963 καὶ
970 3911 1105 3981 ήαίν
1131 3908 1533 3980 ὀρθῶςὲδόκει.
1567 3911 1668 3964 Σοῦ
1702 3911 1813 3981 γὰρ
1843 3914 1996 3982 είρη-

412 4001 599 4064 κότος,
640 4001 729 4064 Ὠς
757 4000 1052 4072 βουλοίμην
1078 4001 1147 4055 ἂν
1175 4002 1269 4055 ἐπὶ
1290 4002 1385 4055 τοῦ
1426 4002 1690 4074 βασιλέως
1717 4005 1811 4057 καὶ
1841 4005 1993 4058 πάπ-

414 4110 526 4146 που
554 4093 712 4163 δίκης
744 4091 952 4164 τυχὼν,
982 4094 1016 4164 ἢ
1055 4093 1126 4147 τὰ
1171 4095 1495 4164 ἐγκλήματα
1527 4094 1924 4160 ἀπολύσασθαι,
1957 4092 1992 4161 ἢ

411 4183 581 4237 τοῦτο
613 4183 687 4252 μὴ
716 4182 987 4252 δυνηθείς,
1051 4184 1126 4255 μὴ
1155 4185 1256 4253 τὴν
1310 4184 1592 4255 βασιλείαν
1626 4185 1807 4253 μόνον,
1857 4183 1994 4238 ἀλλὰ

2087 3266 2317 3332 videris,
2352 3267 2675 3336 imperator,
2706 3274 2875 3335 atque
2908 3273 2968 3319 ut
2996 3265 3298 3320 verisimile
3333 3268 3412 3329 lit,
3444 3282 3565 3336 qua:
3594 3265 3666 3322 de

2088 3358 2181 3412 tali
2212 3357 2428 3428 judicio
2458 3373 2488 3411 a
2521 3372 2720 3426 magno
2753 3357 3058 3411 domestico
3080 3356 3365 3422 audivisti,
3386 3356 3496 3428 39
3519 3374 3670 3427 qua:—

2088 3462 2196 3519 que
2226 3461 2338 3504 tum
2370 3457 2426 3503 et
2468 3464 2496 3502 a
2531 3458 2605 3509 te.
2633 3456 2690 3502 et
2716 3462 2747 3502 a
2774 3447 2953 3525 nobis,
2986 3457 3045 3501 ut
3078 3458 3229 3504 recte
3255 3448 3400 3504 dicta
3432 3449 3668 3520 accipie-

2087 3543 2312 3610 bantur,
2353 3556 2546 3596 eorum
2593 3546 2644 3596 te
2680 3540 2972 3610 occupavit
2998 3539 3225 3596 oblivio.
3262 3538 3396 3595 Nam
3447 3556 3571 3596 cum
3610 3553 3668 3596 tu

2092 3635 2166 3691 ita
2200 3633 2578 3703 praedicasses,
2614 3633 2757 3687 velle
2790 3639 2863 3696 te,
2897 3633 2941 3686 si
2968 3632 3113 3702 apud
3142 3646 3302 3685 avum
3336 3648 3555 3690 causam
3589 3634 3673 3689 di-

2091 3728 2401 3791 ccres,'aut
2426 3724 2643 3794 objecta
2668 3722 2901 3787 diluere,
2935 3732 3052 3790 aut,
3078 3723 3123 3778 si
3154 3722 3205 3777 id
3245 3724 3428 3779 minus
3458 3739 3670 3795 posses,

2093 3828 2205 3873 non
2235 3815 2471 3885 imperio
2504 3823 2744 3876 tantum,
2777 3829 2970 3869 verum
3006 3814 3173 3868 etiam
3201 3814 3313 3868 vita
3341 3829 3553 3876 carere.
3581 3814 3675 3871 ille

2095 3906 2273 3960 emori
2333 3906 2564 3972 aptabat
2617 3905 2803 3975 potius
2849 3920 3015 3973 quam
3062 3904 3252 3959 videre
3289 3904 3437 3959 diem
3492 3905 3672 3970 illum,

2096 4011 2206 4066 quo
2238 4003 2296 4048 tu
2326 3994 2538 4064 judicio
2575 4008 2701 4048 cum
2735 4008 2839 4047 avo
2895 3993 3266 4047 contenderes
3319 4012 3334 4047 :
3381 4009 3490 4048 non
3522 3995 3671 4049 enim

2091 4086 2312 4159 judicii,
2345 4086 2440 4141 sed
2475 4083 2958 4140 condemnationis
2993 4083 3141 4138 diem
3175 4098 3369 4138 revera
3395 4085 3676 4153 appellare

2098 4178 2380 4235 convenit.
2411 4177 2550 4234 Cum
2582 4177 2732 4233 enim
2782 4176 2926 4230 idem
2974 4176 3049 4232 sit
3103 4176 3323 4230 futurus
3353 4176 3542 4248 judex,
3579 4177 3677 4248 qui

400 4274 516 4325 ’καὶ
540 4272 715 4342 αὐτὴν
748 4272 1117 4342 ἀφαιρεθῆναι
1164 4272 1333 4343 ζωὴν,
1363 4272 1393 4326 δ
1444 4274 1488 4328 δ’
1523 4273 1730 4344 ηὔξατο
1782 4273 1857 4345 μὴ
1882 4272 1975 4338 ζῶε

2107 4279 2420 4336 accusator,
2453 4268 2605 4324 aliud
2655 4267 3042 4323 ratiocinando
3072 4268 3255 4337 colligi
3290 4266 3428 4321 nihil
3473 4275 3674 4337 potest.

418 4366 553 4418 ἰδεῖν
584 4364 843 4436 τοιαύτην
872 4364 1087 4435 ἡμέραν
1117 4367 1173 4418 ὲν
1268 4366 1563 4436 γενήσεταί
1603 4382 1688 4419 σοι
1734 4367 1812 4436 τῷ
1838 4366 1975 4437 βασις

2098 4366 2373 4420 Praeterea
2406 4376 2517 4416 non
2541 4362 2617 4416 ita
2647 4368 2733 4415 est
2762 4360 3052 4429 insipiens,
3077 4369 3136 4415 ut
3168 4369 3277 4414 tam
3308 4358 3681 4414 inconsidera-

413 4458 505 4511 λεῖ
529 4459 623 4511 καὶ
642 4457 722 4527 τῷ
755 4459 968 4528 πάππῳ
998 4456 1357 4527 δικαζόμενον
1399 4458 1548 4522 ἰδεῖν,
1590 4459 1649 4511 ού
1675 4458 1780 4530 γὰρ
1810 4461 1968 4530 δίκης

2102 4465 2161 4512 te
2189 4457 2258 4512 ad
2299 4456 2571 4529 judicium
2605 4453 2837 4518 feratur,
2871 4452 3083 4522 tibique
3128 4463 3345 4521 tempus
3391 4450 3560 4506 etiam
3608 4452 3676 4505 ad

415 4550 725 4617 καταδίκης
754 4550 812 4603 δὲ
844 4550 1047 4620 μᾶλλόν
1075 4552 1223 4603 ἐστιν
1248 4549 1447 4618 ἀληθὲς
1470 4551 1568 4621 τὴν
1598 4553 1814 4621 ἡμέραν
1831 4569 1974 4623 προσ

2107 4549 2525 4619 reSponsionem
2557 4545 2849 4610 concedat,
2875 4558 2987 4612 quo
3013 4553 3109 4597 aut
3136 4543 3486 4597 innocentem
3515 4552 3568 4596 te
3592 4558 3684 4597 os-

416 4644 600 4695 ειπεῖν
661 4640 898 4711 εκείνην.
944 4638 1093 4701 Ἐνὺς
1149 4639 1259 4710 γὰρ
1310 4639 1463 4703 δντος
1531 4639 1628 4693 τοῦ
1682 4640 1975 4704 δικάζοντα

2104 4642 2318 4707 tendas,
2347 4642 2392 4696 si
2430 4640 2594 4703 bene,
2654 4644 2751 4692 aut
2780 4645 3094 4700 nocentem,
3130 4636 3175 4691 si
3214 4636 3355 4691 male
3386 4635 3685 4705 responde-

416 4734 520 4785 καὶ
560 4731 653 4784 τοῦ
690 4728 1145 4800 κατηγοροῦντο;,
1177 4730 1330 4782 οὐδὲν
1386 4728 1514 4782 ἄλλο
1567 4729 1815 4782 λείπεται
1878 4732 1975 4783 συν

2105 4736 2217 4799 ris;
2246 4733 2341 4787 sed
2370 4748 2497 4787 cum
2535 4732 2629 4796 sit,
2662 4731 2807 4800 quod
2839 4731 3071 4790 scimus.
3109 4728 3392 4799 praestanti
3432 4728 3678 4798 pruden-

419 4824 824 4891 d‘:nv.'AD.wc
852 4824 898 4876 τ’
937 4823 1058 4876 οὐδὲ
1088 4823 1201 4877 τῶν
1233 4823 1476 4893 ἀνοήτων
1505 4824 1532 4875 ὁ
1558 4822 1839 4893 βασιλεὺς.
1867 4820 1975 4874 ὧσθ

2111 4824 2204 4884 tia.
2231 4831 2288 4877 et
2318 4837 2502 4877 rerum
2528 4820 2895 4892 gerendarum
2942 4819 3195 4882 callidus,
3224 4829 3338 4874 tum
3374 4818 3594 4874 demum
3625 4819 3677 4873 in

416 4917 600 4979 οὕτως
631 4915 1057 4988 ἀπερισκέπτως
1087 4913 1399 4985 ὁρμηθῆναι
1425 4915 1559 4983 πρὸς
1598 4913 1698 4983 τὴν
1725 4912 1902 4982 δίκην,
1927 4913 1971 4965 ὡ

2101 4915 2372 4985 judicium
2422 4924 2473 4969 te
2519 4913 2781 4977 adducet,
2819 4913 3042 4983 quando
3071 4913 3193 4983 ejus
3219 4912 3494 4967 arbitratu
3538 4928 3680 4981 pra:-

419 5008 527 5061 καὶ
561 5008 754 5078 καιρὸν
786 5003 1089 5073 ἀπολογίας
1130 5021 1211 5056 σοι
1262 5004 1583 5073 παρασχεῖν,
1616 5002 1770 5073 καὶῆ
1808 5005 1876 5054 τὰ
1908 5004 1971 5065 ὲγ

2107 5003 2338 5057 structis
2366 5002 2650 5066 omnibus,
2681 5017 2851 5056 unum
2898 5002 3005 5057 hoc
3036 5002 3291 5065 restabit,
3323 5011 3384 5055 ut
3405 5004 3678 5055 sententia

419 5099 686 5167 κλήματα
735 5094 1136 5160 ἀπολύσασθαι,
1181 5093 1214 5164 ἢ
1253 5096 1349 5148 καὶ
1400 5093 1756 5162 ἀδικούμενον
1802 5093 1975 5145 ἑαυτὸε

2104 5092 2173 5149 de
2203 5105 2277 5159 te,
2345 5102 2606 5164 tanquam
2646 5093 2715 5147 de
2759 5092 3314 5148 sceleratissimorum
3373 5092 3678 5146 facinorum

418 5182 709 5248 ἀποδεῖξαι
733 5197 749 5214 ⁸
786 5182 921 5235 ἀλλὰ
951 5180 1175 5251 βαθείας
1197 5179 1272 5233 ὢν
1300 5182 1393 5233 καὶ
1425 5181 1670 5250 συνετῆς,
1709 5181 1785 5244 ὡς
1817 5181 1975 5249 ίσμεν

2110 5185 2425 5250 manifesto,
2452 5194 2507 5238 et
2537 5184 2606 5238 ob
2640 5183 2695 5238 id
2724 5183 3013 5253 quibusvis
3048 5182 3336 5253 suppliciis
3382 5181 3677 5236 excarnifi-

426 5276 651 5346 φρενὸς,
679 5274 778 5328 καὶ
802 5274 977 5337 δεινὸς
1006 5273 1299 5343 πράγμασι
1337 5272 1599 5342 χρῆσθαι,
1627 5271 1740 5324 τότ’
1783 5274 1877 5324 ἐπὶ
1902 5272 1969 5340 τῆ

2106 5278 2283 5332 cando
2330 5278 2414 5342 (ut
2458 5276 2537 5330 sic
2572 5274 2717 5345 apud
2751 5284 2972 5331 exteros
3008 5275 3172 5328 etiam
3203 5272 3432 5345 justitiae
3460 5272 3678 5340 Opinio-

420 5368 589 5437 δίκης
651 5382 712 5420 σε
777 5368 1131 5436 καταστήσει,
1183 5350 1272 5417 ὅτε
1324 5365 1460 5434 πρὸς
1508 5364 1568 5417 τὸ
1615 5364 1767 5436 αὑτῷ
1813 5363 1971 5418 δοκοῦ

2107 5385 2232 5423 nem
2269 5368 2505 5434 auferat)
2533 5365 2943 5439 pronuntietur.
2974 5365 3099 5443 llam
3152 5365 3262 5419 illis
3300 5365 3354 5419 in
3400 5362 3683 5434 colloquio

421 5464 612 5517 πάντα
670 5457 1359 5532 προκατασκευασάμενος,
1408 5456 1626 5519 οὐδενὸς
1675 5457 1838 5511 ἄλλου
1896 5458 1975 5510 λεί

2110 5457 2470 5528 agitantibus,
2502 5470 2633 5511 ecce
2679 5455 2820 5510 alius
2867 5456 2938 5511 ab
2987 5456 3322 5527 imperatore
3373 5453 3691 5525 apparitor,

1698 5573 1917 5637 Jacobi
1947 5573 2217 5637 Pontani
2250 5580 2435 5636 notis.

505 5702 622 5785 (S19)
662 5703 737 5759 Ut
782 5701 916 5756 facit
961 5715 1131 5756 senex
1170 5701 1316 5773 apud
1348 5700 1696 5766 Terentium,
1745 5702 1799 5756 in
1835 5702 2010 5758 Heau-

426 5781 877 5827 tontimorumeno
908 5785 928 5825 :

545 5842 751 5897 Interea
786 5857 947 5912 usque
974 5840 1055 5894 illi
1088 5843 1150 5897 de
1180 5859 1258 5898 me
1283 5840 1599 5911 supplicium
1626 5840 1781 5897 dabo.

2119 5701 2227 5757 Sed
2258 5701 2419 5755 aliam
2455 5701 2525 5756 ob
2568 5714 2790 5755 causam
2823 5697 2937 5765 ille,
2975 5708 3032 5755 et
3062 5699 3134 5755 ob
3177 5699 3340 5754 aliain
3377 5679 3499 5757 iste.
3539 5700 3689 5757 Prae-

2121 5783 2292 5839 terca,
2323 5772 2412 5828 ille
2436 5772 2623 5829 volens
2654 5786 2717 5826 ac
2740 5769 3004 5842 prudens,
3035 5770 3126 5827 hic
3153 5770 3383 5834 invitus.
3428 5836 3433 5841 ε
