4106 6292
276 303 367 368 121
609 313 616 315 ”
1455 332 1841 402 HISTORIA?

1950 347 2002 406 Μ
2039 348 2275 415 LIBER
2321 357 2370 419 Ι.

268 427 398 487 τοὺς
437 424 717 494 βασιλέως
767 432 1107 505 συναθροίσω
1140 440 1234 492 καὶ
1271 442 1398 506 το“ς
1431 445 1600 516 ἐμούς
1628 467 1642 479 ·
1679 454 1756 513 εἰς
1798 454 1856 506 ἓν
1884 461 1928 518 Α
1962 466 2291 536 recipiemus
2324 491 2337 528 ε
2370 475 2441 530 ξω

273 517 323 536 θλ
381 535 386 536 γ
498 521 588 536 In!
859 529 870 536 '
949 529 961 536 “
1112 532 1123 536 “
1257 533 1271 536 ⁸

269 517 328 572 δὲ
364 521 740 589 συνελθόντες,
783 529 880 579 καὶ
912 529 1007 580 τὴν
1069 532 1186 585 νέον
1248 533 1477 600 βασιλέα
1512 546 1890 609 παρα).α6ὀν-”

3445 385 3548 452 122

2478 479 2716 552 denique
2750 499 2809 542 ut
2838 486 2890 541 in
2928 492 3078 557 asylo
3108 491 3184 560 (Ξ)
3215 498 3432 552 tuenda:
3482 517 3547 556 ac

1967 561 2212 627 tegendae
2259 565 2420 622 saluti
2483 583 2684 627 nostra:
2732 577 3136 638 incumbemus.
3187 587 3542 645 Postmodum

269 626 384 672 τες,
426 614 590 683 (ὅπερ
622 611 778 686 οἶμαι
821 618 1180 694 δυνήσεσθαι)
1241 629 1379 698 πρὸς
1413 634 1504 685 τὸν
1531 636 1629 701 τῆς
1657 639 1859 707 Σοφίας

268 701 694 774 ἀπελευσόμεθα
735 709 827 761 τοῦ
858 709 993 764 Θεοῦ
1025 716 1203 784 Λόγου
1235 719 1382 774 θεῖον
1411 725 1566 790 νεὼν,
1602 729 1701 798 τὴν
1755 748 1856 783 σω-

271 797 478 864 τηρίαν
506 798 598 850 διὰ
631 800 730 868 τῆς
763 802 996 867 ἀσυλίας
1025 808 1126 876 τῆς
1173 812 1384 866 ἐκείνου
1435 797 1857 887 πραγματεύσο-

273 900 454 950 μενοι,
481 882 598 940 εἶτα
623 889 1196 966 διαπρεσϐευσάμενοι
1229 903 1366 972 προς
1401 882 1650 972 βασιλέα,
1682 911 1856 982 ἀμνη-

267 976 426 1030 στίαν
448 979 754 1050 αἰτήσομεν
777 984 889 1037 τῶν
911 986 1296 1058 τολμηθέντων
1321 1008 1335 1021 ·
1377 996 1469 1048 τὸν
1491 997 1568 1064 δὲ,
1601 976 1855 1057 δείσαντα

263 1067 366 1134 τὴν
421 1071 628 1131 στάσιν,
671 1072 864 1145 ὥσπερ
927 1079 1096 1141 εἰκὸς,
1132 1083 1284 1153 ὅρκῳ
1350 1088 1442 1139 καὶ
1497 1089 1713 1157 βασιλεῖ
1761 1098 1854 1148 καὶ

263 1162 420 1242 ἡμῖν,
443 1165 539 1216 καὶ
567 1166 665 1235 τὴν
690 1167 1008 1242 ἀσφάλειαν
1022 1175 1407 1233 πιστώσασθαι
1437 1184 1531 1234 καὶ
1554 1185 1655 1253 τὴν
1675 1186 1854 1258 ἀμνη-

263 1248 425 1301 στίαν
485 1251 595 1302 τῶν
649 1254 1054 1323 εἰργασμένων.
1112 1263 1220 1314 Τοῦ
1291 1267 1412 1320 νέου
1469 1271 1526 1323 δὲ
1583 1248 1851 1341 βασιλέως

260 1340 678 1408 ἀπαλλαγέντος
705 1345 804 1398 τοῦ
832 1352 1186 1420 περισχόντος
1219 1357 1314 1408 νῦν
1349 1340 1625 1434 ἐξαπίνης
1672 1369 1850 1420 κινδύ-

263 1445 293 1480 ν
326 1447 379 1491 υ,
413 1433 530 1484 τότ’
561 1435 663 1504 ἤδη
700 1437 1163 1512 βουλευσαμένοις
1192 1449 1330 1519 ὅπερ
1359 1452 1427 1503 ἂν
1448 1433 1589 1526 δοκῇῗ
1609 1455 1841 1525 βέλτιον,

256 1521 486 1585 ἐξέσται
537 1529 803 1597 πράττειν
855 1537 977 1588 κατ’
1030 1538 1304 1602 ἐξουσίαν.
1343 1545 1412 1596 Ἥ
1469 1521 1704 1616 γὰρ-ὲκ
1751 1521 1850 1621 τῆς

255 1615 498 1686 ἠπείρου
556 1621 689 1689 μίαν
722 1624 833 1678 τῶν
863 1627 964 1695 τῆς
1020 1630 1229 1696 πόλεως
1261 1634 1445 1688 πυλῶν
1490 1615 1850 1709 διατεμόντες

253 1706 644 1780 ἐκπειτούμεθα
672 1716 890 1782 νυκτὸς,
931 1719 963 1790 ἢ
1012 1720 1123 1773 τῶν
1151 1725 1216 1776 ὲκ
1253 1724 1522 1792 Γεννούας
1555 1706 1664 1783 τοῦή
1688 1732 1847 1802 βασι-

255 1799 398 1860 λέως
427 1803 601 1870 φίλων
648 1809 851 1879 τριήρη
894 1811 1050 1880 μίαν,
1095 1814 1128 1886 ἢ
1178 1817 1396 1870 καὶδύο
1432 1799 1838 1893 πληρωσαντων
1878 1809 1917 1862 Β

253 1892 669 1964 ἑπιὸησόμεθα,
702 1902 796 1955 καὶ
825 1903 964 1973 πρὸς
1003 1906 1102 1967 τὰς
1139 1909 1442 1976 παραλίους
1492 1892 1594 1984 τῆς
1622 1917 1845 1990 Θρᾴκης

254 1988 450 2052 πόλεις
500 1986 682 2060 (αὗται
735 1995 780 2048 δ’
836 1998 975 2051 εἰσὶν
1033 1999 1301 2072 ἡμέτεραι
1367 2006 1456 2058 διὰ
1488 2006 1548 2060 τὸ
1584 1986 1677 2060 τὸν
1707 1986 1850 2082 2υρ-

256 2083 496 2153 γιάννην
541 2085 724 2141 αὐτῶν
755 2087 1172 2158 ἐπιτροπεύειν)
1205 2094 1664 2169 διασωθησόμεθα
1692 2117 1708 2132 °
1751 2104 1846 2156 καὶ

255 2175 408 2230 οὕτω
442 2179 666 2247 μακρὰν
688 2181 980 2252 γενόμενοι
1001 2185 1111 2238 τῶν
1142 2187 1428 2254 κινδύνων,
1455 2191 1490 2245 ἃ
1519 2192 1670 2246 δοκεῖ
1699 2212 1839 2264 συμ-

255 2268 456 2338 φέρειν
483 2271 540 2324 ὲν
565 2273 781 2344 ὑστέρῳ
813 2276 1120 2348 πράξομεν.
1153 2279 1226 2332 Τὸ
1259 2281 1317 2334 δὲ
1363 2283 1460 2336 νῦν
1505 2285 1650 2356 ἔχον,
1695 2289 1844 2359 πάσῃ

255 2361 342 2416 δεῖ
376 2364 689 2433 χρήσασθαι
723 2366 820 2421 καὶ
851 2370 1049 2442 ἀνδρίᾳ
1074 2375 1170 2424 καὶ
1195 2374 1501 2448 προθυμίᾳ,
1529 2381 1623 2432 καὶ
1650 2381 1842 2446 αὐτὴν,

256 2457 304 2508 εί
340 2455 481 2520 δέοι,
517 2455 616 2528 τὴν
645 2459 791 2528 ζωὴν
821 2461 1122 2532 προθύμως
1155 2467 1540 2536 προϊεμένους,
1565 2469 1707 2524 ὥστε
1735 2474 1844 2526 τῶν

253 2549 639 2620 περισχόντων
675 2551 988 2623 ἐξαρπάσαι
1037 2555 1308 2609 κινδύνων
1339 2558 1432 2611 τὸν
1469 2559 1718 2629 βασιλέα,
1749 2567 1846 2620 καὶ

257 2641 337 2711 μὴ
397 2642 666 2712 περιϊδεῖν
703 2645 870 2698 αὑτὸν
923 2647 1042 2716 ἅμα
1067 2647 1146 2718 τῷ
1200 2649 1398 2722 δικαίῳ
1421 2651 1797 2726 διαφθαρέντα
1825 2674 1839 2688 ·

255 2733 362 2786 καὶ
415 2735 619 2806 ιατρῶν
653 2736 762 2807 γὰρ
812 2740 941 2801 τοὺς
998 2742 1434 2814 ἐμπειροτέρους
1481 2749 1703 2817 ὁρῶμεν
1744 2751 1841 2805 καὶ

255 2825 612 2894 στρατηγῶν,
640 2828 778 2900 πρὸς
806 2829 874 2881 τὰ
905 2832 1307 2899 κατεπείγοντα
1361 2836 1560 2903 μᾶλλον
1615 2840 1842 2911 ίσταμέ-

255 2936 388 2982 νους
415 2920 526 2976 τῶν
555 2927 887 2992 νοσημάτων
917 2928 1012 2979 καὶ
1040 2926 1151 2980 τῶν
1182 2930 1462 3000 πολέμων.
1495 2933 1714 3004 Ταύτης
1741 2939 1841 3005 τῆς

256 3011 462 3084 βουλῆς
493 3016 592 3067 καὶ
628 3009 1084 3090 πρωτοστράτορι
1119 3020 1412 3093 βελτίστης
1445 3021 1590 3080 εἶναι
1630 3029 1843 3095 κριθεί-

1961 649 2148 704 missis
2189 654 2254 707 ad
2293 673 2453 712 avum
2489 665 2828 733 oratoribus,
2870 679 2928 724 ut
2953 689 3120 728 ausus
3147 677 3198 729 in
3233 693 3292 732 se
3324 689 3544 736 nostros

1959 741 2238 798 oblivione
2265 751 2602 820 sempiterna
2636 757 2814 814 deleat
2842 761 2916 830 (3)
2949 766 3284 832 rogabimus.
3320 771 3388 825 Et
3413 773 3542 841 quia

1959 830 2310 899 seditionem,
2345 841 2493 907 quod
2525 845 2794 900 credibile
2825 862 2931 913 est,
2972 830 3181 916 timeat,
3223 867 3280 910 ut
3328 830 3542 929 jureju-

1958 923 2131 977 rando
2161 929 2344 996 nepoti
2398 932 2665 1004 nobisque
2703 947 2814 991 tum
2841 944 3216 1011 securitatem,
3253 959 3366 1003 tum
3392 967 3542 1005 cmu-

1956 1013 2248 1070 ntiSsorum
2303 1020 2449 1074 illam
2500 1025 2836 1082 oblivionem
2881 1035 3185 1099 promittat.
3243 1038 3536 1109 Postquam

1954 1119 2019 1156 ex
2053 1105 2158 1160 hoc
2194 1115 2300 1162 tam
2336 1112 2521 1168 subito
2575 1118 2823 1184 periculo
2870 1126 3130 1188 evaserit,
3177 1137 3291 1182 tum
3337 1105 3538 1188 deinde

1957 1196 2050 1250 ubi
2093 1201 2562 1271 consuluerimus,
2593 1210 2739 1276 quod
2779 1222 3042 1280 praestare
3080 1217 3382 1286 videbitur,
3415 1224 3536 1294 ejus

1957 1290 2157 1358 agundi
2197 1293 2368 1348 libera
2406 1306 2651 1365 potestas
2683 1301 2810 1354 erit.
2837 1306 2945 1358 Aut
2978 1309 3125 1360 enim
3155 1325 3182 1362 a
3217 1290 3536 1369 continente

1957 1395 2062 1433 una
2078 1384 2228 1438 urbis
2248 1398 2403 1454 porta
2424 1390 2498 1455 (ὁὶ
2513 1391 2734 1447 ell‘raeta
2755 1399 3129 1453 noctuabundi
3149 1417 3535 1475 erumpemus,

1954 1481 2051 1524 aut
2093 1471 2369 1530 Genuates
2416 1483 2601 1549 nepoti
2650 1485 2878 1552 amicos,
2914 1490 3195 1546 triremem
3235 1511 3420 1562 unam,
3454 1500 3536 1554 hi-

1953 1576 2118 1616 nasve
2155 1564 2454 1624 instructas
2485 1574 2695 1630 auxilio
2752 1594 3066 1649 poscemus,
3107 1594 3164 1640 et
3209 1588 3274 1640 ad
3322 1592 3536 1645 mariti-

1950 1668 2068 1708 mas
2103 1654 2350 1715 Thracia:
2381 1665 2634 1720 civitates
2664 1669 2830 1738 (qure,
2864 1678 3128 1741 quoniam
3163 1695 3193 1733 a
3227 1679 3532 1751 Syrgiaune

1953 1759 2242 1815 reguntur,
2303 1771 2332 1808 a
2365 1757 2527 1810 nobis
2578 1760 2728 1825 sunt)
2779 1763 3083 1822 incolumes
3131 1773 3531 1852 profugiemus.

1949 1840 2129 1907 Atque
2182 1843 2254 1898 ita
2306 1849 2498 1914 procul
2551 1854 2833 1918 periculis.
2866 1873 2989 1925 quae
3025 1859 3079 1912 in
3129 1877 3243 1916 rem
3288 1840 3530 1921 nostrani

1949 1928 2487 1998 existimaverimus,
2558 1939 2628 1993 dc
2678 1955 2876 1998 caetero
2929 1961 3320 2017 exsequemur.
3376 1954 3534 2010 Nunc

1949 2020 2152 2073 animis
2203 2038 2343 2092 opus
2373 2036 2427 2078 et
2462 2039 2687 2096 pectore
2721 2032 2918 2088 ﬁrmo:
2958 2053 3127 2104 nunc,
3161 2041 3206 2093 si
3250 2057 3342 2097 res
3383 2043 3533 2114 ﬂagi-

1952 2109 2104 2174 tabit,
2168 2112 2283 2181 ipsa
2330 2131 2550 2186 quoque
2581 2122 2762 2176 anima
2806 2123 3081 2195 intrepide
3125 2109 3553 2209 itnpemlenda,_

1947 2214 2060 2268 quo
2124 2201 2514 2272 imperatorem
2558 2210 2835 2278 iuniorem
2887 2231 2917 2268 e
2967 2217 3150 2272 medio
3211 2221 3532 2280 discrit‘uine

1947 2295 2346 2362 extrahamus;
2382 2315 2483 2355 nec
2511 2318 2638 2356 eum
2675 2305 2727 2358 iu
2767 2322 2932 2363 causa
2966 2312 3111 2381 justa
3149 2315 3267 2382 rapi
3297 2316 3362 2368 ad
3389 2317 3532 2374 inte-

1949 2385 2114 2441 ritum
2139 2391 2436 2460 patiamur,
2484 2397 2758 2465 siquidem
2785 2411 2839 2453 et
2869 2403 3132 2466 tne-licus,
3166 2417 3223 2459 et
3258 2406 3388 2462 belli
3421 2410 3526 2464 du-

1948 2494 2039 2532 ces
2072 2484 2536 2551 experientiores,
2573 2489 2779 2543 morbis
2809 2507 2873 2546 ac
2907 2495 3104 2562 pugnis
3140 2498 3528 2577 ingrav’escen-

1947 2571 2097 2626 tibus
2138 2575 2325 2629 acrius
2380 2578 2588 2634 instare
2636 2581 2911 2639 videmus.
2945 2585 3058 2641 lloc
3107 2571 3398 2644 consilium
3434 2592 3527 2646 tibi

1944 2672 2001 2717 et
2030 2675 2400 2734 protostrator
2429 2687 2530 2740 pro
2568 2675 2776 2742 optimo
2811 2678 3094 2746 amplexus
3122 2689 3226 2742 est,
3259 2682 3432 2736 visum
3457 2685 3526 2738 ad

1944 2753 2202 2809 effectum
2235 2757 2677 2826 perducendum.
2709 2763 2777 2817 Et
2805 2763 2895 2818 ille
2919 2766 3142 2834 quidem
3171 2769 3427 2836 protinus
3449 2769 3529 2826 fa-

1945 2848 2144 2911 mulos,
2175 2858 2230 2903 et
2267 2850 2478 2906 amicos
2517 2863 2789 2922 quotquot
2823 2859 3000 2924 potuit
3025 2859 3222 2927 coegit,
3247 2874 3386 2927 quos
3417 2861 3527 2915 cito

1944 2940 2112 3008 pedes
2139 2941 2466 2997 attulerunt.
2495 2944 2644 3000 ldem
2673 2962 2902 3017 magnus
2937 2949 3273 3007 domesticus
3327 2953 3379 3006 in
3407 2953 3526 3010 suis

1944 3040 2001 3084 et
2031 3033 2270 3098 nepotis,
2307 3049 2571 3102 quantum
2592 3037 2772 3103 licuit,
2811 3041 3203 3097 contrahendis
3232 3053 3523 3111 praestans,

253 3121 388 3174 σης,
412 3107 666 3161 ἐδέδοκτο
693 3110 831 3178 πρὸς
866 3110 1017 3174 τέλος
1051 3113 1268 3181 ἐξάγειν
1292 3132 1305 3145 ·
1341 3118 1437 3170 καὶ
1483 3122 1840 3191 πρωτοστρά-

1942 3122 2330 3194 absentesque,
2363 3144 2489 3181 cum
2532 3130 2770 3199 primum
2829 3133 3054 3186 donmm
3108 3135 3212 3204 41
3258 3136 3524 3192 revertis-

251 3214 374 3269 τωρ
408 3198 512 3267 μὲν
539 3199 702 3264 εὐθὺς
733 3201 980 3271 πέμψας,
1025 3206 1437 3273 μετεκαλέσατο
1463 3209 1575 3262 ⁴τῶν
1604 3213 1836 3267 οἰκετῶν

249 3291 353 3345 καὶ
405 3291 517 3344 τῶν
557 3291 731 3359 φίλων
765 3293 924 3356 ὅσους
989 3296 1155 3364 ὲνῆνο
1216 3298 1270 3350 οι
1303 3300 1362 3352 δὲ
1415 3302 1678 3370 παρῆσαν
1736 3305 1837 3359 σὺν

249 3386 414 3452 τάχει
438 3398 454 3414 ⁶
486 3383 514 3435 ὁ
547 3383 719 3452 μέγας
755 3384 812 3435 δὲ
839 3384 1166 3453 δομέστικος
1194 3387 1469 3453 ἀπελθὼν,
1499 3389 1662 3453 ὅσους
1699 3393 1829 3463 ὲνῆν

249 3476 364 3531 τῶν
401 3473 702 3545 βασιλικῶν
729 3475 964 3528 καὶτῶν
1022 3477 1173 3530 ἰδίων
1210 3479 1566 3549 συναγαγὼν,
1613 3484 1742 3546 τοὺς
1776 3484 1834 3538 at

249 3568 754 3638 διεσκεδασμένους
775 3569 906 3622 ὅταν
933 3570 1252 3640 ὲπανήξωσι
1277 3574 1664 3643 παραγγείλας
1695 3577 1834 3630 ίέναι

250 3661 393 3732 πρὸς
423 3662 493 3715 τὰ
526 3659 798 3729 βασίλεια,
848 3661 1126 3730 ἐπανῆλθε
1173 3662 1273 3715 σὺν
1308 3663 1489 3734 τάχει..
1537 3665 1759 3720 Τούτων
1791 3668 1834 3721 δ’

253 3754 400 3807 οὕτω
430 3753 529 3805 σὺν
580 3753 785 3822 σπουδῇ
817 3753 1232 3822 πραττομένων,
1269 3756 1394 3807 ἐπεὶ
1451 3757 1711 3828 Κυριακὴ
1743 3755 1833 3828 ἦν,

251 3843 374 3904 εθος
402 3842 448 3895 δ’
477 3841 864 3910 ἐπεκράτησεν
909 3843 974 3894 ὲκ
1005 3842 1205 3896 πολλοῦ
1237 3845 1297 3897 ὲν
1327 3846 1394 3916 τῇ
1427 3849 1624 3917 πρώτῃ
1659 3848 1834 3920 ταύτῃ

251 3936 351 4005 τῆς
382 3935 681 4004 ἑϐδομάδος
727 3934 913 4005 ἡμέρᾳ
975 3933 1302 4000 Γεννουίτας
1360 3953 1420 3990 τε
1476 3939 1571 3990 καὶ
1604 3941 1730 4001 τοὺς
1767 3942 1836 3994 ὲκ

253 4030 514 4093 Βενετίας
569 4030 836 4089 Λατίνους
873 4030 1316 4097 ἀφικνουμένους
1360 4031 1440 4091 είς
1473 4031 1544 4109 τα
1585 4029 1837 4101 βασίλεια

252 4123 420 4189 τιμῆς
451 4137 510 4172 τε
544 4120 706 4171 ἕνεκα
736 4120 836 4171 καὶ
869 4117 1166 4186 ὁμολογίας
1196 4120 1290 4172 τοῦ
1328 4121 1434 4174 ὑπὸ
1473 4121 1694 4190 βασιλεῖ
1721 4122 1833 4174 τῶν

263 4211 560 4280 Ῥωμαίων
589 4210 877 4280 τετάχθαι,
905 4211 1036 4263 ἄλλο
1070 4212 1170 4279 μὲν
1205 4212 1382 4274 οὐδὲν,
1418 4213 1588 4283 μόνην
1611 4213 1666 4266 δὲ
1703 4229 1837 4284 προ-

255 4302 517 4372 σκύνησιν
551 4303 951 4368 ἀπονέμοντας,
986 4303 1151 4354 πάλιν
1180 4302 1365 4356 οἴκαδε
1401 4297 1832 4359 ἀπιέναιῙΗκον

253 4397 348 4449 καὶ
379 4397 500 4447 τότε
529 4396 577 4447 οί
625 4396 688 4446 ὲκ
723 4393 986 4458 Γεννούας
1042 4395 1352 4467 πράξοντες
1384 4397 1451 4448 τὰ
1481 4396 1736 4461 εἰωθότα,
1771 4398 1830 4449 ἐν

1936 3226 2078 3277 sent,
2112 3218 2176 3270 ad
2217 3219 2481 3286 palatium
2522 3237 2820 3276 occurrere
2851 3224 3080 3292 jubens.
3116 3224 3271 3279 brevi
3326 3228 3522 3282 eodem

1936 3304 2122 3360 rediit.
2155 3305 2250 3360 llis
2282 3309 2531 3363 studiose
2579 3325 2643 3364 ac
2689 3311 2882 3365 sedulo
2937 3313 3194 3378 peractis,
3236 3315 3366 3384 quia
3394 3314 3523 3380 'Do.

1937 3393 2138 3449 ιιιίιιίοιι
2170 3399 2455 3467 agebatur,
2489 3407 2547 3452 et
2593 3414 2714 3453 mos
2735 3400 3140 3471 longinquitate
3170 3404 3516 3474 invaluerat,

1939 3487 2191 3558 principe
2242 3489 2612 3545 hebdomadis
2660 3491 2772 3555 die,
2803 3492 3146 3559 Genuenses,
3179 3509 3244 3548 ac
3276 3495 3520 3553 Venetos

1935 3578 2182 3640 Latinos,
2231 3580 2460 3636 honoris
2501 3590 2558 3635 et
2595 3581 2958 3652 subjectionis
2986 3583 3306 3654 proﬁtendae
3337 3587 3516 3656 gratia

1936 3669 1992 3724 in
2024 3670 2226 3740 regiam
2259 3675 2554 3736 ventitare,
2575 3672 2914 3743 adoratoque
2935 3674 3266 3744 imperatore
3289 3676 3516 3733 domum

1935 3762 2174 3830 regredi,
2205 3771 2478 3818 venerunt
2504 3770 2561 3816 et
2595 3772 2709 3818 tum
2739 3763 3087 3828 Geuuenses,
3125 3767 3373 3822 solemne
3398 3768 3520 3823 om-

1935 3851 2082 3907 cium
2131 3853 2484 3922 persoluturi.
2516 3853 2667 3907 Inter
2715 3854 2818 3908 hos
2869 3870 3097 3924 magnus
3140 3857 3514 3926 domesticus,

1935 3942 2156 3996 duobus
2185 3956 2253 3995 ex
2302 3942 2412 3997 illis
2450 3942 2650 4006 tribus,
2684 3957 2924 4012 quorum
2969 3959 3140 4011 supra
3176 3947 3514 4003 mentionem

1936 4030 2309 4093 faciebamus,‘
2329 4029 2548 4099 nepotis
2595 4030 2907 4085 fautoribus
2956 4033 3212 4100 repertis,
3242 4035 3515 4102 promissa

1935 4122 2016 4175 eis
2049 4121 2260 4190 redegit
2288 4120 2342 4173 in
2368 4120 2711 4184 memoriam,
2743 4129 2908 4190 atque
2943 4121 3171 4189 insuper
3199 4123 3268 4178 de
3295 4140 3509 4182 summa

1935 4211 2123 4265 auxilii
2161 4210 2489 4266 necessitate
2523 4209 2748 4265 edoctos
2775 4211 2840 4264 ad
2876 4212 3128 4267 triremes
3159 4213 3510 4271 instruendae

1935 4301 2162 4356 dimisit.
2194 4300 2277 4354 llli
2309 4299 2600 4364 abeuntes,
2644 4309 2701 4354 et
2753 4315 2854 4370 pro
2891 4310 3136 4369 tempore
3168 4302 3511 4372 diligentiam

1935 4394 2278 4456 adhibentes,
2301 4393 2444 4446 intra
2470 4391 2630 4446 horas
2653 4393 2866 4459 viginti,
2901 4402 3088 4447 ternas
3117 4395 3377 4450 omnibus
3418 4410 3509 4450 re-

253 4479 329 4547 οἷς
361 4486 390 4537 ὁ
419 4487 596 4555 μέγας
616 4485 940 4556 δομέστικος
969 4487 1097 4550 τοὺς
1133 4487 1226 4540 δύο
1254 4487 1364 4540 τῶν
1397 4490 1706 4559 εἰρημένων
1738 4489 1832 4541 τοῦ

1942 4488 2044 4541 bus
2093 4495 2317 4539 ornant.
2371 4483 2502 4550 Qua:
2549 4481 2774 4539 intuens
2805 4493 3166 4553 protostator,
3197 4485 3514 4558 multosque

1507 4633 1725 4696 Jacobi
1756 4631 2022 4694 Pontani
2061 4638 2249 4691 notua.

325 4777 399 4844 {2i
443 4775 701 4840 Ἀτυὶος,
756 4777 844 4831 cui
904 4792 1127 4833 necesse
1180 4794 1289 4833 non
1344 4790 1428 4836 est
1472 4782 1692 4846 timere,
1749 4796 1819 4836 ne

251 4848 541 4916 spolietur,
573 4863 662 4920 ne,
695 4863 816 4914 quae
844 4849 1026 4909 habet.
1063 4850 1244 4920 praeda
1278 4849 1430 4920 ﬁant.
1459 4851 1619 4915 ltem,
1654 4868 1818 4920 quem

252 4915 489 4985 spoliare
515 4915 667 4970 nefas
701 4927 805 4980 est,
858 4925 1009 4972 tutus
1041 4915 1078 4972 τί
1103 4918 1381 4980 violentia.
1413 4915 1818 4976 sacrosanctus.

252 4986 476 5055 Templa
512 5002 676 5054 porro
710 4987 858 5057 asyla
903 4987 1186 5052 dicuntur,
1222 5005 1286 5043 ex
1327 4989 1529 5057 quibus
1558 4991 1711 5046 nefas
1737 5000 1822 5045 est

253 5056 496 5128 abstrahi
543 5072 692 5128 eum,
746 5056 840 5124 qui
877 5057 942 5110 ad
998 5059 1087 5112 illa
1135 5056 1402 5128 confugit.
1451 5059 1674 5115 Servius
1700 5063 1752 5114 in
1785 5077 1823 5115 ιι

253 5127 467 5201 ίΕιιεὶιί.
505 5127 877 5201 vo_cari_pu_tat
911 5129 1146 5201 asylum,
1175 5127 1332 5197 quasi
1363 5145 1608 5200 asyrum,
1643 5147 1675 5201 a
1717 5147 1825 5185 non

255 5196 677 5270 al_istrah_endo_.__
696 5196 861 5250 Multa
913 5196 1085 5270 asyla
1111 5196 1364 5255 recenset
1391 5196 1723 5270 [Alexander
1752 5202 1824 5256 ab

255 5267 586 5328 Alt-xandro,
621 5265 722 5319 lib.
753 5282 832 5327 III,
869 5282 990 5336 cap.
1026 5268 1117 5322 ΞΟ.

323 5337 399 5405 (3)
454 5336 780 5404 Ἀμνηστῖα,
817 5336 869 5390 id
897 5350 1002 5400 est,
1057 5337 1387 5403 iniuriarum
1433 5339 1827 5396 offensionum-

255 5420 356 5472 qtu».
405 5406 638 5459 oblivio.
693 5405 807 5460 lloc
851 5409 1020 5461 verbo
1063 5407 1430 5462 Athenienses
1466 5411 1516 5464 in
1565 5410 1824 5465 sedandis

255 5475 562 5550 discordiis
590 5490 718 5530 usos
764 5476 1264 5550 al'lirmat_Ciccro3
1328 5494 1357 5550 ιΔ
1382 5479 1700 5550 Philippica.
1761 5481 1828 5534 Et

256 5542 660 5618 Thrasybulus,
715 5556 943 5601 auctore
985 5546 1207 5602 IEmilio
1236 5548 1438 5615 Probo,
1477 5542 1648 5618 legem
1679 5553 1825 5618 tulit,

259 5615 612 5668 reconciliata
645 5631 804 5685 pace,
844 5631 914 5670 ne
962 5619 1088 5686 quis
1117 5628 1497 5685 anteactarum
1529 5615 1712 5674 rerum
1740 5615 1830 5676 ac-

255 5693 566 5761 cusaretur,
609 5700 749 5761 neve
806 5687 1195 5761 multaretur}
1243 5705 1503 5761 eamque
1535 5690 1611 5744 illi
1666 5690 1830 5761 legem

255 5753 523 5809 oblivionis
572 5756 946 5826 appellarunt.
999 5757 1102 5814 Sed
1150 5759 1324 5831 legem
1377 5753 1598 5831 quidem
1648 5753 1828 5830 ἀμῖνη-

1931 4781 2087 4841 στίας
2138 4778 2463 4846 appellatam
2497 4779 2754 4833 concedit
2796 4778 3043 4833 Muretus
3075 4796 3091 4834 :
3124 4779 3297 4834 verbo
3323 4792 3506 4839 autem

1932 4867 2062 4906 usos
2123 4851 2195 4917 μὴ
2248 4850 2636 4918 μνησικακεῖν,
2684 4848 2790 4903 huc
2840 4857 2940 4914 est,
2995 4867 3099 4904 non
3134 4867 3244 4904 esse
3275 4853 3510 4907 retinen-

1929 4922 2051 4975 dam
2098 4919 2311 4987 injuriae
2360 4921 2686 4981 memoriam,
2733 4935 2852 4983 seu,
2911 4921 3144 4974 animum
3195 4922 3511 4978 malevolum

1930 4991 1990 5043 ob
2016 4991 2273 5059 injuriam
2311 4987 2522 5059 illatam
2569 5005 2671 5041 non
2700 4989 3106 5059 suscipiendum,
3141 5000 3196 5044 et
3227 4991 3331 5046 huc
3365 4993 3509 5048 idem

1933 5057 2100 5114 fuisse
2133 5060 2186 5111 in
2227 5059 2346 5128 lege
2379 5058 2615 5127 positum
2651 5057 2869 5128 probat,
2894 5057 3110 5113 Variar.
3145 5060 3275 5115 lect.
3313 5063 3408 5116 lib.
3446 5078 3508 5127 ιι,

1930 5145 2050 5184 can.
2093 5130 2180 5183 15.

1999 5147 2198 5266 lolii}:
2243 5195 2661 5279 viginti'tribus
2693 5196 2868 5279 portis
2913 5195 3508 5279 urbisﬁonstantinq-

1927 5265 2223 5340 politatt;e_.
2270 5265 2395 5340 vide
2443 5265 3040 5340 JoannisA’ALeuncluvii
3078 5268 3506 5340 Pamlcctenhi-

1927 5336 2114 5393 storias
2175 5337 2443 5407 Turcich
2511 5351 2619 5407 quo
2660 5336 3101 5407 libro‘Annales
3151 5339 3500 5392 sultanorum

1927 5405 2429 5485 Othmanidarum,
2457 5420 2552 5458 seu
2581 5405 3003 5488 Osmanidarum
3043 5407 3357 5488 illustravit,
3406 5423 3507 5488 no-

1925 5480 2124 5548 bisque
2176 5479 2242 5558 ad
2301 5476 2466 5529 hasce
2511 5477 3024 5558 notasmplu-rimum
3084 5475 3505 5558 commodavit:

1929 5545 2148 5628 quando
2189 5546 2389 5628 bonam
2426 5545 2886 5628 partetnu’l‘urcici
2924 5545 3138 5628 imperii
3175 5547 3505 5628 peragravit,

1928 5614 1985 5674 et
2016 5618 2257 5680 curiose,
2297 5617 2406 5669 imo
2438 5630 2571 5696 vero
2603 5614 3502 5698 d'i‘ligenternac‘curatequenomuia

1931 5687 2241 5759 inquisivit.
2268 5686 2404 5742 \‘idc
2457 5687 2585 5742 item
2628 5682 2847 5742 Petrum
2881 5682 3120 5755 Gyllium
3176 5682 3232 5740 iu
3269 5684 3508 5744 Thracio

1933 5759 2237 5836 Bosphoro.
