4106 6292
545 347 648 414 127

1715 352 2042 414 JOANNlS
2083 330 2614 413 CANTACUZENI

3698 349 3805 413 128

505 478 513 487 '
543 469 611 520 ad
657 481 827 523 unum
855 467 1008 522 viros
1044 466 1235 533 fortes,
1268 475 1324 523 et
1357 466 1423 522 ad
1454 466 1812 537 praeliandum
1855 467 2123 521 exercita-

2228 463 2387 533 δίκης
2417 464 2444 516 6
2467 459 2727 530 βασιλεὺς
2773 460 3168 529 ὐπερθὴσεται.
3203 459 3276 513 Τὸ
3306 459 3352 513 δ’
3393 460 3493 514 οὐκ
3521 459 3670 533 εῖχεν
3710 465 3808 519 οὔ-

545 568 652 622 tos,
681 558 728 614 si
758 558 1074 614 abeundum
1106 559 1200 621 sit,
1241 559 1407 613 etiam
1439 558 1648 627 plures,
1683 567 1740 612 et
1774 558 1993 628 ignotos
2025 573 2121 613 ac-

543 665 810 706 cursuros
843 667 856 704 :
890 649 959 704 de
987 649 1095 715 his,
1132 651 1379 720 inquam,
1409 650 1521 705 illis
1544 665 1856 706 sermonem
1888 649 2124 706 miscen-

546 738 714 803 tibus,
746 738 1028 808 Deumque
1057 741 1434 810 precantibus.
1464 740 1572 812 43
1593 741 1864 811 judicium
1894 741 2124 810 amplia-

545 839 649 896 ret,
694 829 874 899 quoad
919 830 1225 899 eoiissent,
1277 833 1373 903 qui
1434 849 1534 903 pro
1588 834 1724 903 ipsis
1780 835 2119 891 deccrtaturi

543 921 931 989 sperabantur,
981 923 1152 978 missu
1203 925 1293 980 avi
1339 925 1496 981 adest
1548 927 1841 983 eunuchus
1889 928 2122 983 Michael

541 1011 961 1081 Callicrenites;
986 1024 1043 1069 et
1074 1016 1393 1087 priusquam
1454 1034 1646 1074 vocem
1679 1020 1827 1084 edat,
1867 1023 2125 1093 lacrymis

542 1103 952 1175 gemitibusque
990 1106 1290 1161 infaustum
1335 1123 1395 1163 se
1423 1119 1717 1179 apportare
1746 1113 2002 1167 nuntium
2033 1128 2127 1169 os-

544 1193 742 1248 tendit.
788 1193 995 1251 Deinde
1036 1197 1319 1266 praefatus,
1371 1201 1631 1256 maluisse
1671 1217 1732 1258 se
1784 1205 1981 1259 tellure
2014 1205 2125 1260 ima

540 1282 646 1336 sibi
687 1283 1010 1341 dehiscente
1049 1287 1114 1341 ad
1152 1288 1339 1343 Manes
1381 1290 1720 1346 descendere
1762 1295 1863 1365 (6),
1915 1305 1972 1349 et
2024 1295 2127 1350 hac

537 1374 947 1444 jucundissima
982 1378 1105 1434 luce
1153 1381 1380 1449 privari,
1413 1398 1580 1452 quam
1622 1386 1759 1439 adeo
1793 1388 1934 1441 mala
1978 1403 2125 1441 nun-

545 1468 685 1521 tiare
713 1484 728 1520 :
769 1466 1052 1533 Dominus,
1085 1472 1284 1541 inquit.
1314 1483 1372 1527 et
1399 1474 1701 1543 imperator
1734 1492 1870 1533 avus
1892 1488 2037 1535 .tuus
2074 1488 2126 1533 te

544 1557 612 1611 ad
642 1572 864 1613 causam
895 1558 1186 1615 dicendam
1216 1574 1394 1617 vocat.
1430 1565 1568 1619 Tum
1599 1566 1690 1621 ille
1716 1584 1730 1621 :
1758 1568 1911 1622 [laud
1934 1586 2127 1639 asper-

547 1651 787 1705 nandum
817 1660 921 1707 tua:
949 1652 1002 1707 in
1040 1669 1125 1708 me
1147 1658 1534 1724 propensionis
1570 1662 1970 1728 testimonium,
1992 1680 2128 1734 quas

543 1740 727 1796 fundis
771 1745 1086 1814 lacrymas:
1127 1757 1328 1813 tamen,
1381 1750 1512 1819 quid
1551 1753 1625 1806 ita
1657 1752 1777 1819 lles,
1822 1771 1948 1810 cum
1993 1772 2126 1813 nec-

544 1830 676 1884 dum
718 1845 950 1889 eventus
1003 1839 1228 1903 pateat?
1281 1839 1437 1894 Fieri
1471 1843 1746 1911 siquidem
1795 1856 2015 1916 potest,
2066 1861 2126 1904 ut

543 1937 669 2008 cum
711 1924 839 1979 albo
872 1927 1089 1982 calculo
1137 1930 1212 1997 (7)
1247 1930 1550 1987 discedam.
1601 1935 1718 2004 ipsa
1751 1954 1861 2002 res,
1891 1941 2126 2010 suscipit

542 2015 947 2084 Callicrenites,
998 2035 1085 2074 me
1144 2021 1197 2076 in
1252 2021 1442 2078 ﬂetum
1487 2025 1677 2081 solvit.
1734 2029 1949 2083 Etenim
1997 2046 2122 2086 cum

542 2119 680 2159 avus
726 2121 826 2174 pro
859 2122 1014 2163 more
1062 2109 1116 2164 in
1171 2116 1398 2175 throno,
1443 2117 1760 2184 patriarcha
1791 2120 1856 2173 ad
1890 2122 2033 2177 latus
2069 2123 2122 2177 in

541 2194 698 2255 sella.
723 2196 915 2253 arbitri
949 2199 1139 2255 dextra
1170 2203 1396 2259 sinistra
1425 2207 1705 2272 sederent.
1740 2212 1837 2266 tibi
1871 2214 1970 2268 soli
2000 2230 2124 2279 sca-

543 2284 756 2340 millum
779 2301 810 2341 e
841 2289 1060 2359 regione
1082 2299 1139 2347 et
1168 2294 1434 2351 remotius
1482 2299 1744 2354 mandatu
1776 2302 2125 2372 imperatoris

541 2378 781 2446 positum
815 2390 920 2435 est.
954 2381 1075 2447 Quo
1111 2385 1250 2450 viso,
1287 2387 1768 2445 condemnationis
1801 2406 1906 2449 tu:e
1936 2396 2118 2450 locum

543 2470 689 2523 illam
722 2470 1035 2526 sedeculam
1067 2474 1456 2546 interpretans,
1499 2484 1709 2551 Optavi,
1756 2495 1814 2539 ut
1846 2486 2120 2555 dicebam,

541 2559 706 2635 hodie
751 2564 882 2618 mibi
934 2575 1138 2621 terram
1188 2568 1499 2627 dehiscere.
1554 2572 1757 2630 Verum
1813 2577 1979 2638 Deus.
2024 2582 2120 2648 qui

543 2652 864 2721 prophetam
904 2669 1065 2710 suum
1098 2658 1373 2715 Danielem
1404 2665 1472 2717 de
1513 2663 1633 2721 lacu
1667 2666 1891 2722 leonum
1922 2670 2124 2725 libera-

543 2739 642 2805 vit,
680 2752 737 2795 et
793 2752 907 2799 tres
948 2762 1148 2815 pueros
1192 2765 1223 2804 a
1266 2751 1570 2824 Babylonia
1615 2757 1841 2816 fornace
1888 2762 2123 2821 intactos

543 2831 821 2900 praastitit,
843 2836 1183 2911 collatasque
1206 2840 1260 2894 in
1276 2840 1582 2900 Susanuam
1603 2849 1961 2908 scelestorum
1975 2855 2124 2926 judi-

540 2936 668 2975 eum
694 2923 998 2982 calumnias
1025 2928 1254 2995 detexit,
1290 2931 1432 2988 idem
1466 2945 1518 2991 te
1546 2952 1699 2996 nunc
1719 2956 1825 3010 qua
1854 2923 2122 3012 premeris

474 3028 477 3029 '
540 3015 870 3072 necessitate
905 3021 1245 3090 superiorem
1274 3025 1489 3090 reddat,
1536 3031 1791 3101 angelum
1810 3048 1969 3089 suum
1991 3037 2122 3091 mit-

541 3113 685 3172 lens,
743 3108 838 3178 qui
881 3119 935 3165 te
978 3114 1290 3182 antecedat,
1341 3125 1399 3173 et
1441 3121 1769 3189 sapientiam
1822 3126 1922 3180 tibi
1959 3136 2125 3198 atque
2151 3136 2196 3192 α

540 3196 962 3270 intelligentiam
995 3204 1283 3276 largiatur,
1310 3224 1426 3285 qua.
1450 3211 1665 3282 objecta
1693 3208 1871 3285 facile,
1904 3233 2005 3273 ceu
2034 3196 2119 3274 te-

535 3289 619 3347 las
641 3307 968 3349 aranearum
1007 3296 1299 3354 dissolvas.
1334 3302 1461 3358 Haec
1486 3304 1578 3359 ubi
1613 3317 1871 3374 precatus
1913 3320 1997 3365 est
2021 3326 2122 3367 eu-

539 3380 781 3442 nuchus,
832 3382 929 3437 Dei
960 3384 1214 3442 voluntas
1242 3388 1357 3453 fiat,
1379 3390 1457 3444 ait
1486 3392 1788 3462 imperator
1814 3413 1830 3461 ;
1852 3398 2120 3469 jubetqne

540 3485 642 3522 avo
668 3474 999 3538 renuntiari,
1029 3491 1089 3531 se
1133 3478 1402 3548 imperata
1434 3481 1744 3552 facturum;
1793 3499 1851 3542 et
1883 3505 2121 3545 conver-

540 3574 637 3613 sus
660 3560 728 3615 ad
753 3562 982 3627 amicos,
1008 3566 1090 3621 sic
1111 3583 1209 3623 eos
1232 3571 1526 3641 compellat
1550 3592 1565 3629 :
1590 3575 1647 3629 Si
1687 3592 1931 3646 unquam
1961 3581 2116 3645 alias.

543 3664 692 3704 nunc
748 3662 965 3723 tempus
1006 3659 1180 3723 venit,
1233 3674 1344 3729 quo
1400 3662 1701 3732 virtutem,
1755 3668 2117 3740 diligentiam,

540 3740 915 3811 prudentiam,
949 3746 1412 3821 tolerantiamque
1460 3764 1719 3822 vestram,
1766 3767 1876 3812 tam
1927 3759 2119 3816 fortui-

538 3831 730 3887 doloso
780 3845 1027 3906 tempore
1068 3840 1384 3903 declau‘tis.
1444 3844 1741 3901 Enimvero
1785 3863 1909 3901 cum
1960 3853 2119 3907 multi

540 3932 689 3987 sape
715 3928 770 3975 et
800 3937 1060 3993 numero,
1085 3937 1142 3982 et
1169 3929 1295 3983 aliis
1322 3930 1489 3987 rebus
1518 3935 1678 3991 vobis
1702 3937 1962 4006 impares,
1997 3942 2114 3996 aui-

530 4010 754 4066 ‘ntorum
784 4013 926 4070 facta
956 4018 1396 4091 conspiratione,
1433 4024 1779 4083 admirabilia
1833 4037 1889 4084 et
1921 4030 2116 4087 obstu-

539 4103 812 4167 pescenda
868 4120 1131 4177 prospere
1175 4114 1466 4181 gesserint,
1508 4133 1606 4173 vos
1630 4119 1702 4173 ita
1743 4120 2023 4191 freqentcs
2055 4139 2120 4179 ac

542 4193 677 4247 tales
715 4195 875 4265 longe
908 4200 1098 4270 utique
1122 4203 1331 4272 justius
1365 4217 1469 4274 est,
1513 4213 1797 4278 praeclaris
1841 4226 1896 4268 et
1928 4215 2122 4270 lauda-

539 4281 746 4340 bilibus
771 4285 1110 4346 facinoribus
1130 4293 1435 4353 elliciendis
1455 4300 1729 4356 vobismet
1756 4303 1893 4371 ipsis
1922 4305 2119 4376 dignos

538 4389 827 4444 apparere,
870 4390 929 4434 et
961 4391 1059 4436 aut
1094 4386 1260 4441 vitam
1288 4388 1572 4444 honestam
1615 4392 1823 4458 vivere,
1862 4406 1959 4451 aut
2000 4400 2119 4469 glo-

2226 569 2355 615 τωςο
2411 552 2528 607 ἀλλ’
2567 552 2959 620 ἀναμφιϐόλως
2999 551 3306 621 ἡτοίμαστο
3358 552 3426 605 τά
3486 552 3589 621 τῆς
3622 555 3805 622 δίκης.

2225 646 2348 698 Ἔτι
2379 645 2487 712 γὰρ
2524 644 2833 713 δομεστίκῳ
2858 644 2936 713 τῷ
2965 643 3188 711 μεγάλῳ
3218 643 3610 713 διαλεγομένου
3644 645 3810 715 βασι-

2224 736 2380 801 λέως,
2437 738 2531 791 καὶ
2565 736 2657 788 τὸν
2703 735 2942 806 ἀριθμὸν
2994 735 3285 804 ζητοῦντος
3319 736 3512 805 μαθεῖν
3543 737 3652 791 τῶν
3683 756 3813 791 συν-

2234 828 2496 899 ηγμένων
2547 828 2781 900 ἀνδρῶν,
2837 828 2936 881 καὶ
2967 828 3158 880 τούτου
3197 827 3337 898 πρὸς
3377 829 3541 883 αὑτὸν
3572 831 3807 899 ἀποκρι-

2224 922 2501 991 ναμένου,
2551 921 2642 984 Ὠς
2696 919 2805 973 νῦν
2853 922 2955 990 μέν
3019 922 3160 971 εἰσιν
3214 920 3432 982 ἑκατὸν,
3487 922 3690 989 μικρᾶς
3744 921 3805 974 δὲ

2234 1013 2616 1083 παρελθούσης
2648 1012 2799 1081 ὥρας
2827 1010 3241 1064 συνελεύσονται
3269 1013 3364 1065 καὶ
3394 1012 3559 1081 μέχρι
3583 1029 3811 1081 τριακο-

2233 1104 2390 1171 σίων,
2430 1104 2633 1165 πάντες
2682 1102 2919 1171 ἀνδρεῖοι
2966 1103 3060 1155 καὶ
3093 1102 3362 1170 μάχεσθαι
3402 1104 3730 1173 ⁴ὴσκημένοι·
3757 1104 3811 1155 εί

2224 1193 2411 1262 δεήσει
2467 1194 2524 1245 δὲ
2582 1191 2950 1260 ἀπέρχεσθαι,
2981 1194 3069 1242 καὶ
3102 1191 3253 1245 ἄλλοι
3290 1192 3534 1255 πλείονες
3564 1193 3811 1262 συνδραο

2231 1283 2460 1353 μοῦνται
2492 1282 2587 1335 καὶ
2624 1283 2718 1343 οὓς
2751 1284 2852 1336 οὐκ
2903 1285 3098 1363 ίσμενξ
3148 1286 3279 1352 περὶ
3308 1282 3514 1338 τούτων
3534 1283 3598 1352 δὴ
3628 1283 3814 1337 διαλε-

2230 1375 2502 1444 γομένων.
2564 1376 2659 1427 καὶ
2710 1373 2846 1426 Θεοῦ
2903 1376 3174 1444 δεομένων
3212 1376 3312 1445 τὴν
3344 1376 3441 1443 τῆς
3474 1376 3631 1443 δίκης
3657 1375 3811 1446 ὥραν

2230 1466 2639 1537 παραταθῆναι,
2668 1465 2809 1519 ὥστε
2845 1467 3300 1535 συναθροισθῆναι
3342 1467 3469 1529 τοὺς
3519 1467 3812 1537 ἐλπιζομέ-

2230 1575 2356 1620 νους
2390 1559 2531 1631 ὑπὲρ
2574 1560 2756 1611 αὐτῶν
2792 1557 3106 1628 μαχεῖσθαι.
3155 1554 3292 1630 ἧκεν
3322 1560 3386 1609 ἐκ
3420 1558 3685 1628 βασιλέως
3710 1557 3809 1610 τοῦ

2235 1648 2788 1720 πρεσϐυτέρου-προς
2840 1651 2932 1702 τὸν
2980 1651 3099 1703 νέον
3139 1651 3553 1720 ἀπεσταλμένος
3594 1652 3622 1702 6
3662 1650 3810 1704 Καλ-

2232 1740 2557 1812 λικρηνίτης
2589 1741 2811 1811 Μιχαὴλ
2844 1742 3129 1807 ἐκτομίας⁹
3157 1741 3252 1793 καὶ
3284 1742 3415 1811 πρὶν
3445 1740 3807 1808 φθέγξασθαι,

2227 1835 2339 1894 τοῖς
2385 1830 2616 1901 δάκρυσι
2668 1831 2761 1883 καὶ
2814 1833 2925 1894 τοῖς
2979 1834 3305 1900 σῖεναγμοίς
3351 1833 3535 1885 κακῶν
3573 1832 3811 1901 ἄγγελος

2226 1925 2386 1994 ἥκειν
2416 1923 2725 1994 σημαίνων·
2751 1925 3024 1994 πρότερον
3061 1923 3105 1976 δ’
3138 1924 3317 1992 ἐαυτῷ
3355 1924 3455 1995 τὴν
3486 1925 3590 1994 γῆν
3622 1928 3811 1995 χανεῖν

2231 2011 2467 2080 μᾶλλον,
2524 2013 2615 2064 καὶ
2665 2012 2762 2082 τῆς
2791 2013 3017 2080 ἡδίστης
3054 2011 3470 2083 ἀπεστερῆσθαι
3533 2013 3681 2083 ζωῆς
3709 2015 3809 2066 ἀν·

2233 2102 2525 2173 εκτότερον
2558 2099 2726 2169 εἶναι,
2760 2102 2793 2173 ἢ
2849 2102 3112 2155 τοιούτων
3165 2103 3353 2157 κακῶν
3379 2104 3610 2172 ἄγγελος
3649 2106 3811 2175 ἥκειν

2226 2193 2400 2255 εἰπὼν
2425 2234 2441 2256 ,
2490 2193 2548 2246 '0
2579 2192 2806 2263 κύριος,
2840 2192 2967 2260 ἔφη.
3004 2193 3100 2245 καὶ
3152 2192 3417 2262 βασιλεὺς
3452 2196 3481 2246 6
3530 2196 3622 2256 σὸς
3658 2197 3815 2251 πάπ-

2228 2303 2349 2350 πος,
2402 2280 2446 2339 ὦ
2493 2285 2738 2357 βασιλεῦ,
2787 2286 2881 2339 ἐπὶ
2931 2285 3090 2356 δίκην
3124 2287 3439 2341 καλεῖ.Τ>ὖ
3470 2287 3736 2358 βασιλέως
3760 2289 3809 2343 δ’

2226 2379 2318 2431 ἐπὶ
2370 2377 2585 2440 τούτοις
2626 2378 2896 2442 εἰπόντος,
2929 2377 3017 2439 Ὠς
3069 2378 3168 2445 τῆς
3215 2378 3312 2447 μὲν
3344 2380 3426 2441 είς
3452 2380 3553 2448 ἐμέ
3587 2397 3684 2433 σου
3716 2380 3809 2433 εὐο

2227 2472 2375 2532 νοέας
2435 2468 2738 2539 ἀξιόχρεως
2802 2471 2871 2521 τὰ
2921 2470 3133 2539 δάκρυα
3185 2472 3421 2540 μάρτυς·
3459 2473 3578 2524 ἀνθ’
3608 2474 3732 2527 ὅτου
3758 2473 3810 2526 δ’

2225 2559 2371 2613 οὕτω
2407 2560 2645 2630 θρηνεῖς,
2681 2563 2740 2614 ἐν
2785 2560 2967 2632 ἀδήλῳ
2996 2562 3255 2632 κειμένης
3295 2564 3395 2649 τῆς
3435 2565 3619 2634 δίκης;
3654 2566 3810 2620 ἐνδό-

2224 2667 2382 2720 χεται
2416 2652 2527 2719 γάρ
2558 2669 2627 2720 με
2672 2651 2767 2705 καὶ
2803 2652 2901 2723 τὴν
2929 2652 3179 2706 νικῶσαν
3224 2655 3597 2722 ἐνεγκάμενον
3638 2659 3811 2711 ἀπελ-

2226 2745 2359 2798 θεῖν.
2407 2746 2464 2798 ὐ
2497 2746 2947 2815 Καλλικρηνίτης
2970 2786 2986 2809 ,
3019 2747 3170 2800 Αὐτὰ
3220 2747 3288 2799 τὰ
3328 2751 3634 2818 πράγματα
3667 2751 3807 2820 θρη-

2226 2837 2338 2889 νεῖν
2360 2837 2666 2902 πείθουσιν,
2702 2833 2880 2903 εἶπεν,
2912 2831 2957 2891 ὧ
2987 2837 3353 2907 βασιλέιηοῦ
3389 2840 3498 2909 γὰρ
3536 2841 3807 2910 βασιλέως

2226 2926 2318 2980 καὶ
2366 2926 2598 2981 πάππου
2655 2927 2750 2981 τοῦ
2793 2927 2889 2982 σοῦ
2942 2930 3038 2984 ἐπὶ
3068 2929 3277 3001 θρόνου
3317 2932 3698 2998 καθεσθέντος.
3726 2934 3806 2998 ὡς

2225 3016 2369 3081 ἔθος,
2424 3019 2523 3072 καὶ
2558 3019 2654 3072 τοῦ
2706 3021 3053 3091 πατριάρχου
3087 3022 3223 3092 παρ’
3270 3025 3423 3094 αὐτῷ
3458 3027 3544 3078 ἐπὶ
3580 3026 3804 3096 δίφρου,

2227 3108 2336 3161 τῶν
2387 3109 2433 3162 δ’
2486 3111 2920 3181 άκροασομὲνων
2956 3112 3056 3177 τὴν
3091 3116 3249 3186 δίκην
3294 3116 3354 3180 ἐξ
3392 3118 3673 3188 ἑκατέρων
3700 3137 3805 3186 μι-

2234 3200 2363 3267 ρῶν,
2399 3202 2482 3255 σοὶ
2516 3202 2683 3271 μόνῳ,
2713 3203 2811 3257 τοῦ
2837 3205 3103 3272 βασιλέως
3147 3210 3599 3279 προστεταχότος,
3640 3212 3805 3282 σκίμ-

2231 3307 2364 3354 πους
2407 3292 2564 3363 ἐτέθη
2607 3294 2749 3372 καοτὰ
2814 3295 3107 3362 πρόσωπον
3164 3299 3451 3368 βασιλέως⁹
3497 3303 3594 3354 καὶ
3647 3295 3806 3366 οὗτος

2229 3382 2522 3452 ἀπωτέρω.
2567 3386 2747 3456 Ὅπερ
2777 3385 2925 3453 ἰδὼν,
2968 3389 3224 3460 ηὐξάμην
3246 3429 3264 3452 ,
3299 3392 3439 3463 ὅπερ
3491 3387 3670 3455 εἷπον.
3703 3394 3808 3465 σή-

2234 3492 2400 3543 μερον
2449 3475 2549 3547 τὴν
2607 3476 2712 3546 γῆν
2754 3481 2940 3547 χανεῖν
2984 3497 3097 3549 μοι,
3158 3481 3458 3551 καταδίκης
3509 3486 3675 3538 τόπον
3704 3484 3808 3557 τὴν

2230 3564 2505 3633 καθέδραν
2565 3565 2930 3637 λογισαμένῳ.
2982 3569 3122 3622 Ἀλλ’
3172 3572 3200 3624 6
3259 3570 3462 3641 Δανιὴλ
3508 3573 3603 3625 τὸν
3635 3572 3808 3629 αὐτοῆ

2233 3659 2529 3729 προφήτην
2571 3659 2638 3713 ἐκ
2663 3659 2760 3712 τοῦ
2794 3660 3001 3712 λάκκου
3028 3659 3138 3714 τῶν
3167 3660 3403 3715 λεόντων
3437 3662 3650 3735 ἀϐλαϐῆ
3688 3664 3808 3718 δια-

2231 3749 2435 3816 σώσας,
2491 3754 2589 3803 καὶ
2637 3750 2738 3820 τῆς
2792 3751 3148 3815 Βαϐυλωνίας
3200 3752 3437 3822 καμίνου
3489 3755 3618 3817 τοὺς
3652 3759 3806 3823 τρεῖς

2228 3845 2427 3899 παῖδας
2478 3843 2800 3914 κρείττονας
2836 3843 3132 3908 ἀποδείξας
3179 3845 3335 3908 Θεὸς,
3368 3847 3464 3898 καὶ
3493 3846 3801 3911 Σωσάνναν,

2232 3936 2345 3989 τῶν
2379 3934 2583 3988 ἀδίκων
2620 3934 2826 4003 κριτῶν
2864 3936 2962 4005 τὴν
2996 3938 3371 4005 συκοφαντίαν
3411 3935 3658 4003 ἐλέγξας,
3700 3937 3805 3991 αὐ-

2227 4030 2321 4091 τὸς
2367 4030 2470 4095 τῆς
2512 4026 2828 4097 ἐφεστώσης
2880 4030 3128 4099 ἀνάγκης
3174 4029 3459 4098 κρείττονα
3490 4031 3585 4083 καὶ
3614 4031 3674 4083 σὲ
3708 4031 3805 4084 νῦν

2227 4121 2534 4184 ἀποδείξαι,
2563 4112 3011 4174 καιάποστείλαι
3041 4121 3136 4173 τὸν
3179 4122 3413 4189 ἄγγελον
3462 4121 3629 4174 αὐτοῦ
3663 4139 3799 4193 προ-

2231 4212 2566 4285 πορεύεσθαι
2603 4228 2717 4270 σου.
2753 4212 2852 4265 καὶ
2882 4211 3077 4278 σοφίαν
3117 4214 3395 4283 παράσχοι
3427 4214 3523 4265 καὶ
3554 4213 3797 4275 σύνεσιν,

2228 4308 2370 4362 ὥστε
2410 4309 2480 4361 τὰ
2526 4307 2946 4377 προϐαλλόμενα.
2986 4307 3136 4361 λύειν
3182 4308 3422 4372 εὐκόλως
3452 4309 3528 4372 ὼς
3556 4310 3803 4380 ἀράχνης

2229 4400 2432 4462 ίστούς.
2461 4399 2652 4461 Οὕτως
2688 4400 2992 4469 εὐξαμένου
3023 4398 3117 4452 τοῦ
3149 4399 3429 4470 ἑκτομίου,
3461 4402 3489 4453 6
3522 4399 3798 4469 βασιλεὺς,

539 4468 1019 4537 τὶοεαηιδηιοινιοηι
1063 4487 1352 4546 appetere,
1380 4480 1522 4536 hanc
1554 4483 1725 4538 solam
1759 4468 2123 4548 mentemvos

2230 4493 2303 4545 Τὸ
2332 4490 2426 4544 τοῦ
2463 4489 2702 4561 Χριστοῦ
2763 4468 2979 4560 θέλημα
3027 4468 3296 4559 γενέσθω,
3346 4468 3541 4556 εἰπὼν,
3579 4493 3675 4545 καὶ
3725 4492 3804 4562 τῷ

538 4557 737 4615 decere
765 4561 1121 4621 arbitrantes.
1161 4568 1275 4640 Ego
1298 4570 1366 4625 ad
1401 4572 1643 4630 tribunal
1676 4577 1858 4644 vado;
1892 4582 2040 4650 quod
2073 4585 2121 4638 si

537 4649 727 4706 divino
755 4669 985 4713 munere
1027 4676 1244 4717 rursum
1279 4665 1706 4734 conjungemur,
1740 4670 2124 4742 interque'nos

539 4742 852 4798 amabiliter
883 4747 1084 4804 iterum
1113 4753 1480 4822 intuebimur,
1508 4759 1616 4814 erit
1640 4775 1741 4815 cur
1769 4765 1978 4832 gratias
2004 4767 2121 4822 Nu-

538 4832 672 4886 mini
708 4830 1109 4903 persolvamus.
1162 4844 1259 4899 Sin
1313 4848 1447 4916 quid
1494 4850 1647 4906 aliud
1709 4830 1795 4907 illi
1838 4853 1908 4910 de
1956 4857 2121 4913 nobis

538 4924 926 4993 complacitum
968 4941 1077 4996 est,
1122 4949 1225 5006 ego
1272 4938 1359 4992 his
1402 4941 1586 4998 verbis
1638 4956 1981 5015 postremum
2021 4968 2119 5008 vos

537 5022 802 5081 salutatos
853 5031 976 5085 volo
1003 5048 1017 5084 :
1047 5048 1144 5089 vos
1172 5035 1283 5107 44
1303 5048 1485 5094 autem
1512 5042 1787 5100 nobilitati
1816 5048 2116 5119 virtutique

536 5126 736 5171 vestrae
773 5130 1044 5204 paretote.
1076 5124 1158 5180 Ad
1202 5126 1303 5183 ista
1334 5144 1460 5184 cum
1511 5143 1743 5204 uterque
1794 5137 1981 5194 dicere
2017 5140 2117 5195 ali-

536 5207 669 5275 quid
695 5198 1045 5283 percuperet,
1078 5228 1480 5287 protostratore
1519 5198 1837 5293 cunctante,
1882 5245 2115 5300 magnus

2232 4584 2443 4652 πάππῳ
2494 4581 2743 4652 μηνύσας
2777 4580 2853 4644 ὼς
2894 4580 3116 4647 ἕτοιμός
3147 4583 3264 4631 ἐστι
3291 4579 3353 4632 τὸ
3391 4582 3804 4650 προσταττόμε-

2231 4692 2318 4726 νον
2352 4671 2690 4742 ἐκπληροῦν,
2727 4672 2866 4741 πρὸς
2895 4672 3022 4735 τοὺς
3051 4672 3241 4738 φίλους
3271 4671 3652 4741 ἐπιστραφεὶς,
3686 4672 3802 4726 Νῦν

2231 4767 2445 4834 καιρὸς,
2478 4766 2606 4835 ἔφη,
2645 4764 2871 4834 ἀνδρίαν
2911 4762 3029 4833 ἅμα
3060 4764 3156 4816 καὶ
3186 4763 3425 4832 σπουδὴν
3455 4764 3549 4816 κοιλ⁵
3583 4765 3801 4816 σύνεσιν

2229 4860 2326 4911 καὶ
2357 4858 2656 4926 καρτερίαν
2704 4859 2764 4909 ἐν
2814 4857 2930 4917 τοῖς
2981 4855 3179 4919 δεινοῖς
3223 4855 3600 4920 ἐπιδείξασθαι
3630 4856 3799 4924 ἡμᾶς.
3885 4874 3893 4879 ·

2226 4949 2421 5003 Καίτοι
2460 4966 2524 5016 γε
2576 4946 2764 5000 πολλοὶ
2793 4947 3055 5008 πολλάκις
3087 4947 3181 5000 καὶ
3228 4945 3322 4999 τὸν
3371 4947 3802 5015 ἀριθμὸν-ἐλάσ-

2225 5060 2374 5109 σους,
2404 5042 2499 5095 καὶ
2534 5040 2703 5093 τᾶλλα
2735 5039 2892 5108 ἡμῶν
2927 5036 3257 5108 ἡττώμενοι,
3290 5037 3549 5117 ὁμόνοιαν
3593 5037 3799 5108 κτησά-

2224 5151 2400 5203 μενοι,
2435 5129 2719 5201 θαυμάσια
2755 5146 2816 5181 τε
2844 5129 2940 5182 καὶ
2968 5128 3143 5196 ἀκοὴν
3173 5127 3553 5197 ἐκπλήττοντα
3583 5125 3800 5195 κατώρ-

2219 5227 2403 5281 θωσάν
2441 5240 2585 5276 τινα·
2617 5223 2765 5292 ἡμᾶς
2799 5221 2858 5274 δὲ
2890 5219 3175 5281 τοσούτους
3211 5218 3370 5280 ὄντας
3402 5218 3497 5270 καὶ
3521 5215 3800 5276 τοιούτους

1813 5340 2031 5400 Jacobi
2067 5339 2331 5401 Pontani
2379 5344 2564 5397 nota).

620 5426 1176 5513 (ϐξιεξοΗριιις-το,
1234 5437 1383 5506 quod
1437 5442 1712 5510 expressit
1755 5443 2021 5513 Virgilius
2069 5459 2124 5499 iv

538 5496 753 5553 lEMid.
786 5498 878 5553 ubi
909 5500 990 5555 sic
1021 5496 1197 5560 Dido':

616 5589 717 5643 Sed
743 5591 870 5645 mihi
893 5593 972 5646 vel
1007 5593 1162 5650 tellus
1186 5608 1358 5667 optem
1385 5602 1531 5671 prius
1563 5604 1675 5657 ima
1703 5602 1956 5657 dehiscat.

546 5679 870 5762 Quanquam
900 5681 1167 5762 [Impetus
1196 5691 1331 5756 τότε,
1350 5708 1442 5760 μοι
1466 5693 1618 5762 χάνοι
1651 5694 1840 5760 εὐρεῖα
1866 5692 2031 5762 χθών.

623 5749 700 5820 (7)
743 5751 853 5822 Τὴν
888 5754 1126 5813 νικῶσαν
1154 5749 1552 5830 νοοειῑξιιὸιδῃ
1581 5749 1897 5819 υἱησεήιοηίῖ
1924 5763 2122 5820 Album

2233 5441 2508 5497 calculum
2548 5439 2788 5515 addere,
2807 5447 2894 5515 est
2918 5435 3252 5515 approbare.
3277 5432 3420 5489 Olim
3445 5433 3803 5515 θοῇσι-φιρσ-

2229 5513 2297 5566 lis
2352 5512 2406 5564 in
2468 5525 2661 5564 urnam
2722 5507 2908 5585 missis
2957 5503 3031 5585 ita
3087 5506 3426 5585 ferebantur_
3458 5518 3488 5557 a
3521 5503 3802 5585 iudicibus

2229 5580 2539 5641 sententiae,
2578 5588 2637 5632 ut
2678 5579 2817 5653 albis
2859 5576 3231 5653 absolverent,
3262 5573 3516 5642 pluribus
3549 5573 3798 5653 scilicet,

2226 5654 2361 5705 atris
2386 5649 2734 5703 damnarent.
2760 5646 2914 5722 Quod
2946 5642 3255 5722 simqnales
3283 5658 3526 5722 “Iulle-(9.
3547 5642 3800 5705 fuissent,

2229 5735 2357 5776 rcus
2406 5710 3170 5774 nihilominus'liberabatur.
3201 5714 3363 5768 Plura
3388 5710 3700 5768 Cliiliastcs.
