4106 6292
536 260 629 323 131

1718 234 2042 318 ioaums
2076 218 2609 321 cumtamen

3702 258 3805 323 132

524 375 842 430 admirabili
874 374 952 445 κθ)
985 372 1254 444 sapientia
1278 371 1620 441 consilioque
1657 371 1939 440 praeditus,
1966 380 2022 426 et
2044 370 2113 425 ab

2226 372 2360 442 ἀνὴρ
2407 373 2502 425 καὶ
2535 370 2843 441 θαυμάσιος
2879 372 2938 423 ὲν
2984 370 3268 442 φρονήσει,
3315 371 3519 442 πολλῆς
3569 389 3624 426 τε
3664 374 3801 427 ἀπο-

438 527 446 535 ,
528 469 864 547 imperatore
907 466 1298 522 benevolentia
1360 464 1683 533 honoreque
1711 463 1980 533 singulari
2025 463 2112 517 di-

532 573 752 632 gnatus,
806 562 882 616 ita
953 570 1013 616 ut
1080 558 1245 615 etiam
1298 557 1495 612 lrenen
1542 555 1708 609 ﬁliam
1749 555 1867 625 ejus
1914 554 2113 610 Joanni

528 654 772 723 despotze
819 652 930 706 ﬁlio
978 665 1081 706 suo
1124 648 1336 718 nuptiis
1382 648 1765 719 conjungeret.
1804 645 1905 699 llic
1954 644 2117 698 Nice-

526 748 737 817 phorus
762 746 918 817 prius
948 742 1300 814 imperatoris
1321 740 1624 796 domestica
1651 738 2075 793 administrabat
2099 756 2112 791 :

529 852 646 896 tum
667 849 877 902 autem,
896 835 1136 907 podagra
1152 833 1522 896 conﬂictatus,
1546 831 1829 887 iunctione
1851 831 1941 886 illa
1963 831 2118 885 abie-

529 943 638 987 rat.
683 931 869 986 Nihilo
915 930 1098 984 minus
1142 942 1359 982 summo
1401 940 1530 980 eum
1566 925 1776 980 honore
1816 924 2117 994 imperator

528 1023 996 1095 prosequebatur.
1032 1020 1239 1074 Praeter
1289 1018 1392 1072 hos
1427 1026 1609 1072 autem
1652 1017 1843 1071 aderat
1885 1025 1941 1069 et
1973 1015 2118 1070 Cou-

533 1117 813 1173 stantinus
863 1113 1214 1183 Acropolita,
1270 1113 1391 1181 ipse
1443 1126 1664 1181 quoque
1723 1109 1902 1180 magni
1959 1109 2106 1179 lego.

532 1211 694 1262 theta:
715 1207 981 1277 dignitate
999 1213 1252 1259 ornatus.
1278 1203 1443 1257 Facto
1460 1204 1624 1274 igitur
1647 1201 1928 1270 paulisper
1947 1200 2119 1255 silen-

532 1303 631 1363 tio,
678 1297 1031 1354 Andronicus
1081 1297 1256 1364 major
1292 1295 1409 1348 inﬁt
1456 1278 1729 1348 :Domine
1780 1292 2115 1359 patriarcha,

529 1391 738 1459 quique
770 1403 954 1443 coram
997 1386 1224 1450 adestis,
1253 1385 1347 1440 hic
1401 1385 1566 1439 homo
1633 1387 1929 1453 (nepotem
1975 1382 2121 1437 desi—

532 1481 742 1553 gnans)
782 1490 867 1534 est
904 1480 1150 1534 moribus
1182 1477 1576 1543 intractabilis,
1614 1485 1671 1531 et
1706 1490 2005 1544 arrogans,
2037 1482 2121 1526 at-

533 1592 643 1645 que
685 1570 1035 1633 inobediens,
1082 1571 1403 1639 neutiquam
1454 1568 1591 1622 mihi
1639 1567 1824 1633 cedit,
1874 1564 1969 1620 sed
2023 1581 2121 1634 pro

531 1668 764 1724 libidine
793 1667 905 1736 agit
934 1665 1138 1725 omnia,
1175 1672 1377 1716 nostra:
1416 1659 1718 1721 voluntatis
1750 1673 1853 1713 nec
1896 1673 2116 1727 parvam

2221 464 2403 517 λαύων
2434 465 2570 534 πρὸς
2616 464 2885 534 βασιλέως
2916 465 3130 527 εὐνοίας
3173 482 3234 517 τε
3281 466 3374 517 καὶ
3412 466 3599 535 τιμῆς·
3632 465 3699 520 δι’
3735 466 3804 536 ἦν

2222 557 2315 610 καὶ
2346 558 2445 627 τὴν
2475 556 2645 609 αὐτοῦ
2674 556 2957 626 θυγατέρα
2993 557 3227 625 Εἰρήνην
3258 555 3338 625 τῷ
3364 557 3466 625 υἱῷ
3511 556 3677 610 αὐτοῦ
3725 556 3805 625 τῷ

2219 645 2456 717 δεσπότῃ
2499 646 2724 716 Ἰωάννῃ
2776 646 2912 715 πρὸς
2964 645 3147 715 γάμου
3187 644 3480 698 κοινωνίαν
3540 646 3749 717 ἢγαγεν
3776 648 3807 699 ό

2169 800 2177 806 ν
2220 735 2504 806 βασιλεύς.
2543 738 2641 800 Ὃς
2688 737 2753 807 δὴ
2789 738 3058 806 πρότερον
3125 739 3225 807 μὲν
3273 733 3344 808 ἦν
3400 739 3657 807 μεσάζων
3706 725 3845 793 καὶ.

2221 828 2386 891 αὐτὸς
2444 828 2583 898 πρὸς
2634 827 2702 879 τά
2759 828 3068 897 πράγματα
3126 828 3368 897 βασιλεῖ’
3416 829 3540 882 τότε
3590 830 3647 882 δὲ
3688 831 3798 884 ὑπὸ

2220 920 2397 985 νόσου,
2418 919 2681 986 ποδαλγία
2710 919 2767 971 δὲ
2793 914 2884 988 ἦν,
2917 920 3016 989 τῆς
3047 922 3147 989 μὲν
3167 920 3472 991 ὑπηρεσίας
3501 923 3800 988 ἐπέπαυτο,

2220 1015 2385 1082 τιμῆς
2415 1012 2459 1065 δ’
2483 1012 2726 1065 ἀπέλαυε
2769 1013 2869 1081 τῆς
2917 1012 3069 1082 παρὰ
3103 1011 3371 1081 βασιλέως
3396 1014 3619 1084 πολλῆς,
3658 1016 3805 1085 Πρός

2219 1104 2432 1166 τούτοις
2468 1103 2526 1156 δὲ
2584 1104 2681 1156 καὶ
2734 1104 2763 1155 ό
2800 1104 3207 1173 Ἀκροπολίτης
3262 1101 3330 1173 ἦν
3364 1106 3795 1169 Κωνσταντῖνος,

2224 1198 2400 1267 μέγας
2425 1195 2725 1265 λογοθέτης
2756 1194 2833 1247 ὢν
2862 1198 2953 1248 καὶ
2993 1198 3180 1259 αἰτός·
3216 1201 3303 1248 ἐπ’
3343 1197 3522 1264 ὀλίγον
3547 1199 3603 1250 δὲ
3640 1200 3802 1265 σιγῆς

2219 1286 2554 1356 γενομένης,
2611 1288 2638 1338 ό
2686 1286 2796 1338 τῶν
2842 1288 3201 1357 Ἀνδρονίκων
3237 1288 3609 1357 πρεσέἰύτείιος
3640 1291 3802 1355 λόγου

2218 1379 2428 1449 ἥπτετο
2474 1377 2732 1451 βασιλεὺς
2790 1378 3076 1431 τοιούτου·
3134 1382 3387 1433 Δέσποτα
3457 1383 3800 1453 πατριάρχα,

2220 1473 2313 1526 καὶ
2351 1473 2510 1542 ὑμεῖς
2561 1473 2608 1525 oi
2643 1471 2942 1540 παρόντες,
2966 1472 2994 1522 ό
3029 1471 3315 1542 ἄνθρωπος
3339 1465 3491 1536 οὗτος
3527 1474 3801 1544 (περὶτοῦ

2222 1564 2451 1631 ἐγγόνου
2511 1562 2715 1632 δηλῶν)
2773 1562 2890 1615 ἐστὶ
2931 1562 3036 1633 μὲν
3063 1564 3299 1632 σκληρὸς
3353 1566 3447 1618 καὶ
3493 1566 3620 1628 τοὺς
3677 1566 3801 1636 τρό-

2223 1673 2358 1719 πους
2390 1654 2630 1724 αὐθάδης
2654 1672 2667 1686 ο
2702 1655 2784 1707 ἔτι
2836 1654 2894 1707 δὲ
2947 1656 3042 1707 καὶ
3090 1656 3394 1726 παρήκοος,
3429 1658 3522 1710 καὶ
3546 1657 3801 1728 οὐδαμῶς

533 1761 804 1812 rationem
837 1759 1067 1811 ducens.
1103 1756 1424 1824 Propterea.
1455 1751 1733 1807 Hactenus
1760 1751 1949 1819 iunior
1980 1751 2121 1804 taci-

2226 1746 2469 1799 ὑπείκων
2519 1746 2667 1818 ἐμοὶ,
2702 1745 2818 1799 ἀλλ’
2863 1745 2900 1800 ἃ
2937 1745 3180 1815 βούλοιτο
3220 1748 3500 1817 πράττων,
3527 1747 3619 1800 τοῦ
3658 1750 3805 1818 ligas-

532 1861 623 1903 tus
674 1848 918 1903 sedebat.
953 1845 1092 1900 Illud
1132 1856 1316 1900 autem
1360 1845 1614 1909 verbum,
1656 1843 1969 1912 Propterea,
2016 1840 2118 1895 ini-

534 1943 672 1996 tium
697 1939 938 1994 l'erendae
959 1939 1248 1993 adversum
1276 1953 1336 1991 se
1354 1935 1644 1991 sententiae
1670 1942 1844 2000 ratus,
1868 1932 2116 1988 Obsecro

536 2047 609 2097 te,
630 2029 1304 2095 exclamat,sacratissime
1320 2027 1542 2083 domine
1563 2027 1885 2097 imperator,
1905 2024 2121 2094 pauxil-

533 2128 647 2182 lum
677 2126 938 2189 subsiste,
967 2121 1215 2191 mihique
1247 2121 1492 2175 medium
1513 2119 1754 2189 spatium
1787 2117 1855 2171 ad
1889 2118 2119 2187 loquenc

536 2220 667 2274 dum
706 2233 773 2271 ne
822 2216 1067 2285 denega;
1103 2224 1161 2268 et
1196 2214 1290 2267 ubi
1332 2212 1675 2275 summatim,
1706 2225 1829 2280 quae
1867 2210 2121 2265 voluntas

538 2314 664 2372 fert,
693 2308 1064 2379 explicavero,
1096 2306 1370 2375 reliquum
1394 2304 1667 2359 orationis
1699 2313 1806 2357 tua:
1828 2303 2119 2357 absolvito.

538 2403 768 2457 Sinente
800 2417 932 2455 sene
958 2410 1017 2453 ut
1038 2398 1247 2453 diceret
1271 2412 1393 2465 quas
1421 2396 1609 2457 vellet,
1640 2396 1789 2449 hunc
1817 2396 1871 2449 in
1899 2394 2120 2449 modum

538 2493 805 2549 disseruit
835 2511 847 2545 :
884 2493 1055 2546 Deum
1091 2500 1288 2545 testem
1326 2491 1544 2553 invoco,
1578 2503 1664 2542 me
1690 2484 1926 2557 quorum
1959 2501 2125 2541 accu-

537 2602 631 2640 sor
659 2586 982 2649 criminum,
1025 2583 1232 2636 nullius
1278 2582 1412 2634 mihi
1458 2572 1747 2635 conscium
1780 2595 1924 2635 esse.
1965 2580 2123 2647 Quod

540 2680 722 2748 ipsum
757 2686 814 2731 et
836 2676 972 2731 alias
995 2674 1268 2745 maiestati
1295 2682 1401 2727 tua:
1429 2688 1528 2743 per
1562 2674 1739 2726 virum
1760 2673 2123 2728 excellentem

538 2771 840 2840 Josephum
873 2772 1109 2840 legatum
1143 2782 1325 2821 meum
1359 2766 1619 2829 indicari,
1652 2776 1706 2820 et
1753 2783 1901 2821 nunc
1935 2782 2128 2823 rursus

539 2878 728 2918 assem
753 2879 768 2916 :
803 2871 858 2918 et
880 2872 937 2915 ut
961 2861 1144 2915 verbis
1165 2860 1301 2914 meis
1331 2859 1473 2928 apud
1500 2870 1550 2912 te
1575 2858 1709 2913 ﬁdes
1736 2859 1828 2922 sit,
1849 2860 2126 2929 jusjuran.

538 2955 670 3009 dum
693 2955 1008 3024 interpono,
1030 2951 1430 3007 conscientiam
1456 2966 1632 3004 meam
1650 2966 1753 3005 nec
1768 2950 1933 3005 hodie
1957 2951 2129 3020 impe-

2219 1838 2382 1909 τέρου
2416 1837 2575 1906 λόγον
2608 1839 2919 1908 θελήματος
2952 1839 3274 1911 ποιούμενος
3306 1841 3415 1893 οὐδ’
3449 1840 3650 1907 ὀλίγον.
3701 1841 3804 1893 Διά

2220 1933 2400 1988 τοῦτο.
2430 1933 2610 2005 Μέχρι
2666 1935 2766 2004 μὲν
2814 1936 2909 1990 οὖν
2953 1938 3150 1990 τούτου
3204 1934 3428 1990 σιωπῶν
3483 1934 3738 2005 βασιλεὺς
3774 1936 3804 1988 ό

2226 2025 2348 2091 νέος
2378 2026 2650 2095 καθῆστο,
2701 2026 2763 2080 τδ
2819 2030 2924 2083 Διὰ
2978 2028 3156 2083 τοῦτο
3186 2027 3241 2080 δὲ
3270 2027 3448 2098 ἀρχὴν
3469 2027 3804 2094 ἀποφάσεως

2226 2117 2368 2173 εἶναι
2402 2121 2660 2192 νομίσας,
2694 2123 2901 2192 Δέομαί
2951 2140 3070 2187 σου,
3111 2122 3357 2176 θειότατέ
3390 2140 3483 2192 μοι
3509 2122 3606 2176 καὶ
3644 2120 3807 2191 κύριε

2226 2211 2473 2282 βασιλεῦ,
2500 2207 2648 2279 εἷπε,
2682 2214 2884 2283 μικρὸν
2912 2215 3230 2284 ἐπισχόντα,
3272 2213 3433 2282 λόγου
3463 2212 3659 2283 χρόνον
3688 2212 3807 2264 ὀλί·ι

2223 2321 2319 2373 γον
2350 2305 2478 2375 ἐμοὶ
2519 2305 2875 2377 χαρίσασθαι’
2912 2304 2948 2358 ἀ
2975 2306 3031 2359 δὲ
3082 2304 3347 2376 βούλομαι
3376 2303 3701 2369 διεξελθόντι
3729 2302 3809 2366 ὡς

2225 2400 2283 2451 ὲν
2315 2397 2531 2469 βραχεῖ,
2588 2399 2683 2452 τοῦ
2723 2400 2883 2466 λόγου
2938 2398 3001 2452 τὸ
3057 2398 3244 2451 λοιπὸν
3304 2398 3465 2461 αὐτὸς
3524 2398 3804 2466 περανείς.

2225 2492 2331 2547 Τοῦ
2362 2493 2408 2546 δ’
2432 2492 2846 2563 ’ἐπιτρέψαντος
2899 2492 2936 2546 ἃ
2982 2492 3223 2561 βούλοιτο
3254 2492 3456 2559 λέγειν,
3493 2491 3597 2543 Τὸν
3642 2489 3807 2551 θεὸν,

2224 2589 2252 2639 ό
2281 2586 2400 2647 νέος
2444 2584 2780 2655 ’Δνδρόνικος
2824 2585 2954 2656 ἔφη,
3002 2585 3112 2637 τῶν
3138 2585 3426 2656 παρόντων
3452 2585 3627 2651 λόγων
3661 2584 3779 2654 μὰρ
3798 2613 3811 2625 -

2225 2693 2364 2745 πυρα
2388 2676 2796 2747 προκαλοῦμαι.
2821 2677 2896 2741 ὡς
2921 2678 3081 2730 οὐδὲν
3106 2670 3181 2729 ὧν
3203 2677 3546 2746 ἐγκαλοῦμαι
3577 2674 3806 2745 ἐμαυτῷ

2227 2769 2444 2822 σύνοιδα
2490 2770 2864 2841 εἰργασμένον
2908 2771 2969 2823 τὸ
3000 2769 3046 2823 δ’
3080 2770 3215 2823 αὐτὸ
3246 2770 3343 2822 καὶ
3385 2770 3652 2841 πρότερον
3681 2770 3811 2839 16f;-

2225 2861 2376 2914 λωσα
2411 2861 2486 2930 τῷ
2535 2862 2612 2931 σῷ
2664 2861 2881 2930 κράτει,
2925 2861 3002 2930 τῷ
3031 2861 3326 2931 θαυμασίῳ
3366 2861 3567 2932 Ἰωσὴφ
3591 2864 3809 2933 χρηοά·

2232 2970 2394 3023 μενος
2420 2948 2754 3024 ⁴τέρεσὸιευτῖι.
2795 2953 2964 3005 Τοῦτο
2990 2953 3054 3024 δὴ
3091 2954 3184 3006 καὶ
3206 2953 3302 3008 νῦν
3338 2950 3498 3017 αὖθις
3525 2954 3804 3024 διῑσχυρί-

542 3047 648 3100 diri
684 3054 846 3114 atque
868 3042 1145 3104 coni-inci,
1171 3057 1275 3095 nec
1299 3051 1410 3094 tum
1440 3042 1755 3110 impeditam
1800 3050 1964 3110 atque
1997 3057 2123 3095 con-

2230 3045 2418 3114 ζομαι,
2470 3046 2567 3098 καὶ
2601 3046 2786 3116 ὅρκοις
2845 3044 3212 3114 πιστούμενος
3265 3047 3394 3110 τοὺς
3448 3046 3663 3115 λόγου;,
3716 3048 3796 3111 ὡς

541 3140 740 3193 victam
779 3138 947 3193 fuisse
985 3138 1153 3192 ullius
1176 3138 1374 3192 horum
1397 3139 1691 3202 scelerum,
1717 3152 1950 3207 quorum
1974 3151 2124 3191 nunc

540 3247 671 3285 reus
704 3246 955 3301 peragor.
987 3227 1383 3284 Verumtamen
1417 3243 1680 3299 peccasse
1710 3243 1797 3282 me
1831 3229 1959 3282 talia
1981 3244 2125 3297 qum-

542 3323 670 3376 dam
723 3331 947 3391 peccata
979 3321 1215 3375 libenter
1261 3319 1616 3381 crediderim,
1668 3328 1728 3372 ut
1775 3318 1820 3371 si
1855 3326 1906 3371 te
1952 3318 2125 3371 invito

543 3426 800 3468 venatum
836 3413 1030 3476 ierim;
1064 3412 1109 3465 si
1145 3412 1354 3465 diutius
1380 3426 1543 3481 quam
1580 3423 1638 3465 tu
1674 3412 1902 3464 forsitan
1938 3410 2124 3471 velles,

539 3507 901 3576 equestribus
949 3505 1094 3559 ludis
1146 3503 1514 3568 indulserint;
1560 3513 1656 3557 aut
1705 3503 1748 3556 si
1801 3502 1932 3569 quid
1977 3500 2124 3553 aliud

543 3599 865 3668 huiusmodi
894 3598 1106 3667 iniussu
1140 3606 1233 3650 tuo
1262 3594 1651 3664 perpetrarim,
1675 3603 1731 3648 et
1762 3602 1948 3661 p05tea
1974 3609 2128 3645 mau-

538 3694 734 3747 datum
777 3705 995 3760 quoque
1020 3699 1173 3743 tuum
1206 3703 1303 3757 pro
1338 3686 1513 3740 nihilo
1545 3695 1765 3754 putans,
1806 3685 1979 3739 nihilo
2020 3684 2126 3737 ini-

543 3800 650 3837 nus
678 3782 856 3837 facere
887 3780 1248 3850 perrexerim.
1274 3777 1436 3846 Atqui
1468 3792 1569 3846 ego
1595 3777 1649 3830 in
1680 3776 1762 3829 his
1785 3791 2014 3845 peccare
2043 3792 2127 3830 me

540 3875 885 3939 nesciebam,
916 3874 1013 3926 tibi
1048 3881 1231 3926 autem
1259 3870 1582 3938 delinquere
1615 3868 1843 3922 forsitan
1876 3867 2121 3922 videbar.

546 3969 639 4022 Sic
670 3964 805 4019 mihi
848 3962 1187 4033 persuadens
1214 4001 1229 4023 .
1263 3960 1403 4017 nihil
1456 3975 1542 4014 me
1596 3960 1884 4028 indignum
1930 3959 2130 4014 adnuit-

547 4070 683 4120 tere,
736 4057 989 4111 dicebam
1032 4054 1124 4119 iis,
1169 4055 1502 4123 quibuscum
1557 4051 1696 4105 mibi
1746 4066 1950 4115 sermo,
1988 4051 2129 4104 velle

547 4173 884 4230 magnopere
919 4156 1063 4226 apud
1095 4155 1382 4209 dominum
1410 4163 1465 4208 et
1496 4153 1885 4222 imperatorem
1906 4168 2129 4208 causam

546 4263 769 4325 dicere;
804 4259 876 4312 ita
898 4269 1138 4324 namque
1169 4253 1396 4315 nullius,
1427 4266 1663 4321 quorutn
1689 4267 1972 4320 arguerer,
2001 4266 2131 4305 con-

545 4366 752 4418 victum
784 4361 873 4425 iri,
905 4372 960 4413 et
986 4360 1165 4428 ipsum
1193 4358 1581 4427 imperatorem
1612 4354 1939 4425 ﬂagitiorum
1974 4371 2130 4409 meo-

546 4476 671 4516 rum
711 4459 920 4529 abjecta
948 4454 1265 4525 suspicione
1298 4452 1435 4506 iram
1477 4452 1865 4506 remissurum.
1892 4450 2003 4523 46
2025 4453 2132 4507 Ne-

543 4573 673 4630 gare
712 4574 823 4613 nou
858 4565 1042 4633 potes,
1071 4563 1124 4609 te
1155 4553 1223 4606 ab
1259 4552 1413 4607 obitu
1457 4550 1703 4621 parentis
1743 4552 1849 4606 mei
1895 4552 2133 4621 impera-

544 4663 685 4718 toris
734 4675 910 4730 usque
941 4658 1105 4711 hodie
1154 4665 1262 4709 tam
1297 4652 1698 4723 implacabilem
1731 4653 1999 4709 adversus
2048 4671 2135 4710 me

548 4763 890 4820 iracundiam
926 4758 1152 4823 aluisse,
1197 4764 1257 4809 ut
1289 4762 1442 4808 tanto
1477 4755 1767 4808 intervallo
1808 4770 1918 4810 non
1964 4756 2132 4811 verbo

549 4868 743 4925 saltem
793 4880 907 4919 uno
947 4862 1205 4932 dignatus
1261 4860 1338 4912 sis
1381 4875 1396 4912 :
1436 4857 1583 4927 quod
1637 4873 1764 4913 cum
1820 4859 2134 4927 considero,

551 4978 729 5025 morte
772 4966 892 5037 ipsa
920 4963 1099 5020 dirius
1143 4961 1379 5016 videtur.
1412 4960 1562 5015 Talia
1597 4961 1968 5016 occurrebant
2014 4978 2135 5032 quae

547 5075 814 5138 dicerem,
849 5069 1249 5140 sperabamque
1278 5075 1492 5135 tempus
1525 5066 1750 5135 aliquod
1782 5066 2127 5125 delensionis

2227 3137 2353 3191 οὔτε
2389 3136 2488 3192 νῦν
2536 3139 2659 3191 οὔτε
2720 3139 2843 3192 τότε
2893 3140 3001 3193 τῶν
3047 3140 3465 3211 ἐγκαλουμένων
3503 3142 3724 3211 ἐμαυτῷ
3752 3161 3809 3197 τι

2230 3230 2447 3283 σύνοιδα
2504 3231 2876 3301 είργασμένῳ.
2911 3229 3347 3304 Ἐξαμαρτάνειν
3401 3235 3675 3302 μέντοιγε,
3709 3234 3806 3286 καὶ

2232 3323 2374 3374 πάνυ
2426 3323 2686 3392 πείθομαι
2734 3326 2987 3391 τοιαῦτα,
3030 3321 3166 3389 οἷον,
3209 3328 3264 3380 εἴ
3319 3326 3384 3394 γέ
3435 3342 3520 3379 σοι
3568 3327 3666 3393 μὲν
3700 3329 3806 3379 οὐκ

2230 3412 2432 3483 ἤρεσκε
2465 3414 2601 3483 πρὸς
2650 3415 2984 3484 κυνηγεσίαν
3023 3417 3308 3483 ἀπελθεῖν,
3362 3418 3472 3486 ἐγὼ
3524 3418 3582 3471 δὲ
3629 3421 3808 3487 ﬁn).-

2230 3504 2345 3557 Oov°
2391 3506 2442 3557 εί
2495 3508 2586 3558 ἐπὶ
2633 3507 2857 3561 πλείονα
2906 3513 3099 3582 μόνον
3150 3512 3477 3582 ἐχρησάμην
3507 3513 3683 3583 ἵππῳ,
3719 3514 3807 3566 σοὶ

2230 3596 2422 3650 τούτου
2455 3598 2586 3661 ἴσως
2637 3599 2698 3651 οὔ
2724 3601 2931 3662 -καλῶς
2967 3601 3112 3671 ἔχειν
3157 3603 3441 3666 δοκοῦντος
3463 3620 3477 3636 ο
3512 3604 3548 3674 ἢ
3578 3607 3627 3657 εἰ
3652 3605 3716 3674 δή
3750 3623 3803 3657 τι

2233 3689 2476 3742 τοιοῦτον
2507 3690 2699 3761 ἕτερον
2725 3708 2741 3724 ’
2791 3694 2899 3746 καὶ.
2936 3695 3093 3747 τοῦτο
3125 3696 3206 3761 δὲ,
3237 3697 3297 3749 οὐ
3328 3700 3805 3768 προσταττόμενος

2233 3782 2387 3851 παρά
2415 3781 2533 3846 σοῦ,
2568 3783 2745 3836 ἔπειτ’
2793 3788 2875 3848 εἰς
2918 3787 3070 3839 οὐδὲν
3103 3788 3161 3840 τὸ
3208 3789 3489 3859 ἐπίταγμα
3523 3790 3807 3860 τιθέμενος

2235 3875 2475 3929 ἐποίουν·
2508 3876 2624 3928 ἀλλ’
2665 3875 2778 3945 ἐγὼ
2831 3879 2932 3946 μὲν
2963 3880 3186 3933 ἐποίουν
3218 3881 3387 3950 μηδὲν
3431 3883 3605 3948 εἰδὼς·
3647 3889 3731 3935 σοί
3760 3883 3806 3936 δ’

2233 3968 2377 4029 ἴσως·
2407 3965 2472 4019 ἂν
2516 3967 2617 4035 ἐμὲ
2648 3968 2991 4038 ἁμαρτάνειν
3045 3970 3243 4023 ὲδόκει’
3272 3965 3315 4038 ᾧ
3363 3973 3427 4040 δὴ
3454 3974 3571 4025 ’καὶ
3604 3974 3808 4026 πείθων

2233 4058 2474 4129 ἐμαυτόν
2507 4058 2719 4115 ἀδικεῖν
2750 4063 2940 4130 μηδὲν,
2969 4063 3125 4115 Κατὰ
3154 4062 3399 4133 γνώμην,
3440 4064 3648 4129 ἔλεγον,
3683 4069 3809 4135 ἐμοὶ

2241 4149 2441 4217 γένοιτ’
2473 4150 2539 4203 ἂν
2592 4153 2683 4203 ἐπὶ
2716 4152 2811 4205 τοῦ
2853 4153 3047 4223 κυρίου
3085 4154 3180 4206 καὶ
3222 4154 3487 4223 βασιλέως
3522 4156 3677 4225 δίκης
3713 4173 3811 4209 τυ-

2233 4244 2370 4313 χεῖν,
2403 4244 2542 4315 πρὸς
2564 4243 2656 4306 οὓς
2694 4246 2997 4314 ἐποιούμην
3026 4248 3150 4305 τοὺς
3179 4246 3368 4313 λόγους
3395 4263 3407 4275 ·
3439 4249 3488 4300 εἰ
3510 4248 3616 4316 γὰρ
3649 4248 3810 4302 τοῦτο

2235 4333 2468 4401 γένοιτο,
2508 4335 2643 4405 πρὸς
2671 4337 2822 4389 οὐδὲν
2851 4339 2953 4405 μὲν
2984 4338 3096 4390 τῶν
3127 4338 3549 4409 ἐγκαλουμένων
3586 4340 3810 4409 ὲλεγχό·

2242 4443 2403 4494 μενος
2435 4427 2599 4490 αὐτὸς
2655 4430 2977 4497 φανεῖσθαιο
3030 4431 3121 4483 τὸν
3167 4430 3393 4501 βασιλέα
3442 4433 3500 4485 δὲ
3548 4435 3648 4504 τὴν
3680 4438 3811 4504 περὶ

2230 4519 2325 4571 τοῦ
2368 4520 2677 4591 ἁμαρτάνει
2704 4521 2801 4590 ἐμὲ
2830 4521 3088 4575 ὑπόνοιαν
3123 4523 3482 4593 ἀποθέμενον,
3512 4526 3607 4593 τῆς
3637 4526 3813 4595 ὀργῆς

2234 4609 2300 4664 ἂν
2338 4611 2574 4679 ὑφεῖναι.
2614 4608 2788 4665 Οἶσθα
2816 4614 2924 4684 γὰρ
2956 4615 3140 4680 αὐτὸς,
3172 4609 3217 4668 ὦ
3265 4615 3511 4684 βασιλεῦ,
3552 4618 3636 4669 ὅτι
3669 4635 3813 4686 μετα

2235 4703 2333 4773 τὴν
2368 4705 2461 4756 τοῦ
2509 4703 2644 4772 ἐμοῦ
2687 4705 2955 4775 βασιλέως
3004 4710 3099 4760 καὶ
3144 4708 3350 4775 πατρὸς
3394 4709 3649 4777 τελευτὴν
3680 4709 3812 4777 ἀχρι

2233 4794 2329 4848 xa‘t
2360 4795 2479 4859 νῦν,
2516 4797 2756 4866 τοσαύτῃ
2791 4798 3073 4867 χρώμενος
3124 4800 3346 4866 ἐφαίνου
3376 4803 3442 4868 τῇ
3477 4800 3660 4869 μήνιδι
3689 4804 3811 4855 κατ’

2232 4888 2393 4957 ἐμοῦ,
2421 4887 2493 4951 ὡς
2524 4889 2616 4940 ἐπὶ
2642 4889 2894 4943 τοσοῦτον
2936 4891 3128 4959 χρόνον
3143 4890 3262 4943 οὐδὲ
3299 4891 3458 4958 λόγου
3488 4894 3621 4956 γοῦν
3646 4894 3815 4957 ἀξιῶ-

2236 4981 2322 5033 σαί
2353 4997 2499 5045 τινος
2528 4999 2542 5013 ’
2574 4983 2601 5034 ὃ
2629 4984 2726 5036 καὶ
2752 4982 2984 5035 θανάτου
3032 4982 3339 5053 βαρύτερον
3364 4987 3488 5053 ἐμοὶ
3514 4984 3809 5052 λογιζομέ-

2236 5090 2335 5140 νῳ,
2398 5073 2609 5126 τοιαῦτ’
2667 5073 2829 5144 ἐπῄει
2859 5074 3065 5142 λέγειν,
3117 5075 3352 5145 οἰομένῳ
3410 5075 3607 5144 καιροῦ
3662 5091 3812 5138 τινος

1811 5189 2025 5250 Jacobi
2058 5191 2327 5253 Pontani
2360 5201 2549 5253 notae.

622 5314 699 5384 (9)
733 5308 1085 5384 Curopalata.
1130 5306 1269 5384 _‘l'j31=\
1311 5304 1765 5384 τοῦβανικλείου
1806 5300 1878 5384 ᾖν
1917 5308 1944 5359 ὀ
1980 5324 2121 5376 συμ.

549 5375 808 5449 πένθερος
862 5375 955 5433 τόῦ
1004 5377 1267 5449 βασιλέως
1310 5375 1627 5449 όχούμενος.
1681 5375 1927 5449 Canjrleo
1986 5375 2131 5430 sober

544 5445 893 5524 imperatoris
937 5445 1190 5517 μνααῖαι,
1242 5445 1735 5524 atquereltelratur.
1768 5445 1901 5524 Erat
1946 5457 2127 5524 autem

542 5516 865 5580 CaiiicIeum
899 5516 1022 5580 arx,
1053 5528 1110 5573 et
1135 5517 1530 5572 monasterium
1559 5516 2038 5584 Coustautin0poli
2073 5518 2128 5571 in

550 5595 710 5669 urbe,
732 5595 897 5661 cujus
917 5590 1267 5669 _iirxl'cctum
1300 5587 1535 5665 illustris
1561 5585 1880 5669 admodum,
1916 5588 2128 5653 fuitque

547 5655 1106 5729 alterum'paljtium
1160 5655 1671 5729 ConstantinOpoli,
1713 5658 1876 5729 quod
1934 5670 2128 5729 socero

548 5723 926 5805 imperatoris,
969 5731 1015 5783 si
1052 5736 1223 5794 esset,
1267 5727 1495 5780 honoris
1526 5723 1660 5792 ergo
1692 5723 1928 5777 dabatur
1972 5726 2125 5780 inco-

2230 5307 2475 5363 lendum.
2504 5308 2570 5363 Et
2600 5308 2645 5362 is
2670 5324 2855 5364 coram
2886 5308 3219 5377 imperatore
3244 5323 3449 5378 genero
3477 5308 3837 5376 vehebatur,~

2232 5394 2332 5431 nec
2382 5379 2677 5432 tenebatur
2724 5394 2907 5432 coram
2950 5394 3017 5432 eo
3064 5379 3119 5432 in
3173 5382 3340 5447 pedes
3388 5379 3699 5447 procidere,
3757 5393 3811 5436 et

2232 5450 2312 5518 ire
2346 5448 2602 5515 pedibus,
2653 5458 2713 5503 ut
2746 5449 2838 5501 alii
2871 5464 3085 5513 omnes,
3119 5449 3210 5516 qui
3247 5451 3300 5501 in
3324 5450 3590 5518 dignitate
3628 5461 3811 5515 erant,

2232 5517 2586 5585 imperatoris
2616 5519 2931 5583 beneﬁcio“
2956 5519 3032 5572 lta
3075 5517 3403 5573 scholiastes
3442 5518 3810 5586 Curopalatae.

2228 5590 2595 5656 ——_lnterpres
2653 5589 2784 5656 legit
2842 5590 3157 5656 ὀχούμενος,
3224 5590 3401 5652 male;
3467 5602 3589 5640 nam
3647 5596 3738 5643 est
3783 5591 3814 5641 ό

2228 5654 2497 5728 Χούμνοςῖ
2533 5654 3248 5728 ΙιιιαιυθἸοεεῖΝίεσρίιονιιε
3277 5656 3547 5713 Chummts
3584 5658 3676 5728 qui
3706 5656 3815 5712 Ca-
3856 5684 3867 5690 υ

2227 5726 2397 5781 m'cleo
2428 5736 2679 5795 prwerat,
2720 5726 2942 5795 adium,
2973 5726 3081 5782 etc.
