4106 6292
585 292 688 354 135

1762 290 2092 365 JOANNlS
2131 286 2664 348 CANTACUZENI

3749 280 3852 346 ιτδ

583 403 951 475 praesentibus
990 403 1094 458 Ista
1133 411 1187 457 et
1231 403 1392 467 dicis.
1428 413 1480 457 et
1530 402 1683 458 facis.
1720 403 1857 458 Nam
1903 403 1947 456 si
1997 415 2162 469 quip-

2274 396 2526 451 τοιούτων
2557 397 2766 461 λόγων;
2798 396 2860 449 Εἰ
2895 395 2994 466 μὲν
3025 394 3296 462 δικάζεις,
3334 391 3526 456 δίκαζε
3571 395 3718 449 κατὰ
3754 396 3849 449 νό-

581 497 726 563 piam
767 495 931 550 etiam
979 495 1338 564 improvisum
1383 510 1446 548 ex
1490 496 1594 548 hoc
1637 495 1727 548 die
1775 508 1862 547 me
1910 493 2161 546 incursa-

580 589 746 652 verit,
780 603 888 642 non
929 589 1286 642 vehementer
1309 588 1678 652 contristabit,
1716 587 1938 657 quando
1970 587 2160 656 plures

581 680 870 750 iniustitiae
909 691 1015 736 tuae
1050 689 1221 736 testes
1250 682 1450 735 habeo.

583 772 662 841 τῷ
716 775 809 826 καὶ
869 775 1048 841 λέγειν
1106 776 1200 828 καὶ
1252 776 1520 844 πράττειν
1571 774 1663 826 ἐπὶ
1714 771 1828 826 τῶν
1871 772 2158 842 παρόντων
2195 776 2426 825 τουτωνὶ
2481 770 2518 825 ἃ
2553 771 2619 840 δὴ
2659 771 2754 822 καὶ
2790 769 2974 838 λέγεις
3023 779 3119 822 καὶ
3191 772 3476 842 πράττεις.

2269 505 2424 561 μους⁶
2452 490 2500 542 εί
2521 490 2578 543 δὲ
2600 491 2731 561 πρὶν
2753 488 2973 543 δικάσαι
2996 489 3380 560 καταψηφίζῃ.
3412 489 3566 542 οὐδὲν
3591 488 3624 558 ἢ
3655 487 3850 558 δίχκας

2266 585 2456 640 λοιπὸν
2490 583 2819 653 λαμϐάνειν.
2875 583 3087 652 Πρὰττε
3143 583 3437 652 τοιγαροῦν
3487 585 3525 636 ἃ
3553 582 3640 635 σοὶ
3672 599 3842 652 κεχα-

2268 677 2525 748 ρισμένα.
2583 675 2830 746 Χάριτας
2883 675 2941 728 δέ
3005 691 3089 727 σοι
3138 675 3236 737 τὰς
3281 674 3548 745 μεγίστας
3603 672 3852 743 ὁμολογῶ

2268 776 2426 821 υτωνὶ
2481 770 2518 821 ἃ.
2553 771 2618 821 6h
2659 771 2754 821 καὶ
2790 769 2974 821 λέγεις
3023 779 3119 821 καὶ
3191 772 3476 821 πράττεις.
3553 769 3713 821 Ἐμοὶ
3740 768 3852 821 γὰο

3553 769 3713 840 Ἐμοὶ
3740 769 3853 838 γὰρ

583 867 649 922 ἄν
686 888 737 923 τι
763 871 856 924 καὶ
888 873 996 924 τῶν
1037 872 1325 942 ἀδοκήτων
1365 871 1474 924 ἀπό
1520 888 1584 939 γε
1631 869 1726 924 τοῦ
1760 869 1855 925 νῦν
1887 871 2044 943 ἐπίῃ,
2083 870 2144 923 οὐ
2184 870 2392 940 σφόδρα
2454 868 2715 938 λυπήσει,
2749 866 2981 929 πολλοὺς
3029 867 3210 938 ἔχοντι
3279 870 3567 939 μάρτυρας
3602 869 3700 937 τῆς
3733 867 3853 921 ἀδι-

588 963 736 1026 κέας.

2013 1081 2240 1138 CAPUT
2282 1076 2402 1134 XV.

581 1167 800 1238 Magnus
855 1174 1165 1225 domesticus
1213 1183 1291 1255 ἐι.
1320 1182 1674 1256 ρτοτρδιηιτον
1723 1175 2117 1266 ηεροιξηιχοίυηε
2147 1191 2166 1226 ο

2274 1190 2299 1225 ιι
2353 1171 2514 1241 ferre,
2551 1179 2600 1222 et
2645 1169 2848 1238 frustra
2895 1165 3201 1266 placantur].
3251 1166 3590 1266 Deniustanti
3617 1169 3854 1234 periculo

2274 1244 2376 1266 -_-:n
2443 1243 2484 1266 -.'
2525 1241 2733 1266 .......'.....
2781 1241 3070 1266 ἓηιηηιαηιαιὶ
3110 1254 3167 1266 ..Α
3191 1239 3266 1266 ἐι.
3300 1240 3317 1266 ἒ
3370 1254 3392 1266 Α
3427 1255 3606 1266 ,εκ-κη-
3658 1251 3854 1266 ..-η-ιι...

653 1237 782 1294 dum
822 1252 1087 1307 monetur,
1134 1244 1224 1312 qui
1261 1237 1450 1313 juveni
1489 1255 1720 1314 quatuor
1766 1237 2086 1300 conditiones
2131 1237 2398 1314 proponit,
2440 1243 2486 1294 si
2525 1237 2737 1294 veniam
2781 1241 3070 1308 impetrare
3110 1239 3266 1303 velit;
3300 1237 3392 1291 ille
3424 1255 3606 1292 omnes
3656 1251 3856 1310 prwter

653 1313 787 1363 duas
828 1321 1055 1366 recusat.

655 1423 808 1478 lntus
840 1424 956 1480 hzec
989 1427 1056 1481 ab
1086 1427 1520 1506 imperatoribus
1551 1431 1899 1488 dicebantur.
1937 1432 2167 1504 Magnas

567 1515 749 1583 ’porro
781 1515 1117 1572 domesticus
1148 1529 1202 1576 et
1237 1531 1602 1591 protostrator
1663 1525 1798 1580 foris
1841 1534 2168 1594 exspectan-

585 1615 688 1669 tes,
723 1616 782 1660 ut
815 1608 1124 1678 docuimus,
1166 1621 1223 1664 et
1266 1628 1452 1667 senem
1488 1617 1883 1671 tumultuosius
1924 1618 2168 1671 claman-

587 1709 694 1752 tem
725 1700 1034 1770 audientes,
1072 1719 1303 1774 eamque
1343 1723 1460 1761 rem
1495 1709 1637 1763 malo
1668 1713 2002 1779 esseInepoti
2044 1713 2167 1780 opio

585 1798 799 1854 nantes,
839 1791 961 1845 loco
997 1809 1055 1847 se
1103 1804 1330 1864 repente
1380 1809 1624 1864 movent,
1675 1811 1730 1854 et
1769 1800 1838 1854 ad
1876 1802 2165 1860 ferendum

586 1881 847 1934 auxilium
874 1884 1157 1950 concitati,
1183 1887 1522 1957 aliquantum
1548 1893 1874 1961 procedunt.
1898 1894 2003 1950 Sed
2028 1905 2166 1952 stre-

586 1972 702 2040 pitu
738 1974 830 2027 illo
865 1977 1312 2044 conquiescente,
1344 1981 1507 2034 etiam
1548 1983 1652 2052 ipsi
1687 1984 1999 2053 quiescunt.
2025 1988 2164 2044 Ade-

587 2077 712 2120 rant
731 2066 838 2123 illis
861 2078 988 2132 tres,
1011 2085 1112 2124 avo
1140 2072 1457 2142 imperatori
1478 2074 1910 2139 familiarissimi.
1929 2078 2167 2136 Joannes

590 2154 986 2223 Meliteucnsis,
1035 2160 1385 2217 Andronicus
1435 2163 1801 2231 Exotroehus,
1836 2175 1892 2221 et
1941 2169 2164 2237 Bardas,

587 2246 681 2314 qui
734 2249 1112 2318 hujuscemodi
1163 2252 1427 2322 impetum
1473 2270 1574 2325 pro
1605 2257 1922 2313 Andronico
1949 2261 2166 2330 juniore

583 2347 900 2406 susceptum
943 2341 1338 2409 conjectantes,
1386 2346 1466 2400 sic
1494 2361 1591 2400 eos
1635 2350 1874 2418 aggressi
1920 2361 2068 2412 sunt.
2107 2363 2166 2407 ut

588 2426 856 2494 dicerent,
905 2429 1330 2498 imperatoribus
1379 2449 1690 2490 sermonem
1731 2453 1992 2494 arcanum
2036 2457 2168 2495 con-

587 2517 916 2583 ferentibus,
934 2519 1130 2577 decere
1151 2529 1252 2577 eos‘
1271 2524 1397 2579 inde
1419 2540 1476 2579 se
1499 2537 1864 2595 removentes,
1883 2531 1938 2584 in
1964 2533 2163 2587 atrium

587 2609 774 2678 palatii
806 2612 1087 2666 secedere.
1116 2613 1329 2678 Quibus
1363 2626 1518 2672 torvo
1551 2619 1758 2674 lumine
1799 2621 2164 2692 intuentibus,

588 2711 1019 2772 conceptamque
1052 2703 1107 2758 in
1139 2707 1456 2773 praecordiis
1482 2709 1619 2762 iram
1651 2727 1760 2764 non
1790 2713 1946 2766 vultu
1980 2719 2163 2782 modo,

586 2790 683 2844 sed
714 2807 846 2846 voce
879 2809 1097 2864 quoque
1132 2797 1514 2866 prodentibus,
1546 2816 1751 2872 eosque
1785 2803 2053 2860 facessere
2081 2809 2168 2877 ju-

589 2881 868 2949 bentibus,
897 2885 1007 2940 duo
1030 2887 1254 2956 quidem
1286 2891 1694 2960 conticuerunt,
1721 2911 1784 2950 ac
1820 2898 2164 2965 resederunt,

589 2972 965 3030 Melitenensis
993 2989 1176 3033 autem
1209 2980 1274 3033 ad
1309 2981 1694 3052 imperatorem
1727 2988 1938 3052 adiens,
1973 2989 2026 3043 in
2069 3006 2168 3044 au-

2341 1426 2534 1481 ΙἘνδον
2560 1427 2658 1496 μὲν
2681 1425 2773 1478 οὖν
2800 1424 3026 1478 τοιαῦτα
3049 1424 3183 1494 παρ’
3208 1425 3411 1494 ἀμφοῖν
3439 1428 3554 1478 τοῖν
3581 1424 3856 1495 βασιλέοιν

2268 1518 2484 1588 ἐλέχθη.
2527 1518 2586 1570 Ὀ
2613 1518 2786 1587 μέγας
2809 1516 2864 1568 δὲ
2891 1515 3212 1584 δομέστικος
3234 1517 3331 1569 καὶ
3352 1519 3380 1569 ὁ
3407 1521 3856 1589 πρωτοστράτωρ

2269 1610 2327 1662 ὲν
2349 1611 2428 1680 τῷ
2459 1607 2734 1680 ὲξωτέρῳ,
2774 1609 3026 1675 καθάπερ
3056 1606 3303 1676 ἐφθημεν
3331 1609 3599 1671 εἰπόντες,
3647 1610 3859 1679 διατρί-

2271 1703 2457 1757 6οντες
2490 1701 2646 1771 οἴκῳ,
2677 1699 2889 1752 καὶτοῦ
2923 1701 3302 1770 πρεσϐυτέρου
3343 1699 3611 1770 βασιλέως
3640 1701 3854 1770 τραχύ-

2271 1811 2433 1864 τερον
2485 1792 2824 1854 ἁκούσαντες
2863 1792 3266 1861 φθεγξαμένου,
3334 1793 3428 1844 ἐπὶ
3459 1791 3615 1862 κακῷ
3644 1809 3702 1844 τε
3757 1793 3855 1846 τοῦ

2272 1883 2396 1936 νέου
2437 1881 2704 1952 βασιλέως
2739 1882 2836 1953 τὴν
2853 1881 3169 1952 τραχύτητα
3209 1881 3543 1951 τῆςοφωνῆς
3569 1882 3856 1951 οἰηθέντες

2271 1973 2434 2044 εῖναι,
2463 1976 2799 2046 ὲκινήθησαν
2835 1975 2944 2045 μὴν
2974 1976 3096 2029 ὅθεν
3135 1975 3427 2046 ἐκάθηντο,
3458 1975 3855 2046 καὶ-προῆλθον

2271 2066 2365 2117 ἐπὶ
2408 2067 2610 2135 μικρὸν
2663 2065 2896 2134 ἀμύνειν
2951 2064 3276 2136 ὡρμημένοι
3327 2066 3405 2136 τῷ
3454 2067 3562 2135 νέῳ
3613 2066 3853 2135 βασιλεῖ.

2271 2156 2383 2225 Τῆς
2411 2159 2658 2228 ταραχῆς
2686 2157 2742 2209 δὲ
2773 2159 3162 2229 πεπαυμένης,
3221 2155 3380 2221 αὖθις
3423 2160 3706 2231 ἡσύχασαν
3757 2163 3857 2215 καὶ

2271 2247 2451 2300 αὐτοί·
2484 2251 2633 2319 τρεῖς
2659 2248 2704 2301 δ’
2737 2249 2921 2312 αὐτοῖς
2946 2252 3064 2302 ἐκεῖ
3091 2252 3485 2321 συμπαρόντες
3513 2252 3624 2307 τῶν
3647 2257 3857 2307 οἰκειοο

2271 2339 2447 2392 τάτων
2482 2339 2558 2408 τῷ
2581 2341 2944 2413 πρεσϐυτέρῳ
2966 2341 3074 2394 τῶν
3107 2342 3399 2412 βασιλέων,
3428 2343 3456 2396 ὄ
3506 2361 3566 2396 τε
3611 2345 3856 2412 Μελιτηο

2270 2433 2467 2500 νιώτης
2513 2431 2788 2499 Ἰωάννης,
2846 2433 3183 2502 ’Λνδρόνικός
3227 2450 3287 2486 τε
3319 2437 3347 2486 δ
3389 2432 3716 2506 Ἐξώτροχος
3755 2437 3856 2490 καὶ

2269 2523 2456 2592 τρίτος
2487 2525 2514 2576 ὁ
2546 2523 2780 2592 Βάρδας,
2811 2525 2908 2577 καὶ
2933 2525 3031 2592 τὴν
3057 2524 3238 2594 ὁρμὴν
3267 2525 3449 2578 αὐτῶν
3470 2525 3858 2580 ὑποπτεύσανέ

2268 2629 2360 2675 τες
2397 2611 2469 2677 ὡς
2531 2615 2674 2683 ὑπὲρ
2715 2615 3059 2686 Ἀνδρονίκου
3099 2615 3194 2668 τοῦ
3246 2618 3365 2669 νέου
3413 2620 3852 2690 γεγεννημένην,

2269 2706 2523 2775 λέγουσιν
2562 2707 2745 2769 αὐτοῖς
2812 2706 3227 2777 προσελθόντες,
3269 2708 3361 2772 Ὠς
3416 2710 3525 2762 τῶν
3584 2709 3856 2779 βασιλέων

2270 2799 2408 2869 πρὸς
2442 2799 2698 2868 ἀλλήλοις
2756 2802 2883 2867 περί
2918 2817 3082 2853 τινων
3141 2801 3364 2870 ἀδήλων
3415 2801 3853 2874 διαλεγομένων,

2270 2889 2390 2944 δέον
2423 2890 2568 2960 ὑμᾶς
2605 2893 2954 2954 ἀποστάντας
2985 2890 3094 2944 τῶν
3127 2885 3258 2957 ὧδε,
3293 2892 3434 2964 πρὸς
3464 2894 3565 2962 τὴν
3603 2895 3663 2945 ἐν
3689 2893 3854 2962 βασι-

2270 2981 2438 3044 λείοις
2469 2981 2642 3051 αὑλὴν
2675 2985 2901 3054 χωρεῖν.
2934 2983 3056 3036 Τῶν
3084 2983 3129 3036 δ’
3159 2985 3346 3048 αὐτοῖς
3386 2984 3712 3056 δριμύτερον
3740 2986 3856 3038 ἑνι-

591 3077 707 3117 rem
737 3064 814 3118 illi
845 3064 1209 3123 insusurravit
1235 3089 1248 3124 :
1274 3071 1495 3128 Videret
1517 3076 1648 3144 quid
1677 3090 1898 3147 ageret;
1925 3081 1990 3134 ad
2016 3081 2163 3139 fores

2274 3073 2490 3138 δόντων,
2523 3077 2618 3128 καὶ
2645 3075 2705 3127 τὸ
2737 3074 3044 3144 θυμοῦσθαι
3079 3077 3175 3129 καὶ
3209 3076 3508 3147 ὀφθαλμοῖς
3549 3093 3641 3130 και
3670 3077 3856 3145 λόγοις

587 3153 864 3210 conclavis
891 3159 1156 3224 quosdam
1187 3171 1365 3217 astare
1397 3164 1464 3218 de
1494 3167 1627 3222 v.ris
1659 3170 2024 3240 principibus,
2064 3190 2165 3243 pro

582 3243 805 3313 juniore
825 3247 1153 3316 imperatore
1175 3263 1395 3320 paratos
1433 3255 1609 3312 facere
1627 3270 1680 3327 et
1701 3263 1807 3329 pati
1828 3265 2007 3317 omnia
2026 3267 2161 3335 (15).

594 3333 706 3388 lloc
735 3338 927 3391 nuntio
955 3351 1284 3406 commotus,
1315 3359 1346 3397 e
1377 3349 1515 3402 solio
1548 3349 1621 3402 nil
1650 3360 1937 3408 antelatus
1965 3333 2162 3424 surgit,

589 3435 648 3478 et
695 3426 748 3479 in
795 3429 1180 3485 domunculam
1233 3431 1648 3494 interiorem'se
1701 3446 1992 3513 recipiens,
2032 3447 2165 3503 ldris

593 3527 846 3582 nepotem
884 3534 1010 3571 cum
1045 3524 1419 3580 assessoribus
1456 3528 1712 3600 relinquit
1745 3551 1758 3586 :
1793 3531 2166 3607 advocatoque

595 3619 789 3674 magno
818 3609 1092 3677 logotheta
1122 3613 1433 3678 Metochite,
1461 3629 1518 3672 et
1549 3635 1671 3673 cum
1703 3637 1769 3676 eo
1804 3640 1924 3693 quae
1949 3629 2167 3685 volebat

590 3695 915 3761 collocutus,
941 3702 1273 3758 adolescenti
1299 3724 1395 3775 per
1417 3724 1542 3762 eum
1571 3712 1684 3766 haec
1703 3715 1970 3784 signiﬁcat
1995 3738 2008 3772 :
2036 3720 2166 3776 Esse

590 3783 811 3850 quidem
845 3787 998 3841 illum
1045 3790 1111 3844 iis
1141 3808 1263 3862 qua:
1292 3797 1555 3863 audisset,
1583 3811 1638 3854 et
1666 3783 1918 3871 pluribus
1946 3809 2167 3862 sceleri-

592 3876 694 3928 bus
723 3875 1085 3945 ubstrietum;
1116 3897 1173 3936 se
1201 3893 1379 3939 tamen
1408 3891 1590 3944 nuntia
1622 3892 1674 3944 in
1709 3894 1950 3950 minimis
1978 3914 2167 3954 nume-

593 3976 864 4034 raturum,
900 3979 955 4023 et
984 3973 1199 4027 veniam
1230 3991 1323 4029 reo
1376 3977 1802 4050 impertiturnm,
1834 3985 1877 4039 si
1913 4003 2034 4056 qua:
2071 4005 2177 4057 pu--

587 4059 838 4124 stnlaret,
868 4060 1082 4116 eﬁicere
1113 4062 1166 4116 in
1205 4067 1446 4120 animum
1495 4071 1736 4138 inducat,
1772 4090 1969 4146 nempe
1997 4079 2114 4133 haec
2147 4099 2160 4134 :

591 4148 853 4216 primum,
905 4161 964 4204 ut
1009 4168 1352 4212 sacramento
1403 4160 1602 4226 ﬁrmet,
1633 4178 1691 4217 se
1737 4163 1964 4221 Christo
2005 4170 2163 4224 ﬁdem

590 4254 805 4306 puram,
839 4251 894 4296 et
941 4256 1184 4299 sanctam
1229 4263 1472 4305 servare.
1507 4254 1620 4323 48
1653 4256 1814 4318 Tum,
1862 4259 2002 4312 nihil
2036 4262 2165 4315 mali

590 4333 644 4383 in
671 4345 832 4384 avum
867 4335 1204 4391 tituliturum.
1239 4341 1459 4405 Adhme',
1490 4360 1681 4398 eorum
1714 4349 1957 4416 nomina,
1983 4353 2075 4420 qui
2107 4369 2165 4407 se

2276 3165 2732 3235 ἐνδεικνυμένων,
2769 3166 3085 3230 ἐξίστασθαί
3117 3184 3178 3220 τε
3216 3171 3310 3221 κα)⁸
3366 3168 3442 3238 μὴ
3496 3169 3856 3238 παρενοχλεῖν

2274 3256 2673 3319 κελευσάντων,
2706 3257 2755 3309 οί
2783 3257 2876 3309 δύο
2908 3259 3006 3327 μὲν
3037 3259 3198 3311 πάλιν
3241 3258 3524 3329 ἡσύχασαν
3558 3259 3857 3312 καθεσθέν-

2274 3369 2388 3416 τες,
2422 3353 2448 3403 ὀ
2477 3353 2893 3421 Μελιτηνιώτης
2925 3351 2980 3406 δὲ
3003 3351 3152 3405 ἔνδον
3186 3351 3322 3423 πρὸς
3353 3353 3446 3405 τὸν
3477 3351 3855 3432 πρεσϐύτερον

2275 3441 2382 3495 τῶν
2406 3442 2674 3510 βασιλέων
2703 3441 2898 3506 ἐλθὼν,
2929 3442 3204 3495 Σκεπτέον
3234 3460 3340 3507 σοι,
3373 3443 3510 3512 πρὸς
3539 3439 3631 3506 οὖς
3669 3439 3721 3495 εῐ
3734 3461 3854 3507 πεν,

2273 3531 2301 3584 ὅ
2332 3547 2381 3583 τι
2410 3530 2628 3598 μέλλεις
2651 3531 2804 3601 δρᾷν,
2857 3526 2902 3585 ὦ
2932 3532 3180 3603 βασιλεῦ.
3210 3534 3350 3602 Πρὸς
3374 3534 3481 3604 γὰρ
3514 3533 3706 3603 θύραις
3731 3536 3858 3597 ταῖς

2277 3624 2400 3684 σαῖς
2425 3623 2761 3692 ἐφεστήκασι
2809 3623 2920 3676 τῶν
2951 3628 3052 3690 τῆς
3109 3625 3415 3695 συγκλήτου
3448 3625 3612 3689 τινὲς,
3671 3628 3856 3678 πάντα

2275 3710 2408 3779 δρᾷν
2460 3711 2601 3781 ὑπὲρ
2636 3711 2732 3762 τοῦ
2786 3713 2907 3765 νέου
2946 3713 3213 3783 βασιλέως
3248 3714 3459 3784 ἕτοιμοι
3495 3718 3587 3769 καὶ
3619 3717 3856 3786 πάσχειν

2274 3803 2450 3866 ὄντες.
2487 3804 2707 3857 Τούτων
2759 3805 3003 3868 ἀκούσας
3031 3808 3060 3859 ὁ
3111 3807 3385 3877 βασιλεὺς,
3422 3809 3623 3878 ἀνέστη
3652 3826 3711 3860 τε
3749 3813 3857 3861 αύο

2277 3897 2403 3948 τίκα
2432 3895 2527 3948 τοῦ
2565 3895 2777 3966 θρόνου,
2834 3900 2927 3950 καὶ
2977 3898 3111 3968 πρὸς
3151 3879 3242 3954 τόν
3289 3901 3567 3972 ἐνδότερον
3610 3904 3855 3956 οἰκίσκην

2277 3986 2494 4058 ἐχώρει,
2513 3988 2606 4040 τὸν
2631 3991 2749 4041 νέον
2774 3990 3000 4059 βασιλέα
3028 3993 3140 4054 τοῖς
3166 3992 3539 4062 ἀκροωμένοις
3561 3993 3677 4063 ἃμα
3702 3995 3868 4066 rupi

2275 4081 2368 4132 τὸν
2399 4080 2506 4146 ἔξω
2538 4082 2876 4138 καταλιπών.
2914 4084 3017 4136 Τὸν
3058 4085 3232 4154 μέγαν
3285 4086 3340 4138 δὲ
3404 4087 3856 4158 μετακαλεσάμε-

2276 4189 2365 4236 νος
2419 4173 2712 4243 λογοθέτην
2766 4175 2859 4227 τὸν
2921 4176 3251 4246 Μετοχίτην,
3318 4180 3412 4233 καὶ
3462 4181 3561 4233 ὅσα
3603 4177 3670 4252 ἦν
3704 4183 3855 4252 αιζτῷ

2278 4264 2594 4336 βουλομένῳ
2655 4267 2982 4338 διαλεχθεὶς,
3021 4265 3140 4322 εἶτα
3175 4269 3242 4322 δι’
3295 4274 3460 4324 αὑτοῦ
3520 4275 3715 4343 μηνύει
3775 4277 3856 4345 τῷ

2278 4357 2489 4427 ὲγγόνῳ
2519 4360 2613 4411 καὶ
2673 4359 2923 4427 βασιλεῖ·
2979 4362 3052 4415 Σὺ
3113 4363 3232 4432 μὲν,
3272 4358 3354 4428 οἷς
3419 4383 3526 4434 περ
3558 4361 3710 4418 εἷπον
3757 4368 3858 4420 καὶ

591 4423 694 4489 ipSI
715 4422 979 4478 satellites
996 4441 1060 4479 ac
1085 4427 1365 4484 ministros
1383 4432 1683 4488 facinorum
1703 4437 1953 4494 volentes
1997 4441 2166 4496 liben-

2284 4448 2528 4503 πλείοσιν
2557 4451 2720 4522 ὲνέχῃ
2777 4456 2989 4515 κακοῖς.
3041 4455 3181 4521 Ἐγὼ
3237 4457 3282 4510 δ’
3313 4461 3528 4511 ἃπαντα
3585 4461 3854 4529 παριδὼν,

593 4522 783 4580 tesque
812 4518 1170 4584 prtebuerint,
1197 4521 1263 4572 ad
1296 4521 1470 4589 ipsum
1499 4524 1833 4580 delaturum.
1859 4527 2166 4596 Postremo,

595 4615 706 4654 non
741 4618 798 4656 se
835 4605 946 4658 ullo
992 4608 1154 4663 modo
1201 4610 1524 4680 fugiturum.
1568 4615 1648 4669 Ad
1699 4619 1799 4671 ista
1829 4620 2017 4689 junior
2065 4625 2170 4681 hoc

595 4709 921 4762 responsum
960 4697 1114 4754 dedit
1145 4719 1158 4754 :
1189 4702 1343 4768 Quod
1380 4706 1446 4759 de
1486 4707 1590 4762 ﬁde
1633 4710 1686 4763 in
1720 4712 1998 4768 Christum
2037 4732 2170 4770 con-

596 4784 860 4840 ﬁrmanda
903 4795 1232 4846 sacramenti
1279 4811 1306 4847 a
1345 4812 1431 4850 me
1480 4801 1796 4870 religionem
1837 4809 2030 4878 exigis,
2067 4811 2172 4863 im-

595 4888 817 4943 perator
851 4882 1078 4949 Optime,
1112 4896 1471 4956 prarterquam
1502 4895 1650 4961 quod
1701 4895 1901 4952 durum
1940 4903 2170 4970 videtur,

599 4979 944 5039 mentemque
995 4991 1170 5029 meam
1220 4980 1482 5050 majorem
1523 4984 1578 5037 in
1628 4989 1847 5042 modum
1899 4997 2170 5064 percellit,

593 5057 758 5110 etiam
789 5074 896 5112 non
928 5063 1185 5127 coharret,
1217 5079 1272 5120 et
1306 5070 1360 5122 in
1395 5073 1631 5141 seipsunt
1665 5080 1896 5132 corruit.
1927 5082 1984 5136 Si
2022 5089 2169 5140 enim

596 5161 682 5199 me
717 5165 812 5217 per
872 5168 1022 5207 sacra
1059 5155 1348 5227 Evangelia
1382 5174 1436 5216 et
1473 5169 1810 5224 venerandas
1857 5184 2170 5232 sanctorum

595 5239 861 5309 imagines
893 5245 1123 5334 ﬁdeliter
1145 5249 1536 5323 jurarejnbes,
1565 5257 1669 5313 hoe
1698 5260 1817 5328 ipso
1845 5265 2033 5334 utique
2060 5271 2172 5324 Deo

595 5331 810 5386 ﬁdelem
837 5349 945 5404 me,
967 5319 1318 5396 etChristum
1341 5319 1589 5403 induis-se
1612 5319 1870 5407 ostendis.
1903 5319 1996 5410 Sin
2021 5360 2171 5414 aliud

2279 4542 2498 4604 ἀξιώσω
2550 4547 2905 4616 συγγνώμης,
2972 4550 3036 4602 ἂν
3089 4549 3124 4602 a
3176 4551 3318 4618 λέγω
3374 4554 3608 4624 ποιήσῃς
3665 4554 3853 4616 αὐτός.

2277 4633 2462 4687 Ταότα
2485 4633 2531 4688 δ’
2560 4634 2676 4688 ἐστι
2700 4653 2715 4669 ο
2757 4641 2974 4709 πρῶτον
3009 4643 3106 4710 μὲν
3165 4643 3315 4714 ὅρκῳ
3349 4645 3724 4699 πιστώσασθαι
3755 4649 3858 4714 τὴν

2280 4726 2464 4779 πίστιν
2497 4729 2750 4799 καθαρὰν
2781 4731 2856 4801 τῷ
2913 4734 3134 4803 Χριστῷ
3186 4739 3392 4806 τηρεῖν·
3467 4739 3662 4791 ἔπειτα
3713 4744 3857 4792 κατὰ

2278 4817 2460 4882 τοῦτο,
2489 4820 2624 4889 μηδὲ
2662 4827 2790 4887 περὶ
2814 4819 2914 4891 ἐμὲ
2975 4827 3142 4880 κακὸν
3169 4828 3856 4900 ὀφθήσεσθαι-γεγενημέ-

2281 4925 2389 4962 νον.
2421 4909 2616 4980 Τρίτον
2675 4915 2812 4981 μετὰ
2843 4915 3020 4980 τοῦτο,
3087 4918 3422 4989 καταδήλους
3462 4922 3586 4989 ἐμοὶ
3623 4921 3854 4990 ποιῆσαι

2280 4999 2405 5062 τούς
2443 5017 2536 5082 σοι,
2581 5007 2955 5073 συμπράττειν
3005 5010 3098 5062 καὶ
3147 5009 3502 5076 προσκεῖσθαι
3533 5014 3858 5082 προῃρημέ-

2278 5107 2421 5154 νους.
2463 5073 2736 5165 Τέταρτον
2763 5098 2839 5162 δὲ,
2873 5099 3020 5169 ὅρκῳ
3054 5101 3433 5155 πιστώσασθαι
3469 5103 3695 5172 δρασμῴ
3725 5104 3862 5172 χρή·
3907 5142 3910 5148 -

2285 5181 2474 5252 σεσθριι
2513 5185 2802 5254 μηδαμῶς.
2841 5189 2982 5258 Πρὸς
3022 5189 3193 5244 ταῦτα
3229 5191 3481 5260 βασιλεὺς
3511 5193 3539 5244 ὁ
3569 5194 3685 5254 νέος
3713 5197 3856 5244 ἀπε·-

2280 5273 2503 5343 κρίνατο
2527 5278 2753 5331 τοιαῦτα
2779 5295 2792 5310 ·
2829 5281 3106 5351 Κράτιστε
3143 5283 3388 5353 βασιλεῦ,
3441 5286 3501 5337 τὸ
3531 5286 3628 5356 τὴν
3670 5289 3859 5338 πίστιν

2283 5366 2464 5436 ὅρκοις
2523 5370 2774 5424 ἀπαιτεῖν
2830 5371 3106 5441 βεϐαιοῦν,
3140 5377 3276 5445 πρ“,ς
3337 5374 3413 5444 τῷ
3449 5375 3684 5447 σκληρὸν
3730 5377 3861 5446 ἐμοὶ

1849 5466 2064 5527 Jacobi
2103 5471 2370 5535 Pontani
2405 5477 2604 5541 nota!

665 5545 778 5616 (l5)
826 5548 1051 5629 Duobus
1099 5555 1280 5608 verbis
1322 5559 1493 5629 multa
1529 5564 1934 5629 exprimuntur.
1983 5571 2167 5623 omnia

595 5631 793 5686 nempe
827 5619 1026 5703 unicis,
1064 5637 1184 5690 quae
1225 5628 1438 5703 amicus
1499 5619 1743 5699 polliceri
1789 5651 1851 5687 ac
1896 5619 2165 5703 praestare

596 5697 787 5753 queat,
822 5699 876 5742 et
905 5693 1108 5758 (utilius
1137 5697 1374 5766 amplius
1407 5693 1718 5755 desiderare
1755 5693 2045 5774 quisquam
2079 5711 2163 5763 nio

2279 5577 2356 5663 hil
2382 5583 2584 5660 possit.
2622 5584 2837 5654 Saepius
2881 5585 2986 5641 hac
3033 5586 3210 5642 forata
3253 5587 3516 5658 loquendi
3565 5604 3724 5663 usum
3766 5603 3870 5663 re:

2274 5661 2448 5717 perte.
