4106 6292
415 345 517 417 137
1570 345 1991 406 HISTORlAR

2095 346 2109 404 ι
2146 345 2376 407 LIBER
2421 347 2461 408 I.
3535 345 3633 407 138

389 458 704 532 Δσραινιισθαι
733 461 831 514 καὶ⁵
877 458 978 531 τὴν
1011 459 1189 531 ψυχὴν
1228 458 1415 522 δεινῶς
1463 457 1841 527 ἐκταράττειν,
1890 457 1971 510 ἔτι

2095 472 2176 511 »ιο
2206 458 2434 512 numine.
2467 456 2696 512 adorare
2745 471 2832 512 me
2862 457 3041 512 credis
3105 459 3298 512 inutiie
3347 469 3400 511 et
3447 474 3639 528 super-

410 550 506 604 καὶ
543 547 723 616 ἐαυτῷ
775 549 1118 619 περιπίπτει.
1157 547 1222 601 Ei
1279 548 1376 617 μὲν
1406 547 1516 615 γὰρ
1551 548 1607 598 ὲν
1663 547 1777 606 τοῖς
1811 548 1977 614 ἱεροῖς

2095 560 2374 600 νοοιιιιειιηι
2406 556 2507 611 εει,
2538 561 2772 616 quorum
2820 547 2978 601 (idem
3029 547 3240 602 irritam
3273 547 3399 613 feci,
3449 565 3547 618 per
3575 565 3640 606 ea

411 642 502 694 τὸν
527 638 690 707 ὅρκον
725 638 1070 704 εὐαγγελίοις
1107 647 1201 694 ut
1236 640 1360 700 ταῖς
1423 635 1748 704 σεδασμίαις
1803 635 1977 687 εἰκόσι

2100 635 2456 704 usjurandum
2507 652 2536 688 a
2586 651 2674 691 me
2719 636 2903 706 exigi:
2935 636 3094 692 facile
3128 638 3399 707 siquidem
3447 649 3639 694 contra

411 729 655 790 κελεύεις
684 729 872 780 πιστὸν
901 731 1093 792 ποιεῖν,
1123 729 1274 797 αὑτῴ
1301 727 1480 797 τούτῳ
1541 729 1670 797 περὶ
1719 727 1810 778 τὸν
1845 726 1980 780 Θεὸν

415 821 630 883 πιστὸν,
661 820 754 874 καὶ
778 822 872 872 τὸν
905 819 1146 889 Χριστὸν
1197 819 1579 883 ἀποδεικνύεις
1627 820 1980 888 ἐνδεδυμένον

415 911 538 980 εμέ.
575 909 641 963 Εἰ
669 907 714 960 δ’
742 907 888 977 ἄλλῳ
911 909 1016 960 τινὶ
1052 908 1356 977 σεϐάσματι
1383 911 1674 979 προσέχειν
1702 911 1804 978 ἐμὲ
1829 909 1982 978 νομί-

415 1000 550 1066 ζεις,
581 1000 690 1053 τῶν
720 999 997 1069 ἀνονήτων
1031 999 1132 1052 καὶ
1160 999 1451 1068 περιττῶν,
1484 993 1560 1052 ὧν
1593 1001 1832 1070 ἡθέτησα
1883 1000 1981 1069 τὴν

416 1096 621 1157 πῖστιν,
678 1089 834 1142 ταῦτ’
874 1092 955 1151 εἰς
1013 1089 1177 1160 ὅρκον
1230 1088 1350 1157 ἐμοὶ
1391 1089 1754 1158 προϐάλλεινο
1787 1089 1984 1159 ῥᾳδίως

416 1185 525 1254 γὰρ
557 1181 623 1235 ἂν
677 1179 1098 1249 καταψεύσομαι
1131 1177 1241 1230 τῶν
1297 1180 1374 1248 μὴ
1411 1179 1760 1248 τιμωμένων.
1801 1180 1892 1230 Διὸ
1917 1178 1980 1248 δή

419 1292 511 1327 σου
544 1275 762 1342 δέομαι,
798 1271 1045 1341 βασιλεῦ,
1081 1270 1158 1339 μὴ
1193 1271 1323 1339 περὶ
1354 1270 1462 1322 τῶν
1494 1270 1752 1323 τοιούτων
1795 1269 1984 1338 λόγους

418 1369 625 1420 κινεῐνο
657 1365 844 1434 χάριτι
879 1363 988 1432 γὰρ
1049 1360 1286 1432 Χριστοῦ
1332 1361 1430 1416 καὶ
1487 1361 1813 1430 Χριστιανός
1869 1361 1986 1430 εἰμι

418 1459 514 1513 καὶ
565 1458 673 1510 τῶν
733 1455 1036 1525 ὀρθοδὸξων
1066 1469 1080 1484 ’
1118 1453 1261 1506 κατὰ
1321 1452 1416 1505 σοῦ
1477 1453 1534 1505 δὲ
1591 1453 1728 1520 μήτε
1788 1452 1986 1520 δρᾶσαι

423 1550 559 1618 μήτε
585 1544 984 1616 βουλεύσασθαί
1035 1561 1088 1596 τι
1127 1544 1320 1606 κακὸν,
1356 1542 1451 1596 καὶ
1501 1542 1598 1594 νῦν
1653 1544 1751 1612 μὲν
1781 1541 1986 1612 ὄμνυμι

421 1641 512 1693 τὸν
544 1637 772 1704 οὐρανοῦ
829 1638 924 1689 καὶ¹
957 1636 1060 1703 γῆς
1113 1634 1369 1703 ποιητὴν,
1427 1633 1504 1694 ὡς
1557 1632 1682 1686 οὐτε
1719 1634 1988 1702 πρότερον

421 1717 839 1797 είς-λογισμοὺς
870 1727 1120 1797 ὑπήχθην
1153 1725 1447 1790 τοιούτους,
1478 1723 1590 1776 οὐτ’
1639 1726 1695 1776 ἑν
1723 1723 1802 1793 τῷ
1862 1722 1988 1793 μέλ-

2080 724 2171 777 illa
2195 726 2449 790 mentiar,
2477 742 2598 795 qua:
2625 727 2804 782 colere
2833 728 2989 782 desii.
3015 729 3280 794 Quocirca
3307 738 3360 784 te
3391 741 3637 801 rogatum

2079 818 2224 884 volo,
2258 819 2576 887 imperator,
2611 836 2680 874 ne
2708 820 2839 890 quid
2873 836 3039 890 super
3068 822 3172 876 hoc
3201 823 3418 892 negotio
3447 825 3644 878 verbo-

2081 923 2202 961 rum
2234 909 2434 976 facias;
2478 911 2650 981 gratia
2691 912 2838 966 enim
2877 912 3080 968 Christi
3110 924 3167 966 et
3195 913 3558 977 Christianus,
3589 925 3645 968 et

2082 999 2420 1054 orthodoxus
2445 1015 2586 1055 sum.
2618 1002 2897 1058 Adversus
2928 1013 2980 1057 te
3007 1014 3187 1057 autem
3228 1004 3366 1058 nihil
3407 1005 3534 1058 mali
3563 1005 3643 1058 vel

2083 1090 2364 1158 designavi
2395 1091 2478 1146 vel
2511 1093 2779 1162 cogitavi;
2809 1103 2864 1148 et
2890 1109 3037 1148 nunc
3070 1095 3194 1150 οωιὶ
3224 1105 3490 1165 terraeque
3517 1112 3648 1151 con-

2083 1178 2319 1232 ditorem
2355 1180 2500 1233 ultro
2527 1190 2716 1247 testor,
2750 1197 2835 1236 me
2865 1199 3042 1253 neque
3069 1185 3303 1238 antehac
3338 1185 3647 1240 istiusmodi

2087 1269 2314 1325 consilia
2349 1271 2582 1331 coxisse.
2628 1287 2804 1342 neque
2851 1273 2919 1328 de
2964 1284 3161 1330 caetero
3204 1276 3514 1346 improbum
3544 1277 3648 1332 ali-

2085 1360 2217 1430 quid
2251 1361 2306 1415 in
2344 1372 2395 1416 te
2441 1363 2913 1427 machinaturum;
2961 1366 3069 1421 tuis
3106 1382 3235 1420 vero
3257 1369 3424 1437 jussis
3454 1384 3651 1436 parcns

2088 1452 2502 1520 denuojurabo.
2539 1454 2677 1520 Jam,
2703 1456 2850 1524 quod
2877 1455 2959 1510 vis
2989 1465 3048 1509 ut
3075 1457 3357 1526 adjutores
3385 1467 3441 1512 et
3473 1459 3653 1513 socios

2091 1542 2188 1596 tibi
2221 1558 2372 1598 meos
2404 1545 2660 1611 indicem,
2688 1546 2821 1601 illud
2863 1547 3006 1610 dico,
3037 1557 3088 1601 te
3129 1547 3331 1617 potius,
3368 1565 3530 1617 quam
3567 1566 3653 1604 me

2088 1633 2231 1691 scire
2274 1649 2433 1702 posse
2477 1637 2666 1703 quales
2713 1645 3141 1693 consentaneum
3173 1639 3244 1693 sit
3272 1654 3413 1702 esse,
3443 1640 3536 1708 qui
3567 1655 3654 1693 me

2091 1736 2413 1793 sequuntur.
2445 1726 2581 1781 Cum
2609 1727 2755 1782 enim
2791 1729 3036 1796 pecunia:
3059 1729 3323 1784 facienda:
3349 1731 3652 1784 ratio-nulla

418 1824 564 1875 λοντι
598 1823 764 1882 κακὸς
789 1819 1025 1888 ὀφθῆναι
1056 1817 1318 1887 βούλομαι
1350 1816 1477 1885 περὶ
1509 1816 1568 1867 σέ
1593 1831 1610 1848 ο
1650 1814 1742 1866 σὺν
1774 1815 1819 1867 δ’
1855 1815 1980 1866 ἐπί-

2095 1815 2424 1884 suppeditet,
2456 1831 2560 1886 qua
2586 1817 2816 1872 forsitan
2852 1820 3117 1888 quosdam
3152 1836 3260 1874 non
3295 1820 3492 1874 infimae
3523 1836 3654 1875 ccu-

419 1929 609 1982 ταγμα
642 1909 957 1980 ἐκπληρῶν,
1016 1907 1114 1961 καὶ
1145 1903 1305 1969 αὖθις
1341 1905 1608 1974 ὀμοῦμαι.
1645 1905 1778 1974 Περὶ
1805 1903 1862 1956 δὲ
1894 1902 1988 1955 τοῦ

423 2002 762 2072 καταδήλους
791 2000 914 2062 coit;
948 2000 1077 2067 ἐμοὶ
1113 1997 1369 2058 συνόντας
1411 1997 1507 2050 καὶ
1535 1995 1709 2048 ταύτὰ
1731 1993 1992 2063 βουλομέ-

419 2112 546 2157 νους
564 2111 648 2146 σοι
674 2092 885 2158 θέσθαι,
911 2091 1090 2144 ἐκεῖνο
1108 2088 1275 2156 λέγω,
1291 2088 1366 2150 ὡς
1390 2086 1551 2150 αὐτὸς
1563 2086 1628 2140 ἂν
1644 2085 1841 2154 εἰδείης
1855 2085 1992 2154 μᾶλ-

418 2185 512 2236 λον
560 2180 719 2251 ἐμοῦ,
752 2178 970 2241 ὁποίους
987 2178 1137 2241 τινὰς
1159 2177 1307 2239 είκὺς
1340 2171 1630 2238 εἶναιτοὺς
1661 2172 1994 2243 προσκειμέ-

420 2291 545 2336 νους
563 2274 707 2343 ὲμοὶ.
727 2273 903 2325 Ὅπου
929 2272 1039 2341 γὰρ
1068 2270 1369 2341 χρημάτων
1393 2269 1492 2339 μέν
1515 2285 1604 2338 μοι
1629 2269 1795 2338 πόρος
1816 2266 1993 2330 οὐδεὶς

423 2361 509 2429 οἷς
549 2367 616 2418 ἂν
647 2364 776 2426 ἴσως
813 2362 1070 2431 πείσαιμι
1118 2360 1229 2412 τῶν
1284 2358 1453 2424 ἀξίων
1485 2375 1578 2428 μοι
1633 2358 1795 2424 λόγου
1842 2355 1994 2417 τινὰς

425 2456 738 2526 προσέχειν,
768 2452 1082 2524 παρρησίας
1107 2468 1169 2504 τε
1194 2450 1328 2520 πρὸς
1362 2451 1422 2503 σὲ
1456 2450 1707 2516 μέτεστιν
1733 2447 1992 2517 οὐδεμιᾶς

422 2547 493 2599 δι’
514 2541 581 2618 ἦς
607 2544 910 2616 εὐεργετῶν
945 2543 1166 2612 ἐμαυτῷ
1190 2543 1466 2610 κτήσομαι
1494 2540 1684 2609 φίλους
1706 2538 1860 2601 τινὰς
1887 2538 1996 2591 τῶν

422 2638 692 2707 δεομένων
729 2635 1024 2704 ὡφελείας,
1054 2634 1294 2703 συνορᾷν
1326 2633 1474 2684 ἔστιν
1501 2635 1566 2684 ὲκ
1595 2631 1704 2683 τῶν
1731 2630 1994 2701 πραγμά-

423 2748 537 2783 των
563 2729 642 2797 τῴ
680 2727 990 2798 βουλομένῳ
1043 2727 1210 2778 παντὶ
1236 2725 1365 2786 τοὺς
1419 2722 1815 2793 ἡθροισμένους
1869 2724 1996 2790 περὶ

425 2821 552 2889 ἐμέ.
589 2821 651 2872 Εἰ
681 2819 727 2871 δ’
751 2818 862 2888 ἄρα
889 2817 983 2870 καί
1028 2831 1171 2878 τινες
1199 2809 1310 2867 εῐεν
1339 2814 1597 2875 εὐνοϊκῶς
1643 2815 1766 2882 ἐμοὶ
1792 2812 1996 2864 διακεί-

431 2928 605 2981 μενοι,
636 2910 738 2963 οὐκ
759 2910 1064 2979 ὀφείλοντες
1091 2907 1190 2978 τὴν
1222 2905 1457 2970 εὔνοιαν,
1487 2905 1623 2958 ἀλλὰ
1661 2903 1863 2975 μᾶλλον
1903 2903 1998 2973 χά·-

434 3017 581 3069 ριτος
625 2999 996 3070 κατάρχοντες
1030 2999 1205 3051 εἰσιν·
1255 2990 1332 3049 ὧν
1355 2995 1496 3048 οὑτω
1527 2994 1819 3064 βελτίστων
1869 2995 1997 3064 περὶ

431 3090 533 3160 ἐμὲ
563 3092 764 3159 προῖκα
795 3086 1199 3157 γεγενημένων,
1227 3086 1326 3138 οὑκ
1351 3085 1418 3138 ἂν
1450 3083 1648 3182 ὲλλίπη
1689 3083 1996 3182 μοχθηρίας
2023 3125 2066 3182 c

435 3182 743 3252 ὑπερϐολὴν
772 3180 832 3232 τὸ
862 3181 1123 3234 κάκιστον
1147 3177 1311 3232 αὑτὸν
1359 3177 1452 3229 καὶ
1473 3175 1738 3245 προδότην
1765 3175 1997 3244 ὀφθῆναι

433 3275 567 3342 περὶ
596 3270 815 3332 αὐτούς.
836 3271 1031 3325 Καίτοι
1052 3270 1223 3336 γεκαὶ
1251 3267 1402 3320 αὐτοὶ⁵
1425 3267 1576 3320 οὐδὲν
1605 3264 1734 3320 ἄλλο
1759 3282 1848 3334 μοι
1865 3281 2002 3336 προ-

435 3365 639 3424 σιόντες
675 3361 884 3414 πείθειν
927 3359 1320 3430 ἐπιχειροῦσιν,
1371 3358 1405 3428 ἢ
1435 3357 1520 3410 σοὶ⁵
1551 3357 1628 3428 τῷ
1668 3355 1877 3426 βασιλεῖ
1905 3357 2001 3409 καὶ

436 3456 606 3524 πατρὶ
623 3453 845 3521 ὑπέχειν
866 3452 1102 3520 ἐμαυτὸν
1125 3447 1601 3502 καὶδιαταδουλοῦν
1619 3447 1712 3500 καὶ
1737 3448 1810 3518 μὴ
1833 3447 2006 3516 παρέ-

435 3564 551 3618 χειν
579 3547 756 3607 αίτίας
783 3543 911 3596 ὥστ’
930 3541 1155 3613 ἐμαυτῷ
1175 3541 1273 3612 τὴν
1299 3541 1397 3610 σὴν
1417 3539 1761 3610 γαληνότητα
1786 3540 2003 3611 ἐξοργί-

437 3639 574 3702 ζειν,
609 3636 773 3708 Ἐμοῦ
790 3635 834 3689 δ’
861 3634 1273 3704 ἰσχυριζομένου
1302 3630 1546 3684 τοιοῦτον
1582 3629 1808 3700 ἐμαυτῷ
1829 3647 2005 3682 συνει-

435 3731 586 3784 δέναι
615 3729 806 3798 μηδὲν,
835 3731 927 3780 καὶ
954 3725 1288 3788 πολλοὺςείς
1317 3723 1615 3790 ἀπολογίαν
1663 3723 2004 3790 συνείροντος

440 3820 656 3888 λόγους,
685 3818 839 3885 οὐδέν
868 3818 1050 3879 αὐτοῖς
1081 3818 1159 3877 εἰς
1188 3812 1361 3868 πειθὼ
1382 3811 1661 3884 νομίζεται
1683 3812 2002 3881 ἀξιόχρεων,

439 3915 583 3980 ὅπερ
611 3911 758 3964 ἐστὶν
783 3909 925 3971 εἰκὸς
957 3907 1352 3977 λογιζομένοις,
1412 3906 1487 3970 ὡς
1516 3907 1617 3958 οὑκ
1662 3905 1728 3958 ἂν
1760 3905 1931 3968 οὕτως
1970 3906 2008 3976 ἡ

445 4004 608 4073 φύσις
634 4001 772 4071 πρὸς
823 4001 1025 4069 ἑαυτὴν
1070 3995 1485 4066 ὲκπολεμωθείη
1549 3996 1625 4066 μὴ
1657 3996 1766 4048 τῶν
1815 3996 2007 4049 αἰτίων

440 4094 608 4148 ὅντων
659 4089 956 4160 ὑπερφυῶν
983 4106 997 4118 ·
1025 4089 1145 4141 οὐδὲ
1209 4088 1318 4156 γὰρ
1356 4088 1479 4140 οὐδὲ
1541 4087 1650 4140 τῶν
1680 4085 1886 4155 θηρίων
1938 4086 2008 4139 τὰ

442 4180 805 4254 χαλεπώτατα
834 4181 946 4242 τοῖς
987 4180 1203 4241 τέκνοις
1244 4177 1652 4230 ἐπεϐούλευσαν
1711 4193 1844 4230 ποτε
1893 4178 2006 4240 τοῖς

449 4273 626 4336 ίδίοις.
656 4271 720 4324 Εἰ
745 4270 801 4324 δέ
825 4287 968 4333 τινες
1003 4270 1062 4321 ὲν
1101 4270 1287 4331 αὐτοῖς
1320 4265 1430 4321 εἷεν
1474 4268 1570 4321 καὶ
1616 4268 1692 4338 μὴ
1753 4265 2006 4336 τοιοῦτοι,

454 4364 601 4418 οὑτω
627 4363 808 4424 δοκεῖς
853 4361 957 4430 ἐμὲ
987 4359 1156 4413 κακὸν
1205 4360 1300 4413 καὶ
1347 4359 1640 4429 ἀγνώμονα
1690 4353 1831 4413 εἶναι
1877 4362 2008 4431 περὶ

2090 1905 2317 1962 ditionis
2367 1907 2433 1961 ad
2482 1923 2633 1963 meas
2687 1910 3222 1978 partes‘allicerem,
3275 1911 3526 1967 libertate
3559 1913 3674 1965 au:

2093 2006 2200 2052 tem
2233 1999 2376 2067 apud
2416 2007 2467 2052 te
2499 1999 2650 2053 nulla
2695 2002 2772 2055 uti
2804 2000 2984 2066 liccat,
3023 2017 3132 2071 quo
3162 2017 3266 2071 ope
3295 2003 3472 2057 aliena
3517 2002 3657 2057 indi-

2091 2089 2348 2157 gentibus
2397 2089 2768 2155 benefaciens,
2819 2092 3026 2146 amicos
3060 2108 3396 2162 comparem,
3445 2094 3656 2148 discere

2095 2178 2242 2244 hinc,
2270 2180 2449 2247 quivis
2477 2189 2672 2248 potest,
2702 2183 2745 2234 si
2774 2184 2909 2245 vult,
2940 2183 3130 2250 quales
3153 2198 3213 2238 se
3242 2184 3308 2236 ad
3339 2184 3656 2239 societatem

2094 2288 2270 2327 meam
2290 2276 2716 2343 aggregaverint.
2745 2273 2901 2340 Quod
2924 2275 2969 2330 si
2995 2275 3136 2330 forte
3160 2277 3412 2331 nonnulli
3437 2293 3522 2331 me
3547 2293 3658 2330 non

2094 2363 2350 2428 oderunt,
2381 2374 2436 2416 at
2478 2365 2532 2417 in
2557 2377 2624 2417 eo
2657 2379 2770 2417 non
2807 2363 2887 2418 illi
2921 2364 3168 2418 debitum
3197 2381 3297 2433 pro
3323 2366 3494 2436 gratia
3518 2382 3660 2436 pra:-

2095 2461 2264 2517 stant,
2301 2453 2398 2508 sed
2437 2454 2611 2524 gratia
2655 2468 2743 2509 me
2785 2463 3137 2510 antevortunt
3167 2473 3182 2512 ;
3212 2457 3304 2524 qui
3337 2473 3461 2512 cum
3508 2459 3658 2514 nulla

2095 2554 2403 2612 exspectata
2455 2543 2705 2598 mercede
2744 2545 2850 2600 mei
2881 2546 2990 2600 sint
3031 2561 3194 2616 quam
3237 2547 3656 2612 studiosissimi,

2096 2633 2232 2686 nihil
2264 2642 2450 2701 posset
2480 2632 2597 2688 fieri
2632 2635 2940 2701 scelestius,
2974 2637 3021 2690 si
3065 2653 3166 2706 ego
3212 2637 3270 2692 in
3315 2628 3438 2694 illas
3471 2653 3661 2695 contra
3731 2697 3742 2704 Δ

2097 2720 2498 2790 ingratissimus
2549 2738 2614 2776 ac
2653 2725 2903 2792 proditor
2950 2727 3290 2781 exsisterem.
3341 2728 3662 2798 Quanquam

2097 2821 2152 2865 et
2185 2812 2287 2880 ipsi
2338 2828 2424 2866 me
2470 2813 2755 2880 adeuntes,
2807 2830 2915 2869 non
2961 2817 3109 2870 aliud
3157 2819 3292 2872 mihi
3334 2820 3664 2888 persuadere

2098 2903 2372 2968 nituntur,
2406 2919 2570 2973 quam
2600 2913 2660 2959 ut
2689 2905 2788 2960 tibi
2833 2908 3173 2976 imperatori,
3205 2924 3270 2964 ac
3300 2910 3514 2979 parenti
3543 2925 3666 2964 meo

2098 2993 2246 3048 dicto
2276 2995 2377 3048 sim
2410 2996 2656 3060 audiens,
2693 2997 2901 3066 tibique
2942 3000 3199 3062 serviam,
3231 3002 3548 3056 occasiones
3577 3001 3664 3055 fu-

2099 3082 2264 3152 giam,
2296 3085 2497 3154 quibus
2526 3087 2792 3141 serenitas
2839 3096 2930 3141 tua
2987 3087 3277 3144 adversum
3326 3105 3413 3146 me
3459 3090 3666 3145 turbari

2101 3182 2158 3227 et
2203 3174 2406 3228 irritari
2439 3185 2620 3244 queat.
2653 3177 2790 3230 Dum
2841 3187 3024 3232 autem
3071 3187 3388 3234 constanter
3434 3180 3665 3242 allirmo,

2102 3266 2240 3321 nihil
2274 3267 2586 3338 hujusmodi
2633 3267 2880 3321 conscire
2933 3269 3096 3332 mihi,
3133 3269 3408 3340 verbaque
3457 3272 3522 3326 ad
3571 3272 3670 3327 de-

2102 3359 2404 3415 fensionem
2441 3375 2656 3425 acervo,
2693 3360 2839 3414 haud
2891 3360 2998 3414 illis
3043 3360 3339 3430 quidquam
3388 3365 3454 3416 ad
3507 3363 3666 3418 fidem

2104 3452 2236 3506 satis
2259 3450 2481 3504 videtur
2508 3467 2522 3504 :
2551 3450 2910 3519 probabiliter
2938 3451 3414 3517 ratiocinantibus,
3442 3468 3550 3507 non
3577 3470 3674 3523 po-

2108 3544 2277 3598 tuisse
2308 3550 2554 3596 naturam
2591 3550 2798 3596 tantam
2835 3543 2889 3596 in
2931 3543 3280 3612 semetipsam
3312 3545 3670 3600 hostilitatcm

2106 3633 2354 3701 induere,
2383 3633 2488 3688 nisi
2535 3649 2713 3688 causa:
2747 3634 2997 3698 fuissent,
3042 3644 3098 3689 ct
3126 3637 3344 3704 quidem
3379 3639 3534 3703 tales,
3563 3637 3676 3709 49

2106 3740 2226 3794 quae
2252 3724 2398 3794 ipsas
2422 3735 2630 3780 natura!
2659 3734 2831 3780 metas
2855 3727 3184 3780 excederent
3212 3743 3225 3779 :
3248 3729 3675 3798 quando-neque

2109 3816 2588 3872 truculentissimaa
2630 3816 2868 3872 ferarum
2916 3817 2971 3871 in
3021 3818 3231 3873 catulos
3262 3834 3395 3874 suos
3427 3821 3536 3889 (i6)
3571 3837 3675 3874 un-

2105 3923 2268 3978 quam
2305 3922 2424 3962 sese
2483 3906 2776 3962 insidiosas
2812 3922 2878 3961 ac
2909 3907 3174 3976 malignas
3209 3908 3577 3976 praebuerunt.
3609 3910 3678 3963 Et

2106 4011 2168 4054 ut
2214 3999 2385 4068 aliqui
2420 3999 2564 4053 inter
2591 4013 2686 4052 eos
2734 4005 2842 4051 tam
2880 3998 3100 4052 solliciti
3148 4012 3258 4050 non
3306 3999 3436 4062 sint,
3473 4014 3541 4052 an
3590 4016 3678 4054 me

2105 4091 2243 4146 adeo
2275 4105 2510 4160 nequam
2542 4089 2599 4142 in
2627 4089 2854 4154 amicos,
2883 4099 2940 4142 et
2968 4088 3132 4142 ofﬁcii
3167 4087 3542 4144 immemorem
3576 4107 3677 4160 pu-

2107 4192 2210 4247 tas,
2257 4191 2321 4234 ut
2362 4195 2554 4235 eorum
2597 4179 2922 4234 charitatem
2958 4177 3266 4247 proditione
3321 4195 3678 4235 remunerare

2107 4273 2308 4329 velim?
2337 4271 2454 4327 Oh!
2503 4271 2852 4340 neutiquam;
2900 4271 3064 4325 citius
3113 4285 3224 4324 non
3272 4285 3372 4340 pro
3419 4271 3716 4327 omnibus

2109 4362 2273 4417 modo
2307 4361 2488 4427 simul,
2535 4361 2630 4415 sed
2676 4375 2776 4429 pro
2808 4360 3038 4430 singulis
3082 4353 3250 4416 etiam
3299 4370 3463 4430 caput
3497 4378 3678 4417 meum
3711 4377 3715 4392 ί

443 4455 570 4518 τοὺς
604 4452 817 4523 φίλους,
851 4450 993 4504 ὥστε
1007 4452 1106 4520 τῆς
1133 4453 1214 4513 εἰς
1250 4451 1348 4520 ἐμὲ
1373 4451 1554 4518 φιλίας
1582 4452 1876 4522 προδοσίαν
1907 4468 1996 4506 πα-

2115 4453 2386 4509 devovere
2412 4468 2520 4508 non
2558 4451 2838 4518 dubitabo,
2869 4467 3032 4521 quam
3065 4462 3124 4507 ut
3163 4453 3284 4523 ejus
3309 4455 3563 4508 servandi
3597 4459 3679 4510 vel

447 4547 672 4618 ρασχεῖν
693 4542 1043 4613 ἀντιμισθίαν
1065 4558 1082 4607 ;
1106 4542 1220 4595 Οὐκ
1245 4541 1393 4595 ἐστιν
1415 4541 1667 4613 οὐδαμῶς
1693 4560 1706 4574 ·
1739 4545 1871 4614 ῥᾷον
1900 4543 1996 4612 γὰρ

2117 4546 2237 4601 leve
2268 4560 2364 4600 eos
2398 4544 2574 4614 patiar
2605 4543 2790 4598 subire
2823 4543 3253 4600 incommodum.
3301 4545 3566 4601 Praeterea
3612 4549 3680 4602 de

443 4637 511 4698 ἂν
560 4635 743 4701 αὐτὸς,
803 4635 900 4705 οὑχ
929 4635 1075 4705 ὑπὲρ
1127 4634 1350 4690 πάντων
1407 4635 1570 4705 ὁμοῦ,
1600 4633 1736 4689 ἀλλὰ
1767 4638 1861 4688 καὶ
1892 4638 1996 4700 ἐνὸς

2121 4640 2247 4710 fuga
2291 4653 2403 4693 non
2449 4635 2794 4706 suscipienda
2837 4635 3191 4707 jurisjurandi
3241 4637 3682 4694 testificationem

445 4728 628 4784 αὐτῶν
675 4729 776 4797 τὴν
808 4729 948 4797 ὲμὴν
1003 4727 1320 4796 προήσομαι
1383 4726 1686 4796 σωτηρίαν,
1739 4728 1773 4796 ἢ
1807 4728 1996 4797 ταύτηε

2119 4733 2256 4786 mihi
2289 4732 2568 4800 imperasti
2595 4747 2607 4781 :
2631 4729 2736 4783 Per
2762 4728 3146 4784 universorum
3174 4728 3342 4799 igitur
3366 4730 3679 4796 Dominum,

449 4821 905 4892 περιποιούμενος
935 4820 1180 4882 ἐκείνους
1211 4817 1454 4890 ἐθελήσω
1499 4821 1596 4873 καὶ
1632 4823 1847 4891 μικροῖς
1901 4839 1990 4874 τισ

2119 4833 2176 4878 et
2203 4824 2504 4893 principem
2534 4823 2704 4877 Deum
2731 4823 2856 4892 juro
2892 4822 3012 4887 tibi,
3050 4823 3096 4876 si
3140 4830 3192 4877 te
3241 4823 3542 4894 quidquam
3577 4826 3685 4880 ini-

452 4913 854 4981 προσομιλῆσαι
910 4911 1124 4973 κακοῖς.
1184 4909 1303 4962 Ἔτι
1337 4910 1472 4978 πρὸς
1521 4910 1754 4976 τούτοις,
1784 4913 1877 4965 καὶ
1925 4913 1996 4981 ὄρ·

2123 4917 2319 4972 micius
2369 4927 2565 4973 contra
2613 4931 2700 4970 me
2751 4916 3064 4971 molientem
3113 4931 3452 4988 cognovero,
3500 4919 3682 4974 nervi:

450 5022 568 5068 κοις
596 5004 870 5069 ἐπέταξας
897 5002 958 5056 τὸ
987 5002 1064 5073 μὴ
1114 5002 1344 5073 δρασμῷ
1372 5003 1684 5074 χρήσασθαι
1718 5007 1995 5075 ἀσφαλίσα

2123 5009 2401 5074 omnibus,
2426 5019 2480 5064 ct
2512 5017 2651 5072 toto,
2686 5007 2834 5077 quod
2866 5009 3040 5075 aiunt,
3072 5008 3212 5078 pede
3249 5010 3452 5080 fugiam
3489 5011 3623 5080 (l7).

1684 5223 1691 5228 .
1719 5175 1934 5236 Jacobi
1959 5177 2223 5240 Pontani
2267 5186 2453 5238 notas.

526 5321 860 5396 (16;_Omne
901 5319 1103 5396 animal
1135 5317 1321 5396 diligit
1362 5315 1466 5372 sibi
1506 5316 1726 5396 s_iu_iile,_
1757 5326 1814 5370 et
1859 5318 2013 5372 canis
2115 5319 2304 5372 liberos
2334 5328 2537 5396 nostros
2564 5315 2986 5396 esse_debemus?
3012 5313 3528 5396 ATruculentissimag
3555 5313 3685 5385 (era:

446 5384 594 5459 cani,
631 5384 750 5450 bos
795 5392 949 5454 bovi,
1004 5389 1198 5444 asinus
1239 5384 1402 5443 asino
1445 5385 1859 5459 pulcherrimus
1900 5398 2005 5441 est.
2113 5397 2243 5459 sunt
2276 5403 2418 5459 ursae
2447 5389 2591 5459 (qua?
2622 5387 2822 5459 mirum
2855 5394 3130 5456 quantum
3153 5386 3329 5454 raptis
3357 5384 3558 5438 catulis
3582 5399 3685 5438 sa:-

449 5468 554 5522 Sed
580 5455 840 5518 'niaxime
890 5459 1326 5528 unumquodque
1369 5455 1595 5528 animal,
1641 5459 2011 5528 quamtumvis
2116 5456 2292 5528 viunt)
2321 5455 2523 5528 lgaanae,
2548 5457 2738 5528 tigres,
2773 5455 2934 5524 lupae.

453 5475 554 5522 Sed
603 5477 840 5518 maxune
890 5475 1060 5515 unum
1106 5475 1326 5528 uouque
1369 5475 1595 5516 animat,
1641 5475 2011 5524 qualntumvis
2116 5475 2292 5522 νιιιιιι)
2321 5475 2523 5518 ιεεειιω,
2552 5475 2738 5526 tigres,
2775 5475 2934 5524 lupae.

453 5550 712 5597 immane,
746 5547 810 5587 ac
835 5532 1038 5595 ferum,
1067 5475 1248 5599 diligit
1278 5527 1493 5605 catulos
1520 5537 1768 5605 suos."ut
1811 5542 1910 5594 pro
1945 5525 2013 5580 iis
2187 5526 2299 5594 (l7)
2339 5525 2696 5605 Proverbium
2723 5533 2828 5605 est,
2871 5525 3051 5584 omni.
3080 5527 3197 5580 sive
3229 5536 3344 5605 toto
3389 5522 3683 5605 ped9.n|_)ro

451 5609 616 5660 etiam
661 5591 1033 5673 propugnet,_'
1059 5591 1270 5673 tantum
1313 5597 1509 5673 abest,
1534 5605 1621 5673 _ut
1682 5595 1750 5648 iis
1796 5591 2016 5673 noceat:
2116 5591 2364 5673 ecquod
2402 5602 2509 5661 est,
2541 5610 2750 5650 summa
2781 5597 2831 5648 vi
2864 5609 3193 5665 summoque
3233 5591 3512 5649 nisuIAdi
3547 5591 3683 5648 Chi-

451 5663 779 5743 Apposiium'
827 5663 915 5726 Est
966 5669 1100 5743 illud
1151 5667 1471 5731 Ciceronis,
1524 5664 1626 5743 De_
1656 5673 1796 5743 ornt.
1847 5663 2017 5719 1|:Si
2115 5663 2290 5718 liadas

452 5735 579 5814 [erit
617 5751 801 5814 partus
835 5756 956 5794 suos
987 5738 1236 5807 diligunt,
1287 5755 1394 5808 qua
1438 5752 1531 5791 nos
1578 5735 1849 5791 charitate
1889 5751 2013 5804 erga

731 5837 1003 5896 Ps'rnoc.
1047 5833 1166 5928 Gn.
1211 5831 1415 5894 CLlll.

3287 5825 3328 5886 5
