4106 6292
484 316 586 382 139

1648 319 1971 381 JOANNIS
2008 321 2543 383 CANTACUZENI

3628 321 3733 387 “0

476 432 636 490 σθαι·
672 429 878 502 ὄμνυμι
912 433 976 502 δή
1018 448 1101 495 σοι
1122 430 1212 486 τὸν
1242 430 1497 501 ἁπάντων
1535 429 1725 499 κύριον
1752 432 1848 483 καὶ
1881 430 2107 501 βασιλέα
2147 432 2302 497 Θεὸν,
2324 432 2399 495 ὡς
2423 435 2489 488 ἄν
2518 451 2569 486 τι
2605 436 2842 507 φωράσω
2871 435 2999 506 περὶ
3033 435 3134 507 ἐμὲ
3159 435 3549 510 βουλευόμενον
3607 438 3730 493 κίν.

443 521 633 591 “δυνρν
662 522 948 591 ἀπειλοῦν,
978 522 1128 594 πάσῃ
1151 522 1379 592 δυνάμει
1413 522 1526 575 ικαὶ
1552 520 1661 590 ὅλῳ
1695 519 1817 573 ποδὶ⁵
1850 521 2131 591 χρήσομαι
2163 524 2297 592 πρὸς
2321 525 2521 593 φυγήν.

1888 632 2115 689 CAPUT
2153 633 2296 687 XVI.

465 734 740 794 Invenitur
766 738 823 790 in
853 741 1093 805 nepotem
1135 749 1293 805 senex
1322 750 1440 786 cum
1480 734 1654 787 minis.
1696 731 1871 805 Nepos
1901 731 2111 783 veniam

446 812 455 817 ”
535 806 893 866 exosculatur,
919 801 989 857 ἐι
1017 804 1251 859 osculum
1286 805 1349 859 ab
1380 819 1439 857 eo
1478 805 1687 871 recipit.
1736 801 1891 855 Ficta
1934 801 2135 852 reconci

2142 730 2275 851 ﬂeti}
2323 728 2535 812 delictis.
2569 732 2711 812 suis;
2757 729 2939 798 prdem
2968 730 3073 811 illi,
3123 746 3427 800 quanquam
3454 732 3729 814 renitentf.

2162 811 2316 851 talio.
2342 809 2389 851 ct
2424 802 2483 851 ob
2516 801 2571 851 id
2612 817 2774 851 mane
2821 803 3093 851 aautlium.
3138 801 3360 851 Marinus
3409 801 3727 851 domesticus

2162 801 2316 859 iatio,
2342 809 2389 851 ct
2424 802 2483 853 ob
2516 801 2571 853 id
2612 802 2774 853 inane
2821 801 3093 869 gaudium.
3138 801 3360 868 Magnus
3409 801 3727 865 domesticis

535 880 593 931 in
623 877 1040 947 Peloponnesum
1087 875 1164 928 ire
1193 874 1398 941 jussus,
1437 869 1673 943 nepotem
1704 882 1752 925 ct
1783 876 2224 940 protostratorem
2252 871 2499 923 certiores
2542 870 2691 937 facit.
2726 870 2800 925 De
2838 885 2899 923 ea
2932 886 2987 923 re
3017 869 3342 925 consultant.

537 994 664 1046 Haec
706 990 927 1060 juniore
961 989 1288 1052 disserente,
1335 986 1651 1057 sub‘janua
1701 982 2033 1039 domuncula

2224 979 2414 1035 Ταῦτα
2445 981 2541 1035 τοῦ
2593 981 2715 1035 νέου
2745 982 3014 1051 βασιλέως
3063 982 3378 1047 διεξιόντος,
3411 986 3439 1037 6
3476 988 3714 1056 πρεσϐύ·

465 1086 776 1141 consistens
805 1083 991 1139 senior
1019 1082 1361 1137 auscultabat
1393 1083 1598 1135 omnia.
1633 1079 1702 1134 Et
1743 1080 1807 1132 ad
1837 1087 2030 1132 cmtera

464 1174 689 1244 quidem
740 1182 947 1237 mutus,
994 1173 1089 1229 ubi
1142 1172 1281 1241 fuga:
1331 1173 1608 1226 illataest
1654 1168 1901 1233 mentio:
1933 1167 2037 1229 Tu,

466 1265 663 1334 inquit,
688 1276 816 1319 tunc
838 1273 900 1320 ut
918 1264 1128 1333 fugias?
1150 1262 1311 1331 Atqui
1346 1262 1565 1333 jamjam
1587 1260 2038 1330 comprehensus,

462 1366 518 1410 et
551 1356 786 1411 vinculis
816 1355 1152 1411 constrictus
1189 1353 1483 1413 abducere.
1516 1362 1574 1407 et
1598 1351 1664 1406 ad
1696 1351 1894 1420 captivi
1925 1351 2041 1405 for-

466 1460 652 1502 tunam
680 1446 948 1514 redigere.
973 1444 1088 1514 Ego
1112 1459 1243 1498 vero
1272 1459 1376 1499 nec
1406 1443 1580 1505 tribus
1609 1442 1806 1503 obolis,
1840 1442 1885 1495 si
1916 1426 2041 1510 pos-

463 1538 589 1601 sim,
639 1545 693 1591 te
727 1552 758 1590 e
805 1537 1072 1590 servitute
1121 1535 1441 1591 exemerim.
1499 1532 1709 1588 Dehinc
1756 1532 2038 1600 paululum

464 1641 788 1695 progressus
834 1625 1134 1689 :Cernitis,
1169 1625 1347 1694 inquit
1374 1623 1442 1679 ad
1484 1632 1800 1692 przesentes,
1842 1637 2040 1699 quein-

462 1716 759 1773 admodum
803 1719 906 1773 iste
958 1716 1142 1772 verbis
1185 1714 1321 1772 meis
1367 1714 1528 1770 (idem
1582 1713 1859 1779 conciliet,
1894 1728 2036 1768 con-

465 1818 649 1863 tumax
699 1808 974 1871 videlicet,
1020 1822 1082 1863 se
1129 1805 1413 1877 magniﬁce
1461 1804 1929 1873 circumspiciens.
1984 1812 2041 1859 et

465 1898 759 1954 immodice
809 1896 1111 1966 arrogans?
1154 1895 1299 1965 quod
1354 1910 1421 1951 ex
1471 1894 1648 1964 reipsa
1709 1893 1868 1949 vobis
1905 1893 2040 1949 licet

464 1992 696 2047 discere.
728 1990 963 2061 Subjicit
984 1989 1209 2060 junior:
1239 1987 1504 2057 Equidem
1533 2001 1717 2057 neque
1745 1995 2039 2041 contumax

461 2099 606 2148 sum,
632 2099 812 2153 neque
839 2082 1090 2137 mihimet
1122 2088 1405 2150 tantopere
1437 2079 1639 2149 plaudo
1669 2098 1682 2133 :
1711 2078 1807 2132 sed
1851 2079 2037 2132 multi-

465 2177 639 2231 tudini
673 2188 1025 2244 peccatorum
1059 2189 1305 2229 meorum
1336 2181 1621 2242 acceptum
1660 2171 1858 2235 refero,
1886 2171 2033 2240 quod

465 2254 587 2323 talis
622 2267 721 2322 tibi
764 2266 974 2321 videar.
1009 2266 1202 2320 Testor
1246 2264 1438 2328 Deum,
1479 2277 1643 2332 quem
1686 2261 1824 2316 nihil
1874 2262 2030 2324 latet,

465 2359 607 2427 haud
642 2374 729 2413 me
762 2359 927 2425 ullam
975 2357 1191 2427 culpam
1223 2357 1300 2411 ira
1344 2364 1435 2410 tua
1471 2366 1578 2410 tam
1612 2356 1782 2410 atroci
1814 2354 2032 2425 dignam

460 2450 880 2506 commeruisse.
912 2450 1259 2519 Quapropter
1287 2448 1585 2518 potentiam
1613 2456 1756 2501 tuam
1780 2448 2032 2512 obsecro,

463 2559 557 2599 seu
608 2543 825 2608 noxius,
876 2557 971 2597 seu
1021 2539 1278 2597 innoxius
1310 2554 1454 2597 sum.
1481 2539 1615 2593 mihi
1648 2539 1897 2608 ignoscas
1929 2537 2035 2592 :ad

463 2643 588 2687 tuos
613 2631 760 2685 enim
786 2630 955 2699 pedes
976 2629 1115 2684 mori
1141 2628 1304 2697 cupio
1329 2627 1640 2692 (insinuans
1664 2627 1767 2681 hac
1785 2627 2035 2697 ambage,

463 2721 685 2789 nonnisi
740 2729 991 2775 coactum
1019 2720 1086 2773 ab
1112 2734 1180 2774 eo
1208 2720 1596 2781 recessurum).
1629 2718 1695 2772 Et
1722 2719 1882 2773 simul
1911 2733 2034 2773 cum

464 2812 569 2866 hoc
591 2810 742 2865 dicto
770 2810 838 2864 ad
868 2819 1070 2864 terram
1096 2809 1516 2879 procumbebat,
1540 2809 1624 2863 avi
1653 2809 1845 2877 pedem
1875 2824 2036 2865 oscu-

461 2904 711 2965 Iaturus;
746 2917 910 2971 quem
940 2901 1039 2956 ille
1073 2900 1318 2954 humeris
1356 2901 1473 2971 ejus
1504 2899 1762 2955 obnitens
1795 2899 2037 2975 abstine-

464 2997 575 3057 bat,
601 3009 667 3050 ac
700 3009 833 3050 voce
880 2993 1010 3049 item
1046 2992 1398 3063 prohibebat.
1428 2992 1757 3062 tandemque
1798 2992 2035 3061 amplius

459 3088 758 3142 luctantem
808 3085 1021 3154 capillis
1054 3083 1347 3140 retinebat.
1375 3083 1512 3137 Cum
1543 3082 1710 3137 etiam
1761 3082 1863 3145 sic,
1892 3081 2031 3136 sibi-

461 3193 572 3236 met
595 3197 704 3236 non
733 3195 987 3251 parcens,
1017 3178 1125 3249 50
1153 3177 1206 3231 vi
1246 3192 1460 3232 summa
1485 3185 1756 3247 pergeret,
1784 3184 2036 3231 metuens

459 3289 616 3339 avus,
649 3288 719 3328 ne
739 3273 835 3329 illa
863 3265 1128 3326 violentia
1152 3270 1332 3325 crines
1361 3284 1390 3323 a
1419 3268 1626 3323 vertice
1656 3268 2037 3327 abstraheret]-

461 3377 570 3429 tur,
601 3374 802 3419 terram
830 3372 1040 3432 petere,
1065 3370 1122 3416 et
1144 3360 1270 3430 pedi
1292 3360 1539 3415 osculum
1575 3360 1740 3429 ﬁgere
1763 3360 2031 3429 permisit,

457 3434 885 3524 surgentemque
937 3451 1117 3522 capite
1171 3452 1622 3521 apprehendens,
1673 3451 1861 3505 oculos
1916 3451 2035 3520 ejus

457 3546 812 3600 deosculatus
863 3552 947 3599 est
998 3544 1135 3613 (18).
1170 3544 1290 3608 Quo
1337 3552 1650 3612 conspecto,
1701 3542 2031 3610 patriarcha,

2146 1088 2306 1141 τερος
2329 1072 2434 1127 ὑπὸ
2484 1074 2578 1135 τὰς
2605 1072 2780 1142 θύρας
2813 1074 3103 1143 ἱστάμενος
3142 1074 3237 1129 τοῦ
3273 1076 3545 1142 οἰκίσκον,
3581 1079 3720 1133 πάν-

2147 1181 2258 1217 των
2297 1165 2633 1233 ἐπηκροᾶτο,
2682 1166 2780 1218 καὶ
2836 1167 3008 1220 τᾶλλα
3051 1167 3153 1235 μὲν
3219 1167 3422 1237 ἡνεγκε
3473 1172 3718 1233 σιωπῶνᾷ

2146 1253 2245 1324 τὴν
2274 1255 2454 1327 φυγὴν
2512 1257 2570 1309 δὲ
2627 1259 2888 1321 ἀκούσας,
2924 1258 2996 1309 Σὺ
3025 1257 3091 1321 δ’,
3115 1258 3241 1329 ἔφη,
3298 1260 3474 1333 φεύξῃ
3505 1278 3570 1331 γε
3605 1262 3671 1316 σύ
3701 1281 3717 1329 ;

2159 1345 2303 1400 Ἀλλ’
2339 1348 2465 1400 ὅσον
2492 1347 2650 1401 οὔπω
2683 1350 2749 1401 σὺ
2783 1350 2881 1415 μὲν
2926 1349 3255 1419 συλληφθεὶς
3294 1352 3596 1424 ἀπαχθήσῃ
3628 1354 3721 1408 δε-

2144 1436 2394 1505 σμώτης,
2449 1440 2546 1505 καὶ
2586 1438 2725 1507 πρδς
2791 1439 3126 1507 δοριαλώτου
3179 1443 3462 1506 καταστάς
3516 1445 3717 1514 τύχην.

2156 1526 2299 1595 Ἐγὼ
2329 1528 2374 1581 δ’
2413 1528 2535 1581 οὐδὲ
2564 1528 2734 1598 τριῶν
2763 1529 2967 1582 ὀϐολῶν
3013 1529 3263 1599 ἐθελήσω
3309 1531 3580 1587 λύσασθαι
3616 1534 3719 1604 τῆς

2142 1620 2378 1681 δουλίας.
2431 1616 2564 1673 Εἶτα
2628 1622 2824 1690 μικρὸν
2878 1622 3110 1686 προϐάς,
3155 1622 3378 1690 Ὁρᾶτε,
3413 1624 3516 1696 ἔφη
3578 1626 3722 1691 πρὸς

2143 1711 2269 1774 τοὺς
2295 1712 2593 1779 παρόντας,
2624 1714 2773 1774 ὅπως
2800 1715 2915 1775 τοῖς
2946 1714 3100 1782 ὲμοῖς
3132 1713 3314 1779 λόγοις
3362 1707 3519 1777 οὗτος
3576 1732 3720 1785 συμ-

2148 1805 2443 1872 μαρτυρεῖ,
2490 1803 2728 1873 σκληρὸς
2759 1802 2835 1856 ὢν
2867 1805 2965 1857 καὶ
2999 1804 3269 1874 αὐθάδης.
3301 1805 3398 1858 καὶ
3433 1807 3574 1877 πέρα
3619 1807 3718 1861 τοῦ

2142 1894 2357 1956 δέοντος
2387 1894 2605 1959 ἀλαζών
2632 1914 2647 1962 ;
2686 1896 2788 1965 ήδη
2821 1898 2916 1949 καὶ
2948 1897 3081 1965 ὑμῖν
3136 1898 3253 1951 ἔστι
3282 1898 3475 1969 σαφῶς
3506 1902 3572 1952 ἐκ
3602 1899 3716 1952 τῶν

2141 1985 2487 2053 πραγμάτων
2519 1985 2962 2056 καταμαθεῖν.’0
2986 1988 3107 2050 νέος
3129 1987 3174 2041 δ’
3206 1988 3575 2057 Ἀνδρόνικος,
3591 1987 3718 2045 Ἐπ’

2139 2075 2424 2145 ἀληθείας,
2452 2072 2630 2144 εἶπεν,
2678 2071 2724 2130 ὧ
2755 2077 3004 2147 βασιλεῦ,
3036 2078 3161 2132 οὔτε
3199 2080 3433 2150 σκληρός
3463 2082 3581 2150 εἰμί
3607 2100 3716 2147 τις,

2137 2165 2263 2221 οὔτε
2292 2168 2533 2238 αὐθάδης
2559 2185 2574 2199 ο
2615 2170 2753 2222 ἀλλὰ
2784 2170 2894 2222 τῶν
2944 2170 3097 2241 ἐμῶν
3151 2172 3444 2242 ἁμαρτιῶν
3478 2175 3506 2225 6
3535 2172 3714 2243 σωρὸς

2137 2260 2382 2314 τοιοῦτον
2408 2257 2548 2314 εἶναι
2578 2260 2871 2331 φαίνεσθαί
2901 2278 2985 2327 σοι
3017 2264 3164 2327 ποιεῖ
3186 2279 3200 2293 ο
3236 2261 3350 2331 ἐγὼ
3377 2263 3421 2316 δ’
3451 2264 3545 2316 ἐπὶ
3570 2265 3718 2333 μάρι

2137 2372 2262 2425 τυρι
2293 2355 2439 2422 λέγω
2470 2354 2549 2424 τῷ
2583 2355 2746 2407 εἰδότι
2773 2355 2952 2408 πάντα
2977 2354 3118 2424 Θεῷ,
3155 2356 3231 2418 ὡς
3283 2357 3435 2410 οῦδὲν
3466 2358 3714 2412 τοιοῦτον

2136 2446 2362 2518 ἐμαυτῷ
2415 2447 2635 2501 σύνοιδα
2661 2448 3008 2517 εἰργασμένῳ
3037 2448 3115 2511 ὡς
3146 2449 3296 2513 ἄξιον
3340 2446 3482 2503 εἶναι
3503 2451 3601 2521 τῆς
3623 2469 3715 2505 το-

2139 2540 2343 2608 σαύτης
2377 2539 2571 2609 ὀργῆς.
2594 2538 2686 2591 Διδ
2709 2539 2774 2610 δὴ
2813 2540 2910 2592 καὶ
2932 2538 3138 2610 δέομαι
3174 2539 3270 2593 τοῦ
3317 2541 3413 2596 σοῦ
3469 2544 3711 2613 κράτους

2139 2630 2477 2701 συγγνώμης
2533 2630 2637 2683 κᾶν
2670 2646 2732 2682 τε
2789 2631 3040 2701 ἥμαρτον
3087 2634 3295 2700 τυχεῖν.
3354 2634 3456 2687 κᾶν
3489 2650 3549 2686 τε
3607 2635 3707 2705 μή.

2136 2722 2282 2792 Πρὸς
2314 2720 2437 2784 τοὺς
2475 2721 2642 2784 πόδας
2672 2721 2781 2792 γὰρ
2810 2723 3032 2791 ὲφίεμαι
3060 2723 3187 2785 τοὺς
3224 2724 3351 2786 σοὺς
3415 2724 3710 2783 ἀποθανεῖν
3730 2730 3741 2733 ’

2136 2811 2554 2884 (αἰνιττόμενος,
2603 2812 2681 2875 ὡς
2723 2815 2824 2867 οὐκ
2849 2814 2916 2867 ἂν
2967 2814 3134 2866 αὐτοῦ
3199 2815 3515 2886 βουλήσοιτο
3573 2818 3710 2869 ἀπο-

2137 2904 2333 2972 στῆναι
2367 2905 2538 2973 χωρὶς
2589 2903 2836 2974 ἀνάγκης
2864 2905 2907 2974 ).
2954 2904 3108 2974 Ἅμα
3144 2904 3201 2957 δὲ
3229 2904 3441 2968 τούτοις
3476 2908 3591 2968 τοῖς
3618 2905 3709 2961 λό-

2135 3009 2254 3062 γοις
2321 2994 2416 3047 καὶ
2453 2993 2590 3062 πρὸς
2643 2993 2750 3062 γῆν
2788 2994 3142 3047 κατεκλίνετο
3175 2996 3559 3065 ἀσπασόμενος
3612 2996 3708 3046 τὸν

2138 3084 2277 3138 πόδα
2325 3083 2418 3137 τοῦ
2469 3082 2753 3153 βασιλέως.
2803 3083 2862 3137 '0
2914 3083 2960 3135 δ’
3013 3085 3197 3153 ἀνεῖχε
3259 3084 3561 3155 λαϐόμενος
3608 3085 3707 3137 τοῦ

2134 3177 2308 3246 ὤμου,
2340 3177 2456 3247 ἅμα
2488 3178 2585 3230 καὶ
2619 3175 2801 3244 λόγοις
2831 3178 2891 3229 τὸ
2922 3177 3086 3246 ἔργον
3116 3176 3498 3245 ἀπαγορεύων.
3545 3177 3634 3240 Ὠς
3659 3178 3707 3230 δ’

2136 3267 2286 3338 ἑώρα
2310 3269 2659 3341 βιαζόμενον,
2698 3270 2858 3335 ἀφεὶς
2886 3268 2978 3320 τὸν
2994 3262 3167 3337 ὦμον,
3194 3268 3416 3320 ἐλάϐετο
3445 3267 3553 3319 τῶν
3585 3283 3704 3338 τρι·

2134 3360 2271 3428 χῶν.
2319 3357 2411 3421 Ὠς
2435 3357 2493 3409 δὲ
2523 3358 2617 3410 καὶ
2668 3355 2847 3420 οὕτως
2883 3356 3160 3421 ἐϐιάζετο,
3197 3356 3434 3423 ἀφειδῶν
3479 3358 3703 3418 ἑαυτοῦ.

2133 3449 2316 3510 δείσας
2344 3450 2372 3503 6
2400 3448 2625 3509 πάππος
2655 3446 2730 3517 μὴ
2761 3450 2829 3518 τῇ
2873 3447 2965 3516 βίᾳ
3002 3450 3099 3516 τῆς
3130 3447 3377 3517 κεφαλῆς
3410 3447 3707 3505 διαστῶσιν

2136 3542 2192 3593 al
2219 3541 2427 3609 τρίχες,
2460 3539 2691 3591 ἐνέδωκε
2742 3538 2841 3609 τὴν
2882 3538 3203 3599 κατάκλισιν
3227 3554 3242 3569 ·
3275 3541 3304 3590 6
3354 3541 3411 3593 δὲ
3442 3539 3708 3592 κατακλι-

456 3638 661 3706 quique
690 3637 920 3690 aderant
965 3648 1244 3705 proceres,
1287 3634 1394 3688 hoc
1426 3635 1653 3695 minime
1685 3634 1909 3687 dubium
1941 3650 2031 3689 re-

2137 3633 2250 3695 Osl;
2278 3633 2565 3701 ἠσπάσατο
2595 3632 2684 3684 τὸν
2710 3631 2846 3684 πόδα
2864 3631 2954 3684 τοῦ
2978 3631 3265 3701 βασιλέως.
3298 3629 3411 3684 Εἶτ’
3436 3633 3709 3685 ἀναστάνιο

456 3728 779 3795 dintegralte
808 3725 957 3779 inter
985 3725 1345 3794 imperatores
1367 3725 1621 3779 amicitia:
1649 3737 2029 3793 argumentum

457 3817 582 3874 rati.
620 3815 969 3886 ingeminatis
992 3800 1258 3880 ‘vocibus,
1295 3814 1407 3870 Deo
1437 3816 1588 3885 pacis
1624 3815 1864 3885 largitori
1905 3830 2031 3886 gra-

458 3908 562 3960 tias
593 3920 791 3976 agcre..
820 3904 963 3970 Quin
1006 3914 1063 3959 et
1101 3896 1290 3976 juniOr
1325 3905 1622 3973 imperator
1663 3919 1786 3958 cum
1835 3919 2031 3975 magno

455 3997 781 4058 domestico,
816 4006 870 4050 et
902 4006 1303 4066 protostratore
1331 3999 1605 4050 seniorem
1637 3995 1908 4065 placatum
1943 4010 2030 4050 ar-

455 4082 665 4147 bitrati,
699 4084 887 4137 latitia
937 4084 1235 4149 exsultare,
1269 4083 1524 4153 diemque
1560 4085 1712 4139 illum
1755 4086 2030 4141 candidis-

454 4177 655 4229 simum
702 4175 972 4243 judicarc.
1020 4174 1088 4229 Et
1137 4176 1355 4237 rediens
1404 4175 1649 4240 domum,
1701 4193 1894 4245 nepos.
1942 4178 2027 4231 iu-

454 4282 640 4335 quam,
672 4281 956 4332 sermones
984 4266 1039 4318 in
1069 4267 1275 4335 judicio
1303 4268 1519 4331 habitos
1548 4269 1873 4323 necessariis
1911 4269 2027 4322 suis

454 4356 831 4419 memorabat;
860 4355 957 4424 qui
1001 4370 1193 4409 omnes
1225 4370 1333 4409 una
1364 4356 1509 4409 diem
1544 4356 1742 4411 festum
1771 4372 2025 4412 commu-

454 4449 625 4503 nibus
666 4446 884 4517 gaudiis
926 4446 1256 4516 crigebant;
1303 4446 1594 4517 Syrgianni
1638 4449 1863 4517 insuper
1907 4461 2025 4507 acta

452 4539 977 4609 perscribentcs,-ut
1002 4547 1059 4593 et
1092 4539 1210 4607 ipse
1235 4537 1500 4607 gauderet
1523 4552 1646 4591 cum
1670 4542 1861 4601 amicis
1894 4557 2026 4611 gau-

451 4631 733 4695 dentibus,
759 4646 939 4700 neque
980 4645 1041 4685 se
1068 4631 1178 4689 ulla
1210 4630 1265 4684 in
1311 4638 1590 4698 posterum
1616 4644 1749 4685 cura
1778 4646 2027 4688 macera-

453 4730 567 4785 ret;
619 4731 813 4790 utpote
863 4722 1092 4790 abiectis
1133 4722 1245 4792 jam
1296 4720 1577 4789 prioribus
1639 4724 1919 4788 consiliis,
1968 4734 2025 4781 et

452 4813 637 4868 stabili
684 4811 833 4879 inter
867 4815 1228 4881 imperatores
1259 4812 1554 4867 concordia
1602 4825 1855 4870 revocata
1891 4832 2024 4871 con-

448 4903 611 4960 lectis
642 4904 900 4959 omnibus
930 4919 998 4958 ex
1046 4904 1337 4961 sententia.
1371 4904 1488 4959 Hoc
1530 4906 1677 4960 enim
1710 4919 1832 4962 erat
1872 4912 2020 4978 quod

2133 3741 2223 3787 τος
2262 3724 2360 3792 τῆς
2411 3722 2654 3793 κεφαλῆς
2703 3722 3004 3792 λαϐόμενος
3030 3726 3058 3775 6
3108 3723 3382 3793 βασιλεὺς,
3421 3724 3704 3792 κατεφίλει

2132 3814 2230 3874 τὰς
2258 3810 2432 3879 δψεις.
2460 3811 2631 3865 Τοῦτο
2653 3810 2717 3879 δὴ
2748 3813 2774 3864 6
2817 3812 3165 3882 πατριάρχης
3205 3813 3303 3864 καὶ
3332 3813 3384 3864 οἱ
3418 3813 3517 3882 τῆς
3572 3829 3704 3879 συγ-

2131 3903 2332 3973 κλήτου
2389 3903 2655 3973 παρόντες
2718 3903 2939 3966 ἰδόντες.
2974 3909 3070 3957 καὶ
3097 3904 3395 3974 διαλλαγῆς
3427 3904 3702 3970 ἀπόδειξιν

2131 3994 2452 4064 νομίσαντες
2484 3994 2587 4064 ἠδη
2619 3993 2845 4064 βεϐαίας
2868 3994 2975 4048 τῶν
2998 3995 3283 4065 βασιλέων,
3321 3997 3517 4061 πολλάς
3560 3998 3701 4066 ἁφῇ..

2130 4097 2233 4133 καν
2261 4081 2439 4149 φωνάς
2466 4081 2919 4152 εὐχαριστοῦντες
2937 4084 3057 4154 Θεῷ
3082 4084 3160 4153 τῷ
3186 4085 3409 4155 χορηγῷ
3425 4089 3523 4154 τῆς
3549 4088 3703 4155 εἰρή-

2129 4188 2248 4241 νης.
2286 4174 2394 4226 Καὶ
2423 4172 2588 4236 αὐτὸς
2625 4173 2680 4226 δὲ
2716 4173 2967 4242 βασιλεὺς
2996 4177 3025 4227 6
3068 4176 3182 4237 νέος
3215 4178 3312 4227 καὶ⁵
3342 4176 3394 4227 oi
3438 4178 3566 4246 περὶ
3598 4179 3699 4229 αύ-

2128 4266 2242 4329 τὸν,
2277 4264 2596 4334 διηλλάχθαι
2631 4266 2954 4335 νομίσαντες
2983 4266 3061 4336 τῷ
3092 4267 3302 4337 ἑγγόνῳ
3329 4267 3423 4320 τὸν
3452 4266 3696 4337 βασιλέα,

2128 4355 2351 4426 ἔχαιρόν
2386 4373 2443 4408 τε
2471 4356 2652 4420 αὐτοὶ,
2691 4357 2783 4409 καί⁵
2808 4358 3062 4426 εὐτυχίας
3097 4358 3276 4427 ἄκρας
3332 4357 3564 4426 ἡγοῦντο
3598 4360 3698 4429 τὴν

2128 4449 2343 4518 ἡμέραν
2385 4449 2627 4518 εκείνην.
2670 4449 2765 4503 Ἐκ
2792 4449 2902 4501 τῶν
2942 4449 3230 4519 βασιλείων
3280 4451 3464 4505 οἶκαδε
3519 4454 3548 4504 6
3576 4456 3698 4514 νέος

2122 4540 2384 4610 βασιλεὺς
2411 4538 2686 4606 ἀπελθὼν,
2710 4540 2948 4608 διηγεῖτό
2973 4558 3035 4593 τε
3064 4544 3174 4605 τοῖς
3199 4542 3371 4610 φίλοις
3401 4542 3527 4604 τοὺς
3555 4545 3698 4610 κατὰ

2124 4630 2224 4702 τὴν
2277 4631 2436 4699 δίκην
2482 4631 2696 4699 λόγους,
2731 4632 3088 4703 συνεόρταζόν
3125 4650 3187 4686 τε
3243 4637 3337 4686 καὶ
3373 4635 3696 4704 συνέχαιρον

2101 4720 2377 4790 -ἀλλήλοις
2402 4738 2417 4754 ο
2448 4722 2719 4791 μηνύουσι
2741 4723 2805 4792 δὴ
2839 4724 2932 4779 καὶ
2958 4723 3272 4795 Συργιάννη
3304 4726 3375 4779 τὰ
3408 4726 3692 4792 γεγονότα,

2122 4812 2199 4875 ὡς
2238 4812 2305 4866 ἂν
2333 4813 2431 4864 καὶ
2484 4811 2650 4875 αὐτὸς
2687 4813 2967 4886 συγχαίρῃ
3021 4817 3135 4877 τοῖς
3195 4815 3374 4882 φίλοις
3411 4814 3727 4884 χαίρουσιν

2125 4906 2219 4969 καὶ
2253 4903 2527 4973 μηδεμίαν
2562 4903 2662 4975 ἔχῃ
2721 4906 2984 4973 φροντίδα
3043 4908 3321 4975 τήκουσαν
3352 4906 3448 4976 τὴν
3487 4907 3690 4976 ψυχὴν,

451 4992 596 5051 votis
619 5007 999 5065 smpenumero
1024 4993 1355 5064 petiverant,
1386 5004 1444 5063 ut
1465 5009 1599 5049 avus
1619 4996 1804 5050 odium
1829 5010 2021 5054 contra

2134 4996 2199 5060 ὡς
2237 4996 2346 5061 τῶν
2380 4997 2665 5065 προτέρων
2715 4996 2819 5066 ἥδη
2867 4996 3255 5066 βουλευμάτων
3308 4997 3690 5060 διαλυθέντων,

451 5093 708 5151 nepotem
766 5083 1107 5152 deponeret,
1182 5083 1397 5152 ipsique
1456 5084 1826 5150 periculorum
1876 5099 2022 5142 metu

448 5173 610 5227 soluti
656 5189 720 5229 ac
766 5173 945 5233 liberi.
984 5174 1150 5227 vitam
1184 5173 1448 5243 placidam
1482 5184 1538 5229 et
1569 5176 1810 5244 quietam
1857 5176 2024 5246 dege-

2123 5086 2218 5136 καὶ⁵
2270 5084 2495 5154 βεϐαίας
2550 5086 2777 5156 εἰρήνης
2809 5088 3187 5156 γεγενημένης
3242 5089 3358 5148 τοῖς
3388 5085 3689 5154 βασιλεῦσι,

2126 5178 2221 5229 καὶ
2255 5179 2375 5229 κατ’
2403 5177 2569 5248 εὐχὴν
2596 5179 2783 5240 αὐτοῖς
2832 5178 2940 5231 τῶν
2970 5178 3318 5249 πραγμάτων
3373 5180 3689 5248 κεχωρηκόο

1716 5289 1935 5359 Jacobi
1967 5292 2234 5355 Pontani
2266 5298 2454 5355 notae.

518 5393 631 5461 (18)
672 5392 855 5447 Monet
905 5406 994 5447 me
1051 5405 1317 5447 numerus
1365 5390 1776 5451 multitudinis.
1839 5402 1899 5447 ut
1940 5394 2011 5448 de

449 5462 624 5516 oculis
666 5462 934 5530 accipiam
968 5479 983 5515 :
1013 5465 1233 5529 tametsi
1275 5463 1436 5529 paulo
1471 5463 1615 5529 infra
1656 5463 1793 5517 dicit
1837 5463 2008 5530 πρόσ-

445 5548 616 5599 ωπον,
643 5531 837 5599 faciem
870 5532 1176 5586 osculatum
1204 5542 1354 5596 esse,
1376 5547 1501 5586 nam
1528 5543 1584 5587 et
1609 5533 1753 5587 oculi
1787 5543 1915 5585 sunt
1951 5534 2007 5586 in

445 5600 608 5671 facie.
672 5598 871 5671 Latiis,
920 5607 1113 5671 genas,
1168 5602 1381 5671 oculos,
1448 5603 1704 5660 frontem.
1780 5604 2005 5665 collum,

446 5670 684 5722 osculari
712 5685 830 5725 mos
855 5670 979 5733 fuit,
1002 5673 1157 5726 vario
1201 5670 1328 5730 line,
1350 5687 1444 5723 seu
1478 5672 1693 5724 diversa
1726 5671 1794 5723 de
1816 5686 2004 5726 causa.

452 5738 557 5792 Sed
607 5740 819 5803 oculos,
869 5741 1015 5809 quod
1065 5756 1191 5795 cum
1244 5742 1356 5794 sint
1389 5739 1598 5794 indices
1642 5742 1832 5806 animi,
1876 5742 2010 5809 ipsis

2113 5396 2435 5468 osculandis
2465 5397 2707 5454 animum
2740 5398 2919 5468 ipsum
2951 5402 3273 5468 contingere
3294 5403 3400 5466 sibi
3430 5401 3689 5457 videren-

2116 5476 2226 5519 tur.
2272 5465 2369 5549 βε·
2395 5465 3219 5549 oscul'orum'generihus‘vide'
3264 5472 3511 5549 Lipsium
3550 5471 3695 5549 Elef

2112 5536 2410 5659 Icipqg.,l(iih.
2444 5552 2480 5599 ι,
2531 5535 2654 5608 cap.
2687 5535 2834 5621 δίει
2868 5540 3145 5617 symbolas
3185 5535 3405 5620 nostras
3450 5542 3505 5595 in
3548 5541 3689 5599 illud

2239 5622 2321 5659 ne:
2363 5644 2375 5658 .
2401 5623 2420 5659 :
2608 5632 2615 5637 -
3362 5658 3367 5659 ,

2184 5697 2317 5751 Cum
2351 5699 2496 5753 dabit
2522 5702 2821 5775 amplexus,
2855 5714 3010 5776 atque
3030 5708 3212 5763 oscula
3237 5706 3414 5762 dulcia
3439 5708 3586 5781 ﬁget.
