4106 6292
544 501 650 569 143

1732 502 2069 565 ΙΟΑΝΝΙΞ,
2093 501 2382 565 CANTAC
2394 501 2621 564 UZENI

3680 497 3789 560 1H

533 613 849 676 amandabit
927 614 1286 684 celeriterque
1328 612 1598 683 proﬁcisci
1643 613 1953 684 compellet.
2001 613 2103 669 Ubi

2211 614 2344 667 πᾶσι
2366 613 2454 666 διὰ
2485 612 2586 682 τὴν
2645 610 2880 680 μόνωσιν
2935 603 3088 662 οὖσιν
3133 605 3564 673 ἀσθενεστάτοις,
3601 607 3671 678 qv
3719 612 3788 663 ἂν

529 725 632 764 vos
668 708 1019 771 illustriores,
1049 716 1102 761 et
1134 709 1250 778 ipsa
1286 709 1464 777 capita
1496 722 1526 761 c
1569 707 1750 760 medio
1783 705 2102 768 removerit,

527 813 648 857 sum
679 801 790 872 jam
818 810 871 854 et
902 801 1166 869 reliquos,
1192 801 1238 856 si
1263 801 1357 870 qui
1387 810 1534 864 sunt,
1564 798 1934 868 investigabit,
1967 807 2107 851 tota-

530 908 640 963 que
669 907 724 946 re
753 899 913 945 antea
944 906 1008 944 ex
1037 905 1132 944 sua
1167 889 1439 944 sententia
1470 888 1609 943 bene
1639 888 1958 949 conStituta,
1987 895 2106 940 tan-

532 984 654 1036 dem
692 997 789 1050 pro
832 979 1178 1048 catastrOphe
1231 978 1298 1032 ad
1332 995 1417 1032 me
1451 993 1689 1047 quoque,
1739 987 1800 1032 ut
1842 986 2103 1044 superata

531 1071 768 1135 facilem,
803 1086 861 1126 se
894 1078 1173 1125 convertet
1216 1069 1348 1140 (l9).
1396 1068 1548 1124 Dicet
1591 1068 1888 1138 quispiam,
1918 1067 1998 1130 Si,
2045 1078 2106 1122 ut

530 1166 632 1226 ais,
685 1173 736 1216 te
782 1161 979 1215 horum
1031 1162 1274 1215 virorum
1328 1159 1584 1229 praesidio
1635 1158 1846 1213 nudare
1895 1157 2101 1221 volens,

530 1256 843 1326 provincias
866 1256 923 1310 in
947 1253 1330 1310 remotissimis
1361 1254 1590 1306 Romani
1622 1251 1839 1322 imperii
1863 1251 1976 1305 oris
1999 1251 2106 1304 illis

532 1349 816 1413 describit,
843 1347 1154 1417 expeditius
1175 1353 1296 1400 erat
1324 1344 1442 1400 sine
1466 1345 1656 1408 dubio,
1685 1345 1964 1412 multoque
1995 1341 2104 1395 uti-

531 1441 658 1507 lius,
687 1441 731 1495 si
767 1440 835 1494 iis
867 1439 1243 1509 apprehensis,
1269 1446 1324 1492 et
1346 1437 1596 1491 custodia
1624 1437 1846 1499 clausis,
1869 1437 2018 1490 curis
2047 1450 2105 1490 se

535 1533 686 1587 hisee
721 1531 962 1586 exuisset
990 1549 1003 1584 :
1031 1529 1161 1601 quid
1208 1529 1356 1583 enim
1391 1538 1496 1593 est,
1543 1529 1690 1597 quod
1735 1528 1879 1582 istuc
1925 1527 2105 1583 facere

539 1625 826 1692 prohibeat
860 1615 1288 1693 imperatorem?
1315 1621 1503 1684 Recte,
1549 1620 1692 1689 quod
1735 1619 1887 1672 illum
1922 1619 2107 1687 prohi-

537 1717 680 1780 beat,
714 1716 852 1770 ttibil
883 1724 1012 1778 est;
1041 1713 1147 1784 52
1191 1711 1298 1767 Sed
1345 1710 1624 1776 callidum,
1661 1725 1876 1778 usuque
1919 1725 2103 1765 rerum

532 1811 752 1864 doctum
787 1809 1170 1876 imperatorem
1202 1816 1543 1872 nequaquam
1579 1801 1736 1864 fallit,
1780 1801 1926 1855 haud
1969 1816 2106 1856 con-

533 1901 755 1963 ducere,
789 1898 1105 1968 priusquam
1155 1895 1423 1965 exquisite
1455 1894 1623 1959 norit,
1657 1902 1792 1963 quot
1820 1904 1876 1947 et
1915 1894 2105 1964 quales

533 1992 666 2055 sint,
699 1989 790 2060 qui
832 2003 1047 2042 mecum
1090 1986 1404 2041 societatem
1437 1983 1726 2048 coiverint,
1755 1985 1820 2038 ad
1852 1999 2101 2055 pugnan-

534 2083 663 2137 dum
687 2080 936 2134 cominus
958 2077 1202 2148 aggredi.
1225 2075 1550 2129 Tituettdunt
1582 2076 1748 2138 enim,
1771 2091 1839 2129 ne
1868 2075 1915 2130 si
1943 2075 2100 2131 multi

535 2175 666 2238 sint,
697 2186 762 2226 ac
796 2169 1187 2239 potentissimi,
1219 2185 1386 2223 unum
1419 2167 1666 2238 quidem,
1699 2168 2003 2222 alterumve
2045 2169 2101 2222 in

533 2264 751 2318 vincula
785 2261 1001 2316 tradere
1026 2268 1224 2330 queat;
1257 2259 1473 2314 caeteris
1498 2269 1680 2313 autem
1706 2258 1816 2328 jam
1849 2273 2102 2313 necessa-

535 2354 619 2407 rio
665 2349 1100 2422 conjurantibus,
1150 2349 1386 2419 cogitata
1439 2347 1701 2417 perlicere
1750 2362 1854 2401 non
1905 2347 2098 2416 possit.

532 2443 821 2499 Probabile
873 2456 1039 2512 porro
1084 2450 1191 2503 est,
1235 2455 1359 2494 eum
1408 2440 1745 2506 existimare,
1805 2441 2008 2495 multos
2049 2449 2104 2494 et.

533 2537 824 2606 opulentos
863 2543 1178 2586 nostrarum
1220 2545 1344 2586 esse
1377 2532 1636 2600 partium.
1683 2531 1818 2586 Nam
1861 2531 2007 2600 quod
2047 2533 2102 2586 in

531 2627 739 2699 judicio
769 2624 1169 2679 nudiustertius
1195 2638 1294 2692 ego
1324 2622 1470 2676 solus
1505 2623 1858 2691 interceptus,
1887 2633 1941 2676 et
1969 2638 2102 2677 con—

537 2717 723 2772 clusus
767 2730 874 2767 non
912 2713 1151 2776 concidi,
1202 2726 1378 2780 neque
1429 2711 1714 2766 timiditate
1760 2713 1938 2782 aliqua
1973 2728 2102 2768 con-

534 2823 750 2870 cnssus,
781 2805 950 2860 multa
982 2819 1106 2858 eum
1143 2801 1363 2866 ﬁducia,
1396 2803 1780 2872 constantique
1813 2805 2013 2868 anitno,
2049 2812 2104 2857 et

538 2898 757 2969 ingenio
804 2893 1142 2958 contradixi;
1195 2892 1451 2962 quodque
1494 2893 1757 2959 accessit,
1803 2905 1863 2948 ut
1901 2894 2106 2948 Melite-

539 2989 725 3045 nensis
771 2987 999 3041 v.niens
1033 2985 1328 3048 nuntiaret,
1361 2983 1496 3038 foris
1531 2993 1676 3039 stare
1709 2985 1973 3054 quosdam
2008 3003 2106 3056 po-

542 3093 740 3144 tentes,
778 3093 896 3132 mea
945 3091 1105 3130 causa
1139 3085 1356 3146 paratos
1403 3077 1468 3129 ad
1521 3077 1724 3140 omnia,
1759 3092 1868 3131 non
1915 3093 2105 3147 parum

539 3174 662 3244 ejus
706 3171 934 3228 consilia
988 3170 1226 3224 turbavit
1263 3187 1278 3223 :
1309 3169 1452 3226 unde
1493 3171 1677 3224 statim
1730 3171 1927 3225 throno
1959 3176 2106 3227 exsi-

2215 704 2460 774 βούλοιτο
2490 703 2646 773 δίκην
2677 702 2948 770 ἐπιθήσει.
2987 700 3100 754 Νῦν
3138 700 3238 770 μὲν
3269 693 3361 752 οὖν
3396 699 3480 752 σοὶ
3511 701 3610 770 τήν
3646 701 3787 770 πρὸς

2209 795 2614 860 Πελοπόννησον
2651 792 2914 856 ἐπέταξεν
2958 791 3202 846 ἀπιέναι.
3235 791 3331 854 EE;
3361 793 3459 861 τὴν
3489 791 3783 860 ὑστεραίαν

2205 888 2263 939 δέ
2316 884 2762 956 πρωτοστρόιτορι
2817 883 3008 952 ἑτέραν
3055 882 3214 951 δῆθεν
3250 883 3429 952 ἀρχήν
3481 899 3602 934 τινα
3645 883 3782 951 πρὸς

2204 979 2325 1038 ταῖς
2385 976 2658 1044 ἐσχατιαῖς
2706 975 2804 1042 τῆς
2851 973 3138 1043 Ῥωμαίων
3188 975 3290 1042 γῆς
3320 973 3641 1043 ἐγχειρίσει,
3689 974 3786 1025 καὶ

2207 1065 2617 1133 καταναγκάσει
2644 1067 2779 1136 πρὸς
2807 1066 2970 1134 τάχος
3007 1081 3069 1132 γε
3116 1065 3336 1117 ἀπιέναι
3361 1079 3377 1094 ο
3413 1066 3559 1134 ὑμᾶς
3606 1065 3652 1118 δ’
3690 1067 3780 1118 ἐκ-

2207 1157 2385 1210 ποδὼν
2425 1159 2659 1226 ποιήσας
2705 1158 2834 1220 τοὺς
2863 1157 3382 1227 περιφανεστέρους,
3408 1157 3517 1210 τότ’
3547 1158 3646 1227 ήδη
3684 1158 3781 1209 καὶ

2206 1249 2335 1318 περὶ
2364 1248 2565 1318 ἐτέρων
2588 1249 2641 1300 ετ
2686 1247 2792 1316 πέρ
2842 1248 2980 1300 εἰσιν
3018 1249 3392 1315 ἀνερευνήσει.
3429 1248 3612 1301 Πάντα
3637 1247 3682 1298 δ’
3709 1247 3786 1308 ῶς

2207 1338 2274 1392 ἂν
2295 1337 2442 1406 αὐτῷ
2496 1337 2675 1398 καλῶς
2706 1336 2818 1406 ἔχοι
2865 1338 3129 1406 πρότερον
3167 1336 3521 1406 διαθέμενος,
3579 1339 3652 1399 ὡς
3681 1339 3783 1409 ήδη

2207 1430 2345 1499 πρὸς
2375 1429 2756 1500 καταστροφὴν
2811 1429 3227 1498 εὐεπιχείρητον
3281 1427 3508 1498 ὕστερον
3539 1430 3782 1498 χωρήσει

2206 1521 2301 1573 καὶ
2337 1521 2474 1590 πρὸς
2521 1519 2642 1589 ἐμέ.
2688 1519 2827 1571 Ἀλλ’
2876 1520 3003 1582 ἴσως
3059 1520 3177 1588 ἐρεῖ
3215 1537 3320 1583 τις,
3345 1519 3419 1581 ὡς
3457 1519 3521 1570 Εἴ
3545 1536 3608 1586 γε
3639 1521 3782 1572 κατὰ

2207 1608 2362 1675 λόγον
2394 1610 2483 1661 τὸν
2516 1610 2605 1662 σὺν
2657 1611 2716 1662 σέ
2745 1611 2847 1679 τῆς
2880 1610 2987 1662 ἀπὸ
3027 1610 3231 1663 τούτων
3260 1611 3584 1679 ἐπικουρίας
3639 1613 3778 1662 ἁπο-

2207 1702 2469 1771 στερῆσαι
2524 1701 2844 1771 βουλόμενος
2897 1701 3072 1772 ἀρχὰς
3108 1704 3290 1765 αὐτοῖς
3341 1703 3638 1773 ἐγχειρίσει
3680 1705 3780 1763 τὰς

2208 1795 2266 1847 ἐν
2299 1796 2584 1864 ἐσχατιαῖς
2616 1794 2716 1863 τῆς
2753 1793 3040 1862 Ῥωμαίων
3096 1793 3292 1863 ἀρχῆς,
3343 1796 3475 1863 ῥᾷον
3511 1790 3578 1864 ἦν
3604 1794 3779 1864 δήπου

2209 1883 2306 1936 καὶ
2327 1883 2766 1952 λυσιτελέστερον
2819 1884 2954 1937 πολὺ
3005 1884 3336 1937 συλλασόντα
3370 1888 3464 1938 καὶ
3493 1885 3785 1937 κατακλεί-

2209 1993 2378 2029 σαντα
2412 1979 2626 2048 φρουρᾷ
2663 1977 2761 2046 τῆς
2811 1978 2918 2030 ἀπὸ
2949 1975 3154 2030 τούτων
3181 1977 3530 2047 ἀπηλλάχθαι
3567 1977 3786 2047 φροντί-

2207 2068 2329 2130 δοςο
2361 2067 2414 2121 τί
2447 2069 2556 2136 γὰρ
2582 2067 2732 2121 ἔσται
2759 2069 2820 2120 τὸ
2871 2068 3114 2122 κωλῦσον
3157 2067 3253 2122 τοῦ
3287 2068 3460 2122 ταῦτα
3491 2071 3784 2139 καταπρα-

2209 2159 2404 2227 ξασθαι
2436 2161 2526 2212 τὸν
2561 2159 2823 2230 βασιλέα;
2864 2161 2974 2215 Καὶ
3003 2159 3127 2213 νοῦν
3153 2160 3343 2230 ἔχοντα
3377 2161 3534 2229 λόγον
3557 2164 3695 2230 ἐρεῖ,
3722 2164 3786 2214 τὸ

2211 2245 2452 2306 κωλῦσον
2485 2253 2584 2323 μὲν
2619 2252 2714 2306 οὖν
2746 2254 2923 2306 οὐδέν.
2965 2253 3190 2306 Συνετὸν
3217 2253 3270 2305 δέ
3300 2252 3427 2305 ὄντα
3454 2255 3545 2306 καὶ
3572 2253 3787 2306 πολλῶν

2208 2347 2550 2414 πραγμάτων
2582 2345 2843 2414 ἔμπειρον
2872 2347 2958 2398 τὸν
2991 2344 3211 2413 βασιλέα
3243 2347 3403 2398 τοῦτο
3432 2345 3655 2415 λέληθεν
3683 2347 3778 2398 οὐ-

2209 2437 2415 2509 δαμῶς,
2445 2437 2520 2499 ὡς
2559 2437 2894 2504 ἀλυσιτελὲς,
2927 2439 3057 2507 πρὶν
3083 2437 3325 2506 ἀκριϐῶς
3359 2438 3620 2506 ἐκμαθεῖν
3649 2439 3780 2491 ὁπό-

2211 2545 2292 2580 σοι
2313 2528 2456 2592 τινὲς
2479 2529 2572 2581 καὶ
2601 2522 2813 2598 οἶοιτὴν
2845 2530 2980 2597 πρὸς
3003 2529 3103 2599 ἐμὲ
3132 2529 3439 2599 προείλοντο
3469 2532 3777 2598 κοινωνίαν,

2208 2621 2372 2688 ὁμόσε
2401 2620 2536 2690 πρὸς
2567 2619 2628 2672 τὸ
2657 2621 2933 2688 πολεμεῖν.
2963 2621 3093 2684 Δέος
3130 2622 3237 2691 γὰρ
3265 2622 3338 2692 μὴ
3370 2622 3578 2675 πολλῶν
3615 2640 3780 2676 τινων

2210 2712 2304 2764 καὶ
2328 2710 2714 2764 δυνατωτάτων
2740 2711 2910 2764 ὄντων
2936 2713 3033 2765 ’ἐνα
3072 2712 3170 2782 μὲν
3197 2713 3230 2783 ἢ
3253 2715 3346 2767 καὶ
3373 2712 3465 2765 δύο
3494 2713 3776 2785 καθεείρξῃ,

2209 2799 2315 2851 τῶν
2347 2799 2403 2852 δὲ
2435 2799 2637 2852 λοιπῶν
2667 2800 2768 2871 ήδη
2803 2801 2939 2872 πρὸς
2965 2803 3207 2870 ἀνάγκην
3241 2805 3668 2872 συνισταμένων,
3715 2807 3780 2857 οὐ

2211 2893 2349 2945 κατὰ
2393 2892 2518 2945 νοῦν
2558 2896 2782 2964 χωρήσῃ
2831 2895 2898 2947 τὰ
2945 2895 3246 2964 πράγματα
3304 2895 3471 2966 αὐτῷ.
3529 2896 3688 2958 Εἰκὸς
3721 2897 3782 2948 δὲ

2209 2983 2372 3036 αὑτὸν
2398 2985 2491 3036 καὶ
2522 2984 2748 3048 πολλούς
2795 3003 2944 3048 τινας
2974 2987 3068 3039 καὶ
3094 2987 3354 3050 δυνατοὺς
3380 2988 3508 3047 τοὺς
3535 2989 3604 3054 τὰ
3639 2989 3780 3058 ήμέ-

2209 3090 2344 3144 τερα
2365 3071 2504 3130 εἶναι
2532 3077 2738 3131 οἴεσθαι
2761 3081 3176 3148 προῃρημένους
3201 3097 3214 3110 ·
3242 3080 3298 3133 τὸ
3331 3081 3440 3151 γὰρ
3479 3082 3534 3132 ἐν
3565 3083 3628 3150 τῇ
3650 3081 3780 3152 δίκῃ

2213 3169 2318 3238 πρὸ
2349 3169 2446 3237 τῆς
2477 3171 2602 3238 χθὲς
2634 3170 2732 3239 ἐμὲ
2793 3172 2950 3241 μόνον
2975 3173 3467 3244 ἐναπειλημμένον,
3503 3174 3577 3243 μή
3611 3191 3783 3226 κατα-

541 3267 712 3328 liens,
763 3259 1046 3317 securitati
1097 3275 1210 3314 sua:
1263 3260 1560 3314 consuluit.
1612 3260 1768 3315 Nunc
1819 3261 1924 3315 sibi
1972 3278 2103 3316 eon-

2213 3263 2399 3315 πεσεῖν
2461 3262 2596 3330 μηδέ
2646 3262 2818 3330 δειλίᾳ
2849 3264 3175 3332 συσχεθῆναι
3218 3282 3347 3329 τινι,
3379 3265 3492 3318 ἀλλ’
3522 3266 3784 3336 ἀτρέπτῳ

538 3358 736 3413 ducere
780 3354 1014 3419 censuit,
1074 3367 1172 3406 vos
1217 3351 1457 3417 delatos,
1511 3367 1606 3421 per
1651 3353 1888 3422 speciem
1937 3353 2108 3408 bene-

539 3447 768 3502 ﬁcentia:
819 3461 849 3499 a
902 3460 988 3498 me
1045 3442 1369 3498 distrahere.
1433 3442 1626 3497 Postea
1680 3445 1876 3499 iterum
1942 3447 2108 3500 rebus

539 3539 673 3608 ipsis
707 3535 1056 3599 docentibus,
1091 3533 1292 3602 quibus
1325 3549 1384 3588 se
1427 3548 1608 3603 operae
1657 3536 1886 3605 pretium
1930 3536 2107 3590 factu-

539 3643 660 3682 rum
689 3625 920 3695 putabit,
954 3638 1054 3677 nos
1080 3622 1453 3694 aggredietur.
1485 3624 1581 3680 llis
1609 3627 1864 3680 omnibus
1886 3625 1953 3682 de
1973 3643 2106 3682 cau-

539 3718 615 3772 sis
663 3732 769 3769 nutt
820 3713 1054 3782 amplius
1105 3712 1595 3782 tergiversandum,
1639 3729 1762 3780 nec,
1796 3716 1957 3785 quasi
1997 3732 2108 3786 pra:

539 3807 808 3861 malorum
841 3803 1216 3874 magnitudine
1257 3802 1326 3857 de
1359 3811 1627 3872 potestate
1655 3805 1982 3872 exissemus,
2017 3823 2107 3862 sa-

538 3900 707 3954 lutem
735 3904 975 3951 nostram
1009 3909 1180 3964 usque
1211 3893 1278 3950 ad
1307 3895 1484 3964 ipsunt
1518 3896 1744 3964 periculi
1780 3897 1939 3954 nobis
1969 3915 2108 3969 pra:-

537 3987 677 4059 cepti
727 4003 790 4042 ac
826 3986 1041 4058 praevisi
1097 3993 1360 4055 punctum
1399 3986 1800 4056 negligendam,
1847 3989 1942 4044 sed
1985 4005 2104 4044 eam

537 4098 637 4152 pro
678 4081 885 4136 v7ribus
928 4077 1358 4133 conservandam
1403 4078 1618 4148 opinor.
1645 4077 1780 4133 Volo
1823 4089 2024 4145 tamen,
2059 4081 2104 4136 si

538 4175 693 4229 vol-is
742 4175 940 4240 placet,
977 4186 1141 4240 super
1186 4186 1255 4225 eo
1305 4171 1372 4224 de
1403 4185 1512 4241 quo
1563 4171 1795 4239 agimus,
1843 4180 1898 4226 et
1943 4173 2104 4227 aliam

537 4264 861 4320 sententiam
905 4274 1232 4329 proponere.
1282 4257 1456 4323 Quam
1499 4259 1684 4312 illam?
1733 4265 1880 4316 Avus
1929 4263 2105 4317 socios

539 4371 688 4410 meos
710 4353 802 4422 qui
827 4361 1006 4405 essent
1034 4349 1174 4402 scire
1203 4349 1442 4414 studuit;
1475 4364 1576 4418 ego
1602 4365 1696 4418 pro
1723 4360 1963 4420 tempore
1990 4364 2102 4406 tum

537 4443 819 4514 respondi,
855 4457 1033 4510 neque
1083 4439 1264 4494 socios
1300 4439 1435 4492 mihi
1481 4454 1599 4493 esse
1643 4441 1803 4504 ullos,
1855 4459 2026 4511 neque
2057 4445 2103 4498 si

538 4544 746 4596 essent,
783 4549 869 4588 me
903 4534 1049 4602 ipsos
1075 4531 1500 4584 nominaturum.
1529 4532 1690 4600 Atqui
1725 4534 1885 4589 modo
1915 4537 2106 4604 profu-

2209 3353 2302 3404 καὶ
2335 3355 2642 3422 φρονήματι
2674 3353 2770 3406 καὶ
2793 3354 2911 3424 ήθει
2959 3356 3097 3421 μετὰ
3146 3355 3446 3424 ἀσφαλείας
3475 3358 3782 3425 ἀντιλέγειν

2210 3443 2433 3513 πολλῆς,
2464 3445 2524 3496 τὸ
2547 3444 2640 3500 καὶ
2663 3445 2753 3497 τὸν
2786 3446 3199 3516 Μελιτηνιὼτήν
3227 3448 3424 3514 ἔξωθεν
3452 3451 3677 3504 ἑστάναι
3703 3470 3782 3504 τι-

2207 3533 2304 3595 νὰς
2339 3533 2448 3585 τῶν
2505 3534 2750 3589 δυνατῶν
2811 3537 3142 3606 ἀπαγγεῖλαι
3207 3539 3348 3610 ὑπὲρ
3406 3542 3540 3611 ἐμοῦ
3600 3543 3782 3595 πάντιι

2207 3623 2468 3692 πράττειν
2514 3626 2948 3696 προσγενόμενον
3005 3627 3509 3698 προθυμουμένους,
3541 3632 3643 3685 οὐκ
3686 3635 3780 3686 ἐπί

2211 3715 2407 3784 μικρὸν
2438 3716 2721 3770 κατέσεισε
2773 3718 2902 3780 τοὺς
2930 3718 3228 3790 λογισμοὺς
3259 3722 3388 3783 τοὺς
3442 3721 3780 3791 βασιλικούς.

2209 3808 2300 3858 Διὸ
2323 3807 2444 3860 τότε
2472 3807 2572 3877 μὲν
2612 3807 2774 3872 εὐθὺς
2801 3809 2936 3880 ὅπερ
2975 3811 3275 3878 ἀσφάλειαν
3309 3813 3481 3871 ἐδόκει
3518 3816 3780 3885 παρέχειν

2205 3897 2482 3967 ἔπραττε,
2533 3899 2644 3951 τῶν
2702 3899 2905 3967 θρόνων
2961 3902 3282 3968 ἐξαναστάς.
3333 3905 3473 3960 Νυνὶ
3510 3905 3566 3961 δὲ
3597 3907 3778 3970 καλῶς

2207 3987 2352 4058 ἔχειν
2403 3987 2580 4053 ἔδοξεν
2633 3990 2779 4061 αὑτῷ
2849 3993 2976 4056 τοὺς
3040 3995 3380 4071 καταδήλους
3449 3999 3778 4067 γενομένους

2207 4081 2370 4150 ὑμᾶς,
2415 4081 2473 4132 ἐν
2509 4081 2826 4151 εὐεργεσίας
2881 4085 3231 4154 προσχήματι
3285 4088 3634 4158 ἀποστῆσαι·
3685 4093 3782 4143 καὶ

2208 4171 2351 4238 μετὰ
2378 4169 2538 4224 τοῦτο
2587 4172 2748 4224 πάλιν
2780 4173 2960 4226 αὐτῶν
2990 4174 3357 4231 διδασκόντων
3381 4178 3491 4232 τῶν
3521 4183 3780 4250 πραγμά-

2205 4277 2314 4316 των
2344 4255 2424 4324 οἷς
2454 4263 2698 4333 οίήσεται
2751 4263 3122 4333 λυσιτελήσειν
3152 4267 3518 4338 ἐπιχειρήσει.
3561 4271 3780 4324 Τούτων

2206 4354 2372 4406 ἕνεκα
2406 4355 2645 4418 πάντων,
2679 4353 2867 4407 οὐκέτι
2903 4355 3210 4423 διαμέλλειν
3260 4356 3442 4424 οἴομαι
3473 4358 3605 4425 δεῖν,
3654 4361 3780 4414 οὐδὲ

2209 4443 2346 4510 πρὸς
2374 4441 2652 4510 προῦπτον
2685 4443 2927 4496 κίνδυνον
2959 4445 3156 4506 αὐτοὺς
3184 4446 3425 4514 ἀμελεῖν,
3456 4446 3646 4520 ῶσπερ
3673 4451 3781 4503 ὑπὸ

2210 4533 2476 4601 μεγέθους
2501 4532 2608 4585 τῶν
2645 4533 2834 4585 δεινῶν
2861 4535 3162 4596 ἐκστάντας
3192 4535 3302 4587 τῶν
3336 4537 3635 4608 λογισμῶν,
3666 4542 3780 4594 ἀλλ’

538 4636 719 4680 turum
746 4623 943 4688 semio,
975 4621 1246 4691 legatione
1273 4621 1435 4675 missa
1477 4622 1744 4690 conﬁteri,
1782 4625 1984 4681 habere
2013 4644 2100 4684 me

2208 4620 2399 4681 αὐτοὺς
2437 4619 2724 4683 διασώζειν
2753 4620 2828 4682 ὼς
2861 4621 2925 4672 ἂν
2956 4615 3058 4674 οἷοί
3107 4640 3163 4674 τε
3198 4617 3368 4692 ὦμεν.
3403 4627 3524 4678 Ἔτι
3555 4645 3618 4695 γε
3672 4632 3782 4698 μὴν
3812 4622 3836 4634 ”

537 4713 737 4779 socios,
767 4722 820 4766 et
855 4726 1077 4780 poscere
1110 4713 1178 4764 ab
1223 4725 1290 4764 eo
1333 4711 1725 4778 juramentutn,
1777 4730 1893 4768 mea
1939 4732 2104 4773 causa

538 4820 646 4856 non
696 4802 814 4855 fore
867 4801 1080 4870 injuria:
1132 4815 1450 4864 memorem,
1502 4816 1680 4870 neque
1731 4805 1930 4858 malum
1973 4807 2106 4875 ipsis

537 4896 816 4949 daturum.
860 4891 915 4946 Si
962 4900 1147 4958 pacate
1185 4899 1240 4946 et
1281 4901 1568 4947 mansuete
1598 4895 1908 4962 petitionem
1952 4900 2103 4952 exei-

537 4987 724 5054 piens,
785 4983 1167 5053 impunitatem
1223 4982 1330 5037 illis
1377 4997 1720 5040 sacramento
1769 4989 2101 5056 promiserit,

535 5078 762 5132 evidens
809 5081 915 5130 erit
963 5073 1247 5139 indit-ium,
1293 5083 1348 5127 et
1391 5090 1600 5130 meeum
1647 5078 1779 5131 citra
1829 5080 2009 5134 fucum
2046 5082 2101 5135 in

537 5168 765 5238 gratiam
797 5167 1048 5230 rediisse,
1073 5174 1128 5219 et
1157 5179 1254 5218 vos
1284 5165 1400 5221 sine
1434 5176 1576 5229 astu,
1605 5177 1659 5221 et
1701 5169 1936 5235 insidiis,
1973 5188 2101 5226 can-

535 5261 768 5328 dideque
814 5259 866 5312 in
905 5257 1216 5328 provincias
1258 5256 1472 5310 mittere
1515 5259 1802 5327 cogitasse.
1850 5260 1908 5314 Si
1958 5262 2100 5316 indi-

534 5361 748 5421 gnatus,
779 5349 1101 5419 legationem
1133 5348 1364 5416 rejiciet,
1401 5349 1545 5402 nulla
1576 5351 1682 5403 erit
1719 5351 1821 5405 hac
1860 5352 1973 5422 ipsa
2006 5352 2100 5407 lir-

535 5444 674 5497 tttior
700 5433 966 5512 probatio,
997 5439 1176 5494 omnia
1207 5439 1321 5492 [me
1347 5439 1574 5495 subdole
1598 5451 1787 5496 contra
1815 5458 1916 5496 nos
1946 5443 2104 5498 insti-

2208 4711 2301 4762 καὶ
2327 4707 2551 4779 γνώμην
2569 4710 2762 4778 ἑτέραν
2796 4710 2922 4778 περὶ
2941 4710 3048 4762 τῶν
3076 4715 3479 4787 προκειμένων,
3515 4719 3568 4769 ετ
3592 4734 3655 4785 γε
3681 4722 3779 4771 καὶ

2209 4802 2337 4870 ὑμῖν
2369 4801 2634 4866 συνδοκεῖ,
2676 4799 2941 4870 βούλομαι
2973 4802 3296 4872 ἐξενεγκεῖν.
3352 4807 3516 4859 Ποίαν
3549 4808 3613 4878 δὴ
3642 4811 3776 4861 ταύ-

2207 4910 2337 4962 την;
2367 4893 2423 4946 Ὀ
2445 4893 2696 4962 βασιλεὺς
2722 4893 2815 4947 καὶ
2840 4895 3057 4957 πάππος
3085 4896 3281 4965 όὲμδς,
3311 4899 3688 4968 καθάπερῖστε
3715 4904 3780 4972 δὴ

2209 4987 2302 5038 καὶ
2328 4987 2500 5050 αὑτοῖ,
2533 4987 2869 5056 καταδήλους
2895 4990 3024 5050 τοὺς
3051 4990 3176 5058 ἐμοὶ
3206 4992 3465 5055 συνόντας
3509 4995 3776 5065 ἐζήτησεν

2205 5078 2355 5148 αὐτῷ
2388 5080 2632 5146 ποιῆσαι,
2672 5080 2795 5131 τότε
2835 5079 2935 5148 μὲν
2965 5079 3057 5133 οὖν
3103 5083 3452 5152 ἁρμόζοντας
3483 5087 3686 5157 ἁπεκρι
3723 5089 3780 5139 ἀ-

2211 5186 2317 5238 μήν
2357 5169 2435 5238 τῷ
2459 5170 2635 5238 καιρῷ
2670 5169 2880 5237 λόγους,
2922 5171 3048 5241 μήτ’
3079 5169 3219 5226 εἷναι
3248 5173 3420 5227 εἰπὼν
3439 5180 3563 5240 τοὺς
3588 5183 3782 5233 συνόν-

2205 5279 2302 5325 τας
2341 5263 2463 5330 ἐμοὶ
2484 5263 2655 5328 τινας,
2689 5264 2812 5332 μήτ’
2839 5261 2892 5313 εἷ
2921 5279 3027 5333 περ
3056 5264 3184 5330 εἰσὶ,
3211 5267 3541 5336 καταδήλους
3577 5270 3779 5334 αὐτοὺς

2210 5355 2480 5422 ποιήσειν.
2506 5354 2622 5406 Νῦν
2643 5353 2699 5406 δέ
2726 5370 2815 5423 μοι
2839 5354 2985 5408 δοκεῖ
3014 5353 3332 5421 λυσιτελεῖν,
3360 5359 3624 5430 πρεσϐείᾳ
3643 5379 3782 5431 χρη-

2212 5448 2445 5515 σάμενον
2497 5449 2632 5518 πρὸς
2664 5447 2860 5514 αὑτὸν,
2907 5449 3068 5502 ὄτιτε
3111 5449 3250 5503 εἰσιν
3281 5451 3637 5523 ὁμολογῆσαι,
3684 5459 3781 5508 καὶ

1797 5571 2018 5633 Jacobi
2059 5575 2323 5634 Pontani
2358 5585 2545 5638 notat.

605 5698 717 5763 (l9)
755 5694 1067 5763 Cujuslibet
1119 5695 1196 5749 rei
1245 5695 1426 5748 exitus
1468 5693 1672 5748 dicitur
1722 5693 2104 5761 catastrophe,

535 5764 867 5833 proverbiali
915 5765 1109 5830 Iigura.
1165 5765 1453 5833 Sumptum
1510 5763 1843 5833 acutnicis.
1896 5763 2101 5818 Fabula

533 5831 682 5888 enim
717 5831 898 5886 omnis
933 5834 986 5885 itt
1023 5842 1134 5886 tres
1171 5843 1357 5900 partes
1388 5832 1763 5894 distribuitur,
1812 5833 1863 5885 in
1902 5835 2105 5899 πρότα-

537 5921 640 5970 σιν,
687 5903 953 5965 ἐπίτασιν,
1008 5903 1414 5971 καταστροφήν.
1466 5900 1710 5954 Protasis
1755 5910 1836 5954 est
1886 5902 2100 5971 primus

2206 5697 2297 5774 ille
2324 5701 2626 5774 tumultus,
2663 5703 2818 5774 quasi
2844 5702 3103 5772 gliscens.
3137 5705 3378 5774 Epitasis
3417 5709 3575 5763 turba
3609 5709 3779 5766 fervi-

2203 5768 2452 5842 dissitna.
2498 5768 2868 5842 Catastfrophé
2915 5774 3102 5829 subita
3151 5768 3338 5831 rerum
3386 5783 3772 5842 commutatio.

2203 5836 2362 5891 Plura
2389 5841 2531 5908 apud
2547 5836 2878 5896 .Cltilias'teu.
3278 5849 3285 5856 '
