4106 6292
421 283 521 350 145
1583 290 2002 353 ΗΙΞΤΟΙὶῗΑΒ

2105 295 2128 353 Ι
2170 293 2399 354 LIBER
2445 294 2494 352 l.
3549 287 3651 352 146

413 394 598 463 ὅρκοις
617 391 780 447 αὐτὸν
801 395 1104 465 ἀπαιτῆσαι
1131 397 1507 452 πιστώσασθαι
1538 400 1616 469 μὴ
1644 400 1988 469 μνησικακή-

2105 411 2226 464 .uta,
2259 407 2315 455 et
2356 407 2666 468 comparata
2708 413 2854 454 esse.
2898 398 3159 470 Legatum
3208 411 3465 468 magnum
3500 399 3649 468 logo-

415 499 530 537 σειν
562 483 746 546 αὐτοῖς
803 485 928 553 μηδ’
979 487 1302 555 ἀμυνεῖσθαι
1341 489 1440 559 τῆς
1493 490 1706 552 εὐνοίας
1761 490 1860 558 τῆς
1906 493 1985 553 εἰς

2105 490 2294 545 .hetam
2345 488 2690 543 Metochitem
2745 488 3051 553 adhibebo,
3112 488 3207 558 qui
3261 497 3374 540 tum
3429 502 3649 556 quoque

412 572 534 640 ἐμέ.
569 571 632 624 Et
683 575 784 641 μὲν
813 573 906 627 οὖν
950 575 1170 644 ἡμέρως
1199 579 1293 628 καὶ
1345 579 1634 648 προσηνῶς
1689 580 1816 642 τοὺς
1851 579 1982 648 παρ’

2105 594 2266 643 nens,
2313 587 2369 632 et
2416 579 2502 633 avi
2551 562 2816 648 interpres
2859 579 2980 646 fuit,
3030 579 3236 648 quique.
3281 593 3342 632 ea
3392 586 3474 632 est
3507 579 3650 648 apud

414 660 550 728 ἐμοῦ
581 661 870 731 δεξάμενος
901 662 1114 728 λόγους,
1133 666 1316 736 ὅρκοις
1351 669 1692 737 πιστώσηται
1715 670 1814 738 τὴν
1837 668 1980 723 ἀπά-

2107 671 2237 724 llum
2270 671 2614 738 auctoritate,
2653 679 2712 725 ut
2745 671 2898 726 obire
2928 673 3030 727 hoc
3063 686 3263 726 munus
3312 684 3420 724 non
3468 670 3649 725 refor-

415 755 567 806 θειαν
588 755 700 812 τοῖς
746 754 898 823 ἐμοῖς
939 755 1135 824 φίλοις,
1181 759 1411 826 ἐναργὲς
1441 759 1509 813 ἂν
1537 760 1621 829 εἴη
1673 760 1977 829 τεκμήριον
2085 759 2280 813 midet.

415 850 488 911 ὼς
521 849 684 912 αὐτός
717 865 776 902 τε
805 849 1065 920 καθαρῶς
1127 852 1442 922 διήλλακται
1484 854 1619 924 πρὸς
1666 854 1788 924 ἐμὲ,
1836 855 1931 907 καὶ
1983 854 2044 907 τδ
2090 855 2234 922 ὑμᾶς
2265 855 2344 917 είς
2373 855 2545 925 ἀρχὰς
2577 855 2906 924 ἐκπέμπειν,
2941 856 3002 908 οὗ
3063 855 3370 926 περιέργως
3398 854 3507 907 οὐδ’
3537 846 3657 908 ἐπι-

417 943 644 1007 ϐούλως,
672 944 790 998 ἀλλ’
823 947 1010 1010 ἁπλῶς
1045 947 1196 1017 αὑτῷ
1234 938 1405 1014 οῦτωξ
1433 951 1775 1020 ἐπινενόηται
1797 966 1811 982 ·
1848 951 1896 1002 εί
1922 950 1968 1004 δ’
2007 951 2381 1019 ἀγανακτήσει
2443 952 2537 1005 καὶ
2589 952 2937 1006 ἀποσείσεται
2997 951 3097 1022 τὴν
3169 951 3493 1020 πρεσϐείαν,
3550 968 3656 1022 μη-

417 1035 610 1103 δεμίαν
661 1037 830 1108 ἀλλην
873 1038 1148 1105 ἀπόδειξιν
1203 1043 1604 1114 ἐναργεστέραν
1648 1044 1832 1113 ζητεῖν
1880 1043 1975 1096 τοῦ
2019 1043 2195 1097 πάντα
2263 1043 2693 1106 συσκευάζεσθαι
2728 1044 2850 1097 καθ’
2880 1045 3060 1114 ἡμῶν.
3122 1045 3412 1114 Χρήσομαι
3438 1043 3496 1095 δέ
3522 1059 3658 1112 πρε-

420 1125 615 1198 σϐευτῇ
675 1128 754 1199 τῷ
800 1131 1025 1202 μεγάλῳ
1072 1132 1329 1206 λογοθέτῃ
1382 1134 1459 1203 τῷ
1502 1135 1798 1207 Μετοχίτῃ,
1857 1135 1953 1188 ἀτε
1983 1133 2048 1202 δὴ
2087 1135 2181 1187 καὶ
2234 1133 2355 1186 τότε
2387 1134 2768 1202 μεσιτεύσαντι
2801 1135 2938 1206 πρὸς
2966 1137 3066 1198 τὰς
3112 1135 3374 1203 ἀγγελίας
3407 1136 3532 1204 ἐμοὶ
3563 1135 3658 1188 καὶ

415 1216 492 1285 τῷ
514 1220 747 1288 βασιλεῖ,
777 1223 872 1275 καὶ
901 1223 1216 1294 παρρησίαν
1245 1224 1425 1294 ἔχοντι
1463 1225 1599 1296 πρὸς
1628 1226 1811 1290 αὐτὸν,
1839 1225 1980 1278 ὥστε
2019 1225 2297 1297 θαρρῆσαι
2329 1227 2461 1296 περὶ
2493 1223 2753 1278 τοιούτων
2793 1227 3139 1296 πρεσϐεύειν.
3435 1250 3444 1257 ·

1897 1343 2118 1400 CAPUT
2153 1342 2309 1397 XVII.

1897 1345 2118 1400 CAPUT
2153 1345 2309 1397 XVII.

419 1424 644 1510 Magnas
669 1431 928 1510 logotlteta
963 1435 1276 1510 legationem
1303 1440 1504 1508 nepotis
1534 1457 1629 1509 pro
1662 1345 1980 1510 impsufitate
2022 1440 2282 1493 sociorum
2326 1438 2439 1509 ejus
2462 1447 2694 1510 recusat
2725 1456 2744 1494 :
2775 1454 2992 1493 causam
3045 1439 3212 1501 addit,
3269 1453 3430 1507 quam
3477 1451 3662 1510 nepos.

487 1497 673 1578 melius
706 1497 946 1558 sentiens
966 1497 1043 1574 (ιιί
1071 1517 1249 1578 postea
1277 1497 1602 1563 intellectdm
1629 1497 1972 1578 estfrefellit.
1999 1510 2224 1574 Magnus
2249 1497 2561 1562 domesticus
2603 1509 3022 1578 Peloponnesum
3063 1524 3127 1561 ne
3159 1497 3325 1576 petat,
3354 1497 3664 1578 conﬁctam

488 1577 541 1620 et
560 1573 806 1649 jnanem
859 1573 1080 1649 cansam
1133 1577 1388 1631 obtendit.
1450 1581 1522 1632 Ab
1572 1573 1890 1648 imperatore
1943 1573 2125 1648 pusilli
2156 1573 2740 1649 ἀηξηιίᾼνερνείιεηειιέ
2801 1580 2857 1631 in
2915 1573 3237 1649 Thessaliam
3275 1576 3493 1645 jubetur
3535 1573 3663 1628 ire:

475 1638 790 1725 .sufﬁcien'tes
820 1643 1018 1712 copias,
1049 1653 1099 1697 et
1125 1649 1404 1716 pecuniam
1438 1638 1690 1716 postulat.
1738 1638 2114 1702 Protost'ratort'
2146 1645 2379 1716 Prillapt’
2417 1638 2736 1718 praefectura
2771 1647 3139 1701 committitur.

490 1754 728 1810 Τοιαῦτα
774 1756 867 1810 τοῦ
907 1757 1027 1812 νέου
1077 1759 1338 1829 βασιλέως
1393 1761 1852 1832 βουλευσαμένου,
1887 1763 1977 1814 καὶ

2149 1759 2263 1816 Ιλιοο
2300 1760 2531 1815 consilio
2585 1774 2614 1813 a
2681 1759 2900 1828 juniore
2950 1743 3266 1814 Andronico
3340 1757 3656 1825 explanata.

418 1845 515 1899 τοῦ
568 1849 808 1916 μεγάλου
861 1849 1181 1919 δομεστίκου
1240 1853 1337 1905 καὶ
1385 1853 1869 1923 πρωτοστράτορος
1909 1852 1986 1914 ώς

421 1938 603 2001 καλῶς
636 1937 748 2005 ἔχει
784 1940 1404 2012 συνεπιψηφισαμένων,
1446 1943 1722 2013 αὑτοὶ-μὲν
1750 1942 1985 2005 ἕκαστος

419 2030 602 2083 οῖκαδε
647 2030 1006 2103 ἀπεχώρουν·
1065 2033 1320 2103 βασιλεὺς
1367 2034 1412 2086 δ’
1443 2037 1471 2086 ό
1527 2035 1645 2098 νέος
1692 2035 1782 2088 τὸν
1815 2036 1988 2105 μέγαν

423 2121 934 2190 μετακαλεσάμενος
986 2123 1319 2194 λογοθέτην,
1379 2125 1522 2178 οὓτω
1568 2125 1988 2195 διεπρεσϐεύετο

421 2213 559 2280 πρὸς
589 2212 682 2265 τὸν
705 2212 929 2265 πάππον
957 2229 971 2244 ·
1012 2213 1078 2267 Ἥ
1103 2216 1181 2277 είς
1211 2215 1310 2284 ἐμὲ
1338 2216 1442 2285 πρὸ
1476 2217 1573 2284 τῆς
1612 2217 1738 2286 χθὲς
1754 2235 1988 2288 γεγενη-

425 2303 562 2372 μένη
595 2305 744 2372 παρά
783 2305 882 2373 τῆς
913 2309 1012 2374 σῆς
1061 2307 1446 2378 γαληνότητος,
1476 2303 1522 2361 ὦ
1563 2309 1809 2378 βασιλεῦ,
1834 2312 1991 2380 εύερο

423 2393 582 2458 γεσία
604 2393 806 2455 πολλὰς
832 2395 926 2446 καὶ
953 2393 1163 2456 δικαίας
1221 2395 1502 2464 ὁμολογεῖν
1547 2397 1774 2467 χάριτας
1808 2395 1885 2466 τῷ
1914 2395 1991 2466 σῷ

427 2479 602 2532 πείθει
659 2481 874 2550 κράτει.
925 2481 1044 2534 Κᾶν
1096 2483 1206 2553 γάρ
1248 2484 1356 2536 ἀπὸ
1407 2485 1653 2554 ταραχῆς
1696 2486 1791 2538 καὶ
1821 2486 1992 2554 ὀργῆς

426 2565 598 2640 ἦρξαν
629 2571 679 2622 οί
709 2571 879 2639 λόγοι,
928 2571 1044 2626 ἀλλ’
1073 2574 1154 2635 είς
1194 2574 1346 2635 τέλος
1374 2574 1581 2644 ἧμερον
1623 2576 1718 2628 καὶ
1773 2593 1990 2645 συμπα-

429 2662 581 2722 θείας
623 2663 795 2731 γέμον
826 2663 1330 2728 ἀποκαταστάντες,
1370 2664 1570 2734 μᾶλλον
1624 2665 1921 2736 εὔφραναν,
1957 2667 1991 2738 ἢ

429 2753 554 2805 κ,πθ’
597 2753 719 2806 ὅσον
777 2753 1045 2825 πρότερον
1097 2755 1350 2809 ἐλύπουν.
1397 2756 1490 2808 Διὸ
1519 2755 1584 2825 δὴ
1615 2757 1710 2809 καὶ
1755 2757 1865 2810 τῶν
1893 2759 1994 2827 μὲν

432 2841 713 2910 προτέρων
749 2841 825 2902 ὡς
853 2842 1126 2912 πατρικῆς
1152 2842 1322 2896 ὄντων
1351 2844 1446 2898 καὶ
1489 2845 1742 2908 παιδείας
1773 2846 1864 2898 καὶ
1897 2864 1996 2915 κη-

427 2929 704 2998 δεμονίας,
736 2931 846 2984 οὐδ’
873 2933 1384 3003 ἀναμιμνήσκεσθαι
1412 2935 1548 3000 ἀξιῶ
1569 2952 1584 2967 ο
1631 2935 1668 2990 ἀ
1697 2935 1741 2988 δ’
1759 2939 1816 2989 ἐν
1839 2937 1994 2990 ὑστέ-

433 3039 510 3092 ριρ
545 3023 879 3092 πέπρακται,
911 3025 987 3086 ὡς
1030 3024 1158 3089 ἀξια
1185 3025 1278 3078 καὶ
1330 3023 1738 3095 μεγαλοψυχίας
1764 3027 1857 3080 καὶ⁴
1899 3027 1991 3078 εύ-

2087 1867 2118 1906 a
2151 1867 2346 1920 magno
2390 1859 2573 1904 autem
2601 1849 2931 1913 domestico,
2961 1859 3019 1905 et
3051 1857 3447 1919 protostratore
3471 1862 3667 1917 appro-

2089 1943 2236 2006 bato,
2267 1941 2468 2011 singuli
2495 1940 2721 1995 domum
2755 1948 3171 2004 concesserunt,
3199 1947 3365 2009 atque
3391 1938 3667 1993 Androni-

2088 2049 2188 2089 cus
2220 2047 2418 2103 magno
2454 2033 2730 2102 logothcta
2769 2034 2968 2096 accito,
3001 2047 3126 2087 cum
3169 2032 3273 2086 hac
3319 2031 3570 2085 oratione
3595 2030 3664 2084 ad

2089 2137 2250 2192 avum
2286 2124 2440 2178 illum
2473 2125 2690 2179 mittere
2716 2124 3039 2178 instituebat
3066 2141 3080 2178 :
3106 2137 3215 2193 quo
3244 2122 3510 2177 beneﬁcio
3538 2131 3666 2176 ante

2091 2213 2410 2267 hesternum
2458 2212 2605 2266 diem
2653 2214 2924 2268 serenitas
2953 2221 3042 2266 tua
3083 2227 3170 2266 me
3201 2211 3445 2272 ornavit,
3484 2211 3538 2264 id
3575 2225 3661 2265 me

2094 2303 2162 2358 ad
2218 2305 2447 2374 amplas,
2497 2305 2834 2372 meritasque
2877 2303 3081 2373 gratias
3117 2303 3356 2373 agendas
3411 2300 3662 2370 impellit.

2092 2396 2416 2464 Quanquam
2450 2397 2596 2449 enim
2633 2408 2860 2449 sermoa
2881 2395 3314 2463 perturbatione,
3342 2392 3492 2446 etita
3514 2391 3666 2458 prin-
3709 2453 3720 2462 _

2091 2486 2295 2553 cipium
2319 2497 2558 2554 caperet,
2586 2492 2765 2538 tamen
2801 2484 2853 2536 in
2887 2483 3048 2537 ﬁnem
3081 2498 3329 2545 suavem,
3353 2489 3663 2550 mutumque

2094 2576 2405 2630 aﬂ'cctionis
2435 2576 2658 2645 plenum
2683 2575 2966 2639 desinens,
2988 2575 3372 2629 delectationis
3397 2575 3548 2642 copia
3569 2590 3664 2627 an-

2094 2667 2434 2722 tecedentem
2465 2666 2772 2720 molestiam
2802 2666 3008 2720 obruit.
3030 2665 3210 2731 Quare
3237 2665 3508 2734 priorum,
3549 2675 3665 2719 uta

2093 2764 2312 2825 paterna
2355 2753 2730 2822 castigatione,
2767 2767 2832 2807 ac
2855 2751 3229 2807 sollicitudine
3267 2751 3667 2820 protectorum.

2097 2846 2411 2900 meminisse
2435 2845 2558 2899 nolo
2599 2862 2612 2898 :
2639 2859 2759 2913 quae
2797 2855 2980 2897 autem
3009 2844 3286 2912 posterius
3311 2843 3408 2897 abs
3441 2852 3492 2896 te
3523 2843 3666 2896 facta

2098 2946 2246 3001 sunt,
2279 2946 2338 2990 ut
2363 2936 2524 3004 digna
2551 2934 3000 3006 magnanimitate
3020 2934 3394 3002 imperatoria.
3416 2942 3678 3002 paterna-

2105 3043 2210 3097 que
2259 3026 2544 3091 charitate,
2572 3040 2638 3081 ea
2676 3025 2808 3080 mihi
2845 3028 2900 3080 in
2941 3025 3198 3080 medullis
3228 3024 3395 3078 inﬁxa
3445 3039 3664 3093 semper

436 3089 674 3175 μενείας-
701 3113 794 3166 καὶ
823 3115 1097 3185 πατρικῆς
1146 3117 1239 3169 καὶ
1268 3089 1574 3184 βασιλικῆς,
1614 3089 1993 3180 ’ἀνεξάλειπτα

2108 3089 2425 3172 manebunt.
2469 3089 2738 3174 Caeterum
2778 3119 2906 3186 quia
2935 3125 3050 3171 tum
3088 3116 3346 3186 quiddam
3395 3089 3666 3184 prolatum

430 3206 542 3258 δεῖν
567 3205 739 3274 ἐγνσυν
761 3207 1051 3274 φυλάττειν
1081 3209 1138 3260 ἐν
1161 3211 1226 3278 τῇ
1249 3207 1419 3277 ψυχῇ.
1463 3209 1620 3264 Ἐπεὶ
1643 3209 1688 3264 δ’
1711 3210 1770 3263 ἓν
1805 3227 1857 3262 τι
1891 3210 2000 3264 τῶν

436 3296 554 3348 τότε
581 3298 856 3366 ῥηθέντων
908 3296 1006 3364 ἐμέ
1031 3314 1089 3349 τε
1110 3298 1296 3360 δεινῶς
1323 3299 1670 3368 ἐκταράττει,
1718 3299 1812 3352 καὶ
1836 3317 2000 3369 φρον-

433 3385 585 3448 τίδας
608 3389 668 3440 οὐ
699 3389 995 3457 παρέχεται
1033 3387 1256 3457 μικρὰς,
1285 3389 1380 3441 καὶ
1419 3389 1623 3458 ἑτέροις
1648 3389 1918 3442 ἐνέσεισεν
1939 3390 1998 3442 οὗ

436 3478 530 3529 τὸν
569 3478 802 3547 τυχόντα
837 3479 1002 3546 φόϐον
1025 3516 1041 3541 ,
1089 3478 1280 3547 δέομαι
1325 3481 1425 3550 τῆς
1482 3481 1581 3550 σῆς
1610 3481 2002 3552 γαληνότητος.

439 3568 690 3622 ἰάσασθαι
718 3571 812 3622 καὶ
844 3567 1044 3637 ταύτην
1072 3566 1170 3638 τὴν
1197 3570 1487 3639 ἀλγηδόνα.
1521 3571 1679 3624 Ἔστι
1713 3571 1758 3623 δ’
1787 3572 1815 3624 ὃ
1858 3571 2004 3640 λέγω

435 3658 674 3736 τοιοῦτον
700 3675 716 3690 ·
744 3659 870 3722 Σοῦ,
901 3659 1146 3730 βασιλεῦ,
1179 3663 1303 3730 ἐμοὶ
1330 3661 1418 3714 διὰ
1441 3659 1534 3714 τοῦ
1563 3662 1797 3731 μεγάλου
1848 3663 2004 3730 λογο-

441 3751 597 3804 εέτου
620 3751 1021 3820 προστάξαντος
1049 3751 1266 3805 τουτουῒ
1326 3752 1662 3823 καταδήλους
1709 3769 1792 3807 σοι
1816 3752 2002 3807 θέσθαι

438 3843 563 3904 τοὺς
584 3842 839 3906 συνόντας
864 3843 958 3897 καὶ
988 3844 1408 3914 συναιρομένους
1437 3845 1583 3912 ἐμοὶ,
1607 3844 1727 3898 τότε
1751 3847 1851 3915 μὶν
1872 3862 2008 3899 παν-

439 3934 643 3988 τάπασι
671 3933 747 4005 μὴ
775 3929 916 3988 εῖναι
937 3935 1039 3988 ούκ
1067 3921 1415 4006 ἠρνησάμην,
1431 3936 1569 4006 πλὴν
1601 3937 1709 3990 ἀπὸ
1729 3937 2005 4008 λογισμῶν

441 4026 664 4078 εἰκότων
709 4027 1032 4095 ἐπεχείρουν
1067 4025 1141 4088 ὡς
1169 4027 1270 4078 οὐκ
1322 4027 1388 4079 ἀν
1418 4024 1529 4079 εἷεν
1577 4029 2001 4082 ἀποδεικνύναι·

422 4117 537 4196 οἶδ’
567 4113 706 4187 ἦσαν
726 4131 740 4146 ⁸
780 4116 842 4168 τὸ
877 4117 1017 4186 μήτε
1049 4116 1214 4185 πόρον
1273 4117 1418 4186 ἔχειν
1449 4117 1549 4187 ἐμέ
1600 4118 1896 4187 χρημάτων
1923 4112 2005 4180 οἷς

441 4207 661 4268 ἀνίσως
684 4206 940 4275 πείσαιμί
981 4222 1134 4269 τινας
1162 4208 1452 4275 προσέχειν
1506 4208 1650 4276 ἐμοὶ,
1685 4208 1808 4276 μήτ’
1858 4208 2008 4271 ἐξου-

445 4299 564 4357 σίας
597 4295 892 4350 ἀπολαύειν
922 4297 1074 4366 παρὰ
1130 4298 1215 4350 σοὶ
1247 4298 1342 4349 καὶ
1395 4297 1709 4368 παρρησίας
1741 4297 2007 4366 βασιλέως

2102 3211 2342 3280 graviter
2388 3224 2475 3263 me
2511 3209 2684 3278 angit,
2714 3218 2770 3262 ct
2800 3223 2930 3262 cura
2972 3222 3083 3260 non
3117 3206 3225 3260 levi
3257 3205 3537 3264 sollicitat.
3566 3219 3670 3260 nec

2104 3297 2226 3352 aliis
2250 3310 2469 3367 quoque
2492 3297 2750 3366 exiguum
2775 3295 3030 3350 timorem
3058 3293 3279 3358 incutit,
3303 3301 3513 3348 oratam
3542 3294 3669 3349 volo

2104 3389 2454 3443 serenitatem
2488 3396 2658 3450 tuam,
2695 3394 2758 3439 ut
2783 3384 2912 3439 huic
2953 3384 3123 3440 etiam
3156 3384 3335 3439 dolori
3364 3386 3667 3439 medeatur.

2102 3476 2259 3544 Quod
2303 3476 2448 3541 dico,
2488 3477 2594 3530 tale
2623 3483 2741 3529 est:
2770 3475 2904 3530 Cum
2936 3475 3069 3528 mibi
3093 3489 3189 3544 per
3212 3487 3470 3544 magnum
3515 3473 3671 3543 logo-v

2106 3571 2310 3624 thetam
2350 3569 2690 3638 praeceperis,
2747 3575 2809 3622 ut
2863 3567 3214 3622 administros
3265 3576 3430 3636 atque
3470 3566 3671 3621 socios

2104 3675 2259 3716 meos
2287 3661 2384 3715 tibi
2411 3659 2730 3725 indicarem,
2753 3669 2883 3714 tunc
2905 3673 3006 3729 ego
3035 3659 3258 3730 quidem
3282 3673 3393 3713 non
3415 3657 3664 3718 omnino,

2105 3760 2162 3808 et
2191 3752 2438 3807 absolute
2459 3766 2556 3806 eos
2579 3749 2778 3806 habere
2804 3765 2889 3804 me
2907 3750 3099 3820 negavi
3124 3767 3139 3804 :
3163 3757 3545 3804 verumtamen
3587 3763 3674 3801 ra-

2107 3841 2352 3896 tionibus
2398 3841 2793 3896 verisimilibus
2843 3838 3225 3894 demonstrare
3265 3836 3548 3900 contendi,
3579 3848 3672 3889 eos

2106 3947 2226 3988 esse
2278 3932 2456 3986 nullos
2508 3946 2689 4000 posse,
2718 3929 2814 3999 qui
2864 3939 3023 3984 erant
3057 3946 3071 3980 :
3112 3928 3258 3996 quod
3295 3942 3399 3981 nec
3429 3926 3673 3988 viam,et

2109 4023 2330 4077 modum
2363 4019 2732 4090 adipiscendae
2771 4020 3020 4088 pecunia:
3049 4031 3413 4086 nossem,qua
3444 4015 3673 4070 fortasse

2107 4113 2371 4183 quosdam
2411 4111 2478 4164 ad
2523 4109 2873 4179 obsequelam
2931 4123 3108 4162 meam
3172 4107 3490 4161 inducerem
3522 4124 3537 4160 :
3572 4121 3675 4160 nec

2109 4218 2321 4273 possem
2339 4200 2478 4272 apud
2504 4209 2555 4256 te
2583 4199 2690 4254 frui
2720 4215 2787 4255 eo
2803 4201 2946 4270 jure,
2967 4213 3138 4268 eaque
3160 4197 3405 4264 licentia,
3427 4212 3549 4266 qum
3575 4197 3673 4251 im-

2110 4294 2378 4365 peratoris
2426 4292 2536 4346 tilio
2586 4292 2911 4356 deberetur;
2938 4299 3160 4361 propter
3182 4304 3350 4358 quam
3379 4289 3544 4342 etiam
3572 4288 3674 4342 ob-

444 4389 591 4440 παιδὶ
627 4388 965 4458 πρεπούσης,
989 4388 1056 4440 δι’
1088 4387 1155 4457 ἢν
1184 4387 1251 4441 ἂν
1286 4389 1383 4441 καὶ
1404 4389 1806 4459 θεραπευθειην
1855 4389 2002 4458 παρά

2113 4400 2382 4448 scrvarer,
2415 4393 2470 4438 et
2499 4383 2711 4437 colercr
2741 4383 2810 4436 ab
2842 4382 2910 4435 iis
2936 4383 3030 4451 qui
3061 4395 3218 4449 Opem
3251 4394 3428 4433 meam
3457 4376 3678 4431 deside-

443 4477 551 4529 τῶν
582 4477 678 4547 τῆς
715 4479 853 4546 ἐμῆς
893 4477 1159 4545 ὠφελείας
1195 4478 1555 4548 δεησομένων.
1611 4478 1746 4530 Νυνὶ⁵
1769 4479 1826 4532 δέ
1873 4481 2002 4533 αὐτό

2113 4477 2282 4531 raturi
2328 4485 2531 4530 essent.
2559 4473 2714 4528 Nunc
2759 4473 2878 4527 dies
2921 4473 3036 4540 ipsa
3079 4479 3362 4524 consortes
3389 4483 3544 4523 meos
3580 4469 3675 4536 qui

443 4585 502 4620 τε
531 4570 593 4620 τὸ
640 4570 872 4638 πρᾶγμα
932 4569 1201 4638 φανεροὺς
1258 4569 1533 4638 ἠνάγκασε
1568 4569 1821 4635 γενέσθαι
1881 4573 2002 4634 τοὺς

2115 4569 2226 4624 sint
2258 4569 2489 4637 aperuit,
2517 4576 2572 4622 et
2601 4581 2702 4636 ego
2739 4565 2806 4619 de
2836 4563 2904 4618 iis
2932 4561 3217 4617 conﬁteor.
3239 4561 3672 4629 Attamen,quod

447 4660 874 4730 προσκειμένους
896 4661 1040 4728 ἐμοὶ,
1087 4662 1182 4712 καὶ
1217 4659 1382 4722 αὐτὸς
1411 4659 1468 4712 δέ
1501 4659 1613 4728 ἐγὼ
1633 4659 1774 4714 εἶναι
1819 4663 2013 4732 ὁμολο-

447 4753 549 4820 γῶ.
573 4753 738 4822 Πλὴν,
766 4754 904 4823 ὅπερ
934 4753 1028 4805 καὶ
1051 4752 1162 4805 τότ’
1190 4751 1347 4821 ἔφην,
1372 4752 1472 4804 ούκ
1492 4751 1798 4821 ὀφείλοντες
1829 4753 2010 4823 χάριν,

449 4844 582 4898 ἀλλά
612 4847 1089 4914 προκατάρχοντες
1139 4844 1338 4912 μάλλον
1375 4844 1596 4914 χάριτός
1653 4846 1782 4896 είσι.
1818 4845 1909 4897 Διὸ
1946 4845 2011 4916 δη

451 4937 543 4986 καὶ
571 4934 834 4987 ἀντιϐολῶ
888 4935 990 5002 τὴν
1023 4933 1122 5000 σὴν
1173 4932 1507 5000 ἡμερότητα,
1546 4931 1790 4999 βασιλεῦ,
1824 4932 2012 5001 ὅρκοις

450 5025 571 5094 ἐμοί
600 5041 658 5078 τε
685 5027 779 5078 καὶ
834 5026 1017 5087 αὐτοῖς
1048 5023 1442 5089 πιστώσασθαι,
1472 5024 1531 5075 τὸ
1564 5023 1796 5086 ἀπαθεῖς
1825 5024 2012 5079 κακῶν

454 5118 614 5187 μέχρι
644 5118 844 5178 παντὸς
878 5117 1294 5185 διατηρηθῆναι.
1332 5114 1487 5168 Οὓτω
1516 5119 1624 5188 γὰρ
1653 5115 1777 5184 ἐμοί
1807 5132 1868 5170 τε
1917 5118 2013 5171 καὶ

451 5209 632 5270 αὐτοῖς
667 5206 1027 5277 θαρῤήσασιν,
1055 5207 1270 5274 ἀφόϐως
1289 5224 1347 5260 τε
1375 5207 1544 5277 βιοῦν,
1563 5208 1755 5277 καὶτῷ
1779 5208 1858 5278 σῷ
1877 5209 2015 5279 κρά-

451 5315 534 5352 τει
585 5298 808 5368 χάριτος
862 5299 1145 5368 ὁμολογεῖν
1195 5299 1391 5360 πολλάς
1438 5297 1743 5369 περιέσται.
1776 5299 2014 5354 Τοιαῦτα

457 5390 554 5460 μὲν
580 5389 610 5440 6
640 5390 758 5453 νέος
803 5388 1058 5459 βασιλεὺς
1113 5388 1249 5460 πρὸς
1284 5387 1576 5458 λογοθέτην
1623 5388 1870 5458 διεξῆλθε
1924 5389 2016 5442 τὸν

458 5479 667 5548 μέγαν,
719 5478 794 5542 ὡς
842 5478 1258 5548 ἀπαγγελοῦντα
1287 5479 1364 5549 τῷ
1413 5481 1623 5550 πάππῳ
1650 5479 1746 5532 καὶ
1784 5479 2014 5548 βασιλεῖ,

459 5569 792 5638 συνάρασθαι
821 5571 916 5623 καὶ
948 5570 1114 5624 αὐτὸν
1145 5569 1382 5635 ἀξιώσας
1419 5570 1557 5636 πρὸς
1587 5570 1767 5638 τοῦτο,
1797 5572 1898 5628 καὶ
1919 5572 2020 5640 τὴν

457 5657 570 5710 τῶν
593 5659 772 5728 ὅρκων
819 5659 1168 5732 ἐκπλήρωσιν
1216 5659 1514 5716 ὑποθέσθαι
1554 5659 1631 5732 τῷ
1683 5660 1905 5731 βασιλεῖ
1944 5661 2021 5727 ὡς

2114 4673 2171 4716 et
2201 4670 2314 4713 tum
2359 4660 2626 4721 dicebam,
2660 4673 2768 4711 non
2823 4656 2955 4709 mihi
3005 4655 3232 4724 gratiam
3274 4652 3553 4716 referunt;
3582 4653 3676 4706 sc.l

2119 4754 2300 4822 potius
2329 4753 2501 4821 gratia
2549 4765 2635 4804 me
2677 4755 3051 4803 antevertunt.
3076 4745 3340 4812 Quocirca
3392 4755 3498 4799 tuae
3527 4759 3683 4797 man-

2120 4843 2397 4897 suetudini
2425 4842 2653 4911 supplex
2693 4839 2788 4903 tio,
2829 4839 2988 4894 nobis
3025 4837 3382 4909 iuri-iurando
3409 4835 3570 4890 ﬁdem
3603 4834 3682 4889 ia:

2119 4935 2256 5000 cias,
2280 4947 2390 4987 non
2413 4933 2467 4987 id
2499 4933 2606 4988 illis
2639 4947 2883 5002 unquam
2913 4931 3092 4986 fraudi
3123 4930 3392 4984 futurum.
3419 4928 3512 4983 Sic
3530 4942 3681 4981 namo

2118 5044 2225 5098 que
2262 5027 2395 5082 mihi
2434 5027 2738 5095 iisdemque
2771 5023 3089 5087 ﬁdentibus,
3123 5030 3300 5076 metus
3327 5028 3582 5089 expertes
3601 5016 3684 5070 vi-

2123 5137 2276 5185 vere,
2308 5129 2524 5190 tuasque
2563 5117 2834 5189 maiestati
2876 5113 3242 5185 amplissimas
3277 5126 3438 5181 agere
3479 5109 3681 5180 gratias

2121 5212 2327 5268 licebit.
2355 5209 2464 5283 54
2495 5210 2618 5264 Haec
2639 5210 2706 5263 ad
2742 5221 2998 5277 magnum
3031 5205 3359 5272 logothetam
3394 5212 3586 5267 nepos,
3623 5205 3684 5250 ut

2122 5316 2224 5357 avo
2250 5297 2567 5369 imperatori
2593 5312 2657 5352 ea
2700 5297 3100 5367 expositurum,
3141 5290 3337 5346 et‘sibi
3362 5299 3582 5356 quoque
3625 5284 3682 5338 in

2122 5404 2187 5444 ea
2217 5404 2275 5443 re
2311 5400 2530 5456 operam
2566 5385 2847 5447 daturum,
2872 5382 3020 5454 quod
3047 5378 3324 5448 cupiebat,
3353 5388 3590 5443 eumque
3614 5373 3685 5428 de

2119 5481 2432 5551 iuramento
2458 5474 2844 5544 concipiendo,
2869 5482 2930 5527 ut
2958 5471 3210 5541 pluribus
3231 5469 3358 5524 inde
3388 5462 3686 5522 commodio

2126 5569 2332 5625 tatibus
2361 5565 2788 5638 promanaturis,
2836 5563 3246 5619 admoniturum
3278 5558 3556 5614 videlicet.
3582 5553 3689 5610 Lo~

2127 5659 2342 5735 gothela
2367 5655 2665 5716 continuo:
2702 5655 2817 5728 Ego
2846 5671 2936 5712 me
2959 5654 3085 5711 boni
3117 5652 3350 5723 alicujus
3373 5661 3505 5719 ergo
3532 5647 3601 5703 ad
3631 5654 3691 5704 te
