4106 6292
457 292 556 355 M7

1638 297 1958 360 JOANNIS
2018 294 2545 356 CANTACUZENI

3613 303 3713 367 148

461 417 715 463 vocatum
741 410 1140 481 interpretaoar
1175 412 1305 485 (‘20),
1324 431 1519 484 nempe
1540 424 1597 469 ιιι
1619 430 1720 468 avo
1741 407 2018 482 subjectio.

2139 407 2346 460 πολλῶν
2379 410 2601 477 ἀγαθῶν
2625 411 2688 463 ἐκ
2730 410 2922 464 τούτου
2956 412 3411 482 συμϐησομένων.
3461 416 3522 468 '0
3547 411 3592 470 δ’
3624 421 3717 472 εύ-

459 513 584 552 nem
617 509 788 565 tuam,
818 503 1143 572 plenamque
1172 505 1421 575 obsequii
1457 505 1790 558 voluntatem
1817 512 1910 555 tuo
1933 518 2030 555 no-

460 590 607 643 mine
631 589 927 648 indicarem
955 609 972 646 :
997 604 1106 662 quo
1149 597 1311 664 pacto
1353 612 1478 652 eum
1515 595 1868 664 placidiorem
1907 593 2028 654 tibi,

460 682 844 751 mitioremque
877 681 1139 738 eiiiceres.
1163 687 1329 755 Atqui
1355 701 1439 740 me
1484 679 1677 739 fefellit
1713 683 2025 753 augurium,

457 782 507 822 et
535 771 872 826 contrarium
899 774 1102 828 evenit.
1120 773 1466 842 Quapropter
1489 791 1588 828 nec
1615 772 1872 826 nuntiare
1891 773 2025 835 haec,

458 875 560 914 nec
597 857 714 930 ejus
743 863 985 916 animum
1027 861 1227 916 talibus
1261 864 1443 917 verbis
1483 861 1817 916 exacerbare
1860 855 2022 925 velo;

454 954 674 1017 quando
703 969 876 1022 usque
907 955 1064 1008 hodie
1087 953 1395 1008 inauditum
1427 963 1531 1016 est,
1562 951 1812 1006 dominos
1839 953 2024 1021 jurare

455 1047 626 1100 servis
657 1047 791 1116 (Ἦ).
823 1045 976 1111 Quod
1031 1048 1075 1100 si
1133 1048 1244 1110 liat,
1276 1045 1481 1100 domini
1509 1045 2022 1100 condemnabuntur

453 1136 647 1195 servis,
674 1137 1136 1204 quemadmodum
1161 1137 1236 1190 illi
1270 1137 1533 1200 dominis;
1573 1136 1718 1203 quod
1783 1134 2024 1189 insolens

448 1231 504 1273 et
542 1224 840 1277 absurdum
888 1235 990 1278 est.
1022 1225 1134 1295 Ego
1164 1241 1294 1279 vero
1327 1241 1526 1294 auceps
1557 1226 1754 1288 luereo,
1804 1223 2024 1278 dubito-

451 1331 559 1382 que
597 1317 973 1382 vehementer,
999 1319 1044 1372 si
1069 1319 1350 1386 quasierit
1380 1319 1700 1387 imperator,
1737 1332 1837 1370 cur
1875 1316 1940 1370 ad
1969 1326 2020 1370 te

454 1405 634 1466 ierim,
665 1405 794 1474 quid
845 1406 1072 1460 honeste
1118 1407 1496 1475 respondeam.
1533 1405 1640 1460 Sed
1667 1420 1888 1460 causam
1915 1403 2021 1458 ali-

449 1513 612 1564 quam
641 1497 995 1564 profectionis
1019 1498 1082 1551 ad
1117 1508 1167 1552 te
1199 1511 1332 1552 mete
1365 1497 1753 1551 comminiscar
1784 1513 1803 1549 :
1845 1505 1897 1550 te
1923 1510 2020 1547 au-

453 1597 559 1639 tem
588 1588 796 1652 hortor,
839 1596 895 1641 et
926 1588 1256 1653 obsecro,ut
1290 1589 1358 1642 de
1390 1589 1601 1657 reliquo
1632 1595 1809 1642 taceas
1843 1586 1910 1641 de
1933 1587 2020 1641 bis

451 1677 666 1743 penitus
703 1695 715 1731 :
747 1678 1019 1747 prospicio
1051 1679 1220 1743 enim,
1248 1675 1500 1733 horribili
1521 1681 1672 1734 exitu
1697 1679 2016 1732 conclusum

448 1769 536 1831 iri,
570 1769 612 1821 si
637 1773 701 1821 a:l
739 1779 900 1822 aures
933 1771 1017 1823 avi
1041 1771 1413 1838 pervenerint.
1446 1770 1515 1824 At
1541 1770 1676 1822 mihi
1705 1769 1864 1838 plane
1887 1784 2021 1822 con-

451 1873 532 1912 tra
555 1861 781 1921 sentire,
816 1859 1108 1930 dicereque
1138 1862 1192 1915 in
1227 1869 1466 1915 mentem
1489 1861 1658 1918 venit.
1691 1860 1896 1928 excipit
1923 1869 2022 1913 ne-

441 1963 545 2017 pus
573 1965 586 2012 ;
614 1966 723 2003 non
753 1950 902 2005 enim
941 1951 1098 2016 mala,
1130 1953 1223 2005 sed
1253 1951 1675 2006 innumerabilia
1706 1952 2024 2018 boua~,h_anc

449 2043 778 2105 «irationem,
799 2044 842 2096 si
863 2043 957 2110 ita,
979 2043 1526 2112 utcupio,habeatur,
1547 2045 1844 2112 parituram
1863 2043 2022 2098 nobis

448 2133 685 2188 confido.
725 2135 895 2188 Porro
925 2137 1171 2204 quaedam
1207 2135 1363 2192 istius
1386 2137 1606 2206 generis
1623 2137 1786 2191 etiam
1807 2135 1908 2190 sub
1933 2145 2023 2188 an-

452 2221 708 2292 tegreSsis
758 2224 1178 2292 imperatoribus
1234 2240 1336 2279 usu
1387 2233 1676 2281 venerunt.
1708 2226 1826 2281 Non
1861 2225 2021 2292 longe

448 2313 638 2368 abiero
669 2329 682 2380 ;
719 2329 876 2368 meus
941 2329 1176 2384 proavus
1227 2315 1456 2370 Michael
1501 2317 1799 2386 imperator
1845 2317 2022 2372 adhuc

385 2448 402 2464 _
450 2405 715 2473 privatus,
749 2418 805 2462 et
851 2406 1046 2460 Joanni
1087 2407 1324 2463 Batatza:
1368 2408 1685 2476 imperatori
1718 2408 2018 2478 subjectus,

449 2497 596 2565 quod
635 2499 702 2552 ab
738 2514 804 2554 eo
841 2500 1083 2552 atrocius
1114 2499 1375 2568 quiddam
1406 2500 1508 2554 sibi
1546 2511 1800 2568 paratum
1843 2501 2022 2568 suspi-

448 2599 688 2652 caretur,
723 2589 788 2643 ad
832 2583 1124 2643 Persarum
1180 2590 1483 2659 principem
1521 2591 1798 2644 sultanum
1831 2591 2021 2645 confu-

447 2682 546 2744 git.
577 2677 708 2730 ln’de
755 2692 854 2745 per
898 2677 1135 2745 legatum
1166 2678 1538 2746 juramentum
1575 2695 1702 2732 eum
1750 2679 2019 2748 poposcit,

447 2783 557 2833 quo
588 2776 905 2829 testaretur,
935 2775 990 2821 et
1022 2767 1199 2837 fugam
1225 2783 1283 2822 se
1315 2770 1393 2823 illi
1427 2770 1762 2833 condonare,
1793 2779 1850 2825 et
1880 2770 2018 2824 nihil

450 2859 505 2911 in
537 2867 813 2924 posterum
853 2857 1074 2926 gravius
1091 2858 1228 2912 velle
1253 2858 1307 2912 in
1338 2859 1512 2927 ipsqu
1538 2867 1805 2913 statuere.
1836 2861 2019 2927 Impe-

451 2953 602 2999 rator
648 2943 888 3012 legatum
929 2943 1167 2998 libenter
1195 2944 1371 2998 audiit
1399 2961 1412 2997 :
1449 2954 1505 2999 et
1535 2959 1844 3013 quanquam
1873 2951 2018 2998 esset

449 3035 725 3098 dominus,
757 3036 1093 3104 juramento,
1122 3035 1268 3104 quod
1293 3036 1543 3090 subditus
1571 3037 1809 3104 petebat,
1833 3050 1890 3090 se
1921 3037 2018 3092 ob-

451 3124 696 3178 strinxit.
729 3123 842 3180 Nec
868 3125 1016 3180 solus
1044 3125 1358 3188 ille,\'erum
1388 3132 1512 3180 ante
1536 3125 1689 3179 illum
1717 3128 2018 3194 complures

2125 3035 2234 3087 λῶν
2271 3035 2490 3107 Ἰωάννῃ
2511 3035 2758 3105 Busirin
2780 3035 2856 3102 τῷ
2893 3035 3124 3103 βασιλεῖ,
3155 3035 3396 3088 κίνδυνόν
3416 3049 3538 3086 τινα
3565 3035 3591 3086 ύ

2133 3127 2332 3194 νοήσας
2369 3127 2426 3186 ἐς
2479 3124 2640 3180 αὑτὸν
2690 3123 2841 3194 ⁴ἥξειν
2888 3126 2950 3176 ὲκ
3001 3120 3303 3193 βασιλέως,
3353 3124 3591 3194 ηύτομόλ

2084 3139 2091 3141 ‘
2133 3139 2332 3194 νοησας
2369 3139 2426 3186 ες
2479 3139 2640 3180 αυτον
2690 3139 2841 3194 ηςειν
2888 3139 2950 3176 εκ
3001 3139 3303 3193 βασιλεως,
3353 3139 3695 3194 ηύτομολησε

451 3124 696 3178 strinxit.
729 3123 842 3180 Nec
868 3125 1016 3180 solus
1044 3125 1358 3198 ille,\'erum
1388 3132 1512 3180 ante
1536 3125 1689 3179 illum
1717 3128 2026 3194 complures

449 3214 681 3284 alicujus
712 3216 1072 3269 emolumenti
1099 3226 1216 3284 spe,
1241 3215 1504 3286 subjectis
1533 3220 1878 3286 iuraverunt.
1910 3218 2026 3284 Dic,

449 3307 665 3371 amabo,
694 3306 791 3376 'per
820 3307 994 3377 ipsam
1020 3309 1327 3372 veritatem,
1357 3309 1399 3362 si
1429 3309 1508 3362 vel
1548 3310 1650 3363 hoc
1677 3320 1923 3377 tempore
1947 3310 2025 3375 illi

456 3398 582 3466 ipSi,
620 3401 851 3467 quorum
877 3402 1040 3453 causa
1070 3411 1170 3467 ego
1193 3401 1336 3453 iStuc
1358 3399 1730 3469 j‘dramentdm
1765 3415 2022 3469 exposco,

452 3490 651 3542 timore
702 3491 930 3556 periculi
973 3491 1040 3544 ad
1080 3491 1318 3559 aliquem
1360 3490 1715 3546 ﬁnitimorum
1763 3493 2025 3548 barbaro-

450 3585 572 3634 rum
600 3589 658 3634 se
687 3577 1026 3644 cunferreiit,
1051 3591 1172 3649 post
1209 3582 1516 3644 mitterent,
1549 3592 1603 3635 et
1631 3583 1884 3652 adjurare
1919 3584 2023 3637 im-

451 3677 756 3740 peratorem
807 3672 1169 3736 postularent,
1217 3672 1452 3726 reversis
1503 3672 1637 3725 nihil
1683 3673 2022 3730 iullicturum

452 3762 603 3826 ntali;
635 3759 883 3829 nunquid
927 3764 1306 3814 recnsa‘turum
1357 3763 1590 3816 censes?
1617 3762 1885 3830 Equidem
1919 3761 2021 3833 ego

448 3857 560 3906 non
591 3843 807 3906 censeo.
837 3849 980 3918 Ergo
1007 3849 1152 3918 Quod
1186 3855 1236 3902 te
1269 3850 1455 3918 judice
1491 3853 1786 3906 necessitas
1815 3853 2020 3924 alioqui

449 3942 802 4009 eXprimeret,
855 3927 906 3994 id
949 3941 1006 3994 in
1062 3940 1300 4008 premens
1345 3943 1639 3998 multorum
1701 3948 2022 4003 commodo-

450 4045 570 4084 rum
599 4030 931 4100 exspectalio
962 4030 1235 4098 impetret.
1269 4029 1373 4101 55
1407 4031 1506 4086 Ubi
1534 4048 1704 4102 nepos
1724 4036 2014 4104 conticuit,

450 4129 680 4191 magnus
723 4121 998 4191 logotheta
1028 4122 1168 4175 dicta
1195 4127 1294 4176 sua
1339 4122 1565 4186 iterans,
1601 4123 1817 4194 aliaque
1847 4129 2017 4183 multa

453 4212 825 4277 accumulans,
852 4212 1111 4280 omnique
1155 4213 1369 4266 ratione
1421 4216 1750 4282 postulatum
1801 4219 2014 4288 inUtile,

454 4317 556 4380 nec
581 4301 700 4357 fieri
735 4317 894 4372 posse
917 4302 1300 4357 demonstrans
1331 4319 1345 4355 :
1372 4314 1632 4370 praeterea
1651 4323 1708 4361 se
1742 4307 1794 4360 in
1823 4308 1926 4365 ista
1958 4326 2016 4365 re

2135 501 2251 565 θὺς,
2287 503 2526 568 Ἔγωγε,
2579 499 2730 554 εἶπεν
2761 543 2772 562 ,
2805 503 3015 573 ᾠήθην,
3067 499 3112 558 ὦ
3145 507 3391 574 βασιλεῦ,
3441 508 3538 577 τὴν
3571 501 3712 579 ἒμὴν

2136 591 2284 655 παρὰ
2337 590 2429 643 σοῦ
2458 592 2651 659 κλῆσιν
2683 592 2820 660 πρός
2865 611 2917 645 τι
2945 589 3136 662 φέρειν
3169 593 3277 647 τῶν
3300 593 3524 660 ἀγαθῶν
3549 613 3562 627 ·
3596 601 3712 652 ἐνό·

2139 673 2293 743 μιζον
2315 674 2422 743 γὰρ
2453 675 2527 736 ὡς
2555 675 3023 739 ὑποπεπτωκότας
3063 675 3220 740 τινᾶς
3259 680 3354 730 καὶ
3387 677 3715 745 θεραπευτι-

2133 764 2262 824 xei);
2291 764 2482 830 λόγους
2523 764 2590 816 δι’
2640 764 2774 834 ἐμοῦ
2819 766 3080 832 μηνύσεις
3129 767 3206 836 τῷ
3249 765 3486 836 βασιλεῖ,
3545 759 3604 833 ἐξ
3637 766 3711 822 ὧν

2130 855 2487 925 ἡμερωτέραν
2525 856 2814 924 ἅπεργάτῃ
2851 857 2945 908 καὶ
2973 859 3214 926 πραεῖαν
3259 857 3429 910 αὐτοῦ
3469 859 3567 926 τὴν
3612 859 3685 926 dm

2129 947 2252 1015 χήν.
2283 946 2354 999 Τὸ
2379 947 2422 996 δ’
2466 933 2728 1008 ὲναντίωε
2774 946 2886 1016 ιἔχει
2941 939 3140 1015 μᾶλλον
3188 948 3220 1017 ἥ
3263 935 3426 1012 αύτὺς
3449 950 3707 1020 προσεδό-

2129 1053 2260 1090 κων.
2314 1035 2475 1089 Ὅθεν
2505 1037 2613 1090 οὐδ’
2670 1038 2832 1100 αὐτὸς
2886 1029 3120 1104 ἄγγέλος
3182 1035 3323 1092 εἶναι
3375 1040 3707 1109 βουλήσομαι

2128 1127 2408 1187 τοιούτων.
2444 1128 2554 1180 οὔδ’
2582 1129 2664 1189 εἰς
2711 1129 2881 1198 ὀργὴν
2925 1130 3121 1196 ἐξάψαι
3153 1112 3355 1197 μᾶλλον
3387 1130 3475 1183 διὰ
3500 1132 3706 1184 τούτων

2126 1218 2254 1280 τοὺς
2289 1217 2382 1270 τοῦ
2409 1217 2674 1287 βασιλέως
2699 1219 2924 1288 θυμούς.
2946 1215 3082 1273 Οὐδὲ
3106 1220 3214 1290 γὰρ
3245 1221 3353 1274 οὔδ’
3387 1222 3526 1290 ἀκοῇ
3561 1240 3705 1293 παρ·

2125 1307 2428 1376 ειλήφαμεν
2482 1307 2610 1378 ἄχρι
2680 1310 2775 1362 καὶ
2829 1309 2924 1361 νῦν
2973 1312 3097 1374 τοὺς
3152 1311 3420 1375 δεσπότας
3477 1313 3704 1382 ὀμνύναι

2123 1399 2234 1460 τοῖς
2297 1397 2502 1460 δούλοις
2529 1437 2543 1461 ,
2604 1400 2913 1452 τούναντίον
2965 1401 3022 1453 δὲ
3063 1401 3300 1469 μᾶλλονο
3343 1401 3376 1470 ἢ
3442 1403 3493 1454 si
3545 1404 3706 1456 τοῦτο

2124 1490 2354 1555 γένοιτο,
2409 1492 2558 1542 καὶὸ
2615 1491 2884 1559 δεσπότης
2945 1493 3172 1562 ὀφλήσει
3254 1495 3368 1556 τοῖς
3419 1494 3702 1563 ὑπηκόοις,

2121 1581 2259 1649 ὅπερ
2288 1579 2544 1648 ὄφλουσιν
2592 1582 2747 1634 αὐτοὶ⁸
2781 1585 2892 1644 τοίς
2922 1583 3244 1646 δεσπόταις·
3291 1586 3431 1654 ὅπερ
3468 1585 3701 1647 ἀτοπίας

2122 1677 2222 1730 οὑκ
2260 1675 2326 1728 ἂν
2347 1675 2430 1745 εἴη
2472 1675 2706 1744 μακράν.
2743 1677 2883 1744 Ἐγὼ
2927 1677 2984 1729 δὲ
3026 1679 3123 1731 καὶ
3172 1679 3375 1752 ἀπορίᾳ
3409 1679 3553 1751 δεινῇ
3585 1698 3706 1732 συν-

2134 1767 2349 1836 έχομαι,
2380 1769 2444 1820 ἂν
2477 1770 2503 1819 ό
2551 1765 2803 1835 βασιλεὺς
2852 1768 3040 1838 ἔρηται
3076 1769 3210 1822 ὅπου
3250 1769 3411 1840 χάριν
3463 1773 3596 1841 πρός
3645 1790 3704 1824 σε

2132 1859 2392 1927 ἀφῖγμαι,
2443 1857 2568 1910 τίνα
2597 1857 2663 1911 ἂν
2693 1859 2987 1928 ἀπολογίαν
3036 1863 3392 1932 εὐπρόσωπον
3420 1865 3700 1935 ἀποδοίην.

2133 1949 2274 2019 Πρὸς
2305 1949 2512 2004 ἐκεῖνον
2543 1949 2644 2019 μὲν
2673 1951 2765 2004 οὖν
2797 1937 2977 2004 αίτίαν
2999 1955 3120 2005 τινα
3147 1953 3427 2023 πλάσομαι
3461 1957 3560 2025 τῆς
3581 1959 3706 2025 ἀφί-

2132 2039 2288 2103 ξεας,
2323 2042 2403 2093 σοὶ
2434 2041 2490 2093 δὲ
2529 2041 2779 2108 παραινῶ
2815 2043 2907 2094 καὶ
2938 2041 3164 2113 προσέτι
3193 2047 3286 2098 καὶ
3321 2046 3572 2109 ἱκετεύω,
3601 2049 3676 2115 μη

2132 2133 2250 2184 κέτι
2301 2131 2566 2200 μηδαμῶς
2608 2134 2737 2201 περὶ
2767 2131 3023 2185 τοιούτων
3057 2134 3215 2201 λόγον
3257 2139 3446 2188 κινεῖν.
3486 2127 3704 2203 Συνορῶ

2131 2223 2239 2293 γὰρ
2270 2223 2450 2288 αὐτὸς,
2515 2223 2588 2284 ὠς
2621 2225 2700 2286 εἰς
2728 2227 2896 2278 κακὸν
2928 2225 3225 2294 ἀνήκεστον
3259 2227 3593 2297 τελευτήσει,
3637 2229 3702 2280 ἂν

2129 2315 2208 2376 είς
2235 2314 2402 2381 ἀκοὴν
2423 2313 2550 2384 ἔλθῃ
2585 2314 2662 2381 τῷ
2693 2313 3098 2384 βασιλεῖ.Ἐμοὶ
3123 2315 3181 2368 δὲ
3213 2309 3523 2371 τούναντίον
3558 2320 3702 2370 ἇπαν

2130 2402 2307 2456 ἔπεισι
2342 2403 2435 2455 καὶ
2457 2405 2596 2456 νοεῖν
2615 2403 2711 2456 καὶ
2733 2403 2935 2469 λέγειν,
2966 2405 2995 2457 ό
3035 2406 3151 2468 νέος
3187 2407 3376 2475 εἴρηκε
3420 2407 3702 2476 βασιλεύςο

2127 2497 2188 2547 ού
2222 2494 2328 2562 γὰρ
2365 2495 2552 2547 κακῶν
2600 2495 2803 2556 αἰτίους
2841 2495 3093 2548 τουτουσὶ⁵
3138 2498 3264 2558 τοὺς
3321 2497 3532 2564 λόγους,
3564 2499 3700 2551 ἀλλὰ

2131 2585 2339 2653 μυρίων
2367 2568 2606 2650 ὰξαθῶν,
2645 2584 2710 2636 ἄν
2730 2599 2836 2651 περ
2871 2581 2944 2645 ὡς
2968 2583 3129 2646 αὐτὸς
3162 2583 3299 2647 ἁξιῶ
3323 2582 3590 2653 γένηται,
3619 2603 3703 2636 νο-

2130 2675 2289 2743 μίζω.
2320 2674 2443 2726 Ὀτι
2482 2673 2537 2726 δὲ
2579 2675 2672 2726 καὶ
2701 2673 2794 2725 ἐπὶ
2831 2672 2940 2726 τῶν
2985 2671 3271 2745 προτέρων
3314 2675 3576 2744 βασιλέων
3608 2694 3702 2744 γε-

2127 2765 2354 2835 γένηται
2405 2764 2630 2819 τοιαῦτά
2677 2773 2826 2829 τινα,
2880 2763 3114 2832 ἐγγύθεν
3174 2765 3551 2836 παράσχωμαι
3600 2767 3699 2835 τὴν

2119 2854 2422 2920 ’ἀπόδειξλω
2453 2853 2515 2907 ’0
2546 2854 2653 2923 γὰρ
2677 2854 2806 2923 ἐμὸς
2837 2854 3097 2922 πρόγονος
3121 2855 3148 2906 ό
3172 2852 3423 2922 βασιλεὺς
3454 2854 3698 2924 Μιχαὴλ,

2126 2945 2204 2998 ἔτι
2231 2944 2330 3014 τὴν
2365 2944 2638 3012 ἰδιωτικὴν
2666 2944 2910 3012 στέργων
2933 2943 3124 3014 τύχην,
3157 2947 3251 2997 καὶ
3287 2943 3391 2997 ὑπὸ
3424 2949 3580 3013 χεῖρα
3612 2962 3701 2996 τε-

2125 3034 2234 3087 λῶν
2271 3033 2490 3107 Ἰωάννῃ
2511 3031 2758 3105 Busirin
2780 3033 2856 3102 τῷ
2893 3024 3124 3103 βασιλεῖ,
3155 3031 3396 3088 κίνδυνόν
3416 3049 3538 3086 τινα
3565 3035 3698 3100 bato-

2134 3221 2269 3289 πρὸς
2301 3221 2393 3272 τὸν
2440 3218 2546 3270 τῶν
2579 3217 2804 3288 Περσῶν
2835 3217 3078 3288 ἡγεμόνα
3114 3217 3367 3272 Σουλτὰν.
3407 3214 3517 3271 Εἶτ’
3553 3220 3698 3270 ὲκεί-

2133 3310 2224 3364 οεν
2267 3313 2401 3382 πρὸς
2443 3311 2534 3365 τδν
2571 3310 2788 3379 βασιλέα
2831 3311 3048 3380 πέμψας
3109 3309 3439 3380 πρεσϐείαν,
3497 3311 3696 3380 ὅρκους

2131 3401 2328 3472 ἀπῄτει
2359 3403 2448 3454 τὸν
2501 3401 2747 3472 βασιλέα,
2780 3400 2854 3463 ὡς
2889 3400 2982 3453 τοῦ
3014 3413 3071 3453 τε
3103 3400 3349 3470 δρασμοῦ
3387 3384 3698 3468 συγγνώσε-

2128 3505 2240 3556 ται,
2271 3495 2364 3545 καὶ
2420 3493 2497 3555 είς
2527 3489 2748 3544 τούπιὸν
2781 3492 2932 3545 οὐδὲν
2979 3492 3099 3544 κατ’
3129 3492 3294 3545 αὐτοῦ
3344 3491 3696 3561 βουλεύσεται

2129 3584 2409 3654 δυσχερές.
2457 3581 2514 3634 '0
2564 3583 2815 3651 βασιλεὺς
2871 3582 2928 3635 δὲ
2961 3584 3199 3651 ἄσμενός
3245 3597 3304 3636 τε
3336 3584 3694 3653 προσεδέξατο

2127 3675 2226 3745 τὴν
2254 3671 2571 3742 πρεσϐείαν,
2601 3675 2694 3726 καὶ
2728 3675 2850 3736 τοὺς
2870 3674 3065 3741 ὅρκους
3099 3659 3268 3726 ἐδίδου
3310 3674 3572 3741 δεσπότης
3592 3673 3689 3742 ὢν,

2127 3765 2314 3834 ῶσπερ
2357 3767 2386 3817 ὁ
2421 3764 2524 3817 ὑπὸ
2549 3767 2705 3834 χεῖρα
2743 3764 2914 3817 τελῶν
2940 3763 3113 3834 ἠξίου.
3152 3765 3266 3818 Οὐκ
3306 3763 3468 3826 αὐτὸς
3506 3764 3561 3816 δὲ
3596 3766 3691 3834 μό-

2126 3873 2237 3922 νον,
2292 3855 2429 3909 me
2461 3859 2556 3906 καὶ
2606 3855 2712 3923 ⁸πρό
2741 3854 2931 3908 τούτου
2970 3854 3154 3909 πολλοὶ
3207 3854 3476 3924 ὠφελείας
3528 3856 3692 3908 ἕνεκᾶ

2091 3929 2096 3936 χ
2122 3961 2265 4004 τινος
2295 3945 2680 4013 ὀμωμόκεισαν
2701 3947 2811 4008 τοίς
2838 3946 3122 4014 ὑπηκόοις.
3150 3941 3294 4015 Πρὸς
3321 3943 3492 4013 αὐτῆς
3515 3947 3570 3999 δὲ
3592 3947 3688 4015 τῆς

2125 4037 2403 4105 ἀληθείας,
2445 4037 2496 4088 ei
2525 4053 2588 4104 γε
2619 4037 2712 4089 καὶ
2761 4036 2854 4088 νῦν
2886 4035 3039 4090 αὐτοὶ
3095 4031 3242 4113 οὗτοι
3280 4037 3432 4105 περὶι
3460 4030 3534 4090 ὧν
3574 4035 3688 4103 ἐγὼ

2121 4131 2245 4188 τοὺς
2276 4131 2469 4195 ἕρκους
2522 4127 2740 4180 ἀπαιτῶ
2767 4168 2780 4192 ,
2824 4123 3103 4189 δείσαντες
3136 4127 3225 4182 τδν
3257 4129 3523 4192 κίνδυνον,
3580 4135 3689 4181 τινι

2121 4219 2554 4288 προσχωρήσωσι
2603 4219 2711 4274 τῶν
2741 4221 3162 4287 παρακειμένων
3195 4219 3340 4288 ἡμᾶς
3369 4219 3686 4288 βαρόάρων,

2119 4307 2215 4364 εἶτ’
2253 4310 2462 4362 ἐκεῖθεν
2495 4308 2814 4378 πέμψαντες
2860 4310 3056 4379 ὅρκους
3102 4309 3376 4362 ἀπαιτῶσι
3415 4309 3506 4364 τὸν
3529 4309 3686 4380 βασις

1710 4453 1923 4515 Jacobi
1962 4457 2226 4518 Pontaui
2260 4467 2446 4519 notua.

523 4571 636 4652 (g0)
672 4566 945 4652 Gregoras
977 4571 1361 4652 Andronicum,
1382 4573 1660 4652 juniorem
1699 4588 2004 4652 egressum,
2044 4586 2085 4639 ι)
2115 4589 2163 4652 et
2199 4579 2372 4632 liberis
2415 4580 2562 4652 meis,
2596 4578 2770 4652 quoad
2799 4579 3013 4643 uixeris,
3049 4595 3298 4652 magnam
3332 4581 3516 4635 debere
3552 4592 3678 4652 gra-

449 4646 767 4712 conjuratos
817 4641 1251 4712 circumstetisse
1293 4641 1395 4705 ait,
1440 4641 1810 4712 indignantes,
1867 4656 1922 4700 et
1955 4648 2009 4702 in

449 4710 579 4766 eum
607 4710 996 4782 vociferantes,
1031 4719 1099 4782 ut
1135 4710 1250 4782 qui_
1277 4711 1701 4782 sanctissimum
1727 4714 2010 4782 jusjuran-

449 4781 580 4834 dum
614 4778 890 4836 violasset,
932 4793 996 4830 ac
1031 4778 1192 4830 fidem
1230 4779 1480 4847 fregisset
1515 4797 1528 4831 :
1564 4781 1702 4844 Quid
1728 4778 1892 4845 enim,
1927 4786 2012 4837 in-

448 4848 720 4918 quiebant,
768 4847 835 4898 ad
873 4847 1027 4901 istius
1066 4848 1280 4915 injuria:
1311 4850 1729 4917 magnitudinem
1766 4854 2012 4908 accedere

447 4919 630 4987 queat,
679 4932 798 4968 cum
848 4926 902 4988 tu
935 4931 1041 4988 per
1096 4932 1186 4971 nos
1237 4918 1612 4988 formidabilis,
1664 4929 1711 4974 et
1765 4923 2008 4988 invictus,

448 4985 626 5057 omnia
673 5001 735 5057 ex
779 4986 944 5057 animi
974 4985 1244 5057 sententia
1280 4985 1434 5057 facile
1480 4991 1785 5057 confeeeris,
1829 4993 1875 5044 si
1918 4985 2010 5048 nos

439 5055 768 5127 jugulandos
795 5055 849 5127 in
873 5056 983 5108 "arei
1005 5055 1243 5127 faucibus
1280 5055 1610 5127 deserueris?
1644 5060 1779 5113 Tum
1812 5061 1880 5115 de
1925 5063 2013 5115 re.

447 5125 636 5198 eu’saia
679 5125 1026 5198 legatione“:
1064 5125 1359 5198 Metoehite
1390 5127 1507 5198 haec
1549 5130 1832 5198 subiungit
1864 5149 1876 5183 :
1911 5131 2009 5186 His

445 5205 494 5248 et
523 5194 823 5264 hujusmodi
847 5195 1093 5270 gestibus,
1139 5204 1186 5248 et
1217 5196 1421 5270 vocibus
1453 5194 1677 5270 fractus,
1709 5194 2013 5270 είριιάειαο

445 5276 558 5318 ctus
586 5262 835 5337 magnum
862 5262 1202 5337 Lagei/ictam
1230 5266 1388 5337 adse
1416 5262 1589 5320 venire
1611 5262 1797 5337 jussit,
1822 5271 1885 5322 ab
1925 5262 2010 5323 eo-

444 5335 766 5418 quepetiit,’
789 5345 860 5418 ut.
889 5333 1218 5418 apudhav‘um
1265 5333 1761 5418 efﬁceret‘,iut:lsu¢e
1789 5339 2008 5418 [actioni

437 5402 797 5473 jurejurando
842 5402 1214 5473 impunitatem
1243 5402 1414 5459 daret.
1465 5407 1532 5460 At
1579 5407 1670 5461 ille
1715 5402 2010 5462 ne'audire

445 5473 656 5538 quidem
685 5473 948 5526 sustinens
973 5489 993 5527 :
1024 5473 1103 5526 Tu
1133 5483 1276 5538 vero,
1302 5477 1495 5538 inquit,
1535 5492 1638 5530 non
1685 5479 1811 5531 bene
1839 5487 2009 5532 tecum

446 5553 622 5616 actum
648 5560 758 5597 esse
786 5554 964 5612 putas,
997 5561 1090 5597 nec
1118 5545 1445 5600 immortales
1491 5547 1598 5600 Deo
1641 5551 1845 5616 gratias
1873 5551 2005 5616 agis,

445 5613 583 5680 quod
632 5622 824 5685 pra'ter
872 5617 1311 5685 exspectationem
1361 5633 1424 5670 ex
1470 5619 1577 5670 orci
1611 5613 1845 5685 faucibus
1891 5613 2005 5670 ere-

445 5693 589 5749 prus,
629 5683 906 5737 incolumis
944 5691 992 5738 et
1014 5684 1188 5739 salvus
1219 5685 1316 5741 es?
1344 5687 1424 5740 An
1461 5683 1674 5756 ignoras
1710 5695 1756 5741 te
1782 5695 1829 5741 et
1859 5687 2003 5753 mihi,

2118 4651 2270 4708 tiam,
2305 4649 2442 4718 quod
2481 4648 2758 4700 consilium
2793 4659 2977 4701 contra
3028 4658 3076 4702 te
3121 4651 3312 4703 initum
3371 4648 3685 4706 averti'meo

2117 4721 2434 4785 interventu,
2467 4718 2706 4787 quodque
2738 4732 2850 4772 meo.
2885 4718 3130 4786 beneﬁcio
3159 4720 3322 4774 solem
3345 4721 3481 4774 hunc
3507 4723 3685 4776 intue-

2119 4789 2226 4841 ris?
2249 4796 2356 4840 etc.

2189 4857 2300 4927 (il)
2331 4854 2609 4924 Exemplis
2650 4856 2982 4927 logoihetam
3031 4858 3106 4912 ita
3159 4860 3484 4913 sentientem
3532 4860 3687 4915 dein-

2117 4942 2245 4993 ceps
2309 4927 2507 4979 refellit
2549 4941 2738 4994 nepos.
2798 4930 2904 4982 Sed
2969 4929 3248 4995 logOtheta
3289 4932 3539 4983 abutitur
3584 4947 3684 4985 no-

2117 4997 2262 5061 mine
2288 5011 2594 5065 servorum,
2629 5005 2684 5048 et
2715 5013 2810 5065 per
2835 5007 3208 5065 contemptum
3245 5001 3422 5052 socius
3464 5001 3680 5054 Andru-

2119 5066 2228 5119 nici
2293 5064 2534 5134 junioris
2586 5069 2664 5120 sic
2712 5064 2961 5120 nominat
3004 5083 3017 5120 :
3062 5064 3190 5121 Vere
3242 5080 3427 5121 autem
3473 5071 3680 5124 subditi

2117 5139 2278 5187 erant
2323 5134 2576 5187 senioris.
2611 5136 2677 5189 Et
2716 5137 2929 5203 nepotis
2960 5137 3209 5204 exempla
3239 5153 3345 5190 non
3381 5141 3448 5192 de
3478 5141 3678 5203 servis,

2117 5204 2211 5257 sed
2241 5203 2309 5257 de
2338 5204 2577 5257 subditis
2609 5213 2757 5260 sunt.
2791 5205 2922 5259 Jure
2957 5203 3203 5260 Romano
3232 5207 3488 5262 dominus
3517 5223 3680 5262 servo

2116 5289 2227 5326 non
2284 5274 2456 5346 jurat,
2500 5289 2612 5346 nec
2647 5274 2790 5346 servi
2818 5275 3105 5346 dominis,
3149 5276 3273 5346 quia
3309 5294 3413 5331 nec
3441 5294 3676 5346 persona

2109 5346 2255 5418 servi
2305 5343 2414 5396 ulla
2445 5358 2565 5418 esse
2599 5343 2927 5418 intelligitur
2951 5346 3074 5414 jure
3104 5343 3274 5412 civili,
3307 5363 3408 5418 nec
3436 5343 3678 5418 iurando

2109 5412 2412 5482 quidquam
2448 5413 2580 5478 agit,
2611 5414 2716 5466 nisi
2743 5412 2862 5482 qua:
2883 5412 3033 5481 jui'et
3066 5427 3278 5479 servus,
3309 5412 3500 5471 eadem
3533 5417 3676 5471 liber

2102 5481 2252 5548 juret
2286 5489 2437 5553 post
2465 5483 2974 5553 manumissionem.
3007 5483 3074 5537 Et
3109 5487 3209 5538 hoc
3237 5494 3320 5539 est
3351 5487 3498 5553 qbod
3525 5487 3677 5553 jure-

2107 5551 2345 5622 uonsulti
2391 5551 2566 5622 aiunt,
2593 5568 2814 5606 servum
2846 5552 3057 5616 nullum
3083 5556 3175 5622 jus
3199 5551 3423 5610 habere.
3467 5551 3674 5610 Subdi-

2107 5628 2191 5671 tos
2239 5619 2600 5697 principibus,
2651 5631 2706 5675 ct
2760 5622 3036 5693 principes
3081 5619 3317 5682 Subditis
3343 5625 3552 5683 utiliter
3578 5625 3674 5697 ju-

2107 5699 2253 5755 rare,
2287 5688 2432 5745 haud
2463 5689 2692 5746 dubium
2721 5699 2822 5747 est.
