4106 6292
471 350 565 415 151

1654 359 1978 421 ῘΟᾹΝΝΙΞ
2015 361 2543 423 CANTACUZENI

3597 358 3699 423 152

465 463 854 530 quodlucrum
886 465 1234 536 imperatoris
1257 467 1420 522 verba
1467 467 1756 536 arripiens,
1786 470 2020 525 dicentis

2133 471 2465 541 Ξιντιμηνύει,
2511 472 2584 535 ὡς
2619 465 2726 524 Ἦν
2771 470 2870 539 μέν
2914 470 2981 524 ἂν
3023 469 3232 540 βέλτιον
3270 467 3437 540 μηδέν
3487 472 3701 526 ἀντιλέ-

463 549 755 604 Catalanos
784 552 1066 608 incursare
1105 554 1465 617 Thessaliam,
1491 555 1613 610 ideo
1639 571 1698 610 se
1725 571 1885 626 egere
1919 573 2029 611 non

465 652 628 705 parva
675 638 832 706 cepia
879 640 1120 694 vicissim
1153 641 1441 710 signiﬁcat,
1470 643 1634 706 sieo,
1678 643 2030 712 quemadmo-

466 724 596 775 dum
631 724 956 792 imperetur,
990 725 1380 781 discedendum
1408 729 1497 781 sit.
1531 727 1794 797 Oportere
1823 741 2027 796 autem,

465 838 587 890 qua:
612 824 716 878 sibi
751 825 1125 880 consideranti
1143 834 1257 881 tum
1298 827 1364 880 ad
1392 827 1575 882 hostes
1607 829 2027 899 propulsandos,

467 924 579 966 tum
605 914 671 968 ad
705 929 902 970 munus
937 930 1098 970 suum
1131 924 1250 971 tuto
1279 917 1613 987 iungendum
1645 919 1907 988 requisita
1943 920 2030 973 vi-

465 1006 733 1060 derentur
779 1012 1084 1076 rogantem,
1130 1006 1200 1060 ab
1246 1007 1573 1076 imperatore
1603 1012 1864 1080 consequi
1897 1027 1915 1063 :
1951 1011 2031 1066 sic

465 1109 650 1148 secum
691 1094 1048 1160 ratiocinans,
1105 1109 1230 1148 eum
1263 1105 1359 1174 aut
1401 1105 1630 1166 prapter
1656 1099 2028 1156 diﬂicultatem

462 1184 750 1252 petitionis
807 1184 1094 1240 deﬁciente
1147 1187 1410 1252 consilio,
1469 1188 1783 1243 missionem
1859 1190 2032 1244 istanc

468 1273 685 1328 missam
711 1274 982 1330 facturum
1015 1295 1028 1331 :
1061 1287 1177 1343 aut,
1205 1280 1352 1348 quod
1377 1281 1687 1349 proximum
1705 1292 1871 1343 esset.
1898 1282 2028 1336 dum

466 1368 684 1429 tempus
707 1361 923 1430 longius
956 1365 1010 1418 in
1035 1375 1297 1434 apparatu
1323 1370 1916 1436 consumit‘ur,interea
1943 1371 2032 1442 ju-

464 1449 639 1504 nioris
671 1451 1016 1520 imperatoris
1041 1459 1425 1526 conveniendi,
1457 1468 1514 1514 et
1536 1462 1702 1516 rebus
1728 1463 2031 1532 nimiopere

465 1540 625 1595 fessis
651 1544 782 1612 quid
810 1532 1079 1614 agendum
1111 1549 1202 1611 sit,
1235 1563 1361 1602 eum
1398 1565 1466 1604 eo
1495 1550 1837 1607 deliberandi
1865 1553 2034 1609 facul—

467 1643 634 1689 tatem
667 1634 802 1689 l‘ore.
845 1637 1039 1693 Jussus
1071 1649 1252 1708 petere
1287 1656 1409 1710 qua:
1451 1643 1668 1698 animus
1697 1644 2029 1711 hortaretur,

466 1740 567 1794 per
593 1726 808 1784 litteras
837 1731 1136 1785 exercitum
1171 1733 1401 1802 justum,
1437 1749 1502 1789 ac
1534 1736 1830 1798 valentem,
1853 1743 1908 1790 et
1933 1751 2028 1806 pe-

2131 576 2316 628 γοντα,
2348 561 2410 612 τὸ
2443 562 2918 630 προσταττόμενον
2967 559 3129 620 εὐθὺς
3169 559 3506 630 ἐκπληροῦν.
3533 560 3698 615 Ἐπεὶ

2130 647 2177 701 δ’
2199 649 2311 702 ἔστι
2341 649 2424 702 σοί
2455 666 2540 711 τις
2584 649 2859 719 πρόφασις
2910 650 2967 700 ἐν
3018 650 3084 718 τῇ
3144 650 3562 720 Πελοποννήσῳ,
3596 652 3702 704 οὐκ

2131 740 2402 807 ἀναγκαία
2435 741 2553 810 μὲν,
2579 741 2693 792 ἐστι
2722 741 2767 792 δ’
2791 735 2884 793 οὖν
2912 740 3084 809 ὅμως,
3107 739 3324 810 ἐκείνης
3349 742 3448 806 μὲν
3466 742 3701 812 ἀφείθης

2130 834 2230 900 τῆς
2259 831 2624 900 λειτουργίας,
2671 831 2808 901 πρὸς
2833 830 3131 884 Θετταλίαν
3180 831 3238 884 δὲ
3273 832 3532 885 ἀπελθεῖν
3581 834 3704 887 ἐπι-

2129 922 2327 983 τάττω,
2363 923 2458 974 καὶ
2515 921 2719 989 ταύτης
2764 919 3183 989 ἐπιτροπεῦσαι,
3242 925 3353 975 τῶν
3394 925 3702 993 προσοίκων

2132 1012 2456 1066 Κατελάνων
2481 1013 2842 1082 ἐπικειμένων
2873 1013 3009 1083 αὐτῇ
3038 1014 3132 1065 καὶ
3158 1015 3350 1076 δεινῶς
3381 1015 3700 1078 πιεζόντων,

2131 1104 2228 1156 καὶ
2257 1101 2346 1154 διὰ
2377 1102 2538 1154 τοῦτο
2565 1102 2828 1172 δεομένην
2850 1103 3213 1171 ἐπικουρίας,
3276 1110 3372 1157 καὶ
3400 1103 3578 1158 δεινοῦ
3605 1108 3702 1158 καὶ

2133 1194 2413 1264 σώφρονος
2451 1193 2780 1262 στρατηγοῦ.
2840 1194 2964 1247 Ἐπὶ
3003 1194 3220 1254 τούτοις
3267 1196 3295 1248 6
3331 1194 3505 1263 μέγας
3537 1196 3702 1254 δομέ-

2135 1301 2318 1347 στικος
2341 1285 2493 1338 οὐδὲν
2532 1285 2834 1352 ἀντιλέγειν
2866 1285 3023 1355 ἔχων,
3059 1284 3360 1348 ὑπεδέξατο
3405 1285 3507 1354 μὲν
3531 1285 3696 1354 δῆθεν

2132 1374 2230 1446 τὴν
2265 1375 2712 1446 ἐγχειρίζομένην
2742 1375 2951 1444 ἀρχήν·
3013 1375 3157 1445 πλὴν
3190 1374 3266 1438 ὡς
3298 1375 3526 1444 ἐρμαίου
3557 1375 3704 1434 τινὲς

2131 1464 2429 1535 λαϐόμενος
2481 1466 2575 1519 τοῦ
2627 1465 2786 1534 λόγου
2835 1465 2930 1518 τοῦ
2970 1465 3259 1536 βασιλέως,
3320 1465 3403 1518 ὅτι
3455 1465 3520 1534 δὴ
3550 1466 3702 1534 παρά

2134 1553 2460 1606 Κατελάνων
2514 1555 2549 1622 ἡ
2613 1553 2897 1607 Θετταλῶν
2948 1553 3217 1617 πιέζοιτο,
3274 1554 3369 1605 καὶ
3403 1553 3490 1606 διὰ
3541 1553 3702 1604 τοῦτο

2136 1645 2338 1712 συχνῆς
2373 1644 2509 1714 πρὸς
2557 1645 2880 1714 ἐπικουρίαν
2941 1645 3114 1698 δεῖται
3149 1645 3366 1714 χειρόςο
3410 1644 3574 1697 πάλιν
3607 1646 3703 1696 ἀν-

2133 1733 2434 1802 τεμήνυσεν
2453 1732 2528 1794 ὡς
2545 1735 2680 1801 πρὸς
2707 1733 3012 1788 Θετταλίαν
3041 1734 3141 1802 μὲν
3168 1733 3532 1786 ἀπελεύσεται
3556 1733 3702 1786 καθά

466 1815 645 1870 cunis:
678 1816 734 1870 in
777 1817 1039 1874 alimenta
1080 1801 1340 1889 militum,
1370 1824 1517 1893 quod
1559 1825 1692 1880 satis
1727 1827 1819 1892 sit,
1851 1801 2027 1895 petit;

2133 1801 2500 1892 προσετάχθη,
2561 1823 2679 1876 δέον
2717 1823 2776 1876 δὲ
2807 1801 3153 1892 σκεψάμενον
3211 1823 3247 1876 ἃ
3279 1823 3578 1875 λυσιτελεῖν
3611 1839 3701 1877 νο-

467 1907 585 1962 hzrc
606 1909 752 1963 enim
776 1925 916 1972 esse.
951 1912 1152 1981 quibus
1175 1913 1436 1984 indigeat.
1454 1916 1683 1986 Utrique
1709 1919 1906 1972 annuit
1928 1919 2033 1972 im-

468 2008 711 2069 perator,
751 2011 808 2056 et
852 2013 911 2059 ut
951 2004 1356 2073 quamprimum
1413 2008 1596 2061 omnia
1648 2008 2028 2076 conﬁciantur,

468 2093 714 2148 mandat.
758 2095 1006 2163 Cumque
1049 2097 1200 2150 illum
1234 2098 1302 2152 ad
1350 2099 1750 2167 profectionem
1810 2113 2030 2171 urgeret

469 2181 625 2245 adeo,
658 2189 718 2234 ut
745 2184 1016 2252 respirare
1042 2198 1149 2236 non
1181 2183 1407 2248 sineret,
1440 2201 1667 2257 magnus
1691 2187 2029 2242 domesticus

469 2281 592 2337 post
642 2270 785 2324 diem
840 2272 1091 2340 quintum
1143 2287 1204 2328 se
1239 2274 1612 2342 prolecrurum
1669 2277 1878 2346 recepit
1911 2277 2028 2348 (qui

467 2360 586 2415 dies
605 2371 725 2416 erat
749 2363 1020 2417 secundus
1067 2379 1296 2434 magna,
1326 2382 1447 2436 quae
1477 2369 1700 2430 dicitur,
1737 2369 2032 2424 hebdoma-

469 2453 554 2507 dis
585 2452 747 2524 [24])
784 2469 893 2510 :eo
940 2455 1236 2524 imperator
1276 2468 1567 2514 contentus
1599 2461 1776 2515 siluit.
1827 2460 2028 2515 Eadem

468 2545 591 2599 luce
619 2553 983 2613 protosrrator
1013 2541 1233 2617 quoque
1275 2550 1570 2619 Prillapum
1605 2553 1704 2612 ire,
1737 2559 1794 2606 et
1839 2552 2034 2620 praefe-

465 2645 676 2691 cturam
712 2637 909 2691 iterum
939 2653 1222 2707 capessere
1261 2641 1508 2709 jubetur.
1539 2642 1642 2707 Qui
1689 2643 2036 2712 obtempera,-

470 2737 652 2779 turum
693 2741 754 2781 se
786 2728 1081 2796 pollicitus,
1111 2740 1167 2784 et
1201 2745 1309 2798 quo
1338 2731 1426 2784 die
1465 2731 1738 2800 proﬁcisci
1769 2733 2036 2802 cogitaret

470 2818 863 2888 interrogatus,
910 2834 1122 2875 sextum
1159 2823 1281 2893 ejus
1325 2823 1678 2878 hebdomadis
1709 2824 2031 2879 nominavit.

467 2909 545 2962 Ac
572 2923 695 2962 cum
723 2911 940 2965 seniore
968 2913 1186 2981 quidem
1219 2914 1550 2982 imperatore
1576 2917 1655 2970 sic
1681 2923 1932 2986 egerunt.

2130 1911 2275 1982 μίζοι
2305 1914 2399 1965 καὶ
2443 1915 2580 1982 πρὸς
2638 1914 2854 1984 ἄμυναν
2919 1913 3026 1966 τῶν
3066 1914 3368 1983 πολεμίων,
3434 1913 3534 1966 καὶ
3564 1913 3703 1983 πρὸς

2127 2003 2430 2070 ἀσφάλειαν
2467 2004 2568 2073 τῆς
2593 2004 2770 2072 ἀρχῆς
2806 2004 2961 2058 ταῦτ’
3011 2005 3318 2072 αἰτήσαντα
3369 2004 3519 2069 παρά
3547 2003 3704 2072 βασι-

2125 2095 2263 2156 λέως
2293 2093 2513 2148 λαϐεῖν’
2553 2094 2715 2148 τοῦτο
2749 2094 2978 2162 θέμενος
3029 2095 3120 2146 ἐπὶ
3172 2093 3320 2156 νοῦν,
3353 2094 3428 2156 ὡς
3488 2094 3522 2165 ἢ
3562 2093 3703 2163 πρὸς

2125 2187 2224 2258 τὴν
2251 2187 2570 2256 δυσχέρειαν
2597 2187 2706 2239 τῶν
2757 2187 3092 2258 ζητημάτων
3138 2186 3450 2254 ἰλιγγιάσας
3479 2187 3507 2238 6
3539 2186 3700 2254 βασι-

2133 2278 2281 2344 λεὺς,
2314 2276 2574 2346 ἀφέξεται
2618 2277 2713 2330 τοῦ
2750 2277 2991 2344 πέμπειν
3037 2279 3236 2338 ἐκεῖσε,
3277 2278 3310 2348 ἢ
3341 2277 3400 2336 τό
3424 2294 3488 2344 γε
3511 2275 3701 2329 δεύτεα

2140 2387 2251 2442 ρον.
2283 2368 2478 2421 πολλοῦ
2515 2371 2652 2438 πρδς
2683 2369 2781 2438 τὴν
2814 2370 3171 2439 παρασκευὴν
3201 2367 3532 2438 τριϐομένου
3575 2367 3703 2437 χρό-

2139 2479 2257 2526 νου,
2285 2464 2494 2528 ἐξέσται
2520 2461 2614 2514 καὶ
2647 2459 2856 2528 βασιλεῖ
2876 2463 3156 2530 συντυχεῖν
3190 2458 3267 2528 τῷ
3295 2459 3420 2529 νέῳ.
3453 2458 3544 2511 καὶ
3571 2458 3700 2527 περὶ¹

2137 2553 2232 2606 τοῦ
2274 2555 2328 2606 τί
2358 2553 2460 2624 χρὴ
2505 2551 2766 2618 πράττειν
2817 2549 3335 2618 συνδιασκέψασθαι,
3393 2548 3567 2609 οὕτως
3619 2547 3700 2606 είς

2132 2645 2318 2696 στενὸν
2359 2644 2559 2714 κομιδῆ
2611 2643 2720 2695 τῶν
2754 2642 3095 2712 πραγμάτων
3137 2640 3544 2694 συνωθούντων.
3587 2637 3696 2690 Τοῦ

2132 2736 2505 2805 πρεσϐυτέρου
2529 2735 2586 2787 δέ
2635 2734 2900 2803 βασιλέως
2930 2732 2966 2787 ἃ
3013 2732 3258 2802 βούλοιτο
3303 2733 3476 2784 αἰτεῖν
3512 2727 3703 2781 κελεύ-

2132 2843 2349 2892 σαντος,
2378 2827 2468 2880 καλ⁸
2499 2825 2592 2878 τοῦ
2620 2825 2858 2895 μεγάλου
2878 2824 3202 2894 δομεστίκου
3234 2823 3323 2876 διὰ
3353 2819 3699 2892 γραμμάτων

2130 2911 2206 2970 ὢν
2226 2916 2401 2968 δέοιτο
2432 2916 2772 2986 δηλώσαντος
2803 2915 3018 2985 βασιλεῖ
3058 2914 3248 2985 (ταῦτα
3280 2912 3322 2965 δ’
3352 2909 3443 2982 ἦν,
3474 2911 3703 2980 ἀξιόμα-

468 3003 562 3074 χός
596 3022 656 3057 τε
696 3007 944 3073 στρατιὰ,
980 3009 1076 3061 καὶ
1106 3011 1366 3080 χρήματα
1406 3013 1487 3073 είς
1526 3011 1734 3082 τροφὴν
1797 3012 2101 3081 ἀρκέσοντα
2136 3013 2250 3074 τοῖς
2291 3012 2694 3082 στρατιώταις),
2751 3011 2888 3078 προς
2935 3009 3056 3063 ούδέ
3089 3007 3147 3061 ἒν
3203 3009 3312 3062 τῶν
3367 3007 3701 3076 ζητημάτων

467 3100 721 3153 ἀνένευεν
744 3102 772 3153 6
802 3101 1072 3170 βασιλεὺς,
1105 3103 1218 3155 ἀλλ’
1242 3103 1405 3167 εὐθὺς
1434 3103 1651 3156 ἐκέλευε
1684 3103 1862 3157 πάντα
1889 3106 2025 3176 πρὸς
2062 3105 2238 3173 πέρας
2283 3105 2534 3170 ἀγαγεῖν.
2593 3101 3042 3171 Ἐπιταχύνοντος
3104 3099 3161 3153 δὲ
3212 3098 3288 3168 τῷ
3361 3099 3582 3167 μεγάλῳ
3613 3097 3693 3149 δο-

471 3195 713 3264 μεστίκῳ
754 3197 856 3265 τὴν
920 3195 1099 3258 ἐξοδον
1153 3196 1418 3266 βασιλέως
1485 3199 1581 3252 καὶ
1632 3199 1745 3252 οὐδ’
1805 3201 2062 3252 ἀναπνεῖν
2102 3197 2366 3259 ἀνιέντος,
2429 3197 2457 3248 6
2507 3196 2604 3264 μέν
2655 3195 2792 3263 μετά
2853 3193 3111 3264 πέμπτην
3172 3192 3385 3262 ἡμέραν
3434 3191 3704 3260 ὑπέσχετο

467 3289 706 3354 ἐξελθεῖν
737 3287 824 3360 (ἦν
854 3291 899 3346 δ’
920 3290 1057 3362 αὕτη
1085 3292 1312 3362 δευτέρα
1369 3292 1469 3362 τῆς
1501 3293 1632 3363 παρ’
1663 3295 1796 3363 ἡμῖν
1843 3293 2086 3363 μεγάλης
2121 3292 2414 3359 ἑϐδομάδος
2454 3287 2892 3359 ὠνομασμένης),
2919 3288 3176 3358 βασιλεὺς
3208 3288 3265 3340 δέ
3295 3285 3571 3356 ἡσύχασεν
3605 3288 3705 3355 ἀρ-

467 3380 708 3445 κεσθείς.
768 3383 881 3450 Τῆς
928 3383 1098 3451 αὐτῆς
1139 3382 1196 3435 δέ
1246 3385 1481 3454 ἠμέρας,
1539 3385 1632 3437 καὶ
1675 3384 1811 3452 πρὸς
1877 3383 2340 3454 πρωτοστράτορα
2402 3380 2554 3450 παρᾶ
2613 3380 2876 3448 βασιλέως
2915 3381 3115 3448 ἀφῖκτο
3165 3379 3493 3447 πρόσταγμα
3565 3378 3704 3444 πρδς

465 3472 567 3539 τὴν
616 3471 888 3540 ἐπαρχίαν
927 3472 1273 3541 Πριλλὰπου,
1319 3469 1388 3544 ἦς
1426 3475 1521 3528 καί¹
1573 3475 1839 3545 πρότερον
1899 3470 2060 3546 ἦρχε,
2102 3474 2266 3525 πάλιν
2293 3471 2752 3538 ἐπιτροπεύσοντα
2809 3469 3090 3524 ἀπελθεῖν.
3133 3469 3191 3521 Ὀ
3218 3470 3296 3534 δέ,
3329 3468 3390 3520 τὸ
3419 3467 3703 3536 ἐπίταγμα

469 3561 564 3613 τοῦ
623 3560 886 3628 βασιλέως
950 3564 1416 3634 ἐπαγγειλάμενος
1474 3567 1868 3635 ἐκπληρώσειν,
1935 3565 2031 3616 καὶ
2073 3565 2410 3632 προθεσμίαν
2476 3561 2723 3631 αἰτηθεὶς
2772 3561 2872 3630 τῆς
2937 3560 3144 3626 ἐξόδου,
3188 3560 3287 3629 τῆς
3323 3559 3493 3628 αὐτῆς
3534 3561 3706 3628 μεγά-

469 3654 568 3722 λης
598 3653 887 3722 ἑϐδομάδος
917 3655 1288 3724 ἐπηγγείλατο
1337 3656 1434 3726 τὴν
1495 3655 1680 3727 ἕκτην.
1739 3656 1882 3725 Πρὸς
1916 3654 2100 3725 μὲνδὴ
2139 3654 2232 3707 τὸν
2281 3652 2655 3724 πρεσϐύτερον
2697 3651 2804 3704 τῶν
2855 3651 3119 3721 βασιλέων
3173 3652 3398 3705 τοιαῦτα
3432 3649 3586 3706 εἶπόν
3639 3668 3702 3705 τε

471 3749 566 3798 καὶ
596 3747 1016 3817 ἐπηγγείλαντο.
2419 3755 2424 3760 ’

1798 3864 1903 3938 57
1940 3865 2162 3923 CAPUT
2201 3864 2383 3919 xvm.

471 3962 764 4036 Cugctatur
796 3961 1050 4033 Byzantio
1079 3962 1222 4036 exire
1249 3977 1470 4036 magnus
1497 3960 1824 4036 domesticus,
1854 3969 1903 4036 et
1949 3959 2019 4013 ad
2049 3959 2228 4036 urbem
2259 3966 2436 4036 postea
2485 3970 2724 4036 manens,
2754 3953 3126 4036 pecunidm'et
3149 3953 3696 4036 militemﬁcxspcctat.

543 4023 905 4086 Protostrator
926 4047 1128 4103 quoque
1156 4023 1418 4103 discedet'e
1454 4032 1675 4103 cogitur.
1725 4029 1946 4103 Libellus
1995 4023 2373 4103 adlectulum‘
2398 4027 2632 4103 junioris
2664 4023 2999 4103 δυρρεῖ-(ξεστῇς
3044 4025 3302 4103 inuentus.
3326 4023 3602 4103 Ejusdem
3635 4041 3701 4078 ea:

541 4105 666 4154 urbe
702 4093 968 4171 egressus}
1029 4093 1412 4170 Adrianopolin
1451 4093 1659 4171 faustus
1733 4096 2297 4171 ingressus._Mandat
2339 4093 2460 4148 duci
2490 4109 2584 4148 suo
2612 4095 2807 4158 senior,
2837 4093 3085 4162 fugitare:
3114 4095 3416 4158 insectatus,
3461 4103 3700 4163 nepotem

539 4167 772 4225 vinctum.
797 4173 1048 4224 adducat.
1082 4171 1180 4222 Ille
1211 4167 1402 4224 va’nam
1433 4167 1545 4237 fere
1567 4167 1979 4238 persecutionem
2012 4167 2180 4220 docet.

541 4291 677 4344 Cum
729 4288 947 4358 juniore
1002 4291 1183 4337 autem
1234 4284 1396 4337 verba
1439 4283 1770 4348 miscentes,
1803 4295 2031 4350 quaeque

2208 4281 2302 4358 Εἰς
2329 4277 2523 4332 ταύτὸν
2565 4277 2622 4330 δέ
2671 4277 3016 4343 συνελθόντες
3053 4279 3133 4349 τῷ
3182 4280 3316 4349 νέῳ,
3370 4283 3468 4334 καὶ
3513 4282 3692 4335 πάντα

471 4380 801 4436 accidissent
844 4383 1358 4436 commemorantes,
1407 4372 1737 4442 comparatis
1784 4386 2036 4426 necessa-

471 4472 591 4535 riis,
617 4470 880 4540 Byzantio
926 4465 1192 4522 excedere
1236 4465 1622 4521 decreverunt.
1652 4464 1873 4518 Manent
1905 4462 2033 4516 item

471 4579 571 4632 per
600 4562 812 4616 litteras
859 4558 1238 4628 Syrgiannem,
1267 4554 1347 4610 uti
1397 4569 1522 4610 eum
1566 4567 1665 4608 suo
1702 4552 1918 4622 agmine
1943 4551 2034 4606 die

471 4653 712 4714 Paschae,
738 4666 848 4721 quo
877 4650 966 4704 die
1014 4647 1201 4717 egredi
1253 4646 1592 4716 pepigerant,
1623 4650 1844 4714 paratus
1865 4657 2033 4712 prope

470 4745 790 4817 Byzantium
851 4741 1012 4796 adsit.
1043 4740 1125 4794 Ad
1180 4735 1569 4808 egrediendum
1603 4735 1770 4806 igitur
1800 4749 1920 4789 sese
1949 4733 2034 4787 in-

474 4836 780 4889 struebant.
807 4833 1101 4900 Postquam
1131 4829 1268 4883 alter
1297 4827 1416 4882 dies
1441 4841 1649 4897 magna:
1676 4823 2030 4880 hebdomadis

473 4927 675 4988 illuxit,
737 4938 848 4994 quo
894 4936 1121 4990 magnus
1187 4918 1521 4974 domesticus
1579 4917 1854 4972 exiturum
1910 4930 2032 4971 sese

470 5016 865 5087 spoponderat,
895 5013 1076 5067 acrius
1104 5009 1370 5080 promissa
1398 5016 1714 5077 reposcunt,
1736 5021 1874 5076 quos
1902 5006 2032 5060 huic

470 5124 617 5164 cura:
680 5107 982 5177 imperator
1050 5107 1440 5172 praeposuerat.
1491 5098 1587 5152 Ille
1643 5096 2032 5152 commentitiis

469 5197 798 5270 quibusdam
849 5193 1030 5250 causis
1076 5192 1280 5246 exitum
1333 5188 1577 5244 diﬂerre.
1624 5187 1884 5256 Sequenti
1909 5186 2032 5238 luce

473 5291 548 5344 uti
599 5304 780 5344 moras
819 5285 995 5350 tollat,
1025 5291 1082 5338 et
1125 5291 1306 5345 exeat,
1337 5280 1657 5350 imperatur.
1691 5276 2028 5348 Respondet,

2134 4352 2527 4440 διηγησάμενοι
2557 4369 2626 4421 τά
2659 4371 3029 4439 συμπεσόντα,
3065 4373 3248 4425 οὐκέτι
3278 4373 3460 4442 μένειν
3493 4374 3693 4435 ἐδόκει,

2137 4459 2274 4514 ἀλλά
2301 4459 2894 4530 παρασκευασαμένους
2941 4461 3176 4527 ἐξελθεῖν
3208 4463 3523 4527 Βυζαντίου.
3560 4465 3701 4534 rpi-

2137 4565 2298 4616 φουσι
2327 4548 2392 4619 δὴ
2419 4550 2516 4602 καὶ
2543 4549 2848 4621 Συργιάννῃ
2881 4555 3437 4621 παρασκευασάμενον
3467 4553 3584 4622 ἅμα
3626 4558 3694 4623 τῇ

2139 4639 2231 4692 ὑπ’
2259 4639 2419 4693 αὑτὸν
2451 4641 2701 4710 στρατιᾷ,
2727 4642 2794 4708 τῇ
2839 4643 2998 4712 ἑορτῇ
3041 4641 3136 4695 τοῦ
3168 4643 3361 4713 Πάσχα
3403 4645 3570 4711 ἐγγὺς
3599 4646 3698 4697 εύ-

2141 4729 2365 4801 ρεθῆναι
2387 4731 2731 4801 διατρίϐοντα
2755 4732 3050 4796 Βυζαντίου
3081 4734 3224 4804 (τότε
3248 4738 3358 4806 γὰρ
3389 4737 3485 4789 καὶ⁷
3511 4737 3698 4801 αὐτοῖς

2138 4823 2383 4876 ἐδέδοκτο
2409 4821 2685 4892 ἐξελθεῖν)⁶
2729 4816 2874 4876 οὗτοι
2927 4824 3027 4894 μὲν
3076 4825 3169 4878 οὖν
3223 4828 3697 4896 παρεσκευάζοντο

2139 4915 2280 4985 πρὸς
2309 4915 2406 4985 τὴν
2435 4915 2636 4978 ἔξοδον.
2670 4915 2781 4984 Τῆς
2838 4917 3081 4984 μεγάλης
3108 4917 3166 4969 δέ
3212 4917 3503 4986 ἑϐδομάδος
3531 4937 3700 4972 κατα-

2139 5005 2412 5075 λαϐούσης
2432 5005 2712 5074 δευτέρας,
2743 5005 2866 5058 καθ’
2888 5005 2956 5077 ἢν
2997 5009 3024 5058 6
3052 5007 3224 5075 μέγας
3251 5006 3568 5075 δομέστικος
3596 5001 3697 5076 τῆς

2140 5097 2346 5159 πόλεως
2369 5095 3017 5166 ἐπηγγείλατοέξελθεῖν,
3049 5097 3391 5165 ἠναγκάζετο
3422 5099 3522 5167 μὲν
3543 5101 3697 5167 παρά

2136 5186 2246 5239 τῶν
2265 5189 2344 5248 είς
2371 5186 2530 5238 τοῦτο
2548 5188 2900 5256 τεταγμένων
2920 5186 3018 5256 τὴν
3038 5188 3330 5256 ὑπόσχεσιν
3360 5187 3690 5256 ἐκπληροῦνο

2134 5277 2164 5328 6
2183 5276 2228 5328 δ’
2245 5276 2427 5339 αἰτίας
2447 5275 2596 5339 τινὰς
2625 5275 2992 5345 πλασάμενος,
3016 5277 3116 5348 τὴν
3143 5278 3319 5344 ἔξοδον
3344 5279 3689 5334 ἀνεϐάλλετο·

1715 5396 1930 5459 Jacobi
1965 5393 2227 5456 Pontani
2260 5400 2445 5456 notae.

543 5511 654 5575 (τι)
699 5509 1186 5580 Magna_,_pr_opter
1223 5518 1413 5580 magna
1463 5510 1740 5580 mysteria,
1785 5513 1908 5580 quae
1937 5513 2035 5566 per

465 5579 586 5636 dies
639 5571 763 5634 illos
787 5571 980 5631 'nobis
1021 5571 1082 5630 in
1117 5571 1438 5629 memoriam
1478 5571 1750 5630 cantibus,
1786 5577 1839 5619 et
1871 5583 2036 5621 caere-

468 5651 670 5705 moniis
705 5645 1088 5703 sacratissimis
1122 5643 1448 5710 rediguntur
1482 5658 1496 5692 :
1532 5639 1811 5710 cruciatus
1844 5636 2036 5710 vid_eli-‘

476 5729 562 5774 cet
589 5755 604 5779 ,
665 5731 726 5770 ac
775 5730 924 5770 mors
952 5713 1167 5769 Domini
1212 5705 1383 5767 nostri
1417 5709 1542 5764 Jesu
1587 5707 1816 5794 Christi,
1836 5705 2036 5776 quibus
2073 5789 2084 5802 ρ

2132 5499 2430 5550 humanum
2469 5511 2642 5566 genus
2675 5495 2971 5566 expiatum
3023 5505 3128 5550 est.
3163 5496 3473 5552 Alexander
3499 5512 3695 5551 mona-

2131 5567 2287 5630 chus,
2310 5565 2558 5637 oratione
2582 5566 2650 5618 de
2671 5565 2985 5637 inyentione
3009 5575 3210 5637 sanctae
3231 5567 3444 5630 Crucis,
3470 5567 3568 5637 τὴν
3593 5567 3690 5622 τοῦ

2135 5637 2399 5703 σωτηρίου
2428 5635 2633 5698 πάθους
2665 5633 2933 5705 ἑϐδομάδα
2963 5635 3233 5689 nominat.
