4106 6292
341 321 442 388 153

1537 325 2081 394 HISTORIARUM
2124 335 2356 396 LIBER
2398 335 2444 396 Ι.

3495 334 3600 402 154

335 445 402 512 τῇ
433 440 477 495 δ’
508 440 741 513 ἑπιοῦσῃ
772 441 1041 511 μηνύεται
1083 445 1232 516 παρὰ
1281 443 1548 514 βασιλέως
1573 445 1651 507 ὡς
1687 446 1914 514 τάχιστα

2024 461 2124 500 non
2148 455 2277 501 ante
2305 446 2358 500 id
2389 460 2572 516 posse,
2617 459 2781 514 quam
2834 444 3068 514 pecunia
3099 444 3206 500 sibi
3241 444 3296 499 in
3324 445 3594 516 stipendia

275 565 278 568 ~
336 533 594 596 ἐξελθεῖν.
639 531 700 588 Ὀ
743 533 788 585 δ’
821 534 1158 605 ἀπεκρίνατο
1216 536 1294 605 μὴ
1331 536 1602 606 πρότερον
1632 535 1914 602 δύνασθαι,

338 626 470 694 πρὶν
508 623 575 676 ἂν
600 625 668 677 τὰ
698 626 962 695 χρήματα
989 625 1114 694 δοθῇ
1149 627 1286 694 πρὸς
1329 625 1511 690 αὑτὸν,
1544 620 1627 688 οἷς
1677 626 1745 678 ἂν
1783 626 1919 696 πρός

338 732 396 766 τε
421 715 480 766 τὸ
507 715 900 785 μισθοφορικὸν
925 718 1202 786 χρήσηται
1223 719 1319 787 τῆς
1347 719 1632 787 στρατιᾶς,
1660 719 1754 770 καὶ
1782 717 1920 786 πρὸς

338 810 438 867 τάς
467 806 577 857 τῶν
602 806 892 875 πολιχνίων
917 807 1026 860 τῶν
1051 809 1107 858 ὲν
1131 807 1399 878 Θετταλίᾳ
1423 807 1683 879 φρουράς.
1714 809 1776 862 El
1808 808 1918 878 γάρ

265 969 278 976 ⁸
340 895 500 949 τοῦτο
531 897 762 964 γένοιτο,
798 895 1074 966 μηδεμίαν
1107 900 1374 970 ἀναϐολὴν
1405 900 1481 953 ἔτ’
1508 896 1654 953 εἶναι
1692 900 1830 968 πρὸς
1860 900 1920 953 τὸ

342 987 540 1057 τειχῶν
580 986 688 1052 ἔξω
713 987 823 1039 τῶν
857 987 1167 1046 Βυζαντίων
1202 993 1282 1052 εἰς
1328 989 1426 1060 τὴν
1465 990 1725 1052 ἐπιοῦσαν
1754 990 1922 1060 ὀφθῆ-

343 1094 453 1130 ναι.
481 1076 562 1128 Τὰ
596 1076 696 1145 μὲν
746 1072 842 1129 οὖν
879 1078 1142 1148 χρήματα
1173 1079 1442 1146 βασιλέως
1489 1081 1917 1149 προστάξαντος,

344 1169 662 1238 αὐθημερὸν
712 1169 992 1240 παρέσχον
1031 1171 1081 1223 oi
1131 1171 1241 1223 τῶν
1277 1171 1574 1240 βασιλικῶν
1618 1173 1920 1243 χρημάτων

342 1259 560 1328 ταμίαι,
597 1260 868 1331 μυριάδας
901 1261 1033 1315 ὄντα
1073 1263 1304 1334 χρυσίου
1345 1263 1527 1316 πέντε·
1551 1263 1588 1318 ά
1617 1267 1712 1318 καὶ
1738 1279 1920 1328 παρα-

344 1351 602 1414 λαϐόντες
649 1353 700 1404 οί
732 1351 825 1404 τοῦ
869 1353 1112 1422 μεγάλου
1140 1355 1462 1425 δομεστίκου
1491 1356 1714 1424 ταμίαι,
1759 1356 1921 1409 πάλιν

345 1444 540 1496 εἴασαν
571 1442 708 1514 πρὸς
739 1443 819 1513 τῷ
841 1445 1108 1515 βασιλικῷ
1130 1447 1343 1516 ταμείῳ
1371 1445 1732 1514 φρουρεῖσθαι
1757 1445 1922 1515 (οὕτω

345 1535 831 1603 προστεταγμένον
863 1539 1049 1600 αὐτοῖς
1095 1539 1248 1608 παρὰ
1292 1538 1390 1591 τοῦ
1419 1538 1729 1606 δεσπότου),
1751 1555 1922 1608 προσ-

346 1627 532 1685 θέντες
566 1627 748 1679 αἰτίαν
779 1627 879 1695 τῆς
945 1628 1341 1696 καταλείψεως,
1365 1629 1440 1690 ὼς
1467 1630 1526 1681 ἓν
1556 1629 1664 1682 τῶν
1691 1629 1925 1700 ξυστρα-

345 1717 528 1770 τεύειν
563 1717 750 1786 τάγμα
777 1718 856 1786 τῷ
889 1719 1113 1790 μεγάλῳ
1135 1720 1635 1789 προστεταγμένων
1663 1721 1919 1790 δομεστί-

350 1824 436 1877 κῳ
468 1809 535 1860 ἑκ
560 1809 820 1875 στρατιᾶς
844 1807 1038 1876 ἐτέρας
1071 1807 1347 1875 ἐπανῆκον
1370 1807 1519 1876 ἄρτι,
1545 1808 1640 1861 καὶ
1671 1808 1924 1875 δεόμενον

356 1897 534 1968 μικρά
565 1899 685 1960 ταῖς
721 1897 924 1960 οίκίαις
955 1896 1403 1968 προσδιατρίψαι,
1442 1897 1565 1950 ἐπεὶ
1588 1897 1758 1952 πολλά
1795 1914 1926 1950 κατ-

350 1989 668 2051 αναγκάσας
715 1990 743 2041 6
784 1989 1089 2060 στρατηγὸς
1136 1990 1240 2042 οὐκ
1286 1989 1524 2060 ¹ἠδυνήθη
1573 1989 1682 2042 τῶν
1734 1990 1923 2042 οἰκιῶν

347 2080 608 2144 ἐξελάσαι
636 2080 796 2134 ἄλλον
822 2081 1016 2134 ἄλλοσε
1041 2081 1542 2150 διαδιδράσκοντας,
1569 2082 1921 2152 συνεχώρησε

346 2175 443 2227 καὶ
471 2174 622 2226 άκων
645 2175 744 2244 τὴν
770 2173 864 2227 τοῦ
900 2174 1096 2244 Πάσχα
1127 2175 1318 2244 ἑορτὴν
1351 2176 1489 2228 οἴκοι
1513 2175 1922 2244 διατρίψαντας,

351 2264 470 2333 μετ’
495 2263 666 2333 αὐτὴν
699 2264 862 2327 εὐθὺς
894 2265 1116 2334 ἔχεσθαι
1165 2269 1264 2334 τῆς
1306 2265 1450 2318 ὁδοῦ·
1486 2264 1584 2328 οὒς
1617 2267 1701 2318 δεῖ
1731 2267 1825 2319 καὶ
1854 2266 1924 2318 τά

351 2355 615 2424 χρήματα
650 2355 772 2424 μεθ’
801 2356 1013 2408 ἑαυτῶν
1048 2356 1290 2426 ἔχοντας,
1328 2357 1464 2428 πρὸς
1496 2357 1588 2410 τὸν
1619 2357 1924 2426 στρατηγὸν

350 2448 666 2515 ἀφικέσθαι.
707 2448 780 2501 Τὸ
805 2448 850 2500 δ’
881 2444 951 2520 ἦν
981 2449 1255 2516 πρόφασις
1287 2449 1672 2518 πεπλασμένη·
1702 2450 1926 2503 κατελέ-

347 2539 540 2591 λειπτο
565 2538 622 2591 δὲ
655 2541 724 2591 τά
754 2541 1038 2610 χρήματα,
1072 2540 1192 2609 άμα
1229 2542 1329 2610 μὲν
1359 2541 1507 2602 ὅπως
1535 2539 1621 2609 εἴη
1649 2541 1922 2610 πρόφασις

347 2629 634 2698 εὐπρεπὴς
651 2627 744 2680 τοῦ
769 2629 901 2698 περὶ
931 2629 992 2680 τὸ
1025 2627 1316 2692 Βυζάντιον
1338 2627 1636 2696 διατρίϐειν
1657 2627 1924 2696 (διέτριψε

349 2724 459 2790 γὰρ
492 2721 632 2790 μετά
653 2721 753 2790 τὴν
784 2720 964 2787 ἔξοδον
997 2721 1210 2792 ἡμέρας
1253 2721 1418 2774 πέντε
1453 2722 1582 2789 περὶ
1617 2719 1792 2784 αὐτὸ),
1825 2721 1927 2789 τὴν

346 2813 443 2864 τοῦ
473 2812 595 2865 νέου
637 2811 901 2881 βασιλέως
929 2813 1116 2881 ἄφιξιν
1165 2811 1546 2880 ἐκδεχόμενος,
1589 2812 1706 2880 ἅμα
1735 2812 1792 2863 δὲ
1829 2810 1926 2864 καὶ

351 2905 579 2972 ἀγεννὲς
611 2904 706 2956 καὶ
761 2905 1029 2974 μηδαμῶς
1082 2903 1233 2973 αὐτῷ
1285 2904 1563 2974 προσῆκον
1626 2902 1924 2972 χρημάτων

347 2995 622 3066 ἡσσῆσθαι
648 2996 850 3059 δοκεῖν,
885 2995 1126 3065 νομίζων
1148 2995 1223 3057 ὡς
1253 2995 1438 3064 ἀπάτῃ
1469 2995 1563 3047 καί¹
1589 2995 1761 3064 κλοπῇ
1795 3011 1922 3064 σχε-

2023 539 2490 592 mercenariorum
2563 552 2625 592 ac
2692 536 3156 606 pmsidiariorum
3233 553 3333 606 per
3394 539 3593 606 oppida

2021 627 2319 682 Thessaliae
2347 634 2658 695 praestetur.
2707 624 2758 679 ld
2792 626 2836 682 si
2872 625 2982 688 ﬁat,
3014 625 3152 681 citra
3183 626 3594 695 tergiversatio-

2020 733 2144 772 nem
2175 718 2444 787 postridie
2470 727 2624 772 extra
2657 719 2858 772 moenia
2890 732 2949 772 se
2999 716 3396 785 appariturum.
3424 716 3599 770 Pecu-

2019 813 2166 867 niam
2211 828 2279 868 eo
2313 815 2430 882 ipso
2465 812 2554 868 die
2597 814 2750 882 jussu
2789 811 3160 880 imperatoris,
3197 809 3596 878 quinquaginta

2020 920 2308 959 nummum
2363 919 2660 958 aureorum
2708 901 2877 956 millia
2938 911 3245 972 quiestores
3286 909 3596 954 numerant.

2020 997 2191 1063 Quam
2218 1011 2488 1050 summam
2505 995 2838 1064 accipientes
2862 995 3042 1064 magni
3065 993 3350 1047 domestici
3367 1002 3602 1061 quaesto—

2021 1104 2130 1152 res,
2179 1104 2399 1143 rursum
2451 1088 2648 1142 aerario
2693 1086 3044 1156 imperatoris
3071 1085 3600 1149 asservandam,do-

2021 1180 2174 1234 mino
2227 1179 2300 1232 ita
2353 1178 2730 1248 praecipiente,
2761 1176 3106 1244 relinquunt,
3139 1176 3408 1227 rationem
3469 1172 3598 1226 facti

2022 1269 2166 1324 hanc
2200 1269 2515 1331 aﬂerentes,
2549 1281 2712 1322 unam
2739 1281 2928 1320 earum
2955 1265 3290 1329 cohortium,
3318 1279 3441 1333 quae
3475 1277 3599 1317 cutn

2023 1372 2224 1428 magno
2282 1357 2588 1411 domestico
2645 1355 2937 1409 militatum
2990 1353 3144 1407 abire
3191 1353 3474 1414 deberent,
3535 1367 3600 1406 ex

2022 1449 2126 1502 alia
2169 1447 2520 1517 expeditione
2577 1461 2770 1501 recens
2825 1459 3102 1499 reversam
3157 1457 3361 1503 orasse.
3395 1453 3453 1496 ut
3495 1443 3600 1497 sibi

2024 1538 2268 1608 pauxillo
2320 1549 2567 1606 tempore
2625 1534 2772 1590 domi
2829 1535 3040 1588 haerere
3085 1531 3441 1586 concedatur.
3473 1530 3600 1584 Eam

2024 1631 2278 1701 quamvis
2333 1629 2475 1684 duce
2541 1627 2842 1698 impensius
2905 1633 3156 1695 urgente,
3191 1638 3298 1676 non
3359 1623 3602 1692 potuisse

2026 1723 2322 1778 domiciliis
2351 1722 2488 1782 suis,
2511 1721 2634 1774 aliis
2667 1719 2801 1773 alias
2858 1717 3100 1771 latebras
3127 1714 3524 1784 quaerentibus,
3549 1722 3604 1766 et

2028 1831 2089 1870 se
2134 1813 2557 1875 occultantibus,
2613 1809 2843 1880 expelli.
2874 1807 3034 1864 Unde
3069 1805 3297 1858 invitum
3330 1805 3494 1860 etiam
3523 1804 3604 1856 eis

2027 1903 2268 1965 dedisse,
2315 1911 2376 1956 ut
2411 1901 2555 1954 diem
2608 1897 2827 1952 Pascha:
2863 1895 3012 1948 dumi
3067 1900 3473 1953 consumentes,
3503 1905 3602 1959 po-

2028 2004 2180 2050 stero
2210 1993 2418 2048 lumine
2449 1989 2734 2045 confestim
2769 1986 3185 2056 egrederentur.
3207 1993 3264 2036 et
3290 1984 3343 2036 in
3377 1982 3517 2035 viam
3543 1997 3602 2034 se

2025 2085 2260 2146 darent;
2291 2097 2432 2152 quos
2460 2093 2685 2135 necesse
2729 2089 2895 2138 esset,
2922 2085 3213 2131 numerato
3257 2075 3362 2128 sibi
3393 2072 3602 2140 stipen-

2029 2176 2145 2238 dio,
2179 2174 2246 2229 ad
2278 2181 2474 2228 ducem
2533 2170 2841 2240 pervenire.
2873 2167 2980 2223 Sed
3032 2169 3174 2221 istuc
3205 2179 3414 2219 merum
3453 2178 3605 2216 com-

2027 2277 2272 2322 mentum
2307 2272 2450 2338 erat.
2506 2263 2636 2316 ideo
2673 2275 2908 2328 namque
2937 2258 3223 2332 pecuniam
3278 2255 3598 2323 reliquerat,

2027 2363 2088 2410 ut
2121 2363 2178 2409 et
2229 2351 2372 2422 apud
2408 2348 2728 2419 Byzantium
2781 2347 3043 2414 temporis
3086 2343 3320 2399 ducendi
3374 2341 3603 2394 honesta

2024 2453 2172 2501 esset
2223 2443 2442 2498 occasio
2475 2441 2651 2504 (trivit
2698 2450 2882 2494 autem
2938 2438 3052 2492 illic
3089 2437 3208 2490 dies
3249 2435 3447 2504 quinos
3481 2442 3604 2501 post

2023 2550 2330 2606 egressum,
2383 2533 2769 2602 imperatorem
2812 2529 3089 2600 juniorem
3141 2525 3518 2597 praestolans);
3550 2532 3608 2576 et

2026 2628 2153 2696 quia
2213 2625 2356 2680 haud
2414 2623 2661 2687 liberale,
2721 2620 2938 2690 sibique
2997 2619 3220 2688 penitus
3281 2614 3603 2669 indecorum

2025 2716 2404 2780 existimabat,
2461 2712 2637 2768 videri
2671 2721 2890 2782 captum
2921 2708 3177 2779 pecunia,
3207 2721 3370 2776 quam
3412 2705 3480 2758 ab
3505 2704 3608 2757 im-

2026 2820 2280 2882 peratore
2309 2823 2440 2864 sene
2474 2807 2710 2868 fallacia,
2745 2814 2804 2858 et
2839 2803 2986 2858 furto
3017 2798 3415 2872 propemodum
3448 2813 3608 2852 aver-

2029 2911 2186 2965 teret,
2206 2899 2350 2970 quod
2371 2892 3150 2970 glorize,celcbritatique.58
3166 2906 3276 2945 su:e
3300 2889 3524 2955 trudam,
3544 2903 3608 2942 ac

2028 2991 2422 3060 sempiternam
2445 2987 2622 3042 labem
2642 2992 2976 3055 aspergeret.
3008 2981 3066 3036 ld
3100 2980 3284 3034 multis
3348 2979 3607 3048 quodque

347 3090 436 3140 δὸν
471 3085 878 3156 ἀφαιρούμενος
929 3086 1226 3156 βασιλέως·
1271 3085 1299 3139 ὃ
1339 3086 1576 3155 μάλιστα
1605 3085 1758 3156 αὐτῷ
1787 3086 1922 3155 πρὸς

2027 3085 2277 3156 pecunia:
2356 3079 2730 3138 servientibus
2781 3091 2945 3147 supra
3011 3073 3235 3128 modum
3287 3070 3608 3126 admirabile

351 3179 450 3248 τὴν
483 3177 737 3230 εὔκλειαν
769 3178 865 3230 καὶ
888 3174 993 3247 ⁸τὴν
1031 3176 1278 3241 εὐδοξίαν
1300 3175 1391 3228 τὸν
1425 3176 1706 3229 είσὲπειτα
1734 3177 1922 3246 χρόνον

2028 3176 2156 3241 fuit,
2194 3184 2304 3228 tam
2357 3174 2631 3242 ingentem
2684 3169 2804 3240 ejus
2844 3166 3056 3227 vitn.et
3085 3165 3150 3220 ad
3184 3179 3340 3216 usum
3371 3177 3609 3231 praasen-

349 3273 531 3323 πάντα
559 3270 659 3322 οὐκ
687 3268 844 3336 ὀλίγα
869 3268 1228 3338 λυμανεῖσθαι
1257 3267 1414 3337 ᾤετο.
1461 3267 1526 3319 Ὃ
1557 3267 1627 3336 δὴ
1672 3268 1768 3320 καὶ
1797 3267 1926 3319 πολ-

349 3363 457 3422 λοῖς
475 3361 585 3413 τῶν
613 3360 738 3430 περὶ
771 3361 1035 3430 χρήματα
1064 3360 1386 3431 ἡττημένων
1411 3358 1591 3425 ἔδοξεν
1619 3361 1920 3430 ὑπερφυὲς,

347 3457 408 3507 τὸ
436 3453 716 3507 τοσούτων
750 3452 1074 3523 χρημάτων,
1111 3453 1208 3505 καὶ
1241 3451 1413 3514 οὕτως
1449 3454 1506 3505 ὲν
1535 3453 1803 3522 ἐπικαίρῳ
1825 3454 1925 3521 τῆς

349 3545 540 3615 χρείας
572 3544 768 3615 ῥαδίως
798 3544 874 3606 ὡς
907 3544 1140 3597 οὐδενῶν
1182 3543 1621 3614 καταφρονῆσαι,
1671 3543 1810 3608 ἐξὸν,
1845 3544 1923 3596 εῐ-

349 3655 414 3688 πε
425 3654 456 3706 ρ
478 3635 752 3698 ἐϐούλετο,
777 3637 872 3688 σὺν
895 3634 1151 3707 ῥᾳστώνῃ
1180 3635 1330 3708 πάσῃ
1356 3634 1566 3688 λαϐεῖν.
1611 3636 1672 3688 '0
1706 3634 1801 3704 μὲν
1831 3631 1925 3688 οὖν

352 3727 524 3795 μέγας
549 3725 869 3792 δομέστικος
893 3711 959 3795 τῇ
986 3726 1224 3798 τετάρτῃ
1254 3725 1354 3793 τῆς
1397 3724 1645 3793 μεγάλης
1691 3723 1926 3794 ἐϐδομάο

349 3822 435 3882 δος
467 3819 658 3889 ἐξῆλθε
714 3817 813 3886 τῆς
859 3817 1300 3880 Κωνσταντίνου,
1355 3819 1450 3871 καὶ
1501 3817 1739 3887 διέτριϐε
1792 3816 1924 3887 περὶ

351 3909 548 3979 αὐτὴν,
580 3909 710 3968 τοὺς
757 3903 1094 3974 στρατιώτας
1149 3903 1506 3974 ἐκδεχόμενος
1554 3907 1649 3956 καὶ
1685 3903 1755 3955 τὰ
1793 3905 1926 3972 κρή-

355 4017 501 4068 ματα
533 3997 719 4065 δῆθεν.
753 3997 911 4050 Κατὰ
960 3995 1019 4047 δὲ
1072 3995 1168 4064 τὴν
1202 3995 1368 4064 ἕκτην
1397 3995 1496 4063 τῆς
1537 3995 1710 4062 αὐτῆς
1769 3994 1862 4046 καὶ
1895 3995 1922 4046 ό

353 4089 801 4159 πρωτοττράτωρ
829 4089 1142 4156 ἠνάγκασται
1169 4086 1371 4150 ἐξιέναι
1393 4103 1408 4118 ο
1440 4087 1500 4138 οὐ
1537 4085 1644 4153 μὴν
1678 4084 1921 4154 ἐξῆλθεν·

353 4182 490 4236 ἀλλὰ
515 4181 578 4233 τό
621 4197 678 4232 τε
699 4179 1085 4250 ἀπαράσκευον
1106 4175 1449 4245 αἰτιώμενος,
1473 4177 1568 4229 καὶ
1584 4175 1747 4238 ἄλλας
1775 4177 1924 4238 τινὰς

351 4272 524 4335 αἶτίας
549 4270 836 4338 συνείρων,
890 4267 1255 4336 ἐπηγγείλατο
1308 4267 1445 4335 μετὰ
1474 4266 1671 4336 τρίτην
1704 4265 1921 4334 ἡμέραν

352 4362 443 4414 καὶ
475 4361 642 4422 αὐτὸς
670 4358 930 4425 ἐξελθεῖν.
985 4358 1066 4427 Τῇ
1103 4357 1149 4409 δ’
1179 4357 1316 4427 αὐτῇ
1349 4357 1448 4425 τῆς
1483 4357 1727 4426 μεγάλης
1769 4356 1920 4410 ἑϐδο-

2028 3277 2136 3322 tem
2170 3265 2309 3320 adeo
2343 3269 2708 3333 opportunam
2747 3259 2955 3327 (quam,
2986 3254 3031 3308 si
3075 3253 3355 3315 voluisset,
3408 3251 3609 3303 habere

2024 3357 2285 3412 facillime
2320 3351 2555 3424 poterat)
2586 3348 2821 3419 perinde
2852 3363 2916 3402 ac
2940 3349 2984 3400 si
3013 3345 3160 3399 nulla
3187 3352 3332 3398 esset
3359 3350 3608 3396 contem-

2031 3463 2190 3502 nere.
2213 3445 2440 3515 Magnus
2467 3442 2653 3511 itaque
2679 3439 3019 3494 domesticus
3048 3445 3247 3504 quarto
3283 3434 3373 3489 die
3401 3447 3608 3503 magna:

2025 3537 2389 3595 hebdomadis
2441 3531 2916 3601 Constantinopoli
2964 3530 3262 3589 excedens,
3295 3526 3362 3580 ad
3412 3525 3605 3578 urbem

2026 3631 2252 3693 mansit,
2287 3628 2494 3683 milites
2525 3626 2800 3688 videlicet,
2831 3631 2885 3676 et
2915 3621 3202 3692 pecuniam
3255 3625 3608 3687 exspectans.

2026 3723 2123 3778 Die
2175 3731 2328 3776 sexto
2389 3718 2510 3790 [seu
2560 3712 2947 3785 Parasceves],
2998 3714 3165 3768 etiam
3244 3716 3610 3779 protostrator

2025 3817 2176 3872 exire
2237 3812 2720 3882 compellebatur:
2751 3823 3067 3880 quanquam
3116 3821 3220 3860 non
3277 3803 3470 3865 exivit,
3511 3799 3606 3854 sed

2028 3917 2143 3964 tum
2179 3907 2511 3976 imparatum
2542 3919 2625 3968 se,
2654 3911 2767 3956 tum
2794 3901 2898 3955 alia
2931 3898 3182 3969 qmedam
3216 3893 3607 3963 impedimenta

2025 4008 2302 4065 causatus,
2357 4013 2414 4052 se
2484 3997 2631 4050 item'
2667 4001 2792 4063 post
2843 3992 2988 4045 diem
3048 3987 3270 4042 tertium
3327 3984 3601 4038 exituro".

2026 4090 2392 4148 conﬁrmavit.
2441 4088 2712 4142 Caeterum
2769 4084 2858 4137 die
2912 4082 3005 4135 illo
3037 4088 3215 4142 sexto,
3252 4085 3474 4147 propter
3494 4075 3609 4128 lec—

2025 4193 2140 4239 tum
2188 4181 2430 4253 junioris
2505 4175 2859 4247 imperatoris
2914 4173 3133 4227 libellus
3190 4171 3446 4223 iuventus
3497 4177 3604 4230 est,

2024 4275 2372 4344 conscriptus
2435 4271 2520 4326 his
2573 4269 2799 4324 verbis:
2846 4265 2952 4334 Qui
3004 4266 3126 4327 sim,
3159 4271 3253 4318 aut
3279 4261 3404 4330 quis
3441 4273 3609 4312 vocer

2024 4369 2117 4438 qui
2147 4368 2254 4422 hoe
2282 4362 2525 4424 exaravi,
2555 4377 2660 4416 non
2710 4373 3010 4430 cognosces
3041 4354 3222 4410 modo.
3255 4353 3387 4406 Dico
3425 4360 3607 4404 autem
3645 4377 3660 4392 ν

354 4452 520 4520 μάδος
557 4451 716 4520 ἕκτῃ,
763 4449 964 4517 εὕρητο
1010 4447 1148 4516 πρὸς
1199 4450 1265 4516 τῇ
1315 4447 1472 4521 κλίνῃ
1527 4447 1789 4518 βασιλέως
1826 4447 1920 4500 τοῦ

2024 4472 2178 4519 vere,
2209 4455 2374 4510 hodie
2409 4452 2626 4522 impleri
2665 4451 2798 4506 illud
2834 4468 2848 4504 :
2893 4450 3035 4504 Venit
3081 4448 3234 4511 hora,
3261 4454 3316 4497 ut
3341 4443 3614 4511 disperga-

351 4543 470 4594 νέου
521 4539 750 4610 βιϐλίον,
777 4539 905 4592 τάδε
939 4537 1062 4608 ἔχον
1090 4538 1476 4607 γεγραμμένα·
1521 4537 1611 4602 Ὠς
1655 4540 1755 4607 μὲν
1778 4539 1915 4608 γρά-

347 4631 452 4702 ψας
499 4632 684 4693 ὁποῖος
723 4629 789 4683 ἂν
823 4629 908 4698 εἴη
939 4645 1045 4694 τις,
1106 4628 1194 4695 ἦό
1225 4646 1276 4681 τι
1329 4629 1670 4698 ὀνομάζοιτο,
1723 4630 1824 4682 οὐκ
1854 4629 1921 4682 ἂν

349 4722 546 4792 μάθοις
585 4722 645 4774 ἐν
669 4720 747 4790 τῷ
781 4721 1035 4790 παρόντι·
1073 4720 1218 4788 λέγω
1261 4720 1445 4790 μέντοι
1477 4719 1613 4790 πρὸς
1643 4719 1954 4789 άλήϐειαν,’

343 4813 419 4875 ὡς
449 4813 691 4882 σήμερον
743 4809 1112 4881 ἑκπληροῦται
1141 4812 1200 4862 τὸ
1250 4812 1542 4881 εἰρημένον
1580 4811 1662 4876 τὸ,
1703 4832 1721 4862 ι
1767 4811 1924 4881 Ἐλή-

345 4905 507 4958 λυθεν
537 4906 571 4974 ἡ
619 4903 740 4973 ῶρα
791 4904 880 4956 ἵνα
930 4903 1299 4974 σκορπισθῆτε
1357 4903 1613 4970 ἕκαστος,
1661 4905 1759 4958 καὶ
1817 4903 1919 4973 ἐμὲ

344 4998 508 5064 μόνον
533 4995 766 5063 άφῆτεη
797 4995 1018 5057 συνετὸς
1039 4995 1084 5046 δ’
1104 4994 1201 5060 ὢν,
1227 4994 1329 5048 οὐκ
1355 4995 1643 5064 ἀγνοήσεις
1663 4995 1733 5048 τὰ
1761 4995 1918 5062 λεγό-

345 5103 486 5154 μενα
522 5087 718 5156 δήπου.
760 5086 820 5139 '0
847 5085 946 5155 μὲν
973 5083 1068 5140 οὖν
1102 5086 1240 5139 ἐνόει
1265 5087 1329 5138 τὸ
1362 5088 1619 5156 γράμμα,
1644 5085 1790 5139 τοῦτ’
1839 5082 1908 5157 ἦν

341 5178 481 5247 ὅπερ
511 5179 608 5230 καὶ
639 5177 801 5238 αὐτὸς
835 5176 1157 5246 ἐστοχάζετο
1188 5174 1465 5246 βασιλεὺς,
1497 5176 1572 5238 ὡς
1597 5177 1625 5228 ό
1653 5177 1761 5228 τῶν
1789 5175 1920 5246 περὶ

342 5269 527 5323 αὐτῶν
559 5269 978 5340 διασκεδασμδς,
1006 5269 1220 5331 οὐδενὸς
1254 5269 1441 5338 ἑτέρου
1487 5268 1664 5339 χάριν,
1702 5268 1734 5340 ἢ
1769 5269 1919 5332 ὅπως

341 5360 506 5423 αὐτὸς
538 5361 770 5429 γένηται
818 5360 1261 5431 εὐεπιχείρητος,
1293 5358 1404 5430 εἴη.
1450 5357 1554 5412 Τὸν
1596 5360 1782 5430 μέντοι
1821 5375 1916 5428 γε-

413 5503 429 5535 ¹
459 5501 618 5558 Joan.
653 5518 765 5567 τινι,
797 5503 890 5558 3‘2.

2016 4548 2147 4602 mini
2169 4546 2543 4615 unusquisque,
2564 4552 2612 4596 et
2637 4558 2715 4594 me
2730 4539 2898 4594 solum
2928 4536 3239 4606 relinquatis
3262 4534 3298 4598 ⁸,
3323 4533 3376 4585 ni
3400 4533 3607 4585 stultus

2026 4639 2123 4700 sis,
2178 4635 2498 4706 assequeris
2551 4632 2744 4702 utique
2795 4629 2926 4700 quid
2983 4628 3220 4683 dicatur.
3252 4625 3385 4695 Ejus
3414 4619 3606 4690 scripti

2021 4728 2295 4784 sententia
2319 4726 2436 4780 haec
2460 4732 2598 4790 erat,
2625 4737 2788 4793 quam
2809 4729 2866 4777 et
2898 4734 3070 4789 nepos
3093 4717 3208 4787 ipse
3237 4711 3565 4784 conjiciebat
3590 4727 3605 4764 :

2025 4821 2331 4876 amicorum
2384 4831 2610 4872 suorum
2669 4814 3070 4885 dispersionem
3123 4823 3232 4863 non
3263 4807 3404 4861 alius
3435 4805 3606 4874 gratia
3651 4833 3654 4837 ι

2026 4912 2168 4974 ﬁeri.
2203 4924 2368 4980 quam
2402 4918 2462 4963 ut
2493 4908 2609 4979 ipse
2639 4905 2986 4962 commodius
3020 4901 3204 4957 invadi
3261 4898 3608 4970 opprimique

2023 5013 2230 5075 posset.
2284 5005 2581 5058 Auctorem
2617 5001 2910 5069 scriptum
2954 4997 3119 5066 hujus
3167 4989 3516 5063 postmodum
3550 4986 3604 5039 in

2020 5109 2157 5164 pace
2188 5106 2412 5162 quoque
2465 5089 2561 5144 diu
2596 5089 2914 5158 indagatum
2949 5089 3080 5139 non'
3118 5083 3364 5136 invenit:
3397 5078 3605 5130 interea

2023 5191 2255 5236 mortem
2306 5179 2514 5234 obiisse
2543 5176 2791 5232 creditus
2829 5184 2933 5230 est.
2962 5173 3032 5229 Et
3063 5172 3179 5226 haec
3209 5167 3432 5238 quidem
3460 5165 3616 5232 ejus,

2022 5273 2169 5326 modi
2226 5271 2472 5326 fuerunt.
2535 5269 2745 5322 Eodem
2801 5279 2929 5322 vere
2981 5280 3078 5320 xm
3139 5263 3254 5333 (25)
3333 5255 3605 5336 Kalendas

2023 5362 2194 5417 Maias
2257 5360 2561 5416 indictione
2631 5367 2826 5429 quarta
2892 5358 3020 5412 anni
3089 5354 3268 5410 sexies
3325 5347 3603 5404 millesimi

1600 5575 1809 5636 Jacobi
1851 5577 2121 5640 Pontani
2162 5583 2352 5638 notae.

410 5674 530 5749 (25)
578 5675 653 5731 De
699 5674 1096 5732 indictionibus
1161 5676 1257 5749 qui
1327 5677 1494 5744 volet,
1526 5675 1669 5747 legat
1697 5676 2088 5734 Covarruviatn
2147 5677 2436 5731 Variarnm
2479 5673 2858 5730 resolutionum
2885 5669 2984 5727 lib.
3023 5686 3061 5738 ι,
3110 5683 3229 5739 cap.
3291 5664 3377 5733 ιο,
3447 5677 3602 5722 ιιιιιιι.

341 5739 465 5800 Set
499 5739 550 5800 7.
