4136 6288
440 269 442 271 ’
528 288 628 352 159
1693 295 2017 382 Joannis
2055 298 2589 360 CANTACUZENI
3661 293 3768 361 too

520 403 717 456 itinere
768 403 1222 474 persequendos,
1279 404 1374 460 sed
1459 406 1566 460 alio
1619 407 1854 476 quodam
1934 409 2098 465 modo

2217 411 2484 478 Βποτέροις
2521 408 2876 480 πρόσκεινται
2909 408 3004 470 τὰς
3033 407 3257 478 γνώμας
3290 407 3617 479 ἀγνοοῦμεν.
3643 411 3776 464 Ἀλ-

520 492 725 564 bellum
759 508 884 547 cum
914 495 979 548 iis
1004 495 1303 565 gerendum
1332 497 1605 552 existimo.

2217 506 2312 562 tm;
2341 517 2400 552 τε
2435 500 2529 552 καὶ
2557 500 2683 570 περὶ
2721 500 2893 569 μέσας
2939 499 3141 563 νύκτας
3189 501 3373 555 αὑτῶν
3420 501 3771 566 ἐξελθόντωνο

519 589 595 640 ὡς
620 591 768 658 παρά
793 590 902 643 τῶν
928 593 1180 657 φυλάκων
1212 594 1319 644 τῶν
1347 595 1531 646 πυλῶν
1557 595 1838 661 ἐξεγένετο
1899 595 2113 664 μαθεῖν,
2153 597 2307 664 ἡμῶν
2343 595 2388 646 δ’
2429 596 2488 647 οὐ
2549 596 2708 665 μέχρι
2738 595 2960 663 βαθείας
2995 595 3238 665 ἑσπέρας
3285 595 3676 665 δυνησομένων
3706 594 3774 647 ἂν

524 679 660 746 πρὸς
712 680 810 749 τὴν
873 681 1056 744 δίωξιν
1111 683 1472 750 καταστῆναι,
1509 684 1739 747 ἐκείνοις
1787 685 1888 752 μὲν
1943 683 2004 734 τὸ
2051 683 2108 734 ἐν
2147 683 2415 752 ἀσφαλείᾳ
2481 685 2871 756 περιστήσεται
2910 680 3074 746 εἶναι,
3106 685 3239 754 ἡμῖν
3262 684 3320 736 δὲ
3354 685 3416 737 τὸ
3463 683 3776 751 ἀνεφίκτοις

523 771 843 841 ἐπιχειρεῖν·
873 773 966 825 κα).
1026 774 1174 826 δυοῖν
1203 775 1390 844 ἕτερον
1456 777 1818 846 συμϐήσεται,
1850 777 1884 846 ἢ
1921 777 2329 847 ὑστερήσαντας
2361 778 2677 847 ἀπράκτους
2742 778 3062 831 ἐπανελθεῖν
3098 779 3149 844 (ὃ
3201 781 3296 833 καὶ
3349 778 3483 830 αὐτὸ
3545 781 3777 847 σημεῖον

529 865 591 915 ἂν
619 866 788 935 ἥττης
823 867 952 936 εἴη),
983 868 1015 936 ἢ
1083 867 1517 932 καταλαϐόντας,
1582 871 1920 939 ἡττηθέντας
1951 871 2162 922 πεσεῖν.
2203 868 2425 921 Τούτων
2463 870 2528 940 δὴ
2556 870 2741 935 ἕνεκα,
2789 869 2850 922 οὐ
2898 867 3260 924 καταδιώκειν
3311 869 3373 934 ἐξ
3403 851 3600 938 ἐφόδου
3655 850 3774 921 ἀλλ’

526 959 711 1030 ἕτερον
740 979 863 1012 τινα
906 963 1107 1032 τρόπον
1144 964 1279 1032 πρὸς
1329 964 1531 1023 αὐτοὺς
1583 964 1920 1035 πολεμητέον
1949 959 2092 1017 εἷναί
2130 981 2220 1032 μοι
2259 964 2427 1016 δοκεῖ.

1940 1100 2166 1159 CAPUT
2207 1100 2350 1156 XIX.

528 1189 862 1264 Andronicus
893 1189 1066 1264 minor
1092 1190 1426 1264 imperatoris
1467 1191 1674 1264 nomine
1704 1195 1966 1258 privatur,
2013 1197 2173 1248 hostis
2209 1195 2509 1264 judicatur,
2541 1193 2730 1264 crescit
2750 1195 3019 1264 potentia.
3043 1191 3225 1264 Legati
3255 1194 3328 1246 ad
3369 1212 3486 1249 eum
3535 1196 3598 1248 de
3625 1215 3775 1264 pace-

602 1258 754 1311 Miles
800 1258 1177 1335 tumultuatur.
1235 1260 1579 1335 Prn'clarum
1603 1263 1951 1335 fortitudinis,
1998 1275 2046 1318 et
2087 1258 2278 1317 excelsi
2309 1264 2485 1335 animi
2527 1263 2820 1335 exemplum
2869 1265 2926 1316 in
2959 1258 3244 1335 Theolepto
3273 1266 3533 1335 episcopo.
3575 1258 3778 1321 Iterum

599 1337 817 1381 testatus
848 1330 1199 1381 innocentiam
1220 1347 1372 1383 suam
1403 1330 1629 1398 juvenis,
1663 1331 1860 1402 legatos
1898 1350 2018 1387 cum
2049 1349 2142 1402 spe
2171 1335 2315 1401 pacis
2357 1333 2596 1386 dimittit.
2632 1331 2781 1386 Senis
2818 1334 3053 1401 potentia
3083 1341 3420 1388 extenuatur.

601 1443 738 1498 Cum
771 1442 856 1496 his
887 1444 1053 1496 etiam
1085 1442 1509 1505 assentirentur,
1538 1443 1632 1511 qui
1664 1441 1733 1497 de
1763 1443 2102 1512 primoribus

537 1535 794 1599 palatinis
849 1542 1149 1602 praesentes
1196 1534 1446 1597 aderant,
1503 1534 1800 1604 imperator
1847 1535 2106 1605 fugitivos

535 1624 895 1692 persequendi
974 1625 1314 1678 voluntatem
1379 1624 1579 1694 altjecit
1627 1642 1642 1678 ε
1686 1625 1940 1679 subditos
2005 1641 2107 1678 au-

533 1725 642 1766 tem
674 1729 866 1768 omnes
911 1725 1311 1768 sacramentum
1351 1716 1594 1783 poposcit
1625 1715 1760 1785 (56),
1791 1731 1900 1769 non
1943 1731 1999 1770 se
2040 1715 2108 1769 ab

534 1809 848 1863 Andronico
897 1809 1199 1878 Palaeologo
1239 1810 1461 1879 iuniore
1509 1811 1754 1865 facturos
1803 1810 1934 1880 (quo
1989 1810 2109 1879 ipso

535 1897 875 1958 edicebatur,
922 1913 989 1950 ne
1055 1899 1178 1966 quis
1243 1899 1468 1967 posthac
1514 1898 1898 1966 imperatorem
1935 1898 2110 1951 nomi—

539 1988 739 2052 naret),
806 1988 898 2040 sed
953 1988 1126 2042 hostis
1186 1989 1306 2042 loco
1357 1988 1604 2052 haberet,
1665 1987 2108 2057 quandoquidem

537 2081 606 2132 ab
635 2080 966 2148 imperatore
1001 2096 1102 2134 avo
1141 2081 1476 2136 descivisset.
1509 2081 1646 2150 Ergo
1668 2080 1962 2149 jurabatur
1991 2080 2112 2146 qui-

537 2173 684 2229 dem,
748 2171 844 2225 sed
893 2180 1072 2226 actum
1101 2172 1403 2240 agebatur:
1435 2173 1638 2241 quippe
1663 2187 1772 2225 non
1807 2171 1983 2224 solum
2009 2169 2112 2237 By—

538 2263 722 2316 zantio
754 2279 784 2316 e
828 2273 1043 2323 senatu,
1079 2273 1135 2316 et
1195 2265 1464 2317 militibus
1515 2261 1760 2331 quotidie
1797 2262 2112 2331 complures

539 2355 604 2406 ad
662 2362 914 2422 nepotem
963 2354 1270 2408 transibant
1325 2372 1340 2406 :
1404 2369 1592 2408 verum
1647 2369 1714 2408 ex
1764 2353 1890 2407 aliis
1956 2367 2110 2422 mque

539 2445 842 2513 provinciis
879 2454 936 2498 et
965 2445 1288 2498 civitatibus
1313 2445 1542 2498 Romani
1576 2445 1792 2513 imperii
1829 2447 2110 2497 turmatim

541 2535 890 2590 conﬂuebant
919 2537 1029 2603 (57)
1050 2577 1064 2598 ,
1099 2547 1160 2589 ut
1199 2537 1349 2590 brevi
1383 2537 1560 2604 spatio
1585 2536 1793 2590 circum
1822 2550 1879 2588 se
1903 2536 2110 2605 justum

545 2636 756 2680 teneret
784 2629 1085 2681 exercitum
1118 2627 1253 2695 (58).
1282 2627 1393 2681 Nec
1423 2636 1604 2679 tamen
1638 2626 1821 2679 studio
1844 2641 2110 2679 novarum

542 2734 726 2771 rerum
763 2718 1122 2786 direptiones,
1149 2727 1207 2772 et
1251 2718 1534 2771 vastitates
1563 2716 1776 2769 crebrae
1802 2715 2114 2769 infereban-

545 2818 652 2860 tur.
681 2806 1039 2860 Tributorum
1063 2815 1346 2860 coactores
1367 2807 1433 2860 ab
1469 2806 1893 2859 occursantibus
1916 2805 2114 2874 despo-

543 2898 817 2952 liabautur
870 2898 1002 2968 (59),
1045 2898 1150 2952 nisi
1207 2897 1309 2965 ipsi
1360 2900 1799 2965 prtesentientes,
1824 2898 2112 2966 pecuniam

546 2989 682 3042 tutis
710 2990 850 3043 locis
881 2989 1302 3043 abscondissent
1340 3005 1355 3042 :
1389 2989 1601 3058 ipsique
1639 2988 1862 3058 insuper
1892 2988 2114 3042 defrau-

545 3079 674 3133 dato
720 3081 1049 3150 imperatore
1101 3094 1210 3133 non
1258 3095 1450 3148 parum
1485 3080 1612 3139 sibi.
1643 3080 1802 3148 quasi
1841 3079 1909 3132 ab
1937 3080 2117 3133 obviis

546 3171 788 3238 spoliati,
870 3170 1187 3225 retinebant
1236 3187 1251 3223 :
1310 3185 1374 3224 ac
1403 3170 1448 3224 si
1503 3170 1628 3238 quis
1677 3185 1801 3223 cum
1859 3169 2115 3239 qu0piam

544 3259 648 3329 61
684 3261 886 3315 seniori
939 3261 1278 3316 studentium
1306 3261 1548 3329 privatas
1587 3270 1870 3314 exerceret
1890 3271 2117 3314 contro-

545 3355 778 3416 versias,
847 3369 1015 3422 seque
1040 3349 1051 3354 ”
1072 3353 1198 3407 data
1265 3353 1677 3421 opportunitate
1738 3353 2115 3416 ulcisceretur,

551 3447 776 3508 fructus,
826 3446 1012 3508 boves,
1039 3455 1094 3500 et
1130 3460 1260 3510 oves
1285 3461 1382 3514 pro
1411 3460 1569 3514 paena
1603 3445 1920 3499 adversario
1949 3444 2108 3498 aufe-

553 3535 726 3590 rebat.
777 3535 973 3589 Senior
1004 3543 1289 3604 postquam
1327 3550 1439 3589 rem
1489 3550 1648 3590 secus
1687 3535 1767 3590 ire
1795 3536 1930 3589 vidit
1954 3546 2117 3605 atque

553 3635 902 3694 speraverat,
955 3626 1160 3679 coactis
1196 3626 1288 3694 qui
1335 3641 1436 3695 per
1475 3625 1529 3679 id
1564 3635 1778 3694 tempus
1807 3625 2120 3681 Constanti-

558 3716 741 3784 ιιοροιί
807 3715 1126 3769 visebantur
1158 3717 1432 3785 episcopis
1458 3717 1792 3785 (patriarcha
1834 3718 1978 3772 enim
2015 3718 2121 3773 Ge-

558 3808 794 3860 ra‘imus
817 3810 977 3861 morti
1003 3817 1346 3863 concesserat
1375 3824 1438 3862 ea
1469 3811 1583 3879 ipsa
1611 3821 1792 3874 nocte,
1815 3826 1922 3880 qua
1952 3825 2121 3880 nepos

557 3897 746 3950 urbem
791 3897 1152 3967 deseruerat).
1197 3899 1638 3967 expromptisque
1676 3900 1957 3968 apudeos,
1992 3917 2116 3970 quae

552 3986 677 4055 jure
703 3988 1070 4056 expromenda
1097 3988 1352 4051 ducebat,
1381 3989 1696 4057 persuadet,
1731 3999 1789 4044 ut
1829 3993 2120 4046 anathema

557 4086 958 4147 contorqueant
1005 4079 1056 4132 in
1105 4093 1296 4134 omnes
1347 4079 1482 4150 (ιο),
1522 4080 1730 4150 quique
1780 4097 1926 4138 nunc
1956 4099 1984 4136 a
2022 4099 2124 4138 ne-

2279 1440 2503 1503 Τούτοις
2531 1443 2643 1503 τοῖς
2692 1440 2874 1507 λόγοις
2914 1440 3009 1493 καὶ
3045 1441 3154 1494 τῶν
3185 1443 3470 1512 παρόντων
3499 1447 3781 1499 συνειπεῖν-
3800 1497 3818 1513 ο

2209 1549 2318 1584 των
2347 1530 2748 1600 συγκλητικῶν,
2806 1532 2834 1584 ὁ
2889 1531 3143 1600 βασιλεὺς
3188 1525 3288 1600 τῆς
3347 1533 3447 1602 μὲν
3501 1536 3633 1601 πρὸς
3681 1537 3780 1606 τὴν

2213 1622 2398 1685 δίωξιν
2432 1621 2628 1690 βουλῆς
2656 1622 2890 1690 ἀπέστη,
2921 1621 3156 1692 ,ὀμνύναι
3200 1621 3246 1675 δ’
3276 1625 3529 1676 ἐκέλευσε
3573 1627 3778 1690 πάντας

2213 1712 2340 1773 τοὺς
2373 1711 2464 1762 ὑπ’
2492 1711 2674 1774 αὐτὸν,
2705 1710 2781 1773 ὡς
2810 1709 2984 1773 οὐδεὶς
3017 1711 3084 1764 ἂν
3115 1711 3292 1764 ἕλοιτο
3320 1713 3386 1766 τὰ
3409 1714 3778 1783 Παλαιολόγου

2211 1801 2305 1854 τοῦ
2349 1801 2691 1870 Ἀνδρονίκου
2746 1799 2910 1871 (οὕτω
2959 1801 3085 1871 γὰρ’
3115 1803 3524 1870 προσετέτακτο
3577 1811 3780 1876 μηκέτι

2213 1892 2438 1962 βασιλέα
2474 1893 2917 1960 κατονομάζειν),
2945 1891 3083 1946 ἁλλά
3129 1893 3387 1962 πολέμιον
3420 1895 3674 1964 ἡγεῖσθαι
3703 1899 3782 1962 ὡς

2210 1981 2306 2036 τοῦ
2343 1983 2612 2052 βασιλέως
2666 1984 3037 2051 ἀφεστηκότα.
3081 1985 3144 2037 Oi
3191 1985 3341 2054 ὅρκοι
3381 1985 3479 2055 μέν
3521 1983 3614 2040 οὖν
3669 1990 3785 2042 ἐτε-

2212 2075 2420 2139 λοῦντο,
2478 2075 2644 2146 ήνυον
2676 2078 2733 2130 δὲ
2788 2075 2951 2129 πλέον
3004 2075 3182 2132 οὐδέν.
3232 2077 3306 2131 Οὐ
3355 2079 3515 2148 μόνον
3566 2083 3675 2151 γὰρ
3718 2083 3784 2133 ἐκ

2213 2165 2510 2229 Βυζαντίου
2564 2167 2657 2217 καὶ
2701 2164 2799 2234 τῆς
2859 2165 3167 2235 συγκλήτου
3224 2166 3318 2220 καὶ
3367 2168 3466 2236 τῆς
3521 2172 3784 2238 στρατιᾶς

2213 2257 2480 2326 ὁσημέραι
2515 2257 2697 2308 πολλοὶ
2731 2258 2864 2325 πρὸς
2895 2258 2984 2310 τιν
3019 2260 3136 2310 νέον
3174 2258 3512 2327 Ἀνδρόνικον
3542 2261 3781 2329 ηὐτομό-

2212 2348 2359 2410 λουν,
2397 2348 2533 2400 ἀλλά
2570 2349 2663 2400 καὶ
2706 2349 2769 2399 ἐκ
2807 2350 2915 2398 τῶν
2954 2347 3128 2400 ἄλλων
3160 2349 3440 2416 ἐπαρχιῶν
3473 2365 3529 2401 τε
3565 2351 3658 2401 κα)⁵
3690 2349 3786 2401 πό-

2212 2439 2351 2491 λεων
2401 2439 2509 2490 τῶν
2541 2439 2796 2506 ὑπηκόων
2841 2437 3140 2506 Ῥωμαίοις
3174 2438 3464 2508 συνέρρεον
3515 2441 3654 2491 κατὰ
3688 2455 3784 2490 συν

2217 2529 2452 2590 στάσεις,
2477 2527 2550 2586 ὡς
2579 2530 2635 2580 ἐν
2661 2529 2830 2596 ὀλίγῳ
2859 2529 2989 2598 περ).
3011 2529 3175 2581 αὑτὸν
3203 2530 3462 2594 στρατιάν
3488 2530 3784 2600 ἀξιόμαχον

2215 2616 2593 2686 ἀθροισθῆναι.
2643 2616 2923 2682 Ἐγένοντο
2953 2617 3138 2685 μέντοι
3159 2619 3291 2688 πρὸς
3308 2618 3398 2669 τὸν
3419 2621 3784 2686 νεωτερισμδν

2215 2709 2464 2776 ἁρπαγαὶ
2496 2709 2588 2760 καὶ
2619 2708 2820 2777 φθοραὶ
2854 2709 3197 2778 πραγμάτων
3243 2710 3362 2780 οὐχ)
3397 2713 3605 2779 συχναί.
3643 2709 3784 2770 Τούς

2216 2816 2274 2851 τε
2303 2799 2411 2868 γὰρ
2447 2801 2786 2869 πράττοντας
2821 2801 2946 2862 τοὺς
2978 2801 3271 2870 δημοσίους
3303 2801 3505 2869 φόρους
3549 2802 3785 2853 ἀπεστέ-

2219 2907 2393 2959 ρησαν
2432 2889 2539 2940 τῶν
2573 2889 2741 2942 ὄντων
2791 2891 2842 2942 οἱ
2873 2891 3292 2961 προστυχόντες,
3339 2894 3387 2943 εἰ
3430 2891 3504 2960 μή
3556 2908 3658 2942 που
3689 2890 3786 2942 καὶ

2218 2981 2373 3034 αὐτοὶ
2420 2982 2862 3050 προαισθόμενοι,
2895 2980 3246 3050 κατέκρυψαν
3291 2984 3350 3034 ἐν
3387 2965 3640 3048 ἀσφαλεῖ-
3677 2983 3778 3035 καὶ

2220 3074 2377 3127 αὐτοὶ
2404 3073 2462 3125 δὲ
2495 3073 2664 3127 πολλὰ
2695 3075 2909 3137 ἑαυτοῖς
2957 3075 3418 3144 περιεποιήσαντο
3469 3075 3785 3142 ἀποστερή-

2220 3183 2413 3228 σαντες
2447 3165 2696 3234 βασιλέα.
2745 3165 2822 3228 ῶς
2873 3165 3035 3234 δῆθεν
3083 3167 3429 3236 ἀφῃρημένοι
3466 3167 3618 3234 παρά
3675 3165 3786 3217 τῶν

2215 3259 2655 3327 προστυχόντων*
2735 3257 2829 3310 καὶ
2874 3256 2927 3309 εἴ
2956 3274 3036 3318 τις
3069 3259 3202 3326 πρός
3240 3275 3360 3310 τινα
3392 3257 3499 3310 τῶν
3529 3259 3604 3326 τῷ
3658 3274 3791 3325 πρε-

2217 3350 2466 3418 σϐυτέρῳ
2495 3347 2706 3417 βασιλεῖ
2732 3350 3170 3419 προσκειμένων,
3196 3350 3458 3418 διαφορὰν
3475 3350 3614 3419 ἔχων
3639 3349 3788 3402 ἰδίων

2215 3439 2382 3494 ἕνεκα
2435 3441 2814 3510 ἐγκλημάτων,
2875 3442 3124 3511 ἠμύνατο
3173 3443 3264 3494 τοῦ
3315 3442 3509 3511 καιροῦ
3565 3460 3788 3511 συμμα-

2215 3531 2458 3602 χοῦντος,
2511 3536 2592 3595 εἰς
2650 3532 2908 3604 ἁρπαγὴν
2951 3534 3182 3603 καρπῶν
3210 3536 3306 3587 καὶ
3337 3534 3476 3602 βοῶν
3516 3535 3611 3586 κα)⁹
3648 3550 3788 3602 προ-

2218 3626 2398 3679 ϐάτων
2425 3630 2858 3696 περιστήσαντες
2887 3629 2986 3698 τὴν
3011 3628 3235 3698 ζημίαν.
3257 3629 3315 3682 ὐ
3333 3629 3388 3681 δὲ
3411 3629 3788 3699 πρεσϐύτερος

2221 3718 2495 3788 βασιλεὺς,
2544 3718 2620 3780 ὡς
2692 3719 2950 3782 ἐναντίως
3005 3720 3038 3790 ἢ
3089 3721 3252 3784 αὐτὸς
3308 3719 3651 3791 προσεδόκα,
3719 3721 3789 3774 τὰ

2220 3815 2518 3882 πράγματα
2549 3814 2767 3884 ἐχώρει,
2801 3814 3124 3881 συναγαγὼν
3153 3816 3268 3876 τοῖς
3305 3815 3362 3866 ἐν
3391 3816 3455 3882 τῇ
3492 3815 3787 3866 Κωνσταν-

2220 3907 2365 3958 τενου
2423 3907 2543 3959 τότε
2588 3906 2967 3974 διατρίϐοντας
3013 3907 3308 3978 ἀρχιερέας
3343 3907 3391 3975 (ὁ
3436 3906 3786 3974 πατριάρχης

2222 3999 2332 4068 γὰρ
2362 3999 2673 4069 Γεράσιμος
2695 3999 2900 4066 ἔφθασε
2929 3999 3265 4068 τελευτήσας
3295 4000 3352 4051 ἐν
3451 3999 3605 4049 νυκτὶ
3639 3999 3730 4049 κοί)¹
3759 3998 3789 4049 ὁ

2223 4089 2344 4151 νέος
2378 4089 2628 4160 βασιλεὺς
2659 4089 2849 4158 ἐξῆλθε
2878 4088 2974 4142 τοῦ
3004 4089 3344 4160 Βυζαντίου),
3368 4089 3462 4142 καὶ
3486 4089 3790 4159 διαλεχθεὶς

1825 4197 2040 4258 Jacobi
2073 4201 2335 4264 Pontani
2371 4212 2554 4266 notia.

632 4294 742 4364 (56)
764 4293 1034 4362 Gregoras
1061 4307 1075 4343 :
1115 4293 1318 4348 Possint
1351 4305 1746 4349 sacrosanctum
1773 4295 2116 4364 Evangelium

561 4367 613 4417 in
635 4340 905 4432 ‘pailatiis',’
940 4365 995 4414 in
1042 4364 1160 4424 viis,
1193 4365 1259 4434 in,
1283 4366 1410 4429 foris
1448 4365 1772 4434 circumferri
1798 4340 2036 4429 cernens,
2065 4378 2115 4420 et
2150 4340 2192 4394 D

561 4435 809 4500 populum
839 4442 1168 4484 sacramento
1193 4433 1354 4501 adigi,
1385 4442 1508 4485 utet
1530 4451 1561 4486 α
1585 4433 1804 4495 iunioris
1831 4437 2115 4503 imperato-

563 4509 634 4555 ris
682 4505 928 4554 societate
968 4504 1284 4561 recederent,
1328 4513 1375 4554 et
1416 4504 1612 4555 seniori
1659 4505 1972 4557 arctioribus
1997 4506 2115 4558 obe-

561 4573 770 4624 dientia:
805 4571 1025 4624 vinculis
1047 4577 1485 4640 astringerentur.

634 4642 745 4710 (57)
795 4640 936 4712 Opes
988 4641 1216 4693 Romani
1269 4641 1484 4708 imperii
1515 4641 1619 4712 hoc
1650 4651 1894 4711 tempore
1923 4659 2115 4712 parum

563 4709 822 4765 ﬂnrentes
847 4710 1087 4780 fuerunt,
1128 4720 1205 4763 tot
1231 4713 1410 4778 etiam
1439 4711 1642 4780 regnis,
1674 4709 1997 4780 provinciis,
2023 4730 2116 4767 ur-

565 4780 746 4839 bibus,
797 4793 892 4848 per
922 4777 1201 4848 Barbaros
1235 4777 1456 4848 ereptis.
1502 4777 1579 4834 Et
1614 4777 1712 4835 ha'c
1745 4783 1968 4836 historia
2004 4784 2117 4838 col-

563 4849 802 4914 l‘gimus,
849 4847 1105 4899 habuisse
1137 4847 1707 4914 adhuc’iutperatores
1727 4850 2120 4908 Constantino-

564 4918 853 4989 pnlitanos,
887 4917 1135 4989 quamvis
1179 4933 1285 4989 non
1315 4920 1498 4971 omnia
1532 4920 1760 4989 integra,
1808 4921 2118 4986 Thraciam,

565 4987 960 5049 Macedoniam,
987 4986 1293 5056 Bithyniam
1320 4986 1735 5054 occidentalem,
1757 4991 2116 5056 Thessaliam,

565 5058 829 5128 Atticam,
868 5055 1157 5128 Boeotiam,
1182 5055 1580 5128 ‘Acarnantam,
1616 5059 1823 5113 insulas
1851 5055 2121 5128 Pelopea?-

567 5140 780 5188 nesum,
812 5127 1101 5189 Lemnum,
1135 5125 1394 5195 Thasum,
1420 5128 1638 5188 Chium.
1675 5129 1936 5195 Lesbum,
1962 5125 2125 5183 Prin-

565 5197 724 5263 cipis,
788 5195 1088 5260 Tenedum,
1159 5194 1461 5260 Mauriam,
1498 5198 1757 5251 Sanctum
1818 5194 2118 5254 Andream.

566 5266 788 5337 Passum
831 5277 915 5337 est
944 5273 1125 5317 autem
1157 5264 1261 5337 hoc
1293 5277 1774 5337 quantumcunque
1799 5268 2116 5337 imperium,

563 5333 622 5386 in
678 5334 908 5388 Thracia
957 5333 1319 5402 prtesertim,’
1348 5333 1698 5391 incursiones
1731 5347 1786 5391 et
1839 5333 2123 5392 latrocinia

569 5403 1244 5480 B.u-bat_’_ort_tm_multoru_m
1264 5405 1519 5480 plurima,
1542 5406 1868 5480 Turcarum,
1895 5408 2127 5480 scytha-

567 5489 711 5537 rum,
748 5473 1135 5531 Triballorum.
1181 5473 1494 5535 Moesorum,
1529 5476 1885 5532 Albanorum.
1927 5473 1982 5530 Av
2018 5476 2127 5530 Ge-

569 5545 868 5597 nneusibus
918 5544 1044 5598 item
1084 5553 1303 5614 propter
1349 5544 1546 5598 Chium
1611 5554 1666 5598 et
1725 5545 1968 5601 Galatam
2021 5561 2131 5599 ma-

567 5627 669 5679 gna
710 5614 939 5682 accepit
991 5616 1349 5668 inconuuoda.

644 5681 752 5748 (58)
807 5681 1069 5752 Στρατιὰν
1117 5684 1410 5754 ἀξιόμαχον
1455 5683 1707 5745 existimo
1755 5683 1909 5740 reddi
1937 5701 2117 5755 posse,

2212 4304 2419 4372 justum
2473 4308 2793 4370 exercitum;
2839 4306 2884 4360 is
2929 4305 3077 4360 enim
3123 4305 3319 4374 dignus
3359 4314 3461 4368 est,
3519 4306 3611 4373 qui
3660 4320 3787 4360 cum

2221 4376 2330 4428 alio
2382 4377 2630 4430 exercitu
2664 4376 3108 4446 ieongrediatur,
3157 4378 3415 4446 quoniam
3468 4375 3682 4446 viribus
3727 4377 3786 4446 ei

2221 4459 2318 4509 par
2370 4445 2610 4499 videtur.
2662 4445 2807 4500 Huic
2841 4447 2962 4499 loco
3013 4445 3338 4498 illustrando
3386 4445 3596 4498 faciunt
3624 4445 3788 4499 verba

2217 4513 2472 4580 Gregora:
2501 4515 2666 4578 :Qua:
2703 4532 2822 4568 cum
2859 4516 2928 4567 ad
2969 4517 3104 4568 hunc
3145 4516 3354 4567 modum
3393 4516 3448 4566 in
3478 4514 3603 4565 urbe
3626 4515 3793 4578 impe-

2220 4587 2414 4634 ratrice
2461 4595 2788 4652 gererentur,
2848 4585 3180 4637 Andronicus
3230 4585 3417 4652 junior
3459 4583 3696 4635 libertate
3739 4597 3791 4635 et

2219 4652 2554 4706 immunitate
2608 4656 2666 4707 in
2709 4654 2942 4708 Thraciis
2988 4656 3140 4722 pagis
3205 4661 3252 4706 et
3304 4653 3512 4706 urbibus
3557 4667 3792 4722 pronun-

2219 4722 2376 4786 tiata,
2411 4726 2591 4775 statim
2618 4740 2796 4776 omnes
2829 4725 2898 4776 ad
2928 4725 3142 4792 quodvis
3178 4737 3396 4792 paratos
3422 4723 3646 4792 habuit;
3677 4721 3790 4772 sta-

2219 4792 2314 4843 tim
2358 4794 2412 4844 in
2470 4795 2634 4845 armis
2685 4798 2896 4860 [uerunt
2937 4791 3160 4844 Thraces
3189 4808 3387 4850 omnes,
3427 4808 3519 4859 pro
3564 4791 3785 4860 juniore

2217 4860 2541 4932 imperatore
2583 4862 2960 4932 Christopolim
2998 4877 3159 4928 usque
3196 4877 3373 4915 senem
3411 4863 3787 4931 imperatorem

2218 4931 2401 4998 cupide
2429 4932 2685 4985 invasuri.

2293 5022 2404 5089 (59)
2442 5021 2742 5092 Gregoras:
2779 5022 2855 5075 Ac
2899 5023 3129 5091 primum
3181 5026 3376 5091 passim
3417 5024 3474 5075 in
3522 5023 3791 5091 provincia

2219 5091 2529 5158 vagantibus
2550 5091 2866 5160 publicanis,
2897 5100 2946 5144 et
2969 5093 3298 5144 exactoribus
3335 5092 3671 5145 inclementer
3700 5107 3793 5142 ea:-

2222 5162 2491 5222 cruciatis,
2537 5171 2772 5230 ereptam
2811 5178 2971 5229 quam
3005 5162 3441 5228 circumferebant
3495 5161 3788 5230 pecuniam,

2224 5230 2372 5281 nulla
2400 5232 2649 5282 modestia
2671 5232 2808 5284 inter
2833 5245 2888 5283 se
2910 5232 3238 5300 partiuntur.

2296 5342 2407 5412 (40)
2445 5341 2748 5412 Anathema
2786 5342 2966 5412 enim,
3018 5357 3114 5396 seu
3147 5343 3454 5398 exsecratio
3483 5351 3588 5402 est,
3643 5343 3790 5411 quod

2225 5413 2298 5464 ait
2338 5410 2613 5480 χωρισμὸν
2644 5413 2750 5463 ἀπὸ
2771 5410 2905 5463 Θεοῦ
2925 5413 3257 5480 ὲκερωνῆσαι,
3287 5413 3352 5466 ad
3393 5413 3616 5466 verbum
3639 5410 3796 5480 sepa-

2224 5483 2483 5533 rationem
2519 5497 2550 5532 a
2574 5480 2680 5550 Deo
2704 5481 3070 5549 pronuntiare.
3093 5482 3150 5536 In
3173 5497 3311 5550 quos
3339 5481 3482 5534 enim
3499 5481 3794 5550 anathema

2227 5559 2534 5617 torquetur,
2565 5565 2594 5602 a
2623 5548 2733 5604 Deo
2758 5561 3106 5619 separantur,
3143 5548 3205 5605 et
3225 5550 3438 5604 Satanae
3472 5549 3790 5604 traduntur.

2221 5619 2412 5690 Itaque
2448 5619 2694 5672 detinitio
2737 5635 2834 5688 pro
2887 5633 2954 5674 eo
2997 5619 3142 5690 quod
3175 5619 3650 5690 deﬁnitur_posita
3680 5627 3790 5673 est.

2229 5689 2459 5756 Semper
2481 5698 2665 5742 autem
2693 5687 2878 5757 pettus
2903 5687 3182 5760 χωρισμὸν
3202 5689 3309 5742 ἀπὸ
3337 5687 3497 5753 Θεοῦ,
3521 5702 3684 5757 quam
3704 5691 3793 5744 vel
