4136 6288
438 415 533 490 161

1607 426 2145 492 HISTORIARUM
2179 429 2418 492 LIBER
2454 433 2507 494 Ι.

3567 441 3674 506 162

426 537 604 598 αὐτοῖς
635 533 670 587 ἃ
700 532 877 587 ἐδόκει
925 533 1111 588 δίκαια
1139 530 1300 601 εἶναι,
1351 536 1532 589 πείθει
1578 538 1856 608 χωρισμὸν
1887 539 1990 605 61:6

2098 549 2227 609 pote
2266 541 2400 606 sint,
2453 541 2657 614 quipue
2693 549 2881 612 postea
2929 541 3103 597 futuri
3153 545 3286 600 sint.
3313 547 3418 602 Sed
3449 564 3573 604 cum
3606 569 3673 608 ne
3737 553 3746 572 ‘

425 625 562 680 Θεοῦ
597 627 916 694 ἐκφωνῆσαι
947 627 1086 680 κατά
1120 626 1316 690 παντὸς
1351 627 1639 698 ἀνθρώπου
1676 627 1772 681 τοῦ
1813 645 1873 681 τε
1901 630 1996 682 νῦν

422 719 500 789 τῷ
531 719 739 787 ἐγγόνῳ
787 718 1061 780 συνόντος,
1098 719 1194 771 τοῦ
1226 719 1272 772 τ’
1305 721 1588 791 ἐσομένου.
1635 721 1725 783 Ὠς
1758 720 1814 772 δὲ
1858 721 1994 791 μηδὲ

425 808 569 862 τοῦτ’
592 810 838 877 ἐπισχεῖν
855 807 1094 879 ἠδυνήθη
1115 810 1214 872 τὰς
1235 811 1343 862 τῶν
1365 811 1760 879 ἀφισταμένων
1784 812 1985 880 ὁρμὰς,

426 899 603 962 δείσας
638 901 666 951 6
718 898 1092 969 πρεσϐύτερος
1132 900 1388 968 βασιλεὺς
1426 901 1498 970 μὴ
1547 902 1642 954 καὶ
1690 903 1769 964 είς
1820 901 1994 971 πέρας

427 990 690 1058 ἀφίκηται
726 992 792 1043 τὰ
842 991 1148 1060 πράγματα.
1200 991 1390 1055 κακὸν,
1432 991 1604 1054 οὕτως
1650 993 1908 1057 ἐναντίως
1955 994 1988 1065 ἢ

429 1081 590 1143 αὐτὸς
659 1079 1026 1150 προσεδόκησε
1083 1081 1400 1152 χωροῦντα,
1463 1084 1552 1136 τὸν
1607 1084 1992 1153 Φιλαδελφείας

429 1172 756 1242 Θεόληπτον,
811 1172 908 1224 καὶ
959 1174 1049 1225 τὸν
1106 1173 1198 1224 τοῦ
1265 1174 1520 1237 κοιτῶνος
1572 1177 1990 1246 προκαθήμενον

417 1260 892 1331 Καλλικρηνίτην,
925 1261 1185 1330 πρέσϐεις
1209 1264 1347 1332 πρὸς
1377 1264 1467 1316 τὸν
1494 1265 1715 1332 ἐγγονον
1743 1267 1992 1318 ἀποστεί-

422 1353 538 1414 λας,
592 1353 734 1421 πρὸς
782 1352 1079 1420 ξυμϐάσεις
1127 1355 1347 1426 ἐχώρει,
1403 1357 1870 1425 ἐπαγγειλάμενος
1913 1358 1990 1421 ώς

335 1475 348 1485 -
419 1445 556 1516 ὅπερ
589 1443 653 1497 ἂν
681 1447 708 1497 ό
733 1443 956 1512 ἔγγονος
987 1445 1186 1512 ἐθέλοι,
1221 1446 1508 1516 γράμμασι
1536 1446 1802 1516 δηλώσας,
1827 1448 1990 1511 αὐτὸς

422 1537 488 1590 ἂν
541 1536 620 1597 εἰς
664 1535 840 1602 πέρας
890 1537 1110 1603 ἀγάγοι.
1173 1537 1237 1589 Οἱ
1301 1537 1400 1606 μέν
1449 1533 1541 1591 οὖν
1598 1537 1859 1608 πρέσϐεις
1908 1539 1991 1602 είς

433 1626 880 1696 Ἀδριανούπολιν
923 1627 1194 1692 ἐλθόντες,
1234 1627 1356 1680 ἐπεὶ
1383 1628 1478 1680 καὶ
1516 1627 1775 1697 βασιλεὺς
1807 1631 1836 1681 6
1871 1630 1990 1692 νέος

422 1719 580 1788 έτυχε
602 1717 708 1788 πρὸ
737 1718 835 1787 τῆς
863 1718 1071 1782 πόλεως
1093 1719 1554 1789 ἐπισκεπτόμενος
1581 1720 1680 1790 τὴν
1703 1723 1986 1790 στρατιὰν,

422 1809 730 1879 προσῄεσαν
748 1809 822 1872 ώς
849 1811 1346 1882 προσκυνήσοντες,
1361 1811 1457 1863 καὶ
1473 1811 1539 1864 τὰ
1557 1811 1654 1878 τῆς
1693 1813 1988 1880 πρεσϐείας

421 1899 884 1967 ἀπαγγελοῦντες.
922 1899 995 1951 Τὸ
1040 1899 1098 1952 δέ
1146 1899 1347 1970 πλῆθος
1378 1901 1736 1971 περιστάντες
1787 1903 1988 1966 αὐτοὺς

422 1994 650 2062 γυμνοῖς
705 1992 816 2054 τοῖς
875 1982 1086 2060 ξίφεσιν
1137 1992 1212 2053 ώς
1256 1991 1524 2045 ἐπύθοντο
1573 1993 1712 2063 ὑπὲρ
1766 1995 1989 2066 είρήνης

423 2083 800 2152 ἀφιγμένους,
841 2082 1096 2134 ἐκέλευον
1156 2083 1407 2151 ἀλλήλοις
1453 2084 1867 2140 ἀποκτιννύναι.
1929 2085 1989 2140 '0

425 2177 528 2245 μὲν
574 2172 668 2229 οὖν
723 2175 1162 2245 Καλλικρηνίτης
1211 2173 1288 2242 τῷ
1331 2173 1440 2226 δέει
1473 2174 1858 2240 κατασεισθεὶς
1890 2177 1987 2246 τὴν

421 2268 622 2336 ψυχὴν,
675 2265 769 2318 τοῦ
821 2266 988 2318 ἵππου
1021 2282 1083 2319 τε
1116 2266 1460 2336 ἀπεπήδησε,
1515 2268 1610 2321 καὶ¹
1651 2267 1987 2338 ἀμφοτέραις

421 2357 701 2429 περισχὼν
733 2359 820 2410 τὸν
851 2357 1116 2427 βασιλέως
1149 2358 1306 2423 πόδα,
1345 2358 1530 2413 ἵστατο
1559 2359 1841 2430 περιδεὴς,
1862 2360 1987 2413 ὅσον

421 2451 573 2504 οὔπω
625 2449 862 2519 νομίζων
918 2450 1334 2505 ἀποθανεῖσθαι.
1375 2451 1436 2504 '0
1486 2451 1874 2519 Φιλαδελφείας
1925 2449 1985 2504 δὲ

421 2541 610 2611 ὥσπερ
642 2541 710 2594 δι’
739 2541 962 2609 ἀψύχων
993 2541 1155 2593 τινῶν
1191 2540 1430 2611 παριὼν,
1471 2543 1565 2593 καὶ
1593 2542 1778 2610 ψόφων
1809 2541 1986 2594 κενῶν

425 2631 660 2694 ἁκούων,
683 2631 1109 2698 ἀκατάπληκτος
1139 2627 1206 2700 ἦν
1242 2631 1381 2700 πρὸς
1411 2633 1519 2684 πᾶν
1542 2631 1737 2685 ὁτιοῦν.
1757 2631 1900 2684 Ἰδὼν
1928 2632 1985 2686 δὲ

425 2721 514 2773 τὸν
553 2720 992 2790 Καλλικρηνίτην
1037 2720 1226 2791 ὥσπερ
1268 2719 1677 2790 ἀποτεθνηκότα
1715 2721 1793 2788 τῷ
1841 2721 1984 2787 δέει,

426 2807 501 2862 Ού
534 2809 669 2874 δέον,
697 2805 870 2872 εἶπεν,
901 2804 945 2864 ὦ
966 2809 1258 2880 θαυμάσιε,
1296 2809 1352 2861 σὲ
1369 2808 1512 2862 οὕτω
1546 2812 1828 2879 κατάκρας
1851 2811 1987 2880 πρὸς

425 2900 519 2951 τὸν
546 2898 775 2952 θάνατον
803 2901 1222 2968 κατεπτηχέναι.
1244 2899 1521 2968 μέλλοντα,
1543 2900 1591 2951 εί
1626 2900 1702 2969 μὴ
1729 2899 1838 2964 νῦν,
1866 2900 1984 2953 ἀλλ’

2099 627 2179 683 sic
2209 630 2433 699 quidem
2485 630 2861 686 deficientium
2913 634 3148 703 impetus
3199 649 3572 707 coerceretur,
3607 647 3676 697 t's-

2097 734 2272 782 mens,
2339 737 2429 786 ne,
2475 721 2732 791 quoniam
2761 725 2870 792 res)
2894 732 3000 778 tam
3050 737 3242 782 contra
3291 741 3670 800 exspectatun:

2098 811 2478 878 procederent,
2523 823 2766 867 extrema
2801 817 3073 883 pernicies
3116 831 3462 888 sequeretur,
3490 824 3673 880 Phila-

2094 899 2332 969 delphiie
2371 903 2689 972 episcopum
2737 903 3095 974 Theoleptum
3142 909 3276 978 (6i),
3319 921 3374 967 et
3411 913 3674 973 Callicre-

2094 990 2248 1044 niten
2296 992 2440 1045 sacri
2487 993 2726 1046 cubiculi
2758 995 3164 1062 procubitorem
3203 1000 3314 1068 (42)
3366 1002 3573 1073 legatos
3600 1011 3668 1062 ad

2097 1091 2350 1149 nepotem
2383 1083 2572 1148 mittit,
2614 1085 3045 1152 paciﬁcationem
3076 1087 3256 1154 oﬂert,
3289 1091 3670 1165 facturumque

2093 1186 2172 1237 se,
2214 1173 2358 1241 quod
2411 1173 2457 1227 is
2486 1174 2688 1230 litteris
2723 1176 2944 1246 scriptis
2983 1191 3012 1230 a
3059 1193 3119 1234 se
3161 1192 3396 1250 optaret,
3443 1187 3672 1252 pollice-

2095 1273 2200 1316 tur.
2246 1261 2619 1334 lgitur'legati
2671 1260 3066 1336 Adrianopolin
3090 1272 3355 1328 veniunt:
3387 1275 3665 1346 juniorem

2093 1353 2478 1421 imperatorem
2561 1367 2688 1412 ante
2772 1359 2967 1412 urbem
3038 1362 3226 1432 cepias
3286 1379 3665 1426 recensentem

2091 1444 2380 1500 oll'endunt
2413 1465 2427 1501 :
2476 1462 2602 1502 eum
2659 1449 2963 1516 adoraturi,
2990 1461 3046 1505 et
3080 1453 3413 1524 legationem
3445 1464 3663 1528 exposi-

2094 1536 2203 1590 turi
2262 1537 2487 1592 adeunt.
2533 1539 2670 1593 Tum
2725 1541 2928 1595 milites
2973 1558 3164 1613 magna
3218 1561 3313 1601 eos
3359 1547 3666 1619 frequentia

2089 1625 2358 1681 districtis
2384 1629 2610 1683 ensibus
2642 1630 3120 1698 circumfundunt,
3146 1646 3310 1706 atque
3350 1647 3409 1692 ut
3441 1640 3510 1695 de
3532 1657 3668 1710 pace

2088 1716 2412 1774 adventasse
2449 1720 2708 1787 audiunt,
2743 1723 2808 1777 ad
2861 1724 2988 1780 illos
3019 1730 3484 1788 contrucidandos
3519 1734 3668 1790 inter

2090 1822 2148 1861 se
2198 1807 2511 1863 hortantur.
2563 1812 2748 1881 Itaque
2801 1813 3183 1872 Callicrenites
3233 1834 3300 1873 ex
3348 1836 3492 1891 equo
3517 1825 3666 1880 desi-

2089 1895 2230 1951 liens
2276 1901 2564 1965 tremulus,
2610 1910 2667 1956 et
2716 1902 3068 1974 imperatoris
3109 1923 3288 1978 genua
3323 1915 3664 1983 complexus,

2089 2002 2284 2057 magno
2313 2003 2436 2044 cum
2467 1991 2663 2046 timore
2715 1987 3139 2066 astat,'jamjam
3197 2013 3256 2054 se
3312 2002 3663 2060 interfectum

2089 2077 2156 2131 iri
2184 2079 2502 2135 arbitratus.
2529 2083 2599 2136 At
2642 2082 3164 2154 Philadelphiensis,
3195 2099 3257 2144 ut
3308 2091 3355 2146 si
3400 2109 3499 2162 per
3549 2096 3666 2148 ina-

2090 2167 2238 2222 nima
2302 2171 2577 2234 transiret,
2615 2181 2670 2227 et
2711 2189 2883 2229 vanos
2904 2177 3168 2244 quosdam
3193 2183 3461 2250 strepitus
3489 2199 3663 2239 exau-

2088 2257 2255 2321 diret,
2278 2267 2334 2313 et
2352 2261 2420 2314 ad
2445 2262 2626 2316 omnia
2659 2261 3071 2333 imperterritus
3104 2279 3307 2334 manet,
3327 2272 3378 2326 el
3397 2273 3664 2330 Callicreo

2089 2351 2242 2405 niten
2288 2361 2436 2406 metu
2468 2367 2638 2422 prope
2677 2356 3046 2410 exanimatum
3077 2373 3308 2415 cernens
3342 2361 3529 2420 :Heus
3575 2375 3661 2434 tu,

2089 2440 2290 2510 inquit,
2324 2457 2432 2496 non
2483 2453 2534 2497 te
2563 2443 2794 2500 horrore
2823 2447 3018 2502 mortis
3079 2458 3364 2522 tantopere
3404 2456 3664 2524 perfundi

2089 2530 2269 2593 decet,
2297 2546 2446 2598 cuni,
2480 2532 2524 2586 si
2569 2548 2678 2586 non
2726 2535 2911 2598 modo,
2940 2538 3237 2607 aliquando
3268 2545 3488 2613 quidem
3510 2561 3662 2606 certe

2087 2619 2398 2674 moriturus
2445 2621 2542 2676 sis.
2569 2622 2624 2676 Si
2657 2639 2788 2694 ergo
2825 2641 2972 2682 mors
3017 2638 3102 2684 est
3142 2631 3498 2704 inevitabilis,
3519 2655 3661 2708 pra:-

2095 2721 2203 2765 stat
2245 2713 2433 2782 utique
2459 2713 2621 2779 mori,
2651 2729 2774 2769 cum
2810 2731 2869 2772 se
2911 2721 3182 2775 commodi
3208 2725 3443 2794 alicujus
3473 2740 3661 2785 osten-

2087 2803 2169 2856 dit
2202 2805 2444 2858 occasio.
2477 2805 2632 2870 Quod
2663 2822 2788 2860 cum
2825 2808 2898 2862 ita
2927 2811 3020 2870 sit,
3052 2826 3173 2880 quae
3203 2816 3420 2870 tandem
3454 2833 3655 2877 conve-

2086 2894 2328 2948 nientior
2357 2896 2592 2960 occasio,
2614 2912 2776 2965 quam
2800 2914 2898 2967 pro
2931 2915 3062 2968 pace
3092 2901 3418 2971 legationem
3449 2909 3660 2964 obeun-

425 2990 516 3042 οὖν
555 2990 781 3057 ὕστερόν
814 3007 942 3042 ποτε
973 2988 1387 3042 ἀποθανεῖσθαι.
1427 2989 1489 3040 Ei
1515 2988 1609 3042 οὖν
1638 2989 1797 3042 τοῦτο
1835 2991 1987 3043 πᾶσα

2092 2994 2196 3040 tem
2245 2985 2384 3041 mori
2435 2987 2588 3058 (63)?
2631 2988 2838 3044 Dehinc
2875 2990 2942 3045 ad
2979 3008 3242 3064 magnum
3274 2997 3658 3068 domesticum,

425 3079 660 3148 ἀνάγκη,
700 3081 906 3149 βέλτιον
933 3081 1022 3133 ὅτε
1052 3081 1144 3131 καὶ
1179 3078 1450 3148 πρόφασίς
1478 3095 1622 3141 τινος
1675 3079 1918 3149 κέρδους,
1950 3079 1983 3150 ἢ

2092 3077 2469 3148 Syrgiannem,
2501 3087 2558 3132 et
2581 3089 3066 3148 prostostratorem
3091 3100 3390 3143 conversus
3410 3090 3487 3159 (hi
3509 3093 3659 3146 enim

425 3173 515 3227 ὅτε
565 3173 673 3244 μή·
731 3171 919 3228 τούτου
954 3170 999 3227 δ’
1031 3171 1208 3234 οὓτως
1239 3171 1478 3243 ἔχοντος,
1525 3171 1984 3246 παίω-πρόφασις

2092 3172 2336 3239 proxime
2364 3171 2826 3238 circumstabant,
2861 3189 2930 3228 ne
2955 3175 3086 3242 quid
3127 3178 3179 3231 ei
3213 3183 3529 3251 noceretur)
3561 3201 3574 3237 :
3601 3185 3660 3240 Si

425 3264 856 3334 εὐλογωτέρα,ῆ
908 3263 1048 3332 ύπέρ
1093 3264 1317 3332 εἰρήνης
1353 3263 1756 3332 πρεσϐεύοντας
1801 3265 1988 3316 τελευ⁸

2092 3262 2248 3316 vobis
2284 3262 2363 3316 fas
2392 3273 2498 3324 est,
2538 3264 2737 3333 inquit,
2789 3265 3015 3320 stolidos
3043 3267 3180 3323 istos
3235 3284 3300 3323 ac
3334 3276 3661 3330 temerarios

423 3355 624 3426 τῆσαις
658 3352 769 3407 Εἶτ’
797 3357 1156 3423 ἐπιστραφεὶς
1181 3356 1318 3422 πρὸς
1339 3355 1432 3408 τὸν
1458 3355 1632 3423 μέγαν
1666 3357 1987 3425 δομέστικον

2092 3355 2412 3424 reprimere,
2439 3357 2606 3410 vestri
2629 3355 2792 3411 ofﬁcii
2820 3373 3021 3414 munus
3059 3358 3316 3429 implete;
3345 3362 3429 3417 sin
3453 3365 3562 3418 min
3575 3381 3659 3428 us,

429 3445 522 3499 καὶ
553 3445 890 3514 Συργιάννην
921 3446 1017 3498 καὶ
1047 3445 1510 3514 πρωτοστράτορα
1553 3439 1721 3513 (οὗτοι
1753 3448 1861 3516 γὰρ
1890 3447 1988 3500 αύ-

2092 3446 2292 3500 l'aciant
2346 3447 2491 3517 quod
2543 3448 2722 3502 facere
2774 3449 3044 3518 gestiunt;
3115 3451 3289 3506 invito
3358 3454 3469 3509 Deo
3522 3457 3659 3512 nihil

429 3537 520 3589 τὸν
549 3537 914 3606 περιέστησαν
947 3535 1094 3598 ὅπως
1124 3535 1198 3604 μή
1235 3553 1286 3587 τι
1318 3536 1446 3604 περὶ
1476 3537 1641 3589 αὑτὸν
1689 3536 1982 3607 τολμηθῇ),

431 3628 492 3680 Εί
523 3626 622 3695 μὶν
659 3626 866 3690 ἔξεστιν
905 3625 1057 3694 ύμῖν,
1091 3625 1219 3695 ἔφη,
1267 3626 1392 3686 τοὺς
1428 3625 1692 3696 ἀνοήτους
1733 3633 1985 3682 τουτουσὶ

432 3719 523 3770 καὶ
551 3718 772 3786 θρασεῖς
801 3716 1209 3779 καταστέλλειν,
1243 3717 1517 3786 πράττετε
1541 3715 1578 3770 ἀ
1610 3718 1899 3788 προσήκειο
1938 3719 1986 3771 εί

427 3811 457 3864 δ
506 3809 620 3877 οὖν,
671 3801 816 3861 οὗτοί
843 3824 906 3875 γε
955 3804 1206 3878 δρώντων
1232 3806 1268 3860 ἃ.
1301 3806 1732 3878 προθυμοῦνται·
1770 3808 1987 3870 πάντως

426 3901 577 3954 οὐδὲν
630 3901 696 3953 ἂν
748 3897 837 3966 εἴη
889 3897 997 3950 τῶν
1026 3897 1338 3966 ἀϐουλήτων
1383 3897 1524 3967 Θεῷ.
1571 3896 1695 3950 Ἐπὶ
1725 3895 1935 3958 τούτοις
1963 3898 1992 3948 6

425 3996 564 4064 ἀνὴρ
593 3990 934 4061 ἐθαυμάζετο
961 3991 1058 4054 τῆς
1093 3989 1499 4060 μεγαλοψυχίας
1533 3989 1698 4043 ἕνεκα
1720 3991 1815 4043 καὶ
1855 4005 1990 4057 καρ-

429 4087 613 4154 τερίας
647 4085 782 4154 πρὸς
811 4084 881 4136 τὰ
904 4083 1072 4136 δεινά.
1105 4081 1283 4150 Μέχρι
1319 4081 1417 4150 μὲν
1464 4079 1558 4134 οὖν
1590 4097 1736 4144 τινος
1771 4079 1869 4149 βοή
1902 4095 1986 4142 τις

427 4176 737 4248 θορυϐώδης
760 4175 1005 4246 ἐξηχεῖτο
1025 4173 1113 4228 δια
1134 4172 1228 4227 τοῦ
1254 4173 1517 4244 πλήθους·
1539 4168 1660 4226 εἶτα
1687 4171 1985 4226 κατεσταλ-

2089 3536 2201 3590 ﬂet.
2263 3537 2395 3590 Tam
2447 3537 2724 3600 sublimis,
2786 3548 2841 3593 ct
2900 3539 2967 3594 ad
3021 3555 3249 3609 quaeque
3300 3545 3483 3612 gravia
3526 3531 3660 3599 t'ole-

2093 3626 2263 3680 randa
2295 3639 2582 3697 promptus
2612 3629 2718 3682 viri
2749 3629 2966 3685 animus
2997 3631 3414 3688 admirationem
3447 3635 3657 3691 habuit.

2092 3719 2427 3788 Aliquandiu
2480 3718 2647 3789 igitur
2698 3721 2994 3775 multitudo
3041 3724 3279 3778 clamore
3335 3725 3656 3782 fremebat:

2092 3823 2204 3877 quo
2244 3809 2459 3872 sedato,
2497 3809 2704 3879 legatos
2724 3812 2994 3865 seducens
3021 3811 3336 3881 imperator,
3367 3814 3474 3883 62
3505 3819 3660 3885 cujus

2085 3914 2216 3968 ergo
2249 3899 2528 3954 venissent
2550 3901 2848 3969 cognoscit,
2908 3909 2964 3954 et
3021 3917 3120 3970 per
3172 3903 3393 3957 eosdem
3443 3920 3544 3959 avo
3603 3908 3657 3960 in

2085 3989 2228 4044 hanc
2267 3989 2593 4043 sententiam
2649 3989 3268 4057 respondetzAdversis
3316 3992 3536 4047 casibus
3567 4011 3660 4048 ee-

2084 4080 2239 4141 dere,
2273 4089 2330 4133 et
2366 4079 2638 4133 illiberale
2675 4079 2966 4147 quidpiam
3003 4091 3099 4133 aut
3124 4095 3306 4148 agere,
3329 4091 3424 4136 aut
3450 4083 3658 4152 eloqui,

2084 4171 2422 4224 minutorum
2474 4183 2941 4240 angustorumque
2957 4169 3318 4238 quorumdam
3337 4170 3620 4227 hominum
3641 4189 3657 4226 :

1684 4287 1899 4351 Jacobi
1939 4286 2205 4351 Pontani
2241 4293 2426 4348 notua.

433 4421 724 4487 ἀνάθεμα,
785 4420 871 4474 vel
932 4415 1712 4487 ἀναθεματισμὸνῄηοωὶιιατο
1767 4416 1987 4487 gaudet.

2169 4414 2283 4486 (62)
2327 4414 2481 4468 Alius
2508 4413 2597 4486 hi_c_
2625 4411 2840 4486 videtur
2873 4427 2902 4466 a
2943 4413 3446 4486 napaxotpmpévq).
3481 4416 3659 4472 vesti-

431 4493 553 4579 Σιιιῑ
577 4481 727 4579 enim
761 4481 1179 4579 signiﬁcantius,
1205 4481 1600 4579 ct'evideiltius
1639 4481 1814 4579 loqui.
1841 4485 1988 4552 quod
2018 4525 2063 4579 Ι)
2096 4481 2213 4579 tum
2264 4481 2394 4555 'ejus
2459 4482 2694 4552 explicat
2746 4481 3096 4551 Curopalata,
3157 4481 3478 4554 dignitatem
3546 4501 3658 4541 non

430 4560 600 4618 Graeci
629 4556 830 4612 dicunt
851 4558 1314 4624 ἐμφατικώτερον,
1348 4558 1440 4624 καὶ
1466 4556 1881 4624 ἐναργέστερον.

499 4632 608 4696 (41)
649 4622 1077 4696 Ειθςειιεςίιυῇυε
1125 4622 1412 4696 Τιιεοιεριί
1465 4622 1697 4696 hymnus
1722 4632 1901 4696 exstat
1935 4623 1989 4676 in

428 4692 737 4755 Graacorum
753 4692 1088 4762 'llorologio,
1123 4707 1285 4762 quem
1317 4693 1370 4745 in
1394 4692 1750 4762 appendicem
1770 4692 1994 4762 Simeo-

431 4772 518 4823 nis
542 4766 776 4833 theologi
813 4779 842 4818 a
875 4763 1036 4816 nobis
1066 4761 1260 4833 Latine
1291 4776 1635 4833 conversum
1655 4761 1990 4833 addidimus.

431 4838 528 4892 Est
553 4830 749 4889 autem'
775 4832 1198 4894 κατανυκτικδς,
1227 4832 1297 4884 ad
1341 4831 1788 4898 compunctionem
1827 4830 1994 4897 perti-

432 4921 578 4967 nens,
600 4919 666 4958 ex
702 4901 1144 4956 consideratione
1184 4900 1359 4954 ultimi
1390 4899 1676 4968 judicii.—
1705 4900 1816 4952 Cur
1845 4899 1991 4967 lega-

433 4985 516 5029 tos
549 4974 793 5026 mitteret
827 4986 1013 5033 senex,
1047 4985 1262 5024 causam
1313 4967 1478 5023 refert
1523 4967 1792 5036 Gregoras
1825 4968 1994 5022 fuisse

433 5041 839 5098 multitudinem
918 5040 1186 5108 peditum,
1241 5040 1512 5108 equitum,
1563 5038 1991 5106 sagittariorum,

433 5113 771 5166 funditorum
797 5124 933 5178 pene
967 5109 1442 5171 innumerabilem,
1467 5108 1780 5176 Byzantium
1803 5114 1996 5161 verens

436 5177 868 5249 proﬁciscentem
897 5217 911 5231 .
937 5179 1030 5244 qui
1061 5177 1238 5249 primo
1269 5178 1473 5249 impetu
1502 5178 1690 5230 urbem
1721 5192 1996 5249 expugna-

434 5246 587 5304 turos
620 5263 678 5302 se
711 5250 989 5306 rebantur,
1046 5246 1317 5301 seditione
1373 5246 1740 5309 laborantem,
1793 5246 1998 5314 populo

435 5322 580 5374 inter
609 5333 667 5372 se
692 5317 1062 5372 discordante.
1103 5314 1176 5368 De
1206 5315 1507 5383 Theolepto
1530 5324 1712 5379 autem
1743 5318 1992 5383 priuetpe

434 5389 726 5456 legationis
752 5383 1002 5439 ait-“Vir
1038 5401 1141 5456 non
1185 5393 1388 5456 tantum
1429 5385 1673 5456 omnibus
1720 5384 1994 5456 virtutibus

433 5454 679 5520 ornatus,
731 5465 780 5509 et
831 5455 1164 5518 reverendus,
1192 5455 1282 5507 sed
1323 5462 1370 5508 et
1413 5455 1675 5524 singulari
1713 5454 1995 5522 prudentia

434 5529 707 5592 prwditus.
759 5527 928 5581 POl‘IO
981 5525 1361 5590 Orestiadem,
1421 5539 1530 5577 non
1585 5524 1994 5591 Adrianopolim

433 5591 646 5664 legatos
672 5597 890 5657 missos,
919 5604 974 5648 et
1010 5595 1152 5648 inter
1174 5609 1271 5664 eos
1300 5597 1469 5654 fuisse
1486 5595 1648 5647 etiam
1679 5591 1998 5664 Syrgiannis

438 5661 692 5730 matrem,
723 5681 845 5733 quae
877 5664 1046 5716 lilium
1074 5663 1417 5732 potissimum
1438 5665 1677 5732 placaret
1700 5661 1996 5733 (cratenim

437 5735 491 5785 in
528 5735 622 5787 illo
663 5732 932 5802 exercitu)
973 5734 1134 5801 eique
1168 5737 1543 5801 persuaderet,
1591 5750 1660 5789 ne
1693 5734 1758 5788 ad
1796 5732 1997 5788 manlia

437 5803 593 5859 urbis
624 5805 928 5871 accederet,
959 5815 1152 5872 etquae
1178 5813 1505 5873 sequuntur.

2091 4555 2244 4607 item.

2167 4625 2281 4691 (45)
2339 4621 2475 4675 Hinc
2502 4630 2618 4691 tam
2647 4621 2850 4676 diserte
2907 4631 2963 4691 et
3008 4621 3292 4687 magnifice
3321 4623 3510 4678 laudat
3534 4623 3661 4677 Ser-

2093 4689 2241 4762 vium
2263 4689 2798 4762 'SulpitiumCiccro,
2830 4707 2882 4744 ix
2900 4690 3156 4761 Philipp"
3179 4694 3270 4762 qui
3305 4693 3356 4745 in
3390 4695 3660 4762 legatione

2095 4760 2162 4829 ad
2191 4762 2486 4814 Antonium
2527 4759 2802 4826 obeunda,
2843 4776 2902 4814 se
2939 4759 3050 4829 pro
3091 4759 3369 4829 republica
3402 4759 3656 4817 devovit;

2095 4827 2246 4891 Quod
2273 4831 2318 4882 si
2352 4831 2598 4897 cuiquam
2619 4829 2796 4897 justus
2823 4827 2984 4882 honos
3013 4827 3220 4884 habitus
3263 4843 3339 4884 est
3390 4833 3447 4884 in
3494 4842 3661 4884 morte

2095 4900 2297 4971 legato,
2327 4900 2379 4952 in
2402 4897 2572 4971 _nullo
2594 4900 2802 4971 iustior,
2833 4915 2990 4969 quam
3023 4901 3075 4953 in
3107 4899 3289 4955 Servio
3318 4900 3544 4971 Sulpitio
3579 4917 3659 4953 re-

2095 4967 2350 5040 perietur.
2387 4967 2574 5022 Ceteri
2604 4970 2767 5040 quiin
2796 4967 3299 5040 legationemortem
3317 4967 3570 5032 obierunt,
3592 4971 3660 5022 ad

2094 5037 2352 5108 incertum
2384 5040 2502 5108 vita:
2531 5037 2859 5108 periculum,
2877 5041 2987 5092 sine
3014 5039 3124 5091 ullo
3160 5043 3341 5093 martis
3364 5051 3504 5093 metu
3540 5055 3662 5108 pro-

2094 5107 2222 5178 fecti
2237 5117 2414 5178 _sunt;
2449 5105 2658 5161 Servius
2689 5107 2944 5176 Sulpitius
2971 5125 3092 5160 cum
3117 5109 3296 5178 aliqua
3325 5105 3659 5176 perveniendi

2097 5174 2168 5227 ad
2197 5175 2274 5228 Μ.
2313 5177 2598 5230 Antonium
2631 5193 2719 5244 spe
2751 5174 3010 5245 profectus
3044 5185 3138 5241 est,
3173 5174 3333 5230 nulla
3349 5178 3658 5230 revertendi.

2100 5245 2201 5308 Qui
2229 5261 2346 5298 cum
2373 5246 2448 5298 itu
2474 5247 2684 5314 affectus
2709 5256 2861 5307 esset,
2888 5257 2963 5308 ut,
2989 5248 3035 5298 si
3065 5249 3132 5298 ad
3166 5262 3375 5314 gravem
3407 5246 3664 5298 valetudi-

2099 5331 2214 5368 nem
2254 5315 2402 5368 labor
2433 5317 2552 5368 vita:
2586 5317 2906 5379 accessisset,
2948 5315 3042 5367 sibi
3081 5316 3190 5383 ipse
3231 5316 3508 5383 difﬁderet,
3557 5329 3661 5368 non

2097 5385 2373 5446 recusavit,
2399 5385 2676 5452 quominus
2712 5385 2791 5435 vel
2820 5387 2873 5436 in
2905 5394 3134 5437 extremo
3161 5385 3374 5454 spiritu,
3416 5386 3461 5437 si
3500 5399 3660 5451 quant

2097 5469 2245 5522 apem
2273 5454 2566 5521 reipublicae
2596 5454 2732 5520 ferre
2765 5463 2955 5522 posset,
2991 5453 3330 5521 experiretur.
3350 5453 3533 5520 Itaque
3555 5469 3661 5507 non

2100 5523 2256 5576 illum
2294 5525 2365 5574 vis
2395 5523 2600 5593 hiemis,
2637 5539 2738 5573 non
2774 5527 2934 5588 nives,
2961 5540 3062 5575 non
3109 5525 3378 5593 longitudo
3433 5525 3660 5587 itineris,

2100 5609 2201 5644 non
2237 5591 2490 5657 asperitas
2523 5595 2750 5654 viarum,
2797 5609 2898 5644 non
2939 5593 3144 5646 morbus
3183 5591 3543 5662 ingravescens
3575 5609 3664 5645 re-

2099 5663 2359 5724 tardavit,
2398 5677 2618 5728 cumque
2639 5662 2756 5728 jam
2784 5664 2852 5713 ad
2867 5679 3195 5730 congressum
3246 5663 3665 5732 colloquiumque

2099 5732 2211 5800 ejus
2233 5735 2565 5798 pervenisset,
2591 5733 2660 5783 ad
2676 5748 2826 5801 quem
2849 5742 2961 5784 erat
2987 5734 3194 5795 missus,
3216 5733 3269 5785 iu
3289 5737 3403 5802 ipsa
3433 5749 3584 5796 cura,
3613 5744 3662 5784 et

2103 5803 2436 5855 meditatione
2473 5801 2691 5855 obeundi
2723 5806 2952 5856 muntris
2985 5803 3063 5856 sui
3096 5801 3356 5858 excessite
3385 5804 3522 5866 vita,
3551 5811 3661 5858 etc.
