4136 6288
361 309 461 372 165

1550 316 2088 383 HISTORIARUM
2130 320 2366 384 LIBER
2410 323 2464 385 Ι.

3508 327 3613 396 166

354 424 450 498 καὶ
477 422 670 476 τούτου
708 423 873 512 χάριν
937 427 1087 496 ἡμᾶς
1137 427 1236 496 μὲν
1278 428 1314 482 ἃ
1367 429 1698 502 βουλοίμεθα
1725 435 1917 501 αἰτεῖν,

2025 451 2057 490 e
2088 438 2364 507 republica
2388 419 2639 508 senserit.
2670 438 2767 494 Hic
2802 454 2994 498 omnes
3023 441 3162 496 velut
3192 456 3256 512 ex
3281 447 3608 512 composito,
3672 433 3684 454 ³

354 517 562 568 ἐκεῖνον
588 514 645 568 δὲ
681 509 851 585 ἡδέως
873 516 1020 585 ἔχειν
1043 520 1123 581 είς
1163 521 1336 592 πέρας
1364 522 1542 590 ἄγειν.
1576 524 1780 588 Λοιπὸν
1808 526 1920 578 τοί-

351 621 448 658 νυν
466 605 618 674 ’ύμᾶς
645 603 875 658 ἕκαστον
895 604 931 660 ἂ
960 607 1026 660 ἂν
1054 608 1234 676 οἴηται
1255 611 1525 680 συνοίσειν
1551 613 1755 678 λέγειν.
1779 615 1925 684 Πρὸς

351 696 508 750 ταῦθ’
535 697 779 759 ἅπαντες
813 697 1009 766 ῶσπερ
1031 699 1138 752 ἀπὸ
1174 701 1454 772 συνθήκης
1497 703 1599 771 μία
1636 708 1922 776 γενόμενοι

354 789 600 856 γλῶσσα.
641 791 716 859 μή
754 791 1011 859 δέχεσθαι
1065 793 1276 862 ἔφασαν
1326 797 1426 864 τὴν
1480 799 1733 867 εἰρήνην,
1786 801 1922 869 μηδὲ

354 881 643 948 βούλεσθαι
673 882 812 944 ὅλως
837 881 1192 951 βουλεύεσθαι
1236 888 1362 952 περὶ
1392 888 1614 943 τούτου.
1634 891 1764 946 Ἰδοὺ
1791 897 1921 962 γὰρ,

351 973 424 1035 ὡς
459 974 754 1048 ἀκούομεν.
789 976 1036 1046 βασιλεῦ,
1071 981 1150 1041 είς
1199 981 1430 1052 ἔσχατον
1456 984 1761 1052 ἀφιγμένος
1809 1002 1924 1038 κιν-

351 1063 532 1126 δύνου,
566 1067 661 1118 καὶ
719 1069 884 1133 μόγις
915 1069 1052 1122 Θεοῦ
1101 1075 1496 1143 συναιρομένου
1523 1075 1584 1128 τὸ
1623 1076 1922 1128 ἀποθανεῖν

353 1155 654 1224 διαφυγὼν,
694 1160 805 1220 τοῖς
829 1160 1015 1222 αὐτοῖς
1040 1162 1072 1228 ἢ
1105 1165 1200 1215 καὶ
1233 1167 1441 1233 χείροσι
1476 1168 1665 1229 κακοῖς
1695 1183 1923 1236 περιπετ

356 1249 468 1299 σεῖν
495 1248 846 1315 φιλονεικεῖς.
885 1253 1134 1322 Δεόμεθα
1164 1256 1225 1323 δή
1271 1273 1365 1309 σου
1395 1257 1491 1309 τοῦ
1525 1260 1749 1311 τοιαῦτα
1773 1259 1919 1324 λογί-

355 1335 544 1398 ζεσθαι
571 1340 1024 1410 ἀποτρέπεσθαι·
1063 1344 1214 1412 ὅμως
1243 1346 1495 1416 ἐπείπερ,
1525 1347 1601 1409 ὡς
1635 1350 1700 1399 σὺ
1735 1349 1862 1417 φὴς,
1891 1349 1919 1401 ὁ

355 1430 443 1496 ob;
475 1431 702 1494 πάππος
733 1433 921 1504 εἴρηκε
954 1436 1050 1486 καὶ
1086 1434 1344 1502 βασιλεὺς
1385 1435 1462 1497 ὡς
1490 1436 1628 1505 ὅπερ
1667 1436 1733 1490 ἂν
1757 1437 1919 1501 αὐτὸς

353 1520 550 1591 ἐθέλῃς
594 1523 767 1574 αἰτεῖν
825 1526 1035 1590 ἐκεῖνον
1086 1525 1398 1594 ἐκπληροῦν
1447 1529 1915 1596 παρεσκευάσθαι,

352 1611 451 1680 τῆς
475 1612 756 1682 βασιλείας
778 1614 1012 1684 λέγομεν
1047 1616 1380 1676 ἀποστάντα,
1419 1616 1541 1671 καθ’
1574 1620 1766 1672 ἑαυτὸν
1793 1621 1919 1677 ὅποι

356 1703 598 1774 βούλοιτο
647 1706 897 1772 διάγειν·
945 1707 1005 1759 σὲ
1049 1707 1094 1759 δ’
1130 1709 1226 1778 ὲᾷν
1278 1707 1378 1776 τὴν
1418 1708 1706 1778 Ῥωμαίων
1739 1711 1917 1780 ἀρχὴν

2032 538 2088 584 et
2147 545 2258 583 uno
2303 544 2397 582 ore
2451 529 2711 593 clamare,
2771 545 2954 602 neque
3003 533 3254 602 accipere
3304 549 3362 588 se
3391 549 3608 603 pacem.
3647 521 3691 540 λ’

2031 635 2214 688 neque
2248 635 2416 690 super
2449 621 2554 676 hoc
2601 623 2825 691 negotio
2859 623 3073 682 consuli
3100 625 3265 682 velle.
3289 622 3428 680 Ecce
3457 628 3608 686 enim

2031 719 2111 768 tu.
2135 711 2452 779 imperator,
2480 711 2534 764 iu
2578 719 2909 775 extremum,
2937 721 2998 770 ιιι
3022 713 3162 771 fama
3191 721 3294 775 est.
3319 714 3610 771 devolutus
3661 755 3668 758 -

2030 800 2347 867 discrimen,
2398 812 2453 856 et
2509 803 2596 857 vix
2627 803 2811 864 morti,
2838 803 2949 868 Deo
2989 803 3317 872 Opitulante,
3362 805 3607 874 elapsus,

2033 890 2088 944 in
2119 892 2310 946 eadem
2362 901 2420 948 et
2453 891 2729 948 deteriora
2755 894 2904 948 mala
2933 905 2984 950 te
3010 896 3349 968 praecipitare
3373 906 3605 951 conten-

2028 983 2134 1036 dis.
2165 982 2345 1049 Quare
2394 999 2670 1053 rogamus,
2715 984 2795 1038 uti
2824 985 3208 1054 cogitationem
3252 987 3414 1050 istam
3449 1001 3480 1042 a
3512 994 3609 1044 tua

2029 1082 2214 1127 mente
2257 1074 2532 1141 repudies.
2591 1073 2986 1132 Verumtamen
3033 1075 3292 1143 quoniam
3337 1090 3500 1139 avus,
3545 1083 3607 1130 ut

2027 1170 2306 1225 autumas.
2357 1174 2617 1232 pra-stare
2673 1174 2898 1233 paratus
2949 1173 3034 1220 est
3076 1166 3220 1233 quod
3278 1166 3376 1222 tibi
3413 1175 3605 1236 petere

2032 1254 2323 1318 placuerit,
2361 1269 2671 1320 censemus,
2707 1257 2784 1310 uti
2841 1270 2900 1312 se
2931 1255 3169 1326 abdicet.
3203 1263 3260 1313 et
3307 1255 3400 1311 ubi
3456 1256 3608 1310 loco-

2027 1359 2148 1398 rum
2176 1343 2437 1407 voluerit,
2485 1345 2588 1399 sibi
2641 1347 2785 1400 vivat
2815 1363 2829 1399 :
2861 1355 2920 1403 tu
2977 1347 3280 1406 Romanum
3313 1346 3608 1416 imperium

2025 1449 2295 1503 capessas.
2346 1435 2401 1491 Si
2470 1435 2887 1500 detrectaverit,
2940 1437 3264 1507 Byzantium
3335 1438 3608 1497 adversus

2026 1524 2180 1578 illum
2215 1525 2431 1581 infestis
2473 1528 2644 1597 signis
2677 1527 3108 1597 procedendum.
3154 1527 3222 1582 Et
3272 1528 3610 1586 arbitramur

2026 1617 2361 1687 Byzantinos
2407 1634 2582 1688 usque
2625 1620 2692 1674 ad
2752 1634 2944 1684 muros
2995 1621 3290 1675 adventum
3351 1627 3604 1676 nostrum

2026 1709 2170 1763 haud
2206 1721 2616 1782 exspectatur-os
2647 1732 2660 1766 :
2703 1711 2797 1766 sed
2841 1712 3036 1781 procul
3059 1713 3237 1767 adhuc
3268 1711 3608 1768 distantibus

356 1796 560 1850 ίθύνειν
584 1813 600 1830 ο
641 1797 708 1850 ἂν
749 1797 807 1850 δὲ
851 1800 926 1866 μὴ
959 1798 1223 1868 βούλοιτο,
1271 1799 1407 1871 πρὸς
1449 1800 1746 1863 Βυζάντιον
1782 1803 1917 1856 [τίον

2025 1814 2378 1864 occursuros,
2427 1803 2732 1873 urbemque
2779 1803 3080 1858 dedituros.
3108 1803 3164 1859 Si
3193 1803 3378 1872 itaque
3411 1812 3607 1859 nostro

353 1888 442 1941 ἐπ’
471 1889 658 1942 αὐτόν.
693 1889 933 1957 Οίόμεθα
954 1891 1063 1958 γὰρ
1095 1889 1219 1943 οὐδὲ
1265 1891 1432 1961 μέχρι
1457 1892 1657 1960 τειχῶν
1686 1909 1920 1963 περιμε-

2025 1893 2255 1945 consilio
2299 1892 2554 1957 ﬂecteris,
2588 1909 2657 1952 ne
2703 1895 3045 1956 diﬂ‘eramus.
3088 1895 3184 1950 sed
3214 1896 3282 1950 ad
3331 1910 3470 1960 Opus
3514 1896 3602 1948 vel

352 1982 468 2032 νεῖν
508 1980 655 2047 ἡμᾶς
710 1979 838 2040 τοὺς
879 1979 1239 2044 Βυζαντίους·
1286 1981 1404 2045 ἀλλ’
1451 1982 1532 2042 ἔτι
1579 1984 1917 2052 πορρωτέρω

2021 1983 2130 2051 jam
2163 1985 2567 2056 aggrediamur.
2598 1986 2693 2041 Sin
2733 1987 2837 2041 alia
2866 1988 2964 2046 tibi
2997 2002 3173 2052 mens,
3201 1999 3388 2056 aperte
3421 2002 3602 2042 enunc

353 2069 546 2131 ὄντων,
584 2071 664 2132 είς
692 2068 1006 2137 ὑπάντησίν
1035 2086 1094 2121 τε
1126 2068 1225 2139 σὴν
1259 2069 1520 2136 ἐξελθεῖν,
1566 2069 1658 2121 καὶ
1689 2068 1790 2139 τὴν
1827 2068 1924 2122 πό·

354 2161 437 2215 λιν
468 2161 537 2214 ἂν
567 2159 929 2228 παραδοῦναι.
964 2161 1028 2213 Εἰ
1065 2161 1162 2229 μὲν
1184 2160 1278 2213 οὖν
1315 2157 1513 2231 οἷσπερ
1550 2160 1922 2230 βουλευόμεθα

355 2253 520 2324 πείθῃ
542 2255 638 2304 καὶ
675 2253 861 2312 αὐτὸς,
896 2245 942 2304 ὦ
967 2250 1208 2320 βασιλεῦ,
1243 2251 1442 2322 μηκέτι
1473 2251 1778 2320 μέλλωμεν,
1805 2249 1920 2303 ἀλλ’

353 2345 517 2414 Εργου
551 2343 804 2414 ἐχώμεθα
829 2343 956 2414 ἤδη.
990 2344 1050 2395 El
1082 2344 1128 2396 δ’
1154 2342 1329 2405 ἄλλως
1354 2344 1517 2406 αὐτὸς
1543 2343 1920 2412 βεϐούλευσαι,

355 2436 471 2490 ἀλλ’
499 2438 632 2506 ἡμῖν
661 2451 728 2503 γε
764 2434 1016 2503 φανερῶς
1053 2435 1262 2504 φράσον
1289 2435 1440 2496 ὅπως
1467 2434 1698 2495 ἕκαστος
1742 2432 1817 2495 ὡς
1854 2432 1922 2486 ἂν

351 2520 468 2588 οἷός
496 2542 558 2577 τε
655 2524 896 2594 διασῴζῃ
950 2524 1163 2576 ἑαυτόν.
1189 2523 1408 2576 Τούτων
1442 2521 1616 2582 οὕτως
1646 2523 1754 2575 ἀπὸ
1775 2523 1921 2576 πάν-

352 2634 463 2671 των
500 2617 690 2685 ὥσπερ
724 2615 833 2668 ἀπὸ
879 2616 1010 2684 μιᾶς
1049 2615 1359 2683 εἰρημένων
1393 2613 1682 2686 γλώττης,
1719 2614 1922 2683 πολλὴν

351 2708 498 2778 ὁρῶν
529 2710 790 2778 ἀκαιρίαν
823 2709 851 2760 ὁ
884 2706 1140 2776 βασιλεὺς
1176 2709 1259 2766 είς
1297 2705 1358 2758 τὸ
1411 2706 1764 2776 μεταπείθειν
1801 2707 1922 2759 ἐπι-

354 2804 568 2870 χειρεῖν
617 2801 672 2870 (ἦ
705 2815 765 2850 τε
806 2799 915 2868 γὰρ
959 2797 1193 2866 στρατιὰ
1225 2797 1518 2850 ἀκάθεκτοι
1553 2799 1673 2860 ταῖς
1719 2800 1919 2868 ὁρμαῖς

352 2889 517 2962 ἦσαν,
557 2894 650 2945 καὶ
685 2892 924 2960 μάλιστα
950 2891 1082 2944 οίὲκ
1112 2889 1409 2958 Γερμανῶν
1451 2890 1773 2959 μισθοφόροι
1807 2893 1919 2943 Λα-

354 2987 513 3046 τῖνοι,
548 2986 606 3036 ὲν
639 2980 721 3044 οἷς
761 2979 905 3052 ἦσαν
959 2981 1054 3034 καί
1086 2998 1229 3042 τινες
1273 2982 1384 3032 τῶν
1415 2981 1751 3049 εὐπατριδῶν
1790 2981 1917 3050 παρ’

351 3075 560 3136 αὐτοῖς,
591 3073 752 3135 αὑτός
770 3089 828 3139 τε
851 3073 1033 3142 seem;
1059 3072 1142 3123 ἔτι
1173 3067 1284 3141 εἶχε
1315 3071 1453 3139 πρὸς
1478 3070 1748 3134 ἅπαντας,
1774 3072 1914 3140 πλὴν

350 3166 552 3234 ὀλίγων
573 3164 754 3226 τινῶν,
784 3164 879 3217 καὶ
912 3163 1012 3226 οὐκ
1040 3158 1107 3232 ἦν
1133 3164 1197 3215 ὲκ
1223 3163 1316 3214 τοῦ
1348 3163 1553 3231 ῥᾴστου
1579 3163 1714 3231 πρὸς
1741 3163 1918 3229 ἀγνῶ-

350 3277 450 3322 τας
481 3256 844 3324 διαλέγεσθαι,
880 3253 1070 3323 ὥσπερ
1120 3249 1189 3321 ἦν
1243 3255 1517 3322 χρήσιμον
1558 3251 1636 3320 τῷ
1686 3251 1918 3321 καιρῷ),

350 3347 555 3410 πολλὰς
589 3347 684 3415 τῆς
717 3346 796 3408 είς
822 3343 985 3396 αὐτὸν
1013 3343 1224 3404 εὐνοίας
1261 3342 1446 3407 αὐτοῖς
1471 3342 1701 3410 χάριτας
1729 3345 1917 3411 ὁμολο-

349 3442 549 3509 γήσας,
585 3440 680 3492 καὶ
711 3439 823 3490 δεῖν
871 3431 1011 3489 εἶναι
1037 3433 1206 3487 εἰπὼν
1237 3433 1445 3486 πλείονι
1479 3434 1764 3502 διασκέψει
1793 3433 1916 3486 δοῦ-

349 3549 440 3584 ναι
473 3531 536 3582 τὺ
586 3531 838 3598 πρᾶγμα,
873 3526 969 3592 καὶ
1022 3527 1094 3596 μὴ
1157 3524 1244 3593 ἐφ’
1296 3524 1439 3576 οὓτω
1473 3523 1716 3592 μεγάλην
1775 3525 1915 3591 πρᾶο

348 3621 433 3686 ξιν
483 3621 910 3690 ἀπερισκέπτως
965 3619 1166 3687 χωρεῖν
1231 3615 1314 3686 (οὐ
1350 3617 1458 3683 γὰρ
1514 3616 1643 3683 περὶ
1704 3614 1916 3684 μικρῶν

346 3730 511 3766 τινων
585 3709 990 3780 βουλευόμεθα,
1053 3708 1188 3760 ἀλλά
1253 3708 1383 3778 περὶ
1451 3707 1545 3759 τοῦ
1602 3706 1915 3775 σύμπαντος

350 3804 589 3874 σχεδὸν),
623 3803 837 3858 διέλυσε
896 3802 988 3853 τὸν
1041 3799 1322 3868 σύλλογον,
1365 3802 1444 3862 εἰς
1474 3801 1574 3869 τὴν
1620 3800 1916 3868 ὑστεραίαν

325 3901 412 3951 τὸ
442 3899 616 3970 πέρας
646 3897 745 3966 τῆς
779 3896 974 3966 βουλῆς
1006 3897 1336 3964 ἐξαρτήσας.
1386 3894 1604 3946 Τούτων
1633 3893 1690 3946 δὲ
1733 3893 1916 3948 διαλυ-

347 3992 576 4054 θέντων,
602 3991 720 4058 ἅμα
750 3992 865 4050 τοῖς
893 3991 1046 4058 τρισὶ
1080 3987 1239 4039 πάλιν
1268 3987 1296 4037 ὁ
1327 3985 1574 4052 βασιλεὺς
1601 3983 1914 4037 ἐϐουλεύετο

349 4085 478 4151 περὶ
512 4081 622 4133 τῶν
652 4081 1056 4150 προκειμένων,
1087 4061 1458 4148 α’συμφέρειν
1484 4077 1714 4140 ἕκαστος
1743 4079 1914 4131 οίεται

348 4173 615 4234 κελεύσας
643 4172 842 4224 εἰπεῖν.
873 4168 1040 4224 Εἶπεν
1092 4167 1186 4224 οὖν
1221 4170 1440 4240 πρῶτος
1464 4172 1492 4221 ὁ
1534 4169 1874 4238 Συργιάννης
1895 4184 1910 4200 ·

353 4263 552 4334 Ὶιμεῖς
601 4263 637 4317 ἃ
670 4264 766 4324 καὶ
825 4264 1091 4333 πρότερον
1148 4259 1616 4329 ἐϐουλευσάμεθα,
1665 4260 1910 4330 βασιλεῦ,

343 4359 502 4420 ὄντες
525 4361 584 4410 ἐν
611 4355 914 4425 Βυζαντίῳ,
955 4357 1054 4408 οὐκ
1089 4355 1196 4424 ἰδίᾳ
1226 4371 1277 4407 τι
1305 4355 1682 4424 ἐχθραίνοντες
1715 4354 1913 4423 ἔφθεγ-

2025 2072 2120 2133 tia,
2169 2083 2227 2127 ut
2269 2074 2502 2142 quisque
2553 2087 2804 2130 nostrum
2857 2078 3132 2146 quomodo
3179 2078 3385 2146 poterit
3435 2077 3598 2140 saluti

2023 2176 2136 2215 sua:
2191 2163 2493 2232 provideat.
2526 2165 2622 2220 His
2668 2167 2743 2220 ita
2793 2168 2862 2221 ab
2895 2167 3154 2232 omnibus
3201 2177 3459 2236 tanquam
3491 2183 3599 2234 una

2026 2252 2211 2323 lingua
2251 2255 2432 2320 dictis,
2473 2256 2814 2325 perspiciens
2864 2258 3182 2326 imperator.
3213 2255 3375 2310 valde
3406 2256 3602 2310 intem-

2024 2343 2294 2410 pestivum
2331 2358 2472 2409 esse,
2511 2345 2773 2399 aliorsum
2805 2360 2900 2400 eos
2945 2345 3132 2402 conari
3176 2343 3452 2400 deducere
3481 2345 3599 2415 (co-

2025 2432 2200 2486 biberi
2237 2434 2383 2488 enim
2435 2435 2674 2489 militum
2713 2435 2869 2489 furor
2917 2451 3027 2490 non
3059 2443 3294 2504 poterat,
3319 2435 3630 2504 praecipue.

2022 2524 2486 2579 conductitiorum
2516 2525 2837 2580 Latinorum
2875 2540 2906 2580 e
2939 2525 3250 2589 Germania,
3285 2526 3338 2578 in
3397 2524 3598 2594 quibus

2021 2611 2420 2680 crantquidam
2449 2612 2597 2666 domi
2629 2613 2843 2668 nobiles
2879 2629 2894 2666 :
2929 2621 2984 2666 et
3015 2613 3152 2681 ipse,
3199 2610 3389 2680 paucis
3437 2625 3599 2666 exce.

2021 2699 2152 2768 ptis,
2201 2702 2446 2755 omnium
2501 2703 2681 2756 adhuc
2703 2713 2822 2758 erat
2877 2703 3136 2766 insolens,
3182 2715 3287 2757 nec
3341 2702 3594 2781 dabatur,

2022 2795 2482 2861 quemadmodum
2541 2805 2756 2864 tempus
2803 2795 3139 2864 postulabat,
3171 2792 3598 2864 Graecaalinguze

2023 2887 2240 2954 ignaros
2272 2887 2498 2957 alloqui)
2530 2889 2723 2956 amplis
2751 2887 2818 2942 de
2849 2887 3114 2941 benevola
3151 2901 3280 2957 erga
3320 2902 3378 2941 se
3403 2901 3594 2940 eorum

2021 2976 2302 3031 voluntate
2337 2978 2528 3046 gratiis
2575 2978 2734 3040 actis,
2765 2987 2822 3031 et
2855 2991 2969 3031 rem
2995 2977 3312 3031 accuratius
3342 2977 3596 3030 conside-

2020 3066 2266 3130 randam,
2310 3082 2412 3121 nec
2456 3069 2525 3122 ad
2584 3068 2719 3122 tanti
2776 3069 3034 3121 momenti
3084 3067 3363 3136 negotium
3405 3066 3597 3120 incon-

2021 3156 2164 3210 sulto
2198 3157 2569 3212 accedendum
2619 3157 2911 3226 (siquidem
2958 3157 3169 3211 nauale
3193 3156 3370 3224 nugis,
3395 3156 3492 3210 sed
3526 3157 3594 3209 de

2018 3262 2231 3302 summa
2274 3264 2458 3304 rerum
2507 3249 2912 3318 propemodum
2955 3250 3168 3318 agatur)
3217 3246 3492 3316 prafatus.
3537 3247 3592 3302 in

2017 3337 2160 3392 diem
2191 3339 2424 3392 alterum
2467 3341 2664 3408 rejecta
2711 3337 2988 3392 sententia
3037 3336 3330 3402 concilium
3361 3337 3590 3404 dimisit.

2017 3427 2136 3492 Quo
2182 3428 2430 3491 dimisso,
2479 3443 2604 3482 cum
2659 3430 2833 3496 tribus
2866 3428 2976 3486 illis
3010 3443 3228 3482 rursum
3257 3429 3470 3484 consilii
3501 3446 3594 3484 ca-

2017 3520 2200 3588 piendi
2252 3520 2551 3583 deliberat;
2601 3528 2656 3573 et
2706 3519 2976 3589 ρτωςὶρίι,
3018 3528 3080 3572 ιιι
3135 3520 3281 3584 quod
3331 3521 3593 3590 expedire

2017 3610 2286 3674 videatur,
2335 3625 2402 3665 ne
2451 3618 2690 3664 taceant.
2721 3611 2935 3664 Primus
2967 3610 3297 3680 Syrgiannes
3329 3612 3411 3664 sic
3438 3611 3594 3664 ince-

2017 3703 2096 3771 pit
2124 3717 2140 3757 :
2164 3702 2292 3767 Qua:
2315 3702 2423 3771 jam
2455 3711 2584 3756 ante
2633 3701 2878 3772 Byaantii
2915 3702 2969 3754 in
3001 3715 3296 3771 congressu
3328 3701 3588 3762 diximus,

2015 3808 2125 3847 non
2187 3795 2399 3862 privato
2451 3795 2635 3864 aliquo
2690 3795 2743 3847 in
2797 3810 2957 3848 avum
3023 3803 3176 3848 tuum
3207 3794 3358 3856 odio,
3409 3807 3591 3861 neque

2015 3885 2161 3954 quod
2202 3887 2256 3938 in
2306 3885 2544 3939 maximo
2599 3887 2754 3939 lucro
2807 3886 2927 3955 ejus
2958 3885 3324 3938 calamitatem
3353 3898 3590 3952 ponere-

2015 3992 2156 4042 mus,
2189 3977 2359 4030 locuti
2407 3991 2634 4038 sumus;
2665 3977 2758 4037 sed
2817 3974 2943 4044 quia
2978 3977 3045 4028 de
3075 3975 3270 4038 salute,
3299 3983 3355 4028 et
3379 3973 3588 4028 incolu-

2015 4067 2205 4120 mitate
2261 4074 2352 4118 tua
2387 4065 2602 4119 solliciti
2655 4080 2891 4122 eramus.
2921 4063 3031 4135 64
3058 4079 3124 4118 eo
3154 4063 3463 4118 necessario
3488 4064 3587 4118 de-

2015 4154 2374 4208 veniebamus
2407 4171 2420 4207 :
2456 4153 2620 4217 unius
2684 4151 2827 4205 enim
2884 4152 3107 4215 claritas
3161 4159 3220 4204 et
3272 4150 3586 4218 illustratio,

2015 4252 2244 4308 alterius
2284 4252 2504 4306 videtur
2531 4250 2746 4304 eversio
2793 4249 2904 4319 (46)
2935 4265 2949 4302 :
2983 4248 3131 4318 quod
3177 4257 3232 4303 ct
3265 4263 3414 4303 nunc
3450 4263 3588 4303 usu-

2018 4354 2190 4437 venit.
2225 4337 2389 4420 .Quod
2447 4352 2595 4406 enim
2653 4351 2926 4405 exercitus
2975 4351 3268 4404 universus
3323 4349 3439 4419 ejus
3491 4365 3590 4418 op—

347 4447 561 4516 ξάμεθα
596 4447 674 4518 τῷ
705 4445 783 4515 σῷ
822 4448 1035 4514 πάππῳ
1065 4446 1160 4497 καὶ
1189 4445 1420 4514 βασιλεῖ,
1460 4445 1580 4498 οὐδὲ
1610 4446 1739 4513 περὶ
1767 4444 1916 4497 πλεί-

2023 4450 2298 4524 pugnandi
2345 4441 2620 4508 desiderio
2663 4451 2859 4511 fervet.
2898 4439 3113 4520 aequum
3153 4450 3451 4514 desiderat,
3483 4466 3588 4505 nec

347 4560 478 4596 στου
515 4542 578 4593 τὸ
600 4540 788 4602 κακῶς
829 4539 999 4592 αὑτὸν
1027 4539 1338 4607 ποιούμενοι
1377 4539 1590 4598 παθεῖν,
1633 4540 1772 4604 ene
1817 4540 1916 4607 τῆς

349 4635 453 4702 σῆς
509 4633 799 4702 κηδόμενοι
855 4633 1171 4701 σωτηρίας,
1237 4631 1550 4698 ἀναγκαίως
1610 4631 1916 4702 ἐφερόμεθα

350 4727 490 4795 πρὸς
516 4725 675 4801 τοῦτο
701 4738 714 4751 ⁸
745 4723 778 4793 ὴ
809 4723 915 4799 γὰρ
938 4724 1030 4775 τοῦ
1062 4723 1178 4785 ἐνὸς
1202 4724 1582 4793 εὐδοκίμησις,
1607 4721 1700 4774 τοῦ
1726 4723 1913 4788 ἐτέρου

345 4814 491 4868 εἶναι
523 4816 774 4882 φαίνεται
810 4817 1165 4884 καταστροφή
1193 4829 1206 4843 ·
1246 4813 1274 4865 ὂ
1304 4813 1369 4882 δὴ
1400 4816 1496 4866 καὶ
1531 4816 1648 4865 νυνι
1679 4811 1914 4880 συμϐαί-

345 4925 449 4962 νει.
483 4908 601 4976 Τῆς
629 4909 736 4976 γὰρ
763 4909 1019 4982 στρατιᾶς
1046 4907 1266 4976 ἁπάσης
1299 4906 1384 4958 ἐπ’
1419 4907 1582 4968 αὑτὸν
1611 4907 1752 4958 ίέναι
1780 4923 1914 4976 προ-

345 5002 722 5072 θυμουμένης,
758 5001 992 5072 (ἔχονται
1036 4999 1093 5052 δὲ
1127 4998 1304 5071 ὀρθῶν
1336 4997 1636 5066 λογισμῶν,
1680 4997 1775 5049 καὶ
1813 4997 1913 5048 οὐκ

345 5095 497 5148 ἔστιν
523 5093 714 5146 οὐδένα
738 5095 865 5146 νοῦν
898 5093 1091 5161 ἔχοντα
1141 5089 1467 5155 ἁντειπείν,)
1494 5088 1546 5138 εί
1575 5105 1628 5140 τι
1659 5091 1753 5139 καὶ
1784 5088 1914 5156 περ)⁸

346 5189 560 5240 ἐκεῖνον
614 5186 863 5256 συμϐαίη
917 5189 1028 5238 τῶν
1086 5182 1390 5254 δυσχερῶν,
1455 5182 1554 5250 οὐχ
1590 5180 1749 5249 ἡμῶν
1804 5179 1913 5232 τῶν

347 5280 807 5349 ἠναγκασμένων,
839 5277 954 5332 ἀλλ’
1003 5279 1228 5332 ἐκείνων
1283 5275 1348 5330 ἂν
1387 5277 1472 5347 εἴη
1520 5275 1630 5327 τῶν
1680 5277 1758 5336 είς
1813 5275 1916 5345 τὴν

2020 4565 2145 4604 eum
2189 4548 2485 4618 quisquam
2535 4547 2778 4615 prudens
2829 4546 3192 4614 reprehendet
3239 4554 3341 4599 :et
3375 4545 3420 4599 si
3455 4545 3588 4614 quid

2019 4643 2295 4704 odiosum,
2333 4651 2496 4711 atque
2526 4656 2692 4710 grave
2727 4640 2804 4694 illi
2834 4641 3144 4710 contigerit.
3182 4655 3288 4694 non
3320 4639 3374 4694 id
3400 4649 3587 4708 nostra

2021 4733 2115 4802 qui
2149 4733 2417 4800 cogimur,
2448 4732 2544 4795 sed
2582 4730 2800 4784 illorum
2834 4731 2927 4798 qui
2964 4738 3186 4799 cogunt,
3217 4731 3377 4799 culpa
3407 4730 3586 4790 couti-

1983 4881 1990 4900 Ι
2020 4822 2180 4892 gerit.
2210 4822 2446 4889 Proinde
2505 4821 2631 4889 quia
2677 4819 3044 4900 c.o_rrtmun-iter
3091 4811 3348 4874 omnibus
3382 4834 3445 4874 ea
3472 4819 3588 4872 visa

2020 4921 2149 4968 sunt
2179 4913 2507 4991 conducere,
2535 4922 2588 4991 et
2615 4927 2714 4978 nos
2742 4927 2934 4976 eorum
2961 4912 3251 4966 consilium
3272 4912 3590 4978 vituperare

2017 5005 2169 5058 nullo
2218 4987 2380 5060 modo
2422 4987 2754 5076 possumus;
2786 5020 2908 5073 qua:
2958 5003 3232 5066 universis
3263 5002 3584 5068 probant-ur,

2017 5098 2084 5170 ad
2115 5113 2226 5151 rem
2266 5097 2593 5151 conferenda
2630 5106 2780 5151 sunt.
2814 5097 2872 5170 in
2905 5096 3045 5170 banc
3073 5094 3401 5170 sententiam
3433 5093 3584 5160 pedi-

2018 5167 2122 5238 bus
2181 5185 2280 5238 ivit
2319 5186 2483 5258 etiam
2524 5163 2935 5260 'protostratot'.
2993 5164 3240 5260 Cumque
3287 5163 3588 5256 addidisset

2016 5290 2242 5344 magnus
2300 5256 2654 5354 domesticus,
2710 5256 2818 5330 non
2867 5291 2926 5332 se
2985 5256 3348 5345 intelligentia
3391 5285 3586 5327 omnes

1615 5391 1832 5454 Jacobi
1858 5391 2127 5452 Pontani
2163 5398 2353 5454 notua.

413 5507 528 5575 (46)
553 5481 717 5573 Quod
745 5509 894 5562 senis
909 5505 1233 5574 potentiam.
1262 5514 1318 5560 et
1341 5505 1724 5575 auctoritatem
1747 5503 1920 5575 lto-stis
2024 5504 2089 5575 tit
2121 5503 2269 5575 illius
2300 5501 2666 5575 imbecillitas,
2702 5510 2792 5575 tua
2827 5501 2998 5575 gloria
3031 5502 3178 5558 illius
3194 5467 3580 5575 comtemptus;

345 5573 426 5631 tui
458 5573 806 5641 videbamus,
834 5573 997 5631 saluti
1049 5585 1153 5629 tute
1201 5576 1548 5635 timebamus,
1593 5584 1649 5626 et
1708 5573 1914 5626 idcirco

345 5648 611 5701 dabamus
637 5647 788 5700 illius
813 5648 900 5701 vel
923 5646 1357 5712 constringendt,
1376 5645 1462 5698 vel
1494 5643 1802 5706 occidendi,
1825 5643 1908 5695 vel

345 5717 507 5772 etiam
541 5715 791 5785 fugiendi
821 5715 1072 5771 consilia.
1106 5715 1259 5785 Nunc
1284 5714 1522 5768 vicissim
1552 5723 1642 5765 tua
1667 5716 1908 5781 potentia

2020 5573 2184 5640 idque
2209 5573 2332 5640 jure
2392 5571 2620 5639 optimo,
2681 5573 2807 5640 quia
2835 5570 2974 5640 ipse
3007 5576 3063 5626 te'
3111 5575 3177 5626 ad
3220 5574 3334 5642 nam
3382 5570 3583 5642 Coegit.

2021 5639 2171 5696 lianc
2199 5639 2452 5701 istorum,
2487 5649 2542 5694 et
2569 5639 3069 5710 moxsequéntlum
3115 5639 3415 5710 verborum
3453 5639 3582 5698 sen-

2021 5712 2245 5765 tentiam
2273 5725 2396 5766 esse
2427 5711 2630 5779 iudico.
2803 5707 2846 5723 “’
3249 5717 3253 5724 ι
3463 5715 3465 5718 -
