4136 6288
567 331 668 397 167

1752 323 1994 386 JOANN
2007 321 2074 382 [S
2115 316 2646 381 CANTACUZENI

3696 317 3795 381 168

462 431 468 438 ’
553 449 798 509 vincere,
830 450 892 499 ut
919 442 1038 514 ipse
1067 441 1218 498 solus
1262 435 1771 508 communijudicio
1794 437 2120 490 adversareo

2236 433 2476 499 Ξνάγκην
2513 429 2946 484 συνελασαντων.
2985 428 3290 498 Τοιγαροῦν
3319 429 3442 482 ἐπεὶ
3473 431 3628 499 κοινῇ
3663 432 3797 484 πᾶσι

558 525 672 602 tur,
706 542 1088 589 surrexerunt.
1126 531 1228 587 Ubi
1269 530 1588 600 plerumque
1622 525 1802 581 noctis
1835 521 2121 594 processit,

556 633 854 701 imperator
899 643 1023 684 cum
1087 640 1284 696 magno
1346 624 1648 679 domestico
1678 621 1794 677 solo
1832 619 2024 674 iisdem
2057 618 2124 672 dc

559 721 722 776 rebus
764 717 1223 772 deliberationem
1275 715 1458 769 habet.
1493 713 1752 767 Statuunt
1796 710 1980 773 ambo,
2013 722 2126 762 non

555 811 698 864 male
726 808 967 878 cogitare
999 807 1235 860 milites.
1274 803 1431 870 Quod
1463 803 1608 857 enim
1629 802 1841 856 molitio
1871 800 2127 856 novitatis

553 901 665 969 jam
687 897 842 967 quasi
873 911 1130 966 magnum
1159 894 1475 949 incendium
1502 893 1648 948 clare
1676 893 1906 953 luceret.
1934 904 2128 945 omnes

556 1005 586 1042 a
619 990 760 1042 fama
799 987 1073 1056 suSpensi,
1106 985 1467 1040 mutationem
1514 983 1745 1047 domini,
1780 980 1994 1036 tametsi
2043 989 2128 1034 te.-

557 1095 707 1135 mere
731 1079 1081 1149 appetebant.
1121 1078 1508 1132 Verumtamen
1551 1074 1951 1144 expeditionem
1988 1070 2128 1125 hanc

556 1185 658 1224 avo
722 1167 1024 1238 perniciem
1084 1167 1404 1230 allaturam,
1470 1166 1690 1235 quando
1746 1162 1813 1218 ad
1872 1172 2130 1231 nepotem

558 1274 750 1314 omnes
781 1259 966 1312 statim
1019 1272 1080 1312 se
1126 1256 1452 1327 applicaturi
1483 1257 1614 1311 sint.
1641 1252 1822 1320 Quod,
1877 1267 1985 1322 qua
2041 1267 2132 1305 ra-

559 1351 721 1404 tione.
767 1348 1164 1418 impediretur,
1227 1347 1336 1400 illis
1410 1343 2016 1414 circumspicientibus,
2075 1349 2132 1396 et

559 1441 730 1494 multa
756 1454 942 1494 secum
979 1439 1131 1493 varie
1175 1437 1533 1508 agitantibus,
1562 1435 2006 1490 Thessalonicam
2036 1447 2133 1502 po-

561 1533 674 1586 tius
725 1533 964 1584 eundum
1007 1538 1094 1584 est
1130 1530 1344 1593 visum,
1391 1537 1452 1581 ut
1508 1525 1825 1581 intermisso
1885 1532 2132 1590 tempore

561 1636 728 1675 senex
762 1620 1024 1690 paulatim
1080 1619 1311 1673 firmatis
1348 1617 1568 1687 opibus,
1596 1613 1928 1670 adversariis
1955 1611 2133 1666 obsis-

565 1721 683 1766 tere
719 1719 926 1780 posset,
961 1725 1065 1763 nec
1087 1710 1155 1763 de
1204 1709 1500 1778 improviso
1540 1720 1838 1775 oppressus
1859 1703 2127 1758 interiret.

563 1803 677 1858 llac
697 1803 970 1856 sententia
1013 1800 1389 1870 comprobata,
1418 1797 1593 1868 quieti
1633 1811 1868 1865 corpora
1907 1795 2134 1849 manda-

562 1903 782 1948 verunt.
815 1892 907 1947 Die
939 1892 1190 1961 sequenti
1243 1889 1547 1953 nobilibus,
1587 1887 1928 1957 ducibusque
1959 1885 2137 1939 omni-

563 1983 669 2037 bus
720 1983 1068 2052 congregatis
1115 1982 1251 2049 (47),
1295 1983 1665 2048 praesentibus
1723 1977 1855 2031 item
1902 1976 2136 2040 Latinis,

563 2087 800 2141 quorum
830 2082 955 2125 ante
990 2070 1324 2124 mentionem
1359 2067 1612 2130 fecimus,
1639 2068 1931 2135 quaesitum
1963 2073 2046 2118 est
2069 2062 2137 2117 ab

565 2164 921 2233 imperatore,
950 2160 1148 2230 ecquid
1205 2169 1406 2228 praeter
1451 2174 1513 2212 ea
1541 2173 1663 2227 quae
1690 2156 1808 2210 heri
1838 2156 2140 2210 voluissent

565 2256 693 2308 novi
725 2255 1012 2324 quippiam
1063 2251 1262 2320 aliquis
1309 2257 1715 2304 commentatus
1757 2248 1970 2302 luisset.
2003 2245 2139 2300 Nam

565 2361 689 2398 cum
745 2343 1028 2398 decretum
1077 2342 1214 2396 nihil
1248 2340 1442 2405 fuerit,
1471 2350 1527 2394 et
1554 2355 1747 2394 omnes
1772 2338 1964 2393 eadem
1993 2337 2142 2407 cogi-

566 2437 700 2488 tatio
731 2432 1029 2502 occupatus
1059 2432 1322 2495 tennerit,
1365 2429 1666 2485 verisimile
1699 2428 1838 2494 ﬁeri,
1870 2427 2142 2482 meditan-

565 2523 637 2576 do
691 2533 953 2590 praeterea
989 2521 1304 2589 quempiam
1359 2519 1569 2587 aliquid
1619 2519 1914 2572 invenisse.
1948 2517 2140 2585 Magno

567 2623 749 2668 autem
808 2599 1256 2680 strawpedarcha
1303 2611 1607 2679 Palaeologo
1636 2610 1873 2670 dicente,
1911 2622 2014 2661 nec
2037 2604 2140 2661 sibi

568 2699 843 2767 reputanti
893 2698 1042 2751 aliud
1100 2699 1430 2761 occurrisse,
1482 2714 1583 2752 nec
1649 2697 1718 2751 ab
1777 2697 1886 2750 alio
1938 2711 2140 2750 novum

567 2789 775 2858 aliquid
827 2789 1122 2853 audivisse,
1173 2798 1228 2843 et
1276 2789 1571 2842 caballario
1615 2788 1730 2854 (48)
1787 2798 2044 2856 tanquam
2075 2801 2142 2840 ex

570 2895 803 2948 persona
852 2878 1171 2932 Latinorum
1213 2877 1542 2942 afﬁrmante,
1569 2878 1656 2932 die
1691 2879 1947 2932 hesterno
1981 2876 2144 2932 dictis

570 2971 707 3025 nihil
735 2986 856 3025 esse
887 2985 1062 3040 neque
1088 2985 1278 3024 verum
1318 2970 1512 3038 magis,
1542 2985 1722 3038 neque
1751 2968 1921 3038 magis
1954 2983 2144 3022 neces-

569 3063 797 3124 sarium,
830 3061 1154 3130 czeterisque
1197 3059 1390 3114 ordine
1420 3059 1676 3113 omnibus
1705 3059 1894 3114 eadem
1920 3075 2134 3113 asseve-

569 3152 838 3213 rantibus.
860 3161 915 3206 et
939 3151 1347 3221 expeditionem
1383 3151 1437 3204 in
1480 3150 1798 3219 Byzantium
1829 3149 2131 3204 festinanti-

568 3243 692 3307 bus,
724 3243 873 3312 quod
897 3243 1061 3297 simul
1091 3243 1495 3313 apparuissent,
1517 3241 1764 3296 deditum
1792 3240 1858 3294 iri
1886 3240 2132 3296 aiebant:

567 3345 625 3388 et
654 3345 930 3402 postremo
983 3335 1037 3387 in
1070 3347 1279 3402 preces,
1317 3343 1377 3388 ut
1423 3349 1490 3388 eo
1516 3334 1622 3388 sibi
1651 3334 1842 3388 liceret
1870 3332 1972 3397 ire,
1993 3331 2138 3386 desi-

571 3425 864 3486 nentibus,
908 3425 1204 3492 imperator
1257 3423 1476 3493 paulum
1524 3437 1802 3479 moratus:
1858 3424 1927 3478 At
1980 3424 2136 3488 mihi,

570 3515 771 3582 inquit,
805 3513 1116 3568 Salomonis
1144 3514 1278 3567 illud
1323 3515 1579 3583 prmclare
1602 3516 1871 3584 scriptum
1895 3515 2136 3580 videtur,

572 3605 802 3659 salutem
829 3619 969 3664 esse,
999 3604 1106 3674 65
1135 3605 1226 3659 ubi
1269 3606 1438 3658 multa
1481 3613 1612 3659 sunt
1658 3606 1881 3659 consilia
1913 3605 2045 3676 (49).
2071 3606 2140 3661 Ει

572 3709 698 3750 cum
729 3694 946 3761 saepius,
972 3710 1037 3747 ac
1079 3694 1313 3748 multum
1357 3708 1526 3762 super
1565 3692 1756 3748 iisdem
1805 3695 1970 3748 rebus
2008 3709 2140 3748 con-

572 3783 914 3845 sultaverim,
939 3781 1147 3851 aliquid
1192 3791 1391 3850 praeter
1429 3780 1698 3835 hactenus
1740 3780 1885 3836 dicta
1908 3783 2138 3850 amplius

574 3873 759 3928 inveni
793 3873 942 3942 quod
979 3873 1032 3926 in
1065 3872 1307 3928 medium
1350 3872 1693 3927 aﬂcrendum
1723 3872 2054 3939 existimavi,
2081 3883 2140 3928 ut

571 3979 603 4017 a
656 3964 811 4018 vobis
863 3975 1125 4033 quantum
1182 3963 1381 4030 valeat,
1442 3964 1804 4034 panderetur.
1844 3964 2138 4036 Postquam

571 4053 968 4123 Adrianopolin
1018 4055 1168 4121 veni,
1203 4063 1261 4109 et
1316 4055 1465 4110 cives
1513 4056 1698 4110 cuncti
1748 4055 2015 4112 benevole
2053 4072 2142 4112 me

572 4154 933 4215 acceperunt,
989 4154 1046 4200 et
1108 4146 1320 4216 reliqua
1361 4144 1606 4201 Thracia:
1645 4145 1847 4216 oppida
1885 4147 2143 4202 universa

575 4247 750 4300 usque
831 4232 1230 4302 Christopolin,
1287 4233 1342 4288 in
1401 4233 1585 4300 tidem,
1652 4237 2141 4305 auctoritatemque

2224 521 2296 572 τὰ
2328 520 2494 573 ἀὐτὰ
2527 517 2675 582 εδοξε
2706 517 3028 581 λυσιτελεῖν,
3063 521 3225 586 ἡμεῖς
3271 533 3333 569 τε
3385 517 3645 586 οὐδεμίαν
3689 522 3799 581 τοῖς

2228 609 2678 680 βεϐουλευμένοις
2711 607 2923 679 μέμψιν
2953 609 3151 679 ἔχομεν
3191 611 3500 680 ἐπιφέρειν,
3541 610 3611 664 τὰ
3643 615 3798 682 κοινῇ

2226 703 2494 758 δοκοῦντα
2546 700 2810 771 πράττειν
2854 701 3089 767 ἀνάγκη,
3125 698 3352 762 Τούτοις
3396 702 3618 752 συνεῖπε
3649 701 3745 752 καὶ
3774 702 3801 752 ὁ

2227 795 2688 868 πρωτοστράτωρ.
2723 792 2830 846 Τοῦ
2865 793 3106 863 μεγάλου
3124 809 3184 844 τε
3214 791 3539 860 δομεστίκου
3571 791 3646 860 μὴ
3678 809 3801 843 συνο

2226 888 2492 956 ετὼτερον
2523 888 2715 939 ἐαυτὸν
2740 881 2879 938 εἶναι
2925 885 3174 954 νομίζειν
3212 884 3319 936 τῶν
3347 883 3523 936 ἄλλων
3544 883 3802 936 ἁπάντων

2229 980 2498 1041 εἰπόντος,
2557 977 2698 1030 ὥστε
2757 978 2870 1039 τοῖς
2903 978 3060 1046 κοινῇ
3115 974 3367 1030 δοκοῦσιν
3426 974 3589 1026 αὑτὸν
3637 973 3802 1043 μόνον

2229 1069 2448 1123 ἐναντία
2488 1068 2689 1136 λέγειν,
2728 1067 3057 1136 ἀνέστησαν.
3117 1065 3350 1128 Βαθείας
3389 1062 3447 1116 δὲ
3483 1063 3680 1125 νυκτὸς
3711 1063 3802 1114 τὸν

2233 1159 2409 1229 μέγαν
2434 1158 2757 1227 δομέστικον
2786 1159 2814 1209 ὁ
2835 1156 3089 1227 βασιλεὺς
3127 1155 3293 1224 μόνον
3317 1153 3678 1226 παραλαϐὼν,
3707 1154 3804 1206 καὶ

2237 1247 2398 1308 αὖθις
2455 1245 2774 1298 ἐΰουλεύετο
2821 1247 2950 1314 περὶ
3006 1245 3116 1298 τῶν
3149 1247 3331 1298 αὐτῶν
3359 1262 3372 1274 ·
3409 1247 3590 1299 ἐδόκει
3615 1246 3674 1300 δὲ
3707 1247 3805 1300 καὶ

2231 1338 2415 1400 αὐτοῖς
2451 1336 2629 1408 δρθῶν
2661 1335 2762 1406 μὲν
2808 1335 3034 1405 ἔχεσθαι
3066 1337 3166 1408 τὴν
3202 1337 3468 1407 στρατιὰν
3499 1337 3801 1407 λογισμῶν.

2231 1429 2341 1483 Τοῦ
2379 1426 2758 1498 νεωτερισμοῦ
2815 1429 2927 1498 γὰρ
2959 1429 3059 1498 ἢδη
3125 1427 3397 1498 λαμπρῶς
3447 1429 3801 1496 ἐξαφθέντοῆ

2233 1523 2436 1581 πάντες
2461 1515 2604 1590 ἦσαν
2640 1517 2911 1588 μετέωροι
2939 1518 3075 1588 πρὸς
3104 1519 3204 1582 τὰς
3232 1521 3418 1588 φήμας
3450 1522 3544 1573 καὶ
3572 1520 3806 1589 μεταϐο-

2231 1610 2330 1680 λῆς
2359 1611 2582 1673 ἀτόπως
2610 1611 2780 1680 ἥρων.
2814 1609 3074 1663 Κίνδυνον
3119 1608 3302 1679 μέντοι
3331 1611 3422 1664 τὸν
3449 1612 3677 1680 ἔσχατον
3705 1613 3805 1679 τὴν

2234 1702 2316 1762 εἰς
2355 1698 2657 1764 Βυζάντιον
2698 1697 2881 1752 αὐτῶν
2920 1699 3104 1768 ἄφιξιν
3147 1702 3338 1771 φέρειν
3368 1701 3454 1770 ’τῷ
3483 1701 3696 1770 βασιλεῖ
3729 1701 3804 1764 ὡς

2237 1792 2454 1846 πάντων
2504 1789 2664 1853 εὐθὺς
2699 1789 2777 1859 τῷ
2811 1791 2917 1860 νέῳ
2949 1790 3447 1860 προσθησομένων.
3497 1793 3563 1845 Ὃ
3597 1791 3664 1862 δὴ
3709 1794 3808 1843 καὶ

2239 1880 2638 1950 σκοπουμένοις
2664 1880 2848 1943 αὐτοῖς
2879 1881 3026 1943 ὅπως
3052 1879 3118 1934 ἂν
3153 1881 3229 1951 μὴ
3255 1882 3506 1949 γένηται,
3537 1883 3634 1934 xui.
3669 1884 3808 1934 πολ-

2238 1971 2336 2033 λάς
2376 1971 2572 2037 ἑλίξεις
2611 1963 2891 2041 λογισμῶν
2930 1970 3253 2038 διελθοῦσιν,
3287 1973 3460 2026 ἐδόκει
3519 1974 3807 2044 βέλτιστον

2239 2058 2546 2132 εἶναιπρὸς
2598 2061 3008 2133 Θεσσαλονίκην
3047 2064 3248 2132 μᾶλλον
3277 2063 3473 2128 ἐλθεῖν,
3530 2065 3606 2128 ὼς
3643 2066 3710 2119 ἂν
3751 2067 3810 2117 ἐν

2238 2151 2317 2222 τῷ
2351 2151 2556 2221 μεταξὺ
2607 2152 2788 2222 χρόνῳ
2837 2153 2907 2206 τά
2955 2155 3074 2206 κατ’
3127 2155 3291 2208 αὐτὸν
3335 2155 3480 2208 κατὰ
3516 2155 3711 2226 σχολὴν
3751 2156 3813 2210 εὖ

2238 2242 2558 2311 διαθέμενος
2612 2244 2640 2295 ὁ
2669 2243 2947 2312 βασιλεὺς,
2998 2243 3137 2312 πρὸς
3176 2245 3269 2299 τδν
3301 2244 3536 2313 πόλεμον
3578 2247 3814 2318 man

2197 2407 2200 2410 η
2241 2335 2340 2388 καὶ
2374 2333 2450 2405 μὴ
2477 2334 2754 2405 ἀπόληται
2777 2336 3228 2405 ἐπιχειρούμενος
3274 2339 3337 2390 ἐκ
3390 2337 3483 2390 τοῦ
3515 2339 3813 2406 αἰφνιδίου.

2242 2425 2462 2495 Ταύτην
2519 2423 2584 2493 δὴ
2616 2421 2973 2494 κυρώσαντες
3006 2425 3108 2494 την
3141 2424 3358 2494 βουλὴν,
3400 2426 3701 2493 ἐτράποντο
3730 2429 3816 2490 είς

2242 2515 2428 2569 ῦπνον.
2464 2517 2577 2580 Τῆς
2604 2514 2659 2568 δὲ
2695 2515 3092 2586 ἐπιγενομένης
3121 2516 3358 2585 ἡμέρας,
3383 2517 3496 2568 τῶν
3538 2532 3598 2568 τε
3631 2517 3689 2568 ἐν
3719 2517 3816 2568 τέο

2241 2608 2322 2660 λει
2357 2607 2576 2662 πάντων
2607 2607 2703 2659 καὶ
2756 2606 2866 2658 τῶν
2919 2605 3020 2674 τῆς
3075 2607 3383 2677 συγκλήτου
3417 2605 3814 2671 συνελθόντων,

2243 2701 2534 2770 παρόντων
2580 2699 2676 2752 καὶ
2725 2697 2833 2752 τῶν
2872 2701 3180 2770 εἰρημένων
3221 2697 3491 2764 Λατίνων,
3523 2699 3575 2750 εί
3602 2715 3656 2752 τι
3683 2715 3820 2752 και-

2243 2790 2464 2860 νότερον
2487 2789 2596 2842 τῶν
2629 2789 2756 2858 χθὲς
2785 2789 3232 2861 βεϐουλευμένων
3275 2788 3563 2858 ἐξεύρηταί
3611 2806 3749 2851 τινι,
3789 2789 3818 2842 ό

2245 2881 2498 2953 βασιλεὺς
2527 2882 2860 2936 ἐπυνθάνετο
2889 2885 3064 2954 κοινῇ.
3109 2881 3360 2944 Ἀτελοῦς
3409 2880 3516 2951 γὰρ
3550 2879 3644 2934 τοῦ
3692 2881 3822 2949 βου·

2243 2975 2518 3045 λεύματος
2567 2974 3046 3044 καταλειφθέντος,
3077 2973 3204 3028 ,καὶ
3233 2973 3387 3043 ὑμῶν
3427 2974 3645 3026 πάντων
3677 2975 3818 3044 περὶ

2244 3065 2374 3117 αὐτὸ
2406 3061 2608 3133 ἡσχολη
2619 3062 2820 3132 μένων,
2845 3063 2993 3126 είκός
3021 3081 3143 3118 τινα
3167 3065 3264 3118 καὶ
3299 3064 3733 3136 προσεπινοῆσαί
3766 3081 3820 3116 τι

2242 3153 2424 3206 πλέον.
2463 3152 2835 3220 Ιιαλαιολόγου
2865 3153 2924 3206 δὲ
2975 3155 3069 3207 τοῦ
3103 3155 3341 3224 μεγάλου
3397 3153 3819 3224 στρατοπεδάρ-

2239 3260 2338 3314 χου
2408 3243 2534 3313 μήτ’
2567 3245 2730 3297 αὐτόν
2761 3262 2814 3298 τι
2848 3248 3407 3316 προσεπινενοηκέναι
3457 3246 3643 3310 πλέον,
3683 3246 3821 3315 μήτ’

2239 3333 2401 3386 ἄλλου
2437 3334 2740 3400 ἀκηκοέναι
2771 3336 3041 3404 φαμένου,
3077 3339 3172 3390 καὶ
3220 3336 3588 3407 καδαλλαρίου
3622 3353 3822 3405 φραμ-

2243 3425 2406 3494 πέριν
2452 3425 2758 3494 τεμπινιὺλ,
2799 3427 2875 3489 ὡς
2927 3429 2991 3480 ἐκ
3042 3427 3339 3498 προσώπου
3389 3427 3500 3481 τῶν
3566 3428 3824 3483 Λατίνων

2243 3515 2510 3586 μηδαμῶς
2559 3511 2701 3567 εἶναι
2750 3517 2859 3571 τῶν
2909 3518 3037 3587 χθὲς
3093 3520 3400 3589 εἰρημένων
3441 3517 3570 3588 μήτ’
3620 3517 3825 3588 ἀληθέ-

2247 3619 2435 3672 στερα,
2475 3604 2604 3672 μήτ’
2637 3605 3040 3678 ἀναγκαιότερα
3075 3609 3344 3672 εἰπόντος,
3375 3610 3470 3662 καὶ
3500 3609 3608 3662 τῶν
3635 3609 3824 3662 ἄλλων

2239 3694 2370 3764 ἑξῆς
2395 3695 2654 3749 ἁπάντων
2681 3698 2797 3760 τοῖς
2829 3698 3144 3768 εἰρημένοις
3175 3700 3692 3769 ἐπιψηφισαμένων,
3721 3703 3822 3754 καὶ

2239 3786 2337 3855 τὴν
2365 3787 2446 3849 είς
2491 3786 2793 3850 Βυζάντιον
2840 3789 3029 3858 ἄφιξιν
3076 3791 3539 3858 ἐπισπευδόντων,
3572 3791 3647 3855 ὡς
3695 3793 3825 3862 ἅμα

2242 3877 2322 3947 τῷ
2379 3879 2620 3948 φανῆναι
2672 3882 3092 3951 προσχωρῆσον,
3122 3885 3216 3936 καὶ
3271 3883 3428 3946 τέλος
3461 3884 3538 3944 είς
3574 3883 3826 3958 ἱκετείαν

2177 4021 2201 4042 ,
2243 3967 2386 4038 ὑπὲρ
2416 3969 2515 4022 τοῦ
2536 3969 2711 4025 ταῦτα.
2741 3973 3002 4042 πράττειν
3031 3974 3474 4044 καταληξάντων,
3505 3978 3532 4028 ό
3559 3974 3825 4044 βασιλεὺς

2244 4062 2441 4130 μικρὸν
2502 4060 2762 4131 ἐπισχὼν,
2809 4062 2950 4115 Ἀλλ’
2976 4063 3188 4133 ἔμοιγε,
3225 4061 3370 4127 εἷπε,
3427 4066 3488 4119 τὸ
3526 4065 3827 4136 Σολομὼν-

2239 4157 2386 4206 τείον
2445 4153 2629 4216 καλῶς
2685 4154 2940 4225 εἰρῆσθαι
2970 4155 3182 4220 δοκοῦν,
3239 4158 3324 4223 τὸ,
3357 4155 3494 4211 εἷναι
3537 4159 3826 4229 σωτηρίαν

2241 4244 2300 4296 ἐν
2334 4243 2504 4314 πολλῇ
2550 4243 2740 4315 βουλῇ,
2771 4245 2867 4298 καὶ
2897 4245 3071 4301 πολλὰ
3102 4247 3366 4312 πολλάκις
3403 4252 3536 4320 περὶ
3565 4251 3676 4303 τῶν
3720 4251 3827 4304 αὖ.

574 4331 822 4377 nostram
849 4338 972 4378 sese
1003 4324 1394 4378 contulerunt:
1425 4324 1572 4394 quod
1617 4334 1674 4380 et
1697 4327 1961 4396 manipuli
1993 4327 2135 4382 mili-

2242 4333 2351 4386 τῶν
2376 4333 2813 4405 βουλευσαμένῳ,
2845 4336 3134 4407 ἐξεύρηταί
3163 4357 3215 4392 τι
3243 4341 3337 4392 καὶ
3364 4340 3473 4392 τῶν
3503 4342 3827 4411 εἰρημένων

576 4422 719 4469 lares
751 4415 806 4470 in
839 4416 976 4472 vicis
1005 4416 1318 4472 habitantes
1358 4415 1631 4484 fecerunt,
1661 4418 1862 4488 quibus
1900 4419 2135 4489 gratuito

2248 4423 2435 4490 πλέον,
2467 4426 2496 4479 ὃ
2525 4426 2593 4496 δὴ
2615 4428 2710 4479 καὶ
2737 4427 2848 4482 δεῖν
2875 4427 3055 4493 ἔδοξεν
3086 4432 3169 4493 είς
3193 4431 3359 4502 μέσον
3385 4432 3582 4499 θεῖναι,
3612 4433 3687 4497 ὡς
3729 4435 3826 4499 ἂν,

1821 4536 2042 4597 Jacobi
2065 4538 2329 4601 Pontani
2379 4550 2566 4605 notae.

638 4650 751 4728 (i7)
769 4649 917 4716 Quos
933 4654 1297 4728 supra,_initi_o
1322 4655 1515 4728 capitis
1543 4661 1670 4728 τοὺς
1702 4657 1807 4711 τῶν
1835 4661 2131 4728 ταγμάτων

568 4721 863 4799 χγεμόγας,
919 4736 1020 4799 eos
1073 4722 1164 4776 hic
1189 4725 1314 4799 τοὺς
1362 4721 1464 4792 τῆς
1506 4727 1813 4799 συγκλήτου
1873 4721 2128 4798 appellat.

568 4788 722 4840 Scire
755 4788 1093 4866 igiturlicet,
1141 4788 1441 4861 σύγκλητον
1489 4803 1546 4850 ct.
1587 4788 1982 4864 συγκλητικούς
2025 4801 2135 4854 late

572 4871 824 4937 usurpari
858 4873 888 4937 ιι
915 4869 1104 4937 nostro
1134 4873 1379 4937 auctore,
1407 4871 1466 4917 ut
1493 4879 1655 4937 supra
1684 4867 1752 4920 ad
1784 4877 1947 4936 caput
1975 4869 2138 4937 quin-

574 4936 688 5005 tum
720 4925 905 5005 docui.
933 4927 1082 5005 Sicut
1113 4931 1163 5005 οἱ
1193 4931 1252 5005 ἐν
1282 4925 1598 5005 teletam}!
1648 4951 1773 4990 eum
1820 4925 1964 4990 idem
1993 4925 2136 5005 saepe

575 4995 890 5074 \'alet__qu_od
927 4995 1658 5074 auraveic,_émtpavéo:r290t,
1692 5006 1926 5074 ἄριστοι.
1959 4995 2139 5071 Qua-re

570 5079 671 5117 nec
699 5064 829 5145 illud
851 5067 1284 5145 semper‘Latine
1300 5064 1380 5123 est
1399 5064 1655 5145 senatus,
1671 5064 1879 5145 civicus
1896 5064 2138 5145 inq'uam;

573 5148 674 5186 nec
703 5133 807 5188 hoc
823 5133 1051 5213 semper
1080 5135 1249 5191 habet
1297 5140 1579 5213 notionem
1626 5133 2002 5211 magistratus,
2043 5133 2139 5198 sed

574 5210 1041 5283 saepe-“primores,
1072 5221 1356 5283 proceres,
1389 5210 1702 5283 optimates,
1723 5210 1780 5266 et
1800 5213 2142 5267 nobilitatum

569 5274 872 5393 signiticet.
903 5274 1183 5330 Interdum
1240 5292 1364 5332 cum
1395 5274 1473 5349 τῷ
1517 5274 1872 5352 συγκλητικοὶ
1909 5283 2145 5338 contun-

654 5357 737 5393 ur.

607 5352 737 5394 illll'.

641 5409 752 5477 (48)
785 5409 967 5490 Hujus
999 5411 1292 5472 Caballarii
1333 5433 1532 5490 nomen
1562 5418 1762 5490 _Gra:ce
1788 5421 1867 5474 sic
1899 5422 2140 5490 positum

567 5488 652 5532 est
678 5482 1066 5561 ,φραμπέριντε
1093 5489 1399 5561 τεμπινιόλ.
1435 5487 1591 5561 Quid
1614 5489 1722 5561 hoc
1749 5482 2019 5561 mons-tri?
2057 5491 2136 5545 Tu

567 5554 800 5628 conjice,
827 5554 870 5628 si
895 5554 1174 5628 vis_._Sun_t
1195 5565 1252 5610 et
1273 5557 1376 5610 alia
1393 5559 1628 5628 propria
1652 5558 1978 5613 mirabiliter
2008 5575 2139 5613 cor-

569 5627 728 5696 rupta
745 5619 813 5696 .in
839 5619 941 5674 hac
969 5623 1222 5696 historia,
1249 5619 1422 5696 quod
1438 5619 1741 5696 tamennon
1765 5643 1982 5696 semper
2002 5629 2137 5684 vitio

568 5683 918 5743 librariorum
949 5683 1380 5747 attribuendum.
1409 5721 1478 5733 -
1501 5695 1578 5752 Ex
1613 5695 1800 5751 (immo
1841 5683 2026 5752 forsan
2060 5699 2134 5754 ita

2249 4674 2414 4739 giieat
2443 4667 2654 4722 restitui
2678 4670 2822 4738 quod
2845 4671 2935 4725 hic
2956 4671 3174 4725 videtur
3201 4680 3518 4739 corruptum
3547 4689 3642 4728 seu
3675 4691 3789 4730 con
3809 4708 3826 4718 -

2241 4733 2420 4788 fusum
2444 4753 2472 4811 ε
2493 4745 2556 4811 et
2577 4733 2745 4811 equite
2769 4739 2942 4811 fratre,
2964 4739 3122 4811 Petro
3158 4741 3220 4793 de
3254 4733 3499 4811 Piguolo,
3529 4745 3662 4796 'nam
3714 4748 3826 4800 ista

2240 4818 2344 4884 vox
2356 4805 2750 4884 ixaﬁakldrptoc,
2769 4805 2828 4862 ut
2845 4810 2975 4884 int}.
2992 4810 3303 4884 Florentino
3320 4805 3628 4884 observavi.
3646 4814 3829 4884 signi-

2202 4927 2215 4944 .
2245 4873 2626 4946 licatequitem
2657 4877 2934 4932 lnonorarii
2959 4890 3052 4932 aut
3071 4880 3143 4946 pii
3165 4880 3394 4934 ordinis.
3418 4879 3604 4935 Graeca
3627 4873 3826 4938 autem

2245 4942 2533 5025 sicdivido
2559 4961 2572 5025 ξ
2602 4947 2794 5025 φράλά
2814 4957 2897 5001 est
2922 4942 3320 5025 Italic-efratef3
3341 4951 3555 5025 (dicunt
3576 4962 3628 5004 et
3646 4952 3829 5025 frate)

2247 5013 2571 5086 Mnéptv,_id
2595 5026 2678 5068 est
2712 5013 2921 5080 Petrus,
2953 5033 3076 5070 nam
3111 5013 3280 5072 Graeci
3307 5013 3596 5073 inferiores
3633 5013 3670 5086 μ
3731 5013 3832 5076 Ιίιέ

2249 5091 2420 5157 teram
2457 5083 2866 5157 plerumquein
2897 5083 3716 5157 proirriisipraeponuutlittera:
3739 5109 3785 5144 π
3813 5111 3828 5157 ;

2248 5149 2395 5214 quod
2420 5153 2552 5204 viris
2573 5149 2750 5207 doctis
2782 5149 3020 5208 lileu'rsio
3050 5167 3106 5210 et
3131 5149 3390 5211 G'rets'ero
3431 5149 3824 5217 observatum.

2249 5217 2604 5299 istud'autem
2633 5221 2867 5299 Μπέριν,
2886 5241 2914 5277 a
2937 5222 3159 5299 {errin
3184 5226 3432 5288 delluxit,
3453 5241 3632 5295 quoet
3655 5229 3832 5285 fanti-

2248 5287 2333 5365 liaa
2349 5287 3144 5365 aliquotlmnor.itiuresGallia3
3166 5306 3368 5350 nostra:
3388 5287 3676 5360 usae'sunt;
3703 5303 3828 5365 ντὲ,

2247 5359 2297 5406 id
2337 5367 2424 5438 est
2456 5359 3070 5438 (ιε,-ιιειιιιιντωΔιίιιιξιηιε⁸
3099 5366 3282 5438 valent
3318 5365 3375 5427 δ,
3413 5375 3472 5419 ut
3522 5365 3573 5418 in
3603 5359 3829 5438 ντάμα,

2244 5439 2344 5504 pro
2371 5426 2537 5495 δάμα.
2559 5430 2760 5505 limbi.
2782 5428 3024 5505 Piniolo;
3049 5432 3308 5505 familiam
3329 5426 3588 5505 gnaram
3609 5426 3836 5505 quibus

2244 5498 2414 5547 otium
2437 5509 2539 5553 est.
2575 5498 2877 5554 llwcnobis
2911 5503 3189 5557 nionuisse
3224 5498 3449 5557 sul‘llcit.

2314 5565 2426 5631 (49)
2466 5567 2726 5638 Proverb,
2784 5585 2845 5623 ll.
2878 5571 3072 5624 Trahit
3118 5573 3223 5627 hoc
3269 5582 3455 5628 noster
3515 5575 3684 5630 etiam
3754 5579 3837 5638 ad

2241 5648 2436 5754 μέζων,
2471 5637 2562 5705 qui
2597 5639 2794 5707 sarpius
2825 5643 2888 5694 de
2913 5639 3106 5695 iisdem
3145 5643 3314 5697 rebus
3361 5658 3548 5700 secum
3589 5637 3841 5707 consul?
