4136 6288
360 372 459 436 169

1552 373 1604 432 II
1616 368 2087 432 ISTORIARUM
2136 371 2359 430 LIBER
2403 372 2451 428 Ι.

3483 375 3583 438 Ῑῗθ

357 487 405 536 εί
439 480 619 544 καλῶς
662 481 800 552 ἔχει,
849 479 1178 552 δοκιμασθῇ.
1211 481 1364 550 Ἐμοὶ¹
1411 479 1546 551 πρὸς
1571 480 1673 549 τὴν
1707 479 1916 549 Ἁδρια-

2020 480 2153 535 mihi
2204 480 2700 548 commodantibus,
2752 497 3007 553 magnum
3059 498 3087 537 a
3120 499 3207 537 me
3252 486 3580 543 beneﬁcium

244 564 251 571 ’
355 574 445 626 νοῦ
479 574 641 642 τήνδε
703 574 861 627 πόλιν
915 575 1226 643 ἀφιγμένῳ,
1257 572 1416 627 αὐτοί
1466 589 1526 625 τε
1554 574 1759 642 πολλὴν
1791 576 1943 627 sua;

351 644 594 730 δείξαντο
626 664 728 735 τὴν
748 665 966 718 εὔνοιαν
994 668 1151 736 κοινῇ
1175 664 1383 728 πάντες
1411 667 1543 734 περὶ
1568 664 1692 734 ἐμὲ,
1734 665 1828 717 καὶ
1864 664 1921 718 αί

351 756 509 811 ἄλλαι
534 757 711 810 πᾶσαι
748 757 891 810 κατὰ
918 756 1017 825 τὴν
1040 756 1264 826 Θρᾴκην
1295 755 1424 826 ἄχρι
1468 756 1921 833 Χριστουπόλεως

355 844 791 917 προσεχώρησαν
845 846 1051 907 πόλεις.
1087 847 1162 899 Οὐ
1203 845 1310 916 μὴν
1362 846 1500 899 ἀλλὰ
1560 848 1655 900 καὶ
1698 846 1820 898 ὅσον
1852 841 1921 915 ἦν

352 938 754 1005 στρατιωτικὸν
796 940 855 991 ἐν
897 940 1022 1000 ταῖς
1053 937 1370 1008 Θρᾳκικαῖς
1402 937 1616 1007 κώμαις
1666 936 1922 1006 καθιδρυ-

354 1026 514 1092 μένον
537 1040 552 1054 ⁸
587 1021 670 1088 οἷς
723 1030 818 1081 καὶ
840 1025 1043 1096 πολλὴν
1079 1025 1316 1095 ὀφείλειν
1350 1027 1449 1096 τὴν
1475 1025 1637 1096 χάριν
1672 1026 1922 1096 ὁμολογῶ

350 1118 423 1179 ὡς
493 1117 721 1185 ἀγαθοῖς
771 1117 902 1188 περὶ
963 1117 1065 1187 ἐμὲ
1128 1120 1330 1188 προῖκα
1397 1118 1803 1188 γεγενημένοις.
1853 1118 1920 1170 Δί

353 1213 536 1278 μέντοι
572 1209 869 1279 κατωτέρω
898 1208 1352 1278 Χριστουπόλεως
1386 1209 1581 1262 πολλαὶ
1614 1209 1710 1262 καὶ
1762 1226 1924 1280 περι-

349 1304 532 1369 φανεῖς
562 1301 719 1354 οὖσαι
754 1301 937 1364 πόλεις
967 1301 1094 1372 ἄχρι
1120 1302 1215 1353 καὶ
1257 1302 1620 1372 Ἀκαρνανίας
1651 1301 1745 1355 καὶ
1773 1302 1916 1353 Δαλ-

245 1407 251 1410 '
351 1395 551 1461 ματίας
575 1392 807 1461 ὑπήκοοι
842 1393 1158 1461 Ῥωμαίοις,
1195 1392 1290 1446 καὶ
1322 1392 1584 1462 στρατιὰν
1631 1392 1728 1445 οὐκ
1758 1392 1923 1445 εὐκα-

346 1484 686 1553 ταφρόνητον
725 1485 949 1554 ἔχουσαι
985 1484 1080 1536 καὶ
1111 1484 1449 1553 στρατηγοὺς
1476 1481 1706 1547 πολλούς
1734 1500 1794 1536 τε
1828 1485 1922 1536 καὶ

347 1572 614 1639 ἀγαθοὺς,
666 1575 894 1645 οὐδεμία
952 1575 1379 1646 προσεχώρησεν
1424 1576 1578 1643 ἡμῖν.
1610 1574 1788 1644 ’Ὅπερ
1822 1573 1921 1643 ἐμὲ

346 1669 596 1736 ταραχῆς
643 1666 967 1737 ἐνέπλησεν,
1003 1668 1104 1722 οὐκ
1137 1666 1464 1734 ἀπαντῆσαν
1493 1665 1633 1718 κατὰ
1661 1663 1910 1735 γνώμην,

346 1761 457 1816 οὐδ’
484 1756 627 1814 εἶναι
654 1759 863 1829 νομίζω
891 1759 1166 1820 λυσιτελὲς
1192 1757 1269 1820 ὡς
1299 1757 1534 1810 οὺδενῶν
1562 1757 1917 1827 καταφρονῆ-

2021 570 2211 625 deberi
2299 572 2581 627 confiteor.
2638 572 2742 627 Sed
2815 590 2936 643 qua:
3012 574 3150 628 infra
3213 576 3583 647 ChristOpolin
3680 580 3689 585 ’

2021 676 2198 732 usque
2248 663 2313 716 ad
2365 664 2725 719 Acarnaniam
2779 675 2833 720 et
2896 665 3209 721 Dalmatiam
3239 678 3385 734 sunt,
3419 673 3585 725 urbes

2023 751 2331 820 complures
2384 763 2438 808 et
2472 753 2750 831 florentes,
2782 755 3042 809 Romanis
3071 755 3351 825 subjectae,
3377 756 3432 810 in
3465 759 3588 826 qui-

2021 843 2128 897 bus
2195 847 2455 897 cohortes
2505 844 2731 899 minime
2781 846 3155 915 aspernanda,
3218 863 3342 901 cum
3395 849 3586 905 multis

2020 935 2371 1003 strenuisque
2401 935 2656 1000 ducibus,
2687 952 2877 991 earum
2924 938 3072 991 nulla
3130 938 3397 994 hactenus
3428 926 3586 995 dedi-

2023 1026 2228 1079 tionem
2264 1026 2426 1080 nobis
2457 1026 2606 1081 fecit.
2642 1026 2798 1093 Quod
2831 1031 2959 1099 quia
2991 1044 3151 1085 secus
3176 1031 3396 1099 accidit,
3421 1048 3586 1102 quam

2022 1111 2330 1186 cupiebam,
2388 1117 2522 1171 mihi
2574 1135 2903 1189 magnopere
2960 1122 3251 1176 molestum
3311 1135 3415 1178 est.
3478 1113 3591 1179 Nec

2024 1203 2369 1262 fructuosum
2394 1205 2514 1260 fore
2554 1208 2739 1273 credo,
2776 1209 2898 1264 illas
2942 1218 3002 1264 ut
3041 1209 3290 1266 imbelles
3349 1222 3401 1266 et
3443 1213 3591 1283 abje-

2024 1300 2140 1349 clas
2182 1294 2498 1365 despicere;
2537 1296 2631 1351 sed
2685 1298 2999 1352 societatem
3050 1308 3107 1354 et
3145 1303 3590 1357 communionem

2022 1386 2238 1441 illarum
2291 1388 2665 1443 aestimandam
2714 1391 2959 1446 maximi.
3000 1393 3183 1457 Quare
3229 1409 3354 1449 meo
3376 1396 3590 1465 judicio

2023 1486 2149 1532 ante
2201 1478 2385 1533 omnia
2415 1480 2522 1535 iter
2578 1495 2645 1535 eo
2692 1482 3040 1537 intendamus
3080 1500 3305 1540 necesse
3355 1495 3455 1541 est.
3482 1487 3588 1543 Ubi

2020 1577 2080 1617 se
2112 1563 2216 1618 illae
2239 1566 2526 1620 nobiscum
2560 1570 2966 1638 conjunxerint,
3006 1581 3118 1625 tum
3151 1573 3390 1642 denique
3409 1589 3590 1643 neque

2022 1652 2183 1709 hoste
2216 1655 2328 1725 jam
2374 1672 2405 1710 a
2448 1664 2602 1727 tergo
2645 1660 2859 1724 relicto,
2888 1671 2944 1716 et
2982 1664 3194 1718 viribus
3229 1665 3404 1719 altero
3437 1674 3589 1719 tanto

2022 1752 2222 1814 auctis,
2247 1750 2313 1804 ad
2339 1749 2854 1821 Constantinopolin
2901 1757 3320 1823 Oppugnandam
3359 1757 3591 1811 ﬁdenter

349 1871 461 1917 σαι,
492 1852 632 1906 ἀλλὰ
661 1851 788 1921 περὶ
827 1850 1086 1903 πλείστου
1122 1846 1454 1919 ποιήσασθαι
1493 1848 1590 1902 καὶ
1612 1847 1716 1918 τὴν
1773 1847 1916 1899 ἐκεί-

2020 1843 2363 1897 accedemus.
2393 1844 2668 1899 Hactenus
2703 1846 3028 1915 imperator,
3060 1851 3456 1917 profectionem
3484 1852 3591 1907 illis

345 1964 452 1999 νων
484 1945 805 2015 συμμαχίαν
841 1943 939 1996 καὶ
962 1944 1272 1996 κοινωνίαν.
1307 1941 1513 1994 Τούτου
1543 1940 1706 2010 χάριν
1745 1939 1916 2007 ἀναγ-

2022 1932 2074 1987 in
2117 1933 2470 1991 Occidentem
2507 1939 2837 2006 persuadere
2883 1938 3138 1996 laborans
3192 1943 3462 1998 videlicet.
3496 1946 3591 1999 Ast

345 2041 500 2090 καῖον
552 2032 691 2091 εἶναί
733 2052 825 2105 μοι
875 2035 1027 2088 δοκεῖ
1076 2033 1179 2104 τὴν
1216 2037 1356 2106 πρὸς
1398 2034 1588 2086 ἐκεῖνα
1636 2032 1913 2101 φέρουσαν

2023 2024 2102 2080 illi
2136 2026 2193 2079 in
2226 2026 2498 2081 sententia
2525 2029 2752 2097 pristina
2777 2042 3219 2099 perseverantes,
3243 2034 3588 2105 Byzantium,

346 2127 561 2198 πρῶτον
602 2125 845 2180 έλίσθαι.
873 2124 1394 2195 Προσχωρησάντων
1418 2123 1475 2175 δὲ
1503 2122 1754 2185 ἐκείνων,
1777 2121 1914 2191 πρὸς

2020 2118 2128 2171 alio
2176 2133 2444 2188 nusquam
2501 2133 2605 2175 iter
2655 2123 3045 2178 conferendum
3103 2125 3306 2186 dicere.
3339 2129 3483 2197 quod
3521 2142 3589 2184 eo

347 2219 449 2287 τὴν
508 2214 926 2271 Κωνσταντίνου
979 2212 1310 2284 βαδιούμεθα
1363 2211 1721 2282 θαρροῦντες,
1796 2208 1913 2263 οὔτ’

2020 2208 2185 2277 potiri
2219 2209 2359 2262 nihil
2389 2211 2457 2264 sit
2505 2212 2733 2282 negotii,
2777 2213 3087 2284 bellumque
3130 2217 3456 2271 contrahere
3489 2232 3590 2288 po-

347 2309 522 2362 ὀπίσω
562 2309 858 2379 πολεμίους
902 2306 1324 2371 καταλιπόντες,
1367 2304 1463 2357 καὶ
1508 2303 1781 2357 διπλασίω
1813 2300 1913 2369 τὴν

2020 2299 2131 2353 tius
2158 2314 2320 2368 quam
2354 2302 2655 2369 producere
2690 2316 2966 2373 oportere.

345 2401 573 2471 δύναμιν
598 2400 1101 2471 προσκτησάμενοι.
1136 2396 1402 2459 Βασιλεὺς
1454 2396 1552 2465 μὲν
1587 2393 1680 2447 οὖν
1708 2391 1933 2446 τοιαῦτα
1973 2386 2116 2456 εἷπε,
2151 2392 2251 2462 τὴν
2312 2392 2448 2462 πρὸς
2514 2394 2611 2465 τὴν
2651 2396 2891 2468 ἑσπέραν
2943 2397 3160 2452 ἑλέσθαι
3223 2402 3430 2458 πείθειν
3471 2405 3591 2459 ἐπι-

346 2495 567 2570 χειρῶν.
625 2498 689 2551 Ol
754 2495 799 2549 δ’
836 2490 995 2556 αὖθις
1084 2494 1196 2545 τῶν
1241 2495 1525 2562 προτέρων
1594 2491 1846 2559 ἐχόμενοι
1901 2485 2202 2556 λογισμῶν,
2257 2489 2391 2556 πρὸς
2448 2490 2741 2554 Βυζάντιον
2805 2492 2992 2563 ελεγον
3052 2496 3274 2549 ἀπιέναι
3332 2500 3442 2553 δεῖν
3494 2501 3589 2555 καὶ

350 2593 543 2650 ἄλλοσε
576 2594 826 2666 μηδαμῆ,
862 2592 938 2657 ὡς
969 2591 1119 2645 ούδὲν
1148 2589 1207 2666 ὃν
1232 2588 1395 2659 ἔργον
1424 2588 1556 2641 αὐτὸ
1585 2588 1901 2656 κατασχεῖν,
1933 2587 2029 2638 καὶ
2054 2587 2129 2655 μὴ
2165 2587 2519 2656 παρατείνειν
2543 2590 2636 2642 τὸν
2679 2589 2933 2660 πόλεμον,
2990 2592 3127 2645 ἀλλὰ
3181 2598 3480 2664 συναιρεῖν.

1755 2704 1982 2761 CAPUT
2002 2706 2005 2711 ’
2026 2703 2163 2757 XXI.
2189 2726 2214 2756 ιι

346 2809 565 2878 Magnus
593 2810 904 2863 domesticus
938 2823 1164 2878 quoque,
1198 2807 1644 2878 oppugnationem
1687 2802 1935 2878 Byzantii
1981 2802 2317 2878 dissuadens.
2340 2804 2436 2878 _ad
2466 2803 2843 2878 occidentalem
2877 2807 3267 2878 expeditionem
3323 2810 3586 2863 hortatur.

418 2828 431 2862 t
469 2827 565 2864 nus
593 2826 904 2863 domesticus
938 2826 1164 2878 quoque,
1198 2826 1644 2878 oppugnationem
1687 2826 1934 2873 Byzanm
1981 2826 2317 2883 αιξδιιιιςιεησ.
2366 2826 2434 2854 tut
2466 2826 2843 2883 aeotaeutatem
2877 2826 3267 2888 expeattronem
3323 2826 3586 2889 nortamr.

418 2826 598 2945 guare
632 2888 854 2949 uterque
882 2877 1234 2949 simulaverit,
1256 2878 1315 2949 in
1339 2886 1574 2949 extremo
1602 2873 1772 2949 capite
1795 2889 1958 2949 causa
1993 2879 2289 2949 disseritur.
2327 2872 2607 2949 Exercitus
2657 2890 2713 2925 se
2757 2890 2822 2949 ea:
2855 2885 3003 2949 parte
3039 2876 3222 2945 aliqua
3263 2888 3588 2949 parituram,

411 2939 501 3003 swed
528 2939 778 3017 ingratis:
806 2948 1050 3000 ostendit.
1083 2939 1477 3000 Permittuntur
1504 2946 1585 2998 ire
1625 2939 2147 3017 Constantinopolin.
2195 2939 2409 2995 Occulta
2458 2943 2688 2996 mittitur
2715 2939 2939 3011 epistola
2979 2939 3290 3015 purgatoria
3333 2947 3403 2999 ad
3433 2939 3589 3002 avum

415 3035 448 3072 α
472 3014 681 3087 nepote,
713 3033 821 3083 qua
843 3018 1005 3070 etiam
1033 3024 1230 3079 monet,
1262 3017 1341 3068 uti
1367 3030 1423 3068 se
1447 3014 1793 3068 communiat.

425 3131 516 3183 Ἐν
543 3128 754 3191 τούτοις
780 3125 874 3180 τοῦ
905 3124 1144 3196 μεγάλου
1167 3124 1492 3195 δομεστίκου
1525 3120 1909 3192 φθεγγομένου

2086 3122 2234 3177 Inter
2271 3124 2387 3177 haec
2435 3132 2647 3179 tacente
2701 3140 2897 3195 magno
2943 3126 3269 3196 domestico,
3319 3130 3458 3197 Quid
3505 3142 3586 3202 tu,

350 3223 544 3293 μηδὲν,
576 3222 650 3274 Σὺ
684 3220 751 3284 δ’,
785 3217 1019 3286 ἔφασαν,
1065 3215 1184 3270 ἀνθ’
1208 3219 1332 3270 ὅτου
1369 3213 1443 3285 μὴ
1468 3216 1561 3267 καὶ
1587 3214 1749 3276 αὐτὸς
1784 3212 1916 3282 περὶ

2020 3212 2302 3289 inquiunt,
2339 3231 2440 3269 cur
2479 3230 2589 3269 non
2621 3216 2785 3270 etiam
2826 3218 3061 3286 profers,
3109 3220 3176 3274 de
3213 3223 3492 3290 proposita
3530 3239 3591 3279 re

347 3315 450 3366 τῶν
480 3313 768 3381 παρόντων
794 3308 1022 3377 γνώμην
1050 3307 1315 3375 εἰσάγεις,
1352 3304 1467 3359 ἀλλ’
1503 3304 1676 3366 οὓτως
1697 3303 1771 3366 ὡς
1798 3317 1916 3357 και-

2020 3304 2151 3373 quid
2191 3306 2435 3359 sentias?
2464 3321 2582 3369 cur,
2616 3307 2773 3375 quasi
2815 3308 2950 3361 nihil
2992 3320 3187 3379 agatur
3219 3312 3367 3375 novi,
3406 3312 3479 3366 ita
3514 3315 3590 3368 si-

346 3405 434 3469 νοῦ
476 3402 706 3474 μηδενὸς
753 3399 1040 3470 γινομένου
1096 3401 1310 3470 σιωπὴν
1366 3398 1601 3462 ἀσκεῖς;
1636 3394 1760 3448 Ὅτι
1826 3411 1912 3462 γε,

346 3494 518 3562 εἶπεν,
552 3496 615 3547 ού
668 3491 1116 3563 βουλευομένους,
1152 3490 1289 3544 ἀλλὰ
1341 3490 1440 3559 τὴν
1496 3486 1692 3558 βουλὴν
1723 3486 1917 3543 ἐπικυετ

348 3588 575 3656 ροῦντας
595 3585 727 3656 ὁρῶ.
759 3583 821 3636 EI
848 3582 957 3652 γὰρ
981 3581 1355 3644 ἐϐουλεύεσθε,
1377 3578 1500 3649 τάχ’
1524 3577 1591 3631 ἄν
1619 3593 1670 3629 τι
1700 3579 1793 3630 καὶ
1814 3577 1911 3628 αὑ-

342 3680 434 3741 τὸς
486 3674 644 3729 εἷπον
689 3678 800 3729 τῶν
833 3674 1240 3743 συμφερόντων.
1275 3672 1350 3723 Οὐ
1391 3669 1497 3740 μὴν
1522 3668 1640 3724 ἀλλ’
1682 3667 1913 3738 ἐπείπερ

346 3768 638 3829 ἐπύθεσθε,
680 3766 716 3820 ἃ
749 3765 957 3837 νομίζω
988 3764 1342 3834 συμφέροντα
1384 3760 1518 3831 ἐρῶ.
1559 3760 1669 3813 Καὶ
1694 3759 1915 3829 πρῶτον

350 3861 447 3929 μὲν
477 3858 662 3913 ἔπεισί
693 3874 783 3927 μοι
815 3856 1121 3927 θαυμάζειν
1146 3854 1269 3907 ὅθεν
1293 3851 1434 3905 οὕτω
1463 3852 1764 3904 πεπείκατε
1790 3852 1914 3904 ἑαυ-

343 3953 466 4014 τοὺς
498 3951 598 4002 σὺν
622 3947 805 4002 οὐδενὶ
833 3948 983 4017 πόνῳ
1016 3943 1433 4015 καταλήψεσθαι
1471 3942 1571 4013 τὴν
1622 3944 1913 3995 Κωνσταν-

342 4045 489 4096 τίνοι)
524 4041 686 4112 μόνον
732 4039 1014 4108 ὀφθέντες.
1047 4038 1111 4090 El
1150 4040 1249 4107 μὲν
1298 4035 1410 4105 γάρ
1453 4052 1504 4088 τι
1538 4033 1705 4088 πλέον
1735 4035 1847 4086 ίστε
1877 4033 1910 4102 ἢ

344 4134 611 4187 ἐπύθεσθε
638 4125 715 4184 ὧν
759 4130 854 4183 καὶ
906 4126 1069 4190 αὐτὸς
1096 4128 1418 4195 ἐπίσταμαι,
1454 4126 1481 4178 ὂ
1508 4124 1561 4177 τί
1588 4125 1705 4177 ποτ’
1730 4124 1797 4178 ἂν
1824 4124 1909 4191 εῐη

348 4223 541 4291 μαθεῖν
571 4220 900 4288 ἐϐουλόμην.
939 4217 1007 4273 Εἰ
1039 4217 1085 4270 δ’
1114 4216 1290 4279 οὐδὲν,
1329 4206 1591 4269 τάναντία
1629 4212 1913 4267 παντάπα-

333 4332 428 4377 ,σιν
458 4314 585 4383 ἐμοὶ
614 4312 887 4381 φρονεῖτε.
937 4308 1080 4378 Ἐγὼ
1123 4311 1234 4379 γὰρ
1266 4308 1427 4360 πόλιν
1479 4305 1623 4359 οὓτω
1664 4304 1912 4374 μεγάλην

345 4404 435 4455 καὶ
476 4400 933 4470 πολυάνθρωπον,
973 4401 1067 4461 καὶ
1121 4401 1372 4469 χρήμασι
1430 4397 1523 4450 καὶ
1579 4395 1768 4458 ὅπλοις
1817 4393 1910 4447 καὶ

2015 3396 2140 3451 les?
2168 3395 2324 3463 Quod
2349 3412 2465 3458 vos,
2492 3397 2737 3451 occurrit
2766 3398 2878 3462 ille,
2904 3414 3016 3452 non
3034 3400 3266 3455 consilia
3288 3402 3585 3472 agitantes,

2023 3486 2121 3545 sed
2176 3487 2426 3544 consulta
2450 3488 2564 3557 jam
2611 3496 2727 3542 rata
2761 3488 3028 3545 facientes
3070 3491 3247 3547 video.
3291 3494 3505 3548 Etenim
3540 3496 3587 3551 si

2015 3580 2435 3644 consultaretis,
2470 3578 2716 3635 forsitan
2750 3597 2851 3652 ego
2881 3598 3104 3652 quoque
3141 3586 3278 3639 utile
3318 3588 3586 3656 quiddam

2015 3670 2070 3722 in
2107 3669 2346 3724 medium
2387 3672 2766 3740 protulissem.
2797 3674 2983 3730 Nihilo
3019 3676 3203 3732 minus
3243 3680 3372 3748 quia
3403 3682 3590 3737 scisci-

2017 3756 2210 3812 tamini
2239 3798 2255 3822 .
2310 3775 2420 3814 non
2481 3761 2711 3826 celabo.
2770 3778 2893 3833 quae
2940 3765 3280 3823 conductura
3326 3769 3584 3826 decerno.

2017 3849 2299 3919 Principio
2332 3851 2524 3915 miror,
2558 3852 2705 3908 unde
2738 3852 2792 3907 in
2839 3868 2959 3909 eam
3011 3857 3330 3926 opinionem
3371 3864 3589 3919 veneri-

2016 3939 2107 4003 tis,
2144 3939 2334 3995 labore
2364 3942 2540 4006 nullo,
2568 3943 2665 3998 sed
2696 3957 2996 4014 conspectu
3029 3949 3141 4019 66
3168 3950 3287 4003 solo
3314 3944 3588 4007 Genstan-

2016 4030 2287 4098 tin0polin
2321 4045 2443 4086 esse
2488 4042 2770 4101 capturos.
2823 4037 2957 4093 Nam
3001 4039 3044 4091 si
3079 4054 3177 4093 vos
3207 4041 3444 4108 amplius
3478 4045 3585 4097 ali-

2013 4121 2147 4190 quid
2208 4125 2425 4186 nostis.
2483 4125 2837 4181 auditioneve
2882 4130 3174 4199 accepistis
3205 4171 3220 4197 ,
3269 4148 3434 4201 quam
3481 4151 3584 4206 ego

2013 4212 2149 4277 scio,
2181 4213 2313 4282 quid
2350 4214 2482 4269 illud
2512 4215 2731 4270 tandem
2760 4217 2853 4281 sit,
2884 4232 3044 4273 nosse
3071 4220 3258 4277 velim.
3288 4222 3383 4277 Sin
3411 4224 3583 4291 nihil,

2014 4310 2129 4356 tum
2175 4318 2273 4357 vos
2315 4304 2635 4374 longissime
2686 4307 2755 4362 ab
2791 4309 3053 4377 opinione
3106 4326 3226 4366 mea
3277 4313 3583 4390 disceditis_

2014 4391 2128 4460 Ego
2161 4393 2434 4462 siquidem
2470 4395 2750 4450 civitatem
2802 4397 2942 4452 adeo
2975 4401 3210 4469 amplam
3244 4413 3299 4457 et
3327 4403 3584 4472 frequenr

344 4492 707 4562 στρατιώταις
730 4456 1267 4560 ’δυνατωτάτηνίηκαὶ
1304 4487 1529 4559 βασιλέα
1562 4456 1792 4557 ἔχουσαν
1822 4487 1914 4553 ἐγ·

2021 4493 2151 4550 tem,
2214 4485 2483 4554 pecuniis,
2549 4487 2739 4553 armis,
2805 4489 3075 4545 militibus
3122 4492 3583 4560 potentissimam.

343 4585 668 4639 καθεστῶτα
705 4582 853 4637 οὕτω
885 4582 986 4651 μὲν
1045 4581 1287 4648 συνετὸν,
1313 4582 1407 4634 ἐπὶ
1435 4578 1711 4642 τοσούτοις
1737 4579 1782 4631 δ’
1809 4576 1912 4647 ἄρ-

343 4675 512 4739 ξαντα
543 4675 787 4746 χρόνοις,
817 4675 913 4729 και
937 4672 1136 4727 πολλὸν
1169 4672 1365 4742 έχοντα
1386 4672 1516 4740 περὶ
1547 4669 1712 4723 αὑτὸν
1739 4668 1914 4723 εὐνοϊ-

343 4767 451 4828 κῶς
472 4766 860 4836 διακειμένων,
885 4766 981 4819 καὶ
1001 4766 1284 4835 χρήμασιν
1306 4763 1638 4834 ἐρρωμένον,
1662 4758 1743 4825 οἷς
1762 4762 1912 4832 αὐτῷ

342 4858 522 4911 πείσει
578 4856 876 4927 προσέχειν
911 4856 1010 4927 τὴν
1072 4855 1357 4925 στρατιὰν,
1393 4854 1456 4907 οὺ
1510 4854 1620 4907 τῶν
1671 4854 1911 4925 ῥᾴστων,

340 4952 478 5005 ἀλλὰ
510 4950 622 5005 τῶν
659 4949 1093 5003 δυσκολωτάτων
1146 4942 1285 5000 εἶναι
1336 4945 1542 5013 νομίζω
1597 4946 1911 5014 κατασχεῖν.

343 5046 450 5099 Καὶ
510 5043 683 5114 χωρὶς
714 5041 772 5096 δὲ
818 5040 1048 5104 τούτων,
1077 5038 1186 5091 τῶν
1232 5037 1481 5092 παλαιῶν
1513 5053 1597 5100 τις
1648 5035 1916 5105 Ἐλλήνων

344 5135 506 5204 σοφὸς
546 5133 622 5204 μὴ
649 5133 717 5185 τὰ
751 5130 977 5184 τοιαῦτα
1003 5129 1203 5199 ῥαδίως
1236 5127 1484 5191 ἐλπίζειν
1519 5126 1718 5192 πείθει,
1748 5124 1919 5180 πολλὰ

343 5227 408 5278 τὰ
447 5223 657 5296 μεταξὺ
692 5222 914 5293 χειλέων
964 5221 1060 5275 καὶ⁵
1091 5211 1316 5280 κύλικος
1360 5215 1498 5271 εἶναι
1530 5218 1725 5272 εἰπὼν.
1763 5206 1919 5271 Ἐστι

345 5317 396 5370 δέ
428 5334 514 5380 τις
550 5317 648 5369 καὶ
679 5298 1008 5385 στρατηγοῖς
1037 5313 1223 5383 νόμος,
1261 5311 1462 5381 ἐπίσης
1490 5312 1610 5372 ταῖς
1641 5309 1918 5376 εὐτυχίαις

2024 4576 2414 4646 imperatorem
2449 4576 2575 4631 sinu
2616 4594 2720 4633 suo
2765 4581 3163 4646 continentem,
3200 4597 3436 4653 eumque
3474 4595 3586 4641 tam
3657 4611 3661 4614 ν

2020 4667 2377 4735 prudentem,
2444 4676 2525 4722 tot
2583 4670 2743 4724 annis
2807 4657 3231 4741 imperitantem,
3289 4675 3584 4731 multorum

2023 4760 2412 4815 benevolentia
2458 4772 2701 4831 septum,
2752 4765 2987 4834 pecunia
3036 4767 3433 4834 abundantem,
3478 4785 3585 4841 qua
3636 4770 3644 4786 '

2022 4851 2328 4906 exercitum
2361 4852 2465 4907 sibi
2501 4853 2789 4925 ohligabit,
2820 4871 3119 4926 occupare,
3162 4860 3337 4914 multo
3370 4861 3588 4917 dillicilv

2024 4943 2217 4996 limum
2254 4933 2375 4999 esse
2413 4944 2715 4999 constituo.
2758 4948 3031 5003 Praeterea
3067 4966 3097 5005 e
3135 4953 3414 5007 veteribus
3440 4951 3591 5008 Grae-

2021 5034 2103 5088 cis
2137 5037 2222 5088 vir
2265 5036 2485 5106 sapiens
2516 5036 2628 5108 (50)
2657 5048 2869 5104 monet,
2911 5056 2978 5094 ne
3010 5041 3330 5110 hujusmodi
3380 5053 3586 5098 temere

2027 5139 2320 5195 speremus
2349 5144 2364 5191 ;
2394 5130 2475 5182 ait
2513 5128 2686 5193 enim,
2730 5131 2903 5184 multa
2938 5136 3137 5185 cadere
3189 5134 3333 5186 inter
3360 5135 3586 5190 calicem

2021 5223 2389 5289 supremaque
2417 5218 2593 5274 labra.
2626 5221 2723 5275 Est
2753 5233 2933 5277 autem
2959 5235 3015 5277 et
3043 5222 3248 5279 ducum
3284 5225 3393 5287 lex,
3434 5240 3587 5279 com-

2024 5308 2186 5363 moda
2219 5311 2449 5380 paribus
2475 5325 2767 5378 exaequare
2805 5314 3166 5369 incommodis
3190 5314 3302 5385 (51)
3339 5332 3351 5368 :
3384 5314 3587 5385 illeque

1584 5440 1803 5504 Jacobi
1835 5441 2100 5502 Pontani
2135 5448 2329 5502 notas.

408 5548 521 5615 (50)
559 5546 696 5613 Quis
720 5547 793 5601 sit
827 5546 918 5602 ille
946 5547 1032 5599 vir
1059 5545 1297 5615 sapiens,
1340 5558 1427 5598 me
1458 5543 1611 5598 latet.
1650 5540 1910 5598 Refertur

338 5635 369 5673 τι
392 5613 568 5673 Gellio
600 5620 706 5670 hoc
735 5616 989 5684 adagium
1025 5613 1358 5669 his’verbis:
1464 5682 1473 5684 _

344 5688 516 5740 Πολλὰ
566 5686 771 5754 μέταξὺ
799 5682 953 5736 πέλει
989 5685 1212 5745 κύλικος
1249 5685 1342 5735 καὶ
1372 5682 1585 5754 χείλεος
1613 5682 1810 5752 ἄκρου.

342 5758 511 5811 Multa
549 5752 749 5809 cadunt
786 5756 924 5808 inter
956 5754 1172 5807 calicem
1201 5752 1727 5821 supremaquelibm.

612 5848 889 5907 Pa'rnon.
918 5848 1033 5905 Gn.
1076 5845 1278 5907 CLIII.

2016 5541 2136 5607 Quo
2181 5555 2490 5615 monemur.
2521 5541 2608 5595 vix
2639 5543 2801 5597 etiam
2839 5545 2904 5600 iis
2933 5546 3266 5601 credendum
3285 5561 3407 5615 qua:
3436 5546 3588 5602 vide-

2029 5627 2174 5675 mus,
2205 5622 2260 5664 et
2281 5611 2539 5683 manibus
2573 5622 2827 5683 tenemus
2862 5631 2877 5669 :
2914 5630 3084 5683 usque
3115 5615 3250 5671 adeo
3281 5611 3463 5670 futura
3506 5618 3590 5671 in-

2030 5689 2178 5736 certa
2201 5694 2340 5733 esse.
2358 5678 2568 5744 Simile,
2590 5678 2732 5736 inter
2751 5698 2812 5738 os
2830 5695 2884 5739 et
2902 5678 3085 5739 ollam.
3105 5685 3239 5740 Vide
3256 5685 3582 5742 Chiliasten.

2102 5751 2214 5819 (5|)
2257 5749 2465 5805 Sensus
2492 5760 2594 5816 est,
2619 5750 2673 5807 ni
2706 5751 2898 5809 fallor:
2935 5755 3139 5810 debere
3173 5757 3341 5811 duces
3366 5765 3587 5826 paratos

3066 5848 3100 5910 6
