4136 6288
552 367 646 430 Γντ

592 404 646 427 ου

592 403 653 427 δυ

1727 361 2049 422 J0.\NN|S
2087 358 2616 421 CANTACUZENI

3572 395 3575 398 ι
3677 354 3774 417 176

543 494 600 537 et
626 481 945 552 Byzantium
982 488 1193 535 tantum
1227 496 1336 534 non
1374 479 1429 533 in
1462 478 1733 544 fmanibus
1756 479 1865 548 jam
1899 490 1958 532 se
2001 475 2102 529 ha-

2210 473 2528 537 εὐπειθείας
2557 473 2853 536 ἐπαινέσας
2875 472 3101 538 αὐτοὺς,
3133 472 3218 526 ὅτι
3244 470 3339 526 καὶ
3371 470 3409 525 ἃ
3437 469 3514 541 μὴ
3542 467 3778 539 βούλοιν-

546 575 676 632 bere
727 576 1042 642 opinantes,
1089 572 1197 626 iter
1253 578 1471 640 parant.
1525 570 1669 638 Ergo
1715 567 1977 638 quoniam
2038 565 2107 619 ab

543 667 792 722 exercitu
824 665 1124 736 impetrare
1149 663 1548 734 nequivissent,
1574 672 1635 718 ut
1660 661 2106 717 Thessalonicam

542 758 672 813 duci
704 757 912 820 mallet,
942 755 1440 825 intelligebantque
1462 754 1760 811 seniorem
1805 754 2105 822 imperato-

544 864 659 904 rem
693 841 885 903 veni're
929 847 986 901 in
1023 847 1357 916 periculum,
1390 848 1509 915 ipse
1540 854 1596 900 et
1648 859 1879 915 magnus
1917 843 2107 899 dome-

543 939 719 993 sticus
749 939 889 993 clam
936 939 1093 993 illum
1139 952 1238 1008 per
1286 937 1577 1007 epistolam
1623 937 1693 992 de
1727 937 1833 992 hoc
1863 936 2106 991 adventu

540 1030 838 1083 admonere
901 1027 1232 1084 decernunt.
1290 1026 1348 1081 ld
1397 1028 1445 1082 si
1495 1027 1654 1081 miles
1705 1025 2104 1096 comperisset,

541 1129 800 1187 tanquam
855 1131 887 1171 a
935 1116 1281 1186 principibus
1330 1116 1448 1171 suis
1486 1116 1762 1186 proditus,
1815 1130 1954 1186 quas
1994 1128 2104 1169 non

539 1208 733 1263 turbas
762 1207 1094 1262 excitasset?
1115 1207 1249 1261 Eam
1275 1206 1565 1276 epistolam
1593 1206 1837 1262 dictante
1862 1205 2104 1276 impera-

530 1286 656 1355 tore
696 1299 920 1369 iuniore
953 1299 1295 1355 domesticus
1323 1309 1513 1355 exarat
1552 1300 1608 1356 in
1646 1300 1763 1354 haec
1791 1299 2000 1355 verba:
2036 1298 2104 1355 Ut

528 1393 770 1446 antehac
813 1390 1037 1461 saepius,
1084 1392 1166 1446 sic
1197 1406 1347 1446 nunc
1382 1391 1553 1446 Deum
1600 1390 1874 1445 dictorum
1908 1399 2103 1445 testem

536 1483 774 1553 appello,
808 1481 1184 1537 sacratissime
1235 1481 1559 1551 imperator,
1604 1495 1786 1549 neque
1831 1494 1956 1535 cum
1991 1478 2104 1534 illic

536 1576 816 1645 degerem,
857 1575 1202 1629 stimulatum
1241 1588 1331 1629 me
1360 1572 1701 1629 conscientia
1735 1573 1961 1628 admissi
1999 1573 2104 1627 ali-

522 1668 718 1737 cujus,
744 1682 863 1736 quo
902 1676 1063 1721 tuum
1113 1664 1304 1719 odium
1332 1664 1683 1734 provocarim
1714 1682 1728 1717 :
1760 1679 1943 1734 neque
1979 1662 2104 1718 ideo

526 1757 666 1811 inde
724 1756 960 1821 abiisse,
1014 1765 1077 1810 ut
1135 1757 1288 1810 omni
1344 1757 1561 1811 ratione
1617 1755 1948 1810 detrimenta
2001 1752 2101 1808 tibi

2214 579 2279 616 το
2328 563 2416 618 διὰ
2464 564 2565 634 τὴν
2591 565 2673 628 είς
2718 563 2882 619 αὐτὸν
2932 565 3250 620 εὐπείθειαν
3289 564 3574 618 συνέθεντο
3620 565 3776 635 δρᾷν,

2216 656 2315 725 τὴν
2345 656 2559 727 εἰςτὴν
2600 654 3182 713 Κωνσταντινούπολίν
3221 658 3397 726 ἐφῆκε
3434 658 3680 729 πορείαν.
3712 658 3776 711 Ol

2213 747 2271 801 δὲ
2297 747 2530 818 ἄσμενοι
2558 747 2845 819 δεξάμενοι
2882 747 2974 802 τὸν
2997 748 3181 818 λόγον,
3214 749 3310 803 καὶ
3361 749 3649 819 μονονουχὶ
3673 749 3775 802 Βυ-

2213 840 2438 903 ζαντίου
2492 840 2741 905 δόξαντες
2790 841 3233 911 κεκρατηκέναι,
3297 838 3779 911 παρεσκευάζοντο

2218 931 2363 999 πρὸς
2385 929 2483 1001 τὴν
2535 931 2786 1001 πορείαν.
2833 931 2991 985 Ἐπεὶ
3022 932 3081 986 δὲ
3134 933 3234 986 οὐκ
3283 932 3633 1004 ἠδυνήθησαν
3677 934 3777 1003 τὴν

2213 1012 2355 1081 πρὸς
2382 1012 2786 1085 Θεσσαλονίκην
2847 1013 3066 1069 ἑλέσθαι
3117 1018 3309 1070 πεῖσαι
3354 1017 3455 1087 τὴν
3487 1017 3773 1088 στρατιὰν,

2216 1103 2507 1173 συνεώρων
2529 1121 2590 1157 τε
2622 1105 2726 1175 ἤδη
2769 1105 2850 1175 τῷ
2878 1106 3237 1177 πρεσϐυτέρῳ
3270 1107 3484 1176 βασιλεῖ
3517 1107 3576 1171 ἐς
3598 1108 3778 1161 κίνδυ-

2208 1210 2306 1248 νον
2331 1197 2402 1249 τὰ
2429 1194 2736 1266 πράγματα
2779 1199 3125 1268 χωρήσοντα,
3158 1199 3279 1268 ἅμα
3320 1199 3398 1268 τῷ
3429 1199 3662 1270 μεγάλῳ
3690 1199 3780 1251 δο-

2216 1287 2466 1359 μεστίκῳ
2495 1290 2523 1341 ὁ
2557 1287 2815 1358 βασιλεὺς
2857 1285 3254 1343 έὸουλεύσάντο
3298 1290 3378 1360 τῷ
3417 1290 3778 1360 πρεσὸυτέρῳ

2214 1378 2425 1450 βασιλεῖ
2470 1379 2562 1433 διά
2614 1379 2963 1450 γραμμάτων
2992 1382 3181 1452 κρύφα
3233 1381 3333 1451 τὴν
3373 1380 3564 1450 ἔφοδον
3594 1380 3776 1434 αὐτῶν

2210 1470 2477 1541 δηλῶσαι.
2498 1471 2680 1541 Ὅπερ
2704 1472 2754 1523 εί
2785 1472 3089 1542 κατάδηλον
3113 1472 3416 1544 συνηνέχθη
3434 1473 3688 1539 γενέσθαι
3706 1475 3773 1544 τῇ

2212 1564 2464 1635 στρατιᾷ,
2481 1564 2718 1646 τάραχον
2740 1561 2806 1617 ἂν
2822 1564 3076 1633 ἐποίησεν
3094 1566 3195 1618 οὐκ
3221 1565 3426 1635 ὀλίγον,
3444 1567 3519 1629 ὡς
3543 1568 3647 1620 ὐπὸ
3669 1568 3778 1620 τῶν

2212 1655 2493 1724 σφετέρων
2509 1654 2786 1725 ἀρχόντων
2798 1656 3345 1727 καταπροδιδομένοις
3361 1657 3529 1730 [κατα
3537 1659 3778 1730 προδιδο-

2213 1744 2609 1818 μένη].Γράφει
2626 1745 2691 1817 δὴ
2712 1745 2963 1816 βασιλεὺς
2979 1749 3007 1800 ὁ
3022 1751 3140 1810 νέος
3159 1749 3252 1803 τοῦ
3272 1752 3508 1821 μεγάλου
3525 1752 3777 1822 δομεστί-

524 1849 878 1911 inveherem,
927 1849 1022 1903 sed
1064 1847 1137 1902 ob
1182 1847 1238 1901 id
1288 1848 1494 1919 solum,
1527 1856 1589 1902 ut
1622 1845 1950 1917 impendens
1984 1861 2102 1902 cer-

2210 1854 2305 1890 κου
2341 1837 2411 1891 τὰ
2444 1838 2752 1909 γράμματα
2809 1836 3247 1908 ἐγχαράττοντος
3298 1838 3378 1911 τῷ
3412 1842 3623 1910 πάππῳ
3667 1857 3777 1893 τοι-

526 1941 745 1996 vicibus
794 1940 936 1995 meis
976 1939 1276 1995 discrimen
1309 1939 1637 2009 eﬂugerem,
1687 1938 1834 2009 quod
1879 1937 2101 2009 quidem

530 2033 910 2086 loco-securo
964 2031 1306 2085 constitutus
1364 2029 1567 2099 eﬂ‘ugi,
1623 2039 1677 2084 te
1728 2036 1956 2094 contra,
2014 2043 2102 2083 me

526 2121 782 2192 quamvis
810 2121 1032 2192 penitus
1062 2122 1308 2186 nolente,
1340 2121 1640 2176 discrimen
1669 2120 1926 2175 involvit.
1959 2119 2134 2178 Ecce.

526 2214 702 2277 enim,
738 2227 864 2268 cum
911 2212 1052 2267 nihil
1108 2227 1219 2266 non
1250 2211 1561 2277 ‘tentarim,
1609 2219 1670 2266 ut
1717 2210 1987 2269 exercitui
2043 2211 2098 2265 in

529 2306 887 2362 Occidentem
920 2304 1218 2360 transitum
1242 2302 1659 2374 persuaderem,
1690 2302 1830 2357 nihil
1856 2302 1961 2374 egi.
1990 2301 2102 2358 Nos

529 2398 700 2469 igitur
726 2405 922 2451 contra
950 2406 1006 2453 te
1030 2396 1225 2452 venire
1263 2409 1491 2451 necesse
1515 2406 1602 2451 est
1625 2394 1876 2449 omnino.
1906 2394 1976 2449 At
1997 2408 2099 2464 ego

526 2485 887 2542 excusatione
939 2486 1277 2541 valetudinis
1330 2485 1588 2540 simulate
1648 2493 1851 2548 utens,
1890 2485 2100 2540 lentius

524 2577 986 2641 castrametabor,
1041 2584 1098 2631 et
1147 2585 1276 2647 post
1323 2575 1566 2646 primum
1621 2576 1909 2631 incursum
1954 2575 2099 2631 dabo

530 2682 777 2739 operam,
819 2677 883 2722 ut
914 2667 1182 2722 citissime
1222 2667 1504 2722 recedam.
1540 2667 1663 2722 Tibi
1703 2668 1920 2723 interea
1947 2668 2099 2738 pala-

522 2762 664 2816 tium
689 2761 947 2830 praesidio
981 2760 1202 2814 ﬁrmare
1232 2760 1444 2825 licebit,
1467 2759 1581 2831 69
1607 2760 1895 2831 portisque
1921 2759 2095 2827 urbis,

516 2868 670 2922 quos
697 2853 870 2908 habes
898 2853 974 2907 tui
1021 2852 1463 2908 studiosissimos
1502 2854 1819 2923 praeﬁcere;
1859 2852 2099 2909 attribu-

514 2945 598 3001 ‘tis
625 2945 827 3016 cuique
853 2953 935 3000 tot
970 2945 1341 3001 mercenariis
1375 2945 1646 3001 militibus
1675 2945 1819 3001 bene
1848 2946 2095 3010 armatis,

523 3044 661 3105 quot
698 3035 765 3089 ad
802 3034 1207 3090 retundendam
1252 3035 1584 3089 irruentium
1624 3035 1735 3089 vim
1761 3035 1874 3106 (55)
1907 3036 2094 3104 requi-

526 3132 736 3179 rentur.
773 3124 936 3179 Modo
968 3123 1242 3194 ingressui
1273 3134 1465 3178 nostro
1487 3123 1672 3178 obstet
1700 3124 1933 3193 aliquid,
1967 3137 2097 3178 con-
2124 3155 2168 3213 α

512 3217 683 3271 -ιίιιυο
728 3214 1058 3278 exercitum,
1093 3222 1157 3269 ut
1201 3214 1271 3268 ab
1302 3214 1438 3268 urbe
1485 3214 1900 3285 inexpugnabili
1939 3230 2097 3270 revo-

521 3309 681 3362 cabo.
722 3308 912 3377 Itaque
943 3321 1078 3377 rogo
1118 3315 1191 3371 te,
1227 3322 1298 3360 ne
1329 3308 1499 3362 verba
1528 3323 1672 3373 mea,
1710 3308 1863 3363 velut
1905 3307 2004 3363 abs
2046 3316 2099 3364 te

518 3400 688 3455 alieni
716 3406 1068 3469 suspectans,
1105 3398 1160 3454 in
1195 3399 1366 3454 tutela
1399 3400 1717 3469 apparanda
1747 3401 1967 3471 segnior
1999 3400 2098 3456 sis.

523 3491 660 3544 Nam
692 3506 803 3557 quo
840 3491 1027 3544 animo
1056 3489 1208 3544 cives
1232 3498 1356 3543 tuos
1390 3505 1514 3545 esse
1544 3491 1731 3556 audio,
1764 3490 2098 3561 simulatque

524 3596 625 3635 nos
651 3580 830 3634 oculis
861 3580 1206 3648 usurparint,
1240 3579 1402 3649 plane
1444 3580 1869 3635 intromissuros
1906 3580 2096 3636 credo.

526 3671 653 3725 llam
688 3684 859 3739 nepos
901 3682 1028 3732 avo,
1064 3667 1355 3738 quemdam
1395 3669 1465 3737 de
1507 3668 1730 3724 famulis
1761 3671 1966 3740 .magni
2001 3671 2099 3724 do-

521 3761 738 3816 mestici
772 3759 1153 3816 ﬁdelissimum
1184 3759 1459 3815 adhibens
1488 3760 1859 3841 tabellarium.
1891 3761 2117 3817 Dehinc.

521 3868 590 3908 ex
623 3850 850 3923 0drysis
902 3849 1200 3917 excedens,
1247 3866 1372 3905 cum
1406 3851 1804 3921 quinquaginta
1844 3852 2095 3921 equitum

512 3942 770 3997 .millibus
793 3941 929 4014 (56),
961 3950 1058 3997 aut
1086 3941 1373 4011 aliquanto
1399 3942 1778 4012 paucioribus,
1818 3954 1878 3997 ut
1917 3944 2095 4014 conji-

509 4035 884 4091 .cerelicebat
920 4039 1045 4102 (nec
1089 4034 1235 4088 enim
1268 4034 1612 4105 ad’unguem
1659 4034 1785 4088 iniri
1832 4048 2096 4089 numerus

506 4135 763 4195 .poterat,
813 4125 964 4195 quod
1010 4125 1169 4180 multi
1222 4140 1335 4179 non
1386 4125 1717 4194 conscripti,
1772 4124 2093 4194 imperatori

514 4216 914 4286 gratiﬁcantes,
955 4232 1064 4272 una
1114 4216 1469 4284 militabant),
1513 4215 1842 4286 Byzantium
1898 4217 2095 4272 castris

514 4322 686 4376 quam
712 4307 1094 4373 creberrimis,
1132 4321 1199 4361 ac
1241 4308 1288 4362 si
1323 4308 1465 4362 niale
1510 4307 1745 4371 valeret,
1787 4308 2092 4375 procedere

509 4399 785 4469 perrexit.

2205 1928 2352 1983 αὕτα
2376 1943 2393 1962 ο
2423 1923 2497 1981 Ὦ
2550 1929 2802 1983 θειότατε
2842 1928 3088 1999 βασιλεῦ,
3122 1930 3313 2002 ὥσπερ
3353 1932 3641 1997 πολλάκις,
3679 1933 3775 1987 καὶ

2204 2022 2301 2078 νῦν
2327 2022 2461 2077 Θεὸν
2488 2024 2951 2095 ἐπιμαρτύρομαι
2986 2026 3101 2088 τοῖς
3156 2025 3500 2097 λεγομένοις,
3543 2028 3616 2091 ὡς
3662 2028 3775 2082 οὐτ’

2205 2114 2398 2168 αὐτόθι
2432 2113 2626 2184 παρὼν
2682 2115 2908 2187 ἐμαυτῷ
2936 2132 2989 2169 τι
3008 2116 3239 2173 σύνοιδα
3266 2117 3402 2188 πρὸς
3433 2117 3531 2189 σὴν
3570 2119 3776 2188 ἔχθραν

2205 2207 2645 2289 ἐξειργασμένῳ,
2678 2207 2795 2262 οὐτ’
2828 2210 2923 2263 ἐπὶ
2953 2213 3165 2274 τούτοις
3207 2211 3454 2281 ἀπέστην
3484 2212 3560 2275 ὡς
3586 2214 3774 2283 τρόπῳ

2203 2304 2370 2355 παντὶ
2404 2301 2678 2355 κακώσων
2710 2300 2781 2355 τὰ
2810 2301 2877 2355 σά
2896 2318 2910 2332 ·
2939 2301 3056 2356 ἀλλ’
3088 2302 3178 2356 ῖνα
3213 2304 3374 2373 μόνον
3403 2305 3494 2357 τὸν
3527 2307 3773 2376 ἐπηρτη-

2206 2392 2369 2464 μένον
2421 2393 2551 2464 ἐμοὶ
2591 2391 2840 2447 κίνδυνον
2888 2394 3105 2465 δυνηθῶ
3143 2396 3431 2465 διαφυγεῖν
3485 2413 3501 2430 ο
3564 2400 3682 2452 νυν)⁸
3714 2399 3770 2453 δὲ

2200 2484 2363 2538 τοῦτο
2397 2486 2500 2555 μὲν
2523 2484 2649 2556 ἐμοὶ
2673 2484 2956 2554 περίεστιν
2989 2487 3048 2540 ἐν
3072 2488 3152 2558 τῷ
3185 2490 3420 2558 ἀσφαλεῖ
3444 2490 3557 2544 ὄντι
3584 2507 3600 2523 ⁸
3635 2493 3694 2545 σὲ
3722 2488 3765 2544 δ’
3818 2480 3825 2493 ³

2202 2577 2269 2631 ἐκ
2302 2574 2398 2630 τοῦ
2428 2576 2675 2630 ἐναντίου
2709 2575 2866 2647 παρὰ
2896 2578 3082 2633 πᾶσαν
3115 2579 3256 2651 ἐμὴν
3307 2579 3568 2652 βούλησιν
3597 2584 3625 2636 ό
3652 2585 3772 2638 κίν-

2201 2669 2360 2732 δυνος
2414 2666 2807 2739 περιέστηκεν.
2848 2668 2980 2724 ’1δού
3037 2670 3145 2741 γὰρ
3206 2673 3360 2746 πάσῃ
3422 2676 3773 2747 χρησάμενος

2205 2764 2424 2833 μηχανῇ
2457 2761 2533 2824 ὥς
2570 2774 2637 2814 τε·
2666 2762 2766 2832 τὴν
2804 2763 3065 2833 στρατιὰν
3094 2765 3229 2835 πρὸς
3253 2765 3352 2836 τὴν
3375 2768 3617 2838 ἑσπέραν
3640 2787 3774 2839 τρα-

2207 2853 2410 2907 πέσθαι
2444 2856 2654 2919 πεῖσαι,
2696 2853 2975 2917 ἀδυνάτως
3012 2855 3190 2925 ἔσχον.
3236 2857 3477 2928 Ἀνάγκη
3523 2860 3587 2929 δὴ
3621 2862 3773 2915 πᾶσα

2206 2944 2339 3013 ύμῖν
2368 2944 2644 2997 ἐπελθεῖν.
2689 2943 2832 3012 Ἐγὼ
2876 2945 2975 3014 μὲν
3023 2945 3115 2998 οὐν
3164 2948 3522 3020 σχολαίτερον
3551 2951 3772 3022 βαδιοῦ-

2203 3051 2305 3102 μαι
2340 3037 2525 3090 νοσεῖν
2559 3029 2958 3106 πλαττόμενος.
3007 3036 3291 3094 Είσὸαλὼν
3336 3040 3393 3093 δὲ
3433 3044 3770 3113 πειράσομαι

2200 3128 2300 3198 τὴν
2330 3129 2598 3198 ταχίστην
2626 3130 2960 3199 ἀναχωρεῖν.
2987 3129 3080 3182 Σοὶ
3118 3130 3166 3184 δ’
3196 3132 3254 3185 ἐν
3279 3133 3521 3206 τοσούτῳ
3551 3140 3770 3208 φρουρᾷ

2203 3231 2262 3267 τε
2288 3214 2508 3279 ἐξέσται
2545 3214 2954 3283 ἀσφαλίσασθαι
2983 3216 3052 3270 τά
3087 3217 3359 3289 βασίλεια,
3392 3225 3487 3278 καὶ
3524 3228 3647 3289 ταῖς
3673 3228 3768 3281 τινιῦ

2203 3304 2503 3368 Βυζαντίου
2550 3306 2751 3368 πύλαις
2791 3308 2919 3372 τοὺς
2971 3309 3211 3379 μάλιστα
3258 3313 3650 3381 εὐνουστάτους
3682 3335 3764 3372 σοι

2200 3398 2497 3468 ἐπιστῆσαι
2572 3400 2940 3471 μισθοφόρους
2993 3403 3217 3472 ἔχοντας
3258 3405 3487 3472 ὁπλίτας
3546 3412 3765 3476 ἱκανοὺς

2199 3489 2320 3551 ταῖς
2346 3488 2455 3542 τῶν
2479 3488 2948 3545 ἐπιϐουλευόντων
2978 3495 3181 3565 ὁρμαῖς
3199 3499 3536 3569 ἀντιστῆναι.
3568 3504 3683 3558 Κάν
3712 3524 3766 3560 τι

2202 3579 2369 3649 μόνον
2405 3579 2545 3650 πρὸς
2593 3581 2655 3634 τὸ
2679 3582 3051 3647 εἰσδέξασθαι
3080 3588 3231 3656 ἡμᾶς
3281 3589 3509 3663 κώλυμα
3541 3595 3765 3666 εὑρεθῇ,

2197 3666 2274 3730 ὡς
2306 3669 2444 3738 πρὸς
2472 3669 2737 3725 ἀδύνατον
2758 3676 2857 3743 τὴν
2878 3678 3229 3748 ἐπιχείρησιν
3245 3682 3440 3747 ἀπάξω
3467 3686 3568 3756 τὴν
3597 3705 3768 3758 στρα-

2197 3760 2347 3816 τιάν.
2389 3761 2592 3832 Δέομαι
2624 3763 2690 3834 δὴ
2724 3767 2800 3836 μὴ
2830 3767 2961 3831 τοὺς
3008 3768 3203 3838 λόγους
3235 3773 3655 3831 ὑποπτεύσαντα
3689 3780 3765 3843 ὡς

2196 3843 2361 3943 ἐμὸὗᾲ
2390 3851 2788 3922 διαφερομένου
2826 3857 3324 3931 ,ἀπορρᾳθυμῆσαι
3371 3867 3506 3936 πρὸς
3563 3871 3625 3922 τὸ
3663 3873 3762 3943 τὴν

2196 3941 2503 4011 ἀσφάλειαν
2562 3944 2995 4014 ἐξαρτύσασθαι.
3066 3951 3379 4031 Πέπεισμαι
3443 3959 3553 4028 γάρ
3597 3941 3761 4031 αὐτδς

2197 4033 2442 4103 ἀκριϐῶς
2479 4037 2544 4089 ἐκ
2598 4037 2706 4090 τῶν
2748 4038 2961 4104 αὐτόθι,
3007 4042 3082 4108 ὡς
3115 4044 3231 4115 άμα
3255 4045 3333 4118 τῷ
3378 4052 3614 4122 φανῆναι
3648 4058 3761 4109 εισ.

2195 4128 2444 4192 δέξονται
2473 4129 2644 4199 ἡμᾶς.
2677 4131 2918 4187 Τοιαῦτα
2949 4136 3049 4201 μὲν
3102 4138 3131 4189 ό
3167 4140 3289 4202 νέος
3336 4141 3599 4212 βασιλεὺς
3633 4138 3761 4201 ἐπέ-

2198 4218 2383 4272 στελλε
2419 4219 2498 4289 τῷ
2524 4219 2764 4290 πάππῳ,
2799 4224 2907 4276 τῶν
2971 4230 3312 4284 πιστοτάτων
3374 4236 3605 4291 οἰκετῶν
3649 4258 3757 4295 τινι

2196 4308 2290 4402 τοῦ
2322 4309 2587 4402 ,μεγάλου
2632 4311 2961 4383 δομεστίκου
3000 4321 3352 4390 χρησάμενος
3404 4324 3757 4402 διακομιστῇ.

2202 4400 2377 4464 Αὐτὸς
2401 4401 2459 4453 δὲ
2493 4401 2635 4472 ἄρας
2672 4402 2733 4467 ἐξ
2772 4404 3048 4474 Ὀδρυσῶν
3097 4410 3215 4480 ἀμα
3252 4400 3760 4494 ’πεντακισμυρίοις

518 4494 787 4548 ιππεῦσιν
835 4494 870 4563 ἢ
900 4494 1336 4565 ὀλίγῳλδέουσιν,
1380 4493 1456 4558 ὡς
1513 4494 1768 4559 εἰκάζετο
1819 4496 1900 4564 (οὐ
1951 4496 2062 4568 γάρ
2102 4498 2229 4568 ἐξῆν
2296 4497 2542 4568 ἀκριϐῶς
2579 4498 2673 4551 τὸν
2737 4501 2973 4570 ἀριθμὸν
3024 4506 3251 4574 εἰδέναι,
3310 4509 3397 4566 οἷα
3436 4514 3499 4586 δὴ
3546 4518 3761 4572 πολλῶν

521 4589 617 4641 καὶ
639 4588 748 4642 τῶν
773 4589 851 4659 μὴ
873 4591 1011 4660 πρὸς
1043 4590 1310 4660 στρατιὰν
1338 4588 1694 4658 τεταγμένων
1715 4594 2240 4663 συστρατευομένων
2267 4592 2404 4663 πρὸς
2429 4593 2592 4664 χάριν
2614 4593 2693 4663 τῷ
2752 4594 3010 4667 βασιλεῖ),
3064 4600 3152 4671 ﬁat
3211 4602 3311 4674 τὴν
3349 4609 3408 4671 ἐς
3466 4609 3760 4673 Βυζάντιον

521 4683 730 4744 πυκνὰς
760 4683 857 4735 καὶ
891 4682 1139 4751 συνεχεῖς
1164 4683 1262 4744 τὰς
1290 4680 1725 4752 στρατοπεδείας
1753 4683 2083 4752 ποιούμενος
2122 4679 2211 4738 οἷα
2238 4685 2303 4747 δὴ
2329 4684 2524 4740 νοσῶν.

1917 4801 2141 4858 CAPUT
2180 4795 2344 4859 XXII.

524 4888 740 4971 Insidi}?
793 4887 1260 4971 inlindronicu‘m
1311 4891 1580 4971 minorem
1616 4908 1648 4944 a
1695 4888 2132 4971 Sphentisthlabo‘
2165 4895 2450 4971 Mazaei-unt
2499 4913 2640 4968 rege.
2682 4899 2909 4971 Legatio
2975 4906 3063 4958 avi
3119 4905 3181 4958 de
3217 4907 3443 4965 adventu
3472 4914 3542 4966 ad
3578 4917 3755 4971 urbem

593 4957 816 5046 paulurn
849 4957 1156 5028 digerendo.
1179 4959 1370 5016 Concio
1405 4962 1607 5031 nepotis
1647 4957 2051 5016 ad'cxercitum
2098 4964 2161 5017 de
2207 4968 2372 5019 armis
2417 4957 2850 5037 deponendisfet
2881 4957 3026 5044 pace,
3048 4957 3755 5046 τοηέριὲὲἱέιὶὶὶᾶ.

582 5044 857 5083 assensus.

592 5120 745 5173 Jnter
772 5118 898 5173 haec
931 5133 961 5172 a
997 5111 1475 5188 Sphentisthlabo,
1510 5118 1804 5175 Mtesorum
1839 5136 1963 5191 rege
2003 5122 2085 5178 εἰ·
2118 5127 2164 5184 ι)

2277 5126 2365 5181 Ἐν
2392 5127 2603 5194 τούτοις
2646 5133 2702 5185 δὲ
2754 5135 3071 5204 ἀφικνεῖται
3101 5141 3238 5211 πρὸς
3262 5145 3425 5198 αὐτὸν
3471 5151 3565 5201 καὶ
3597 5152 3752 5223 παρὰ

1779 5233 1995 5294 Jacobi
2030 5235 2295 5299 Pontam'
2332 5249 2519 5302 notae.

593 5333 706 5407 ιζὲἱ)
746 5331 865 5386 Non
890 5331 1363 5407 ἐπιϐουλευόντων,
1387 5334 1482 5390 sed
1531 5334 1899 5389 ἐπιϐαλόντων
1920 5337 2081 5407 κιθεο,

525 5436 591 5444 -
622 5404 898 5475 interpres
925 5402 1059 5475 legit
1098 5405 1486 5464 ἐπιϐαλόντων,
1517 5419 1827 5475 quanquam
1857 5406 1933 5459 nil
1959 5402 2082 5461 ηῖιιέ

528 5468 960 5544 tandum._lnte_l_l
988 5468 1041 5540 gi
1060 5475 1206 5528 enim
1238 5484 1418 5544 potest
1443 5476 1510 5529 de
1534 5468 1615 5529 'iis
1654 5468 1748 5544 q'ui
1801 5476 1943 5529 intra
1994 5493 2084 5530 ur-

522 5546 642 5597 bem
676 5541 804 5609 quid
829 5540 1174 5598 molirentur.

2193 5343 2510 5426 quiaetiam
2538 5361 2645 5426 non
2676 5350 2975 5426 conscripti
3001 5369 3066 5426 se
3099 5356 3466 5426 adjunxerint.
3502 5367 3759 5425 volunta-

2596 5432 2692 5509 seu
2718 5414 2939 5509 volones
2957 5414 3201 5509 plurimi,
3228 5414 3527 5509 tamenpro
3544 5414 3762 5509 Egit-

2194 5490 2306 5537 tate
2335 5490 2549 5564 imperii
2581 5502 2705 5564 qua;
2731 5490 3024 5564 tuncerat,
3064 5497 3151 5549 vix
3177 5490 3259 5550 est
3299 5490 3584 5560 credibile.
3616 5490 3757 5564 [fur-—

2380 5556 2986 5643 figlinum”delectione
3024 5565 3090 5617 ad
3125 5566 3431 5643 juniorem,
3487 5588 3749 5643 quantam

728 5611 1026 5705 Expressit:
1044 5613 1133 5693 sic
1152 5612 1781 5705 habett‘Qrmcusncgdef,
1805 5614 1931 5705 gnat
1959 5632 2084 5705 πεν-
2190 5611 2705 5705 supraaudiwmus,
2739 5611 2857 5705 non_
2888 5611 3090 5687 titiam
3123 5611 3461 5698 ilféiea's‘ﬁiié.

518 5696 900 5753 τακισμυριοις
966 5682 1249 5753 ἱππεῦσιν.
1315 5682 1383 5737 Ει
1439 5682 1689 5753 quamvis
1736 5682 2079 5753 subjiciatur,

508 5759 611 5803 aut
648 5748 921 5835 aliquanto
960 5752 1318 5819 paucioribus,
1376 5748 1852 5822 subjungaturque
1891 5748 2074 5817 causa,

2188 5689 2477 5761 legendum
2520 5698 2996 5768 πεντακισχιλίοις.
