4136 6288
361 386 455 448 177

1557 402 2110 468 HISTORIARUM‘
2150 410 2381 474 LIBER
2422 416 2472 474 Ι.

3472 421 3587 484 178⁴

361 496 799 596 Σφεντιοθλάὗου
823 501 955 596 Δτοῦ
1010 505 1214 565 Μυσῶν
1252 506 1516 578 βασιλέως
1568 514 1645 583 (ὃς
1678 510 1746 580 ἦν
1776 514 1921 585 αὑτῷ

2029 521 2137 576 line
2187 538 2287 579 suo
2345 525 2591 596 (prapter
2639 526 2989 583 Theodoram
3042 542 3287 584 sororem
3336 544 3461 583 cum
3519 547 3587 584 eo

361 589 630 659 κηδεστὴς
670 592 764 644 ἐπὶ
811 591 1062 667 Θεοδώρᾳ
1088 601 1154 669 τῇ
1198 600 1428 674 ἀδελφῇ)
1458 605 1690 675 πρέσὸις
1715 608 1926 677 Μαρτῖ-

362 697 474 745 νος,
520 682 870 750 τριακοσίους
906 685 1056 754 ἄγων
1086 691 1291 757 ἱππέας
1336 698 1760 764 καταφράκτους
1808 697 1926 751 Μυ-

365 774 513 835 σοὺς,
542 773 821 841 πρόφασιν
875 775 974 845 μὲν
1021 779 1097 841 ὡς
1142 785 1606 855 συμμαχήσοντας
1632 786 1784 857 αὐτῷ
1811 789 1928 840 ὲπι-

362 862 589 929 κουρίας
631 862 875 934 δεομένῳ
923 866 1010 921 διὰ
1048 869 1145 924 τὸν
1202 872 1443 945 πόλεμον
1492 877 1586 928 τὸν
1619 878 1775 947 ,προς
1832 866 1926 932 τὸν

365 954 614 1007 πάππον·
648 956 1053 1025 ὲπηγγέλλοντό
1093 980 1175 1029 τε,
1226 966 1302 1027 ὡς
1334 967 1382 1018 εί
1421 966 1593 1021 δέοιτο
1621 970 1716 1022 καὶ
1745 966 1927 1023 πλείο-

363 1061 452 1107 νος
488 1047 769 1115 στρατιᾶς,
825 1048 1062 1120 ἑτοίμως
1118 1054 1447 1122 παρέξοντος
1508 1056 1606 1111 τοῦ
1638 1059 1923 1129 κηδεστοῢο

362 1137 429 1204 τῇ
468 1135 512 1187 δ’
545 1136 777 1209 ἀληθείᾳ
801 1180 815 1204 ,
853 1139 929 1198 ὡς
978 1140 1045 1193 ἂν
1095 1143 1247 1197 ίδωσι
1277 1145 1370 1199 τδν
1401 1146 1630 1217 βασιλέα
1661 1150 1926 1219 στρατιᾶς

361 1225 692 1295 ἀποροῦντα,
762 1230 1129 1297 συλλαϐόντας
1184 1237 1322 1307 πρὸς
1372 1239 1539 1294 αὐτὸν
1591 1242 1922 1310 ἀπαγαγεῖν.

363 1318 534 1385 Δῆλον
568 1319 624 1371 δὲ
655 1321 882 1388 γέγονεν
908 1324 972 1375 ἐκ
1012 1326 1121 1377 τῶν
1167 1328 1309 1396 μετά
1340 1330 1540 1384 ταῦτα·
1586 1331 1712 1386 ίδὼν
1751 1333 1857 1403 γὰρ
1898 1334 1927 1386 ό

364 1410 640 1479 Μαρτῖνος
689 1413 788 1483 τὴν
842 1414 1117 1487 ἑπομένην
1148 1418 1223 1488 τῷ
1257 1419 1469 1489 βασιλεῖ
1515 1425 1794 1495 στρατιὰν,
1832 1428 1927 1478 ἀν-

361 1499 639 1569 εχώρησεν
696 1503 862 1561 εὐθὺς
915 1502 1002 1558 ἔπ’
1050 1508 1229 1563 οἴκου.
1294 1510 1354 1564 '0
1410 1510 1665 1580 βασιλεὺς
1709 1514 1766 1566 δὲ
1826 1515 1926 1586 τὴν

361 1592 480 1642 ὁδὸν
509 1592 746 1647 διανύων
779 1595 922 1649 κατά
952 1600 1148 1669 μικρὸν
1175 1640 1189 1662 ,
1241 1603 1306 1674 τῇ
1365 1603 1472 1674 πρὸ
1518 1603 1617 1673 τῆς
1654 1604 1925 1676 Πεντηκο-

244 1701 250 1708 ·
356 1682 498 1750 στῆς
544 1687 1008 1754 ἐστρατοπέδευσε
1060 1691 1212 1762 παρά
1272 1693 1366 1746 τὸν
1399 1694 1618 1750 Μέλανα
1657 1699 1923 1768 ποταμόν.

2028 621 2301 684 nuptam),
2334 615 2542 686 legatus
2568 621 2722 673 venit
2745 619 3031 683 Martinus,
3060 635 3185 674 cum
3216 616 3399 675 Missis
3425 622 3585 689 equi-

2030 703 2177 758 tibus
2211 708 2581 777 cataphractis
2630 713 2912 775 trecentis,
2966 711 3021 765 in
3062 712 3301 781 speciem
3333 711 3580 780 quidem,

2028 803 2090 848 ut
2120 792 2383 852 auiilium
2426 800 2687 856 adversus
2717 818 2899 868 avum,
2934 802 2980 857 si
3015 802 3309 873 indigeret,
3342 803 3583 865 laturus;
3655 832 3659 836 -

2027 892 2083 939 et
2113 889 2490 957 promittebat,
2527 891 2573 945 si
2608 892 2908 962 majoribus
2941 892 3117 962 copiis
3156 909 3296 962 opus
3335 892 3587 950 haberet.

2028 990 2212 1043 regem
2262 977 2504 1035 libenter
2536 979 2833 1034 missurum
2863 998 2875 1033 :
2901 979 2996 1034 sed
3033 994 3245 1037 revera.
3293 988 3352 1032 ut
3385 978 3430 1031 si
3462 991 3587 1031 eum

2027 1067 2307 1135 paucitate
2350 1069 2691 1124 laborantem
2738 1071 3032 1133 inveniret,
3069 1068 3288 1137 injectis
3336 1067 3589 1121 manibus

2027 1156 2094 1211 ad
2132 1173 2313 1228 regem
2346 1160 2626 1233 captivum
2663 1161 3009 1229 perduceret.
3048 1159 3203 1227 Quod
3252 1176 3320 1213 ex
3352 1174 3418 1213 eo
3462 1173 3588 1212 mox

2028 1248 2248 1313 claruit,
2283 1249 2411 1319 quia
2443 1249 2713 1306 Martinus
2763 1253 3011 1307 exercitu
3062 1252 3450 1320 imperatorem
3499 1264 3585 1302 se-

2027 1348 2231 1408 quente
2260 1349 2579 1410 conspecto,
2606 1341 2752 1395 unde
2782 1349 3026 1406 venerat,
3048 1341 3234 1395 subito
3264 1355 3325 1394 se
3351 1337 3586 1407 recepit.

2027 1431 2219 1486 Parvis
2271 1432 2565 1487 itineribus
2628 1432 2989 1502 progrediens
3045 1434 3345 1500 imperator
3410 1428 3589 1499 pridie

2026 1524 2381 1580 Pentecostes
2413 1538 2579 1592 supra
2621 1525 2886 1578 Melanem
2922 1523 3124 1577 numen
3158 1529 3336 1576 castra
3383 1520 3586 1589 posuit.

2028 1615 2128 1670 Hic
2157 1630 2282 1670 eum
2317 1615 2563 1685 Eugenia
2605 1615 2965 1686 Palreologina
3002 1614 3291 1677 monacha,
3335 1628 3366 1667 e
3399 1625 3587 1666 sorore

2026 1706 2340 1762 Michaelis-
2378 1706 2540 1777 primi
2617 1707 2906 1776 Palazoiogi
2989 1705 3338 1776 imperatoris
3397 1716 3590 1773 proge-

370 1774 641 1879 Ἐνταδθα
700 1777 764 1848 δὴ
824 1780 1135 1849 ἀφικνεῖται
1189 1784 1326 1854 πρὸς
1371 1786 1463 1839 τὸν
1522 1789 1642 1841 νέον
1699 1789 1921 1859 βασιλέα

2027 1800 2141 1853 nita
2180 1800 2315 1869 (57),
2357 1774 2549 1879 magna
2596 1774 2895 1854 domestica
2941 1774 3374 1871 (58)‘convenit.
3417 1796 3588 1865 Lega-

364 1864 601 1961 ίεῖιγενία
643 1869 853 1961 μοναχὴ
875 1847 1290 1955 Ῐιαλαιολογίνα,
1326 1878 1360 1947 ἠ
1392 1877 1657 1948 βασιλέως
1689 1847 1921 1955 ἀδελφῆς

2028 1847 2141 1853 ---ω
2183 1847 2315 1869 μη.
2359 1847 2549 1875 τρυπ-
2599 1847 2895 1854 ηη-π-η-
2942 1847 3049 1871 ,νη
3102 1847 3372 1853 --πη-.-μ
3417 1847 3555 1865 --ογ

2031 1891 2106 1944 tio
2137 1890 2256 1945 haec
2297 1870 2808 1960 complectebatur:
2842 1891 2918 1948 De
2960 1891 3238 1961 prioribus
3276 1896 3591 1944 controver-

360 1956 610 2027 Μιχαὴλ,
647 1959 742 2011 τοῦ
790 1961 1010 2030 πρώτου
1044 1965 1154 2018 τῶν
1181 1967 1604 2037 Ἧαλαιολόγων,
1635 1975 1783 2037 παῖς,
1827 1990 1921 2041 με-

2026 1981 2126 2037 siis
2158 1982 2304 2036 inter
2348 1998 2463 2048 eos,
2492 1999 2522 2038 e
2551 1983 2755 2052 quibus
2799 1984 2981 2037 causis
3024 1991 3165 2037 nata
3200 1983 3335 2046 sint,
3378 1980 3586 2041 dicere",

366 2049 513 2142 γάλη
571 2049 980 2121 διμεστίκισσα.
1032 2059 1466 2128 Διεπρεσσεύετο
1523 2062 1582 2114 δὲ
1629 2064 1779 2133 παρά
1826 2064 1921 2117 τοῦ

2026 2070 2167 2125 nihil
2210 2071 2277 2125 ad
2328 2049 2587 2140 praesens
2618 2080 2838 2142 tempus
2888 2070 3185 2142 pertinere.
3233 2069 3366 2136 Quae
3413 2082 3590 2137 nuper

364 2141 640 2233 βασιλέως
669 2146 916 2199 τοιαῦτα·
963 2148 1099 2221 Περὶ
1153 2150 1253 2221 μὲν
1285 2151 1396 2206 τῶν
1430 2155 1921 2227 προγεγενημένων

2026 2161 2327 2229 snripserit,
2355 2163 2425 2217 ob
2448 2178 2511 2218 ea
2541 2178 2700 2218 avum
2734 2141 2811 2218 illi
2839 2178 3063 2233 magnas
3094 2176 3258 2232 agere
3278 2161 3502 2229 gratias,
3534 2168 3590 2212 et

355 2232 496 2297 πρὸς
539 2235 687 2304 ἡμᾶς
739 2237 1019 2309 διαφορῶν
1065 2244 1130 2294 ἐκ
1166 2241 1327 2297 τίνων
1356 2244 1589 2315 ἤρξαντο
1618 2246 1799 2315 λέγειν
1840 2248 1925 2301 αἱ·

302 2332 306 2336 ·
353 2321 514 2387 τιῶν,
546 2325 609 2377 οὐ
640 2325 733 2379 τοῦ
785 2328 1057 2399 παρόντος
1120 2327 1263 2388 εἶναι
1306 2336 1503 2407 καιροῦ
1559 2339 1784 2408 νομίζον
1837 2336 1922 2410 ἐφ’
1960 2403 1964 2407 _

354 2410 442 2477 οἷς
479 2415 539 2469 δὲ
575 2418 853 2490 πρότερον.
892 2422 1231 2488 ἀπέσταλκας
1283 2427 1484 2497 πολλὴν
1535 2428 1696 2500 χάριν
1734 2430 1926 2500 ὁμολο-

352 2507 515 2576 γῶν,
576 2512 670 2564 καὶ
738 2512 840 2583 τῆς
897 2514 977 2578 είς
1021 2518 1121 2586 ἐμὲ
1180 2518 1510 2588 κηδεμονίας
1568 2521 1662 2574 καὶ
1708 2522 1921 2592 ἀγαθῆς

357 2604 737 2672 προαιρέσεως
785 2605 1045 2675 ἐπαινῶν,
1093 2607 1174 2661 ἔτι
1225 2611 1354 2678 μίαν
1399 2612 1552 2682 ⁸παρά
1588 2611 1920 2682 σοῦηταότην

356 2693 579 2747 ἀπαιτῶ
627 2697 810 2766 χάριν,
849 2698 951 2770 τὴν
1000 2672 1263 2770 στρατιάν
1292 2672 1498 2754 αὐτῶί
1525 2675 1792 2771 μένουσαν
1825 2672 1923 2759 κᾶ-

355 2786 609 2854 τασχεῖν,
641 2786 800 2856 ἄχρις
838 2789 904 2841 ἂν
942 2792 1021 2849 είς
1048 2789 1108 2842 ἓν
1134 2789 1247 2843 τῶν
1281 2792 1734 2863 φροντιστηρίων,
1785 2795 1919 2849 ὅπου

357 2892 466 2946 περ
490 2876 556 2929 ἂν
583 2878 781 2949 ἐθέλῃς
807 2880 965 2944 αὐτὸς
989 2882 1229 2944 καταδὺς
1265 2882 1357 2937 τὸν
1381 2882 1627 2937 κίνδυνον
1647 2885 1916 2955 διαφύγωο

355 2965 428 3019 ἂν
459 2968 569 3037 γὰρ
602 2966 682 3020 ἔτι
709 2985 769 3022 σε
798 2971 934 3039 μετὰ
961 2971 1053 3025 τοῦ
1083 2973 1449 3043 στρατοπέδου
1480 2973 1769 3042 ἀπάραντα
1784 2978 1920 3048 πρὸς

246 3090 251 3099 ι
356 3061 512 3130 ἡμᾶς
562 3060 801 3131 βαδίζειν
855 3065 1119 3136 ἀγγελθῇ,
1172 3066 1402 3138 οὐδεμία
1443 3069 1581 3141 πρὸς
1611 3071 1671 3124 τὸ
1708 3071 1781 3143 μὴ
1810 3071 1921 3125 δια·

2023 2246 2449 2304 sollicitudincm
2499 2251 2660 2304 istam
2714 2264 2779 2306 ac
2828 2250 3028 2304 bonam
3066 2248 3404 2302 voluntatem
3464 2246 3587 2298 lau-

2024 2339 2174 2395 dare.
2218 2339 2394 2396 Unam
2425 2340 2654 2410 insuper
2680 2341 2910 2411 gratiam
2952 2352 3178 2408 cupere,
3214 2346 3276 2391 ut
3319 2334 3586 2419 nimi‘rum

2026 2440 2137 2486 tam
2171 2431 2263 2485 diu
2291 2431 2520 2487 militem
2561 2431 2637 2486 ibi
2669 2431 2935 2498 detineat,
2981 2429 3159 2500 quoad
3188 2429 3245 2483 in
3286 2440 3457 2480 unum
3487 2424 3589 2484 alie

2025 2522 2171 2593 quod
2210 2523 2608 2578 monasterium
2634 2521 2752 2593 (59)
2786 2536 2815 2576 ε
2842 2531 3041 2590 nepote
3086 2519 3452 2582 nominatum,
3483 2529 3579 2585 pe-

2025 2612 2186 2667 riculi
2208 2612 2526 2668 declinandi
2556 2613 2665 2685 7ο
2684 2629 2743 2669 se
2764 2612 3061 2668 abdiderit.
3085 2611 3220 2666 Nam
3251 2611 3298 2665 si
3327 2624 3357 2664 θ
3389 2605 3587 2662 castris

2022 2719 2149 2759 eum
2185 2719 2350 2775 porro
2372 2704 2442 2760 ad
2472 2704 2668 2761 urbem
2690 2706 2833 2760 viam
2857 2703 3038 2759 moliri
3068 2702 3373 2767 nuntietur,
3398 2708 3581 2754 actum

2021 2809 2143 2851 esse
2184 2795 2252 2850 de
2279 2795 2390 2851 vita
2440 2810 2539 2851 sua
2569 2815 2583 2851 :
2613 2795 2827 2850 tametsi
2861 2794 3000 2849 nihil
3044 2808 3233 2848 eorum
3276 2789 3585 2861 praetermi-

2022 2886 2178 2952 serit,
2204 2901 2328 2955 quas
2358 2902 2531 2957 nepos
2572 2888 2924 2959 suggesserit,
2969 2885 3062 2942 sed
3107 2900 3171 2939 ea
3213 2883 3395 2939 omnia
3433 2881 3580 2936 inani

2021 2978 2206 3033 studio
2244 2986 2561 3049 comparata
2589 2978 2761 3033 fuisse
2797 2979 3198 3048 deprehensum
3232 2977 3324 3030 iri.
3360 2974 3463 3031 Ubi
3496 2976 3582 3027 vi-

2024 3079 2134 3124 tam
2170 3085 2326 3126 suam
2370 3069 2495 3125 loco
2536 3078 2655 3124 tuto
2688 3069 3055 3135 mandaverit,
3088 3068 3204 3138 ipse
3236 3067 3426 3122 urbem
3457 3079 3581 3135 pos-

357 3151 742 3223 φθαρήσεσθαι
799 3157 946 3224 ἡμᾶς
993 3157 1168 3221 ἐλπίς.
1205 3160 1398 3216 Καίτοι
1452 3177 1516 3229 γε
1567 3162 1722 3215 οὐδὲν
1757 3163 1917 3226 αὐτὸς

2023 3175 2277 3216 sessurus
2334 3159 2697 3231 ingrediatur.
2746 3159 2890 3226 Quid
2932 3158 3080 3214 enim
3129 3172 3197 3212 ex
3255 3164 3432 3211 morte
3480 3170 3588 3210 sua

356 3243 627 3296 ἀπέλιπον
652 3238 724 3298 ὧν
750 3246 952 3300 ὑπέθου
978 3248 1038 3300 τδ
1066 3248 1232 3321 μὴ,οὐ
1262 3250 1738 3321 καταπράξασθαι·
1768 3252 1921 3324 ἐλέγ-

2021 3251 2381 3308 emolumenti
2410 3248 2668 3319 caperet?
2693 3249 2804 3304 Hac
2831 3249 3083 3303 oratione
3106 3246 3280 3316 magis
3303 3245 3582 3302 emollitus

355 3351 546 3402 χονται
599 3335 645 3387 δ’
693 3336 911 3390 ᾶπαντα
961 3339 1373 3410 σπουδαζόμενα
1419 3342 1564 3412 εικῆ.
1632 3342 1799 3414 Ἐμοῦ
1847 3343 1916 3412 δ’,

2023 3342 2226 3415 iunior,
2283 3356 2408 3397 cum
2480 3348 2643 3395 antea
2689 3347 2884 3409 sponte
2929 3352 3027 3393 sua
3066 3337 3249 3392 dicere
3303 3344 3358 3390 et
3398 3334 3580 3390 facere

354 3422 546 3494 ὥσπερ
584 3422 745 3494 ἔφην,
782 3428 839 3478 ὲν
872 3426 1144 3499 ἀσφαλείᾳ
1188 3428 1487 3499 γενομένου
1522 3430 1616 3484 τοῦ
1664 3430 1741 3501 μὴ
1785 3432 1922 3485 ἀπο-

353 3514 564 3579 θανεῖν,
621 3517 782 3579 αΰτὸς
838 3517 1030 3590 ὲλεύσῃ
1066 3519 1528 3592 παραληψόμενος
1566 3524 1668 3593 τὴν
1728 3522 1915 3580 πόλιν⁸

357 3606 489 3658 ποία
523 3607 632 3678 γάρ
661 3626 743 3670 τις
773 3607 955 3679 ὄνησις
983 3613 1048 3663 ἐκ
1076 3611 1169 3665 τοῦ
1191 3612 1290 3682 ἐμὲ
1328 3612 1622 3667 ἀποθανεῖν
1648 3631 1664 3680 ;
1694 3613 1918 3678 Τούτοις

355 3699 475 3760 τοῖς
502 3698 685 3766 λόγοις
714 3701 804 3753 ἐπὶ
861 3702 1063 3772 μᾶλλον
1109 3706 1136 3756 ό
1187 3704 1304 3767 νέος
1357 3705 1728 3774 ἑπικαμφθεὶς
1760 3705 1917 3776 βασι-

357 3788 510 3853 λεὺς,
556 3790 743 3843 καίτοι
798 3793 893 3845 καὶ
933 3795 1203 3865 πρότερον
1234 3796 1412 3850 πάντα
1467 3798 1561 3851 καὶ
1608 3797 1792 3866 λέγειν
1826 3796 1919 3852 καὶ

357 3883 629 3949 πράττειν
657 3882 798 3951 ὑπὲρ
827 3890 922 3938 τοῦ
949 3888 1023 3956 μὴ
1065 3888 1156 3939 τὸν
1185 3887 1411 3959 βασιλέα
1441 3891 1534 3942 καὶ
1564 3889 1791 3944 πάππον
1824 3906 1921 3943 κα-

358 3970 474 4032 κῶς
503 3971 703 4025 παθεῖν
730 3974 942 4028 οἴκοθεν
971 3976 1321 4047 ὡρμημένος,
1344 3978 1481 4048 πρὸς
1508 3978 1609 4048 μὲν
1645 3978 1744 4050 τὴν
1789 3996 1922 4050 πρε-

355 4060 547 4114 σϐείαν
605 4064 941 4133 ποιουμένην
1026 4066 1216 4136 μηδενὶ
1270 4066 1619 4138 ⁴καταδήλους
1688 4065 1906 4120 ἐκέλευε

358 4152 537 4206 ποιεῖν
584 4155 712 4217 τοὺς
764 4155 914 4226 παρὰ
955 4154 1217 4225 βασιλέως
1268 4158 1480 4227 λόγους,
1528 4160 1610 4212 ὅτι
1653 4156 1729 4227 μὴ
1776 4156 1922 4226 μόνῳ

357 4240 438 4310 τῷ
473 4242 697 4311 μεγάλῳ
745 4243 1068 4315 δομεστίκῳ,
1102 4245 1262 4308 αὐτὸς
1294 4246 1340 4299 δ’
1368 4245 1446 4310 ὡς
1475 4245 1544 4300 ἂν
1570 4247 1754 4316 οἴηται
1786 4265 1923 4320 συμ-

358 4335 548 4404 φέρειν
574 4339 921 4408 οἰκονομήσει
967 4339 1092 4402 τοὺς
1122 4338 1344 4407 λόγους.
1388 4339 1717 4410 Ἐκκλησίαν
1743 4340 1800 4394 δὲ
1831 4358 1924 4395 κε-

358 4425 557 4489 λεύσας
594 4427 873 4496 γενέσθαι,
904 4428 1127 4483 καὶτῶν
1165 4430 1223 4483 ιν
1248 4430 1392 4484 τέλει
1418 4431 1660 4499 πάντων,
1697 4432 1921 4487 καὶτῶν

2020 3424 2237 3505 quiduis
2279 3431 2564 3503 cupiisset,
2598 3445 2668 3486 ne
2709 3428 2844 3501 quid
2882 3428 3003 3485 seni
3042 3434 3356 3495 noceretur,
3400 3427 3581 3498 legato

2020 3519 2304 3589 praecepit,
2347 3531 2419 3572 ne
2450 3531 2578 3573 cum
2613 3531 2891 3587 quoquam
2923 3517 3143 3590 (magno
3168 3516 3437 3571 duntaxat
3476 3516 3580 3571 do-

2022 3610 2251 3669 mestico
2288 3607 2539 3680 excepto)
2576 3610 2910 3680 legationem
2956 3609 3407 3670 communicaret,
3436 3622 3495 3664 sc
3525 3609 3581 3663 in

2019 3712 2085 3753 ea
2131 3697 2374 3754 curanda
2403 3698 2658 3753 utilitatis
2691 3698 2960 3754 rationem
3001 3698 3340 3754 habiturum.
3387 3697 3582 3752 Edicto

2022 3790 2190 3857 igitur
2216 3798 2512 3856 conventu,
2547 3790 2772 3860 jamque
2804 3790 2861 3845 in
2899 3799 3100 3846 costum
3131 3791 3336 3846 coactis
3375 3799 3431 3845 et
3464 3792 3581 3860 pri-

2021 3881 2265 3937 moribus
2309 3890 2365 3937 et
2390 3880 2522 3937 ﬂore
2553 3883 2850 3947 exercitus,
2877 3883 2932 3937 in
2959 3883 3201 3939 medium
3233 3897 3576 3953 progressus,

2024 3974 2223 4029 talibus
2271 3988 2367 4027 eos
2407 3973 2572 4029 dictis
2609 3973 2766 4028 οσοτί
2821 3989 3050 4029 exorsus
3099 3985 3186 4029 est
3230 3991 3246 4028 :
3289 3973 3576 4039 Neminem

2020 4075 2263 4122 vestrum
2288 4070 2501 4121 nescire
2525 4068 2742 4134 opinor,
2769 4080 2878 4134 quo
2898 4073 3057 4134 pacto
3077 4065 3221 4120 inter
3241 4080 3330 4119 me
3386 4079 3580 4120 avum-

2021 4172 2128 4228 que
2167 4171 2349 4211 meum
2378 4165 2508 4210 nato
2537 4155 2791 4220 dissidio,
2825 4155 2995 4210 multa
3028 4156 3226 4225 partim
3256 4155 3393 4210 foris
3420 4170 3574 4210 com-

2023 4247 2393 4307 mitterentur,
2423 4245 2619 4316 partim
2645 4245 2826 4300 adhuc
2848 4244 3033 4300 animo
3053 4245 3262 4301 inclusa
3302 4248 3578 4316 agitaren-

2024 4348 2134 4403 tur,
2167 4352 2288 4407 quae
2310 4353 2399 4393 me
2424 4338 2482 4392 in
2513 4347 2814 4397 extremam
2841 4337 3119 4393 miseriam
3143 4339 3576 4409 praecipitarent.

2024 4429 2294 4499 Quocirca
2329 4444 2438 4486 non
2472 4430 2648 4500 magis
2686 4429 2755 4484 ab
2785 4444 2908 4497 avo,
2938 4444 3103 4500 quam
3143 4446 3174 4486 a
3218 4431 3588 4503 praesentibus

1614 4577 1830 4639 Jacobi
1859 4574 2134 4655 Pontani.
2153 4582 2334 4638 notis.

433 4693 545 4770 (57)
578 4692 877 4770 ﬁobiiitag,"
902 4705 1192 4770 senectus,
1237 4695 1364 4770 yitae
1416 4683 1724 4770 sanctitas,
1763 4711 1912 4770 _pru-
1943 4699 1986 4755 ι)
2014 4694 2302 4758 monacha,
2359 4693 2662 4770 si_au_lica?
2696 4710 2777 4770 an.
2813 4696 3063 4752 abutitur
3109 4713 3242 4770 voce
3264 4769 3271 4770 γ
3294 4701 3574 4767 monacho,

359 4763 542 4819 tientia
576 4765 632 4816 iu
681 4766 783 4819 hac
813 4765 1015 4819 femina
1047 4763 1460 4833 spectabantur,
1511 4780 1635 4820 cum
1672 4766 1726 4820 ei
1763 4763 1912 4833 lega-

364 4834 773 4905 tionis‘munus
820 4834 1211 4905 imponeretur.
1260 4835 1385 4905 Fuit
1435 4850 1565 4905 ergo
1612 4835 1914 4905 Andronici

362 4903 585 4972 majoris
633 4905 897 4973 amitina;
934 4904 1160 4973 amitini
1194 4904 1393 4973 quippe
1432 4903 1559 4958 sunt
1602 4904 1825 4958 fratrum
1860 4914 1917 4959 et

361 4987 614 5027 sororum
647 4973 763 5027 lilii.
792 4972 949 5038 Quod
975 4982 1156 5027 autem
1189 4972 1325 5027 infra
1354 4973 1583 5027 minoris
1615 4973 1916 5029 Andronici

358 5040 533 5103 θείαν,
565 5041 616 5094 id
647 5052 750 5105 est,
774 5045 1016 5105 amitam.
1047 5057 1141 5097 seu
1163 5051 1499 5097 materteram
1521 5044 1784 5109 nominat,
1815 5042 1918 5097 hoc

358 5111 552 5182 utique
576 5124 773 5182 yerum
804 5127 911 5182 non
941 5121 1064 5176 est,
1094 5127 1217 5165 cum
1251 5126 1352 5166 nec
1396 5115 1479 5165 avi
1526 5113 1773 5182 quidemg
1798 5111 1921 5165 θεία

359 5181 546 5232 fuerit.
567 5180 673 5233 Sed
689 5181 1007 5245 tenendum,
1038 5182 1183 5236 hunc
1204 5191 1483 5236 auctorem
1509 5180 1735 5236 vocibus
1755 5180 1917 5247 θεῖος,

361 5247 503 5324 θεία,
530 5249 773 5324 ἁνεψιρς,
804 5248 1021 5324 ἀνεψιᾲ,
1055 5254 1133 5306 uti
1169 5251 1363 5324 laxius,
1398 5252 1687 5324 seujabuti
1719 5251 1919 5324 potius,

361 5317 867 5440 ginémglnationem
916 5317 1076 5374 etiam
1128 5322 1312 5376 minus
1363 5317 1735 5390 propinquam
1780 5319 1924 5374 indi—

363 5400 616 5440 caucam.

437 5456 548 5526 (58)
599 5455 792 5511 Utrum
840 5457 987 5527 quod
1042 5466 1324 5528 parentem
1377 5459 1631 5515 habuerit
1664 5472 1920 5527 magnum

361 5527 755 5598 domesticum,
808 5541 884 5598 an
934 5527 1078 5598 quod
1132 5531 1223 5584 tali
1277 5530 1465 5584 functa
1510 5537 1655 5583 esset
1689 5542 1915 5582 munere

360 5595 505 5662 apud
534 5595 996 5668 imperatricem,“
1027 5599 1174 5667 quali
1206 5600 1349 5667 apud
1387 5601 1779 5668 imperatorem
1797 5612 1914 5651 ma-

361 5677 504 5731 gnus
538 5665 918 5738 domesticus?
956 5665 1100 5738 Uxor
1142 5665 1360 5738 quidem
1409 5665 1518 5722 non
1550 5668 1655 5721 fuit
1686 5665 1914 5738 alicujus

302 5772 307 5776 .
366 5736 546 5802 magni
577 5733 904 5801 domestici,
953 5733 1339 5791 fuisset'enim
1391 5738 1725 5791 connubium
1759 5736 1916 5790 valde

368 5804 561 5871 impar.
595 5805 865 5861 Praeterea
915 5808 1178 5861 monacha
1209 5807 1430 5863 dicitur.
1468 5807 1572 5862 Sed
1609 5813 1913 5874 quopacto

2019 4772 2244 4845 propter
2298 4764 2900 4845 pudicitiamJVitasque
2949 4769 3422 4845 sanctimoniam,
3458 4764 3581 4845 qua

2021 4828 2195 4906 i_nst'ar
2246 4828 2826 4906 monacharetiamin
2883 4837 3086 4906 palatio
3141 4828 3591 4894 clarebatiE'ine

2020 4902 2403 4977 Bascnwester.
2457 4901 2598 4977 Quid
2628 4906 2672 4957 si
2709 4904 2842 4977 illud
2883 4901 3079 4977 magno
3101 4908 3386 4963 domestici;
3410 4909 3584 4963 hono-

2024 4974 2203 5043 rarius
2235 4979 2443 5043 tantum
2476 4972 2666 5043 titulus
2717 4973 2839 5043 l'uit,
2888 4972 3008 5030 sine
3041 4975 3342 5043 functione,
3395 4987 3455 5033 ut
3487 4979 3581 5033 alii

2023 5042 2180 5095 multi
2211 5055 2309 5110 per
2337 5041 2389 5116 id
2419 5042 2676 5116 tempus?
2706 5041 2910 5116 dequo
2932 5044 2987 5116 in
3007 5041 3585 5116 explicatiou’eidigni-

2025 5108 2225 5165 tatum_
2250 5125 2314 5165 ac
2337 5108 2681 5166 functionum
2709 5108 2896 5182 palatii
2927 5108 3184 5182 diximus,
3218 5125 3338 5185 post
3364 5108 3580 5171 Prail‘at.

2025 5180 2089 5234 ad
2114 5180 2394 5235 lectorem.
3358 5220 3361 5221 ν

2022 5191 2089 5234 ια
2114 5191 2394 5235 lectorem.
3358 5220 3361 5221 ,

2096 5249 2208 5320 (59)
2240 5248 2296 5304 Si
2324 5248 2684 5322 veriloquium
2702 5259 2917 5320 spectes
2939 5251 3115 5314 verbi,
3140 5253 3580 5322 φροντιστήριον,

2024 5317 2288 5374 locusest
2331 5317 2899 5387 cogitationum',,seu
2942 5317 3484 5383 commentationum,
3524 5323 3582 5377 id
3635 5330 3644 5338 ‘

2026 5397 2166 5460 est,__
2185 5386 2282 5441 ubi
2344 5389 2706 5460 cogitationes
2734 5392 3336 5460 commentationesque
3366 5399 3584 5446 nostras

2024 5455 2382 5530 explicamus,
2411 5463 2573 5530 atque
2598 5457 2682 5530 _ad_
2727 5458 3014 5530 audientes
3031 5455 3383 5530 proferimus,
3406 5460 3586 5530 qualis

2027 5523 2134 5587 est,
2169 5523 2264 5595 qui
2278 5523 2364 5595 ’ab
2388 5523 2501 5595 otio
2533 5526 2721 5580 schola
2749 5527 2970 5580 dicitur.
3021 5523 3200 5583 Julius
3235 5523 3455 5595 Pollux",
3488 5532 3583 5582 καὶ

2020 5595 2089 5648 τά
2120 5592 2484 5665 διδαακαλεῖα,
2517 5597 2576 5646 οὐ
2605 5595 2978 5662 παιδαγωγεῖα
3017 5601 3176 5665 μόνον
3199 5599 3291 5652 καὶ
3319 5592 3581 5665 φωλεοὺς,

2020 5664 2156 5716 ἀλλά
2183 5663 2277 5714 καὶ
2308 5665 2718 5733 φροντιστήρια.
2770 5665 2922 5719 Valet
2955 5663 3117 5719 etiam
3160 5663 3581 5730 monasterium,

2022 5733 2140 5788 sive
2162 5733 2497 5808 coenobium.
2527 5733 2741 5808 Suidas,
2772 5739 3207 5808 φροντιστήριον,
3236 5737 3510 5808 διατριόὴ,
3545 5738 3578 5808 ἢ

2025 5801 2405 5872 μοναστήριον,
2428 5804 2563 5873 ὅπερ
2599 5806 2648 5857 oi
2694 5801 2928 5859 Ἀττικοὶ
2964 5801 3207 5877 σεμνεῖον
3230 5801 3483 5863 καλαῦσιξ
