4136 6288
511 341 612 410 179

1703 354 2031 414 JOANNIS
2068 351 2561 415 CANTACUZEN
2577 355 2598 413 Ι

3631 353 3737 416 180

510 473 597 514 me
630 458 888 528 periculis
915 459 1162 530 Sejunxi;
1213 469 1268 515 et
1310 476 1405 516 vos
1437 462 1801 528 confluxistis,
1840 472 1897 516 ut
1926 462 2068 531 inju—

2178 463 2416 531 λογάδων
2443 466 2540 534 τῆς
2572 465 2830 534 στρατιᾶς
2869 464 2947 526 είς
2981 463 3038 516 ἓν
3071 461 3416 533 γενομένων,
3452 463 3737 534 παρελθων

503 551 708 606 riosius
735 560 964 606 tractato
989 551 1358 620 opitulemiiii.
1393 555 1552 608 Modo
1583 565 1788 619 autem,
1819 555 2068 624 quando-

503 640 725 710 quidem
765 641 899 694 mihi
923 642 1028 710 jam
1059 641 1112 695 in
1151 659 1313 697 manu
1340 655 1442 708 est,
1468 646 1614 712 quod
1642 646 1710 700 ab
1746 647 1903 700 initio
1937 663 2067 702 con-

506 732 680 796 stitui,
715 741 771 786 et
795 732 975 795 vobis,
1001 733 1150 802 quali
1175 749 1314 802 opus
1345 743 1486 794 erat.
1521 737 1782 790 auxilium
1815 737 2065 802 accessit,

505 823 548 876 si
578 821 709 890 quid
742 822 880 876 ultra
908 821 1316 890 desideramus,
1352 823 1404 876 id
1433 824 1560 886 erit,
1593 833 1658 878 ut
1677 841 1778 896 ego
1803 841 2064 896 reponam

506 910 758 979 injurias,
791 925 888 965 vos
912 921 1266 980 reponentem
1290 913 1580 983 adjuvetis.
1607 915 1880 970 Constitui
1906 932 2080 986 porro.

505 1001 632 1056 inde
663 1014 691 1054 a
721 1001 994 1072 principio
1021 1019 1184 1057 avum
1219 1020 1320 1059 nec
1343 1006 1454 1060 vita
1497 1023 1722 1074 exuere,
1753 1009 1968 1064 etiamsi
1996 1009 2067 1064 li-

500 1101 669 1156 ceret,
725 1107 826 1146 nec
873 1092 1106 1162 imperio
1148 1095 1382 1150 multare
1417 1113 1432 1148 :
1467 1112 1658 1172 v‘erum
1699 1105 1904 1152 memet
1933 1115 2069 1154 con-

500 1197 743 1248 servare,
797 1183 1009 1253 ipsique
1045 1185 1114 1238 de
1164 1187 1471 1256 principatu
1519 1187 1730 1242 nullum
1782 1190 2066 1258 negotium

501 1273 794 1329 facessere.
848 1276 1187 1342 Periculum,
1222 1278 1331 1332 Deo
1381 1279 1522 1333 bene
1557 1280 1824 1350 propitio,
1875 1283 2066 1338 evasi:

499 1365 852 1419 securitatem
881 1376 1065 1421 autem
1119 1377 1175 1420 et
1206 1383 1396 1436 pacem
1424 1371 1479 1423 in
1504 1370 1775 1430 futurum,
1797 1371 1866 1426 ab
1894 1372 2069 1441 impe-

502 1464 682 1509 ratore
709 1456 972 1523 oblatam,
999 1458 1142 1514 male
1163 1460 1489 1527 repulimns.
1519 1460 1743 1514 Tenetis
1775 1464 1922 1519 enim
1958 1479 2072 1517 me—

501 1545 698 1610 moria,
727 1549 1005 1616 quomodo
1027 1549 1387 1618 AdrianOpoli
1413 1551 1616 1617 legatos
1644 1553 1713 1607 ab
1739 1568 1806 1607 eo
1834 1553 1900 1608 de
1921 1569 2078 1610 com--

498 1638 774 1707 positione
813 1641 1034 1707 missos,
1083 1642 1355 1696 seditione
1408 1643 1704 1706 concitata,
1757 1644 1922 1699 rebus
1967 1645 2071 1698 im-

501 1727 784 1804 perfectis,
814 1746 1005 1785 necem
1038 1732 1145 1786 illis
1172 1733 1510 1786 intentantes
1544 1733 1888 1789 remiscritis.
1913 1734 2069 1801 Quod

503 1836 636 1876 cum
671 1822 819 1878 illico
859 1823 1073 1878 facinus
1116 1827 1462 1879 teterrimum
1495 1805 1853 1897 judicasgcm,
1901 1827 2069 1880 altera

503 1913 626 1966 luce
670 1913 722 1968 in
751 1915 1019 1970 concione
1045 1916 1214 1969 multa
1234 1918 1402 1970 verba
1425 1916 1553 1983 feci,
1581 1917 2071 1986 confusionemque

501 2012 559 2057 et
611 2004 932 2060 effrenatam
1006 2007 1284 2062 licentiam
1342 2019 1623 2074 vestram,
1689 2020 1751 2063 ut
1802 2009 2071 2062 malorum

508 2095 740 2150 istorum
774 2111 969 2152 causas
995 2099 1255 2169 castigavi
1287 2117 1301 2152 :
1327 2107 1382 2153 et
1409 2115 1475 2152 ne
1498 2099 1628 2168 quid
1665 2099 1900 2168 amplius
1928 2100 2075 2169 ejus-

505 2187 720 2240 cemodi
751 2188 1050 2254 auderctis,
1082 2205 1275 2244 severe
1309 2191 1593 2260 imperavi.
1633 2191 1790 2244 Nunc
1823 2204 1950 2244 cum
1982 2204 2077 2243 su-

436 2348 442 2354 _
503 2293 602 2346 per
645 2279 848 2334 eodem
885 2290 1174 2350 cognatam
1212 2282 1326 2351 (60)
1359 2297 1533 2336 meam
1567 2281 1852 2353 legaverit,
1887 2281 2073 2338 delicti

503 2367 734 2439 gratiam
782 2371 998 2438 fecerit,
1055 2373 1415 2444 redintegrari
1466 2374 1817 2429 concordiam
1863 2373 2075 2443 petive-

506 2462 849 2541 rit,._neque
907 2463 1234 2532 justorum,
1288 2477 1470 2533 neque
1538 2463 1896 2533 prudentium
1943 2472 2071 2526 est,

505 2535 693 2620 pacein
763 2555 1071 2622 aspernari.
1148 2555 1277 2608 Tria
1339 2555 1486 2609 enim
1545 2570 1671 2608 cum
1740 2555 1896 2617 sint,
1955 2569 2077 2624 quae

504 2645 667 2698 bellis
723 2645 982 2700 omnibus
1043 2645 1206 2700 finem
1267 2647 1558 2716 imponunt
1609 2647 1753 2716 (6|)
1802 2661 1955 2701 :sua
2019 2646 2074 2699 in

506 2744 627 2788 tuto
685 2736 986 2798 statuisse,
1045 2737 1292 2790 hostium
1365 2751 1500 2806 epes
1562 2737 1670 2792 sibi
1731 2738 2073 2808 subjecisse,

506 2825 608 2893 71
638 2825 820 2880 hostes
854 2826 1000 2894 ipsos
1036 2827 1363 2897 perdidisse,
1407 2828 1518 2882 duo
1549 2829 1746 2883 horum
1796 2845 1907 2883 non
1957 2831 2078 2886 sine

505 2916 676 2983 gloria
729 2915 890 2970 nobis
935 2919 1337 2986 contigerunt:
1387 2921 1608 2974 tertium
1662 2921 1805 2975 absit
1852 2931 1913 2975 ut
1975 2938 2078 2976 un-

505 3019 670 3070 quam
699 3004 860 3060 nobis
897 3005 1152 3076 adipisci,
1199 3009 1480 3062 autetiam
1519 3018 1711 3078 optare
1754 3011 2075 3082 contingat!

2172 556 2252 616 είς
2294 556 2536 623 μέσους,
2589 553 2738 618 ἔλεξε
2794 555 3012 607 τοιάδεο
3074 552 3282 607 Οὐδένα
3340 553 3496 622 ὑμῶν
3552 555 3740 623 οῖομαι

2171 644 2388 710 ἀγνοεῖν
2443 643 2516 708 ὡς
2569 643 2838 713 διαφορᾶς
2891 642 3016 712 δμοὶ
3051 640 3191 712 πρὸς
3243 641 3334 694 τὸν
3367 641 3594 711 βασιλέα
3640 643 3739 695 καὶ⁵

2170 733 2400 786 πάππον
2431 731 2830 804 γεγενημένης,
2864 733 3037 786 πολλά
3061 734 3128 786 τὰ
3153 733 3254 802 μὲν
3281 733 3560 802 ἐπράχθη,
3590 733 3660 786 τὰ
3683 734 3740 786 δὲ

2171 825 2276 876 καὶ
2303 826 2360 876 ὲν
2404 823 2608 894 μελέτῃ
2641 824 2724 876 ἔτι
2763 820 2931 894 ἦσαν,
2975 825 3080 893 ἐμὲ
3120 824 3272 892 πρὸςΔ
3295 824 3530 892 ἔσχατον
3559 823 3743 876 κινδύ-

2171 931 2264 968 νου
2315 914 2682 969 καθιστῶντα.
2741 916 2821 968 Δι’
2854 914 3000 986 άπερ
3051 915 3218 977 αὐτός
3281 931 3342 966 τε
3395 915 3639 982 ἀπέστην
3679 915 3743 967 οὐ

2175 1006 2386 1076 μᾶλλον
2423 1006 2516 1059 τοῦ
2577 1005 2843 1074 βασιλέως
2901 1005 2932 1074 ἢ
2994 1004 3089 1057 τοῦ
3136 1005 3383 1058 κινδύνου
3413 1019 3426 1032 °
3461 1003 3556 1056 καὶ
3583 1003 3744 1070 ὑμεῖς

2171 1093 2412 1166 πάρεστε
2458 1097 2824 1167 βοηθήσοντες
2857 1096 3227 1166 ἀδικουμένῳ.
3259 1096 3398 1147 Νυνὶ
3433 1094 3489 1147 δὲ
3518 1093 3641 1163 ὲμοί
3684 1111 3742 1144 τε

2171 1188 2469 1257 παρόντες,
2509 1187 2538 1240 δ
2595 1186 2920 1258 προύθέμην
2969 1187 3028 1252 ἐξ
3090 1185 3286 1256 ἀρχῆς,
3325 1185 3425 1239 καὶ
3462 1187 3592 1254 ὑμῖν
3642 1184 3746 1252 τῆς

2173 1281 2429 1351 βοηθείας
2461 1279 2656 1342 ὁποίας
2688 1280 2856 1349 ὲχρῆν
2905 1279 3308 1348 γεγενημένης,
3341 1279 3406 1331 ἄν
3450 1294 3504 1329 τι
3552 1292 3750 1345 περαι-

2169 1372 2318 1441 τέρω
2358 1371 2566 1424 τούτων
2619 1369 2899 1441 ζητῶμεν,
2953 1368 3081 1437 ἐμοὶ
3129 1367 3232 1438 μὲν
3279 1369 3340 1420 τὸ
3398 1367 3628 1428 ἀδικεῖν,
3678 1365 3741 1417 τδ

2173 1464 2456 1518 ἀδικοῦντι·
2507 1462 2566 1516 δὲ
2624 1463 3007 1532 συμπράττειν
3081 1461 3212 1528 ὑμῖν
3271 1458 3338 1512 ἂν
3398 1458 3744 1527 περισταίηο

2173 1555 2493 1626 προύθέμην
2526 1555 2584 1608 δι
2622 1553 2682 1617 ὲξ
2733 1554 2933 1623 ἀρχῆς,
2978 1551 3093 1605 οὔτ’
3142 1554 3199 1603 έν
3252 1550 3517 1619 πολεμίου
3579 1548 3749 1618 μοίρᾳ

2171 1647 2264 1700 τὸν
2302 1647 2514 1714 πατέρα
2563 1646 2995 1714 κατασφάττειν,
3047 1643 3116 1698 ἄν
3155 1660 3261 1712 περ
3309 1643 3443 1712 ἐξῇ,
3474 1641 3598 1694 οὕτε
3646 1641 3746 1709 τὴν

2174 1734 2351 1802 ἀρχὴν
2401 1732 2780 1800 ἀφαιρεῖσθαι,
2832 1731 2951 1785 ἀλλ’
2997 1731 3232 1800 ἐμαυτὸν
3276 1730 3614 1794 διασώζονται
3647 1729 3745 1782 τοῦ

2173 1823 2448 1883 κινδύνου,
2483 1822 2652 1891 μηδὲν
2683 1822 2880 1890 ἐκείνῳ
2931 1821 3030 1891 τῆς
3079 1820 3253 1890 ἀρχῆς
3303 1819 3467 1872 ἕνεκα
3506 1833 3745 1885 παρενο-

2173 1913 2348 1983 χλεῖν.
2408 1913 2481 1964 Τὸ
2531 1912 2632 1980 μὲν
2676 1908 2771 1963 οὖν
2824 1911 2916 1963 τὸν
2971 1911 3217 1963 κίνδυνον
3259 1910 3568 1977 διαφυγεῖν,
3613 1907 3749 1968 θεὸς

2175 2004 2340 2066 αὐτὸς
2379 2003 2760 2073 συναράμενος
2815 2003 3082 2072 παρέσχε·
3135 2001 3234 2068 τὴν
3270 2000 3315 2052 δ’
3364 2001 3445 2063 είς
3503 1999 3564 2051 τὸ
3613 1998 3745 2065 ἑξῆς

2173 2095 2482 2162 ἀσφάλειαν
2561 2094 2658 2146 καὶ
2722 2094 2947 2163 εἰρήνην
3005 2091 3271 2162 βασιλέως
3327 2091 3746 2160 παρεχομένου,

2172 2182 2552 2252 ἀπεωσάμεθα
2593 2183 2747 2235 αὐτοὶ
2781 2182 2994 2245 κακῶς.
3031 2182 3334 2251 Ἀίέμνησθε
3375 2181 3486 2248 γὰρ
3531 2180 3595 2250 δή
3645 2196 3750 2236 που

2179 2275 2272 2338 ὡς’
2320 2277 2377 2326 ἐν
2425 2271 2712 2342 Ἀδριανοῦ
2753 2273 2879 2336 τοὺς
2938 2271 3194 2335 ἐλθόντας
3244 2272 3310 2324 ἐκ
3346 2271 3614 2340 βασιλέως
3653 2267 3755 2322 ἐπὶ

2172 2368 2238 2438 τῇ
2304 2367 2500 2436 εἰρήνη
2563 2365 2858 2434 πρέσϐεις,
2920 2343 3318 2425 στασιάσαντες
3381 2361 3750 2432 ἀπεπέμψατε

2174 2458 2492 2526 ἀπράκτους
2532 2457 2631 2508 καὶ
2682 2456 2774 2507 τὸν
2817 2455 2945 2525 περὶ
2976 2455 3071 2507 τοῦ
3119 2454 3218 2524 ζῇν
3250 2453 3495 2507 κίνδυνον
3525 2455 3752 2521 ἐπικρε-

2178 2549 2452 2620 μάσαντες
2503 2548 2707 2610 αὐτοῖς,
2741 2546 2770 2599 δ
2802 2549 2925 2618 ἐμοὶ
2958 2546 3121 2609 εὐθύς
3165 2563 3226 2600 τε
3259 2547 3434 2599 ἐδόκει
3483 2547 3596 2598 τῶν
3629 2546 3744 2598 δει-

2173 2643 2430 2705 νοτάτων,
2460 2641 2555 2694 καὶ⁵
2605 2629 2810 2709 ὲῇτὴν
2848 2639 3140 2708 ὑστεραίαν
3183 2640 3244 2691 ὲν
3277 2639 3560 2709 ἐκκλησίᾳ
3594 2654 3752 2706 γενο-

2177 2735 2327 2804 μένῳ
2365 2733 2522 2802 λόγος
2549 2733 2766 2800 ἐγένετο
2796 2732 2982 2798 πολὺς,
3001 2732 3099 2802 τήν
3114 2748 3170 2784 τε
3202 2730 3432 2794 ἀταξίαν
3458 2733 3552 2784 καὶ
3583 2733 3755 2800 ἀναρ-

2176 2825 2298 2894 χίαν
2325 2823 2399 2886 ὡς
2427 2823 2617 2876 κακῶν
2651 2823 2831 2875 αἰτίαν
2856 2823 3194 2893 αἰτιωμένῳ,
3239 2823 3338 2875 καὶ
3375 2823 3505 2892 περὶ
3530 2822 3622 2874 τοῦ
3653 2838 3754 2890 μη-

2177 2917 2298 2968 κέτι
2338 2915 2544 2985 τολμᾷν
2572 2913 2803 2968 τοιαῦτα
2858 2913 3297 2982 παραγγέλλοντι
3341 2912 3534 2965 πολλά.
3580 2908 3752 2973 Αὖθις

2177 3009 2234 3061 δὲ
2279 3007 2374 3058 ἐπὶ
2403 3009 2515 3069 τοῖς
2543 3006 2729 3068 αὐτοῖς
2771 3006 2873 3074 τὴν
2919 3005 3062 3076 ἐμὴν
3095 3005 3192 3057 νῦν
3224 3005 3544 3074 πέμψαντος
3575 3003 3752 3064 θείαν,

511 3093 692 3150 Otium
735 3105 792 3151 et
823 3097 1173 3153 securitatem
1200 3099 1350 3155 Deus
1373 3101 1668 3165 concessit,
1696 3109 1749 3156 et
1787 3102 2075 3172 imperator

2187 3095 2518 3166 συγγνώμην
2552 3111 2610 3147 τε
2655 3097 2740 3164 ἐφ’
2769 3089 2850 3157 οἷς
2889 3095 3215 3164 ἡμάρτομεν
3247 3093 3624 3163 παρεχομένου
3656 3095 3757 3145 καὶ

504 3188 865 3258 jurejurando
913 3204 1033 3244 eam
1075 3190 1463 3256 confirmabit;
1496 3207 1619 3261 qua:
1671 3193 1716 3246 si
1762 3193 1915 3261 prius
1948 3193 2078 3248 data

515 3276 731 3343 fuisset,
766 3280 935 3334 armis
973 3277 1200 3350 prorsus
1231 3282 1719 3339 abstinuissemus.
1769 3284 2081 3339 Romanum

425 3396 428 3398 η
508 3370 876 3445 principatum
907 3371 1070 3426 simul
1103 3387 1168 3427 ac
1198 3374 1250 3427 in
1276 3374 1457 3429 lucem
1483 3387 1777 3445 susceptus
1805 3391 1950 3440 sum,
1978 3378 2079 3430 im-

511 3472 733 3531 perator
769 3478 968 3531 parens
1001 3479 1156 3518 meus
1187 3465 1344 3530 mihi,
1377 3465 1712 3534 imperatore
1758 3482 1844 3520 me
1871 3476 2080 3531 creato,

510 3555 848 3614 destinavit:
885 3569 1048 3621 quem
1081 3569 1226 3608 nunc
1261 3564 1379 3610 tuto
1416 3557 1622 3611 habere
1664 3558 1815 3619 licet,
1846 3557 2081 3612 incredi-

518 3646 660 3700 taria
695 3645 1049 3702 successione
1076 3645 1142 3698 ad
1170 3645 1342 3699 alium
1365 3648 1590 3701 omnino
1615 3648 1916 3710 neminem,
1944 3663 2078 3717 prae-

523 3747 608 3791 ter
650 3751 738 3791 me
785 3744 1204 3806 perventurum.
1249 3737 1307 3791 In
1362 3736 1625 3792 hosti-bus
1668 3747 1852 3792 autem
1905 3754 2085 3809 neque

512 3830 644 3885 duxi
699 3827 996 3899 aliquando
1037 3843 1198 3882 avum
1241 3845 1447 3891 meum,
1487 3845 1667 3900 neque
1703 3831 2087 3888 adeo‘insani-

512 3922 709 3987 verim,
743 3931 804 3976 ut
832 3923 1112 3992 quidpiam
1151 3923 1205 3977 in
1237 3921 1493 3977 eumdem
1526 3932 1729 3977 tetrum
1775 3939 1839 3978 ac
1893 3929 2086 3980 nefan-

513 4012 644 4066 dum
669 4011 756 4067 vel
804 4012 1061 4083 cogitem,
1094 4013 1180 4069 vel
1232 4013 1556 4067 deliberem.
1606 4014 1711 4069 Sed
1757 4030 1942 4084 neque
1988 4033 2085 4073 vos

512 4106 722 4159 amicos
767 4119 920 4160 meos
968 4121 1126 4174 aequo
1172 4106 1358 4158 animo
1406 4105 1614 4160 laturos
1659 4107 1880 4176 opinor,
1935 4117 2085 4164 tanta

511 4211 638 4250 eum
676 4196 985 4251 calamitate
1019 4197 1440 4262 circumveniri,
1485 4205 1544 4250 ut
1571 4212 1673 4266 ego
1724 4197 1794 4252 ab
1829 4199 2086 4255 omnibus

513 4301 652 4354 quos
705 4285 785 4340 sol
843 4285 991 4340 videt
1046 4287 1394 4349 mortalibus,
1445 4301 1547 4355 pro
1607 4287 1979 4342 conscelerato
2031 4299 2087 4344 et

515 4375 789 4441 parricida
818 4375 1175 4431 condemner.
1203 4375 1433 4442 Quando
1459 4377 1626 4446 igitur
1654 4391 1776 4445 quae
1817 4377 1964 4432 bello
1996 4393 2088 4432 so-

2185 3187 2480 3257 διαλλαγὰς
2526 3185 2843 3250 αἰτοῦντος,
2907 3185 3021 3239 οὔθ’
3073 3186 3220 3239 ὅσιον
3275 3185 3389 3238 οὔτ’
3447 3182 3756 3247 ἀνθρώπων

2185 3283 2422 3353 ἑχόντων
2461 3281 2590 3334 νοῦν
2635 3280 2735 3347 τὴν
2782 3279 3006 3349 εἰρήνην
3040 3278 3403 3331 ἀπωθεῖσθαι.
3433 3275 3613 3347 Τριῶν
3645 3277 3756 3348 γὰρ

2183 3373 2349 3427 ὄντων
2391 3372 2566 3426 ἅπασι
2598 3370 2655 3444 [ἀ
2689 3367 2848 3440 πᾶσι]
2898 3368 3158 3438 πολέμοις
3205 3368 3378 3435 πέρας
3418 3369 3632 3433 ἐπάγει,
3660 3365 3756 3418 τοῦ

2181 3484 2242 3520 τε
2281 3465 2350 3518 τὰ
2394 3464 2575 3517 οἰκεῖα
2600 3463 2658 3514 ὲν
2703 3460 2974 3530 ἀσφαλείᾳ
2996 3459 3185 3512 θέσθαι
3216 3459 3360 3522 τινὰ,
3393 3459 3490 3510 καὶ
3533 3455 3626 3510 τοῦ
3658 3457 3758 3526 τὴν

2183 3559 2294 3612 τῶν
2330 3555 2710 3626 πολεμούντων
2742 3553 2915 3623 ἀρχὴν
2945 3553 3034 3621 ὑφ’
3067 3551 3257 3607 ἑαυτὸν
3289 3551 3638 3620 ποιήσασθαι,
3662 3551 3758 3602 καὶ

2186 3651 2374 3719 τρίτου
2394 3648 2490 3701 τοῦ
2515 3646 2714 3706 αὐτοὺς
2743 3645 2871 3708 τοὺς
2901 3645 3274 3713 πολεμοῦντας
3311 3644 3654 3704 ἀποκτεῖναι,
3687 3641 3759 3694 τά

2184 3741 2279 3796 δύο
2329 3741 2426 3810 μὲν
2457 3741 2588 3809 ἡμῖν
2639 3740 2874 3810 πάρεστι
2929 3739 3068 3809 μετά
3116 3739 3390 3799 εὐκλείας·
3422 3735 3518 3788 τοῦ
3567 3735 3757 3806 τρίτου

2183 3834 2248 3904 δὴ
2281 3834 2419 3903 μήτε
2465 3833 2646 3900 τυχεῖν
2683 3830 2916 3897 γένοιτο,
2954 3832 3084 3900 μήτ’
3114 3829 3452 3898 ἐπιθυμῆσαί
3487 3843 3642 3882 ποτε.
3681 3828 3757 3879 Τὸ

2190 3927 2290 3996 μὲν
2316 3926 2430 3995 γὰρ
2472 3927 2530 3979 ὲν
2581 3923 2855 3994 ἀσφαλείᾳ
2887 3919 3048 3986 εἷναι,
3079 3923 3108 3974 ὁ
3148 3921 3280 3983 Θεός
3318 3937 3378 3973 τε
3412 3921 3754 3988 παρέσχετο,

2186 4019 2282 4070 καὶ
2309 4016 2472 4078 αὐτὸς
2501 4018 2688 4085 ὅρκοις
2731 4012 3068 4068 πιστώσεται
3093 4012 3372 4080 βασιλεύς·
3405 4013 3543 4079 ὅπερ
3573 4013 3622 4063 εί
3656 4012 3753 4064 καὶ

2186 4107 2458 4178 πρότερον
2485 4107 2622 4174 ἡμῖν
2661 4105 2812 4176 ἐξῆν,
2861 4105 2970 4157 οὐδ’
2999 4104 3066 4158 ἂν
3103 4105 3202 4174 τὴν
3256 4103 3435 4174 ἀρχὴν
3467 4103 3612 4156 ὅπλα
3646 4104 3760 4154 ὲκιο

2186 4199 2408 4268 νοῦμεν.
2450 4199 2560 4270 Τὴν
2598 4199 2888 4268 Ῥωμαίων
2931 4196 2988 4249 δὲ
3027 4195 3325 4264 ἡγεμονίαν
3383 4196 3478 4247 καὶ
3511 4194 3640 4264 ἀμα⁸
3657 4193 3759 4262 μὲν

2185 4289 2264 4358 τῷ
2289 4288 2571 4359 προελθεῖν
2607 4289 2688 4351 είς
2731 4287 2846 4356 φῶς
2880 4289 2910 4340 ὁ
2958 4286 3148 4356 πατὴρ
3182 4285 3488 4357 παρέσχετο
3534 4285 3628 4336 καὶ
3663 4284 3761 4354 βα-

2191 4383 2394 4450 σιλεὺς,
2435 4383 2660 4452 βασιλέα
2699 4383 3108 4452 χειροτονήσας,
3145 4382 3238 4434 καὶ
3269 4379 3364 4433 νῦν
3415 4381 3474 4433 δὲ
3498 4379 3759 4447 ἀσφαλῶς

516 4467 721 4536 piendo
750 4467 982 4532 faciunt,
1012 4481 1184 4536 penes
1215 4482 1314 4522 nos
1343 4477 1471 4522 sunt
1505 4467 1616 4537 (cui
1646 4484 1756 4522 non
1792 4469 2075 4537 interesse,

2189 4475 2338 4529 ἐστιν
2367 4476 2533 4546 ἔχειν,
2573 4477 2710 4547 πρὸς
2735 4475 2928 4528 οὐδένα
2961 4474 3170 4544 ἕτερον,
3202 4473 3235 4544 ἢ
3267 4472 3366 4541 ἐμὲ
3407 4475 3472 4526 ὲκ
3504 4473 3757 4543 διαδοχῆς

515 4561 751 4616 maxima
789 4573 876 4617 est
918 4559 1196 4630 felicitas).
1233 4569 1395 4628 atque
1444 4559 1549 4614 hoc
1598 4559 1800 4628 ipsum,
1857 4562 2082 4634 bellum,

2195 4569 2417 4631 πάντως
2489 4567 2874 4637 ἐλευσομένην.
2930 4557 3202 4636 Πολέμιον
3257 4566 3314 4619 δὲ
3374 4564 3490 4618 οὔθ’
3534 4565 3758 4635 ἥγημαι

1776 4699 1992 4767 Jacobi
2025 4708 2294 4770 Pontani
2336 4717 2524 4773 notas.

589 4850 701 4925 (ὅθ)
729 4850 847 4906 Non
910 4851 1011 4906 fuit
1046 4855 1278 4925 proprie
1329 4855 1449 4908 θεία
1473 4895 1487 4916 .
1525 4855 1576 4909 id
1606 4864 1732 4917 est,
1773 4855 1943 4925 patris
1985 4869 2082 4914 aut

516 4921 710 4996 matris
739 4936 946 4996 soror,_
952 4932 1006 4976 et
1031 4921 1444 4996 Cantacuzenus
1475 4925 1626 4996 verbi
1661 4921 1826 4996 hujus
1854 4927 2074 4982 licentia

516 4990 741 5063 liberior
769 5002 872 5046 est.
905 4992 1158 5047 Forsitan
1182 5033 1198 5055 ,
1246 5010 1370 5047 cum
1399 4995 1618 5063 proprio
1646 4990 1939 5059 uti'vellet,
1975 5013 2075 5052 nec

520 5060 811 5135 inveniret,
848 5063 1351 5135 vicinnmaccepit,
1381 5060 1438 5117 et
1469 5060 1523 5118 id
1553 5065 1731 5135 eidem
1763 5066 1818 5118 in
1850 5066 2072 5135 ἀνεψιὸν

517 5130 836 5200 contingere
869 5133 1064 5200 potuit.
1105 5133 1215 5186 Nec
1242 5173 1257 5196 ,
1291 5142 1349 5187 ut
1378 5149 1568 5188 verum
1596 5134 1789 5194 fatear.
1817 5130 2072 5189 Latinium

519 5203 804 5272 proprium
839 5201 970 5272 mihi
1005 5205 1264 5267 occurrit,
1293 5218 1423 5272 quo.
1447 5205 1694 5272 inquam,
1721 5205 1884 5257 tiliam
1914 5221 2074 5259 soro-

517 5271 593 5342 ris
609 5272 813 5342 proavi
840 5271 947 5342 mei
981 5274 1248 5342 appellem
1273 5313 1288 5335 ,
1314 5271 1424 5327 nisi
1475 5271 1739 5342 majorem
1791 5275 2072 5329 amitinam

515 5339 653 5414 velis
695 5341 956 5414 appellari
983 5339 1168 5410 {quia
1204 5345 1315 5411 ipsa
1364 5359 1521 5397 soror
1563 5339 1755 5412 proavi
1787 5352 1869 5397 est
1901 5344 2074 5414 major

518 5410 703 5481 amita.
735 5409 862 5465 Ideo
891 5409 1173 5481 cognatam
1209 5409 1509 5473 nominavi,
1539 5409 1593 5466 in
1617 5429 1726 5481 quo
1745 5429 1932 5466 errare
1964 5409 2073 5466 non

520 5479 692 5551 potui,
773 5479 982 5551 Possis
1021 5481 1186 5535 etiam
1240 5479 1647 5536 consobrinam
1685 5483 2071 5551 interpretari;

489 5555 492 5560 “
518 5565 646 5602 nam
677 5549 840 5604 hodie
873 5550 1037 5604 latius
1067 5561 1213 5620 patet
1244 5553 1359 5606 haec
1382 5567 1511 5616 vos,
1539 5566 1640 5607 nec
1671 5549 1880 5605 tantum
1910 5553 2074 5606 modo

520 5621 574 5670 in
603 5634 854 5672 sororum
904 5630 999 5674 aut
1029 5621 1281 5684 fratrum,
1306 5637 1665 5684 sororumque
1692 5623 1816 5676 [iliis
1844 5621 2075 5676 domici-

521 5637 574 5670 Ill
603 5637 854 5672 sororum
904 5637 999 5674 aut
1029 5637 1281 5684 Iratrum,
1306 5637 1552 5675 sororum
1599 5637 1665 5674 ue

521 5687 866 5758 linm‘haibet.
906 5689 1049 5743 Infra
1079 5691 1438 5758 appellabitur
1464 5637 1678 5757 enim.

590 5756 704 5824 (tit)
743 5757 982 5810 Primum
1014 5756 1206 5813 horum
1233 5801 1248 5820 ,
1281 5775 1377 5813 sua
1435 5756 1694 5812 nimirum
1726 5758 1780 5813 in
1819 5767 1933 5813 tuto
1961 5768 2072 5816 sta-

2188 4868 2366 4925 tuere,
2401 4875 2545 4930 saepe
2581 4860 2699 4930 sine
2747 4860 2871 4915 aliis
2918 4859 3135 4914 duobus
3159 4895 3174 4918 .
3208 4865 3304 4909 aut
3329 4855 3504 4909 altero
3553 4854 3749 4930 saltem

2186 4945 2294 4985 non
2321 4925 2600 5000 contingit.
2656 4929 2772 4983 Non
2823 4939 3000 5000 potest
3030 4941 3172 5000 stepe
3205 4943 3322 5000 res,
3349 4933 3496 5000 _aut-
3523 4925 3747 5000 respnb.

2183 5014 2304 5054 esse
2338 5010 2474 5064 tuta,
2504 4993 2612 5054 nisi
2638 4993 2938 5054 hostes-vel
2965 4993 3222 5067 subjiciat
3249 4995 3386 5067 sibi,
3413 4994 3499 5047 vel
3532 4993 3751 5062 perdat.

2181 5069 2539 5137 Suscipienda
2592 5069 2732 5124 bella
2793 5070 2869 5124 ait
2920 5065 3092 5138 t-Oﬂ‘.
3131 5067 3200 5122 M.
3237 5065 3469 5138 Tullius,
3504 5067 3574 5116 ob
3625 5079 3745 5118 eam

2180 5135 2441 5214 causain,_
2481 5149 2541 5192 ut
2574 5141 2701 5214 _sine
2747 5139 2945 5208 injuria
2991 5135 3060 5214 in
3100 5153 3233 5214 pace
3289 5135 3544 5214 vivatur,
3583 5143 3744 5214 parta

2183 5219 2362 5262 autem
2393 5209 2623 5262 victoria
2665 5203 3114 5270 conservandos;
3142 5207 3236 5276 qui
3268 5219 3383 5276 non
3409 5203 3662 5257 crudeles
3691 5204 3745 5276 in

2184 5277 2347 5352 bello.
2400 5294 2500 5352 ne_c
2546 5281 2812 5352 immanes
2861 5277 3122 5352 fuer_unt:
3161 5273 3505 5352 Utlnajores
3543 5273 3746 5352 nostri,

2183 5348 2378 5415 inquit,
2409 5346 2632 5414 quuos.
2671 5345 2878 5400 Volscos
2902 5387 2919 5411 ,
2957 5346 3201 5406 Sabinos.
3240 5345 3494 5399 Hernicos
3518 5345 3590 5415 in
3612 5344 3750 5414 .civi-

2180 5409 2338 5469 tatem
2365 5409 2532 5470 eum
2563 5409 2983 5485 acceperunt,iat
3028 5415 3402 5485 Carthaginem
3431 5423 3479 5485 et
3509 5409 3750 5485 Numanf

2180 5485 2310 5538 (iam
2341 5486 2577 5554 funditus
2604 5482 2947 5540 sustulerunt.
2999 5484 3212 5539 Nollem
3234 5482 3246 5485 ⁷
3265 5484 3577 5538 Corinthum
3604 5523 3619 5545 ,
3655 5482 3750 5533 sed

2177 5553 2478 5629 sredoillos
2510 5568 2710 5629 secutos
2741 5558 3194 5629 apportanitatem
3238 5554 3340 5629 loci
3395 5553 3649 5629 maxime,
3682 5566 3749 5604 uc

2179 5636 2364 5748 pzzset‘
2396 5627 2687 5708 aliquando
2737 5623 2820 5680 ad
2849 5626 3043 5681 bellum
3098 5625 3398 5695 {sciendum
3446 5623 3588 5677 locus
3636 5623 3750 5691 ipse

2179 5711 2208 5746 τι
2282 5711 2342 5748 or
2369 5713 2475 5748 an.
3048 5720 3050 5724 τ

2178 5698 2475 5750 adhortari.
3048 5720 3050 5724 '
