4136 6288
532 280 632 346 183

1715 293 1845 353 JOA
1858 295 2037 355 \‘NIS
2076 296 2595 366 CANTACUZENI

3656 298 3757 363 183r

1909 427 2133 485 CAPUT
2180 430 2367 489 XXIII.

526 534 851 620 Responsum
883 540 1087 605 nepotis
1116 542 1185 620 ad
1215 557 1370 620 avum
1391 540 1604 620 plenum
1621 541 1787 620 oﬂieii.
1808 542 2023 620 Partem
2053 548 2262 620 imperii
2288 548 2353 601 ab
2374 565 2432 602 eo
2459 552 2601 620 petit.
2623 560 2671 603 et
2677 551 3067 620 jurameutum.
3090 546 3441 620 {ut-numer.
3470 550 3756 620 anathema

597 608 866 701 rescindit,
919 625 1107 689 nomen
1146 608 1481 701 im'peratoris
1528 612 1575 663 si
1622 608 1897 701 restituit
1923 614 2036 701 eius
2079 608 2325 701 virtutem
2369 608 2648 701 mq'gniﬁce
2677 608 3044 701 'corrtmendut.
3096 616 3245 681 Quod
3275 620 3650 701 'Apocauchttm
3689 619 3757 671 ad

586 679 955 758 linamentum
1002 679 1313 746 exigendum
1360 683 1429 758 qd
1474 696 1528 732 se
1566 681 1788 743 miserit,
1844 682 1897 758 id
1942 679 2044 758 fert

2187 679 2297 758 iu},
2339 698 2386 740 et
2412 679 2692 742 ‘Itominem
2725 688 2879 742 illum
2928 679 3209 758 vituperat.
3265 679 3502 741 Εὲειιεαι
3541 688 3756 758 factum

602 745 999 827 I’qlfeologina;
1055 745 1270 800 earcusat
1315 749 1475 801 etiam
1528 764 1707 819 nepos,
1758 766 1813 803 se
1846 745 2106 808 hominem
2133 745 2311 810 ’ἱίιιιιίι
2345 758 2620 811 obscurum
2673 774 2776 812 non
2818 774 2912 825 pro
2960 745 3155 827 leg'ato,
3204 758 3297 809 sed
3328 773 3425 826 pro
3472 745 3755 810 tabellario

594 816 793 868 misisse
819 817 1107 884 a/ﬁrmans.

594 927 690 980 His
716 929 792 982 ita
821 929 1013 997 gestis,
1054 929 1441 984 consobrinam
1469 947 1623 986 suam
1656 934 1927 1004 legatione
1960 949 2084 1003 per—

2258 939 2475 995 Τούτων
2511 940 2667 994 ὀὕτω
2722 942 3127 1014 γεγενημένων,
3178 943 3277 1015 τὴν
3321 942 3456 1012 πρὸς
3486 942 3585 1012 τὴν
3615 960 3752 1014 πρε-

524 1020 764 1074 l’unctam
794 1020 1306 1088 Constantinopolin
1331 1022 1562 1077 dimisit.
1593 1028 1724 1093 Quae
1755 1030 1937 1079 autem
1980 1039 2082 1079 avo

523 1110 887 1163 renuntianda
908 1109 1079 1173 dedit,
1113 1110 1229 1165 hrcc
1261 1111 1485 1167 fuerunt
1519 1110 1874 1181 :Oportebat,
1911 1114 2089 1184 impe-

522 1208 672 1252 rator
700 1200 925 1268 Optime,
968 1199 1100 1253 nihil
1132 1215 1355 1270 prorsus
1412 1215 1603 1255 eorum
1662 1201 1905 1271 incipere
1962 1217 2084 1271 qua:

519 1290 733 1359 incepta
766 1298 913 1343 sunt.
962 1291 1075 1359 Ego
1106 1291 1397 1359 siquidem,
1439 1292 1586 1361 quod
1616 1307 1759 1362 saepe
1793 1293 1903 1363 jam
1928 1294 2038 1347 dixi
2066 1335 2080 1360 ,

525 1388 723 1435 testem
762 1381 901 1435 facio
939 1381 1092 1435 illum
1142 1382 1364 1436 oculum
1404 1381 1710 1436 intuentem
1744 1384 1946 1448 omnia,
1998 1398 2083 1437 me

522 1470 728 1527 nullius
761 1475 1010 1538 sceleris,
1066 1476 1172 1547 sed.
1215 1475 1417 1530 levium
1467 1474 1732 1531 duntaxat
1762 1474 2087 1545 puerilium-

519 1581 627 1633 que
677 1566 1005 1620 delictorum
1046 1566 1179 1620 mihi
1237 1582 1358 1621 esse
1410 1567 1714 1622 conscium.
1768 1566 1906 1633 Quia
1954 1584 2083 1623 vero

521 1664 746 1724 pr0pter
777 1657 1194 1711 innumerabilia
1234 1668 1453 1727 peccata
1485 1675 1603 1713 mea
1640 1660 1783 1713 Deus
1813 1660 1918 1714 hoc
1948 1673 2081 1730 per-

522 1746 695 1811 misit,
728 1760 959 1801 rursum
984 1749 1033 1802 ei
1063 1748 1230 1813 etiam
1283 1760 1445 1819 atque
1501 1750 1664 1805 etiam
1713 1750 1914 1819 gratias
1959 1768 2082 1823 ago,

519 1839 664 1905 quod
705 1853 816 1892 non
850 1842 978 1893 ante
1003 1840 1169 1894 vitam
1203 1839 1375 1907 tinivi,
1406 1857 1566 1911 quam
1586 1852 1802 1911 tempus
1826 1844 2084 1899 Idoneum

521 1928 896 1991 nanciscerer,
933 1944 1041 1998 quo
1078 1938 1134 1984 et
1165 1930 1459 1984 candorem
1490 1929 1656 1984 animi
1687 1930 1816 1993 mei,
1861 1938 1917 1985 et
1962 1932 2087 1986 obe-

520 2018 704 2071 diendi
738 2019 978 2072 studium
1010 2034 1071 2073 ac
1108 2019 1504 2089 subjectionem
1549 2036 1722 2075 meam
1780 2021 1877 2076 tibi
1909 2022 2087 2077 decla-

522 2124 643 2185 rare
678 2123 916 2177 possem.
955 2110 1035 2163 Tu
1085 2110 1251 2181 igitur
1279 2112 1453 2180 legata
1490 2110 1557 2166 ad
1592 2127 1678 2165 me
1707 2112 1935 2167 amitina
1994 2124 2087 2168 tua

519 2196 821 2269 eademque
860 2213 1091 2270 cognata
1124 2216 1245 2256 mea
1288 2202 1430 2271 (65),
1464 2203 1729 2272 petivisti,
1752 2219 1874 2274 quae
1915 2206 2082 2260 nosti.

521 2291 686 2358 Atqui
726 2267 828 2360 ego
875 2306 904 2344 a
934 2267 1158 2362 imagno
1208 2267 1541 2363 imperatore
1604 2267 1724 2349 Deo
1766 2267 2088 2365 suppliciter
2115 2267 2162 2327 Β

520 2386 815 2447 contendo,
844 2392 904 2437 ut
933 2382 987 2436 in
1027 2383 1220 2454 loggos
1248 2399 1421 2440 annos
1448 2385 1615 2439 vitam
1651 2385 1942 2450 extendas,
1978 2387 2081 2440 im-

520 2483 733 2549 perium
762 2482 1068 2536 Romanum
1103 2483 1399 2552 gubernes,
1420 2490 1477 2537 et
1503 2498 1605 2553 ego
1632 2484 1807 2536 instar
1834 2483 1981 2537 servi
2030 2490 2087 2537 et

521 2572 617 2626 tilii
678 2573 945 2642 imperata
999 2581 1090 2627 tua
1149 2587 1455 2642 exsequar;
1516 2574 1850 2641 procedente
1901 2583 2085 2628 autem

523 2674 788 2734 tempore,
823 2664 1035 2734 quaeilli
1067 2664 1398 2734 placuerint,
1435 2664 1503 2717 de
1536 2664 1697 2718 nobis
1727 2665 2032 2718 constituat
2069 2682 2082 2719 :

519 2766 594 2819 et,
627 2756 672 2810 si
705 2757 857 2838 prius
891 2757 1110 2822 obeam,
1136 2766 1195 2810 ut
1225 2758 1282 2809 in
1313 2766 1364 2811 te
1399 2764 1571 2811 totum
1602 2757 1889 2811 recumbat
1919 2758 2090 2825 impe-

524 2847 688 2909 rium,
734 2862 865 2915 quo,
892 2861 1015 2916 qua:
1044 2846 1189 2900 factu
1234 2846 1387 2900 utilia
1414 2847 1717 2911 censueris,
1749 2863 1811 2901 ea
1840 2859 2084 2917 prmstes.

522 2939 616 2993 Sin
651 2948 706 2993 tu
744 2938 810 2993 ad
840 2940 1155 2994 mansiones
1202 2939 1323 2993 illas
1358 2939 1725 3011 sempiternas
1750 2938 1921 2994 fueris
1956 2956 2085 2994 evo-

521 3040 696 3109 catus,
734 3043 793 3087 ut
821 3032 953 3086 mihi
978 3031 1162 3086 denuo
1210 3029 1556 3101 principatus
1586 3029 1865 3105 Bo’manus
1910 3031 2084 3086 relin-

519 3122 740 3194 quatur.
769 3126 877 3195 73
909 3123 1018 3179 Sed
1047 3124 1151 3179 ista
1180 3124 1431 3193 quidem,
1465 3132 1537 3178 ut-
1558 3125 1673 3178 Deo
1698 3124 1957 3194 placitum
1980 3122 2087 3179 erit

521 3219 659 3288 (66),
692 3218 763 3271 ita
804 3233 862 3272 se
888 3216 1146 3271 habeant.
1178 3214 1335 3270 Nunc
1369 3217 1693 3271 necessitate
1753 3218 2087 3272 reverentia-

520 3323 633 3378 que
688 3306 1110 3371 dissidentibus,
1160 3306 1462 3361 necessitas
1507 3307 1662 3371 vicit,
1715 3316 1773 3361 et
1826 3306 2086 3361 indecore

519 3402 881 3471 imperithue
909 3400 1093 3456 dicere
1153 3401 1445 3468 facereque
1464 3400 1746 3470 compulit.
1766 3399 1902 3456 Cum
1933 3415 2086 3454 nam-

517 3509 623 3562 que
648 3503 704 3548 et
735 3493 1006 3563 nosipsos,
1037 3502 1094 3547 et
1117 3492 1394 3558 civitates,
1424 3500 1480 3548 et
1513 3494 1798 3562 pecunias,
1835 3504 1891 3548 et
1919 3494 2081 3548 simul

2195 1032 2381 1084 σ6είαν
2420 1033 2839 1104 ἀπεσταλμένην
2878 1034 3030 1088 θείαν
3071 1033 3234 1087 αὐτοῦ
3279 1034 3416 1103 πρὸς
3449 1032 3750 1096 Βυζάντιον

2188 1123 2470 1194 ἐξέπεμψε
2543 1124 2843 1195 βασιλεὺς,
2907 1124 3156 1195 μηνύσας
3228 1122 3306 1194 τῷ
3368 1124 3583 1193 βασιλεῖ
3654 1124 3753 1178 καὶ

2190 1216 2401 1286 πάππῳ
2453 1215 2713 1269 τοιαῦταο
2766 1216 2916 1270 Ἔδει
2967 1217 3089 1286 μὶν,
3125 1210 3170 1269 ὦ
3210 1215 3468 1284 κράτιστε
3502 1214 3750 1283 βασιλεῦ,

2193 1305 2359 1374 μηδὲν
2388 1304 2497 1357 τῶν
2524 1292 2910 1374 γεγενημένων
2936 1305 3071 1375 μηδὲ
3102 1305 3200 1377 τὴν
3234 1306 3408 1375 ἀρχὴν
3437 1305 3751 1373 κινηθῆναι.

2138 1437 2145 1441 .
2203 1393 2345 1461 Ἐγὼ
2376 1394 2508 1464 γὰρ,
2532 1394 2667 1464 ὅπερ
2691 1394 2951 1457 πολλάκις
2976 1389 3150 1458 εἷπον,
3182 1394 3271 1446 τὸν
3294 1392 3449 1448 πάντ’
3472 1392 3756 1460 ἐφορῶντα

2193 1485 2550 1556 μαρτύρομαι
2578 1484 2877 1555 ὀφθαλμὸν,
2930 1486 3006 1549 ὡς
3051 1486 3201 1553 οὐδέν
3256 1485 3479 1554 ἐμαυτῷ
3512 1484 3752 1547 σύνοιδα,

2191 1576 2337 1647 πλὴν
2375 1579 2425 1629 εί
2475 1578 2553 1649 μὴ
2623 1578 2795 1651 μικρά
2842 1576 2966 1633 τινα
3022 1580 3118 1633 καὶ
3181 1578 3416 1640 παιδίοις
3448 1572 3750 1646 ’πρέποντα

2190 1671 2555 1741 ἡμαρτηκότι.
2604 1671 2759 1725 Ἐπεὶ
2807 1671 2851 1725 δ’
2914 1672 3058 1725 οὕτω
3105 1670 3489 1741 συνεχώρησεν
3531 1671 3559 1722 ὁ
3619 1668 3753 1730 Θεὸς

2190 1763 2340 1831 ὲμῶν
2368 1762 2534 1816 ἕνεκα
2575 1763 2792 1825 πάντως
2841 1764 3085 1835 ἀπείρων
3117 1761 3554 1830 ἁμαρτημάτων,
3587 1758 3754 1811 πάλιν

2190 1854 2338 1924 αὐτῷ
2388 1857 2619 1925 χάριτας
2671 1855 2920 1925 ὁμολογῶ
2971 1853 3190 1918 πολλὰς,
3243 1853 3326 1906 ὅτι
3384 1852 3458 1921 μὴ
3490 1850 3756 1920 πρότερον

2190 1947 2463 1998 κατέλυσα
2488 1946 2586 2014 τὴν
2621 1946 2788 2015 ζωὴν,
2817 1945 2947 2015 πρὶν
2982 1944 3289 2013 ἐπιτηδείου
3328 1941 3525 2011 καιροῦ
3566 1944 3751 2010 τυχεῖν

2188 2036 2385 2102 υῦτως,
2419 2037 2559 2089 ὥστε
2596 2036 2889 2106 δυνηθῆναι
2931 2034 3025 2089 καὶ
3064 2034 3126 2087 τὸ
3164 2034 3349 2088 ἄδολον
3402 2034 3499 2103 τῆς
3527 2034 3758 2102 γνώμης

2191 2130 2286 2183 καὶ
2318 2130 2413 2199 τὴν
2460 2140 2538 2194 εις
2596 2130 2655 2181 σὲ
2692 2129 3002 2182 εὐπείθειαν
3041 2127 3140 2180 καὶ
3192 2127 3485 2197 δουλότητα
3512 2126 3757 2193 φανερὰν

2192 2222 2560 2291 καταστῆσαι.
2606 2222 2676 2275 Σὺ
2711 2222 2810 2291 μὲν
2864 2217 2980 2284 οὖν,
3011 2215 3055 2274 ὦ
3086 2220 3332 2300 βασιλεῦ,
3378 2221 3477 2288 τῆς
3520 2217 3619 2286 σῆς
3655 2216 3759 2286 μὲν

2190 2314 2438 2383 ἀνεψιᾶς,
2471 2313 2612 2384 ὲμῆς
2651 2314 2706 2366 δὲ
2744 2315 2912 2377 θείας,
2952 2311 3491 2382 διαπρεσϐευομένης
3545 2308 3759 2383 ᾔτησας

2188 2408 2288 2460 ὅσα
2317 2402 2486 2470 οἶδας.
2530 2405 2673 2472 Ἐγὼ
2713 2405 2757 2457 δ’
2783 2405 2841 2456 ὲν
2885 2402 3095 2467 ἱκεσίας
3142 2404 3299 2473 μέρει
3331 2401 3483 2472 παρὰ
3527 2399 3619 2453 τοῦ
3647 2416 3753 2468 με-

2190 2501 2360 2569 γάλου
2391 2499 2655 2568 βασιλέως
2687 2497 2823 2552 αἰτῶ
2866 2498 2962 2550 καὶ
2993 2496 3149 2561 Θεοῦ,
3192 2496 3251 2548 σὲ
3285 2496 3385 2563 μὲν
3416 2496 3509 2548 ἐπὶ
3538 2491 3757 2553 πολλοῖς

2190 2591 2365 2644 ἔτεσιν
2410 2592 2469 2644 ὲν
2510 2588 2676 2654 ζῶσιν
2728 2587 2889 2654 εἶναι,
2950 2588 3041 2641 καὶ
3090 2586 3187 2657 τὴν
3250 2586 3539 2649 Ῥωμαίων
3579 2584 3757 2655 ἀρχὴν

2193 2681 2394 2735 ἰθύνειν
2413 2699 2425 2714 ·
2458 2680 2560 2751 ἐμὲ
2586 2681 2662 2746 ιδὲ
2693 2675 2782 2734 οἷα
2823 2679 3008 2733 δοῦλον
3039 2678 3130 2732 σδν
3177 2677 3271 2730 καὶ
3297 2676 3411 2729 υίδν
3446 2670 3478 2745 ᾖ
3510 2675 3756 2749 κελεύεις

2188 2776 2351 2838 αὐτὸς
2398 2774 2458 2827 τδ
2499 2773 2971 2845 προσταττόμενον
3031 2768 3366 2841 ἐκπληροῦν,
3400 2767 3494 2822 τοῦ
3544 2768 3742 2838 χρόνου

2187 2864 2252 2936 δὴ
2282 2867 2584 2934 προϊόντος,
2617 2864 2654 2919 ἃ
2692 2864 2842 2933 φίλον
2890 2866 3008 2919 ἐστὶ
3057 2862 3175 2933 Θεῷ
3230 2861 3435 2915 τοιαῦτ’
3461 2861 3755 2928 οἰκονομη-

2190 2958 2349 3026 θῆναι
2388 2956 2517 3028 περὶ
2564 2958 2731 3027 ἡμᾶς.
2781 2955 2844 3009 ΕΞ
2875 2956 2974 3027 μὲν
3008 2955 3100 3010 οῦν
3131 2957 3396 3027 πρότερος
3427 2954 3587 3014 αὐτὸς
3617 2955 3758 3005 ἀπο-

2190 3048 2300 3103 στῶ
2345 3048 2440 3103 τοῦ
2480 3050 2600 3118 ζῇν,
2660 3049 2752 3101 ἐπὶ
2788 3049 2870 3100 συὶ
2914 3048 3013 3117 τὴν
3058 3047 3234 3119 ἀρχὴν
3285 3044 3497 3099 κεῖσθαι
3547 3044 3753 3100 πᾶσαν,

2186 3138 2317 3192 ὥσθ’
2369 3139 2404 3193 ὃ.
2456 3156 2538 3191 σοι
2585 3139 2731 3193 δοκει
2777 3138 3106 3208 συμφέρειν,
3158 3138 3351 3190 ποιεῖν.
3384 3134 3447 3187 Et
3474 3132 3515 3185 δ’
3548 3132 3658 3204 ἄρα
3688 3131 3755 3183 σύ

2188 3248 2252 3299 γε
2307 3230 2441 3301 πρὸς
2498 3230 2599 3292 τὰς
2642 3212 2893 3292 αἰωνίους
2947 3227 3335 3297 μετακληθήσῃ
3389 3224 3579 3294 μονὰς,
3630 3221 3757 3291 ἐμοὶ

2188 3324 2353 3377 πάλιν
2408 3324 2508 3392 τὴν
2577 3305 2885 3393 ἡγεμονίαν
2943 3320 3236 3388 Ῥωμαίων
3300 3314 3750 3383 καταλειφθῆναι.

2186 3416 2372 3471 Ταῦτα
2411 3416 2511 3483 μὲν
2559 3415 2651 3469 οῦν
2692 3417 2815 3469 ὅποι
2857 3414 2933 3483 τῷ
2962 3413 3085 3483 Θιῷ
3138 3412 3311 3482 φίλον,
3354 3407 3590 3473 ἀγέσθω.
3619 3405 3758 3457 Νυνὶ

2185 3507 2241 3559 δὲ
2275 3508 2518 3576 ἀνάγκης
2568 3522 2627 3559 τε
2677 3505 2771 3559 καὶ
2814 3504 2996 3567 αἰδοῦς
3042 3500 3427 3572 μεριζομένης,
3469 3497 3688 3565 ίσχυσεν
3717 3494 3752 3563 ἡ

516 3585 700 3639 omnia
736 3583 791 3637 in
824 3598 1021 3637 manus
1050 3593 1172 3637 tuas
1208 3584 1423 3638 tradere
1450 3584 1748 3649 decuisset,
1772 3584 1989 3639 duabus
2012 3584 2079 3639 de

2187 3599 2426 3666 ἀνάγκη,
2479 3599 2573 3650 καί
2624 3614 2676 3650 τι
2722 3595 2831 3647 τῶν
2895 3595 2972 3666 μὴ
3014 3591 3397 3664 προσηκόντων
3453 3587 3547 3641 καὶ
3597 3587 3761 3639 ἁπαι-

516 3681 697 3735 causis
728 3694 888 3734 secus
913 3694 1072 3748 agere
1104 3678 1279 3733 coacti
1308 3688 1518 3733 sumus.
1552 3679 1692 3745 Una,
1726 3678 1871 3748 quod
1906 3694 2079 3733 meam

520 3771 620 3825 tibi
669 3768 1012 3841 gratiﬁcandi
1066 3770 1407 3824 voluntatem
1463 3768 1599 3839 (67),
1650 3769 2080 3835 observantiam,

520 3862 788 3931 pudorem
833 3874 959 3930 erga
997 3867 1049 3913 te
1088 3860 1235 3914 lleus
1271 3859 1442 3924 novit,
1477 3860 1566 3915 cui
1616 3860 1829 3914 occulta
1870 3869 2080 3931 patent,

515 3967 571 4012 et
598 3958 715 4026 ipse
746 3955 961 4025 quoties
988 3954 1206 4009 occasio
1226 3953 1374 4019 tulit,
1408 3951 1759 4008 evidentibus
1791 3969 2081 4025 argumen-

521 4048 590 4102 tis
622 4048 743 4101 luec
778 4045 1019 4100 ostendi.
1066 4045 1321 4100 Conﬁsus
1372 4033 1558 4115 itaque
1606 4060 1748 4111 sum,
1789 4054 1841 4101 te
1869 4046 1994 4116 pari
2026 4047 2079 4101 in

518 4152 604 4192 me
632 4137 815 4191 animo
843 4137 980 4202 fore,
1011 4146 1404 4207 paternamque
1424 4140 1849 4207 propensionem
1880 4148 1936 4192 et
1986 4154 2084 4193 na-

519 4228 749 4281 turalem
789 4228 933 4281 illam
992 4227 1316 4281 charitatem
1365 4243 1495 4300 erga
1528 4243 1615 4284 me
1659 4230 1933 4284 sinceram
1993 4230 2080 4283 in-

517 4328 951 4387 corruptamque
987 4327 1364 4372 servaturum.
1417 4317 1525 4372 Sed
1565 4334 1692 4372 cum
1733 4334 1917 4374 rerum
1951 4336 2083 4373 con-

518 4407 656 4461 ditio
704 4406 894 4461 istluec
929 4415 1247 4461 constanter
1300 4407 1715 4461 demonstrandi
1768 4408 2080 4465 facultatem

486 4497 616 4551 ‘tibi
643 4497 886 4552 nondum
915 4497 1201 4558 obtulerit.
1236 4497 1404 4550 nolim
1434 4496 1643 4551 idcirco
1676 4498 1908 4565 alicujus
1942 4498 2080 4552 uilli-

519 4590 718 4645 dentia:
746 4605 777 4667 εξ
811 4604 1087 4660 quoquam
1116 4588 1469 4658 reprehendi.
1498 4589 1704 4653 Altera,
1742 4591 1795 4644 iu
1828 4605 1933 4659 qua
1962 4591 2084 4661 plus

2189 3690 2422 3744 δούντων
2462 3690 2556 3742 καὶ
2603 3689 2782 3757 λέγειν
2814 3689 2907 3741 καὶ
2946 3687 3208 3753 πράττειν
3263 3682 3578 3752 βιαζομένῃ.
3626 3680 3760 3732 Δέον

2191 3780 2298 3851 γὰρ
2330 3779 2421 3832 καὶ
2452 3778 2598 3849 ἡμᾶς
2646 3779 2843 3840 αὐτοὺς
2882 3777 2979 3829 καὶ
3018 3776 3201 3838 πόλεις
3238 3772 3335 3826 καὶ
3365 3774 3622 3842 χρήματα
3661 3768 3761 3822 καὶ

2190 3868 2325 3938 ὁμοῦ
2373 3868 2551 3921 πάντα
2592 3883 2673 3919 σοι
2729 3865 3080 3935 ἐγχειρίζειν,
3140 3862 3287 3915 δυοῖν
3339 3860 3503 3912 ἕνεκα
3565 3856 3756 3910 αἰτιῶν

2192 3960 2393 4030 ἑτέρως
2419 3955 2822 4027 ἠναγκάσμεθα
2872 3957 3064 4009 ποιεῖν.
3105 3953 3198 4005 Ἐν
3243 3951 3364 4021 μὲν,
3405 3952 3487 4003 ὅτι
3520 3948 3615 4034 τὴν
3652 3946 3755 4017 μὲν

2191 4049 2331 4119 ἐμὴν
2371 4047 2450 4109 είς
2481 4046 2543 4098 τὸ
2571 4047 2638 4099 τά
2669 4062 2751 4097 σοι
2806 4044 2933 4111 φίλα
2990 4044 3250 4113 πράττειν
3294 4040 3614 4108 προαίρεσιν
3661 4037 3758 4089 καὶ

2188 4137 2287 4207 τὴν
2328 4138 2457 4208 περὶ
2490 4137 2548 4189 σὲ
2579 4138 2745 4206 τιμήν
2774 4152 2833 4188 τε
2873 4134 2967 4187 καὶ
2997 4133 3147 4196 αίδῶ,
3194 4132 3323 4194 Θεός
3353 4148 3413 4183 τε
3445 4126 3581 4183 οἶδεν
3622 4131 3650 4181 ὁ
3689 4128 3759 4180 τὰ

2191 4231 2547 4301 κεκρυμμένα
2568 4228 2741 4290 είδὼς,
2767 4228 2858 4279 καὶ
2884 4226 3045 4287 αὐτὸς
3074 4224 3182 4276 τῶν
3208 4222 3547 4291 πραγμάτων
3578 4236 3729 4288 παρα

2183 4324 2419 4391 σχόντων
2447 4319 2653 4391 εναργῆ
2683 4320 2781 4389 τὴν
2819 4315 3087 4379 ἀπόδειξιν
3111 4316 3478 4385 ἐποιησάμην.
3514 4310 3757 4364 Πέποιθα

2187 4413 2286 4482 μὲν
2315 4409 2429 4476 οῦν,
2464 4412 2540 4475 ὡς
2573 4412 2668 4465 καὶ
2717 4410 2878 4473 αὐτὸς
2920 4407 3205 4480 διατεθέσῃ
3263 4406 3357 4459 τὸν
3386 4407 3518 4457 ίσον
3556 4406 3759 4473 τρόπον

2184 4504 2316 4572 περὶ
2371 4503 2493 4573 ἐμὲ,
2557 4503 2652 4556 καὶ
2711 4502 2810 4570 τὴν
2844 4498 3133 4572 -πατρικὴν
3191 4498 3479 4568 εὐμένειαν
3517 4496 3613 4548 καὶ
3656 4498 3758 4564 τὴν

2186 4595 2420 4664 φυσικὴν
2450 4594 2688 4665 στοργήν
2709 4593 2896 4648 ἄδολον
2922 4593 3047 4663 ἐμοὶ
3067 4591 3331 4662 τηρήσεις
3361 4591 3455 4642 καὶ
3484 4588 3754 4657 καθαράν.

520 4680 779 4735 momenti
842 4689 926 4734 est
967 4694 1032 4735 ac
1068 4678 1370 4749 ponderis;
1403 4687 1690 4750 postquam
1740 4681 1809 4737 de
1837 4684 2083 4738 exercitu

2187 4686 2350 4742 Οὔπω
2395 4688 2454 4740 δὲ
2484 4687 2583 4758 τὴν
2638 4685 2919 4752 ἀπόδειξιν
2969 4684 3196 4756 βεσαίαν
3250 4682 3359 4736 τῶν
3408 4680 3757 4754 πραγμάτων

1789 4802 2301 4932 Jacobifontani
2333 4845 2521 4900 uota).

589 4995 702 5062 (65)
741 4990 1333 5066 Necessariopropter
1379 4991 1787 5066 distinctionem
1841 4993 2075 5050 diversis

2187 4995 2311 5066 phio
2337 4994 2565 5066 Basilii,
2580 4978 2751 5066 ταῦτα
2782 4995 2899 5066 μὲν
2926 4992 3152 5066 οῦνλδττη
3200 4992 3442 5066 τῷ-Θεῷ
3496 4996 3651 5064 φίλον
3681 4995 3757 5066 κά-

517 5061 746 5120 voCibus
777 5064 867 5117 hic
906 5062 1008 5134 ista
1060 5061 1170 5134 duo
1220 5062 1600 5134 transferenda
1635 5072 1805 5128 sunt,
1841 5080 2077 5134 quorum
2179 5061 2382 5132 γέσθω,
2415 5064 2647 5120 cuilibet
2670 5061 2813 5118 bono
2841 5061 3157 5134 Christiano
3180 5061 3380 5133 saepius
3412 5061 3755 5134 usurpanda.

519 5131 1023 5204 utrumque_latius
1061 5132 1427 5204 significatum
1478 5133 1684 5186 habere
1736 5131 1901 5203 supra
1958 5150 2077 5190 mo-

517 5202 762 5259 nuimus.
804 5202 942 5257 Vere
964 5211 1157 5273 autem
1209 5203 1465 5273 Eugenia
1508 5202 1819 5259 Andronici
1853 5206 2078 5273 majoris

516 5276 742 5329 :unitina
774 5275 893 5335 fuit,
931 5271 975 5326 si
1010 5272 1219 5326 amitini
1269 5271 1397 5327 sunt
1447 5272 1677 5327 fratrum
1713 5285 1770 5328 et
1823 5271 2076 5329 sororum

516 5346 702 5426 liberi.
736 5343 965 5426 Michael
1000 5345 1146 5425 enim
1196 5343 1530 5426 Izalaeologus
1570 5344 1868 5426 Andronici
1902 5353 2077 5426 pater,

519 5415 663 5469 idem
696 5414 888 5468 matris
926 5412 1180 5484 Eugeniae
1216 5414 1385 5467 frater
1411 5412 1453 5477 ,⁷
1475 5429 1637 5482 quam
1660 5452 1677 5478 ,
1723 5412 2082 5484 respicientes

515 5485 890 5539 Andronicum
922 5483 1199 5553 iuniorem
1226 5527 1240 5551 ,
1277 5484 1511 5554 senioris
1554 5483 1831 5554 nepotem,
1880 5499 2081 5537 conso-

522 5553 733 5607 brinam
769 5567 1026 5625 vocemus
1055 5554 1202 5620 licet,
1234 5553 1383 5608 aliud
1425 5553 1570 5607 enim
1604 5553 1775 5624 magis
1797 5555 2080 5625 proprium

520 5637 627 5675 non
659 5624 987 5691 suppeditat.

596 5694 707 5757 (tibi
755 5691 923 5746 Verba
954 5703 1083 5748 sunt
1128 5692 1374 5764 Gregorii
1423 5692 1753 5749 Nazianzcni
1807 5693 1859 5748 in
1902 5697 2080 5765 epita-

2186 5135 2254 5190 Ut
2279 5146 2336 5189 et
2364 5136 2478 5198 illa,
2515 5137 2610 5189 ἑὰν
2644 5135 2776 5199 Θεὸς
2799 5135 2949 5204 θέλῃ,
2983 5133 3120 5187 Θεοῦ
3160 5135 3427 5201 θέλοντος,
3483 5133 3582 5188 σὺν
3612 5135 3756 5204 Θεῷ,

2184 5215 2240 5259 ct
2269 5205 2488 5260 similia.
3153 5258 3159 5265 ,

2259 5275 2373 5345 (67)
2404 5275 2517 5328 Cur
2542 5289 2702 5330 secus
2723 5291 2884 5345 agere
2904 5290 3068 5345 quam
3098 5274 3374 5330 decuisset
3415 5282 3470 5329 et
3494 5273 3764 5345 voluisset.

2187 5344 2506 5413 compulsus
2531 5348 2623 5408 sit,
2656 5344 2893 5414 primam
2924 5344 3147 5400 Causam
3174 5361 3297 5399 esse
3323 5345 3419 5404 ait,
3454 5344 3598 5413 quod
3625 5360 3761 5399 avus

2188 5429 2316 5484 erga
2346 5430 2405 5468 se
2439 5415 2695 5468 atl‘ectum
2729 5423 3015 5484 paternum
3048 5417 3285 5470 exuerit.
3322 5415 3428 5468 Sed
3457 5430 3570 5468 rem
3598 5414 3759 5469 valde

2190 5484 2424 5537 civiliter
2476 5494 2531 5537 et
2572 5486 2853 5552 eleganter
2898 5487 3173 5554 preponit,
3252 5501 3320 5539 ne
3375 5500 3536 5539 avum
3589 5485 3758 5538 verbo

2189 5555 2411 5626 duriore
2441 5555 2719 5626 offendat;
2753 5566 2809 5626 et
2857 5556 2998 5626 quod
3033 5555 3195 5624 objjci
3231 5555 3299 5608 de
3332 5569 3391 5609 se
3438 5554 3758 5626 ροισι-οι,ρῇ

2189 5640 2217 5677 a
2257 5623 2531 5694 principio
2579 5622 3228 5692 occurrit,'aﬂirmans,
3261 5638 3383 5680 sese
3422 5633 3606 5694 partes
3657 5622 3760 5677 ﬁlii

2188 5693 2318 5749 boni
2346 5710 2458 5749 non
2487 5694 2757 5751 omisisse.
