4136 6288
524 347 620 412 i-"i

1704 349 1944 408 JUANN
1963 350 2029 404 ιδ
2069 340 2597 405 CAN'I‘ACUZENI

3655 326 3758 391 188

520 455 689 510 multa
723 455 775 511 ei
807 453 1048 510 vicissim
1100 423 1412 515 borta,.tton
1467 471 1519 510 tu
1557 469 1658 510 uae
1699 463 1938 518 tantum,
1983 466 2074 504 ve-

2190 445 2320 501 εἴναι
2363 451 2454 501 καὶ
2489 449 2868 518 ονομάζεσθαι.
2918 446 3142 502 Μέλλων
3189 444 3237 498 δ’
3277 437 3432 502 αὖθις
3462 441 3561 513 τὴν
3588 441 3760 510 αὐτὴν

518 564 638 602 rum
660 548 823 602 etiam
861 547 914 600 in
946 547 1032 600 illa
1063 546 1362 600 immortali
1391 547 1498 600 vita
1531 561 1561 599 a
1587 547 1695 599 Deo
1731 557 2076 610 comprecor.

514 638 719 694 Adhazc
749 637 1089 692 moderatum
1139 638 1262 708 ejus
1302 637 1577 706 ingenium
1614 635 1928 704 probosque
1959 647 2078 686 mo-

516 745 629 792 res,
662 740 827 798 atque
861 730 915 782 in
950 729 1099 783 omni
1132 729 1420 782 honestate
1449 742 1772 796 pregressus
1795 729 2076 792 admiror;

515 821 660 890 quod
687 819 924 890 juvenis,
969 829 1025 873 et
1051 820 1375 887 imperator.
1426 819 1705 885 multoque
1741 818 2078 875 adversariis

515 909 800 977 superior;
834 908 980 962 unde
1021 908 1306 976 probabile
1342 906 1529 971 ﬁebat,
1565 908 1799 962 subnixe
1825 909 2076 963 ambula-

517 1010 719 1064 turum,
759 999 1186 1069 arrogantiaque
1239 999 1534 1064 tumidum,
1567 1008 1662 1054 aut
1709 999 1983 1069 ingratum
2021 1000 2076 1053 in

515 1101 614 1141 nos
640 1087 913 1150 futurum,
948 1099 1043 1142 aut
1075 1099 1250 1152 certe,
1281 1103 1404 1157 quae
1435 1104 1540 1144 nos
1571 1088 1893 1158 petebamus
1921 1091 2081 1144 evul-

515 1178 656 1246 gatis
683 1217 698 1242 ,
745 1177 947 1234 deinde
979 1195 1102 1248 qure
1151 1179 1256 1249 ipsi
1292 1179 1681 1234 collibuissent
1728 1180 2077 1250 largiturum,

516 1280 573 1324 ut
600 1270 702 1325 sibi
729 1271 1089 1340 plauderetur
1132 1271 1203 1326 ab
1228 1273 1519 1332 omnibus:
1559 1272 1697 1327 nihil
1726 1273 1922 1326 borum
1954 1288 2081 1342 per-

515 1363 768 1431 petravit,
819 1363 912 1418 sed
964 1363 1285 1432 petitionem
1316 1379 1492 1418 meam
1539 1364 1633 1418 uni
1674 1379 1870 1433 magno
1898 1363 2082 1417 dome-

515 1455 653 1508 stico
683 1455 959 1524 aperiens,
1004 1455 1416 1524 prudenterque
1470 1471 1534 1509 ac
1586 1455 1834 1510 modeste
1893 1454 2078 1509 admo-

516 1546 644 1598 dum
675 1545 1037 1614 respondens,
1070 1546 1344 1615 duplicem
1401 1548 1563 1602 nobis
1603 1548 1832 1618 gratiam
1868 1547 2082 1620 persol-

2182 541 2408 609 ἀνεψιὰν
2441 539 2607 594 αὑτοῦ
2655 539 2791 609 πρὸς
2831 537 3057 607 βασιλέα
3110 537 3202 589 τὸν
3252 535 3374 588 νέον
3413 535 3653 602 πέμπειν
3685 531 3760 592 ὡς

2179 632 2306 693 τοὺς
2336 631 2466 701 παρ’
2503 631 2714 684 ἐκείνου
2747 629 3061 699 ληψομένην
3085 628 3307 694 ὅρκους,
3349 623 3645 691 ἀνιώμενος
3674 622 3756 674 ὅτι

2183 724 2256 789 μὴ
2284 720 2394 773 τῶν
2426 719 2485 772 εὖ
2529 717 2830 787 γεγονότων
2873 733 2984 781 τις,
3035 715 3150 766 ἀλλ’
3202 714 3538 781 Ἀπόκαυχος
3573 711 3663 762 ἐπὶ
3695 710 3758 761 τὸ

2179 813 2306 874 τοὺς
2335 812 2530 881 ὅρκους
2553 807 2892 877 παραλαϐεῖν
2919 805 3244 865 ἀπέσταλτο,
3275 803 3375 872 ἔφη
3402 802 3539 870 πρὸς
3562 801 3755 868 αὑτήν·

2182 904 2294 971 Τῆς
2339 902 2438 971 μὲν
2466 901 2543 962 εἰς
2575 899 2673 968 ἐμὲ
2712 897 2896 960 αίδοῦς
2929 897 3022 948 καὶ
3067 894 3409 963 προμηθείας
3441 909 3499 943 τε
3545 892 3639 942 καὶ
3671 907 3756 941 τιο

2185 994 2311 1064 μῆς,
2350 990 2560 1044 πολλῶν
2611 989 2843 1059 ἀμοιϐὰς
2880 987 3101 1056 ἀγαθῶν
3145 986 3376 1054 εὔχομαι
3416 983 3503 1054 ’τῷ
3548 980 3761 1051 βασιλεῖ

2182 1083 2276 1138 καὶ
2320 1082 2438 1153 ἐμῷ
2466 1081 2676 1150 ιγγόνῳ
2703 1079 2853 1149 παρὰ
2883 1078 3040 1142 Θεοῦ,
3071 1077 3131 1128 οὐ
3171 1077 3327 1144 μόνον
3353 1075 3494 1126 κατὰ
3519 1073 3608 1125 τὸν
3634 1070 3762 1140 τῇδε

2184 1179 2318 1249 βίον,
2361 1175 2497 1228 ἁλλά
2533 1177 2627 1228 καὶ
2675 1173 2795 1226 κατ’
2835 1172 3042 1224 ἐκεῖνον
3089 1170 3180 1222 τὸν
3213 1167 3588 1234 ἀτελεύτητον.
3630 1162 3760 1217 Ἔτι

2185 1267 2242 1320 δέ
2283 1283 2372 1334 μοι
2419 1264 2514 1316 καλ⁵
2555 1260 2858 1333 θαυμάζειν
2891 1261 3070 1312 ἔπεισι
3119 1259 3179 1310 τό
3234 1273 3290 1310 τε
3339 1257 3560 1326 μέτριον
3607 1255 3758 1320 αὑτῷ

2178 1357 2272 1411 τοῦ
2302 1358 2484 1427 ἤθους,
2509 1356 2603 1408 καὶ
2629 1357 2728 1420 τὴν
2755 1352 3024 1421 εὐθύτητα
3053 1349 3146 1402 τοῦ
3167 1349 3392 1420 τρόπου,
3414 1348 3508 1399 καὶ
3537 1345 3598 1398 τό
3626 1346 3759 1415 πρὸς

2181 1450 2248 1500 τά
2296 1448 2435 1500 καλὰ
2492 1445 2744 1516 βεϐηκὸς,
2801 1445 2884 1496 ὅτι
2939 1442 3058 1504 νέος
3092 1439 3168 1493 ὢν
3221 1438 3317 1492 καὶ
3369 1438 3637 1508 βασιλεὺς,
3667 1439 3760 1488 καὶ

2185 1538 2339 1609 παρά
2377 1537 2513 1590 πολὺ
2543 1537 2650 1589 τῶν
2688 1533 2999 1588 ἀντιπάλων
3033 1531 3392 1600 κεκρατηκὼς
3426 1529 3484 1593 ἐξ
3517 1522 3591 1582 ὧν
3617 1528 3761 1589 είκὸς

516 1636 631 1699 vit,
682 1651 794 1700 non
820 1638 998 1690 solum
1029 1637 1177 1706 quod
1219 1636 1466 1690 Romano
1488 1637 1724 1706 imperio
1745 1637 1854 1707 jam
1870 1618 1998 1690 toto
2027 1636 2084 1690 in

2190 1623 2252 1697 ἦν
2282 1628 2417 1696 πρῖς
2459 1623 2770 1695 φιλοτιμίαν
2805 1620 3120 1690 ἐπαρθῆναι
3168 1621 3262 1672 καὶ
3311 1618 3638 1688 φυσηθῆναι,
3669 1621 3760 1669 καὶ

516 1742 644 1781 eum
698 1725 1028 1791 inclinante,
1076 1735 1288 1796 partem
1326 1728 1549 1792 retinet,
1611 1728 1886 1796 reliquum
1916 1741 2082 1782 omne

2190 1717 2569 1788 ἀγνωμονῆσαι
2596 1716 2722 1785 περὶ
2745 1711 2964 1783 ήμᾶς,ἧ
2993 1711 3114 1780 τόγε
3139 1711 3414 1779 δεύτερον,
3437 1708 3580 1778 ἅπερ
3605 1708 3762 1778 ῂτού-

517 1817 680 1872 nobis
737 1817 920 1882 cedit;
958 1833 1150 1872 verum
1208 1821 1403 1882 etiam,
1439 1817 1586 1888 quod
1656 1818 1824 1873 rebus
1874 1819 2081 1872 nostris

2190 1783 2352 1876 μεθαν
2381 1783 2534 1860 αὑτοὶ
2587 1783 2886 1875 ποιήσαντα
2936 1801 3168 1870 φανερὰ,
3217 1797 3336 1854 εἶτα
3391 1801 3534 1870 ἅπερ
3569 1799 3763 1869 ήθελεν

519 1919 628 1962 tam
674 1907 1028 1963 vehementer
1059 1908 1470 1971 laborantibus,
1498 1908 1649 1962 nullo
1688 1907 1828 1962 fastu
1875 1907 2081 1962 insole-

516 1996 644 2050 scit.
684 1995 763 2050 Ex
809 2011 920 2064 quo
957 1997 1180 2065 penitus
1224 1996 1301 2050 ita
1334 1997 1533 2060 sentio,
1583 2011 1868 2065 nunquam
1902 1996 1954 2051 ei
1993 2010 2102 2049 νο·-

521 2087 667 2141 uisse
700 2089 754 2140 in
788 2097 1047 2149 mentem,
1079 2087 1165 2141 vel
1195 2087 1520 2156 particulam
1567 2087 1941 2156 despicientiae
1986 2101 2088 2140 no-

519 2179 621 2234 stri
673 2193 787 2249 pra
831 2193 889 2234 se
929 2177 1098 2243 ferre,
1151 2179 1247 2233 sed
1301 2177 1671 2232 reverentiam
1719 2193 1783 2231 ac
1825 2178 2083 2248 pietatem

518 2271 800 2340 antiquam
830 2286 958 2342 erga
993 2286 1093 2326 nos
1113 2269 1415 2326 custodire.
1453 2269 1586 2324 lllud
1636 2277 1816 2324 tamen
1850 2269 2086 2324 maxime

515 2361 727 2415 cruciat
757 2361 1024 2427 animum,
1065 2361 1212 2431 quod
1246 2376 1369 2415 eum
1401 2361 1546 2431 apud
1588 2377 1648 2416 se
1677 2362 1864 2429 plures
1885 2370 1940 2415 et
1961 2376 2086 2429 pro-

518 2452 617 2506 bos
667 2463 722 2506 et
745 2452 1468 2523 sanguinisnecessitudine
1491 2453 1819 2522 coniunctos
1835 2452 2085 2514 haberet,

521 2547 618 2612 per
663 2559 802 2613 quos
843 2545 1218 2614 j-uramentum
1271 2559 1300 2596 a
1333 2544 1498 2597 nobis
1545 2543 1839 2611 reciperet,
1889 2542 2085 2596 horum

521 2635 758 2696 nullum.
783 2634 881 2688 sed
943 2633 1358 2702 Apocaucbum,
1406 2632 1704 2687 obscurum
1731 2647 1800 2686 ex
1831 2631 2090 2687 obscuris

523 2736 713 2781 uatum
753 2727 922 2790 misit,
961 2727 1059 2795 qui
1095 2729 1412 2795 nuperrime
1439 2725 1788 2780 exactionum
1817 2727 2086 2779 coaetori-

521 2814 628 2869 bus
667 2815 928 2884 scriptum
963 2813 1218 2868 faciebat.
1255 2815 1576 2883 Quanquam
1633 2815 1788 2883 quasi
1822 2814 2087 2884 quiddam

519 2906 802 2976 singulare
865 2905 1107 2961 dicerem
1139 2943 1154 2967 ,
1207 2906 1357 2975 quod
1414 2905 1713 2961 absurdius
1755 2916 1844 2961 est
1898 2907 2084 2976 omisi.

521 2996 678 3050 idem
706 2997 858 3050 enim
905 2996 1270 3066 Apocauehus
1310 3011 1434 3050 cum
1467 2997 1656 3051 multis
1688 3013 1774 3051 me
1804 2998 2091 3065 promissis

2183 1897 2344 1960 αὐτὸς
2375 1894 2729 1966 χαρίσασθαι,
2765 1893 2851 1946 ἴνα
2883 1891 3216 1961 θαυμάζοιτο
3247 1890 3396 1960 παρά
3427 1889 3664 1942 πάντων.
3700 1887 3762 1942 ⁸0

2182 1987 2228 2041 δ’
2253 1987 2472 2056 ἐποίησε
2502 1984 2740 2038 τοιοῦτον
2769 1983 2922 2037 οὐδέν
2951 1998 2966 2013 ·
3003 1981 3138 2034 ἀλλά
3182 1981 3311 2043 τοὺς
3343 1980 3440 2049 μὲν
3485 1981 3651 2050 εμοὺς
3676 1978 3765 2030 λό-

2185 2097 2318 2150 γους
2348 2078 2674 2148 διετήρησεν
2704 2079 2763 2130 ὲν
2790 2075 2988 2146 ἀδήλῳ,
3016 2074 3230 2136 οὐδενὸς
3254 2073 3551 2142 ἐγνωκότος
3573 2073 3762 2142 ἑτέρου

2186 2171 2324 2240 πλὴν
2349 2170 2444 2222 τοῦ
2477 2168 2716 2239 μεγάλου
2745 2167 3071 2237 δομεστίκου
3111 2165 3274 2234 μόνου
3298 2181 3312 2196 ο
3347 2165 3509 2226 αὐτὸς
3551 2165 3609 2218 δὲ
3636 2166 3765 2228 τοὺς

2186 2263 2378 2330 λόγους
2410 2261 2649 2322 συνετῶς
2679 2259 2820 2328 ἄγαν
2864 2258 2960 2312 καὶ
2990 2258 3238 2326 κοσμίως
3265 2257 3649 2326 οἰκονομήσας,
3677 2245 3766 2308 δι-

2189 2355 2330 2420 πλῆν
2359 2355 2494 2421 ἡμῖν
2542 2353 2800 2405 κατέθετο
2851 2353 2949 2420 τὴν
2999 2350 3182 2419 χάριν,
3234 2350 3297 2402 οὐ
3354 2351 3514 2418 μόνον
3553 2350 3630 2418 τῷ
3663 2349 3765 2418 τῆς

2199 2445 2490 2514 Ῥωμαίων
2523 2443 2820 2513 ἡγεμονίας
2849 2443 3032 2510 πάσης
3063 2441 3327 2512 ήδηαπρδς
3353 2441 3513 2494 αὑτὸν
3553 2441 3766 2494 κλινοῦ-

2190 2554 2290 2605 σης
2348 2529 2508 2606 μέρος
2561 2535 2659 2604 μέν
2707 2551 2761 2586 τι
2816 2535 3285 2602 παρακατασχεῖν,
3338 2533 3438 2600 τῆς
3487 2533 3681 2599 λοιπῆς
3715 2533 3745 2584 δ

2190 2629 2406 2698 ἀπάσης
2436 2629 2568 2696 ἡμῖν
2601 2627 3018 2698 παραχωρῆσαι,
3050 2624 3184 2677 ἀλλά
3215 2627 3310 2679 καὶ
3338 2624 3415 2689 τῷ
3448 2624 3569 2694 μηδ’
3589 2623 3764 2686 οὕτως

2190 2723 2270 2784 είς
2309 2719 2490 2772 στενὸν
2525 2718 2720 2788 κομιδῆ
2775 2718 2844 2770 τὰ
2894 2716 3138 2786 ἡμέτερα
3182 2715 3480 2786 ἐληλακότα
3548 2716 3766 2783 ἐκπομ-

2191 2811 2393 2863 πεῦσαι
2423 2809 2676 2880 θελῆσαι.
2724 2809 2814 2875 Ἐξ
2845 2801 2920 2861 ὧν
2951 2808 3050 2876 ἐμὲ
3079 2807 3370 2861 πεπεῖσθαι
3419 2807 3604 2875 σαφῶς
3632 2824 3694 2858 συ
3704 2825 3770 2875 μ-

2193 2900 2390 2966 ϐαίνει,
2427 2899 2502 2962 ὡς
2533 2898 2640 2950 οὐδ’
2667 2897 2814 2967 ίχνος
2847 2901 3308 2966 καταφρονήσεως
3339 2897 3431 2952 επὶ
3456 2896 3579 2948 νοῦν
3603 2891 3768 2966 ἦλθεν

2191 2990 2342 3061 αὑτῷ
2375 2989 2710 3054 ἐνδείξασθαι
2735 2991 2814 3052 είς
2849 2991 2970 3058 ἐμὲ,
3025 2989 3164 3042 ἀλλὰ
3195 2989 3296 3058 τὴν
3328 2989 3602 3057 προτέραν
3633 2989 3767 3041 αἰδῶ

516 3087 1007 3149 circumduxisset.
1059 3103 1179 3141 mea
1215 3089 1546 3142 auctoritate
1592 3089 1670 3142 rei
1715 3089 1926 3145 salaria;
1952 3106 2087 3159 prae-

2194 3085 2286 3136 καὶ
2314 3081 2602 3136 εὐλάὁειαν
2647 3081 3174 3145 ἀποσώζει.Ἐκεϊνο
3217 3080 3271 3132 δὲ
3305 3081 3405 3148 οὐχ
3438 3080 3640 3149 ήκιστα
3675 3080 3769 3131 λυ-

518 3175 702 3231 fectus
744 3187 852 3232 est.
910 3177 1116 3232 Deinde
1162 3179 1431 3247 promissa
1464 3179 1818 3249 posthabens,
1865 3196 1989 3235 cum
2021 3187 2090 3237 si-

521 3269 636 3322 mul
664 3284 854 3324 omnes
901 3283 932 3324 e
982 3269 1097 3324 sale
1128 3269 1234 3339 75
1270 3270 1481 3325 reditus
1511 3271 1856 3336 devorasset,
1889 3284 1944 3328 et
1977 3290 2081 3346 ego

520 3359 732 3414 idcirco
789 3359 858 3414 de
916 3360 1109 3415 multis
1168 3376 1345 3430 pauca
1381 3362 1752 3429 requirerem,
1799 3364 2088 3419 occasione

521 3464 678 3514 usus,
705 3449 772 3504 ad
805 3458 1061 3519 nepotem
1087 3465 1266 3503 meum
1301 3449 1562 3520 profugit.
1587 3449 1720 3516 Quis
1749 3451 1916 3521 igitur
1940 3453 2091 3508 hunc

527 3537 812 3592 hominem
856 3547 1143 3606 tantopere
1193 3539 1261 3592 ab
1310 3539 1404 3592 illo
1450 3539 1782 3594 honoratum
1831 3556 2087 3606 cernens,

527 3638 586 3681 ut
615 3628 668 3681 in
697 3627 958 3696 negotiis,
989 3629 1154 3682 etiam
1208 3628 1568 3683 nobilissimis
1598 3628 1914 3684 hominibus
1935 3631 2090 3685 defe-

526 3718 733 3779 rendis.
761 3719 883 3790 ejus
901 3733 1066 3789 opera
1091 3727 1304 3780 utatur.
1325 3719 1507 3774 nonid
1538 3719 1607 3774 de
1629 3720 1895 3775 industria
1925 3737 1955 3775 a
1993 3737 2090 3777 ne-

523 3817 653 3878 pote
709 3808 779 3864 ad
836 3809 1082 3864 dolorem
1138 3810 1273 3863 mihi
1325 3810 1658 3866 inurendum
1716 3809 2092 3868 lraudulenter

523 3916 646 3958 esse
675 3910 1049 3972 comparatum
1073 3901 1396 3956 existimet?
1427 3902 1496 3956 Et
1525 3911 1586 3958 ut
1619 3901 1759 3958 istuc
1781 3902 1883 3957 hac
1909 3913 2091 3959 mente

524 4008 639 4047 non
670 3991 885 4056 fecerit,
925 3991 1083 4048 multi
1139 3999 1320 4046 tamen
1349 3992 1451 4047 hac
1476 4000 1658 4048 mente
1703 3993 1905 4048 factum
1941 3996 2092 4064 cogi-

525 4082 746 4137 tabuut.
774 4083 1167 4152 Rcspondeute
1207 4082 1592 4153 Palaelogiua,
1626 4099 1737 4138 non
1766 4085 1870 4139 sibi
1914 4087 2090 4142 videri

523 4173 916 4242 Apocauchum
947 4187 980 4226 a
1005 4181 1202 4242 nepote
1223 4181 1575 4243 contemptus
1623 4175 1796 4242 gratia
1829 4175 2088 4244 legatum,

523 4263 977 4334 quandoquidem
1003 4265 1124 4335 eius
1155 4272 1235 4317 tot
1272 4280 1400 4334 erga
1424 4265 1602 4334 ipsum
1637 4276 1795 4320 antea
1831 4282 2091 4321 reveren-

525 4359 635 4421 tiae,
671 4365 727 4411 et
764 4356 986 4426 ingenui
1021 4356 1235 4409 timoris
1260 4355 1588 4410 documenta
1615 4365 1868 4420 exstent,-
1915 4357 2092 4426 impe-

525 4459 676 4502 rator
713 4447 1237 4518 protosecretarium
1269 4446 1538 4501 Bardalen
1599 4455 1656 4500 et
1699 4445 2087 4503 Callicreniten
2118 4427 2167 4487 θ

523 4553 651 4592 cum
681 4553 746 4592 ea
777 4537 844 4591 ad
889 4547 1150 4606 nepotem
1196 4535 1386 4590 mittit.
1444 4535 1547 4600 Qui
1599 4535 1694 4589 ubi
1745 4537 1892 4590 senis
1922 4553 2091 4607 super

522 4627 854 4695 Apoeaucho
885 4641 1194 4680 sermonem
1220 4624 1454 4689 audivit,
1495 4626 1690 4680 Procul
1716 4643 1746 4680 a
1776 4643 1862 4682 me
1889 4629 1960 4682 sit
1982 4630 2086 4684 ista

525 4719 757 4781 insania,
791 4718 990 4785 inquit.
1023 4728 1081 4771 ut
1111 4717 1195 4770 vel
1244 4732 1472 4786 parvum
1507 4719 1589 4771 vel
1624 4733 1877 4788 magnum
1915 4721 2082 4789 quid-

522 4806 666 4874 piam
690 4807 756 4859 ad
782 4807 1093 4860 molestiam.
1135 4814 1585 4874 contemptumve
1623 4808 1832 4863 domini
1862 4815 1970 4866 mei
2034 4821 2092 4867 et

525 4896 874 4966 imperatoris
892 4895 1220 4964 designent:
1256 4896 1307 4950 iu
1335 4912 1498 4966 quem
1547 4900 1812 4954 scientem
1839 4916 2097 4970 peccare,

525 5001 719 5056 magna
749 4987 974 5040 omnino
1003 4987 1158 5056 culpa
1190 4996 1430 5052 tenetur,
1489 5005 1577 5044 me
1615 4989 1834 5060 judice,
1870 4993 2088 5048 etiamsi

525 5085 806 5144 peccatum
854 5093 965 5130 non
1012 5092 1268 5146 maguum
1312 5078 1480 5133 fuerit
1523 5080 1660 5150 (7i).
1721 5081 2089 5151 Apocauchus

524 5183 630 5223 non
655 5178 716 5222 ut
747 5169 976 5238 legatus,
1034 5185 1215 5239 neque
1249 5179 1310 5224 ut
1362 5171 1516 5241 pacis
1551 5173 1906 5228 contirmator
1949 5175 2090 5244 (haec

2192 3176 2301 3238 πεῖ,
2330 3175 2413 3228 ὅτι
2449 3173 2524 3244 μή
2555 3171 2694 3244 πρὸς
2715 3172 2814 3244 τὴν
2846 3171 3164 3242 παράληψιν
3195 3170 3301 3223 τῶν
3330 3171 3528 3241 ὅρκων,
3556 3169 3769 3222 πολλῶν

2190 3284 2249 3320 τε
2286 3267 2380 3320 καὶ
2424 3265 2652 3332 ἀγαθῶν
2701 3266 2798 3318 καὶ
2847 3265 2957 3317 τῶν
3013 3263 3136 3316 καθ’
3189 3257 3327 3333 αἷμα
3381 3264 3769 3332 προσηκόντων

2193 3351 2341 3420 αὑτῷ
2370 3352 2659 3416 συνόντων,
2689 3352 2895 3404 τούτων
2931 3350 3029 3422 μὲν
3060 3351 3404 3404 ἀπέσταλκεν
3431 3351 3640 3416 οὐδένα,
3675 3352 3768 3405 τὸν

2192 3441 2250 3495 δὲ
2301 3443 2664 3512 Ἀπόκαυχον,
2717 3442 2930 3512 ἄσημον
2963 3443 3063 3508 μὲν
3101 3442 3230 3496 δντα
3261 3443 3355 3496 καὶ
3405 3442 3464 3507 ἐξ
3513 3445 3766 3512 ἀσήμων,

2193 3537 2288 3588 καὶ
2316 3534 2470 3588 οὔπω
2493 3537 2621 3604 χθὲς
2657 3535 2753 3587 καὶ
2783 3535 2978 3605 πρώην
3003 3538 3114 3598 τοῖς
3140 3535 3249 3586 τῶν
3278 3535 3554 3604 δημοσίων
3582 3535 3768 3602 φόρων

2195 3628 2470 3698 πράκταις
2525 3628 3121 3698 ὑπογραμματεύοντα.
3168 3628 3361 3680 Καίτοι
3424 3627 3484 3679 τὸ
3529 3627 3768 3679 δεινότε-

2199 3736 2290 3789 ρον
2328 3719 2571 3787 ἀφεῖλον,
2627 3719 2704 3780 ὡς
2753 3719 2815 3788 δή
2848 3705 2922 3771 ότι
2957 3719 3272 3788 θαυμαστὸν
3320 3718 3519 3786 λέγων.
3563 3717 3622 3768 '0
3659 3717 3768 3786 γὰρ

2196 3809 2361 3873 αὐτὸς
2409 3809 2510 3879 ἐμὲ
2549 3809 2773 3872 πολλαῖς
2831 3809 3189 3878 ὑποσχέσεσιν
3234 3809 3609 3876 ἐξαπατήσας,
3656 3809 3767 3860 τῶν

2192 3903 2470 3971 δημοσίων
2516 3901 2663 3956 ἀλῶν
2718 3901 2910 3973 ἔφορος
2960 3901 3278 3971 ἀπεδείχθη.
3329 3899 3464 3956 Εἶτα
3507 3901 3613 3954 τῶν
3666 3902 3767 3967 μὲν

2195 3993 2544 4062 ὑποσχέσεων
2591 3991 3021 4062 ἐκπεπλήρωκεν
3076 3983 3270 4044 οὐδένέ
3317 3991 3451 4060 ὁμοῦ
3485 3991 3540 4043 δὲ
3584 3993 3766 4044 πᾶσαν

2194 4084 2294 4156 τὴν
2320 4087 2384 4138 ἐκ
2412 4083 2520 4138 τῶν
2539 4083 2684 4137 ἀλῶν
2716 4083 2978 4154 πρόσοδον
2999 4082 3355 4151 καταφαγὼν,
3392 4084 3488 4136 καὶ
3509 4083 3598 4136 διά
3624 4083 3766 4136 τοῦτ’

2194 4179 2258 4230 ὲκ
2289 4176 2500 4229 πολλῶν
2540 4175 2695 4245 ὀλίγα
2733 4175 3025 4245 ζητοῦντος
3066 4175 3203 4244 ἐμοῦ
3239 4175 3446 4238 λαϐεῖν,
3479 4175 3557 4245 τῷ
3587 4173 3769 4243 καιρῷ

2193 4270 2564 4338 χρησάμενος.
2595 4269 2731 4337 πρὸς
2761 4270 2851 4320 τὸν
2879 4267 3012 4336 ἐμὸν
3047 4266 3267 4335 ἔγγονον
3297 4264 3478 4336 ᾤχετο
3503 4269 3763 4337 ἀποδράς.

2194 4360 2289 4420 Τίς
2314 4355 2407 4412 οὖν
2451 4358 2642 4411 τοῦτον
2699 4358 2824 4412 ἰδὼν
2872 4357 3016 4411 οὕτω
3064 4358 3378 4428 τιμώμενον
3428 4358 3558 4426 παρ’
3591 4358 3762 4425 αὐτῷ,

2194 4447 2334 4500 ὥστε
2367 4450 2462 4501 καὶ
2493 4450 2584 4501 ἐπὶ
2615 4453 2749 4514 τοῖς,
2774 4451 2888 4514 τοῖς
2922 4450 3337 4516 εὐγενεστάτοις
3369 4451 3763 4517 προσήκουσιν,

2195 4541 2378 4612 ἔργοις
2407 4541 2560 4612 αὑτῷ
2583 4541 2840 4612 χρῆσθαι,
2867 4542 2970 4595 οὐκ
2999 4542 3067 4595 ἂν
3095 4541 3408 4610 ἐξεπίτηδες
3433 4541 3650 4607 νομίσαι
3682 4542 3764 4603 είς

2194 4631 2352 4686 ἀνίαν
2390 4633 2513 4701 ἐμοὶ
2542 4633 2693 4701 παρά
2728 4631 2992 4700 βασιλέως
3031 4629 3126 4683 τοῦ
3169 4630 3391 4698 ἐγγόνου
3433 4631 3767 4682 συνεσκευά-

2195 4721 2319 4774 σθαι
2345 4739 2359 4787 ;
2398 4722 2460 4774 Εἰ
2490 4722 2600 4792 γάρ
2630 4723 2727 4777 καὶ
2765 4721 2844 4792 τῷ
2874 4722 2987 4774 ὄντι
3017 4720 3091 4790 μὴ
3134 4721 3267 4790 παρ’
3299 4721 3509 4774 ἐκείνου
3539 4719 3763 4790 τοιαύτῃ

2195 4815 2509 4886 πέπρακται
2539 4813 2757 4886 γνώμῃ,
2777 4814 2892 4866 ἀλλ’
2917 4815 2966 4866 οἱ
2988 4813 3175 4866 πολλοὶ
3203 4813 3347 4866 οὕτω
3370 4830 3432 4878 γε
3459 4812 3765 4881 νομιοῦσιν.

2207 4907 2679 4977 Ἀποκριναμένης
2707 4906 2765 4958 δὲ
2805 4907 2902 4960 καὶ
2932 4907 3124 4974 αὐτῆς,
3153 4905 3280 4957 Οὐδ’
3314 4905 3379 4956 ἂν
3410 4905 3548 4972 αὐτῇ
3587 4905 3764 4954 δοκεῖν

2195 4995 2686 5064 καταφρονητικῶς
2719 4995 2870 5064 παρὰ
2899 4994 3162 5065 βασιλέως
3192 4993 3286 5045 τοῦ
3314 4994 3434 5046 νέου
3471 4992 3563 5045 τόν
3600 4992 3767 5044 Ἀπόο

2191 5105 2396 5157 καυχον
2451 5087 2808 5149 ἀπεστάλθαι.
2860 5085 3064 5148 πολλὰς
3101 5089 3200 5155 τῆς
3249 5087 3329 5148 εἰς
3377 5084 3458 5150 σε,
3514 5083 3762 5155 βασιλεῦ,

2192 5178 2373 5240 αἰδοῦς
2400 5195 2458 5231 τε
2493 5180 2588 5231 καὶ
2626 5178 2914 5242 εὐλαϐείας
2951 5177 3245 5240 δεδωκότος
3287 5177 3387 5240 τὰς
3417 5175 3720 5240 ἀποδείξεις
3745 5193 3758 5208 ·

1787 5292 2002 5352 Jacobi
2040 5294 2308 5355 Pontani
2342 5301 2527 5355 notas.

596 5390 710 5460 (7i)
750 5389 892 5445 Num
943 5391 1257 5459 paradoxon
1305 5390 1440 5444 illud
1475 5391 1782 5446 Stoicorum
1828 5393 2090 5459 insinuat,

523 5461 605 5533 δτι
638 5461 726 5511 ῐσα
751 5464 819 5533 τὰ
844 5461 1437 5533 ἁμαρτήματα,γοηιπὶα
1465 5474 1676 5532 peccata
1693 5478 1803 5516 esse
1816 5465 2046 5533 aequalia
2067 5467 2094 5518 ?

525 5530 592 5582 de
621 5546 730 5598 quo
755 5529 973 5604 Cicero,
1004 5540 1061 5582 ut
1093 5531 1162 5583 de
1188 5531 1309 5604 aliis
1335 5529 1595 5604 disseruit
1621 5549 1639 5586 :
1671 5529 2088 5604 Parva,'inquis,

525 5614 606 5651 res
623 5610 732 5664 est;
758 5601 908 5670 atqui
932 5617 1126 5668 magna
1147 5599 1323 5669 culpa.
1359 5599 1470 5653 Nec
1496 5604 1635 5654 enim
1667 5613 1880 5670 peccata
1914 5599 2089 5656 rerum

526 5679 732 5733 eventu,
755 5672 844 5722 sed
862 5671 998 5724 uitiis
1019 5673 1289 5723 [cornutum
1317 5673 1573 5725 metienda
1600 5682 1742 5737 sunt,
1760 5682 1864 5726 etc.
1893 5675 2086 5726 Verum

529 5749 601 5791 ιιι
637 5738 900 5804 lonu'tur,
940 5749 996 5793 ut
1049 5750 1314 5804 quantum
1349 5751 1643 5797 veneretur
1671 5757 1852 5805 avum,
1882 5743 2084 5796 intelli-

2200 5405 2378 5466 gatur.
2407 5396 2556 5463 Quos
2586 5396 2732 5450 enim
2789 5395 3021 5466 multum
3071 5396 3555 5466 reveremur_,‘_aut
3581 5387 3767 5466 diligi-

2201 5457 2344 5532 t'nus,
2376 5457 2471 5520 aut
2498 5467 2691 5538 saltem
2722 5465 2958 5519 multum
2989 5463 3226 5538 revereri
3260 5476 3321 5515 ac
3351 5460 3577 5538 diligere
3602 5457 3768 5538 debe-

2199 5526 2341 5608 mus.
2371 5553 2466 5591 eos
2502 5537 2697 5608 etiam
2723 5551 2914 5604 parum
2965 5535 3205 5608 olTensos
3234 5572 3249 5595 ,
3305 5532 3462 5608 quasi
3522 5526 3768 5608 indignis

2197 5607 2374 5686 modis
2399 5607 2638 5687 .riolatos
2667 5597 2937 5672 dolemus,
2986 5614 3153 5675 atque
3193 5597 3502 5656 ira-cimur.
3553 5597 3666 5654 Nec
3707 5597 3764 5652 id

2199 5688 2494 5732 nntttcrtto.
