4136 6288
384 349 492 412 ἶ89ῖ

1557 365 2093 431 HISTORIARUM
2135 375 2311 434 LIBE
2325 379 2368 436 Β
2409 379 2453 439 Ι.

2117 237 2152 255 \

3533 391 3634 452 19')

375 467 404 517 ό
431 463 689 570 piratici};
716 469 807 523 τόν
838 489 896 524 τε
932 477 1404 548 πρωτασηκρῆτις
1436 480 1716 554 Βαρδαλὴν
1749 488 1843 538 καὶ
1866 488 1936 542 τὸ

2039 535 2044 551 ,
2075 492 2223 545 enim
2259 503 2506 562 cognatae
2530 511 2662 551 meae
2689 495 2864 552 cilicia
2890 497 3096 570 erant),
3130 501 3226 555 sed
3251 511 3633 563 tantummodo

379 557 828 631 Καλλικρηνίτην
851 562 968 632 ἅμα
990 566 1090 618 σὺν
1115 567 1254 638 αὐτῇ
1286 569 1423 637 πρὸς
1449 571 1540 624 τὸν
1561 573 1786 640 ἔγγονον
1814 578 1954 628 ἀπο-

380 649 610 703 στέλλει.
653 651 1029 722 Ἀφικομένων
1061 657 1119 710 δὲ
1152 660 1294 728 πρὸς
1319 662 1504 726 αὐτὸν,
1537 664 1675 734 πρὸς
1703 667 1804 733 μὲν
1831 669 1958 730 τοὺς

378 741 505 810 περὶ
530 741 628 794 τοῦ
673 743 1017 816 Ἀποκαύχου
1059 749 1253 817 λόγους
1291 752 1368 815 ὡς
1410 753 1642 808 ἐπύθετο
1674 759 1767 809 τοῦ
1801 758 1958 826 βασι-

378 831 535 898 λέως,
585 834 677 905 Μὴ
726 836 870 890 οὕτω
908 841 1162 911 μανείην,
1201 845 1228 896 ὀ
1267 845 1384 906 νέος
1438 846 1629 915 εἴρηκε
1680 847 1956 917 βασιλεὺς,

378 923 451 986 ὡς
480 923 513 994 ἢ
550 926 746 994 μικρὸν
776 927 810 998 ἢ
852 931 996 998 μέγα
1029 933 1121 985 ἐπὶ
1163 933 1306 1004 λύπῃ
1341 937 1371 1006 ἢ
1423 939 1830 1009 καταφρονήσει
1863 940 1956 993 τοῦ

376 1017 508 1085 ἐμοῦ
551 1021 774 1090 ποιῆσαι
813 1023 1006 1092 κυρίου
1061 1027 1155 1078 καὶ
1206 1026 1496 1095 βασιλέως.
1551 1029 1624 1082 Τὸ
1666 1030 1774 1100 γὰρ
1821 1031 1958 1094 ὅλως

378 1107 513 1175 πρὸς
544 1110 709 1162 αὐτὸν
753 1111 1024 1182 ἁμαρτεῖν
1066 1115 1281 1179 ἑκόντα,
1325 1111 1426 1188 τῆς
1468 1118 1591 1185 ῖσης
1627 1116 1776 1183 ἄξιόν
1805 1120 1956 1173 ἐστιν

378 1201 556 1266 αίτίας
584 1203 720 1272 παρ’
758 1206 882 1274 ἐμοὶ
906 1208 1095 1276 κριτῇ,
1133 1206 1198 1258 ἄν
1242 1225 1301 1260 τε
1336 1207 1618 1276 μεῖζονηᾶν
1650 1208 1698 1261 τ’
1730 1209 1967 1264 ἔλαττον·

2064 591 2124 634 ut
2159 582 2475 639 tabellarius
2500 589 2669 640 venit.
2690 587 2757 641 Ει
2775 597 3011 648 constat.
3041 606 3145 646 nos
3171 593 3336 646 etiam
3376 595 3443 650 de
3476 598 3636 654 seriis

2043 675 2411 742 maximeque
2446 678 2775 731 necessariis
2809 680 2875 734 ad
2920 681 3060 736 alios
3104 683 3436 747 scribentes,
3464 687 3638 740 tabel-

2067 760 2224 817 lariis
2259 767 2336 817 uti
2383 765 2561 820 solere
2614 765 2945 823 lamulorum
2980 771 3395 842 abjectissimis.
3450 775 3637 830 Nihilo

2065 854 2249 908 minus
2276 854 2318 910 si
2348 855 2478 924 quid
2515 860 2965 927 reprehensionis
2983 877 3070 917 res
3102 863 3290 925 habet.
3322 881 3433 918 non
3465 882 3495 919 a
3520 883 3628 930 me,

2063 957 2254 995 verum
2309 959 2339 998 a
2380 961 2576 1016 magno
2600 949 2902 1005 domestico
2951 967 3053 1021 par
3100 961 3184 1008 est
3221 963 3283 1008 ut
3335 953 3633 1025 imperator

2063 1032 2332 1088 rationem
2363 1038 2542 1106 exigat
2573 1039 2664 1106 (ab
2703 1054 2770 1094 eo
2792 1042 2995 1112 quippe
3029 1043 3231 1099 missus
3258 1044 3480 1118 fuerat).
3505 1046 3633 1103 Post

2057 1121 2375 1191 juramento
2423 1127 2747 1184 conﬁrmato
2786 1141 2842 1186 et
2890 1133 3084 1203 legatis
3118 1134 3340 1204 tradito,
3386 1137 3636 1194 laetantes

2059 1214 2290 1270 dimisit.
3411 1235 3414 1238 ·

379 1292 766 1391 ἁμάρτημα
817 1298 1158 1368 Ἀπόκαυχος
1198 1299 1252 1353 δὲ
1289 1301 1386 1370 οὐχ
1435 1301 1513 1364 ὡς
1582 1301 1836 1372 πρέσϐις,
1907 1303 2028 1356 οὐδὲ
2066 1304 2166 1374 τῆς
2213 1307 2440 1380 εἰρήνης
2493 1309 2818 1384 βεϐαιωτὴς,
2865 1315 3060 1386 (ταῦτα
3103 1316 3212 1388 γὰρ
3241 1320 3306 1389 τῇ
3352 1319 3459 1391 ἐμῇ
3511 1319 3634 1389 θεία

381 1387 704 1459 προσῆκεν),
755 1391 872 1443 ἀλλ’
910 1391 990 1455 ὡς
1039 1396 1618 1466 γραμματοκομιστὴς
1673 1396 1953 1466 ἀπεστάλη
1998 1401 2181 1468 μόνον.
2214 1399 2401 1472 Ἰσμεν
2441 1404 2495 1457 δ’
2554 1407 2634 1459 ὅτι
2675 1411 2769 1462 καὶ
2811 1410 3066 1480 μεγάλων
3131 1387 3303 1465 ἕνεκα
3336 1387 3634 1480 καὶηάναγξ

375 1482 682 1534 καιοτάτων
709 1481 1020 1552 πέμποντές
1053 1501 1159 1539 τινι
1193 1486 1525 1556 γράμματα,
1588 1489 1822 1552 καὶτοῖς
1851 1489 2210 1557 φαυλοτάτοις
2276 1495 2387 1547 τῶν
2454 1497 2684 1551 οίκετῶν
2735 1501 2999 1571 χρώμεθα
3048 1504 3184 1572 πρὸς
3239 1505 3630 1574 μετακομιδήν.

377 1577 568 1647 Ὅμως
595 1579 647 1631 εί
681 1580 772 1631 καί
808 1595 930 1632 τινα
964 1582 1078 1651 ἔχει
1129 1581 1359 1651 μέμψιν,
1404 1583 1559 1653 παρά
1620 1583 1716 1636 τοῦ
1782 1586 2021 1654 μεγάλου
2061 1587 2387 1658 δομεστίκου
2426 1591 2526 1656 τάς
2576 1593 2806 1656 εὐθύνας
2851 1595 3129 1662 ἀπαιτεῖν,
3173 1599 3233 1652 οὐ
3289 1600 3422 1664 παρ’
3471 1598 3630 1669 ἐμοῦ,

376 1677 640 1744 προσήκει
677 1674 769 1726 τὸν
797 1674 1024 1746 βασιλέα
1065 1677 1218 1746 (παρ’
1244 1676 1409 1730 αὐτοῦ
1445 1678 1554 1749 γὰρ
1623 1680 1975 1750 ἀπέσταλτο),
2027 1683 2156 1747 τοὺς
2221 1684 2418 1754 ὅρκους
2458 1687 2517 1740 δὲ
2557 1686 2866 1757 βεϐαιώσας
2915 1692 3010 1745 καὶ
3049 1695 3160 1756 τοῖς
3210 1692 3505 1764 πρέσϐεσιν
3542 1695 3634 1760 ἐγ-

373 1771 628 1842 χειρίσας
657 1771 951 1842 χαίροντας
979 1771 1385 1836 ἐξαπέστειλεν.

1765 1885 1993 1942 CAPUT
2035 1883 2230 1939 XXiV.

370 1983 561 2037 Junior
590 1985 880 2053 imperator
913 1980 1300 2053 Adrianopolin
1348 1997 1606 2053 reversus,
1639 1997 1713 2053 eo
1749 1996 1969 2053 umorem
2016 1988 2187 2053 vocat.
2224 1976 2508 2053 _zEstatem
2541 1996 2596 2032 in
2638 1977 2926 2053 lustrandis
2964 1993 3013 2036 et
3059 1986 3369 2039 ordinandis
3413 1988 3627 2041 urbibus

438 2054 608 2126 ponit.
635 2048 960 2126 Syrgiannes
993 2051 1060 2104 ad
1087 2048 1262 2126 senem
1293 2051 1568 2126 perfidiose
1615 2051 1806 2126 deﬁcit.
1862 2050 2002 2103 Eam
2044 2048 2395 2126 defectionem
2445 2049 2738 2126 nepos_illi
2787 2053 3128 2126 exprobrans,
3169 2056 3240 2106 ad
3281 2055 3440 2120 fidem
3470 2073 3629 2126 porro

439 2117 720 2176 colendam
741 2117 1038 2195 :ltortatur.
1077 2120 1249 2195 Negat
1294 2117 1934 2195 Syrgianne‘scbjectai
1963 2120 2053 2195 sed
2111 2119 2317 2195 litteris
2352 2117 2660 2195 ngantinis
2702 2117 3047 2195 convincitur.
3084 2117 3298 2195 iterum
3348 2127 3412 2178 de
3460 2117 3624 2195 o/ﬁcio

439 2201 702 2247 monetur.
739 2191 1103 2262 Pernegat,rct
1134 2188 1450 2260 Byzantium
1473 2190 1856 2262 proﬁciscitur.
1888 2188 2103 2262 Bellum
2133 2188 2468 2251 recrudescit,
2502 2204 2660 2256 nepos
2691 2191 2978 2244 exercitum
3021 2194 3092 2246 ad
3150 2209 3304 2262 arma
3344 2197 3398 2248 in
3433 2188 3628 2253 adher-

434 2264 606 2318 sarios
641 2259 950 2316 exsuscitat.
987 2261 1131 2315 Mira
1165 2259 1404 2313 omnium
1433 2261 1709 2330 pugnandi
1740 2259 2026 2328 cupiditas.

434 2378 606 2441 Αὐτὸς
638 2377 696 2428 δὲ
730 2377 872 2442 μετὰ
891 2375 992 2444 τὴν
1033 2375 1420 2446 Πεντηκοστὴν
1484 2375 1708 2427 Ἰουνίου
1767 2372 1936 2443 μηνὸς

2111 2367 2424 2425 Secundum
2486 2368 2844 2428 Pentecosten
2875 2414 2890 2438 ,
2945 2375 3170 2429 ineunte
3217 2376 3386 2432 Junio
3416 2418 3440 2439 τ
3493 2395 3622 2440 cum

367 2468 659 2538 ἱσταμένου
704 2464 990 2530 ἀνέζευξεν
1045 2465 1126 2528 είς
1185 2464 1665 2533 Ἀδριανούπολιν·
1717 2464 1942 2533 πέμψας

365 2560 418 2612 δὲ
449 2560 532 2617 si;
565 2556 666 2627 τὴν
699 2554 1144 2618 Κωνσταντίνου,
1201 2555 1294 2607 καὶ
1342 2552 1442 2624 τὴν
1488 2555 1723 2622 γυναῖκα
1771 2551 1938 2605 αὐτοῦ

366 2648 610 2718 Εἰρήνην
640 2648 820 2718 ήγαγε
846 2645 984 2715 πρὸς
1018 2644 1228 2709 ἑαυτὸν,
1252 2639 1322 2715 ἧς
1353 2645 1449 2697 καί¹
1482 2645 1622 2714 μετὰ
1664 2643 1759 2715 τὴν
1800 2644 1939 2712 προς

367 2741 590 2811 βασιλέα
618 2739 814 2810 ἄφιξιν·
835 2738 1045 2792 παιδίον
1083 2737 1252 2809 ἄρρεν
1277 2737 1542 2804 τεκούσης
1572 2737 1717 2806 μετὰ
1753 2735 1938 2807 μῆνας

363 2833 502 2886 ὀκτὼ
534 2833 595 2886 τὸ
633 2831 850 2886 παιδίον
879 2831 1180 2900 ἐτεθνήκει.
1240 2829 1298 2882 '0
1333 2829 1588 2897 βασιλεὺς
1619 2829 1677 2880 δὲ
1712 2829 1812 2890 τὰς
1842 2827 1935 2880 ὑπ’

364 2924 524 2978 αὐτδν
559 2924 748 2987 πόλεις
776 2924 1025 2995 περιϊὼν,
1061 2924 1153 2975 καὶ
1185 2922 1295 2976 τῶν
1325 2921 1474 2990 αὺτῷ
1511 2921 1783 2973 συνόντων
1810 2920 1936 2981 τοὺς

362 3017 820 3088 ἐπιφανεστέρους
845 3017 1031 3084 τιμαῖς
1085 3031 1144 3067 τε
1193 3015 1286 3068 καὶ
1336 3013 1587 3083 δωρεαῖς,
1619 3013 1715 3064 καὶ
1760 3014 1933 3081 έπαρ-

363 3111 496 3180 χιὼν
525 3110 621 3163 καὶ
652 3108 860 3160 πόλεων
873 3107 1218 3178 ὲπιτροπαῖς,
1245 3106 1370 3166 τοὺς
1397 3103 1442 3156 δ’
1467 3103 1665 3164 ἄλλους
1687 3104 1937 3173 χρήμασι

364 3204 456 3256 καὶ
509 3200 748 3272 ἐτησίοις
797 3199 1147 3270 θεραπεύσας
1203 3197 1507 3266 προσόδοις,
1568 3196 1810 3266 διέτριψε
1871 3196 1934 3248 τὸ

362 3296 540 3366 θέρος.
574 3293 810 3364 ἸΙδη-δὶ
868 3294 962 3346 τοῦ
993 3293 1184 3362 θέρους
1221 3291 1606 3356 τελευτῶντος,
1638 3292 1785 3344 κατὰ
1832 3293 1932 3356 τὰς

365 3388 546 3458 ἀρχὰς
587 3387 827 3457 μάλιστα
881 3383 973 3438 τοῦ
1001 3383 1314 3453 Αὐγούστου
1371 3385 1562 3452 μηνὸς,
1595 3384 1645 3436 οἱ
1697 3383 1832 3454 πρὸς
1862 3385 1937 3455 τῇ.

366 3478 778 3531 Κωνσταντίνου
807 3476 900 3529 τοῦ
929 3475 1196 3544 βασιλέως
1219 3474 1364 3542 φίλοι
1393 3473 1612 3543 δηλοῦσι
1635 3473 1724 3526 διὰ
1748 3491 1932 3544 γραμ-

363 3570 550 3637 μάτων
593 3566 764 3635 αὐτῷ,
797 3567 874 3629 ὼς
900 3569 926 3618 ό
959 3567 1298 3635 Συργιάννης
1342 3564 1651 3634 συμϐάσεις
1681 3565 1817 3631 πρὸς
1839 3563 1932 3617 τὸν

363 3663 455 3714 σὺν
492 3659 718 3713 πάππον
772 3659 1019 3727 θέμενος,
1073 3656 1328 3726 ἀφίξεται
1394 3655 1532 3726 πρὸς
1579 3656 1743 3709 αὐτὸν
1802 3656 1930 3709 ὅσον

2047 2465 2297 2538 exercitu
2340 2461 2740 2533 Adrianopol-in
2796 2481 3105 2539 regressus.
3152 2468 3346 2529 lrenen
3399 2492 3628 2536 uxorem

2045 2553 2518 2631 Constantinopoli
2555 2558 2934 2616 adducendam
2973 2563 3041 2616 ad
3067 2580 3127 2618 se
3153 2576 3331 2621 curat.
3365 2569 3460 2623 Illa
3499 2581 3625 2640 post

2045 2650 2340 2707 adventum
2375 2668 2536 2707 suum
2572 2653 2786 2722 prolem
2822 2655 3120 2710 masculum
3153 2659 3314 2726 parit,
3347 2677 3468 2730 quae
3499 2673 3624 2732 post

2043 2749 2168 2794 octo
2217 2755 2434 2798 menses
2468 2743 2630 2798 obiit.
2668 2743 2974 2812 Imperator
3004 2747 3172 2802 urbes
3192 2763 3326 2804 suas
3347 2751 3616 2818 invisens,

2041 2838 2099 2884 et
2127 2845 2354 2888 suorum
2383 2834 2690 2888 nobiliores
2722 2833 3054 2903 honoribus,
3096 2841 3424 2895 muneribus
3444 2881 3460 2907 ,
3493 2858 3624 2912 pro-

2046 2924 2345 2980 vinciarum
2392 2928 2832 2999 oppidorumquc
2881 2931 3244 2999 prmiecturis,
3280 2935 3417 2990 alios
3448 2952 3615 3005 pecu-

2043 3018 2152 3073 niis
2192 3028 2249 3074 et
2311 3021 2512 3075 annuis
2555 3023 2912 3091 pensioaibns
2962 3025 3068 3079 sibi
3097 3024 3409 3091 demerens,
3449 3027 3502 3081 in
3537 3029 3625 3084 bis

2038 3117 2284 3163 aestatem
2329 3113 2608 3166 consumit
2637 3130 2651 3167 :
2704 3129 2811 3184 qua
2847 3115 3137 3184 praecipiti,
3175 3117 3333 3170 initio
3368 3118 3476 3187 76
3502 3126 3618 3172 Au-

2039 3201 2183 3271 gusti
2215 3202 2443 3269 mensis,
2476 3203 2572 3272 qui
2611 3213 2772 3259 crant
2794 3204 3277 3275 Constantinopoli
3299 3209 3484 3273 amici,
3515 3225 3618 3279 per

2038 3293 2254 3347 litteras
2267 3309 2400 3348 eum
2413 3282 2640 3358 docent:
2658 3295 3012 3366 Syrgiannem
3027 3313 3128 3351 avo
3145 3297 3622 3370 ftederatum(72),

2041 3382 2194 3437 brevi
2225 3384 2292 3437 ad
2327 3385 2479 3438 illum
2511 3385 2913 3454 profecturum.
2943 3387 3190 3455 Epistola
3217 3390 3480 3458 perlecta,
3514 3391 3618 3444 im-

2036 3476 2277 3544 peratori
2305 3486 2365 3531 et
2385 3492 2578 3547 magno
2605 3478 2912 3533 domestico
2950 3480 3132 3534 visum
3157 3490 3241 3536 est
3279 3481 3614 3548 faciendum,

2039 3574 2100 3621 ut
2146 3567 2450 3636 perscripta
2489 3569 2714 3624 silentio
2768 3569 2822 3623 in
2854 3585 3096 3640 pmsens
3127 3580 3394 3643 tegerent,
3429 3577 3611 3631 mitte-

2037 3668 2164 3714 rent
2198 3668 2383 3714 autem
2416 3660 2628 3716 altrices
2663 3661 2788 3715 illos
2832 3673 3237 3730 percontatum,
3276 3680 3478 3720 verane
3527 3681 3617 3721 es-

360 3750 551 3805 obnw.‘
576 3751 801 3804 Βασιλεῖ
831 3750 877 3803 δ’
915 3750 1034 3820 ἅμα
1084 3749 1180 3802 καὶ
1219 3747 1442 3818 μεγάλῳ
1491 3747 1799 3817 δομεστίκῳ
1857 3747 1926 3802 τὰ

2039 3761 2178 3812 sent,
2222 3767 2348 3821 quas
2396 3753 2466 3806 de
2509 3751 2817 3823 Syrgianne
2871 3753 3290 3822 signiﬁcassent.
3362 3756 3605 3812 Veritate

357 3844 662 3913 γράμματα
712 3841 1042 3909 άναγνοῦσιν
1077 3839 1250 3893 ἐδόκει
1282 3839 1585 3892 λυσιτελεῖν
1634 3839 1769 3908 πρὸς
1826 3839 1926 3910 μὲν

351 3935 414 3989 τὸ
447 3935 622 4004 παρὸν
650 3935 707 3984 έν
741 3933 1039 4004 ἀπορρήτῳ
1071 3932 1139 3984 τά
1179 3930 1489 4000 μηνυθέντα
1513 3933 1703 4001 τηρεῖν
1729 3946 1744 3961 °
1781 3929 1928 4000 πέμ-

352 4026 562 4095 ψαντας
595 4024 653 4078 δὲ
687 4023 1055 4076 πυνθάνεσθαι
1110 4021 1262 4092 παρὰ
1322 4021 1434 4074 τῶν
1471 4021 1640 4089 φίλων
1696 4021 1745 4073 εί
1791 4022 1929 4085 ὅλως

356 4121 527 4191 ἀληθῆ
554 4119 623 4172 τὰ
656 4119 784 4185 περὶ
823 4115 1133 4187 Συργιάννη
1169 4097 1498 4183 μηνυθέντα.
1534 4115 1785 4184 Σχέτλιον
1811 4115 1923 4184 γὰρ

350 4211 490 4282 ᾤετο
545 4209 641 4263 καὶ
689 4210 829 4279 βαρὺ
891 4208 1022 4278 πρὶν
1079 4205 1322 4276 ἀκριϐῶς
1363 4205 1610 4275 τάληθὲς
1663 4207 1925 4276 ἐκμαθεῖν

353 4299 559 4370 πρᾶξαί
597 4316 651 4351 τι
682 4298 792 4350 τῶν
851 4297 912 4350 οὗ
945 4295 1180 4348 δεόντων
1215 4295 1250 4363 ἢ
1289 4293 1649 4361 φθέγξασθαι.
1697 4294 1927 4365 Πέμψας

351 4391 443 4444 οὖν
477 4391 644 4452 εὐθὺς
671 4388 1004 4441 ἐπυνθάνετο
1024 4404 1038 4418 ·
1068 4386 1116 4439 oi
1142 4385 1187 4437 δ’
1222 4383 1433 4453 ιφασαν
1456 4385 1600 4438 πάνυ
1630 4402 1692 4437 τε
1721 4387 1924 4454 ἐξητα-

2031 3844 2178 3899 enim
2223 3846 2465 3899 nendum
2501 3846 2784 3914 explorate
2824 3847 3066 3916 cognita,
3119 3862 3282 3915 agere
3333 3855 3428 3900 aut
3457 3849 3612 3914 loqui

2034 3935 2183 4004 quod
2241 3936 2424 3989 minus
2467 3935 2809 4000 conveniret,
2844 3951 3008 4005 grave
3037 3947 3093 3990 et
3127 3937 3490 3990 inhumanum
3525 3940 3616 4007 ju-

2035 4024 2316 4079 dicabant.
2359 4025 2442 4078 llli
2489 4026 2903 4094 responderunt
2961 4027 3256 4096 diligenter
3282 4043 3342 4082 se
3371 4029 3612 4097 inquisi-

2031 4115 2198 4178 visse,
2249 4115 2567 4185 liquidoque
2611 4115 2890 4182 didicisse,
2936 4117 3318 4185 imperatorem
3362 4134 3523 4172 avum
3559 4129 3617 4174 et

2032 4206 2394 4277 Syrgiannem
2415 4222 2609 4276 magna
2639 4214 2892 4260 mutuum
2925 4208 3200 4277 pollicitos
3247 4209 3425 4264 imdus
3460 4211 3614 4279 pepi-

2032 4298 2198 4369 gisse.
2250 4299 2310 4353 ld
2357 4313 2417 4352 se
2465 4313 2534 4353 ex
2571 4299 2758 4353 animo
2800 4298 3075 4361 dolentes,
3112 4301 3482 4370 signiﬁcatum
3513 4317 3615 4355 vo-

2033 4389 2200 4444 luisse
2225 4381 2248 4457 3,
2272 4389 2490 4445 rideret
2519 4405 2636 4460 quo
2665 4400 2825 4460 pacto
2855 4401 3034 4447 semet
3067 4387 3300 4446 consilio
3329 4402 3386 4448 et
3435 4409 3604 4464 opera

353 4486 508 4538 κέναι
551 4483 649 4537 καὶ
671 4484 769 4535 σὺν
795 4479 1055 4550 ἀκριϐείᾳ
1085 4477 1278 4548 μαθεῖν
1305 4476 1379 4539 ὡς
1416 4477 1628 4544 μεγάλα
1667 4476 1924 4546 βασιλεύς

2039 4481 2266 4545 iuvaret.
2316 4482 2418 4538 llis
2445 4481 2514 4537 de
2543 4480 2848 4554 Syrgianne
2885 4484 3206 4548 intellectis,
3233 4484 3410 4538 solum
3443 4485 3497 4537 in
3526 4500 3612 4539 sea

352 4591 422 4627 τι
444 4576 540 4628 καὶ
574 4573 918 4642 Συργιάννης
951 4570 1206 4641 ἀλλήλοις
1231 4568 1696 4638 ἐπαγγειλάμενοι
1731 4570 1924 4639 ἐποιή-

355 4681 516 4720 σαντο
549 4665 650 4726 τάς
685 4663 981 4732 συνθήκας.
1018 4662 1111 4714 Διὸ
1141 4659 1238 4713 καὶ
1274 4659 1483 4730 σφόδρα
1515 4659 1921 4729 περιαλγήσαν-

2031 4584 2245 4631 cretum
2289 4576 2570 4634 adducens
2594 4593 2785 4648 nepos,
2824 4580 2903 4634 sic
2935 4580 3052 4634 ait:
3098 4579 3491 4634 Renuntiatum
3517 4588 3604 4633 est

2033 4669 2192 4733 mihi,
2250 4680 2303 4724 te
2335 4671 2602 4727 societate
2653 4682 2813 4742 pacta
2855 4689 2983 4728 cum
3029 4689 3132 4727 avo
3158 4688 3302 4738 meo,
3333 4672 3398 4726 ad
3432 4673 3608 4741 ipsum

352 4775 442 4821 τις
485 4758 886 4828 μεμηνυκέναι.
937 4756 1029 4809 Σοὶ
1079 4753 1137 4808 δὲ
1173 4752 1402 4824 μελήσει
1427 4753 1498 4806 τὰ
1543 4751 1930 4806 λυσιτελοῦντα

2045 4757 2430 4813 transiturum.
2462 4758 2621 4814 Tune
2651 4761 2805 4830 prior
2841 4769 2896 4816 te
2929 4761 2984 4816 in
3006 4760 3255 4816 eamdem
3291 4759 3608 4826 insinuaris,

1599 4869 1816 4930 Jacobi
1847 4873 2114 4934 Pontani
2153 4883 2340 4937 noue.

420 5000 538 5069 (72)
578 4999 836 5069 Quaenam
886 5012 1050 5069 causa
1094 4997 1245 5052 hunc
1279 4996 1662 5069 Syrgiannenr
1690 4997 1923 5066 impule-

350 5067 439 5135 rit,
490 5067 553 5126 ut
604 5070 670 5123 ad
718 5068 990 5124 seniorem
1040 5067 1426 5136 imperatorem
1470 5082 1500 5120 a
1546 5067 1768 5134 juniore
1801 5078 1918 5120 tur-

351 5148 490 5200 piter
513 5139 867 5197 descisceret,
901 5147 1086 5206 narrat
1111 5138 1259 5192 hunc
1285 5137 1338 5189 in
1363 5136 1585 5189 modum
1608 5136 1877 5206 Grc-goras
1903 5155 1916 5190 :

346 5213 610 5265 Caeterum
638 5219 861 5278 magnus
891 5207 1004 5260 dux
1027 5205 1373 5276 Syrgiannes',
1398 5207 1554 5278 rebus
1587 5223 1690 5259 non
1717 5200 1789 5260 ἑοῖ
1805 5222 1924 5260 scn-

346 5283 510 5334 tentia
545 5276 937 5332 succedentibus
962 5280 1203 5346 (putabat
1228 5277 1366 5329 enim
1396 5292 1451 5329 se
1474 5276 1612 5328 velut
1632 5287 1924 5330 concertent
1963 5306 1965 5309 -

343 5351 557 5420 imperii
585 5350 721 5419 fore,
752 5356 798 5399 et
838 5363 932 5399 suo
964 5347 1229 5403 arbitratu
1279 5346 1677 5420 moderaturum
1721 5347 1920 5420 omnia,

343 5416 508 5490 neque
536 5416 784 5486 parvum,
816 5424 908 5469 aut
955 5433 1202 5484 magnum
1245 5416 1531 5485 quidquam
1575 5431 1630 5490 se
1665 5417 1924 5470 nesciente

341 5487 519 5544 actum
549 5490 667 5555 iri),
708 5504 826 5541 cum
863 5495 1058 5555 prtcter
1093 5503 1297 5540 omnem
1333 5487 1772 5555 exspectationem
1798 5503 1911 5540 cer-

339 5571 509 5623 neret,
541 5557 882 5622 imperatoris
925 5557 1164 5609 animum
1199 5555 1796 5625 Cantacuzeno‘magno
1820 5557 1920 5609 d0-

335 5631 550 5684 mestico
575 5644 794 5699 prorsus
821 5641 929 5679 esse
957 5625 1273 5691 devinctum,
1314 5627 1495 5699 dolore
1527 5635 1685 5696 atque
1718 5626 1919 5699 invidia

337 5697 624 5763 a'stuabat,
663 5714 728 5751 ac
773 5703 985 5751 mrestus
1022 5711 1194 5749 secum
1239 5697 1616 5761 meditabatur,
1660 5697 1918 5765 quomodo

340 5769 684 5826 ulcisceretur
734 5767 1136 5838 imperatorem,
1191 5768 1278 5835 qui
1327 5782 1528 5832 eorum,
1593 5780 1710 5836 qua:
1755 5769 1918 5822 verbis

2032 5011 2188 5054 antea
2212 5002 2557 5068 promisisset,
2584 5003 2918 5068 nunc‘reipsa
2940 4973 3139 5057 nu‘llius
3163 5003 3500 5064 meminisset,
3519 5005 3614 5058 sed

2034 5022 2188 5054 antea
2212 5022 2557 5068 promisisset,
2584 5022 2815 5056 nunc'ret
2856 5022 2918 5058 sa
2940 5022 3139 5057 munus
3163 5022 3500 5064 meminisset,
3519 5022 3609 5058 sea

2034 5074 2308 5125 contraria
2360 5075 2530 5140 potius
2577 5075 2755 5127 omnia
2802 5022 3030 5142 [εδει-εκ
3073 5074 3263 5141 quippe
3313 5089 3345 5125 a
3402 5089 3503 5142 quo
3549 5083 3609 5127 ut

2033 5157 2168 5192 unus
2215 5157 2242 5194 e
2278 5142 2460 5196 multis
2511 5141 2884 5211 despiceretur,
2943 5159 3035 5195 nec
3086 5142 3184 5194 ulli
3229 5141 3600 5204 consultationi

2032 5211 2390 5264 adhiberetur.
2422 5212 2659 5265 Decrevit
2689 5214 2854 5281 igitur
2877 5229 2933 5266 se
2962 5213 3032 5264 ad
3063 5221 3288 5265 veterem
3317 5211 3602 5281 imperato-

2031 5294 2142 5333 rem
2173 5281 2430 5350 conferre,
2454 5298 2516 5333 ac
2551 5282 2691 5334 brevi
2711 5279 2951 5350 tempore
2999 5283 3177 5336 omnia
3219 5279 3460 5341 consilia,
3520 5299 3605 5349 res-

2031 5365 2208 5419 omncs
2255 5351 2439 5404 novitii
2491 5360 2737 5403 evertere.
2789 5351 2969 5419 Neque
3019 5352 3158 5404 enim
3203 5351 3485 5418 quidquam
3529 5355 3600 5405 ad

2033 5418 2201 5473 Deum
2247 5421 2534 5487 referebat;
2593 5421 2683 5472 sed
2722 5436 2824 5490 quo
2867 5418 2974 5490 ipse
3030 5420 3364 5480 inclinasset,
3421 5420 3602 5476 eodem

2029 5491 2190 5542 etiam
2222 5492 2432 5556 negotia
2455 5491 2631 5542 omnia
2677 5492 2974 5544 necessario
3003 5491 3332 5544 inclinatura
3354 5491 3596 5556 putabat.

2028 5559 2212 5626 Pergit
2245 5557 2444 5628 deinde
2473 5559 2694 5621 docere,
2733 5576 2894 5627 «unum
2926 5569 2980 5613 et
3024 5562 3140 5614 seni
3169 5560 3508 5628 imperatori,
3544 5575 3603 5617 ct

2028 5628 2229 5698 populo
2268 5627 2565 5698 Byzantino
2606 5639 2758 5697 grata
2793 5637 2849 5684 et
2907 5629 3150 5698 jucunda
3206 5627 3605 5696 illaItransitio

2028 5697 2320 5752 acciderit.
2368 5698 2538 5756 Periit
2588 5709 2770 5755 autem
2822 5697 3043 5766 miSerc,
3091 5708 3152 5753 ut
3200 5715 3296 5756 su:
3344 5699 3466 5756 loco
3509 5703 3604 5756 ἀίει

2028 5777 2204 5823 CClUl‘.
