4136 6288
510 337 602 398 1m
1657 336 1981 398 manus
2021 330 2540 390 CANTACUZENI

3636 325 3736 389 192

506 461 732 514 sperans
760 448 931 516 majus
963 449 1167 517 aliquid
1203 448 1573 514 inventurum,
1602 465 1667 502 an
1696 451 1761 501 ab
1790 465 1855 501 eo
1883 446 2069 498 multis

2187 445 2270 493 καὶ
2309 441 2660 512 βουλεύεσθαι
2693 441 2786 495 καὶ
2815 441 3075 510 πράττειν
3114 437 3315 507 σαυτῷ.
3347 436 3585 492 Τοιαῦτα
3609 441 3736 507 περὶ

511 539 994 607 pollicitationibus
1036 543 1087 594 in
1130 542 1374 613 fraudem
1425 543 1635 595 illectus
1665 540 1761 604 sis,
1797 540 1939 591 haud
1985 553 2072 590 sa-

513 629 584 682 tis
631 631 762 684 scio.
819 632 872 685 Si
912 649 1046 685 vana
1095 644 1223 686 sunt
1275 649 1394 701 qua:
1440 632 1662 695 audivi,
1708 641 1764 686 et
1795 633 1887 700 qui
1930 647 2069 684 nun-

513 721 716 774 tiarunt
765 723 961 775 merito
1007 723 1251 776 accusari
1299 725 1501 776 debent
1569 732 1624 776 et
1688 738 1789 792 ego
1845 722 2072 775 minime

515 811 826 866 laudandus
878 829 1022 877 sum,
1057 816 1150 882 qui
1179 816 1532 884 sycophantis
1563 815 1724 869 (idem
1754 815 2079 869 commoda’

515 903 686 955 verim
739 903 875 966 (75).
923 903 1002 964 Si,
1047 912 1107 956 ut
1148 904 1418 966 dicebam,
1455 914 1548 959 aut
1574 906 1694 974 plus
1721 913 1770 958 te
1806 919 2076 958 consecu-

517 1003 696 1044 turum
741 992 1060 1051 arbitratus.
1112 1003 1206 1047 aut
1248 994 1491 1049 indidem
1528 987 1822 1063 persuasus
1849 995 1954 1047 huc
1981 996 2074 1048 de-

513 1083 734 1145 venisti,
761 1093 816 1135 et
847 1083 932 1136 his
962 1085 1389 1154 cogitationibus
1418 1088 1631 1140 monitu
1662 1101 1784 1140 meo
1804 1087 2070 1149 excussis,

517 1171 675 1225 ﬁdem
729 1174 862 1226 mihi
923 1191 1275 1244 amoremque
1318 1179 1608 1247 pristinum
1677 1179 1967 1232 sinceriter
2011 1193 2074 1230 ac

517 1264 728 1331 puriter
773 1270 1034 1334 praestare
1085 1268 1323 1321 volueris
1345 1308 1358 1329 ,
1391 1285 1543 1338 mque
1575 1278 1635 1322 ut
1669 1277 1794 1321 ante
1834 1268 2075 1321 benevo-

515 1354 626 1406 lum
662 1371 747 1408 me
797 1367 851 1408 et
880 1359 1115 1411 amicum
1153 1359 1250 1411 tibi
1286 1359 1409 1412 faxo
1439 1361 1726 1427 experiare
1756 1375 1771 1412 :
1806 1375 1906 1413 nec
1937 1373 2076 1427 prte-

517 1447 714 1508 terita,
768 1448 992 1514 p«riude
1045 1465 1108 1502 ac
1169 1451 1214 1503 si
1257 1451 1407 1504 nulla
1465 1451 1717 1513 fuissent,
1779 1449 2070 1518 reputabo,

519 1536 965 1604 quandoquidem
995 1551 1195 1606 praeter
1248 1556 1398 1594 meas
1436 1543 1729 1610 magnique
1785 1540 2075 1595 domestici

517 1623 724 1677 nullius
766 1643 928 1682 aures
983 1631 1299 1698 tetigerunt.
1348 1631 1404 1686 Si
1444 1647 1577 1686 vero
1627 1643 1685 1686 ut
1737 1632 1985 1701 iniquum
2021 1639 2078 1686 et

520 1729 751 1783 nequam
793 1733 878 1772 me
901 1719 1059 1788 fugis,
1087 1736 1410 1791 mecumque
1431 1724 1616 1776 vivere
1659 1737 1720 1776 ac
1753 1722 1962 1776 versari
1996 1721 2079 1774 in-
2105 1755 2153 1815 Β

521 1805 860 1860 tolerandum
882 1821 1037 1876 putas
1062 1828 1074 1862 :
1106 1812 1203 1866 sed
1230 1813 1298 1866 ab
1321 1827 1424 1866 avo
1449 1812 1633 1866 divina
1656 1812 1904 1881 quaedam
1936 1812 2078 1866 bona

520 1904 572 1948 te
614 1897 940 1965 adepturum
990 1903 1248 1964 credens,
1279 1903 1344 1956 ad
1379 1903 1529 1956 illum
1567 1912 1618 1957 te
1657 1903 1956 1972 adjungere
1981 1902 2080 1957 de-

519 1983 966 2040 liberalissimum
1019 1990 1210 2053 habes,
1255 1991 1415 2046 doleo
1457 1995 1558 2046 ista
1599 1993 1936 2048 discessione
1965 2002 2078 2056 tua.

519 2090 643 2127 cum
687 2091 771 2130 me
801 2079 980 2132 amico
1031 2089 1085 2132 et
1117 2081 1372 2136 familiari
1399 2086 1670 2153 privatum
1697 2085 1931 2147 videam.
1967 2087 2080 2139 vim

521 2178 700 2222 tamen
753 2185 859 2222 non
911 2171 1226 2235 intentabo,
1277 2190 1456 2244 neque
1504 2176 1738 2229 invitum
1774 2175 2024 2231 retinebo
2063 2193 2077 2230 :

520 2259 740 2326 quando
774 2277 953 2329 neque
982 2278 1011 2316 a
1043 2264 1315 2335 principio
1341 2266 1427 2339 vel
1465 2267 1584 2336 lege
1610 2267 1831 2332 bellica,
1864 2270 1947 2322 vel
1975 2269 2081 2323 alia

520 2349 752 2415 quadam
811 2352 1106 2417 violentia,
1160 2366 1218 2411 ut
1282 2358 1416 2410 mihi
1478 2359 1753 2421 servires,
1814 2369 1866 2414 te
1927 2375 2080 2414 com-

521 2440 638 2505 puli
677 2455 691 2490 :
726 2457 920 2495 verum
951 2445 1095 2499 ultro
1125 2461 1210 2500 me
1245 2457 1489 2512 secutus,
1523 2450 1654 2503 mihi
1683 2451 2079 2516 adhaerescere,

523 2545 736 2583 mecum
785 2543 949 2600 caput
993 2535 1267 2605 objectare
1310 2538 1595 2606 periculis,
1648 2555 1878 2610 meaque
1919 2557 2082 2596 causa

523 2618 746 2686 quidvis
787 2621 1496 2698 facturumpassurumque
1540 2631 1864 2700 promisisti.
1915 2632 2082 2702 idque

527 2723 584 2762 re
624 2710 739 2776 ipsa
771 2714 937 2766 etiam
969 2717 1227 2782 praeclare
1262 2717 1654 2776 demonstrasti
1686 2723 1821 2793 (74).
1847 2723 2082 2780 Verum-

525 2807 708 2853 tamen
750 2815 851 2855 nec
887 2817 986 2872 ego
1033 2804 1277 2874 ingratus
1330 2809 1766 2881 meritorumque
1795 2813 2085 2869 immemor

525 2889 627 2944 fui.
667 2891 802 2944 Nam
829 2908 953 2947 cum
987 2894 1130 2950 Deus
1157 2900 1372 2954 ardenti
1395 2903 1667 2958 voluntati
1701 2920 1834 2959 mea:
1862 2905 1915 2959 in
1945 2907 2084 2960 ami-

526 2995 620 3035 cos
661 2983 827 3035 etiam
860 2987 1174 3041 facultatem
1209 2991 1514 3057 tribuisset,
1544 3009 1669 3048 cum
1699 2997 1854 3060 alios,
1898 3009 2010 3051 tum
2033 3009 2084 3054 te

2173 533 2476 602 Συργιάννη
2508 533 2816 602 πυθόμενος
2843 535 2869 585 ὁ
2911 531 3190 601 βασιλεὺς,
3222 530 3341 582 κατ’
3380 529 3513 582 ίδίαν
3573 530 3737 598 μόνον

2175 623 2524 693 παραλαϐὼν,
2569 624 2877 690 Ὶικηκόειν,
2934 623 3038 692 ἔφη
3073 623 3210 692 πρὸς
3242 621 3423 684 αὑτὸν,
3475 621 3602 687 περὶ
3642 618 3736 670 σοῦ

2172 715 2246 775 ὼς
2280 715 2578 782 συμϐάσεις
2635 715 2861 782 θέμενος
2892 713 3027 782 πρὸς
3055 714 3144 764 τὸν
3178 713 3308 779 ἐμὸν
3361 710 3584 762 πάππον
3642 709 3740 762 καὶ

2176 803 2398 872 βασιλέα
2435 802 2650 870 μέλλεις
2714 801 3074 870 μεθίστασθαι
3110 801 3245 870 πρὸς
3283 801 3446 854 αὐτόν
3475 815 3490 831 °
3529 801 3636 853 εἴτε
3679 799 3735 851 δέ

2173 891 2332 953 αὐτὸς
2357 891 2480 953 τοὺς
2505 890 2694 957 λόγους
2732 890 2973 959 ἐποιήσω
2999 889 3234 958 πρῶτος,
3267 889 3494 952 ἐλπίσας
3511 907 3562 942 τι
3586 889 3742 941 πλεῖ-

2175 1001 2233 1035 ον
2263 983 2539 1051 εὑρήσειν.
2595 982 2692 1034 εἴτ’
2719 982 2930 1033 ἐκεῖθεν
2953 981 3176 1044 πολλαῖς
3201 982 3559 1050 ὑποσχέσεσιν
3589 985 3737 1034 άπα-

2173 1074 2357 1142 τηθεὶς
2390 1073 2666 1141 ἐπείσθης,
2703 1073 2904 1125 εἰδέναι
2947 1074 3133 1141 σαφῶς
3188 1073 3286 1124 οὐκ
3345 1073 3474 1142 ἔχω.
3531 1075 3591 1125 Εί
3632 1074 3734 1142 μὲν

2175 1160 2268 1216 οὖν
2316 1163 2414 1216 οὐκ
2448 1161 2620 1231 ἀληθῆ
2657 1163 2725 1213 τὰ
2783 1164 3073 1232 εἰρημένα.
3110 1163 3262 1215 αὐτοί
3292 1182 3348 1217 τε
3387 1165 3436 1215 οἱ
3488 1165 3738 1227 εἰπόντες

2175 1252 2374 1304 δίκαιοι
2431 1250 2879 1320 κατηγορεῖσθαι,
2917 1251 3026 1318 ἐγώ
3083 1269 3140 1304 τε
3175 1251 3322 1317 ἄξιος
3358 1253 3459 1304 οὑκ
3513 1254 3740 1306 ἐπαίνου

2176 1345 2288 1404 τοῖς
2324 1342 2688 1408 συκοφάνταις
2741 1341 3030 1404 πιστεύσας
3065 1360 3077 1372 ·
3115 1343 3162 1394 εί
3219 1343 3284 1408 δ’,
3332 1345 3466 1413 ὅπερ
3508 1345 3664 1412 ἔφην,
3702 1347 3736 1415 ἢ

2177 1432 2340 1493 αὑτός
2374 1449 2426 1485 τι
2459 1431 2878 1500 πλεονεκτήσειν
2907 1433 3154 1494 ἐλπίσας,
3201 1433 3232 1502 ἢ
3264 1432 3473 1485 ἐκεῖθεν
3496 1435 3741 1496 πεισθεὶς

2181 1521 2428 1589 ὑπήχθης
2450 1522 2584 1591 πρὶς
2614 1521 2790 1584 τοῦτο,
2823 1522 2871 1571 εί
2907 1522 3007 1589 μὲν
3038 1522 3316 1591 ἐθελήσεις
3344 1522 3452 1574 τῶν
3478 1521 3736 1574 τοιούτων

2179 1610 2478 1680 ἀποστῆναι
2495 1611 2788 1680 λογισμῶν,
2813 1612 2935 1679 ἐμοὶ
2959 1612 3334 1682 βουλευομένῳ
3361 1612 3623 1676 πεισθεὶς,
3648 1613 3740 1666 καὶ

2179 1703 2276 1772 τὴν
2311 1703 2390 1764 είς
2429 1702 2528 1772 ἐμὲ
2551 1704 2734 1756 πίστιν
2767 1704 2858 1756 καὶ
2885 1704 3068 1769 φιλίαν
3120 1704 3310 1772 ὥσπερ
3346 1707 3438 1756 καὶ
3473 1705 3739 1774 πρότερον

2181 1796 2366 1850 ἄδολον
2394 1797 2490 1849 καὶ
2523 1795 2769 1864 καθαρὰν
2797 1799 3006 1867 τηρεῖν,
3040 1795 3139 1866 τῆς
3167 1797 3337 1865 αὐτῆς
3372 1791 3439 1869 ἧς
3480 1814 3580 1865 περ
3644 1798 3738 1848 καὶ

2182 1887 2445 1958 πρότερον
2479 1887 2811 1950 ἀπολαύσεις
2842 1888 2972 1956 παρ’
3009 1891 3131 1957 ἐμοὶ
3169 1889 3264 1940 καὶ
3299 1888 3478 1956 φιλίας
3506 1889 3600 1940 καί
3654 1889 3746 1938 εὑ-

2184 1981 2420 2050 μενείας,
2443 1978 2596 2031 οὐδὲν
2643 1978 2750 2031 τῶν
2783 1979 3036 2032 τοιούτων
3069 1979 3531 2049 ὑπολογιζομένῳ,
3556 1978 3745 2042 ὥσπερ

2181 2072 2288 2126 οὐδ’
2322 2072 2389 2126 ἂν
2415 2072 2465 2124 εί
2495 2071 2570 2140 μὴ
2605 2073 2706 2142 τὴν
2742 2071 2916 2140 ἀρχὴν
2940 2071 3208 2139 ἐγεγόνει.
3250 2071 3399 2123 Ἐπεὶ
3427 2072 3536 2123 οὐδ’
3571 2073 3745 2140 ἑτέρῳ

2179 2164 2287 2216 σιιινλ⁵
2314 2164 2451 2233 πλὴν
2490 2163 2613 2232 ἐμοὶ
2642 2163 2738 2216 καὶ
2767 2163 2844 2232 τῷ
2878 2163 3099 2232 μεγάλῳ
3125 2163 3430 2233 δομεστίκῳ
3497 2165 3645 2234 μόνῳ
3676 2165 3748 2217 τὲι

2181 2255 2405 2310 τοιαῦτα
2459 2252 2626 2326 ἦλθεν
2662 2257 2741 2318 είς
2773 2256 2965 2318 ἀκοάς.
3007 2256 3068 2308 Ei
3118 2255 3161 2307 δ’
3197 2256 3271 2316 ὡς
3306 2256 3596 2324 άγνὼμονά
3627 2272 3750 2307 τινα

2183 2347 2279 2401 καὶ
2307 2332 2565 2415 πονηρὸν
2605 2346 2706 2415 ἐμὲ
2768 2347 3082 2415 ἀποτρέπῃ,
3116 2347 3209 2398 καὶ
3255 2347 3318 2398 τὺ
3375 2348 3612 2400 συνεῖναι
3651 2349 3749 2400 καὶ

2184 2438 2583 2508 συνδιατρίϐειν
2614 2439 2716 2490 οὐκ
2749 2438 2974 2491 ἀνεκτὸν
3006 2439 3136 2508 ἡγῇ,
3187 2437 3301 2489 ἀλλ’
3337 2438 3589 2505 ὑπερφυῆ
3623 2447 3748 2491 τινα

2183 2533 2276 2582 καὶ
2304 2530 2517 2598 μεγάλα
2568 2530 2720 2600 παρὰ
2773 2529 2868 2582 τοῦ
2904 2530 3039 2598 ἐμοῦ
3098 2531 3325 2583 πάππου
3363 2531 3455 2582 καὶ
3485 2530 3747 2599 βασιλέως

2183 2622 2426 2692 οἰόμενος
2453 2621 2729 2692 εὑρήσειν,
2761 2622 2856 2692 ὅλῃ
2890 2621 3142 2690 προθέσει
3173 2626 3564 2692 προσχωρῆσαι
3596 2623 3747 2692 αὑτῷ

2187 2715 2462 2785 προείλου.
2511 2714 2751 2782 ἀνιῶμαι
2802 2714 2901 2782 μὲν
2956 2714 3048 2766 ἐπὶ
3105 2716 3172 2784 τῇ
3222 2714 3500 2767 διαστάσει
3531 2703 3595 2784 τῇ
3657 2718 3749 2785 σῇ,

2185 2807 2340 2877 φίλου
2389 2809 2482 2860 καὶ
2542 2806 2804 2875 συνήθους
2840 2805 3317 2876 ἀποστερούμενος
3345 2823 3359 2837 υ
3390 2807 3511 2874 βίαν
3559 2807 3615 2859 δέ
3647 2808 3749 2860 οὐκ

2185 2900 2390 2962 ἐπάξω,
2426 2898 2538 2952 οὐδ’
2563 2899 2770 2951 ἄκοντα
2806 2901 3097 2966 κατασχεῖν
3142 2897 3384 2966 ἐθελήσω
3407 2915 3418 2927 ·
3465 2900 3587 2951 ἐπεὶ
3626 2899 3748 2950 οὐδὲ

2185 2991 2282 3059 τὴν
2311 2989 2486 3060 ἀρχὴν
2511 2989 2635 3041 οὔτε
2692 2989 2930 3058 πολέμου
2990 2989 3160 3059 νόμῳ,
3195 2989 3304 3041 οὒτ’
3333 2989 3470 3061 ἄλλῃ
3501 2990 3604 3042 τινὶ
3657 2991 3750 3059 βία

525 3086 768 3139 quoque,
807 3084 867 3128 ut
915 3075 1166 3144 decebat,
1199 3080 1360 3138 donis
1399 3084 1807 3157 honoribusque
1837 3087 1908 3142 ob
1937 3089 2086 3144 labo-

2193 3083 2330 3154 προς
2381 3084 2442 3136 τὸ
2475 3084 2598 3152 ἐμοὶ
2643 3081 2915 3134 δουλεύειν
2978 3082 3370 3152 ὑπηγαγόμην,
3405 3082 3519 3134 ἀλλ’
3569 3081 3752 3134 ἐκοντὶ

534 3178 649 3214 rem
698 3180 762 3218 ac
790 3167 1033 3222 studimn
1062 3185 1191 3241 erga
1227 3188 1310 3228 me
1341 3183 1493 3228 tuum
1525 3188 1912 3234 remuneratus
1939 3196 2082 3235 sum.

532 3253 636 3322 77
677 3253 739 3310 Et
774 3260 1032 3326 quoniam
1076 3264 1265 3318 volens
1295 3280 1358 3320 ac
1389 3267 1568 3322 libens
1600 3284 1812 3325 mecum
1850 3280 1902 3326 te
1956 3288 2087 3328 con-

526 3346 786 3411 iunxisti.
850 3363 1010 3420 turpe
1068 3365 1153 3408 est
1199 3357 1552 3423 clanculum,
1613 3376 1678 3416 ac
1752 3376 1862 3416 non
1907 3364 2088 3432 potius

527 3450 714 3503 aperte
743 3440 1139 3513 valedicentem
1173 3449 1456 3504 recedere.
1502 3451 1692 3520 Neque
1715 3461 1898 3508 tamen
1925 3469 2085 3508 avum

535 3543 716 3582 meum
767 3531 914 3586 bello
961 3538 1272 3592 accinctum
1298 3578 1312 3602 ,
1357 3550 1410 3596 te
1437 3542 1505 3596 ad
1535 3546 1814 3601 vexandas
1839 3547 2089 3602 fortunas

529 3637 679 3676 meas
713 3624 1003 3692 asciscere,
1052 3629 1149 3682 sed
1205 3645 1394 3698 pacem
1440 3647 1504 3687 ac
1534 3631 1716 3690 lcedus
1766 3636 2088 3692 inviolatum

530 3726 774 3779 servare,
819 3725 878 3770 et
931 3726 984 3772 te
1036 3719 1262 3774 subesse
1309 3721 1413 3775 sibi
1456 3721 1577 3778 sine
1615 3725 1742 3779 dolo
1776 3726 1918 3780 malo
1951 3729 2092 3784 velle

529 3807 746 3873 Opinor.
791 3807 1113 3878 Quanquam
1167 3821 1222 3866 et
1267 3813 1370 3867 hoc
1420 3815 1606 3870 mirari
1636 3817 1784 3884 ,satis
1833 3833 2088 3888 nequeo,

534 3910 656 3948 cum
712 3897 864 3952 factis
917 3901 1048 3970 ipsis
1095 3902 1374 3960 benevola:
1416 3909 1616 3963 mentis
1657 3919 1710 3964 et
1765 3912 2093 3970 obedientia:

533 3985 959 4054 signiﬁcationes
1005 3992 1080 4046 ita
1104 3994 1414 4053 luculentas
1438 3997 1710 4064 dederim,
1743 4004 1836 4070 qui
1871 4005 2090 4060 tandem

535 4079 628 4132 ille
677 4082 845 4151 (quod
887 4099 1168 4155 nunquam
1211 4090 1418 4143 veritus
1463 4098 1666 4162 essem)
1706 4095 1858 4149 nullo
1885 4095 2094 4152 indicio

536 4172 668 4225 mihi
703 4189 760 4227 se
789 4176 1024 4230 amicum
1059 4180 1330 4234 ostendat.
1362 4181 1517 4246 Quod
1547 4185 1589 4238 si
1617 4184 1760 4239 forte
1782 4188 1949 4242 armis
1980 4204 2093 4244 me-

537 4278 658 4315 cum
703 4263 986 4320 decertare
1030 4270 1172 4333 apud
1225 4271 1468 4324 animum
1508 4277 1953 4342 proposuit,nos
1985 4279 2095 4334 Deo

538 4354 692 4407 cordi
744 4357 1328 4415 crimus.'Recordare
1370 4362 1664 4418 verborum
1705 4375 1946 4435 tuorum,
1971 4385 2096 4425 cum

539 4444 780 4515 Byzantii
814 4449 881 4502 de
907 4459 1048 4504 statu
1082 4468 1265 4506 rerum
1295 4456 1759 4512 consultaremus.
1782 4459 1918 4514 Cum
1947 4463 2093 4516 enim

540 4544 596 4588 tu
642 4547 698 4588 et
742 4549 1112 4606 protostrator
1147 4559 1314 4612 super
1337 4560 1461 4609 avo,
1483 4561 1606 4614 qua:
1631 4548 1954 4616 meministi,
1975 4551 2097 4607 elo-

539 4629 649 4683 cuti
695 4633 888 4685 essetis
939 4635 1083 4702 (75),
1133 4651 1220 4690 me
1268 4636 1431 4704 longe
1486 4638 1636 4693 aliud
1691 4642 1987 4706 sentiente.
2041 4654 2097 4699 tu

539 4717 688 4774 hunc
732 4722 974 4775 animum
1023 4739 1207 4779 meum
1239 4727 1565 4796 suspiciens,
1601 4729 1770 4786 fidere
1793 4731 1902 4788 Deo
1932 4743 1981 4788 te
2009 4736 2100 4790 (Ιὶ-

2190 3173 2616 3244 προσεχώρησας
2673 3172 2864 3235 αὐτὸς,
2897 3172 3155 3240 ἐλόμενος
3185 3172 3310 3242 ἐμοὶ
3364 3173 3600 3225 συνεῖναι
3657 3173 3755 3223 καὶ

2191 3263 2654 3334 συγκινδυνεύειν,
2713 3264 2808 3316 καὶ
2867 3264 2978 3316 πᾶν
3029 3264 3208 3316 ὁτιοῦν
3265 3263 3421 3333 ὑπὲρ·
3467 3262 3600 3331 ἐμοῦ
3661 3264 3755 3317 κσίι

2189 3358 2522 3427 ὑφίστασθαι
2565 3357 2658 3408 καὶ
2724 3355 2982 3423 πράττειν
3039 3355 3546 3423 ἐπαγγειλάμενος,
3591 3353 3621 3406 δ
3689 3355 3755 3425 δὴ

2188 3453 2281 3504 καὶ
2309 3449 2488 3511 καλῶς
2539 3447 2729 3512 ποιῶν,
2795 3446 2993 3517 ἀληθὲς
3027 3447 3312 3514 ἀπέφηνας
3368 3446 3607 3498 ἐπὶτῶν
3655 3444 3752 3515 ἐρ-

2189 3559 2322 3611 γων.
2355 3541 2429 3594 Οὐ
2462 3539 2567 3613 μὴν
2621 3539 2732 3592 οὐδ’
2763 3539 2931 3600 αὐτὸς
2981 3539 3276 3606 ἀχάριστος
3315 3537 3424 3590 οὐδ’
3473 3538 3752 3606 ἀμνήμων

2191 3633 2396 3702 ἐφάνην
2461 3633 2569 3684 τῶν
2602 3629 2843 3697 ἀγαθῶν.
2886 3628 3048 3682 Ἀλλὰ
3073 3628 3209 3681 Θεοῦ
3261 3631 3325 3698 τῇ
3360 3628 3487 3698 περὶ
3516 3629 3642 3690 τοὺς
3668 3627 3758 3696 φίο

2191 3725 2316 3786 λους
2359 3721 2640 3792 προθυμία
2705 3720 2799 3774 καὶ
2855 3719 3090 3788 δύναμιν
3148 3719 3592 3788 παρασχομένου,
3629 3721 3758 3780 τοὺς

2192 3835 2249 3870 τε
2273 3815 2463 3878 ἄλλους
2495 3816 2588 3866 καὶ
2645 3813 2726 3875 σέ,
2752 3811 2906 3882 ὥπερ
2939 3811 3067 3874 ἔδει,
3100 3813 3284 3880 τιμαῖς
3317 3827 3375 3863 τε
3408 3811 3499 3863 καὶ
3531 3810 3758 3877 δωρεαῖς

2193 3909 2373 3975 ἀξίαις
2439 3908 2543 3960 τῶν
2611 3907 2788 3958 πῧνων
2821 3904 3146 3973 ἠμειψάμην
3180 3905 3273 3956 καὶ
3305 3905 3403 3973 τῆς
3442 3902 3756 3972 προθυμίας

2193 4003 2294 4071 τῆς
2321 4004 2400 4063 εἰς
2429 3999 2548 4068 ἐμέ.
2594 3998 2750 4049 Ἐπεὶ
2779 3995 2872 4048 οὖν
2906 3996 3088 4048 ἑκοντὶ
3118 3994 3450 4064 προσῆλθες,
3489 3988 3590 4046 οὐκ
3622 3995 3760 4059 άγα·

2197 4094 2287 4148 θδν
2320 4091 2594 4162 λαθραίως
2654 4089 2984 4158 ἀναχωρεῖν,
3041 4086 3158 4140 ἀλλ’
3190 4090 3270 4148 είς
3298 4090 3534 4155 φανερὸν
3560 4105 3759 4140 συνταε

2198 4186 2428 4254 ξάμενον
2488 4181 2726 4235 ἀπιέναι.
2781 4181 2978 4246 Οῐομαι
3039 4179 3135 4247 μὲν
3167 4177 3261 4230 οὖν
3301 4178 3424 4229 οὐδέ
3481 4177 3594 4233 τὸν,
3626 4179 3760 4246 ἐμὸν

2198 4277 2423 4329 πάππον
2459 4273 2555 4325 καὶ
2586 4269 2813 4340 βασιλέα
2844 4268 2980 4338 πρὸς
3009 4268 3249 4336 πόλεμον
3303 4267 3758 4340 ἑτοιμαζόμενον,

2199 4368 2290 4421 ἐπὶ
2318 4365 2561 4421 κακώσει
2586 4363 2693 4414 τῶν
2724 4361 2872 4431 ἐμῶν
2899 4361 3245 4430 πραγμάτων
3288 4377 3348 4413 σε
3397 4361 3762 4430 προσλαμϐά-

2199 4461 2381 4516 νεσθαι
2443 4454 2750 4528 βούλεσθαι,
2811 4452 2948 4506 ἀλλὰ
3005 4453 3102 4522 τὴν
3139 4455 3245 4523 μὴν
3289 4453 3370 4514 είς
3404 4452 3504 4519 ἐμὲ
3533 4452 3762 4520 είρήνην

2193 4552 2289 4605 xui.
2316 4549 2418 4610 τὰς
2450 4547 2679 4608 σπονδὰς
2715 4541 3067 4612 ὑγιαινούσας
3129 4544 3320 4612 τηρεῖν
3347 4557 3360 4572 ’
3419 4540 3670 4609 ἐφίεσθαι
3717 4541 3764 4593 δ’

2195 4641 2380 4703 ἁπλῶς
2410 4639 2550 4693 οὑτω
2589 4639 2682 4690 καὶ
2720 4637 2778 4688 σὲ
2805 4636 2993 4704 τηρεῖν
3025 4633 3115 4686 ὑπ’
3167 4634 3351 4687 αὑτόν.
3407 4633 3600 4688 Καίτοι
3670 4648 3764 4701 μοι

2193 4738 2288 4789 καὶ
2315 4733 2476 4787 τοῦτο
2504 4729 2620 4782 λίαν
2651 4727 2832 4780 ἔπεισι
2891 4725 3197 4794 θαυμάζειν
3243 4727 3388 4788 ὅπως
3421 4724 3603 4778 αὐτῶν
3653 4723 3764 4776 τῶν

1792 4877 2006 4938 Jacobi
2040 4877 2304 4940 Ponteni
2337 4883 2520 4937 noue.

612 4999 726 5069 (7'5)
765 4999 903 5083 Olim
925 5003 1071 5083 0:37.;
1104 5003 1235 5071 ﬁcus
1267 5022 1332 5060 ex
1368 5009 1544 5063 Attica
1573 5018 1828 5080 tanquam
1854 5011 2095 5069 fructum

542 5086 762 5147 rarum,
817 5082 868 5126 et
923 5072 1046 5126 ideo
1104 5090 1326 5147 carum,
1380 5072 1825 5147 exportare'non
1873 5083 2093 5138 licebat.

540 5143 641 5208 Qui
670 5149 1018 5211 exportantes
1059 5145 1332 5200 curiosius
1372 5158 1429 5202 et
1452 5143 1841 5215 ’inquirerent,
1869 5161 1925 5205 et
1954 5154 2094 5206 indi-

541 5223 749 5274 carent,
791 5227 885 5265 eos
928 5215 1269 5281 συκοφάντας
1319 5219 1691 5274 nominabant.
1746 5223 1938 5275 Postea
1993 5223 2099 5276 hoc

543 5282 866 5357 vocabulum
901 5281 967 5334 ad
996 5297 1089 5336 eos
1126 5287 1444 5357 translatum
1475 5296 1578 5349 est.
1605 5289 1696 5357 qui
1729 5302 1974 5345 amarent
2003 5308 2091 5344 ac-

542 5351 932 5424 cusare__alios,
963 5367 1057 5403 seu
1098 5354 1201 5424 qui
1244 5371 1566 5424 quacunque
1598 5351 1665 5412 de
1701 5375 1885 5420 causa.
1927 5362 2092 5414 etiam

544 5421 670 5484 levi,
703 5420 933 5474 aliorum
966 5421 1184 5476 nomina
1229 5420 1524 5480 deferrent.
1563 5428 1640 5481 Ad
1671 5429 2095 5484 calumniatores

455 5526 462 5534 .
543 5491 801 5559 denique,
834 5505 940 5558 qua
989 5506 1120 5546 voce
1177 5493 1470 5549 Andronici
1519 5498 1745 5552 minoris
1789 5508 1844 5552 et
1897 5501 2098 5554 Canta-

547 5561 736 5638 cuzeni
767 5560 1166 5638 criminatores,
1201 5565 1513 5638 illiusapud
1551 5567 1932 5638 avum,_hujus
1955 5568 2098 5638 apud

549 5633 757 5747 {\nnam
792 5629 1088 5700 Augustam
1134 5629 1463 5690 creberrime
1494 5636 1548 5688 in
1590 5636 1676 5689 his
1706 5629 1863 5692 libris
1916 5629 2101 5710 appel-

578 5709 736 5747 ΞΗῘΗΙΓ

578 5714 736 5749 ΞΗΗΙΙΓ

2271 5013 2382 5081 (74)
2423 5009 2578 5081 Quod
2636 5007 2824 5063 Graece
2883 5007 3253 5081 interponitur
3277 5046 3308 5081 ,_
3353 5007 3540 5081 καλῶς
3597 5009 3769 5062 ποιῶν

2199 5076 2478 5151 (quodque
2509 5080 2667 5151 aliter
2690 5081 2877 5138 etiam,
2905 5077 2964 5128 εὖ
2999 5076 3228 5151 ποιήσας
3259 5076 3485 5151 dicitur)
3519 5081 3768 5151 expressi

2198 5147 2460 5206 adverbio
2507 5147 2796 5218 pra'clure;
2836 5147 3299 5218 quandoquidem
3328 5147 3474 5218 aliud
3520 5147 3619 5218 ista
3659 5163 3768 5202 non

2199 5227 2349 5276 sunt.
2386 5216 2546 5287 quam
2575 5234 2776 5279 sermo,
2803 5220 2876 5287 rei
2909 5227 3187 5287 eVentum,
3221 5217 3306 5268 vel
3327 5217 3527 5268 factum
3551 5216 3770 5284 aliquod

2201 5285 2574 5359 approbantis,
2594 5303 2656 5340 ac
2679 5285 2904 5359 proinde
2924 5286 3008 5338 his
3025 5287 3217 5349 modis,
3237 5293 3290 5359 et
3315 5288 3518 5359 merito,
3543 5295 3589 5337 et
3614 5296 3772 5351 recte,

2202 5355 2263 5413 ac
2276 5355 2400 5411 bene
2415 5358 2619 5424 quidem
2631 5356 3030 5422 .similibusque
3044 5355 3326 5407 commode
3344 5355 3772 5412 transferuntur.

2272 5429 2384 5496 (75)
2429 5429 2796 5496 l’rotostrator
2836 5425 3217 5496 imperatorem
3241 5439 3455 5496 _senem
3491 5425 3542 5477 in
3571 5441 3764 5496 carce-

2205 5494 2316 5556 rem
2353 5497 2708 5558 trudendum,
2743 5494 3072 5564 Syrgiannes
3103 5494 3463 5548 orcidendum
3508 5495 3774 5550 suadebat

2207 5569 2383 5633 capite
2419 5583 2584 5618 nono.
2611 5566 2690 5618 Ab
2719 5575 2950 5635 utroque
2989 5564 3219 5635 consilio
3264 5564 3557 5617 abhorruit
3589 5565 3779 5635 junior

2207 5637 2571 5694 Andronicus,
2606 5650 2729 5688 cum
2764 5634 3143 5704 Cantacuzeno
3173 5634 3403 5698 faciens,
3439 5634 3600 5704 cujus
3647 5649 3778 5688 sen-

2212 5705 2380 5760 tentia
2417 5708 2480 5759 ad
2533 5705 2712 5769 fugam
2749 5703 3010 5757 duntaxat
3051 5704 3384 5772 pertinebat.
