4136 6288
348 375 448 439 103

1474 370 2010 433 HISTORIARUM
2057 372 2287 433 LIBER
2332 373 2378 435 Ι.

3471 360 3581 442 m

345 488 691 559 πραγμάτων
715 487 810 555 τῆς
868 504 947 551 εις
994 486 1157 541 αὐτὸν
1184 485 1396 549 εὐνοίας
1429 484 1561 556 ἐμοῦ
1610 486 1703 538 καὶ
1734 474 1894 561 eam

2021 482 2205 549 cebas,
2252 484 2344 555 qui
2377 498 2464 540 me
2494 494 2600 541 tam
2629 486 2929 551 clementer
2958 488 3012 542 in
3042 502 3205 542 avum
3227 488 3444 557 allecto,
3479 509 3580 562 pro

343 579 499 641 Θείας
539 580 795 647 ἐναργεῖς
844 579 1281 649 παρασχομένων
1320 579 1422 640 τὰς
1456 575 1781 639 ἀποδείξεις,
1801 574 1908 640 ὅδε,

343 669 483 738 ὅπερ
514 670 614 721 οὐκ
645 671 711 722 άν
750 685 882 721 ποτε
910 669 1143 738 ηλπισα,
1168 669 1227 722 οὐ
1253 670 1532 737 φιλοῦντος
1568 667 1728 735 ἔργον
1759 667 1912 718 οὐδὲν

345 762 687 813 ἐνδείκνυται
714 763 794 824 είς
852 759 973 830 ἐμέ.
1005 759 1068 813 Εἰ
1101 759 1148 812 δ’
1180 760 1289 829 ἄρα
1343 758 1438 812 κα)⁵
1489 758 1749 826 πολεμεῖν
1782 756 1908 822 ἐμοὶ

344 853 678 923 προῄρηται,
710 851 829 921 Θεῷ
870 851 969 921 μὲν
1000 852 1225 921 μελήσει
1264 852 1393 920 περὶ
1423 848 1600 920 ἡμῶν.
1643 850 1911 917 Ἀναμιμ-

340 943 531 1014 νήσκω
560 942 619 994 δέ
655 958 715 994 σε
745 942 839 994 καὶ
893 934 969 996 ὧν
995 942 1156 1002 αὐτὸς
1221 939 1468 1009 ἐφθέγξω
1526 939 1701 1007 λόγων
1750 938 1908 1005 ἡμῶν

342 1035 475 1103 περὶ
499 1032 596 1087 τοῦ
625 1034 677 1086 τί
700 1033 784 1086 δεῖ
811 1033 1075 1103 πράττειν
1099 1034 1155 1085 ἐν
1175 1016 1455 1101 Βυζαντίῳ
1480 1031 1905 1100 βουλευομένων.

343 1125 444 1177 Σοῦ
475 1126 587 1196 γάρ
619 1124 714 1178 καὶ
749 1125 1245 1195 πρωτοστράτορος
1299 1124 1430 1193 περὶ
1490 1121 1584 1175 τοῦ
1643 1120 1908 1189 βασιλέως

342 1218 443 1269 εσα
472 1219 567 1270 καὶ
602 1216 768 1279 αὐτὸς
819 1215 976 1269 οἶσθα
1013 1214 1299 1281 εἰπόντων,
1354 1212 1491 1282 ἐμοῦ
1547 1210 1604 1264 δέ
1652 1210 1908 1264 τάναντία

345 1309 800 1378 βουλευσαμένου,
835 1308 1125 1376 θαυμάσας
1154 1307 1338 1368 αὐτὸς.
1399 1303 1646 1358 Πέποιθα
1696 1302 1904 1369 σαφῶς,

342 1400 498 1468 ἔφης,
533 1400 630 1453 ἐπὶ
660 1398 802 1468 Θεῷ,
836 1398 910 1461 ὡς
942 1396 1038 1450 σοῦ
1066 1397 1256 1451 τοῦτον
1283 1398 1375 1450 τὸν
1404 1397 1603 1467 τρόπον
1635 1394 1763 1464 περὶ
1814 1393 1905 1446 τδν

343 1493 570 1546 πάππον
592 1492 687 1544 καὶ
715 1491 940 1561 βασιλέα
963 1489 1334 1558 διακειμένου,
1387 1488 1550 1550 αὐτὸς
1584 1490 1611 1540 ὁ
1640 1486 1771 1548 Θεὸς
1805 1502 1906 1539 πο-

340 1584 570 1653 λεμήσει
603 1582 744 1652 ὑπὲρ
774 1582 951 1652 ἡμῶν,
1003 1582 1151 1651 ἡμᾶς
1181 1580 1239 1632 δὲ
1296 1579 1636 1648 ἀμερίμνους
1668 1580 1902 1649 ποιησει.

345 1675 552 1737 Σκέψαι
574 1674 755 1727 τοίνυν
786 1674 814 1726 ὃ
846 1672 1062 1743 μέλλεις
1111 1672 1267 1742 δρᾷν.
1311 1671 1405 1724 Σοὶ
1432 1669 1541 1739 γὰρ
1588 1670 1616 1720 ὁ
1649 1670 1804 1737 λόγος
1825 1668 1901 1720 εί-

345 1784 507 1836 ρηται
531 1766 734 1821 οὑτοσί.
771 1764 1011 1818 Τοιαῦτα
1035 1763 1128 1817 τοῦ
1162 1763 1426 1832 βασιλέως
1489 1763 1756 1845 εἰπόντος,
1798 1762 1905 1814 ἐνί-

343 1875 506 1911 στατο
534 1858 634 1926 μὲν
659 1860 687 1910 ὁ
720 1857 1060 1927 Συργιάννης
1092 1840 1597 1923 σεσυκοφαντῆσθαι
1655 1854 1899 1920 φάσκων,

296 1981 313 1991 -
339 1954 435 2006 καὶ
464 1946 540 2005 ὧν
579 1951 953 2019 κατηγόρηται
990 1948 1160 2017 μηδὲν
1190 1947 1387 2018 ἀληθὲς
1416 1944 1580 2013 εἷναι,
1629 1945 1706 2016 τῷ
1738 1946 1793 1998 δὲ
1827 1945 1903 2016 μὴ

342 2042 562 2113 βεϐαίας
620 2041 958 2110 παρέχεσθαι
999 2039 1124 2110 μηδ’
1178 2040 1425 2108 ἐναργεῐ,
1470 2041 1568 2102 τάς
1603 2037 1903 2104 ἀποδείξεις

342 2133 482 2201 ὑπὲρ
510 2125 586 2185 ὧν
613 2132 993 2200 κατηγορεῖτο,
1016 2129 1336 2200 ὑποψίανζοὺ
1362 2129 1576 2199 μικρὰν
1611 2127 1688 2197 τῷ
1715 2128 1906 2197 στοχά-

342 2223 530 2287 ζεσθαι
561 2223 630 2275 τὰ
671 2225 977 2292 πράγματα
1033 2221 1327 2290 παρείχετο
1371 2220 1656 2290 δυναμένῳ
1685 2222 1749 2272 ἐκ
1795 2218 1903 2271 τῶν

340 2315 537 2383 λόγων,
560 2314 635 2378 ὡς
663 2316 877 2385 πονηρά
912 2312 1159 2366 σύνοιδεν
1181 2312 1378 2382 ἐαυτῷ.
1404 2313 1510 2366 Τοῦ
1536 2313 1721 2381 μέντοι
1748 2310 1905 2382 βασι-

340 2405 478 2468 λέως
513 2405 641 2467 τοὺς
675 2404 883 2467 αὐτοὺς
917 2403 1109 2471 λόγους
1159 2401 1323 2456 πάλιν
1371 2402 1754 2465 ἀναλαϐόντος,
1806 2403 1905 2456 καὶ

341 2496 575 2567 θάρσους
613 2495 996 2565 ἐμπλήσαντας
1044 2494 1118 2556 ὼς
1148 2494 1301 2547 οὐδὲν
1329 2489 1490 2566 ἦττον
1547 2493 1580 2562 ἢ
1640 2494 1904 2561 πρότερον

339 2588 581 2658 εὐμενῶς
610 2588 945 2641 διακείσεται
979 2585 1114 2656 πρὸς
1138 2585 1321 2648 αὐτὸν,
1353 2584 1614 2652 ἀπῆλθεν.
1660 2585 1753 2637 Ἐκ
1774 2585 1903 2654 μέν·

343 2695 425 2729 τοι
474 2677 773 2740 Βυζαντίου
828 2676 980 2744 παρὰ
1010 2675 1120 2728 τῶν
1153 2672 1247 2726 τοῦ
1281 2674 1406 2727 νέου
1436 2673 1705 2745 βασιλέως
1739 2676 1905 2742 ἀγγε-

343 2769 452 2823 λίαι
475 2769 746 2838 ὁσημέραι
769 2766 1096 2835 ἀφικνοῦντο
1111 2766 1302 2834 φίλων,
1322 2766 1390 2820 τά
1413 2782 1469 2818 τε
1499 2765 1623 2836 περὶ
1646 2766 1906 2833 Συργιάνι

344 2876 441 2932 νην
473 2860 775 2924 πείθουσαι,
805 2859 879 2920 ὡς
906 2858 995 2928 εῖτ,
1056 2857 1254 2928 ἀληθῆ,
1309 2859 1403 2910 καὶ
1440 2858 1523 2910 ὅτι
1578 2857 1832 2926 βασιλεὺς
1875 2859 1904 2910 ό

344 2953 611 3024 πρεσϐύτε
621 2970 711 3023 ρος
730 2953 800 3005 τά
825 2953 960 3021 πρὸς
987 2952 1078 3005 τὸν
1098 2951 1338 3021 πόλεμον
1363 2949 1678 3021 ἐξαρτύεται
1704 2951 1902 3017 πάντα,

2012 574 2172 629 nobis
2228 585 2603 645 pugnaturus,
2654 594 2868 649 nosque
2917 580 3063 634 omni
3108 595 3236 637 cura
3294 590 3349 637 et
3373 583 3581 640 sollici-

2016 666 2211 719 tudine
2255 667 2588 727 liberaturus
2630 681 2796 725 esset.
2828 670 3009 736 Quare
3033 672 3166 741 quid
3189 688 3317 742 agas
3345 674 3580 744 dispice,

1996 767 2102 810 .tua
2149 757 2353 827 quippe
2406 775 2570 816 causa
2630 762 2749 817 haec
2796 763 2939 818 dicta
2993 775 3142 819 sunt.
3192 764 3364 818 Simul
3412 765 3578 821 linem

2009 846 2271 915 loquendi
2319 851 2491 905 dedit.
2526 852 2850 921 imperator,
2889 854 3224 925 Syrgiannes
3259 855 3574 922 adversari,

2009 953 2072 991 ac
2115 954 2172 992 se
2215 955 2313 1007 per
2343 941 2677 997 calumniam
2715 945 2952 999 delatum
2977 986 2993 1010 ,
3026 956 3309 1015 totamque
3348 963 3577 1002 accusa-

2012 1027 2216 1081 tionem
2294 1045 2415 1084 esse
2476 1035 2910 1088 commentitiam
2964 1034 3258 1090 allirmare.
3324 1035 3574 1092 Attamen

2007 1119 2155 1186 quod
2212 1121 2636 1177 asseverationis
2687 1123 2854 1195 hujus
2905 1140 3087 1195 neque
3128 1126 3353 1191 solidas,
3397 1144 3577 1197 neque

2007 1209 2183 1264 claras
2242 1211 2604 1278 probationes
2658 1214 2989 1278 adducebat,
3045 1231 3168 1269 eum
3225 1217 3577 1271 conscientia:

2005 1300 2185 1355 labem
2238 1302 2294 1355 in
2353 1304 2539 1359 animo
2584 1305 2808 1370 habere,
2843 1307 3023 1362 bonus
3052 1324 3234 1363 rerum
3276 1310 3576 1364 aestimator

2007 1406 2115 1448 non
2165 1392 2361 1452 leviter
2393 1397 2664 1465 suspicari
2701 1408 2936 1467 poterat.
2970 1400 3067 1455 Ast
3106 1401 3443 1469 imperatore
3475 1418 3567 1456 ea-

2005 1481 2128 1536 dem
2180 1484 2438 1551 iterante,
2493 1503 2556 1541 ac
2611 1503 2765 1557 Spem
2804 1490 3094 1546 maximam
3127 1493 3429 1561 injiciente,
3463 1509 3571 1547 non

2005 1577 2186 1631 minus
2235 1593 2398 1647 quam
2450 1581 2681 1636 antehac
2733 1583 2839 1637 sibi
2889 1585 3116 1638 charum
3167 1585 3307 1648 fore,
3363 1602 3392 1639 e
3440 1602 3569 1640 con-

2005 1675 2191 1732 spectu
2230 1668 2385 1722 abiit.
2430 1670 2692 1740 Byzantio
2717 1684 2900 1727 autem
2932 1675 3246 1743 quotidiani
3278 1676 3349 1730 ab
3376 1676 3571 1730 amicis

2006 1758 2302 1835 veniebant
2335 1763 2540 1826 nuntii,
2583 1763 2941 1833 Syrgiannem
2976 1767 3315 1834 proditorem
3330 1782 3483 1831 esse,
3517 1779 3573 1821 et

2004 1853 2410 1920 quamprimum
2447 1854 2538 1908 ille
2568 1856 2853 1920 adfuisset,
2886 1871 3047 1911 avum
3080 1859 3132 1911 in
3167 1859 3390 1924 bellum,
3423 1861 3568 1927 quod

2004 1944 2339 2000 omnimodis
2376 1946 2486 2012 jam
2531 1957 2800 2017 parasset,
2842 1959 3196 2018 erupturum.
3244 1948 3436 2004 Hieme
3477 1965 3573 2018 ap-

2004 2044 2249 2104 petente,
2297 2046 2423 2092 ante
2472 2039 2616 2092 diem
2663 2039 2886 2093 tertium
2921 2040 3107 2094 Nonas
3139 2039 3404 2097 Octobres
3445 2039 3575 2111 Syr-

2003 2127 2257 2195 giannem
2284 2128 2476 2198 junior
2508 2129 2809 2199 imperator
2836 2131 3133 2198 separatim
3168 2130 3354 2185 denuo
3380 2131 3460 2185 sic
3488 2139 3574 2186 est

2003 2218 2202 2283 adfatus
2250 2236 2266 2272 ι
2332 2220 2390 2274 In
2431 2222 2697 2275 memoria
2744 2221 2843 2274 tibi
2878 2237 3000 2275 esse
3043 2229 3291 2287 autumo,
3319 2214 3442 2291 qua:
3469 2238 3571 2276 nu-

2005 2325 2104 2379 per
2144 2321 2321 2367 tecnm
2349 2312 2455 2382 egi.
2494 2314 2573 2367 Ex
2602 2327 2667 2367 eo
2694 2328 2868 2382 usque
2892 2313 3058 2369 hodie
3095 2314 3149 2368 in
3181 2314 3301 2368 dies
3324 2314 3574 2383 singulos

2005 2401 2140 2455 mihi
2197 2406 2505 2466 nuntiatur,
2555 2412 2608 2457 te
2658 2403 3023 2459 defectionem
3077 2404 3145 2467 ad
3191 2420 3351 2458 avum
3380 2415 3573 2473 partu-

2005 2493 2115 2545 rire
2161 2506 2175 2545 :
2223 2508 2324 2546 nec
2370 2493 2422 2546 id
2460 2501 2690 2559 tantum,
2731 2493 2827 2548 sed
2865 2494 3041 2563 ipsqu
3071 2503 3332 2564 praaterea
3365 2494 3568 2548 bellum

2004 2581 2294 2647 instruere,
2332 2597 2454 2651 ,quo
2502 2583 2591 2636 me
2634 2583 2800 2637 simul
2843 2595 2995 2638 actu
3041 2585 3282 2649 veneris,
3317 2585 3567 2639 lacessat.

2003 2673 2282 2743 Quotquot
2329 2690 2458 2728 vero
2488 2675 2618 2728 mihi
2647 2674 2787 2729 bene
2826 2676 3081 2745 cupiunt,
3119 2686 3179 2730 ut
3207 2684 3259 2731 te
3287 2692 3569 2731 coerceam

2004 2768 2331 2820 hortantur:
2363 2766 2443 2821 sic
2468 2768 2617 2821 enim
2648 2766 2849 2821 bellum
2881 2769 3202 2837 quieturum
3230 2785 3244 2832 ;
3276 2779 3331 2822 at
3365 2781 3420 2822 tu
3451 2784 3571 2839 qua:

2004 2866 2164 2911 antea
2205 2872 2268 2910 ex
2313 2872 2398 2910 me
2423 2857 2703 2922 audivisti,
2733 2857 2931 2911 iterum
2961 2860 3174 2913 audies.
3208 2859 3286 2923 Si,
3319 2859 3570 2929 inquam,

2004 2948 2235 3003 m0nitis
2277 2949 2414 3004 meis
2463 2934 2871 3018 obtemperans,
2921 2949 2989 3004 ab
3034 2950 3121 3004 his
3145 2952 3478 3006 meditandis
3516 2961 3571 3007 et

337 3046 409 3111 ὠς
448 3044 669 3115 ἅμα,τῴ
698 3045 1038 3115 Συργιάννην
1092 3042 1386 3112 ἀφικέσθαι
1450 3043 1902 3113 ἀναῤῥαγησομέ-

2003 3041 2230 3109 agendis
2261 3035 2640 3118 ‘abstinueris,
2696 3041 2835 3095 bene
2869 3051 3022 3096 eerte
3055 3059 3070 3095 :
3106 3044 3189 3096 sin
3220 3044 3380 3097 aliam
3417 3058 3570 3097 men-

346 3151 449 3188 aou.
489 3137 652 3203 ’Δρτι
680 3134 735 3185 δέ
765 3134 858 3186 τοῦ
890 3131 1158 3202 χειμῶνος
1209 3131 1891 3203 ἀρχομένου,’οκτω6ρίου

2003 3132 2107 3187 tem
2137 3131 2367 3187 induere
2401 3147 2510 3185 non
2545 3140 2629 3185 est
2655 3141 2715 3184 ut
2747 3133 2949 3200 possis,
2974 3133 3056 3185 lac
3077 3148 3201 3200 qua:
3225 3132 3399 3186 libido
3420 3132 3565 3198 fert;

343 3227 510 3296 μηνὸς
564 3226 794 3295 πέμπτῃ
832 3224 1146 3292 ἱσταμένου,
1200 3225 1363 3276 πάλιν
1412 3224 1439 3273 ὁ
1477 3221 1732 3291 βασιλεὺς
1768 3223 1899 3276 ἰδια-

338 3318 537 3381 ζόντως
567 3318 671 3387 ἔφη
698 3318 831 3386 πρὸς
864 3316 1203 3386 Συργιάννην
1230 3332 1245 3347 ο
1283 3316 1396 3368 Οὐκ
1426 3316 1683 3393 οίιρμαίσε
1699 3310 1771 3369 ὧν
1795 3315 1903 3384 πρὸ

336 3409 531 3476 χρόνου
570 3408 768 3478 μικροῦ
802 3408 935 3476 πρὸς
964 3407 1023 3460 σὲ
1055 3405 1361 3476 διειλέχθην
1391 3405 1768 3475 ἐπιλελῆσθαι.
1804 3405 1902 3458 Ἐκ

333 3501 455 3550 τότε
477 3498 522 3547 δ’
541 3496 687 3571 ,ἄχρι
717 3498 811 3549 καὶ
844 3495 940 3551 νῦν
982 3496 1253 3565 ὁσημέραι
1286 3513 1376 3564 μοι
1421 3495 1740 3564 ἀγγέλλεται
1772 3496 1902 3564 περὶ

337 3587 429 3639 σοῦ
458 3588 533 3649 ὡς
555 3585 861 3655 ἀποστῆναι
887 3585 1020 3655 πρὸς
1037 3585 1128 3637 τὸν
1150 3586 1281 3655 ἐμὸν
1307 3583 1530 3638 πάππον
1551 3601 1624 3637 πα
1634 3585 1902 3654 ρασκευὰ-

331 3669 421 3754 ζῃ.
455 3681 532 3734 Ού
561 3680 668 3749 μὴν
695 3679 810 3732 ἀλλ’
839 3680 919 3732 ὅτι
949 3682 1043 3732 καὶ
1069 3680 1227 3739 αὐτὸ,
1247 3681 1314 3732 τὰ
1342 3679 1477 3749 πρὸς
1496 3680 1727 3748 πόλεμον
1746 3680 1904 3748 ἐξαρ-

329 3770 570 3835 τύεται,
610 3768 687 3832 ὡς
735 3769 853 3838 ἅμα
878 3768 952 3838 τῷ
1014 3770 1072 3822 σὲ
1143 3770 1550 3838 παραγενέσθαι
1609 3773 1743 3844 πρὸς
1802 3772 1901 3841 ἐμὲ

332 3862 685 3931 πολεμήσων.
738 3859 896 3912 Ὅσοι
948 3859 993 3911 δ’
1023 3858 1343 3928 ἐπιτηδείως
1390 3858 1602 3928 ἔχουσιν
1635 3861 1778 3927 ἐμοὶ,
1809 3859 1902 3911 καὶ

333 3951 513 4023 εἶρξαί
543 3970 604 4005 σε
637 3951 1012 4022 παραινοῦσιν,
1045 3951 1118 4014 ὡς
1151 3952 1265 4019 ἅμα
1290 3949 1368 4020 τῷ
1408 3949 1467 4002 σὲ
1495 3946 1780 4021 εἱρχθῆναι
1809 3950 1902 4002 καὶ

332 4046 429 4100 τοῦ
467 4046 713 4116 πολέμου
736 4045 1107 4113 παυσομένου.
1150 4044 1292 4113 Ἐγὼ
1319 4044 1363 4096 δ’
1393 4043 1427 4098 ὃ.
1459 4044 1727 4115 πρότερον
1750 4047 1902 4115 εἰρή-

339 4153 478 4201 κειν,
515 4136 609 4189 καὶ
643 4131 797 4197 αὖθις
843 4135 977 4205 ἐρῶ,
1036 4136 1111 4198 ὼς
1159 4136 1208 4186 εί
1265 4135 1365 4203 μὲν
1398 4138 1511 4198 τοῖς
1539 4137 1690 4206 ἐμοῖς
1725 4135 1902 4202 λόγοις

333 4229 602 4293 πεισθεὶς,
657 4226 753 4281 τοῦ
799 4238 1025 4281 τοιαῦτα
1077 4230 1170 4282 καὶ
1225 4226 1577 4299 βουλεύεσθαι
1630 4229 1723 4282 καὶ
1770 4230 1904 4299 δρᾷν

331 4323 607 4392 ἀποστῇς,
643 4318 824 4383 καλῶς
858 4319 925 4374 ἂν
956 4321 1069 4389 ἔχοι
1095 4323 1197 4373 ’-εί
1223 4321 1269 4373 δ’
1319 4321 1594 4384 ἀδυνάτως
1628 4320 1767 4390 ἔχεις
1804 4338 1903 4390 με·

334 4413 832 4477 ταϐουλεύσασθαι,
863 4412 899 4467 ἃ
923 4412 1103 4484 βούλει
1124 4416 1329 4482 πρᾶττε
1347 4429 1360 4442 ·
1390 4413 1501 4483 ἐγὼ
1520 4416 1625 4483 γὰρ
1652 4415 1712 4467 οὐ
1742 4416 1902 4483 μόνον

327 4509 429 4560 οὐκ
463 4502 639 4573 εἶρξαί
698 4522 756 4557 σε
792 4506 1206 4577 προθυμοῦμαι,
1261 4507 1440 4560 καίτοι
1498 4510 1640 4561 πάνυ
1703 4508 1899 4578 ῥᾳδίως

329 4600 493 4668 ἔχων,
542 4601 615 4662 ὼς
649 4602 747 4653 καὶ
781 4600 945 4661 αὐτὸς
1001 4617 1074 4667 φα
1088 4602 1172 4670 ίης
1201 4600 1288 4662 ἂν,
1315 4600 1431 4654 ἀλλ’
1458 4598 1577 4652 οὐδὲ
1610 4603 1703 4669 τῆς
1725 4600 1894 4670 ἀρχῆς

328 4690 550 4760 παραλύ
562 4708 660 4743 σω.
699 4688 903 4742 Τούτου
929 4688 974 4741 δ’
1025 4690 1186 4741 ἕνεκα
1215 4691 1295 4741 σοι
1321 4687 1494 4742 ταῦτα
1522 4689 1792 4759 προλέγω,
1823 4689 1898 4751 ὡς

331 4783 399 4835 ἂν
425 4783 628 4853 εἰδείης
680 4781 954 4847 ἀπελθὼν,
996 4782 1071 4845 ὼς
1108 4784 1166 4834 οὐ
1211 4781 1408 4845 λαϐὼν,
1446 4783 1581 4837 ἀλλά
1623 4782 1897 4853 φωραθεὶς

328 4875 363 4929 ἃ
388 4873 643 4940 προείλου
663 4871 968 4943 παρώφθης
998 4874 1151 4943 δρᾷν.
1200 4871 1324 4925 Ἐπὶ
1351 4872 1558 4935 τούτοις
1577 4875 1604 4925 ὁ
1625 4874 1898 4942 Συργιάν-

331 4985 429 5037 νης
458 4964 913 5033 συκοφαντεῖσθαι
946 4964 1105 5019 πάλιν
1143 4966 1579 5036 ίσχυρισάμενος,
1613 4966 1707 5020 καὶ
1732 4967 1899 5039 μηδὲν

329 5057 573 5112 τοιοῦτον
605 5056 783 5131 ἐαυτῷ
815 5056 1133 5120 συνειδέναι,
1164 5056 1254 5110 τοῦ
1278 5056 1538 5126 βασιλέως
1570 5058 1899 5130 ἐπιτρέψαν-

326 5168 439 5215 τος,
472 5150 610 5220 πρὸς
642 5147 704 5207 ἃς
728 5150 1062 5217 ἐπετρόπευε
1094 5148 1193 5218 τῆς
1217 5149 1437 5221 Θρᾴκης
1460 5149 1643 5213 πόλεις
1663 5149 1896 5220 ἀπῆλθε.

325 5243 430 5295 Δύο
459 5243 501 5295 δ’
521 5241 580 5305 ἐξ
609 5241 787 5294 αὐτῶν
817 5241 905 5292 τὸν
936 5242 1162 5308 Ἀπρων
1197 5244 1289 5294 καὶ
1315 5240 1412 5311 τὴν
1436 5241 1707 5312 Γαρέλλαν
1734 5258 1901 5312 φρου-

331 5336 451 5403 ραῖς
489 5330 803 5400 κατασχὼν,
857 5329 954 5381 καὶ
1008 5329 1053 5382 τ’
1086 5329 1225 5384 ἄλλα
1282 5330 1725 5402 ἀσφαλισάμενος
1769 5330 1899 5383 ὥστ’

328 5426 472 5493 ἔχειν
716 5420 1034 5490 πολιορκίαν
1077 5422 1347 5490 ἀντέχειν,
1397 5422 1612 5492 ἀπέστη
1644 5424 1778 5493 πρὸς
1808 5424 1899 5477 τὶν

330 5512 708 5581 πρεσϐύτερον
748 5510 968 5579 βασιλέα
1002 5508 1307 5581 Νοεμϐρίου
1335 5511 1523 5581 μηνός.
1554 5511 1706 5581 Ἀμα
1737 5513 1793 5565 δέ
1820 5512 1899 5583 τῷ

327 5600 516 5652 τοῦτον
569 5597 832 5665 ἐπιϐῆναι
864 5593 1212 5677 ξβύζαντίου,
1269 5599 1366 5651 καὶ
1417 5599 1578 5651 ὁτῶν
1632 5600 1899 5669 βασιλέων

332 5694 566 5763 πόλεμος
592 5664 1044 5761 φανερῶςῗιαῦθις
1101 5690 1505 5763 ἀνερριπίζετο.
1549 5693 1606 5745 ’0
1632 5664 1759 5754 ’νέος
1790 5694 1899 5763 γὰρ

333 5783 516 5850 βασιλε
562 5800 588 5844 ς
612 5781 710 5850 τὴν
736 5780 1179 5849 ὑποτεταγμένην
1203 5780 1352 5850 αὐτῷ
1382 5782 1641 5853 στρατιὰν
1676 5783 1896 5838 ἃπασαν

1932 4468 1979 4525 D

2001 3242 2102 3295 ego
2150 3225 2297 3280 enim
2359 3240 2469 3278 non
2522 3225 2683 3278 modo
2722 3232 2981 3278 coercere
3027 3234 3081 3278 et
3112 3225 3479 3293 comprimere
3516 3234 3568 3279 te

2001 3333 2110 3371 non
2138 3331 2295 3381 aveo,
2331 3315 2544 3370 tametsi
2588 3331 2755 3384 parvo
2795 3315 2846 3368 id
2878 3317 3096 3384 negotio
3125 3331 3341 3384 queam,
3368 3327 3426 3369 ut
3455 3326 3569 3371 tute

2002 3408 2359 3471 conﬁtebere,
2380 3408 2472 3462 sed
2498 3423 2673 3475 neque
2694 3406 3074 3475 praefecturam
3093 3408 3200 3478 78
3232 3408 3327 3461 tibi
3349 3408 3567 3476 adimo;

2007 3508 2069 3553 ut
2099 3498 2371 3566 intelligas
2399 3512 2504 3551 non
2535 3512 2619 3550 me
2651 3497 2846 3560 inscio,
2879 3497 2975 3550 sed
3012 3500 3193 3565 potius
3224 3500 3564 3569 negligente,

2003 3605 2064 3643 ea
2114 3600 2165 3644 te
2211 3588 2406 3658 egisse,
2451 3605 2573 3658 quae
2617 3587 2715 3641 tibi
2761 3600 2887 3643 ante
2927 3590 3231 3644 deliberata
3280 3574 3428 3646 sunt.
3471 3592 3569 3646 llic

2003 3676 2603 3752 Syrgianncs‘rursnm
2652 3679 2789 3735 falso
2834 3681 2888 3734 in
2952 3698 3009 3736 se
3076 3693 3284 3736 tantum
3350 3685 3564 3738 crimen

2003 3756 2263 3838 conferri,
2316 3787 2380 3826 ac
2434 3773 2638 3827 nullius
2684 3788 2804 3827 esse
2839 3775 2939 3828 sibi
2969 3775 3246 3828 conscium
3269 3774 3566 3841 allirmans,

2008 3865 2214 3918 libente
2261 3866 2630 3935 imperatore,
2679 3865 2748 3917 ad
2804 3866 2969 3919 urbes
3013 3865 3277 3929 Thracia),
3331 3881 3566 3934 quarum

2006 3955 2323 4024 prmlectum
2356 3957 2570 4024 agebat,
2618 3954 2897 4021 discessit,
2927 3943 3177 4019 acnduas,
3209 3957 3386 4025 Apros
3415 3958 3568 4011 video

2002 4047 2130 4099 licet
2170 4054 2226 4100 et
2277 4043 2583 4106 Garellam,
2647 4045 2915 4112 praesidiis
2949 4047 3234 4113 impositis,
3259 4054 3567 4115 ceteroque

2004 4141 2269 4202 apparatu
2305 4132 2379 4185 ita
2415 4134 2818 4199 communiens,
2862 4144 2921 4188 ut
2950 4134 3295 4189 obsidionem
3329 4138 3565 4192 tolerare

2005 4223 2285 4286 valerent,
2319 4238 2508 4278 mense
2539 4223 2836 4277 Novembri
2870 4223 3188 4297 Byzantium
3219 4226 3386 4293 venit,
3416 4244 3566 4283 mox-

2002 4329 2110 4384 que
2151 4313 2356 4370 bellum
2405 4315 2551 4368 inter
2600 4314 2963 4384 imperatores
2997 4316 3066 4370 de
3098 4318 3316 4387 integro
3361 4329 3421 4396 et
3449 4336 3565 4375 ma-

2007 4405 2208 4461 nifesto
2234 4405 2428 4459 ardere
2449 4405 2640 4476 cmpit.
2666 4405 2864 4460 Iunior
2891 4407 3037 4461 enim
3070 4408 3225 4463 brevi
3248 4411 3423 4480 copiis
3447 4412 3564 4467 suis

2006 4498 2060 4551 in
2122 4514 2290 4552 unum
2340 4498 2566 4563 coactis,
2620 4497 2700 4553 sic
2744 4499 2810 4553 ad
2868 4516 2961 4555 eas
3007 4503 3365 4557 concionatus
3408 4515 3493 4559 est
3547 4522 3605 4560 :.

2006 4589 2163 4643 Pacis
2209 4589 2472 4645 honestas
2526 4578 2605 4644 et.
2634 4591 2839 4645 utilitas
2868 4608 2977 4646 non
3014 4592 3081 4645 iis
3112 4603 3320 4648 tantum
3350 4598 3444 4665 qui
3479 4612 3566 4651 re-

2000 4690 2224 4748 guntur,
2273 4682 2369 4734 sed
2406 4680 2713 4736 rectoribus
2748 4682 2912 4737 etiam
2947 4683 3081 4753 ipsis
3113 4702 3125 4738 :
3162 4685 3324 4739 sicuti
3348 4696 3404 4742 et
3435 4686 3566 4743 belli

1999 4769 2337 4826 calamitates
2362 4772 2518 4827 vobis
2547 4787 2763 4843 quoque
2812 4774 3073 4829 omnibus
3103 4784 3246 4832 nota:
3276 4789 3426 4833 sunt.
3457 4779 3567 4849 Ego

2001 4876 2130 4915 vero
2187 4876 2309 4930 qua:
2351 4861 2606 4932 privatim
2639 4861 2918 4932 possideo,
2953 4880 3142 4921 eorum
3195 4869 3439 4923 omnium
3485 4870 3567 4940 ja—

1999 4962 2236 5016 cturam,
2292 4954 2442 5023 pacis
2500 4954 2802 5011 retinenda:
2865 4957 3039 5026 gratia
3096 4957 3242 5012 haud
3294 4974 3565 5014 reeusem.

2000 5047 2293 5116 Postquam
2331 5052 2512 5100 autem
2554 5059 2694 5101 avus
2733 5060 2890 5102 meus
2923 5048 3091 5116 (quod
3120 5064 3399 5117 nunquam
3446 5065 3566 5104 cre-

2000 5137 2309 5209 didissem),
2346 5145 2537 5209 spreto
2563 5137 2794 5204 laedere,
2827 5139 3032 5192 nullam
3065 5139 3224 5192 nobis
3252 5138 3413 5209 hujus
3444 5155 3568 5208 per-

2002 5229 2145 5286 ﬁdiae
2192 5246 2410 5285 causam
2441 5231 2559 5284 sive
2575 5244 2766 5283 ansam
2794 5231 3187 5297 praebentibus,
3218 5230 3282 5285 ad
3310 5240 3566 5300 apertum

2000 5322 2204 5377 bellum
2262 5322 2534 5390 prosiluit,
2560 5331 2618 5376 et
2645 5337 2767 5376 nos
2791 5322 2963 5375 invito
2994 5321 3430 5391 necessitateque
3468 5323 3568 5376 ad-
3631 5342 3646 5354 -

1999 5414 2107 5469 acti
2134 5414 2200 5467 ad
2234 5428 2382 5467 arma
2417 5413 2577 5475 imus,
2609 5422 2663 5467 et
2692 5412 2946 5467 omnibus
2976 5414 3158 5483 potius
3180 5412 3454 5483 suﬂragiis
3475 5428 3568 5483 pa-

2001 5522 2119 5562 cem
2155 5505 2428 5572 eligimus,
2459 5503 2595 5557 nihil
2621 5512 2796 5559 restat
2827 5505 2975 5558 aliud
3010 5520 3174 5573 quam
3204 5513 3263 5558 ut
3290 5505 3403 5559 Deo
3428 5514 3566 5561 testo

1994 5594 2356 5670 jurisjurandi
2408 5595 2663 5649 invocato
2683 5636 2697 5660 ,
2734 5597 2985 5665 perjuros
3015 5596 3355 5660 invadamus,
3386 5596 3571 5664 provi-

1999 5691 2359 5756 deamusque,
2412 5687 2688 5757 quomodo
2721 5700 2830 5740 non
2860 5686 3030 5756 magis
3066 5687 3197 5756 ipsis
3236 5690 3438 5743 malum
3475 5689 3573 5744 deo

2001 5796 2148 5847 mus,
2195 5792 2361 5847 quam
2399 5789 2460 5834 ut
2493 5794 2564 5834 ne
2593 5778 2696 5848 ipsi
2730 5778 2932 5834 malum
2965 5778 3186 5848 aliquod
3212 5781 3568 5851 accipiamus.
