4136 6288
310 322 405 386 197

1491 313 2031 374 HISTORIARUM
2082 312 2313 372 LIBER
2343 309 2408 378 J.
2445 344 2448 348 ι

3444 311 3546 377 1‘38

307 435 464 505 γίναν
495 430 803 500 Θεοδὼραν,
845 429 948 502 τὴν
979 430 1143 484 αὐτοῦ
1198 433 1298 501 μὲν
1341 427 1517 491 θείαν,
1549 431 1762 500 μητέρα
1811 428 1869 481 δὲ

1994 442 2072 479 ma
2097 424 2319 493 quidem
2343 422 2790 494 cognata,magni
2821 431 3003 477 autem
3031 421 3313 477 domestici
3344 430 3541 486 matre,

306 525 398 583 τοῦ
437 526 682 597 μεγάλου
728 524 1055 592 δομεστίκου
1087 525 1212 577 ἀντὶ
1245 523 1493 591 φρουρᾶς
1519 522 1740 590 ἁπάσης
1775 537 1848 574 κα

307 622 550 677 ταλιπὼν
599 615 688 689 (ἦν
720 615 828 687 γὰρ
867 616 931 687 δὴ
982 616 1079 670 καὶ
1130 616 1269 685 πρὸς
1305 614 1578 682 διοίκησιν
1611 611 1875 682 ἔμπειρος

307 708 604 766 πολιτικῶν
633 705 1003 776 πραγμάτων,
1047 704 1142 758 καὶ
1182 703 1504 773 φρονήσεως
1557 703 1875 771 ἐρρωμενε-

312 803 509 873 στέρας
535 800 570 871 ἦ
601 799 743 854 κατὰ
773 798 936 867 φύσιν
963 795 1286 865 γυναικείαν
1309 793 1593 864 τυχοῦσα),
1619 795 1715 846 καὶ
1743 795 1878 847 πᾶσι

309 897 420 958 τοῖς
477 893 690 946 πόλεων
727 892 957 960 ἄρχουσι
991 890 1087 941 καὶ
1118 887 1420 954 διοικηταῖς
1457 885 1565 937 τῶν
1615 883 1878 954 πραγμα-

311 1003 417 1041 των
444 985 582 1056 αὐτῇ
623 982 915 1035 πείθεσθαι
949 981 1057 1034 πᾶν
1083 979 1167 1032 ὅτι
1213 979 1277 1031 ἂν
1307 975 1506 1046 κελεύῃ
1541 974 1879 1046 προστάξας,

314 1074 543 1130 καὶτῶν
572 1072 703 1143 περὶ
762 1069 943 1123 αὐτῶν
981 1068 1284 1138 φροντίδων
1341 1065 1625 1129 ἀπολύσας
1658 1065 1878 1136 ἑαυτὸν,

313 1168 434 1220 ἐπεὶ
493 1165 588 1218 καὶ
621 1165 654 1233 ἡ
693 1159 927 1233 στρατιὰ
970 1157 1215 1230 ἡμέραις
1265 1157 1412 1210 ὀκτὼ
1463 1157 1882 1226 παρεσκεύαστο

315 1251 388 1312 ὧν
411 1257 608 1318 ὲδείτο,
643 1255 785 1322 ἄρας
814 1253 1046 1318 ἐκεῖθεν,
1089 1247 1254 1322 ἦλθεν
1293 1250 1423 1320 ἄχρι
1463 1246 1876 1318 Τζουρουλόης’

317 1345 924 1418 στρατοπεδευσάμενος
959 1343 1006 1395 δ’
1037 1344 1174 1405 ἐκεῖ,
1207 1342 1425 1411 ἔμεινεν
1453 1341 1667 1410 ἡμέρας
1699 1337 1879 1398 τινάς⁹

311 1440 473 1492 τοῦτο
504 1439 606 1508 μὲν
642 1438 724 1491 ὅτι
756 1437 852 1489 καὶ
878 1434 1088 1505 χειμὼν
1119 1433 1358 1500 ἐξαίσιος
1393 1434 1687 1499 ἐπεγένετο
1737 1427 1886 1497 (ἐπεὶ

316 1532 411 1585 καὶ
456 1530 724 1600 χειμῶνος
765 1523 834 1597 ἦν
863 1527 1004 1597 ὥρα,
1030 1528 1172 1579 κατὰ
1213 1526 1361 1596 μῆνα
1407 1524 1516 1594 γὰρ
1544 1527 1886 1594 ἐστρατοπε-

311 1623 530 1676 δεύοντο
557 1621 944 1690 Δεκέμϐριον),
984 1619 1145 1674 τοῦτο
1177 1619 1222 1672 δ’
1252 1619 1338 1672 ἵνα
1361 1621 1454 1671 καὶ
1480 1616 1540 1670 τὸ
1573 1616 1759 1669 λεῖπον
1791 1614 1887 1683 τῆς

314 1715 572 1784 στρατιᾶς
624 1712 923 1784 ὰθροισθῇ’
971 1712 1035 1765 τὸ
1084 1712 1130 1765 δ’
1164 1710 1246 1764 ἔτι
1293 1710 1500 1763 τούτων
1541 1709 1882 1777 αἰτιώτερον,

311 1807 394 1860 ὅτι
417 1805 516 1875 τῆς
557 1804 702 1858 κατὰ
733 1804 953 1875 Θρᾴκην
1002 1801 1319 1872 Ἡρακλείας
1339 1799 1432 1855 τοῦ
1465 1801 1586 1853 νέου
1619 1799 1881 1870 βασιλέως

314 1898 453 1968 πρὸς
481 1896 572 1948 τὸν
607 1895 982 1964 πρεσϐύτερον
1005 1894 1340 1962 ἀποστάσης,
1370 1893 1399 1945 ὁ
1427 1890 1762 1962 Συργιάννης
1783 1890 1882 1960 τὴν

312 1985 686 2054 Βυζαντίηθεν
748 1983 1009 2055 στρατιὰν
1073 1983 1432 2054 παραλαϐὼν,
1487 1982 1775 2053 ἐνήδρευεν
1824 1981 1882 2032 ὲν

261 2105 268 2113 ι
312 2078 475 2146 αὐτῇ.
505 2057 722 2140 Ἐδοξεν
746 2073 837 2128 οὖν
863 2075 1032 2144 αὐτῆς
1061 2075 1279 2145 πρῶτον
1323 2074 1712 2143 ἀποπειράσαι.
1743 2073 1885 2143 Χρό-

312 2185 409 2220 νου
439 2167 496 2220 δὲ
528 2166 693 2220 αὐτοῦ
732 2184 877 2231 τινος
910 2167 1254 2238 τριϐομένου,
1299 2166 1447 2232 ἔδοξε
1493 2168 1606 2230 τοῖς
1649 2167 1706 2219 έν
1737 2165 1883 2217 τέλει

315 2261 455 2313 πᾶσι
505 2258 601 2312 καὶ
650 2261 765 2321 τοῖς
814 2260 1045 2329 ἡγεμόσι
1086 2259 1184 2327 τῆς
1235 2259 1496 2327 στρατιᾶς
1551 2257 1883 2323 συνελθοῦσι,

318 2349 624 2420 πρεσϐείαν
655 2351 731 2413 ῶς
763 2349 989 2420 βασιλέα
1034 2349 1126 2402 τὸν
1168 2348 1541 2419 πρεσϐύτερον
1560 2348 1886 2401 ἀποστεῖλαι

314 2444 717 2514 ὲξαιτήσουσαν
747 2444 1070 2514 εἰρήνην.“0
1100 2441 1194 2496 καὶ⁸
1221 2441 1315 2495 τοῦ
1343 2442 1464 2494 νέου
1489 2440 1752 2512 βασιλέως
1787 2458 1888 2492 πυ-

316 2536 574 2606 θομένου,
615 2536 738 2588 ἐπεὶ
798 2536 940 2588 κατὰ
991 2533 1218 2604 γνώμην
1272 2532 1420 2604 αὐτῷ
1470 2527 1560 2603 ἦν,
1607 2532 1890 2600 πέμπουσί

315 2641 445 2678 τινα
470 2624 580 2677 τῶν
611 2623 709 2692 τῆς
744 2625 1004 2690 στρατιᾶς
1034 2623 1446 2692 Καλοχαιρέτην
1476 2621 1890 2691 ὠνομασμένον,

317 2715 388 2770 τὰ
415 2715 719 2785 γράμματα
759 2712 1164 2784 ἐγχειρίσαντες
1213 2712 1359 2782 (ἐπεὶ
1423 2713 1510 2766 διὰ
1547 2712 1892 2782 γραμμάτων

316 2801 387 2876 ἦν
429 2805 462 2874 ἡ
496 2803 766 2873 πρεσϐεία
795 2818 806 2830 '
850 2803 1012 2866 αὐτὸς
1046 2802 1101 2856 δὲ
1140 2803 1302 2872 μόνον
1334 2801 1686 2871 διακομιστοῦ
1739 2802 1892 2868 τάξιν

1983 520 2103 571 loco
2125 517 2307 570 onmis
2345 514 2588 584 przesidii
2635 530 2701 568 ac
2726 515 2908 568 tutelae
2940 515 3167 569 relictis.
3213 511 3344 566 Erat
3376 512 3550 581 siqui-

1980 607 2102 662 dcm
2137 609 2310 676 perita
2356 606 2715 676 Palaeologina
2742 605 3116 674 gubernanda:
3149 602 3464 672 reipublicae
3492 612 3549 656 et

1980 697 2240 752 solidiore
2267 697 2579 766 prudentia,
2606 709 2769 766 quam
2799 696 2958 751 cadat
2981 696 3034 748 in
3065 705 3312 747 naturam
3351 692 3549 745 mulie-

1979 788 2155 842 brem.
2207 787 2338 855 Ejus
2399 788 2669 841 mandatis
2718 769 3005 848 omnibus:
3026 794 3079 838 et
3125 782 3342 839 urbium
3383 781 3551 850 magi-

1981 888 2193 934 stratus
2221 894 2435 944 omnes,
2468 888 2523 933 et
2554 894 2736 932 rerum
2785 877 3262 931 administratores
3291 881 3551 941 parerent

1982 985 2105 1024 cum
2146 969 2429 1035 edixisset,
2467 979 2528 1025 et
2561 986 2619 1025 se
2649 972 2797 1024 curis
2847 976 3222 1028 exonerasset,
3255 976 3552 1035 prmterea-

1983 1077 2090 1132 que
2120 1063 2396 1117 exercitus
2429 1079 2524 1131 per
2559 1063 2864 1128 octiduum,
2924 1062 3000 1115 uti
3033 1069 3338 1130 rogaverat,
3373 1073 3433 1112 se
3468 1058 3553 1110 in-

1985 1155 2613 1220 struxissel,Tzurulum
2641 1154 2766 1208 inde
2795 1155 3090 1224 profectus,
3120 1162 3299 1206 castra
3328 1151 3474 1214 fecit,
3501 1159 3558 1204 et

1986 1247 2104 1301 dies
2143 1247 2352 1317 aliquot
2405 1247 2480 1302 ibi
2520 1248 2726 1302 mansit
2760 1267 2771 1300 :
2817 1247 2979 1301 simul
3016 1254 3236 1314 propter
3291 1243 3554 1312 frigorum

1986 1337 2343 1393 acerbitatem
2402 1338 2602 1400 (hiems
2631 1340 2778 1393 enim
2826 1346 2964 1403 erat,
2999 1346 3056 1391 et
3090 1337 3294 1390 mensis
3329 1334 3554 1387 Decem-

1986 1429 2127 1498 ber),
2161 1430 2322 1484 simul
2356 1438 2487 1484 utet
2515 1440 2710 1484 caetera
2745 1446 2871 1499 pars
2895 1429 3394 1484 exercitusinterca
3425 1440 3556 1478 con-

1984 1521 2234 1577 veniret:
2261 1521 2522 1591 quodque
2557 1523 2780 1591 majoris
2812 1522 3000 1588 utique
3033 1519 3290 1572 momenti
3328 1526 3467 1582 erat,
3495 1526 3558 1569 ut
3641 1511 3651 1518 ”

1986 1613 2114 1682 quia
2147 1612 2404 1672 Heraclea
2439 1614 2681 1668 Thracia:
2708 1614 2901 1668 civitas
2941 1613 3046 1666 fide
3077 1622 3232 1680 rupta
3273 1597 3339 1665 a’d
3369 1609 3552 1664 senio-

1989 1719 2102 1757 rem
2137 1703 2450 1767 defecisset,
2475 1715 2528 1757 et
2576 1704 2906 1776 Syrgiannes
2937 1719 3062 1757 cum
3092 1703 3269 1771 copiis
3298 1700 3558 1771 Byzantio

1985 1797 2226 1865 acceptis
2247 1812 2366 1850 eam
2391 1796 2680 1859 insideret,
2700 1797 2818 1866 ejus
2836 1794 3224 1865 recuperanda’
3255 1792 3560 1862 periculum

1984 1887 2140 1954 prius
2169 1886 2347 1943 ﬁeret.
2366 1887 2637 1960 Nonnulla
2656 1897 2901 1955 tempore
2918 1887 3028 1940 illic
3051 1883 3396 1955 consumpto,
3419 1885 3560 1951 opti-

1985 1989 2162 2034 mates
2224 1995 2288 2033 ac
2316 1980 2484 2034 duces
2512 1994 2705 2033 omnes
2726 1988 3006 2044 coeuntes,
3028 1979 3351 2048 legationem
3378 1978 3445 2032 ad
3471 1978 3560 2031 se;

1986 2071 2194 2124 niorem
2242 2069 2310 2124 de
2339 2084 2473 2139 pace
2512 2069 3016 2124 decreverunt..Re
3061 2069 3299 2138 cognita,
3334 2083 3456 2122 cum
3505 2075 3564 2120 et

1985 2176 2156 2231 nepos
2180 2176 2245 2215 eo
2273 2159 2661 2230 propenderet,
2705 2161 3013 2231 gregarium
3055 2159 3371 2229 quemdam,
3406 2157 3564 2212 Calo-

1987 2254 2260 2308 cbwreten
2309 2253 2549 2318 nomine,
2579 2268 2703 2306 cum
2745 2254 2947 2308 litteris
2995 2254 3222 2306 mittunt
3251 2269 3264 2305 :
3293 2266 3392 2320 per
3413 2251 3563 2304 litte-

1989 2361 2078 2400 ras
2103 2345 2250 2399 enim
2283 2346 2481 2415 legatio
2525 2344 2939 2409 conﬁciebatur,
2969 2345 3087 2416 ipse
3139 2344 3406 2400 tabellarii
3445 2352 3565 2399 tan-

1993 2437 2275 2490 tummodo
2315 2438 2494 2492 locum
2533 2439 2770 2491 tenebat.
2823 2437 3021 2492 Earum
3083 2437 3391 2491 litterarum
3451 2438 3567 2490 haec

1994 2528 2096 2582 fuit
2123 2530 2396 2584 sententia
2425 2546 2438 2582 :
2477 2528 2611 2589 Nos.
2642 2513 2942 2598 imperator
2973 2529 3201 2598 optime,
3235 2529 3363 2584 inde
3390 2543 3566 2597 usque

1994 2636 2023 2676 a
2077 2622 2382 2691 majoribus
2423 2622 2658 2678 Romani
2713 2632 2769 2675 ct
2817 2621 3128 2676 felicitatem
3199 2621 3567 2676 Romanorum

1995 2712 2312 2766 beatitatem
2347 2723 2614 2779 nostram,
2672 2722 2730 2767 et
2776 2713 3056 2768 miseriam
3113 2712 3434 2766 eoru-mdem
3482 2713 3569 2765 in-

2005 2801 2316 2856 fortuuium
2359 2846 2361 2848 .
2405 2811 2657 2858 nostrum
2723 2818 2847 2858 esse
2906 2804 3220 2873 opinamur.
3285 2804 3566 2869 Quamob-

317 2899 592 2968 ἐπεῖχεν).
635 2894 856 2966 Ἐδήλου
880 2893 936 2947 δὲ
961 2895 1030 2946 τὰ
1056 2882 1360 2964 γρἋμματα
1388 2893 1652 2947 τοιαῦτα·
1690 2893 1890 2963 Κράτι-

1995 2909 2112 2948 rem
2155 2910 2252 2950 vos
2306 2895 2668 2964 imperatores
2699 2905 2917 2950 nostros
2989 2911 3096 2949 non
3126 2905 3190 2949 ut
3237 2895 3424 2951 hostes
3453 2897 3569 2950 dis-

321 3004 417 3040 στε
445 2986 688 3057 βασιλεῦ,
719 2988 878 3055 ἡμεῖς
908 2984 1112 3039 ἄνωθεν
1150 2987 1214 3038 ὲκ
1247 2985 1526 3056 προγόνων
1555 2983 1706 3047 ὄντες
1761 2985 1890 3036 Ῥω-

1999 2987 2250 3053 cordare,
2300 2987 2397 3042 sed
2448 2998 2506 3042 ut
2551 2989 2759 3042 amicos
2802 2988 3142 3044 concordare
3201 2989 3569 3060 maximopere

322 3082 500 3150 μαῖοι.
551 3079 644 3132 καὶ
675 3079 772 3148 τὴν
835 3079 1142 3144 εὐπραγίαν
1176 3076 1283 3129 τῶν
1343 3075 1636 3145 Ῥωμαίων
1688 3077 1890 3129 οἰκείαν

1998 3079 2250 3148 cupimus
2279 3095 2442 3134 :vere
2467 3081 2788 3150 cogitantes,
2829 3082 3180 3137 concordiam
3211 3092 3447 3136 vestram
3482 3084 3576 3136 in--

318 3170 624 3241 νομίζομεν
653 3171 1021 3240 εὐδαιμονίαν,
1049 3169 1142 3222 καὶ
1174 3168 1272 3240 τὴν
1299 3166 1684 3237 κακοπραγίαν
1712 3167 1891 3219 disad-

317 3283 434 3327 τως
459 3267 515 3317 ὲν
545 3264 651 3334 ἰδίᾳ
681 3263 943 3334 τιθέμεθα
971 3261 1230 3332 δυστυχίᾳ
1254 3277 1267 3289 '
1299 3257 1359 3315 οῦ
1391 3261 1455 3329 δὴ
1474 3260 1750 3318 ἕνεκα,καὶ
1773 3262 1897 3323 τοὺς

319 3355 585 3425 βασιλέας
647 3353 802 3424 ἡμῶν
859 3354 1004 3423 ὑμᾶς
1049 3353 1254 3406 εὐνοεῖν
1313 3352 1587 3422 ἀλλήλοις,
1628 3352 1764 3405 ἀλλὰ
1822 3353 1897 3422 μὴ

318 3448 624 3516 πολεμίους
655 3443 816 3509 εἶναι,
875 3443 1179 3515 ποιούμεθα
1247 3444 1377 3514 περὶ
1443 3442 1718 3506 πλείστου,
1761 3443 1898 3511 ὅπερ

318 3543 479 3594 ἐστὶν
511 3538 710 3606 ἀληθὲς
742 3536 1074 3600 ἐννοοῦντες,
1104 3535 1178 3599 ὡς
1207 3534 1359 3604 ὑμῶν
1405 3534 1506 3604 μὲν
1532 3534 1722 3603 φιλίως
1757 3538 1891 3603 πρὸς

258 3632 269 3644 ’
319 3633 594 3702 ἀλλήλους
619 3629 1001 3698 διακειμένων,
1036 3628 1130 3680 καὶ
1173 3627 1242 3679 τὰ
1275 3627 1376 3694 τῆς
1416 3627 1589 3696 ἀρχῆς
1620 3625 1894 3692 αὐξάνειν,

2000 3182 2365 3237 crementum,
2413 3182 2509 3226 aut
2542 3183 2712 3234 certe,
2765 3183 2824 3226 ιιι
2852 3173 3149 3228 verisimile
3201 3181 3305 3238 est,
3357 3174 3576 3228 nullum:

1997 3263 2240 3334 ejusdem
2263 3263 2649 3317 detrimentum
2667 3279 2786 3318 esse
2809 3278 3030 3319 :conna
3051 3264 3354 3318 inimicitiis
3373 3266 3570 3320 vestris

1997 3370 2106 3410 non
2129 3356 2292 3410 modo
2309 3371 2340 3409 a
2362 3356 2612 3409 barbaris
2633 3355 2905 3421 finitimis,
2927 3373 3114 3411 verum
3140 3356 3306 3412 etiam
3331 3374 3359 3412 a
3383 3357 3580 3412 vobis-

1999 3446 2134 3515 ipsis
2165 3447 2529 3516 principatum
2562 3457 2803 3501 vestrum
2831 3450 3174 3503 destructum
3202 3459 3367 3520 atque
3411 3465 3573 3504 ever-

1997 3552 2119 3592 sum
2146 3536 2236 3591 iri.
2285 3538 2400 3606 80
2431 3537 2726 3607 Aliquanto
2755 3538 2921 3609 igitur
2951 3541 3186 3594 antehac
3209 3541 3432 3595 suborta
3463 3541 3574 3594 dis-

1999 3628 2277 3692 sensione,
2311 3637 2367 3682 et
2399 3639 2597 3698 nepote
2622 3633 2677 3684 i-n
2707 3638 2758 3684 te
2785 3645 2937 3684 arma
2960 3631 3240 3696 moliente,
3288 3647 3412 3687 cum
3461 3632 3574 3703 pri-

317 3727 353 3795 ἢ
381 3727 520 3792 τόγε
546 3721 798 3790 δεύτερον
830 3721 907 3791 μὴ
931 3717 1293 3772 ἐλασσοῦσθαι
1323 3717 1470 3780 είκός
1492 3734 1506 3748 ·
1539 3717 1812 3783 πολεμίων
1840 3720 1890 3771 δὲ

2000 3734 2150 3773 mum
2198 3722 2349 3788 pacis
2380 3721 2717 3776 mentionem
2762 3721 2962 3788 fecisti,
2997 3723 3143 3778 illico
3170 3725 3239 3788 is,
3267 3739 3374 3778 non
3412 3740 3579 3780 secus

314 3817 582 3884 ἀλλήλοις
609 3814 802 3878 ὄντων,
844 3812 908 3865 οὐ
949 3812 1109 3880 μόνον
1153 3810 1256 3863 ὐπὸ
1293 3826 1404 3862 των
1438 3809 1743 3879 προσοίκων
1770 3808 1890 3879 βαρ-

2001 3827 2166 3881 qnam
2196 3813 2246 3865 si
2267 3813 2381 3882 ipse
2410 3829 2598 3882 pacem
2622 3823 2854 3884 peteret,
2883 3819 3138 3885 quamvis
3166 3831 3443 3870 armorum
3471 3832 3573 3886 po-

316 3913 539 3982 ϐἀρων,
586 3909 720 3963 ἀλλὰ
774 3909 868 3960 καὶ
919 3905 1008 3977 ὐφ’
1065 3905 1218 3975 ὐμῶν
1277 3903 1455 3957 αὐτῶν
1500 3903 1597 3973 τὴν
1629 3903 1890 3973 ὑμετέραν

2007 3902 2177 3956 tentia
2203 3904 2584 3969 antecelleret,
2637 3907 2890 3975 petitioni
2923 3907 3160 3961 libenter
3189 3907 3368 3960 locum
3397 3907 3570 3968 dedit.

317 4001 630 4073 ἡγεμονίαν
662 3996 1155 4068 καταλυθήσεσθαι.
1189 3996 1303 4065 Πρὸ
1333 3995 1528 4067 χρόνου
1565 3997 1664 4065 μὲν
1695 3990 1788 4047 οὖν
1816 4012 1890 4048 τι⁴

2002 3994 2395 4049 reconciliatus
2441 4004 2526 4049 est
2563 3997 2752 4049 statim
2798 4011 2863 4051 ac
2909 3998 2952 4051 si
3008 3998 3218 4066 bellum,
3266 3997 3564 4052 conflatum

313 4113 409 4157 νος
435 4094 537 4162 τῆς
561 4092 828 4161 διαφορᾶς
859 4087 1194 4159 κινηθείσης,
1228 4089 1322 4140 καὶ
1348 4087 1441 4141 τοῦ
1485 4088 1610 4140 νέου
1636 4086 1890 4155 βασιλέως

2000 4100 2232 4154 prorsus
2264 4101 2544 4156 nunquam
2576 4087 2772 4142 fuisset
2820 4105 2835 4142 :
2879 4088 2940 4142 id
2974 4090 3120 4159 quod
3149 4089 3331 4155 nobis,
3359 4099 3574 4144 vestro-

315 4181 864 4252 ἐπιστρατεύσαντος
909 4195 1012 4242 σοι,
1042 4178 1159 4248 ἅμα
1213 4195 1272 4230 τε
1321 4176 1600 4247 ἐμνήσθης
1657 4176 1890 4245 είρήνης1

2001 4194 2108 4248 que
2147 4179 2378 4248 imperio
2419 4181 3002 4245 contentis'omnibus,
3066 4181 3213 4236 diem
3257 4182 3413 4236 illum
3459 4183 3568 4236 Ro-

313 4277 422 4328 καὶ
483 4275 512 4326 δ
547 4272 640 4348 σὸς
695 4271 940 4340 ἔγγονος,
995 4268 1182 4339 ῶσπερ
1224 4269 1290 4322 ἂν
1345 4267 1507 4330 αὐτὸς
1545 4266 1621 4319 ὣν
1657 4269 1683 4320 ὁ
1722 4267 1890 4320 αὐτῶι

2003 4286 2178 4326 mana:
2209 4272 2457 4328 felicitati
2504 4269 3000 4343 auspicatissimum
3033 4256 3421 4344 reputantibus
3459 4274 3576 4328 sin-

316 4366 534 4436 (καίτοι
564 4363 737 4417 δοκῶν
777 4364 835 4415 ὲν
862 4361 940 4432 τῷ
992 4360 1218 4431 πολέμῳ
1273 4360 1668 4428 πλεονεκτεῖν),
1707 4376 1890 4428 προσε-

2005 4362 2178 4432 gulari
2201 4361 2404 4417 laetitia:
2432 4361 2555 4417 fuit.
2581 4362 2648 4417 At.
2670 4379 2834 4427 nunc,
2854 4378 2980 4417 cum
3001 4363 3286 4417 videamus
3307 4373 3378 4427 te,
3406 4377 3571 4432 quem

311 4456 520 4520 δέξατο
548 4455 821 4524 ἁσμένως,
853 4453 949 4506 καὶ
995 4452 1268 4505 διελέλυτο
1314 4451 1498 4515 εὐθὺς,
1528 4450 1714 4522 ῶσπερ
1750 4450 1816 4504 ἂν
1850 4452 1898 4503 εἰ

317 4548 467 4618 μηδὲ
496 4546 597 4618 τὴν
647 4545 822 4617 ἀρχὴν
873 4546 901 4596 ὁ
947 4544 1179 4611 πόλεμος
1218 4545 1451 4611 συνέστη
1472 4557 1486 4570 ·
1516 4541 1545 4595 δ
1590 4541 1656 4613 δὴ
1684 4541 1812 4612 ὑμῖν
1841 4558 1902 4594 τε

312 4627 421 4692 καὶ
460 4625 726 4708 τῷ’ὐμῶν
755 4635 981 4706 ὑπηκόῳ
1007 4636 1168 4688 παντὶ
1192 4634 1387 4705 ἡδονῆς
1422 4633 1596 4688 αἴτιον
1618 4634 1714 4689 καὶ
1742 4633 1900 4687 εὐθυ-

314 4730 462 4800 μίας
508 4729 775 4798 κατέστη,
809 4727 1064 4796 εὐτυχίας
1101 4728 1214 4790 τοῖς
1262 4727 1563 4796 Ῥωμαίοις
1595 4729 1769 4798 ἀρχὴν
1802 4728 1901 4792 τὴν

311 4823 546 4893 ἡμέραν
581 4819 795 4888 εκείνην
855 4815 1252 4886 λογισαμένοις.
1284 4817 1424 4870 Νυνὶ
1478 4817 1538 4871 δὲ
1569 4818 1802 4888 ὁρῶντές
1841 4837 1900 4872 σε

308 4913 416 4966 τὸν
451 4911 656 4982 μᾶλλον
684 4910 814 4964 ὄντα
841 4909 1047 4964 δίκαιον
1075 4909 1132 4963 ei
1161 4926 1214 4962 τι
1275 4911 1372 4964 καὶ
1405 4912 1695 4982 προπετῶς
1750 4915 1903 4982 παρὰ

307 5005 418 5058 τοῦ
458 5003 687 5072 ὲγγόνου
727 5004 821 5054 τοῦ
852 4999 945 5053 σοῦ
971 5000 1294 5071 ἐπράττετο,
1330 4995 1419 5054 οἷα
1445 5002 1591 5067 νέου,
1628 5003 1720 5056 τὸν
1741 5004 1903 5056 πόλε·

315 5113 429 5164 μον
463 5093 872 5157 καταστέλλειν,
893 5092 957 5157 ἐξ
985 5091 1244 5161 οὐδεμιᾶς
1272 5091 1450 5154 αἰτίας
1477 5093 1784 5164 προφανοῦς
1805 5093 1903 5158 τάς

309 5201 378 5238 τι
417 5183 661 5246 σπονδὰς
687 5181 951 5235 λελυκότα
985 5182 1078 5234 καὶ
1106 5181 1444 5252 πολεμοῦντα
1480 5184 1748 5255 φανερῶς,
1776 5184 1907 5238 ἀθυ-

313 5276 548 5346 μοῦμεν
577 5291 661 5339 τε,
722 5273 796 5336 ὡς
836 5276 1003 5338 εἰκὸς,
1037 5275 1132 5328 καὶ
1180 5275 1480 5347 συμφορῶν
1515 5275 1690 5347 ἀρχὴν
1736 5277 1903 5346 ἡγού-

312 5367 477 5439 μεθα
498 5366 598 5438 τὴν
634 5365 794 5418 λύσιν
825 5364 934 5418 τῶν
963 5366 1224 5420 σπονδῶν.
1257 5361 1332 5421 Οὐ
1360 5367 1426 5437 δὴ
1451 5367 1616 5423 ἕνεκα
1650 5370 1744 5422 καὶ
1782 5369 1899 5423 δεό-

2007 4470 2223 4523 aequum
2257 4463 2396 4519 erat,
2429 4453 2475 4509 si
2531 4454 2663 4524 quid
2696 4455 2861 4508 etiam
2899 4467 3099 4508 temere
3133 4462 3296 4523 atque
3336 4455 3576 4508 incensi-

2009 4545 2197 4598 derate
2225 4559 2255 4598 a
2288 4553 2486 4614 nepote
2519 4543 2592 4599 Ob
2624 4543 2896 4599 fervorem
2925 4543 3102 4598 aetatis
3121 4551 3425 4613 gereretur,
3460 4544 3586 4597 bel-

2007 4637 2120 4697 lum
2143 4637 2358 4703 sedare,
2386 4638 2536 4694 nulla
2549 4637 2618 4692 de
2640 4652 2802 4693 causa
2822 4637 3130 4710 manifesta,
3155 4635 3326 4691 fracto
3343 4634 3586 4694 foedere,

2005 4728 2213 4784 bellum
2250 4732 2532 4800 propalam
2563 4730 2789 4797 inferre,
2829 4731 3035 4796 animo,
3076 4738 3137 4784 ut
3169 4743 3266 4800 par
3297 4736 3404 4792 est,
3443 4741 3590 4780 con-

2006 4814 2263 4888 cidimus,
2299 4830 2356 4877 et
2383 4823 2734 4878 violationem
2764 4825 2920 4877 istam
2945 4819 3587 4878 fmderis-calamitatum;

2009 4913 2299 4968 exordium
2345 4913 2466 4969 fore
2501 4915 2855 4969 arbitramur.
2890 4914 3021 4981 Quae
3061 4929 3187 4968 cum
3223 4918 3294 4968 ita
3328 4912 3461 4976 sint,
3501 4923 3588 4976 te,

2010 5003 2328 5074 imperator,
2367 5021 2463 5075 per
2486 5007 2636 5061 illum
2680 5008 2860 5077 ipsum
2905 5007 3348 5077 juramentorum
3383 5003 3575 5072 praesi-

2010 5097 2157 5162 dem,
2189 5099 2281 5168 qui
2310 5107 2390 5154 est
2443 5107 2500 5154 et
2543 5100 2742 5154 dicitur
2793 5101 2936 5154 Deus
2972 5099 3144 5168 pacis,
3193 5097 3582 5156 obsecramus,

2011 5189 2091 5242 uti
2122 5206 2271 5245 arma
2303 5191 2567 5261 deponas,
2607 5207 2746 5246 neve
2770 5193 3047 5263 subjectos
3076 5189 3307 5259 populos
3347 5191 3582 5254 propter

2010 5281 2340 5337 discordiam
2367 5293 2602 5337 vestram
2632 5283 2788 5336 malis
2810 5281 3106 5337 teterrimis
3124 5278 3309 5349 afﬂigi,
3339 5275 3581 5360 patiarea

2012 5371 2069 5426 Si
2118 5381 2176 5426 tu
2226 5373 2388 5428 nobis
2438 5373 2843 5436 obsecundans,
2873 5375 3017 5430 bello
3057 5372 3350 5444 repudiato
3381 5381 3581 5438 pacem»

1600 5485 1814 5547 Jacobi
1842 5487 2111 5550 Pontan-i
2134 5497 2322 5551 notae.

389 5580 522 5654 (78)
566 5583 757 5656 Etiam
770 5582 920 5656 hanc
952 5583 1105 5656 θείαν
1133 5583 1372 5656 iunioris
1407 5587 1662 5656 appellat.
1689 5603 1810 5656 quae
1840 5604 1908 5644 ex

312 5651 436 5725 filia
482 5651 690 5707 sororis
739 5653 1021 5725 Michaelis
1066 5655 1226 5721 primi
1278 5651 1558 5725 Palmrilogi
1605 5651 1730 5712 nata
1782 5660 1903 5712 fuit.

312 5721 427 5776 bat
463 5731 651 5776 autem
700 5723 875 5776 nihilo
911 5726 1091 5775 minus
1139 5725 1356 5777 feminis
1412 5721 1776 5793 l’almolngum
1814 5744 1910 5778 no-

2007 5608 2156 5667 men,
2214 5593 2440 5667 honoris
2494 5608 2679 5658 causa,
2735 5596 2947 5651 tametsi
2995 5608 3193 5666 patres.
3243 5595 3582 5667 Palmologos

2009 5680 2116 5716 non
2145 5663 2460 5717 habuerint.
