4136 6288
524 343 628 408 199

1682 344 2009 406 JOANNIS
2051 335 2578 403 CAN'I'ACUZENI

3645 325 3750 389 200

514 471 720 516 etcum
751 467 947 529 nepote
991 472 1343 514 concordiam
1384 459 1945 527 communionemque
1977 457 2083 510 ini-

2203 454 2328 507 ιεθά
2376 470 2495 520 σου,
2564 448 2812 520 βασιλεῦ,
2868 445 3002 517 πρὸς
3060 444 3225 498 αὑτοῦ
3270 442 3368 501 τοῦ
3416 444 3524 497 τῶν
3570 444 3751 515 ὅρκων

409 597 412 600 .
512 549 928 614 veris,vicissim
948 566 1047 621 pro
1066 558 1297 618 utroque
1321 551 1637 613 vestrum,si
1654 550 1871 603 occasio
1889 547 2079 609 fuerit,

514 641 747 711 impigre
774 657 876 695 nos
897 642 1045 711 ipsos
1069 642 1370 703 trademus,
1403 650 1456 694 et
1476 641 1685 695 animas
1704 647 1920 694 nostras
1940 637 2084 693 haud

515 740 735 802 gravate
758 732 1234 787 Iethooﬂ'eremus.
1257 731 1350 786 Sin
1375 731 1540 801 (quod
1568 733 1711 787 Deus
1738 732 2085 801 averruncer)

518 826 665 879 malo
699 826 944 878 daemone
971 805 1274 888 invidente,
1300 839 1420 892 quae
1456 825 1694 893 petimus
1742 835 2085 894 aspernatus,

519 916 786 983 improbis
818 917 1248 985 impellentibus,
1285 926 1339 971 et
1374 916 1431 969 in
1467 916 1666 971 amicta
1701 918 1935 971 aliorum
1976 916 2088 970 lor-

520 1016 652 1059 tuna
703 1006 1107 1060 exsultantibus
1157 1021 1344 1059 aurem
1401 1006 1780 1072 commodans,
1824 1006 1889 1059 ad
1936 1019 2088 1059 arma

520 1098 895 1163 descenderis,
947 1113 1047 1167 per
1098 1100 1281 1154 omnia
1314 1100 1776 1169 contemplantem
1831 1108 1887 1154 et
1926 1098 2089 1153 actio-

520 1204 620 1242 nes
673 1190 957 1242 hominum
994 1189 1392 1259 dijudicantem
1430 1190 1600 1244 Deum
1644 1191 1887 1259 juratum
1946 1199 2085 1249 esto,

519 1296 620 1334 nos
654 1289 749 1334 aut
793 1280 846 1333 in
886 1281 1074 1349 praelia
1116 1297 1308 1335 omnes
1353 1280 1644 1350 pugnando
1712 1282 2082 1345 occubituros,

522 1370 615 1427 aut
650 1373 805 1426 factis
830 1373 961 1442 ipsis
986 1373 1360 1427 declaraturos
1382 1372 1577 1443 dignos
1593 1373 1761 1429 fuisse
1781 1373 1872 1441 qui
1901 1388 2089 1441 pacem

524 1465 826 1534 rogitantes
860 1465 1266 1518 cxaudiremur.
1309 1463 1448 1517 Tum
1475 1474 1531 1518 tu
1559 1463 1676 1532 ipse
1713 1465 1776 1517 ad
1808 1477 1906 1516 nos
1953 1463 2096 1530 lega-

523 1561 607 1606 tos
638 1554 842 1615 mittes,
875 1558 1095 1622 quando
1128 1554 1447 1621 praestitisse
1493 1542 1785 1622 iudicabis,
1820 1554 1866 1607 si
1897 1552 2039 1608 bello
2062 1568 2093 1605 a

527 1645 802 1715 principio
828 1645 1209 1699 abstinuisses.
1242 1644 1323 1699 Ad
1358 1645 1482 1709 hoc,
1532 1659 1711 1713 neque
1747 1660 1842 1713 per
1865 1653 1919 1698 te
1954 1645 2090 1712 ipse,

526 1753 705 1807 neque
737 1738 859 1790 aliis
883 1736 1255 1802 narrantibus,
1283 1738 1528 1791 animum
1572 1735 1800 1791 inducas
1834 1735 2084 1798 credere,

514 1836 622 1882 ‘aut
658 1829 821 1882 donis
850 1844 912 1882 ac
946 1829 1251 1898 promissis,
1283 1837 1376 1882 aut
1408 1838 1619 1883 terrore
1650 1844 1712 1883 ac
1735 1832 1958 1891 timore,
1995 1834 2088 1880 aut

527 1917 723 1972 callida
760 1919 970 1982 fraude,
1004 1927 1097 1972 aut
1138 1919 1240 1971 alia
1290 1919 1524 1987 quadam
1564 1919 1651 1971 via
1707 1916 1976 1986 quosdam
2025 1917 2093 1971 de

528 2007 690 2061 nobis
718 2023 877 2081 posse
911 2020 959 2062 te
972 2004 1014 2062 'a
1040 2019 1237 2077 nepote
1263 2020 1357 2063 tuo
1380 2008 1445 2063 ad
1468 2017 1589 2062 tuas
1611 2017 1797 2078 partes
1814 2009 2091 2078 pellicere.

524 2098 722 2152 Malam
747 2100 894 2153 enim
928 2108 1140 2169 pestem
1175 2100 1453 2169 capitibus
1480 2101 1686 2155 nostris
1705 2101 2097 2171 imprecatisu—

529 2205 672 2254 mus,
706 2190 785 2256 ni,
821 2206 946 2260 quae
968 2191 1297 2258 juravimus,
1338 2208 1512 2262 usque
1540 2192 1607 2247 ad
1643 2202 1949 2248 extremum
1987 2192 2098 2262 spi-

532 2284 700 2337 ritum
727 2273 1036 2349 servemus,
1092 2293 1147 2338 et
1191 2298 1219 2337 a
1243 2284 1461 2355 juniore
1496 2284 1827 2352 imperatore
1868 2292 2093 2351 stemus,

529 2383 594 2423 ac
622 2377 680 2421 ut
709 2369 801 2438 qui
838 2384 998 2424 secus
1031 2379 1152 2440 aget
1183 2371 1671 2440 imprecationibus
1698 2372 1968 2441 obligatus
2015 2382 2096 2427 te-

531 2469 744 2514 neatur.
772 2460 961 2530 Itaque
976 2477 1101 2517 cum
1130 2462 1183 2516 hi
1211 2465 1322 2518 sint
1345 2464 1517 2517 nostri
1542 2478 1757 2527 sensus.
1784 2479 2096 2534 precamur,

531 2566 592 2606 ut
613 2553 727 2622 ipse
749 2569 969 2623 quoque
995 2564 1107 2609 tum
1132 2556 1493 2625 consulendo,
1515 2567 1630 2611 tum
1659 2557 1913 2613 faciendo
1968 2574 2102 2628 prae-

532 2652 663 2705 stes.
684 2660 806 2714 quae
833 2646 1010 2701 oﬂicio
1042 2656 1136 2701 tuo
1161 2648 1513 2717 respondent,
1546 2660 1602 2703 et
1645 2665 1715 2704 ne
1738 2649 1887 2703 inani
1918 2650 2101 2719 suspi~

533 2734 691 2788 cione
725 2734 951 2789 delusus
984 2735 1319 2800 committas,
1350 2734 1510 2805 cujus
1541 2745 1592 2790 te
1618 2737 1672 2791 in
1704 2736 1950 2790 futurum
1982 2751 2099 2806 pa:-

536 2828 724 2881 niteat.
754 2826 879 2881 Haec
902 2842 999 2895 per
1023 2827 1309 2895 epistolam
1333 2844 1363 2881 a
1384 2828 1600 2883 seniore
1625 2828 1950 2897 imperatore
1974 2842 2102 2896 pro-

540 2933 727 2971 cerum
787 2925 1012 2971 senatus
1059 2917 1164 2986 81
1206 2917 1387 2972 omnis
1443 2924 1499 2973 et
1540 2916 1711 2971 duces
1749 2917 2099 2986 petiverunt;

532 3024 754 3079 quoque
800 3011 974 3080 major
999 3008 1135 3073 fides
1189 3007 1362 3074 fieret,
1396 3023 1559 3063 manu
1587 3023 1684 3063 sua
1715 3008 1948 3077 quisque
1976 3008 2105 3062 sub.

2189 545 2385 614 ἐφόρου
2417 540 2575 605 Θεοῦ,
2611 533 2671 593 οῦ
2700 539 2792 591 καὶ
2819 538 2971 600 ὄντος
3000 535 3221 605 είρήνης
3267 536 3363 586 καλ⁵
3391 532 3749 603 καλουμένου.

2189 636 2279 688 τὸν
2316 634 2551 701 πόλεμον
2580 630 2923 692 καταθεῖναι,
2953 626 3048 685 κα).
3105 624 3181 696 μὴ
3209 624 3470 694 περιιδεῖν
3517 622 3578 674 ea
3609 623 3755 692 ὑπή-

2190 742 2314 778 κοον
2344 725 2429 777 διὰ
2483 723 2581 792 τὴν
2615 720 2887 790 ὑμετέραν
2925 717 3255 786 φιλονεικίαν
3287 714 3610 782 ἀνηκέστοις
3641 730 3749 767 κα-

2190 819 2305 878 κοῖς
2346 814 2661 886 περιπεσόν.
2695 812 2756 866 El
2792 812 2888 881 μὲν
2918 810 3015 863 οὖν
3056 808 3300 870 πεισθεὶς
3330 808 3441 868 τοῖς
3467 806 3756 875 ἡμετέροις

2189 908 2367 975 λόγοις
2389 908 2489 977 τὴν
2511 905 2733 975 εἰρήνην
2760 904 2880 956 ἀντὶ
2902 902 2995 955 τοῦ
3024 901 3259 968 πολέμου
3289 899 3490 968 μᾶλλον
3508 897 3753 967 ἀσπάσῃ,

2192 999 2288 1052 καὶ
2314 999 2411 1067 τὴν
2446 998 2580 1065 πρὸς
2609 998 2698 1049 τὸν
2739 995 2963 1063 ἔγγονον
2996 995 3084 1047 τὸν
3120 994 3213 1046 σὺν
3241 992 3494 1061 ὁμόνοιαν
3528 991 3623 1043 καὶ
3644 1006 3756 1041 κοι-

2191 1094 2409 1153 νωνίαν,
2448 1093 2543 1145 καὶ
2596 1094 2750 1144 αυτοὶ
2803 1091 3117 1160 προθύμους
3156 1087 3461 1157 παρέξομεν
3505 1086 3753 1147 ἑαυτοὺς,

2193 1186 2286 1259 καὶ
2324 1186 2421 1246 τὰς
2465 1184 2645 1253 ψυχὰς
2697 1184 2889 1247 αὑτὰς,
2928 1185 2975 1235 εἰ
3004 1178 3118 1236 οἶόν
3162 1198 3243 1243 τε,
3271 1180 3412 1247 ὑπὲρ
3440 1178 3549 1231 τῶν
3580 1177 3661 1229 σοί
3696 1192 3756 1227 τε

2194 1276 2287 1327 καὶ
2320 1278 2397 1345 τῷ
2429 1275 2636 1342 ἒγγόνῳ
2668 1274 2743 1343 τῷ
2779 1273 2856 1343 σῷ
2908 1271 3299 1341 συμφερόντων
3336 1270 3532 1341 ῥᾳδίως
3565 1270 3756 1337 προῖε-

2199 1366 2412 1435 μένους.
2445 1368 2540 1417 Ἂν
2580 1366 2623 1417 δ’
2647 1365 2694 1433 (θ
2735 1365 2811 1435 μὴ
2840 1366 3073 1433 γένοιτο)
3100 1361 3338 1433 πονηροῦ
3371 1378 3513 1422 τινος
3549 1360 3760 1429 βασκή-

2195 1473 2383 1516 ναντος
2430 1456 2700 1526 δαίμονος,
2740 1458 2837 1523 τὴν
2894 1456 3172 1525 ἡμετέραν
3214 1456 3313 1523 μὲν
3366 1453 3562 1524 ἀπὼσῃ
3595 1469 3761 1522 πρεσ-

2196 1547 2371 1612 ϐείαν,
2397 1550 2508 1609 τοῖς
2538 1546 2580 1599 δ’
2617 1548 2881 1614 ἐνάγουσι
2913 1547 3171 1615 πονηροῖς
3219 1545 3312 1597 καὶ
3369 1544 3621 1613 χαίρουσι
3649 1544 3760 1605 τοῖς

2196 1640 2407 1700 κακοῖς,
2439 1637 2573 1707 πρὸς
2611 1638 2703 1689 τὸν
2757 1636 2993 1705 πόλεμον
3025 1622 3273 1706 πεισθῇς,
3326 1638 3417 1688 τὸν
3449 1637 3604 1688 πάντ’
3633 1634 3760 1709 ἐφο-

2200 1724 2380 1794 ρῶντα
2406 1724 2540 1778 Θεὸν
2572 1726 2664 1778 καὶ
2710 1729 2822 1789 τοῖς
2854 1728 3249 1797 πραττομένοις
3279 1726 3447 1780 πᾶσιν
3482 1727 3759 1795 ἐπάγοντα

2195 1815 2370 1886 δίκην,
2414 1816 2660 1886 δμνυμέν
2729 1832 2833 1871 σοι.
2864 1818 2939 1880 ὡς
3001 1818 3035 1887 ἢ
3094 1817 3411 1888 πεσούμεθα
3463 1820 3765 1890 μαχόμενοι

2196 1904 2419 1969 πάντες,
2455 1906 2487 1974 ἢ
2537 1907 2844 1977 ποιήσομεν
2884 1909 3195 1978 καταφανὲς
3238 1908 3420 1979 ἔργοις
3453 1911 3635 1973 αὑτοῖς
3686 1910 3764 1971 ὡς

2194 1997 2393 2050 δίκαιοι
2429 1993 2574 2068 ἦμεν
2607 2000 2737 2066 περὶ
2763 2001 2986 2071 εἰρήνης
3022 2002 3419 2071 πρεσϐεύοντες
3470 2002 3759 2056 είσακούε-

2197 2086 2344 2141 σθαι.
2380 2088 2514 2141 Τότε
2558 2089 2666 2159 γὰρ
2702 2091 2864 2154 αὐτὸς
2917 2092 3274 2161 πρεσῦεύσεις
3307 2095 3442 2164 πρὸς
3467 2096 3637 2165 ἡμᾶς,
3673 2096 3763 2148 ὅτε

2196 2180 2245 2230 εί
2270 2179 2406 2249 μηδὲ
2433 2179 2530 2250 τήν
2559 2179 2732 2251 ἀρχὴν
2788 2182 2987 2246 ἐκίνεις
3011 2182 3145 2254 πρὸς
3192 2185 3340 2254 ἡμᾶς
3373 2185 3463 2239 τὸν
3526 2186 3765 2257 πόλεμον

2200 2268 2412 2339 βέλτιον
2464 2273 2692 2340 κρινεῖς.
2718 2269 2840 2324 Ἔτι
2873 2272 2931 2326 δὲ
2996 2277 3105 2345 μήν
3139 2277 3263 2346 μήτ’
3304 2277 3514 2331 οἴκοθεν
3579 2279 3766 2343 αὑτὸς,

2203 2365 2340 2433 μήτε
2368 2363 2501 2435 παρ’
2535 2364 2740 2433 ἑτέρων
2767 2365 2981 2421 ἀκούων
3006 2368 3254 2439 πεισθῇς,
3287 2369 3414 2442 ὡςή
3448 2371 3642 2441 δώροις
3672 2373 3770 2427 καὶ

2201 2454 2557 2523 ὑποσχέσεσιν
2582 2455 2615 2525 ἢ
2652 2456 2909 2526 ἐκπλήξει
2957 2475 3014 2511 τε
3048 2461 3142 2513 καὶ
3166 2460 3358 2530 δειλίᾳ,
3394 2460 3427 2531 ἢ
3456 2463 3630 2534 ἑτέρῳ
3657 2467 3771 2519 τινὶ

2199 2538 2447 2616 τρόπιρῆ
2479 2549 2729 2619 περινοίᾳ
2762 2549 2914 2613 τινὰς
2945 2552 3104 2621 ήμῶν
3137 2554 3500 2621 παρασπάσαι
3540 2557 3636 2609 καὶ
3669 2558 3766 2611 τοῦ

2202 2637 2322 2719 νέου
2361 2636 2625 2707 βασιλέως
2661 2640 2974 2710 ἀποστῆσαι
3001 2642 3227 2714 δυνήσῃ.
3271 2645 3435 2698 Αὐτοὶ
3471 2647 3580 2718 γὰρ
3605 2650 3769 2718 ἡμεῖς

2202 2729 2342 2797 ἀρὰς
2378 2731 2704 2801 ήρασάμεθα
2733 2732 2857 2785 καθ’
2897 2733 3103 2786 ἑαυτῶν
3130 2736 3227 2797 τὰς
3264 2736 3771 2808 παλαμναιοτάτας,

2202 2816 2238 2890 ἦ
2280 2820 2387 2891 μὴν
2414 2820 2675 2892 ἐμμενεῖν
2718 2826 2831 2886 τοῖς
2872 2823 3291 2894 ὀμωμοσμένοις
3344 2827 3472 2898 ἄχρι
3514 2828 3776 2900 θανάτου,

2204 2912 2298 2963 καὶ
2337 2910 2412 2981 μὴ
2446 2911 2852 2981 ἀποστήσεσθαι
2886 2914 2979 2966 τοῦ
3006 2914 3133 2986 νέου,
3153 2915 3418 2985 βασιλέα),
3442 2918 3475 2989 ἢ
3500 2920 3590 2973 τὸν
3613 2922 3777 2977 τοῦτο

2204 3002 2471 3073 δράσοντα
2504 3004 2785 3074 ἐνέχεσθαι
2832 3007 2953 3068 ταῖς
2981 3007 3164 3078 ἀραῖς.
3213 3007 3301 3071 Ὦς
3332 3009 3423 3063 οῦν
3466 3009 3608 3065 οὕτω
3634 3014 3778 3081 γνώο

534 3100 897 3169 scripserunt,
934 3115 1163 3169 eamque
1206 3099 1611 3163 Calocbaaretas,
1641 3113 1803 3168 quem
1841 3098 2099 3162 diximus,

2211 3110 2320 3164 μης
2345 3093 2504 3164 ήμῶν
2535 3085 2787 3163 ἑχόντων.
2820 3096 2916 3149 καὶ
2946 3096 3106 3150 αὐτόν
3150 3113 3209 3151 σε
3238 3099 3330 3152 καὶ
3361 3098 3646 3168 βούλεσθαι
3683 3101 3779 3154 καὶ

538 3190 857 3261 Byzantium
886 3189 1165 3245 ferendam
1199 3188 1565 3243 tradiderunt.
1604 3190 1684 3244 Eo
1712 3189 1892 3243 aulam
1925 3192 2099 3242 intro-

536 3295 745 3348 gresso,
775 3280 1043 3334 tumultus
1077 3287 1127 3333 et
1174 3279 1380 3334 clamor
1403 3278 1668 3334 exsistere
1691 3279 1760 3335 ab
1777 3280 1971 3335 aulicis
1987 3296 2103 3335 om-

539 3372 701 3426 nibus
729 3388 743 3424 :
766 3372 1127 3440 Paleeologum
1145 3380 1403 3441 nepotem
1423 3371 1646 3440 (iterum
1674 3370 1819 3425 enim
1844 3370 2104 3441 dedigna-

542 3462 739 3515 l.antur
766 3459 1152 3527 imperatorem
1176 3457 1485 3526 nominare.)
1525 3473 1625 3527 per
1650 3457 1888 3526 legatum
1907 3456 1975 3511 ab
2003 3472 2104 3511 avo

496 3570 499 3571 ν
542 3549 757 3602 veniam
804 3557 1010 3615 petere,
1063 3563 1225 3616 quam
1268 3563 1375 3601 non
1417 3548 1490 3600 sit
1536 3557 1953 3610 consecuturus,
1994 3547 2105 3601 nisi

541 3648 716 3693 semet
733 3637 977 3692 vinctum
996 3637 1217 3701 sistens,
1239 3637 1304 3690 ad
1335 3639 1499 3711 pedes
1527 3651 1584 3690 se
1613 3637 1958 3697 imperatoris
1977 3653 2097 3705 pro-

543 3729 695 3797 iiciat
733 3748 745 3781 :
789 3728 919 3797 quin
965 3728 1129 3781 etiam
1168 3728 1274 3782 hoc
1309 3727 1472 3781 modo
1520 3726 1606 3780 vix
1652 3736 2102 3781 consecuturum.

546 3822 849 3890 Imperator
873 3833 1038 3873 causa
1066 3818 1331 3891 strepitus
1359 3825 1641 3888 percepta,
1676 3818 2030 3872 turbantibus
2052 3826 2108 3873 et

545 3914 908 3969 «latitantibus
938 3911 1223 3967 silentium
1260 3910 1473 3966 indicit.
1493 3908 1631 3964 Tum
1666 3910 1857 3974 mittit,
1888 3912 1982 3980 qui
2008 3911 2109 3966 Ca-

544 4003 855 4059 locba-retae
880 4001 1174 4071 signiticet,
1219 4000 1480 4069 quoniam
1510 3999 1617 4054 sibi
1648 4000 1979 4056 necessariis
2015 4015 2111 4055 ne-

543 4097 708 4165 gotiis
736 4096 998 4165 impedito
1033 4095 1206 4149 otium
1251 4094 1317 4149 ad
1344 4093 1765 4149 collocutionem
1808 4109 1917 4148 non
1961 4092 2109 4148 sudi-

544 4199 718 4249 ceret,
749 4186 888 4240 velle
915 4185 1131 4253 nepotis
1161 4184 1375 4238 litteras
1407 4181 1614 4237 videre.
1645 4182 1742 4237 Ille
1792 4183 1929 4236 nulli
1962 4199 2107 4237 mor-

549 4278 737 4336 talium
782 4292 896 4340 eas,
937 4284 1305 4344 praeterquam
1343 4274 1447 4342 ipsi
1478 4274 1815 4342 imperatori,
1845 4274 2111 4343 quemad-

547 4370 770 4422 modum
808 4369 863 4421 in
904 4365 1173 4420 mandatis
1203 4365 1450 4429 haberet,
1485 4364 1538 4418 in
1572 4363 1826 4419 manibus
1860 4366 2110 4420 redditu-

550 4477 672 4513 rum
695 4459 883 4514 refert.

2210 3186 2474 3255 πράττειν
2507 3187 2575 3237 τὰ
2609 3186 2798 3239 δέοντα
2833 3189 3286 3258 παρακαλοῦμεν,
3324 3192 3419 3244 καὶ
3451 3193 3525 3263 μὴ
3548 3195 3668 3255 ταῖς
3700 3194 3776 3263 μή

2207 3275 2398 3340 οὔσαις
2427 3278 2701 3339 ὑπονοίαις
2758 3277 3168 3358 ἐξαπατηθέντα
3226 3282 3433 3353 πρᾶξαί
3485 3300 3539 3335 τι
3576 3285 3683 3335 τῶν
3718 3286 3777 3336 έν

2210 3366 2426 3434 ὑστέρῳ
2482 3365 2789 3435 μετάμελον
2827 3369 3315 3437 παρασχησόντων.
3347 3370 3583 3424 Τοιαῦτα
3642 3375 3781 3442 πρὸς

2211 3458 2433 3527 βασιλέα
2456 3459 2549 3511 τὸν
2577 3458 2955 3529 πρεσϐύτερον
3003 3460 3053 3512 ul
3084 3461 3182 3530 τῆς
3219 3463 3530 3534 συγκλήτου
3576 3465 3783 3527 πάντες

2212 3552 2306 3604 καὶ
2334 3552 2384 3604 oi
2439 3552 2538 3619 τῆς
2572 3554 2839 3621 στρατιᾶς
2888 3553 3159 3621 ἡγεμόνες
3191 3555 3486 3624 ἐγγράφως
3511 3556 3780 3625 διαπρεσ-

2212 3642 2564 3709 ϐευσάμενοι,
2600 3658 2722 3694 ειτα
2745 3642 2840 3693 καὶ
2874 3641 3226 3710 ὑπογραφαῖς
3258 3643 3490 3705 οἰκείαις
3521 3643 3591 3693 ἶν’
3703 3661 3789 3695 πι-

2213 3734 2336 3786 στὸν
2359 3733 2857 3795 ἐπιϐεϐαιώσαντες
2896 3734 2955 3785 τὸ
3000 3726 3258 3802 γράμμα,
3295 3733 3390 3785 καὶ
3441 3734 3787 3803 ἐγχειρίσαν-

2212 3841 2301 3886 τες
2359 3823 2437 3892 τῷ
2501 3823 2776 3894 εἰρημένῳ
2841 3823 3262 3894 Καλοχαιρέτῃ,
3333 3823 3645 3890 πέμπουσιν
3708 3826 3785 3887 είς

2215 3913 2504 3977 Βυζάντιον
2572 3915 2706 3982 πρὸς
2761 3912 3009 3982 βασιλέα.
3092 3913 3453 3980 Ἀφικομένου
3530 3915 3666 3983 πρὸς
3717 3914 3785 3966 τὰ

2215 4002 2461 4071 βασίλεια
2505 4000 2550 4053 δ’
2583 4001 2771 4063 αὑτοῦ,
2829 3999 2993 4071 θροῦς
3056 4000 3199 4070 ⁴ξξρθη
3242 4002 3395 4068 παρά
3425 4002 3641 4053 πάντων
3691 4002 3788 4055 καὶ

2217 4095 2313 4164 βοὴ
2362 4092 2644 4162 συμμιγὴς
2671 4130 2685 4157 .
2735 4093 2809 4154 ὼς
2879 4091 3242 4157 Παλαιολόγος
3294 4093 3324 4146 ὁ
3377 4090 3472 4143 τοῦ
3518 4091 3787 4157 βασιλέως

2214 4184 2434 4251 ἔγγονος
2498 4182 2579 4251 (οὑ
2651 4180 2759 4250 γὰρ
2832 4180 3017 4249 ἠξίουν
3096 4179 3251 4243 αὖθις
3319 4179 3483 4233 αὑτὸν

2216 4275 2446 4342 καλεῖν),
2503 4272 2655 4343 πρὸς
2699 4273 2921 4341 βασιλέα
2987 4271 3212 4342 πέμψας
3272 4271 3589 4340 πρεσϐείαν,
3652 4289 3790 4341 συγ-

2216 4367 2446 4435 γνώμης
2505 4365 2677 4417 δεῖται
2714 4367 2938 4433 τυχεῖν
2994 4363 3110 4417 ἀλλ’
3141 4364 3242 4416 οὑκ
3290 4363 3356 4417 ἂν
3394 4363 3571 4434 τύχοι,
3620 4364 3669 4415 εί
3714 4365 3791 4434 μὴ

2143 4459 2189 4514 D
2212 4459 2370 4519 αὑτὸς
2408 4457 2601 4509 ἑαυτὸν
2626 4455 2916 4520 ἀποδείξας
2944 4455 3248 4526 δεσμώτην,
3292 4457 3427 4526 πρὸς
3466 4458 3594 4519 τοὺς
3624 4458 3796 4521 πόδας

549 4554 723 4625 ῥίψειε
768 4552 1070 4623 βασιλέως·
1105 4552 1246 4606 οὕτω
1293 4550 1401 4620 γάρ
1435 4549 1501 4605 ἂν
1554 4549 1704 4619 μόλις
1759 4552 1964 4621 τυχεῖν.
2030 4552 2090 4608 Ὀ
2141 4541 2393 4625 βασιλεῦς
2446 4550 2529 4621 δ⁹ἧ
2572 4567 2655 4613 τις
2702 4544 2769 4621 ἦν
2828 4550 2861 4619 ή
2902 4552 3053 4603 αἰτία
3131 4550 3435 4619 πυθόμενος
3477 4550 3570 4604 τοῦ
3636 4553 3798 4621 θορύο

549 4647 667 4712 6ου,
701 4649 813 4708 τοῖς
864 4646 962 4715 μὲν
1032 4645 1293 4705 ἀτάκτοις
1365 4644 1462 4698 καὶ
1520 4646 1849 4715 κεκραγὸσιν
1904 4647 2168 4705 ἐπέταττε
2228 4647 2407 4716 σιγᾷν.
2445 4644 2536 4715 Τῷ
2562 4645 2618 4698 δὲ
2675 4645 3050 4717 Καλυχαιρέτη
3111 4646 3329 4717 μηνύει,
3372 4648 3446 4708 ὡς
3478 4647 3797 4716 ἀναγκαίων

549 4737 711 4788 τινῶν
769 4740 903 4805 πέρι
965 4737 1347 4807 ἀσχολουμένῳ
1381 4738 1504 4790 ἐπεὶ
1534 4738 1608 4808 μὴ
1657 4738 1852 4806 καιρὸν
1886 4737 2027 4792 εἶναι
2061 4742 2343 4808 συντυχεῖν
2365 4739 2539 4808 αὑτῷ,
2570 4738 2639 4790 τά
2664 4737 2761 4790 τοῦ
2792 4739 3016 4806 ὲγγόνου
3083 4740 3389 4809 γράμματα
3446 4740 3795 4794 ἀποστεῖλαι.

564 4828 623 4881 ’0
656 4828 700 4880 δ’
746 4827 1103 4899 ἀπεκρίνετο,
1170 4830 1343 4899 ἑτέρῳ
1395 4831 1584 4899 μηδενὶ
1631 4831 1697 4885 ἂν
1736 4832 1804 4884 τὰ
1860 4835 2167 4902 γράμματα
2207 4832 2512 4905 ἐγχειρίσαι
2569 4831 2619 4882 εί
2682 4830 2757 4899 μὴ
2809 4828 2960 4899 αὑτῷ
3024 4829 3243 4901 βασιλεῖ
3281 4846 3295 4859 ·
3328 4828 3473 4882 οὕτω
3507 4831 3615 4901 γὰρ
3653 4827 3798 4884 εἶναι

552 4924 1027 4992 προστεταγμένον
1056 4922 1204 4990 αὑτῴ
1216 4960 1229 4975 .

1951 5053 2175 5110 CAPUT
2203 5052 2398 5108 XXVI.

553 5148 699 5204 Xeno
744 5149 1031 5204 Andronici
1074 5150 1304 5220 junioris
1345 5159 1514 5204 mater
1562 5146 1931 5202 Thessalonica
1978 5146 2299 5218 Byzantium
2334 5148 2542 5220 captiva
2591 5149 2893 5220 adducitur.
2942 5146 3324 5203 Calochwretes
3374 5150 3573 5203 seniori
3618 5166 3802 5217 pacem

1522 5221 1850 5272 vehementer
1880 5226 2036 5287 atque
2067 5219 2225 5272 etiam
2265 5219 2573 5288 suppliciter
2609 5219 2818 5272 suadet.

529 5336 543 5349 ο
582 5380 590 5387 ι
624 5310 729 5363 Per
766 5308 819 5363 id
852 5318 1069 5379 tempus
1095 5310 1393 5380 imperator
1430 5311 1485 5364 in
1513 5324 1632 5363 eam
1666 5323 1851 5363 curam
1879 5317 1937 5362 et
1980 5308 2123 5377 cogi-

558 5402 817 5455 tationem
856 5402 1229 5468 incumbebat,
1258 5412 1318 5455 ut
1350 5402 1519 5455 [ilium
1563 5401 1984 5455 Constantinum
2018 5401 2119 5454 de-

556 5480 1020 5562 spotam'navibus
1046 5494 1224 5560 longis
1247 5494 1297 5547 in
1320 5493 1672 5548 Occidentem
1704 5493 1963 5557 mitteret,
1985 5505 2119 5560 prm-

2320 5308 2634 5379 Ἠσχολεῖτο
2676 5307 2721 5363 δ’
2765 5311 2792 5362 ὁ
2841 5307 3094 5379 βασιλεὺς
3149 5308 3271 5361 κατ’
3323 5310 3503 5362 έκεῖνο
3560 5311 3757 5381 καιροῦ
3786 5351 3801 5373 .

2235 5402 2383 5464 ὅπως
2416 5402 2506 5454 τὸν
2564 5402 2666 5471 μὲν
2723 5402 2837 5455 υἱὸν
2896 5401 3065 5456 αὑτοῦ
3117 5403 3531 5455 Κωνσταντῖνον
3570 5398 3663 5455 τὸν
3717 5405 3804 5457 δε-

2241 5494 2448 5563 σπότην
2476 5495 2726 5564 τριήρεσι
2756 5497 2993 5565 μακραῖς
3039 5495 3176 5565 πρὸς
3231 5495 3469 5564 ἑσπέραν
3518 5497 3803 5567 ἐκπέμψῃ,

564 5593 734 5637 torem
762 5583 1190 5646 Thessalonica,
1224 5584 1673 5655 reliquarumque
1704 5582 1947 5646 urbium,
1980 5590 2037 5636 et
2067 5597 2099 5634 υ

2229 5582 2639 5653 Θεσσαλονίκης
2669 5587 2765 5637 καὶ
2796 5585 2904 5638 τῶν
2938 5585 3114 5639 ἀλλων
3146 5585 3417 5651 ἑσπερίων
3448 5586 3658 5665 πόλεων
3688 5591 3810 5642 ἑπι-

560 5674 607 5727 is
657 5675 1066 5742 imperatricem
1109 5674 1394 5728 Michaelis
1441 5673 1785 5741 imperatoris
1813 5674 2123 5743 conjugem,

556 5764 786 5819 minoris
822 5764 1118 5819 Andronici
1164 5776 1390 5819 matrem
1436 5764 1826 5819 Thessalonica
1862 5766 2130 5820 Constan-

2228 5674 2620 5744 τροπεύσοντα,
2640 5675 2897 5729 Βασιλίδα
2922 5676 3002 5743 δὲ,
3031 5678 3130 5746 τὴν
3153 5677 3375 5745 Μιχαὴλ
3406 5678 3508 5746 μὲν
3536 5677 3629 5731 τοῦ
3646 5678 3809 5748 βασι-

2230 5767 2364 5827 λέως
2417 5767 2688 5836 γαμετὴν,
2739 5767 3085 5837 Ἀνδρονίκου
3126 5766 3184 5818 δὲ
3234 5765 3329 5818 τοῦ
3383 5766 3504 5819 νέου
3561 5771 3803 5838 μητέρα,

3561 4180 3788 4249 βασιλέα
3892 4196 3899 4199 ·
