4136 6288
456 345 567 412 233

1597 336 1922 398 JOANNIS
1961 332 2491 396 CANTACUZENI

3616 329 3724 394 201

452 465 586 518 bant
617 479 630 512 :
656 472 762 514 nec
788 466 938 512 certa
957 452 1270 524 cognitione
1296 465 1382 505 res
1406 447 1715 504 tenebatur.
1741 448 1873 501 Post
1905 458 2032 500 cum

2146 441 2489 506 σιτελοῦσαν,
2548 441 2686 495 ἀλλά
2749 443 2841 495 καὶ
2900 443 2985 494 σοί
3011 459 3023 472 ·
3060 443 3157 496 καὶ
3190 443 3265 514 μὴ
3289 444 3453 515 ιπαρά
3501 445 3724 501 πάντων

452 570 606 609 arma
644 562 837 606 contra
859 559 913 604 te
938 548 1284 616 sumpsisset,
1311 552 1478 612 tuque
1505 556 1694 611 pacem
1719 537 2034 600 obtulisses,

453 656 509 701 et
566 644 658 699 ille
704 643 844 698 citra
899 636 1311 695 cunctationem
1365 633 1688 701 accepisset,
1746 628 2038 696 foedusque

453 740 725 794 sancitum
759 741 928 799 esset,
963 746 1155 787 omnes
1203 727 1421 786 consilii
1455 723 1623 780 vestri
1659 722 2034 794 prudentiam,

453 841 509 886 et
543 841 841 885 conversas
890 821 958 877 ad
1006 822 1238 877 meliora
1267 819 1580 873 voluntates
1636 813 2037 876 eollaudantes,

452 923 598 977 diem
624 921 777 975 illum
797 917 996 971 festum
1018 920 1342 983 exegerunt,
1360 923 1483 965 sese
1510 895 1670 962 malis
1699 905 1955 961 omnibus
1971 919 2038 958 ex

452 1013 598 1069 civili
629 1011 776 1066 bello
789 1005 1200 1078 emergentibus
1227 1004 1436 1058 levatos
1451 999 1854 1054 existimantes.
1874 996 1954 1050 Nu
1965 1010 2033 1049 nc

452 1121 605 1172 vero,
631 1103 851 1174 quando
892 1114 1065 1168 nepos
1119 1095 1336 1166 imperii
1380 1095 1468 1149 sui
1513 1102 1719 1163 partem
1760 1087 2038 1151 lustravit,

451 1195 714 1254 exercitui
757 1185 1444 1264 perdiligenterprovidit;
1489 1185 1690 1239 mmnia
1709 1181 2041 1253 oppidorum

452 1299 722 1344 vetustate
746 1282 1054 1340 laborantia
1088 1295 1150 1352 ac
1177 1277 1493 1333 fatiscentia
1524 1274 1680 1330 refici
1739 1284 1794 1328 et
1825 1273 2040 1327 instau-

451 1381 560 1435 rari
583 1378 788 1451 jussit;
835 1374 905 1430 ad
943 1370 1270 1429 ﬁrmandam
1300 1367 1620 1438 reipublicae
1661 1363 2038 1433 disciplinam,

453 1473 518 1527 ad
574 1471 892 1525 universam
947 1467 1069 1538 ejus
1123 1461 1606 1532 amplificationem
1658 1468 1823 1527 atque
1861 1455 2043 1510 incre-

453 1574 729 1626 mentum,
763 1569 1031 1628 quantum
1065 1559 1122 1610 in
1150 1571 1210 1610 se
1253 1553 1355 1607 fuit
1391 1567 1574 1622 Operae
1613 1549 1870 1612 contulit,
1902 1563 2034 1601 rur-

457 1672 553 1712 sus
605 1665 661 1710 et
705 1661 936 1723 repente
983 1648 1214 1712 bellum,
1257 1646 1406 1700 nulla
1473 1643 1558 1713 vel
1591 1642 1789 1712 ipsius,
1824 1639 1910 1695 vel
1936 1637 2038 1707 ipsi

453 1747 814 1809 studentium,
849 1745 1010 1812 culpa
1065 1737 1459 1795 exsuscitatum
1492 1744 1597 1790 est.
1653 1734 1833 1798 Quare
1861 1731 1908 1786 is
1935 1747 2042 1801 qua

455 1834 764 1910 superiora,
797 1836 947 1892 omni
977 1834 1211 1890 crimine
1238 1832 1554 1887 absolvetur
1581 1846 1597 1896 ;
1629 1843 1737 1899 qua
1773 1826 2047 1880 recentio-

455 1949 534 1998 ra,
564 1931 783 1987 laudem
813 1927 1172 1998 adipiscetur,
1202 1933 1262 1979 ut
1293 1923 1386 1994 qui
1416 1923 1621 1977 bellutn
1653 1936 1760 1974 non
1794 1919 1942 1989 prior
1971 1918 2053 1971 in-

455 2025 620 2090 ferat,
654 2023 749 2078 sed
782 2022 992 2076 illatum
1018 2015 1249 2088 repellat
1279 2013 1669 2082 :omniumque
1701 2009 1805 2066 sibi
1833 2010 2050 2064 animos

456 2116 804 2179 conciliabit,
835 2111 930 2188 qui
981 2126 1107 2165 cum
1167 2107 1432 2178 iniuriose
1465 2113 1697 2159 tractato
1751 2117 1858 2155 una
1895 2100 2048 2154 dole-

455 2215 630 2276 hunt;
660 2220 715 2263 tu
744 2216 936 2262 contra
967 2203 1350 2257 universorum
1375 2195 1664 2252 sententiis
1697 2203 1756 2248 ut
1779 2202 1836 2248 et
1861 2201 2042 2258 antea,

457 2303 539 2358 sic
580 2314 729 2355 nunc
764 2312 865 2368 pro
897 2292 1168 2365 injurioso
1199 2286 1662 2345 cottdemnahere.
1698 2285 1903 2340 Tecum
1943 2283 2045 2352 igi-

460 2406 549 2451 tur
575 2390 845 2462 expende,
881 2393 1084 2458 quanta
1118 2393 1170 2438 te
1219 2392 1446 2452 prepter
1478 2379 1788 2434 exorituras
1819 2374 2042 2428 calami-

460 2498 598 2543 tates
623 2497 678 2539 et
699 2483 841 2554 apud
873 2483 1040 2535 Deum
1073 2492 1254 2548 pmna,
1289 2483 1345 2528 et
1369 2472 1510 2543 apud
1539 2469 1789 2526 homines
1813 2469 2046 2522 insecta-

461 2581 536 2633 tio
566 2585 805 2631 maneat.
842 2571 1112 2639 Quocirca
1146 2568 1344 2621 iterum
1378 2579 1496 2625 oro,
1525 2563 1842 2631 imperatOr,
1880 2558 2044 2616 mise-

463 2684 589 2723 rere
621 2667 1018 2735 subjectorum,
1052 2661 1318 2714 miserere
1351 2655 1446 2709 lilii
1481 2655 1579 2719 tui,
1611 2669 1674 2707 ac
1702 2650 1939 2720 denique
1963 2649 2042 2703 tui

460 2761 654 2831 ipsius,
692 2759 850 2827 cujus
880 2738 1025 2824 apud
1062 2752 1340 2805 Romanos
1375 2755 1525 2802 tanta
1553 2754 1636 2800 est
1665 2745 1806 2806 laus,
1844 2758 2038 2811 quem-

459 2867 567 2924 que
623 2860 681 2906 ut
710 2850 949 2918 aliquem
973 2834 1043 2900 de
1074 2843 1215 2898 coelo
1256 2841 1542 2909 delapsum
1571 2838 1858 2890 intuentur
1883 2833 1993 2903 (83)
2024 2851 2036 2887 :

461 2953 518 3000 et
549 2957 736 3013 pacem
774 2935 1115 3008 complexus,
1149 2932 1295 2987 bello
1323 2928 1580 2984 nuntium
1631 2925 1870 2989 remitte,
1903 2938 2040 2978 neve

461 3034 695 3105 populos
730 3042 852 3086 tuus
884 3027 1009 3082 inde
1062 3023 1367 3080 manaturis
1420 3019 1672 3076 cladibus
1704 3019 1768 3072 ad
1809 3017 2039 3071 exitium

2144 533 2332 597 κακῶς
2364 532 2588 616 ἀκούειν
2619 535 2690 586 τά
2734 534 2968 601 μέγιστα
3005 533 3428 606 συναιρομένην.
3459 535 3590 588 Ὅτε
3616 538 3725 606 γὰρ

2142 627 2170 679 6
2201 626 2291 689 σὸς
2330 626 2552 694 ἔγγονος
2580 624 2836 696 βασιλεὺς
2876 628 2904 677 6
2934 625 3055 689 νέος
3106 643 3202 679 σου
3233 627 3296 680 τὸ
3323 628 3544 698 πρῶτον
3593 629 3730 681 ἁπο-

2146 718 2280 780 στὰς
2313 719 2394 780 εἰς
2434 716 2882 786 Ἀδριανούπολιν
2919 717 3138 786 ἀφῖκτο,
3189 720 3235 770 οί
3274 719 3375 788 μὲν
3422 718 3573 789 αὐτῷ
3627 721 3728 783 τὰς

2145 809 2329 872 αίτίας
2367 809 2689 861 ἀνετίθεσαν
2723 809 2824 877 τῆς
2884 809 3473 880 ἀποστασίας,’ἓτεροι
3512 811 3571 863 δέ
3604 813 3726 863 σοί·

2145 901 2240 952 καὶ
2297 896 2363 971 ἦν
2403 902 2520 962 τοῖς
2576 899 2888 969 ἀνθρώποις
2927 902 3237 970 ἀμφίϐολος
3285 905 3318 974 ή
3355 904 3726 975 περὶτούτων

2144 994 2372 1062 γνῶσις.
2429 991 2616 1070 Ὠς”δ’
2677 995 3219 1062 ἐπιστρατεύσαντος
3273 996 3486 1048 ἐκείνου
3544 995 3606 1047 σύ
3663 971 3742 1046 τε.

2144 1087 2429 1156 ἐμνήσθης
2468 1086 2694 1156 εἰρήνης
2715 1124 2731 1150 ,
2763 1086 2971 1148 ἐκεῖνός
2999 1104 3059 1139 τε
3093 1086 3330 1156 ἄσμενος
3363 1086 3727 1158 προσεδέχετο

2148 1179 2318 1250 μηδὲν
2342 1180 2643 1250 μελλήσας,
2663 1181 2758 1233 καὶ
2783 1180 3109 1249 ἐγεγένηντο
3139 1180 3194 1232 αί
3249 1181 3495 1243 σπονδαὶ,
3525 1180 3728 1243 πάντες

2149 1272 2251 1342 μὲν
2285 1273 2556 1345 ἐπῄνεσαν
2591 1273 2862 1348 ὑμᾶςὶτῆς
2879 1291 2957 1326 -τε
3007 1272 3292 1336 εὐϐουλίας
3321 1275 3418 1326 καὶ
3451 1273 3552 1342 τῆς
3590 1274 3726 1342 πρὶς

2143 1362 2212 1416 τά
2246 1361 2445 1434 βελτίω
2476 1363 2783 1434 μεταϐολῆς
2807 1379 2820 1394 ·
2853 1363 3052 1434 ἑορτῆς
3097 1363 3155 1417 δὲ
3186 1364 3404 1435 ἡμέραν
3436 1357 3573 1435 ἦγον
3629 1363 3730 1433 τὴν

2144 1455 2365 1526 ⁴ἡμέραν
2391 1456 2636 1526 ἐκείνην,
2671 1457 2785 1508 τῶν
2817 1458 2882 1510 ἐκ
2911 1456 3006 1509 τοῦ
3050 1457 3317 1527 ἐμφυλίου
3354 1457 3544 1510 κακῶν
3565 1455 3728 1510 πολέο

2148 1565 2252 1617 μου
2285 1549 2610 1618 νομίσαντες
2661 1549 3037 1620 ἀπηλλάχθαι.
3073 1549 3187 1602 Νῦν
3211 1549 3259 1603 δ’
3285 1549 3375 1604 ὅτε
3403 1549 3659 1621 βασιλεὺς
3698 1553 3726 1606 ό

2149 1640 2241 1702 σὸς
2288 1641 2512 1710 ἔγγονος
2541 1641 2640 1713 τὴν
2682 1641 3141 1713 ἀποτεταγμένην
3197 1643 3348 1714 αὐτῷ
3403 1645 3504 1714 τῆς
3549 1645 3728 1715 ἀρχῆς

2149 1735 2347 1802 μοῖραν
2373 1732 2625 1800 περιιὼν,
2650 1735 2749 1805 τήν
2774 1751 2835 1787 τε
2854 1735 3116 1805 στρατιὰν
3145 1734 3347 1804 ἠξίωσε
3378 1735 3635 1806 προνοίας
3662 1737 3725 1789 ού

2152 1826 2252 1894 τῆς
2287 1827 2584 1895 τυχούσης,
2613 1826 2707 1878 καὶ
2745 1825 2815 1878 τὰ
2877 1827 3228 1897 πεπονηκότα
3259 1828 3337 1897 τῷ
3366 1829 3544 1899 χρόνῳ
3571 1830 3727 1901 τείχη

2152 1915 2263 1967 τῶν
2287 1916 2500 1969 πόλεων
2522 1917 2790 1982 ἐπέταξεν
2815 1919 3178 1984 ἀνακτᾶσθαι,
3206 1921 3298 1985 καὶ
3320 1921 3416 1990 τῆς
3436 1921 3729 1991 πολιτικῆς

2153 2007 2414 2077 εὐνομίας
2450 2009 2671 2078 καὶτῆς
2710 2010 2842 2080 ὅλης
2873 2011 2982 2064 τῶν
3015 2012 3359 2082 πραγμάτων
3405 2011 3725 2077 ἐπιδόσεως,

2153 2097 2278 2152 ὅσον
2310 2099 2464 2168 ἐξῆν,
2497 2101 2846 2172 ἐπεμελήθη,
2884 2099 3042 2167 αὖθις
3089 2104 3354 2176 ἐξαίφνης
3409 2107 3438 2159 6
3487 2105 3730 2176 πόλεμος

2152 2189 2460 2260 ἀνερράγη,
2493 2193 2766 2262 μηδεμίαν
2803 2194 2936 2263 μήτ’
2966 2195 3179 2248 ἐκείνου
3225 2196 3362 2268 μήτε
3395 2196 3503 2250 τῶν
3537 2197 3727 2250 συνόνο

2150 2298 2259 2333 των
2298 2283 2481 2335 αἰτίαν
2519 2286 2977 2354 παρασχομένων.
3015 2287 3170 2339 Ὠστ’
3223 2287 3421 2357 ἐκείνῳ
3455 2286 3553 2358 μὲν
3586 2304 3727 2357 συμ-

2154 2373 2383 2456 ϐήσεται
2427 2377 2522 2428 καὶ
2555 2376 2649 2427 ἐπὶ
2681 2379 2794 2440 τοῖς
2822 2379 3111 2448 προτέροις
3150 2379 3331 2442 αίτίας
3381 2377 3560 2448 πάσης
3591 2382 3728 2431 ἀπο-

2150 2465 2432 2532 λελῦσθαι,
2461 2468 2559 2521 καὶ
2588 2469 2695 2521 τῶν
2726 2467 2822 2522 νῦν
2848 2470 3014 2522 ἕνεκα
3038 2470 3382 2524 ἐπαινεῖσθαι
3414 2471 3487 2533 ὡς
3522 2472 3729 2540 ἀμυνο-

2152 2556 2300 2628 μένῳ
2354 2561 2446 2613 καὶ
2502 2560 2563 2614 οὐ
2616 2562 2944 2631 κατάρχοντι
2990 2554 3254 2633 πολέμου,
3297 2565 3392 2616 καὶ
3437 2566 3535 2634 τὴν
3571 2566 3723 2630 παρὰ

2148 2649 2367 2732 πάντων
2413 2648 2627 2704 εὔνοιαν
2657 2653 3000 2723 καρποῦσθαι
3032 2655 3106 2717 ὡς
3143 2654 3487 2724 ἀδικουμένῳ
3523 2655 3719 2708 συναλ-

2146 2742 2410 2811 γούντων,
2451 2743 2511 2796 σὲ
2534 2745 2579 2796 δ’
2621 2745 2860 2809 ἀπάσαις
2894 2747 3097 2816 ψήφοις
3142 2747 3236 2800 καὶ
3269 2745 3363 2798 νῦν
3407 2749 3502 2800 καὶ
3528 2749 3724 2816 πρότε⁴

2147 2852 2245 2914 ροις
2269 2834 2588 2890 ἁλίσκεσθαι
2620 2837 2934 2892 ἀδικοῦντα.
2987 2839 3272 2907 Ἐννόησον
3299 2839 3394 2893 οὖν
3419 2839 3577 2910 ἡλίκη
3612 2839 3724 2892 τῶν

2146 2932 2584 3001 συμὸησομένων
2617 2934 2804 2987 κακῶν
2831 2935 2925 2986 καὶ
2954 2937 3090 3004 πρὸς
3118 2934 3254 2987 Θεοῦ
3293 2933 3433 2998 τίσις
3466 2939 3560 2988 καὶ
3586 2937 3722 3006 πρ³ς

2144 3023 2180 3076 ἀ
2216 3023 2451 3092 θρώπων
2483 3025 2696 3094 ,ἕψεται
2753 3026 2979 3096 μέμψις.
3016 3028 3108 3080 Διὸ
3163 3027 3226 3098 δὴ
3265 3029 3361 3082 καὶ
3417 3024 3574 3092 αὖθις
3623 3029 3721 3082 σοῦ

462 3127 674 3190 vocari,
729 3121 838 3193 83
873 3136 1011 3174 neve
1043 3127 1296 3187 nepotem
1326 3124 1477 3168 tuum
1505 3121 1599 3166 aut
1634 3105 1894 3164 victorem
1928 3114 2040 3160 tur-

2146 3110 2359 3180 δέομαι,
2428 3113 2677 3184 βασιλεῦ,
2709 3117 2806 3169 καὶ
2863 3118 2973 3168 τῶν
3015 3119 3274 3186 ὑπηκόων
3305 3118 3451 3172 ἐὶεον
3498 3121 3719 3188 σχόντα,

465 3220 590 3288 pius
621 3218 866 3275 vincere,
905 3226 1069 3282 quam
1122 3209 1167 3262 si
1217 3208 1397 3260 victus
1428 3214 1577 3259 esset
1619 3201 1853 3272 (patrem
1893 3201 2042 3254 enim

465 3326 625 3366 suum
665 3308 896 3372 vincet),
929 3313 1026 3357 aut
1058 3302 1265 3354 victum
1294 3299 1494 3368 injUste
1533 3296 1698 3352 simul
1747 3305 1800 3347 et
1827 3310 1856 3347 a
1888 3305 2045 3361 patre

463 3405 726 3474 interﬁci,
785 3412 1052 3470 tuumque
1083 3405 1286 3452 nemen
1321 3394 1525 3464 passim
1561 3405 1688 3446 cum
1724 3389 1918 3443 faustis
1947 3402 2044 3442 ac-

464 3495 890 3556 clamationibus
917 3493 1291 3549 decantatum,
1326 3502 1390 3540 ex
1422 3485 1657 3538 adverso
1691 3483 1744 3535 in
1772 3480 2039 3534 invidiam

465 3587 662 3644 adduci
697 3585 868 3638 sinas.
901 3580 1027 3635 [late
1058 3593 1182 3632 cmn
1225 3573 1574 3629 disseruisset
1620 3568 2040 3633 Calochteretes,

466 3691 523 3735 et
547 3680 612 3734 ad
643 3673 990 3747 imperatoris
1022 3682 1184 3740 atque
1237 3668 1532 3721 astantium
1561 3667 1891 3734 interrogata
1940 3661 2042 3716 ob-

461 3773 844 3844 jectionesque
863 3765 1139 3835 sapienter
1158 3759 1553 3830 restiondisset,
1577 3755 1792 3811 tandem
1814 3751 2044 3824 pedibus

466 3859 821 3932 imperatoris
870 3854 1214 3927 provolutus,
1251 3851 1399 3904 omni
1452 3847 1806 3902 contentione
1850 3858 2042 3914 rogare

465 3955 657 4023 cmpit,
690 3967 758 4006 ne
789 3962 978 4019 pacem
1009 3946 1284 4016 rejiceret,
1330 3958 1434 3995 neu
1465 3941 1618 3995 illum
1657 3939 1724 3991 ab
1758 3937 1912 3991 initio
1946 3935 2043 3988 ho-

466 4046 746 4109 micidam,
801 4051 858 4096 et
901 4038 1148 4093 invidum
1202 4036 1355 4090 illum
1401 4031 1553 4104 [puta
1589 4028 1913 4098 diabolum],
1943 4027 2038 4083 sed

464 4137 750 4191 Christum
785 4128 1213 4202 paciﬁCalorem,
1240 4125 1334 4194 qui
1389 4121 1521 4176 iecit
1574 4131 1809 4190 utraque
1845 4135 2039 4182 unum,

412 4283 418 4289 ,
465 4229 710 4298 potiores
739 4224 885 4278 ferre
917 4220 1101 4275 vellet.
1136 4217 1424 4272 Hominem
1452 4215 1597 4268 levat
1627 4214 1946 4282 imperator,
1985 4218 2041 4264 et

465 4321 671 4392 gratias
698 4319 832 4387 agit,
866 4315 1013 4383 quod
1045 4327 1143 4366 eos
1169 4311 1301 4365 satis
1337 4310 1406 4363 de
1435 4308 1614 4363 otIieio
1638 4307 1934 4371 docuisset,
1954 4306 2042 4373 ju-

468 4414 670 4479 betque
703 4407 771 4462 iis
826 4418 1064 4475 quorum
1116 4401 1290 4455 missu
1344 4398 1643 4452 advenerat
1698 4407 2036 4456 renuntiare,

464 4503 591 4570 quia
617 4499 785 4555 stulta
825 4495 1097 4566 legatione
1125 4492 1435 4556 usiessent,
1469 4503 1576 4542 non
1613 4503 1670 4542 se
1713 4501 2039 4556 reSponsum

464 4594 598 4647 dare
625 4609 638 4644 :
662 4591 940 4650 daturum,
965 4587 1008 4641 si
1039 4583 1291 4654 prudenti
1317 4589 1622 4637 uterentur.
1652 4579 1742 4634 Sic
1765 4576 2042 4632 Calochze-

465 4668 617 4739 retes
633 4686 835 4736 frustra
862 4679 1141 4732 discessit.
1166 4676 1360 4730 Junior
1381 4674 1679 4742 imperator
1700 4669 1905 4723 Zurulo
1928 4682 2042 4721 mo-

468 4781 541 4835 tis
574 4775 793 4838 castris,
830 4771 1153 4825 lleracleam
1179 4766 1428 4821 Thraciae
1455 4763 1745 4834 processit,
1779 4762 1872 4816 ubi
1909 4761 2039 4832 Syr-

468 4873 726 4941 giannem
753 4879 879 4920 cum
913 4861 1170 4932 praesidio
1190 4858 1492 4928 Byzantino
1517 4844 1875 4919 concludens,
1898 4853 2042 4908 diem

468 4979 638 5020 unum
675 4963 732 5015 in
786 4955 1073 5012 obsidione
1132 4953 1337 5022 posuit.
1375 4950 1512 5005 Inde
1546 4949 1829 5013 recedens,
1871 4959 2043 5017 prope

468 5055 735 5112 Daonium
769 5056 1189 5104 castrametatus
1216 5051 1320 5105 est,
1345 5053 1396 5096 et
1425 5041 1677 5110 sequenti
1723 5040 1844 5093 lucc
1896 5038 2044 5094 Con-

469 5144 860 5215 stantinopolin
889 5138 1116 5194 tendere
1143 5135 1407 5206 perrexit.
1433 5133 2044 5205 RhegiiCalochmretes

467 5243 518 5296 ei
551 5240 746 5295 obvius
785 5232 920 5288 nihil
951 5245 1010 5285 se
1040 5228 1289 5284 etl‘ecisse
1309 5236 1516 5281 narrat.

2069 4453 2120 4511 D

2151 3206 2244 3257 καὶ
2269 3204 2363 3257 τοῦ
2413 3207 2681 3275 βασιλέως
2728 3224 2786 3259 τε
2841 3208 2936 3261 καὶ
2969 3209 3156 3272 παιδὸς
3190 3210 3284 3262 καὶ⁵
3321 3209 3486 3264 αὑτοῦ
3511 3211 3567 3263 δὲ
3597 3213 3722 3275 σοῦ,

2147 3296 2290 3349 οὕτω
2322 3297 2477 3368 παρὰ
2519 3295 2814 3368 Ῥωμαίοις
2844 3300 3010 3354 πᾶσιν
3056 3301 3475 3372 ἐπαινουμένου,
3518 3304 3613 3357 καὶ
3645 3305 3723 3367 ὣς

2146 3406 2290 3453 τινος
2345 3391 2456 3444 τῶν
2489 3392 2817 3460 κρειττόνων
2853 3391 3301 3462 θαυμαζομένου,
3334 3398 3425 3447 τὸν
3479 3395 3721 3466 πόλεμον

2148 3481 2477 3546 καταλῦσαι,
2531 3481 2972 3551 προσδεξάμενον
3018 3484 3115 3555 τὴν
3170 3485 3430 3556 εἰρήνην·
3491 3491 3586 3540 καὶ
3642 3488 3720 3558 μὴ

2147 3573 2409 3640 περιιδεῖν
2439 3575 2498 3626 τὸ
2536 3575 2636 3640 μὲν
2665 3577 2906 3641 ῠπήκοον
2940 3578 3044 3629 ὑπὸ
3073 3577 3167 3630 τοῦ
3203 3578 3443 3648 πολέμου
3483 3579 3719 3647 διαφθα-

2149 3665 2240 3735 ρέν
2265 3682 2278 3696 ·
2311 3665 2401 3718 τὸν
2451 3665 2508 3716 δὲ
2545 3666 2636 3718 σὸν
2660 3665 2887 3734 ἔγγονον
2946 3669 3040 3720 καὶ
3069 3670 3316 3738 βασιλέα,
3343 3671 3376 3742 ἢ
3419 3673 3722 3742 νικήσαντα

2146 3757 2328 3825 πάσης
2368 3755 2535 3826 ἥττης
2585 3759 2782 3827 αἰσχίω
2835 3759 3057 3828 νικῆσαι
3093 3763 3270 3831 νίκην,
3313 3764 3548 3834 (πατέρα
3601 3769 3716 3833 γάρ

2145 3848 2474 3920 νικήσει),ἣ
2527 3850 2831 3920 ἡττηθέντα
2879 3853 3085 3917 ἀδίκως
3129 3872 3189 3907 τε
3223 3857 3383 3926 ὁμοῦ,
3422 3859 3521 3912 καὶ
3565 3862 3718 3930 παρὰ

2143 3942 2351 4010 πατρὸς
2391 3942 2704 4010 ἀποθανεῖν,
2735 3945 2795 3996 τό
2824 3962 2882 3998 τε
2920 3947 3010 3999 σὸν
3028 3949 3196 4017 όνομα
3219 3949 3279 4002 τὸ
3312 3952 3464 4022 παρά
3497 3955 3717 4010 πάντων
3743 3946 3768 3956 “’

2143 4033 2405 4103 ᾀδόμενον
2448 4035 2545 4088 σὺν
2573 4037 2842 4106 εὐφημίᾳ,
2889 4036 3314 4107 διαϐαλλόμενον
3343 4041 3403 4106 ἐξ
3433 4044 3719 4116 ἀντιστρό-

2144 4143 2268 4195 φου.
2297 4125 2536 4180 Τοιαῦτα
2571 4127 2744 4180 εἰπὼν
2787 4130 2814 4181 ό
2849 4129 3279 4201 Καλοχαιρέτης,
3319 4133 3415 4187 καὶ
3448 4137 3583 4206 πρὸς
3618 4139 3718 4203 τὰς

2143 4220 2210 4271 ἐκ
2237 4217 2504 4289 βασιλέως
2538 4221 2633 4272 καὶ
2670 4220 2780 4274 τῶν
2810 4223 3094 4290 παρόντων
3132 4221 3356 4286 πεύσεις
3389 4226 3483 4278 καὶ
3499 4228 3719 4282 ἀντιθέ-

2145 4326 2260 4373 σεις
2305 4309 2545 4372 συνετῶς
2591 4311 2732 4378 ἀγαν
2762 4312 2862 4375 τὰς
2905 4313 3231 4384 ἀποκρίσεις
3269 4317 3714 4387 ἀντυπενεγκὼν,

2145 4403 2454 4466 τελευταῖον
2506 4402 2860 4476 ἑαυτὸνπρὺς
2909 4407 3035 4468 τοὺς
3078 4407 3348 4474 βασιλέως
3385 4411 3720 4478 καθακλίνας

2148 4493 2339 4558 πόδας,
2377 4493 2548 4546 ἐδεῖτο
2570 4492 2695 4564 ’μεθ’
2725 4493 2858 4566 ὅσης
2893 4487 3134 4568 σπουδῆς
3167 4500 3242 4568 μὴ
3271 4490 3720 4576 ἀπώσασθαιτήν

2151 4587 2396 4657 είρήνην,
2437 4587 2570 4656 μηδὲ
2619 4587 2711 4641 τὸν
2758 4587 2818 4654 ἐξ
2875 4591 3053 4660 ἀρχῆς
3109 4593 3560 4662 ἀνθρωποκτόνον
3623 4601 3719 4652 καὶ

2151 4678 2438 4748 φθονερὸν,
2482 4677 2620 4732 ἀλλά
2679 4679 2772 4733 τὸν
2833 4681 3180 4751 είρηνοποιὺν
3235 4687 3475 4755 Χριστὸν
3523 4689 3617 4743 τὸν
3649 4693 3721 4744 τὰ

2149 4770 2417 4850 διεστῶτα
2467 4771 2807 4841 συνάψαντα,
2854 4775 3003 4843 σχεῖν
3045 4774 3107 4827 τὸ
3148 4776 3330 4833 πλέον.
3374 4770 3719 4849 Ἀναστήσας

2146 4860 2204 4914 δὲ
2267 4862 2427 4914 αὐτὸν
2479 4863 2507 4915 6
2562 4861 2840 4930 βασιλεὺς,
2873 4865 2971 4916 καὶ
3004 4865 3352 4936 εὐχαριστεῖν
3403 4868 3597 4936 είπὼν,
3635 4871 3720 4925 ὅτι

2148 4952 2321 5006 ἐλθὼν
2351 4952 2595 5019 ἐδίδαξας
2623 4955 2774 5023 ἡμᾶς
2807 4954 3148 5023 ἀρκούντως,
3177 4962 3290 5021 τοῖς
3313 4962 3720 5017 ἀπεσταλκόσιν

2145 5043 2397 5097 ἐκέλευεν
2461 5045 2858 5114 ἀπαγγέλλειν,
2907 5046 2984 5110 ὡς
3042 5047 3282 5102 ἀσύνετα
3322 5050 3721 5122 διαπρεσϐευο-

2119 5198 2127 5205 _
2147 5137 2328 5206 μένοις
2360 5136 2468 5188 οὐδ’
2503 5139 2666 5192 αὐτὸς
2703 5138 2768 5191 ἂν
2816 5139 3112 5209 ἀπόκρισιν
3152 5139 3303 5208 δοίη*
3337 5143 3718 5214 ἀποκρινεῖτσι

2143 5229 2185 5280 δ’
2219 5227 2399 5292 αὖθις,
2463 5229 2530 5283 ἂν
2586 5235 2683 5282 καὶ
2743 5230 2899 5282 αὐτοὶ
2948 5231 3403 5302 πρεσϐεύσωνται
3449 5237 3716 5301 συνετῶς.

1708 5366 1922 5427 Jacobi
1959 5367 2222 5428 Pontani
2251 5355 2446 5431 nota).

541 5510 652 5579 (85)
693 5507 812 5560 Non
844 5500 1088 5579 intelligo
1125 5513 1295 5575 quare
1344 5500 1412 5551 ad
1455 5498 1589 5579 hac
1626 5495 2036 5579 interpretanda

474 5566 579 5631 non
603 5566 829 5645 optime,
851 5584 908 5626 et
927 5566 1297 5645 pulcherrimo
1325 5569 1597 5645 quadrent
1625 5567 1738 5620 haec
1871 5566 2036 5618 Tullii

470 5665 537 5702 ex
568 5636 1019 5713 l’oinpeia‘naft'le
1067 5641 1184 5708 ipso
1217 5636 1510 5713 Pompeio,
1554 5651 1754 5713 magno
1795 5637 2034 5702 impera-

473 5728 611 5776 tore,
656 5705 805 5781 qdem
839 5705 906 5764 ut
949 5705 1192 5781 aliquem
1234 5707 1359 5760 c0310
1395 5707 1683 5781 delapsum
1738 5705 2031 5759 intuentur.

472 5775 678 5840 Simile.
711 5793 795 5835 est
848 5780 979 5832 illud
1039 5775 1285 5846 ejusdem
1342 5775 1408 5830 ad
1455 5776 1717 5839 Quintum
1784 5776 2030 5838 lrntretn,

2143 5498 2307 5577 epist.
2332 5498 2383 5560 l,
2409 5497 2503 5552 lib.
2521 5512 2568 5550 ιε
2591 5495 2732 5550 Nam
2763 5496 2928 5577 ϐιςωεὲ
2961 5497 3170 5577 quidem
3191 5498 3268 5577 sic
3286 5507 3335 5552 te
3362 5501 3439 5552 ita
3460 5509 3720 5556 viventem

2142 5567 2506 5631 intuebuntur,
2551 5577 2606 5619 tu
2647 5567 2926 5637 quemdam
2973 5582 3038 5620 ea:
3087 5568 3380 5620 Annalium
3422 5570 3717 5637 memoria,

2145 5645 2235 5709 aut
2265 5641 2425 5709 etiam
2455 5639 2516 5689 de
2558 5635 2685 5689 caelo
2725 5637 2960 5689 divinum
2987 5639 3248 5691 hominem
3281 5654 3394 5692 esse
3419 5640 3475 5693 in
3500 5635 3719 5709 ρνουὶιιὲ

2141 5707 2282 5761 ciam
2308 5708 2582 5776 delapsum
2613 5715 2816 5774 putent.
