4136 6288
436 353 548 416 205
1103 422 1111 428 ,
1641 351 2006 410 ntsronu

2116 352 2184 408 [Μ
2222 351 2447 410 LIBER
2483 352 2526 410 l.
3573 358 3678 421 206

436 465 728 538 Οὕτωιμὲν
794 464 824 516 ὁ
860 462 1274 530 Καλοχαιρέτης
1338 461 1622 529 ἄπρακτος
1694 459 1937 530 ἀπῆλθεν
1967 460 2032 512 ὲκ
2071 461 2390 523 Βυζαντίου.
2435 461 2492 512 '0
2523 460 2576 514 δέ
2613 479 2674 528 γε
2740 461 2992 531 βασιλεὺς
3028 465 3056 515 ό
3099 448 3214 531 νέος
3254 469 3392 535 ἄρας
3428 470 3490 521 ὲκ
3514 470 3683 533 ’1“ζυυ-

438 558 663 630 ρουλόης
714 557 794 620 είς
840 555 1166 626 Ἡράκλειαν
1222 553 1454 621 ἀφίκετο
1517 550 1614 620 τὴν
1656 551 1755 619 τῆς
1788 551 2033 622 Θρᾴκης,
2075 552 2166 604 καὶ
2234 553 2574 622 Συργιάννην
2604 541 2722 607 ἐκεῖ
2749 555 3115 619 κατακλείσας
3139 557 3256 625 ἅμα
3283 559 3358 630 τῷ
3386 559 3450 612 ὲκ
3479 562 3684 626 Βυζαν-

436 654 554 706 τίου
589 651 834 721 στρατῷ,
898 648 1292 720 ἐπολιόρκησεν
1361 647 1447 716 ἐφ’
1511 647 1696 718 ἡμέρᾳ
1757 648 1878 717 μιᾷ.
1921 647 2196 701 Κάκεῖθεν
2240 643 2398 710 αὖθις
2453 649 2821 714 ἀπαναστὰς,
2874 652 3343 722 ἐστρατοπέδευσε
3398 659 3529 724 περὶ
3580 661 3684 711 Δά-

436 765 582 802 νειον
613 746 728 818 (84)
750 765 764 780 ο
796 748 856 808 ἐς
875 746 973 815 τὴν
997 745 1294 816 ὑστεραίαν
1323 745 1368 798 δ’
1398 744 1580 813 εἴχετο
1642 744 1743 813 τῆς
1803 743 2079 812 φερούσης
2117 743 2254 812 πρὸς
2281 743 2340 795 τὸ
2378 744 2692 808 Βυζάντιον.
2725 746 2833 798 Καὶ
2870 747 3150 818 γενομένῳ
3181 749 3320 801 κατά
3354 749 3414 802 τὸ
3441 751 3684 820 Ῥήγιον,

433 848 462 898 ὁ
492 841 909 915 Καλοχαιρέτης
931 841 1186 912 ἐνέτυχεν
1214 839 1578 908 ἀπαγγέλλων
1619 841 1692 903 ὡς
1720 840 2004 910 ἄπρακτος
2043 839 2331 916 ἐπανήκει.
3408 849 3410 851 ‘

1819 949 2044 1005 CAPUT
2083 948 2298 1004 XXVII.

438 1049 656 1116 Legatio
711 1047 914 1116 nepotis
960 1046 1029 1098 ad
1089 1061 1246 1116 avum
1297 1044 1360 1096 de
1405 1059 1532 1116 pace
1553 1058 1763 1116 squam
1816 1041 2387 1116 rursus__non_procul
2442 1060 2479 1116 a_
2517 1041 3079 1116 nitenibus_Byzantii
3136 1047 3284 1116 petit,
3338 1047 3430 1099 sed
3457 1047 3682 1115 frustra.

537 1119 638 1191 Ejus
673 1110 853 1188 febris,
891 1123 938 1168 et
973 1115 1291 1185 proﬂuvium
1335 1110 1622 1184 sanguinis
1654 1128 1681 1164 e
1717 1110 1956 1165 naribus.
1992 1110 2175 1180 Magni
2207 1113 2659 1183 stratopedarclta:
2705 1110 2944 1181 defectio.
3004 1110 3322 1183 Syrgiannis
3348 1110 3612 1184 facinora.

511 1226 1124 1301 Στρατοπεδευσαμένῳ
1152 1226 1208 1279 δὲ
1260 1225 1450 1291 αὑτοῦ,
1483 1225 1632 1299 εδοξε
1693 1224 1812 1278 δέον
1872 1217 2011 1276 εῖναι

2183 1222 2391 1276 Castris
2431 1224 2508 1278 ibi
2546 1224 2762 1291 locatis,
2797 1226 2942 1283 subit
2974 1210 3216 1284 animum
3262 1233 3502 1301 nepotis,
3556 1250 3681 1290 sua-

437 1325 532 1378 καὶ
564 1321 732 1376 αὐτὸν
764 1319 901 1392 πρὸς
929 1319 1022 1371 τὸν
1059 1317 1287 1389 βασιλέα
1312 1319 1410 1370 καὶ
1434 1318 1661 1372 πάππον
1686 1314 2007 1369 ἀποστεῖλαι

2116 1330 2237 1367 rum
2274 1329 2492 1386 quoque
2538 1318 2774 1386 partium
2830 1335 2972 1382 esse,
3010 1321 3340 1391 legationem
3389 1324 3456 1379 ad
3519 1341 3681 1382 avum

438 1412 738 1484 πρεσϐείαν
765 1413 912 1498 περ)ι
924 1411 1173 1482 ενίρήνης.
1203 1410 1422 1480 Πέμπει
1451 1409 1514 1480 δὴ
1538 1409 1627 1461 τὸν
1653 1408 1835 1498 μέγαν
1861 1422 2013 1458 κονο-

440 1506 672 1560 σταῦλον
713 1497 968 1572 Ἰωάννην
999 1500 1366 1567 Παλαιολόγον
1398 1499 1491 1552 τὸν
1517 1497 2011 1568 πρωτοστράτορος

439 1595 686 1664 ἀδελφὸν,
747 1593 843 1647 καὶ
879 1592 1138 1660 Ἰωάννην
1169 1590 1263 1644 τὸν
1307 1587 1730 1658 Ἀπλησφάρην,
1793 1587 2012 1656 γράψας

436 1686 516 1757 τῷ
537 1687 748 1756 πάππῳ
769 1683 865 1736 καὶ
888 1681 1106 1752 βασιλεῖ
1123 1681 1354 1735 τοιαῦτα
1377 1701 1390 1713 ·
1429 1680 1551 1733 Τῶν
1582 1680 1707 1743 ἐμοὶ
1743 1678 2010 1732 συνόντων

439 1774 820 1847 συγκλητικῶν
850 1772 1075 1826 καὶτῶν
1102 1772 1280 1824 ἄλλων
1307 1773 1599 1842 ἡγεμόνων
1625 1769 1725 1837 τῆς
1749 1768 2011 1837 στρατιᾶς

437 1867 618 1937 κάμοῦ
667 1864 977 1927 συνειδότος
1039 1865 1178 1929 πρὸς
1232 1862 1292 1914 σὲ
1326 1863 1456 1929 περὶ
1496 1860 1719 1930 εἰρήνης
1745 1859 2009 1928 διαπρεσ-

437 1959 800 2027 ϐευσαμένων
849 1955 945 2009 καὶ⁹
979 1953 1055 2023 μὴ
1102 1952 1399 2022 τυχόντων,
1439 1949 1556 2003 νυνὶ
1586 1949 1680 2002 καὶ
1711 1947 1874 2009 αὐτὸς
1913 1948 2011 1999 σὺν

436 2050 623 2110 αὐτοῖς
654 2041 811 2109 αὖθις
845 2045 978 2115 περὶ
1025 2043 1137 2096 τῶν
1183 2042 1368 2095 αὐτῶν
1406 2039 1805 2111 πρεσϐεύομεν,
1840 2033 1885 2092 ὦ
1913 2037 2012 2109 βα-

437 2141 610 2205 σιλεῦ,
643 2140 740 2192 καὶ
765 2137 1006 2208 δεόμεθά
1037 2152 1133 2189 σου
1167 2135 1370 2196 πάντες
1390 2135 1567 2204 κοινῇ,
1605 2132 1678 2202 μὴ
1709 2131 1783 2193 ὦς
1821 2149 1875 2184 τι
1903 2129 2012 2184 τῶν

434 2230 646 2300 ἀτίμων
664 2226 1067 2297 ἀπορῤιφῆναι,
1101 2221 1528 2292 ἀλλἐὺμενείας
1552 2219 1649 2272 καὶ¹
1683 2217 2011 2286 συγγνώμης

437 2321 533 2374 τοῦ
577 2319 672 2372 σοῦ
704 2319 946 2388 κράτους
991 2317 1200 2385 τυχεῖν,
1245 2314 1574 2383 ἐφιεμένους
1627 2313 1769 2366 πάνυ
1795 2309 1888 2363 σοῦ
1917 2309 2012 2362 καὶ

433 2410 572 2466 εἶναι
599 2410 822 2473 δούλους
856 2409 950 2462 καὶ
981 2406 1366 2478 ὀνομάζεσθαι,
1403 2405 1496 2457 καὶ
1517 2404 1614 2472 τὴν
1642 2402 1864 2488 ςίρήνην
1891 2402 2013 2455 ἀντὶ

435 2505 648 2559 πολλῶν
683 2502 905 2573 ἀγαθῶν
935 2502 1120 2562 ἀλλωιι
1161 2501 1218 2553 ὲν
1275 2495 1600 2568 εὐεργεσίας
1651 2497 2011 2563 αἰτουμένους

439 2600 623 2668 μέρει.
657 2598 902 2662 Τούτους
962 2595 1062 2665 μὲν
1097 2593 1191 2647 οὖν
1225 2589 1551 2646 ἀπέστειλεν
1595 2588 1670 2651 ὡς
1703 2587 1925 2658 βασιλέα
1953 2588 2010 2640 ὲν

434 2692 674 2759 ἡμέραις
700 2686 846 2743 ὀκτὼ
867 2686 1133 2748 κελεύσας
1166 2683 1513 2745 ἐπανελθεῖν,
1549 2679 1743 2749 ἀρκεῖν
1775 2677 1912 2746 π’ρδς
1942 2675 2008 2727 τδ

435 2781 662 2850 βασιλέα
686 2777 1086 2850 βουλεύσασθαι
1111 2777 1241 2846 περὶ
1265 2775 1369 2844 τῆς
1402 2773 1626 2842 εἰρήνης
1650 2771 1713 2822 τδ
1735 2767 2011 2838 διάστημα

438 2872 668 2941 νομίσας
705 2870 800 2923 τοῦ
842 2869 1070 2942 χρόνουο
1103 2866 1265 2929 αὐτὸς
1315 2865 1362 2917 δ’
1403 2863 1616 2932 ἔμεινεν
1665 2864 1723 2913 ὲν
1782 2859 2008 2928 Ῥηγίῳ.

439 2965 544 3018 Δύο
574 2965 630 3016 δὲ
664 2962 886 3033 ἡμερῶν
925 2955 1381 3032 παρεληλυθυιῶν
1427 2953 1564 3018 πρὸς
1607 2953 1727 3013 ταῖς
1756 2950 1908 3013 δέκα,
1937 2949 2012 3012 ὡς

435 3059 485 3111 oi
509 3057 773 3127 πρέσὸεις
809 3055 907 3108 οὐκ
956 3051 1258 3120 ἐπανῆκον,
1287 3049 1427 3116 ἄρας
1457 3047 1523 3097 ὲκ
1560 3043 1800 3109 Ῥηγίου,
1849 3037 2012 3112 ἦλθεν

437 3153 605 3220 ἐγγὺς
637 3150 744 3204 τῶν
771 3149 1068 3212 Βυζαντίου
1109 3145 1307 3216 τειχῶν
1333 3144 1462 3196 ὅσον
1497 3142 1575 3214 μὴ
1608 3138 1898 3212 βάλλεσθαι
1928 3154 2014 3190 το-

442 3242 614 3306 ξείαις
647 3242 774 3299 τοὺς
804 3239 1167 3310 στρατιώτας.
1211 3233 1444 3304 Πέμψας
1467 3233 1514 3286 δ’
1547 3233 1716 3300 ὲγγὺς
1746 3229 1856 3282 τῶν
1885 3230 2011 3281 ἑπο-

443 3335 618 3403 μένων
647 3335 822 3396 τινάς,
855 3333 1037 3400 λέγειν
1096 3328 1317 3382 ἐκέλευε
1368 3327 1479 3388 τοῖς
1523 3324 1618 3377 ἐπὶ
1648 3322 1745 3376 τοῦ
1795 3321 2011 3390 τείχους

440 3425 804 3498 ἀπαγγέλλειν
853 3425 930 3495 τῷ
963 3424 1191 3494 βασιλεῖ,
1226 3419 1302 3481 ὡς
1366 3418 1425 3474 '0
1487 3420 1576 3479 σὸς
1613 3417 1857 3484 ἔγγονος,
1892 3415 2013 3467 ἐπεὶ

439 3516 582 3568 κατά
606 3521 702 3585 τὴν
737 3515 1078 3588 προθεσμίαν
1133 3514 1232 3583 οὐχ
1259 3505 1396 3584 ἧκον
1426 3511 1477 3563 oi
1526 3507 1811 3577 πρέσϐεις,
1842 3505 2013 3558 ἐλθὼν

442 3611 602 3671 αὐτὸς
637 3607 972 3677 συγγνώμης
995 3605 1170 3659 δεῖται
1207 3603 1414 3672 τυχεῖν.
1456 3601 1518 3652 Οἱ
1549 3599 1628 3664 δὲ,
1668 3597 1792 3666 μηδ’
1823 3595 2013 3663 ἄκροις

441 3703 544 3756 ὠσὶ
581 3699 1024 3769 παραδοξάμενοι
1053 3697 1176 3758 τοὺς
1209 3695 1424 3762 λόγους,
1471 3693 1761 3764 βάλλοντες
1787 3691 1895 3744 ἀπὸ
1917 3688 2010 3742 τοῦ

438 3798 653 3868 τείχους
680 3795 1004 3865 ἠνάγκασαν
1030 3791 1248 3858 φυγεῖν.
1271 3786 1535 3848 Βασιλεὺς
1560 3785 1607 3838 δ’
1629 3786 1658 3836 ό
1681 3784 1802 3847 νέος
1825 3782 2012 3836 αὐτόθι

2118 1406 2356 1463 mittere.
2387 1408 2586 1479 Deligit
2611 1409 2795 1480 itaque
2830 1411 3094 1468 Joannem
3142 1413 3502 1486 Palteologum
3571 1435 3686 1473 ma-

2113 1512 2280 1564 gnum
2311 1499 2739 1566 contostaulum,
2767 1504 3176 1570 protostratoris
3194 1505 3441 1572 fratrem,
3460 1510 3687 1564 etJoan-

2115 1601 2242 1640 nem
2273 1586 2669 1658 Aplespharen,
2699 1591 2901 1660 quibus
2926 1595 3215 1663 epistolam
3242 1598 3535 1652 committit
3569 1601 3685 1656 haec

2112 1679 2487 1738 continentem
2525 1700 2539 1735 :
2583 1682 3040 1754 Quandoquidem
3095 1703 3232 1756 quos
3260 1705 3474 1744 mecum
3505 1692 3684 1748 habeo

2113 1767 2329 1824 nobiles
2363 1780 2528 1841 atque
2566 1773 2830 1836 illustres,
2878 1786 2934 1831 et
2979 1777 3238 1832 ductores
3274 1781 3552 1848 ordinum,
3597 1799 3684 1838 me

2112 1859 2340 1914 conscio
2370 1860 2438 1915 de
2472 1878 2608 1932 pace
2654 1865 2722 1920 ad
2757 1877 2807 1921 te
2839 1867 3129 1934 miserunt,
3159 1885 3262 1926 nec
3291 1873 3680 1941 impetrarunt,

2112 1965 2213 2018 ego
2244 1952 2361 2020 ipse
2384 1969 2552 2020 nunc,
2579 1955 2686 2010 illis
2708 1958 2916 2026 pariter
2940 1959 3274 2026 volentibus,
3299 1979 3516 2019 rursum
3533 1981 3684 2021 eam-

2113 2041 2239 2095 dem
2271 2055 2434 2112 peto;
2472 2057 2528 2101 et
2579 2056 2632 2103 te
2663 2063 2887 2105 oramus
2919 2053 3310 2119 communiter,
3358 2070 3428 2110 ne
3467 2070 3569 2111 nos
3623 2068 3684 2112 ut

2113 2129 2481 2200 despicabiles
2509 2137 2738 2202 refutes,
2775 2154 2970 2194 verum
3006 2143 3308 2212 majestatis
3342 2154 3448 2199 tuae
3497 2146 3679 2215 gratia

2112 2232 2170 2276 et
2200 2225 2356 2279 venia
2399 2225 2726 2296 impertias:
2759 2232 2916 2300 cujus
2958 2233 3104 2287 servi
3139 2233 3302 2303 plane
3335 2244 3390 2291 et
3441 2252 3583 2303 esse,
3623 2249 3680 2293 et

2112 2321 2389 2377 nominari
2417 2331 2692 2394 Optamus,
2727 2341 2914 2396 pacem
2939 2343 3051 2398 prae
3071 2332 3260 2386 multis
3287 2332 3410 2386 aliis
3442 2333 3599 2390 bonis
3625 2334 3680 2388 in

2115 2413 2370 2469 beneﬁcii
2393 2416 2514 2471 ioco
2526 2417 2623 2472 abs
2641 2427 2692 2472 te
2710 2419 3035 2490 ﬂagitantes.
3061 2423 3204 2494 Ergo
3227 2425 3327 2481 hos
3353 2427 3422 2481 ad
3445 2428 3686 2496 impera-

2117 2513 2292 2559 torem
2341 2507 2563 2576 legavit,
2611 2508 2810 2564 diebus
2839 2521 2965 2566 octo
3009 2513 3193 2569 redire
3223 2517 3430 2584 jussos,
3468 2527 3680 2572 tantum

2116 2594 2461 2651 intervallum
2497 2614 2599 2652 avo
2631 2600 2698 2653 ad
2749 2601 3076 2671 capiendum
3106 2605 3172 2660 de
3205 2621 3338 2675 pace
3385 2608 3680 2665 consilium

2117 2695 2266 2740 ratus
2292 2687 2561 2755 suﬁlcere,
2583 2691 2698 2760 ipse
2725 2693 2934 2748 interea
2958 2696 3152 2766 Rbegii
3170 2701 3539 2768 exspectabat.
3568 2691 3685 2773 θῇ

2115 2777 2416 2834 Duodecim
2458 2779 2657 2838 diebus
2686 2784 2908 2854 elapsis,
2960 2788 3150 2858 legatis
3183 2790 3410 2845 minime
3445 2792 3682 2846 redeun-

2115 2870 2282 2935 tibus,
2315 2871 2527 2943 Rhegio
2552 2889 2720 2944 pr0pe
2741 2876 2981 2946 Byzantii
3013 2895 3201 2936 muros
3239 2881 3326 2951 (nt
3353 2887 3500 2937 cisset
3528 2894 3680 2937 extra

2116 2962 2208 3017 teli
2237 2964 2447 3032 jactum
2477 2967 2680 3035 tamen)
2711 2971 2964 3026 accessit.
2998 2973 3204 3027 Deinde
3234 2973 3446 3044 aliquot
3471 2972 3540 3028 de
3568 2974 3685 3028 suis

2117 3055 2308 3119 mittit,
2345 3057 2440 3126 qui
2477 3059 2546 3112 de
2581 3075 2739 3114 muro
2770 3065 3195 3133 propugnatoris
3233 3065 3500 3131 dicerent,
3535 3081 3683 3120 nun-

2115 3145 2312 3202 tiatum
2340 3147 2483 3203 irent
2508 3149 2828 3220 imperatori
2859 3164 3112 3222 nepotem
3145 3155 3285 3224 ejus,
3323 3158 3584 3226 quoniam
3616 3161 3682 3215 ad

2113 3237 2258 3292 diem
2284 3239 2558 3309 praiixam
2587 3243 2750 3312 legati
2779 3259 2888 3298 non
2911 3247 3224 3311 rediissem,
3245 3249 3437 3303 adesse
3480 3249 3682 3319 ipsum.

2116 3331 2330 3384 veniam
2363 3332 2713 3401 rogitantem.
2763 3333 2866 3400 Qui
2908 3351 2976 3390 ne
3006 3341 3236 3391 summis
3267 3339 3492 3406 quidem
3527 3343 3684 3396 auri-

2116 3419 2220 3473 bus
2263 3435 2454 3475 eorum
2497 3423 2665 3476 verba
2699 3425 3062 3494 excipientes,
3117 3429 3221 3482 tela
3268 3418 3506 3499 superne
3545 3432 3684 3502 deji-

2115 3515 2292 3577 ciunt,
2345 3522 2402 3568 et
2463 3530 2560 3569 eos
2623 3517 2814 3585 iugere
2846 3528 3070 3588 cogunt.
3129 3521 3327 3575 Junior
3387 3523 3687 3594 imperator

2114 3621 2240 3660 cum
2269 3606 2474 3662 ibidem
2510 3610 2868 3675 constitisset,
2901 3611 3080 3681 quoad
3109 3612 3226 3668 dles
3247 3613 3358 3683 jam
3387 3615 3687 3671 occumbe—

2115 3709 2219 3762 ret,
2252 3701 2474 3770 paulum
2501 3704 2877 3771 retrocedens,
2898 3707 3056 3776 juxta
3085 3704 3428 3763 Cosmidium
3457 3707 3514 3763 in
3543 3707 3691 3763 Lim~

2116 3792 2328 3861 pidario
2354 3803 2533 3849 castra
2571 3788 2731 3861 fecit,
2762 3811 2826 3850 ac
2857 3796 3100 3851 triduum
3132 3799 3248 3854 illic
3277 3801 3453 3856 haesit.
3482 3800 3685 3856 lmm’o-

438 3887 874 3959 διακαρτερήσας
931 3883 1094 3952 μέχρι
1135 3877 1427 3948 κλινούσης
1469 3876 1702 3946 ἡμέρας,
1732 3875 1914 3942 ὀλίγον
1952 3875 2011 3927 ἀ·-

2117 3885 2255 3939 dicis
2283 3901 2450 3954 porro
2481 3885 2752 3942 imbribus
2777 3903 2901 3941 cum
2955 3889 3302 3945 intolerando
3337 3891 3541 3962 frigore
3584 3908 3678 3947 nu-

439 3979 728 4046 νιζεύξας,
759 3973 1255 4046 ἐστρατοπέδευσεν
1283 3970 1453 4037 ἐγγὺς
1481 3966 1781 4035 Κοσμιδίου
1816 3969 1872 4018 ὲν
1895 3969 2008 4028 τοῖς

440 4069 839 4140 Λυμπιδαρίου,
869 4065 965 4119 καὶ
1011 4066 1160 4136 τρεῖς
1218 4063 1318 4134 μὲν
1351 4060 1571 4130 ἔμεινεν
1604 4058 1822 4129 ἡμέρας
1869 4058 2007 4111 ἐκεῖ.

441 4163 739 4233 Χειμώνων
771 4159 816 4212 δ’
859 4157 1116 4225 ἐξαισίων
1173 4157 1266 4208 καὶ
1303 4152 1528 4222 ὄμϐρων
1579 4148 2007 4218 ἐπιγενομένων,

441 4257 514 4320 ὡς
543 4255 635 4308 καὶ
666 4251 761 4305 δύο
781 4250 892 4303 τῶν
927 4245 1281 4318 στρατιωτῶν
1339 4243 1443 4295 ὑπὸ
1472 4241 1679 4311 ψύχους
1714 4237 2008 4292 ἀποθανεῖν

441 4350 499 4401 ὲν
525 4345 605 4418 τῷ
635 4342 1008 4415 στρατοπέδῳ,
1061 4337 1194 4392 ἐπεὶ.
1225 4334 1356 4406 περί
1387 4351 1446 4387 τε
1477 4334 1702 4402 είρήνης
1751 4328 2014 4400 ἠλπίζετο

432 4441 612 4512 ’μηδὲν
663 4439 768 4501 ἔτι,
824 4437 913 4489 ὅτε
972 4430 1180 4503 χειμὼν
1232 4429 1484 4482 ἐπέκειτο
1537 4422 1808 4493 σςοδρῶς,
1838 4418 1931 4483 καί
1980 4421 2013 4489 η

446 4531 684 4600 στρατιά
736 4528 845 4581 τῶν
884 4526 1024 4597 πρὸς
1051 4525 1150 4594 τὴν
1180 4521 1369 4590 χρείαν
1404 4518 1625 4589 ἠπόρει,
1662 4515 1763 4568 οὐκ
1795 4515 2016 4582 ἐπιτρε-

441 4625 673 4693 πόμενοι
698 4619 837 4689 πρὸς
865 4617 959 4670 τοῦ
992 4616 1117 4668 νέου
1145 4611 1410 4684 βασιλέως
1441 4610 1538 4678 τὴν
1567 4606 1752 4678 χώραν
1806 4601 2012 4693 κακοῦν

445 4689 605 4785 (ἦσαν
624 4711 681 4764 δὲ
696 4711 956 4779 τάγματα
986 4699 1448 4772 τεσσαράκοντα),
1477 4695 1825 4766 ἀναστρέψας
1851 4689 2014 4764 ἦλθεν

445 4807 523 4868 είς
553 4805 956 4876 Διδυμότειχον,
1010 4797 1108 4852 καὶ
1136 4795 1351 4850 διέλυσε
1407 4793 1508 4861 τὴν
1563 4787 1845 4858 στρατιάν.
1884 4785 2007 4836 Ἔτι

443 4899 498 4955 δὲ
528 4891 1105 4966 ὲστρατοπεδευμένου
1157 4889 1294 4958 πρὸς
1346 4881 1652 4951 Βυζαντίῳ,
1689 4877 1952 4949 Βοησίλας
1985 4876 2014 4926 ό

2121 3978 2576 4046 pervenientibus
2629 3980 2789 4050 (adeo
2825 3989 2884 4040 ut
2915 3981 3028 4035 duo
3061 3982 3268 4036 milites
3306 3983 3492 4054 algore
3529 3985 3687 4040 obri-

2117 4075 2400 4133 gescerent
2425 4063 2541 4136 [85]
2561 4065 2602 4133 ),
2632 4082 2754 4119 cum
2778 4081 2905 4136 spes
2929 4069 3082 4136 pacis
3098 4080 3474 4139 evanesceret,
3507 4073 3685 4128 hiems

2125 4170 2186 4207 se
2223 4153 2583 4207 \ehementer
2632 4154 2964 4220 intenderet,
3012 4160 3288 4212 exercitus
3335 4161 3687 4230 populatione

2115 4244 2431 4316 prohibitus
2453 4254 2767 4299 commeatu
2805 4257 2994 4316 egeret
3026 4249 3104 4318 (et
3132 4251 3461 4306 censebatur
3489 4255 3689 4309 cohor-

2115 4336 2266 4390 tibus
2329 4336 2702 4407 quadraginta
2760 4336 2938 4410 [86]),
2986 4356 3257 4396 converso
3289 4342 3488 4399 itinere
3522 4347 3676 4418 Didy.

2119 4430 2424 4484 motichum
2474 4431 2969 4495 veniens,militem
3021 4432 3249 4487 dimisit.
3291 4434 3487 4492 Adhuc
3516 4453 3685 4508 prope

2119 4522 2438 4593 Byzantium
2472 4532 2612 4590 erat,
2641 4538 2766 4578 cum
2802 4523 3045 4580 Boesilas
3076 4525 3368 4582 Moesorum
3403 4529 3549 4599 regis
3579 4528 3691 4584 fra-

2117 4625 2200 4669 ter
2231 4615 2300 4670 ab
2341 4616 2459 4686 ipso
2493 4615 2559 4670 ad
2599 4632 2760 4670 avum
2810 4616 3119 4685 transfugit.
3149 4617 3514 4689 Didymoticbi
3545 4637 3688 4690 quo-

2119 4709 2324 4767 tidiana
2349 4709 2487 4763 febri
2545 4708 2742 4764 diebus
2777 4710 3146 4778 quadragenis
3168 4711 3402 4781 jactatus
3427 4721 3528 4767 est.
3570 4713 3686 4779 Qua

2117 4800 2346 4869 depulsa
2373 4800 2571 4854 diebus
2596 4800 2890 4854 duodecim
2912 4801 3192 4857 continuis
3221 4804 3563 4860 incredibilis
3593 4822 3685 4860 co-

2115 4892 2204 4960 pia
2241 4889 2525 4959 sanguinis
2577 4888 2646 4943 de
2667 4888 2894 4944 naribus
2929 4890 3186 4959 proﬂuxit
3217 4891 3349 4962 (87).
3379 4891 3458 4948 E0
3487 4893 3685 4950 allectu

1675 5007 1893 5074 Jacobi
1921 5005 2183 5069 Pontani
2219 5012 2404 5066 noue.

515 5155 629 5224 (84)
667 5141 753 5208 Al.
800 5151 1023 5204 Δαόνιον
1047 5168 1060 5181 ·
1107 5150 1182 5205 ita
1224 5155 1280 5202 et
1328 5145 1567 5200 Nicetas.
1597 5139 1846 5195 Thracia:
1881 5137 2013 5192 urbs

444 5235 547 5280 est.

517 5296 630 5365 (85)
674 5291 811 5358 Quia
851 5283 1536 5365 irigigdissimaregiment
1568 5280 2013 5365 Thracia‘nt‘ec‘tﬂe

445 5346 809 5435 ερὸὲεῑίειιῦιέι
837 5346 1054 5435 Catillo
1102 5346 1354 5435 ιιρῖτίάςιῖ
1391 5353 1459 5406 εδδ
1491 5346 1895 5435 erata-992
1936 5346 2013 5435 Υἰῖ

445 5415 652 5504 gignis;
666 5415 865 5504 quinta
892 5431 1015 5484 libri
1036 5429 1206 5504 tertii,
1245 5415 1376 5504 niue-
1397 5421 1673 5504 candida.“
1671 5418 1903 5504 Quidam
1930 5415 2006 5504 ob

447 5489 498 5560 id
554 5489 777 5571 ἀνέμ’ων
829 5489 1232 5572 ἐργαστήριον,-
1262 5501 1552 5572 ventorum.
1592 5489 1869 5572 oﬂicinam,
1895 5501 2014 5572 ἐστι

447 5555 771 5627 domicilium
795 5555 1171 5643 nominarunt.
1185 5555 1485 5643 Euripides
1504 5555 1733 5639 Hecuba,
1754 5555 2009 5643 χιριζῶδη,

449 5626 703 5697 ηἰυοεαπι·
737 5644 812 5698 De
863 5626 1647 5711 εἱιιδ,Γΐίεονῖιέυ⁵.’.ξ“¹¹ηβ¹¹ἓξ⁸
1697 5626 2012 5711 "muli?!"

448 5713 714 5766 militibus
748 5702 939 5766 eorum
966 5708 1015 5761 vi
1053 5702 1285 5768 enectis,
1320 5702 1654 5776 libro_tet_'tio
1682 5703 2008 5776 exponetur.

521 5781 630 5850 (86)
672 5782 714 5835 Τ
719 5782 873 5854 άγμα
899 5789 960 5835 ιιι
986 5777 1250 5830 cohortem
1271 5785 1435 5842 quam
1464 5768 1719 5837 legionem
1743 5768 2012 5831 interpre-

2123 5143 2302 5187 temur
2334 5134 2537 5202 p0tius,
2572 5147 2662 5186 res
2700 5123 2814 5200 ipsa
2843 5143 3007 5202 cogit.
3046 5131 3223 5184 Etiam
3251 5130 3382 5184 alibi
3422 5145 3686 5202 ma.o_co-

2121 5200 2383 5257 hortem:
2420 5203 2569 5270 parvi
2600 5202 2746 5254 enim
2779 5200 3058 5256 exercitus
3104 5203 3276 5262 fuere,
3310 5209 3451 5270 quos
3473 5200 3686 5270 Atidro4-

2119 5273 2252 5330 nici.
2271 5282 2326 5325 et
2350 5268 2762 5326 Cantacuzenns
2786 5272 3078 5332 duxerunt,
3094 5284 3196 5324 nec
3218 5268 3416 5324 multas
3439 5269 3685 5338 legiones

2121 5341 2500 5395 confecerunt.
2548 5341 2738 5408 Magna
2777 5350 2956 5394 tamen
3004 5339 3206 5393 auxilia
3253 5339 3321 5392 ab
3354 5338 3580 5392 Amm-io
3628 5351 3682 5394 et

2114 5409 2366 5464 Orchane
2399 5409 2697 5487 aliquoties
2713 5417 3000 5464 venerunt.
3031 5410 3104 5462 De
3127 5408 3449 5487 cohortibus
3483 5408 3684 5487 Roma-

2117 5495 2312 5532 norum
2345 5477 2789 5547 quot’militibus
2831 5487 3173 5541 constarent,
3211 5477 3336 5531 vide
3374 5477 3680 5547 Vegetiinn,

2115 5549 2245 5601 libr.
2278 5564 2339 5612 ιι,
2365 5563 2484 5614 cap.
2514 5548 2546 5602 5
2574 5559 2629 5601 et
2655 5547 2708 5612 6,
2734 5557 2788 5601 et
2813 5548 3074 5602 Alexand.
3102 5548 3170 5601 ab
3197 5549 3486 5613 Alexand,
3516 5549 3615 5601 lib.
3645 5564 3683 5613 ι,

2115 5631 2235 5686 cap.
2280 5619 2332 5684 5,
2357 5618 2530 5672 etlib.
2574 5633 2650 5673 vt.
2680 5634 2801 5686 cap.
2833 5621 2918 5672 15.

2189 5685 2300 5757 (87)
2342 5687 2586 5760 ᾼίματος
2637 5685 2870 5760 ἄπιστόν
2906 5705 2959 5740 τι
3005 5688 3217 5760 χρῆμα.
3265 5685 3494 5760 Propria
3529 5687 3680 5760 Crte:

2116 5773 2307 5812 eorum
2360 5759 2475 5813 hate
2531 5758 2823 5830 elegantia,
2874 5773 2970 5813 seu
3019 5757 3239 5828 elegans
3282 5757 3391 5813 bic'
3423 5758 3682 5834 loquendi
