4136 6288
401 391 512 457 2ον
1613 401 1665 466 II
1676 406 1692 463 I
1704 395 1841 467 S'I‘O
1853 410 1899 467 Η
1912 411 1981 468 [Α

2100 411 2155 469 Μ
2201 401 2435 470 LlBER
2479 411 2520 473 I.
3563 418 3670 486 510

401 507 718 577 διατρίψαςσ
758 507 970 578 ἡμέρας
1027 511 1202 576 τινάς,
1250 513 1485 578 ἐξελθὼν
1537 512 1697 581 αὖθις
1757 521 1873 588 ἅμα
1916 523 1983 592 τῇ
2025 523 2280 592 στρατιᾷ,
2351 523 2610 592 ἀπῆλθεν·
2647 525 2742 601 ἐἰς
2796 525 3128 596 Σηλυϐρίαν.
3172 527 3266 601 Μὴ
3303 532 3672 601 προσδεξαμῦ

367 620 508 658 ..νων
539 602 594 655 δὲ
640 601 749 654 τῶν
789 603 1214 673 Σηλυϐριανῶν,
1256 610 1516 680 φρούριόν
1559 628 1614 664 τι
1671 613 1985 686 Σηλυϐρίας
2059 619 2252 684 ἐγγὺς,
2301 618 2546 682 Σάκκους
2623 598 3047 690 ὀνομαζόμενον,
3105 623 3214 677 τῶν
3268 629 3676 681 κατοικούντων

401 695 668 767 ⁴γεωργῶν
701 698 1080 766 παραδόντων,
1119 708 1374 773 κατέσχε.
1436 706 1708 776 Στρατιάν
1768 708 1826 760 δὲ
1861 709 2044 764 ἐκεῖσε
2083 711 2406 765 καταλιπὼν
2439 711 2578 765 ὥστε
2617 711 2683 765 τά
2734 713 3126 782 Σηλυϐριανῶν
3163 713 3534 789 ὲπεκδρομαϊς
3570 737 3675 772 κα-

401 792 557 856 κοῦν,
598 795 677 855 είς
708 793 1006 858 Βυζάντιον
1031 797 1358 868 ἐπανῆλθεν.
1401 799 1683 856 Ἐκάκωσε
1738 804 1793 858 δὲ
1835 805 2241 878 Σηλυϐριανοὺς
2303 811 2330 862 ὁ
2365 811 2430 863 ὲκ
2493 809 2603 862 τῶν
2674 810 2902 863 Σάκκων
2934 810 3172 882 πόλεμος
3224 815 3280 876 ἐς
3309 815 3375 865 τὰ
3405 815 3670 880 μάλιστα.
3705 791 3708 796 1

402 883 692 957 λαθραίαις
725 903 786 939 τε
845 888 940 942 καὶ
975 893 1242 959 φανεραῖς
1296 892 1528 962 ἐφόδοις.
1571 897 1682 948 Καὶ
1724 898 1754 950 ὁ
1811 898 2019 968 χειμὼν
2064 901 2123 952 ἐν
2185 899 2400 965 τούτοις
2437 902 2694 956 ἐτελεύτα
2737 907 2998 976 πέμπτης
3040 907 3394 972 ἱνδικτιῶνος.
3431 911 3590 978 Ἀρτι
3621 910 3677 963 δὲ

403 984 558 1054 ἔαρος
605 983 912 1053 ἀρχομένου
975 987 1104 1054 περὶ
1143 986 1243 1048 τὰς
1296 987 1471 1058 ἀρχάς
1540 986 1783 1056 Μαρτίου
1867 991 2057 1059 μηνὸς,
2101 994 2408 1063 γράμματα
2439 995 2590 1066 παρὰ
2620 993 2714 1049 τοῦ
2747 1001 2868 1050 νέου
2906 999 3221 1066 πέμπονται
3249 998 3511 1068 βασιλέως
3537 1004 3677 1073 πρὸς

401 1077 502 1136 τὰς
556 1075 652 1129 ὑπ’
687 1076 852 1131 αὑτὸν
907 1077 1181 1165 ἐπαρχίας
1236 1078 1535 1133 κελεύοντα
1587 1084 1687 1151 τὴν
1752 1083 2014 1149 στρατιάν
2055 1087 2136 1146 είς
2170 1084 2549 1156 Διδυμότειχον
2599 1088 2727 1159 άχρι
2762 1091 3260 1160 πεντεκαιδεκάτης
3318 1091 3485 1146 αὐτοῦ
3523 1111 3668 1165 παρ-

403 1168 562 1220 εῖναι.
599 1167 709 1220 Καὶ
748 1166 950 1231 πάντες
983 1171 1040 1222 ἐν
1137 1169 1390 1240 παρῆσαν
1449 1173 1835 1244 ἐπετάχθησαν
1881 1177 2085 1247 ἡμέρᾳ.

1784 1289 2015 1345 CAPUT
2052 1289 2292 1348 XXVIII.

403 1375 714 1430 Sollicitudo
747 1375 1039 1460 Andronici
1070 1377 1314 1460 minoris.
1344 1377 1850 1462 .Ma'gnijom‘estici
1879 1392 1928 1462 et
1959 1386 2145 1438 matris
2169 1387 2286 1462 ejus
2318 1388 2373 1442 in
2414 1391 2651 1462 eumdem
2695 1390 3037 1458 beneﬁcentia
3064 1393 3326 1462 preclara
3358 1397 3572 1450 omnino
3623 1408 3676 1451 et

985 1456 988 1460 '
1175 1449 1494 1519 singularis.
1527 1451 1786 1522 Ejusdem
1817 1461 2078 1507 matrona:
2110 1449 2341 1526 prudens
2390 1468 2437 1511 et
2475 1461 2663 1529 lectica
2690 1449 2884 1515 oratio.

482 1565 731 1635 Ἀπορῶν
784 1565 842 1619 δὲ
867 1566 1172 1636 χρημάτων
1203 1560 1285 1629 οἷς
1317 1567 1384 1621 ἂν
1419 1569 1782 1639 θεραπεύσειε
1808 1570 1870 1624 τὸ
1895 1587 1983 1639 μισ

2157 1567 2296 1626 Cum
2319 1574 2651 1630 deficeretur
2676 1589 2903 1647 argento
2945 1580 3245 1648 imperator
3298 1595 3410 1650 quo
3467 1583 3678 1635 condn-

406 1660 730 1728 σθοφορικδν
760 1658 787 1710 ὁ
821 1656 1074 1734 βασιλεύς
1106 1658 1198 1721 (τὰ
1248 1660 1359 1729 γάρ
1413 1659 1650 1728 δημόσια
1685 1662 1785 1715 οὐκ
1810 1661 1987 1734 ἔπράο

401 1751 630 1821 χθησαν,
665 1747 782 1818 ἅμα
825 1748 924 1818 μὲν
954 1749 1042 1802 διὰ
1081 1751 1181 1820 τὴν
1205 1752 1268 1804 ὲκ
1301 1752 1395 1805 τοῦ
1428 1753 1674 1824 πολέμου
1708 1755 1981 1822 ταραχὴν,

402 1846 522 1912 ἃμα
571 1841 616 1894 δ’
644 1842 725 1894 ὅτι
754 1841 851 1893 καὶ
879 1843 946 1893 οι.
962 1844 1222 1911 γεωργοὶ,
1257 1841 1314 1907 ἐξ
1368 1837 1444 1898 ὧν
1478 1845 1716 1915 μάλιστα
1751 1848 1799 1898 οἱ
1830 1845 1990 1918 φόροι

402 1936 756 2005 πράττονται,
813 1933 923 1987 τῶν
965 1932 1114 1988 ἰδίων
1168 1937 1478 2007 ἀνέστησαν
1518 1938 1744 2008 κωμῶν.
1781 1939 1890 1991 τῶν
1928 1956 1988 1991 τε

402 2027 556 2099 παρὰ
586 2026 682 2080 τοῦ
711 2026 1089 2097 πρεσϐυτέρου
1121 2028 1389 2097 βασιλέως
1423 2031 1777 2102 στρατιωτῶν
1805 2032 1990 2102 ληϊζο-

403 2121 603 2186 μένων,
658 2121 754 2173 καὶ
806 2120 918 2174 τῶν
952 2121 1104 2191 παρὰ
1159 2121 1253 2174 τοῦ
1293 2122 1416 2176 νέου
1449 2124 1588 2194 πρὸς
1619 2124 1869 2195 φυλακὴν
1900 2127 1993 2178 ὲκ-

402 2211 776 2281 πεμπομένων
797 2212 1044 2280 ἀγόντων
1065 2211 1336 2267 τάάύτῶν
1358 2215 1452 2266 καὶ
1483 2214 1760 2284 φερόντων
1776 2216 1993 2269 πλεονε-

405 2304 496 2375 ξία
527 2307 919 2376 στρατιωτικῇ,
946 2310 1052 2359 ’καὶ
1073 2307 1225 2360 οὐδὲν
1253 2307 1479 2377 ἄμεινον
1509 2304 1858 2362 διατιθέντων
1883 2309 1990 2363 τῶν

400 2396 726 2464 πολεμίων),
757 2397 953 2466 ἠνιᾶτο
1007 2397 1103 2450 καὶ
1131 2399 1490 2469 κατετρίϐετο
1535 2402 1835 2468 φροντίσιν,
1868 2400 1991 2453 ὅθεν

398 2486 468 2541 ἂν
503 2488 830 2557 εὐπορήσειε
862 2487 1167 2559 χρημάτων
1190 2490 1436 2546 σκοπῶν.
1479 2491 1653 2561 Ὁρῶν
1685 2491 1741 2544 δὲ
1770 2492 1934 2546 αὑτὸν
1962 2493 1991 2544 ὁ

403 2580 580 2648 μέγας
605 2578 928 2647 δομέστικος
962 2579 1211 2646 σύννουν,
1269 2581 1369 2653 τὴν
1403 2582 1462 2636 δὲ
1515 2584 1697 2637 αἰτίαν
1732 2585 1988 2653 ῥγνοῶν,

398 2671 566 2742 ἤρετο
589 2672 708 2725 ἀνθ’
735 2673 872 2726 ὃπου
903 2671 1200 2741 φροντίζοι.
1229 2672 1338 2726 Τοῦ
1372 2673 1430 2726 δὲ
1469 2673 1570 2745 τὴν
1612 2677 1854 2746 ἀπορίαν
1884 2677 1992 2732 τῶν

370 2806 372 2810 .
400 2763 705 2832 χρημάτων
721 2765 998 2829 εἰπόντος,
1031 2763 1118 2817 διὰ
1146 2763 1208 2816 τὸ
1237 2763 1312 2834 μὴ
1337 2765 1406 2817 τά
1425 2765 1659 2836 δημόσια
1688 2768 1992 2836 είσπεπρᾶ-

400 2855 546 2924 χθαι,
582 2855 678 2908 καὶ
705 2856 806 2925 τὴν
855 2856 937 2918 είς
967 2855 1065 2925 τὴν
1122 2857 1390 2927 στρατιὰν
1452 2859 1834 2928 ἀπαραίτητον
1876 2860 1989 2912 τῶν

400 2944 770 3013 ἀναλωμάτων
798 2945 1013 3015 χρείαν,
1061 2947 1202 3014 Ἀλλ’
1227 2947 1429 3016 ἔγωγε,
1481 2952 1509 3003 ὁ
1546 2951 1718 3020 μέγας
1743 2952 1989 3021 δομέστι-

400 3051 494 3099 κος
518 3033 663 3096 εἷπε,
699 3037 798 3108 τὴν
828 3037 1089 3107 τοιαύτην
1141 3041 1383 3109 ἀπορίαν
1416 3042 1526 3094 τῶν
1560 3045 1861 3113 χρημάτων
1898 3029 1988 3100 σαέ

401 3128 518 3195 φῶς
566 3129 744 3192 εἰδὼς,
771 3130 886 3200 ἅμα
913 3131 994 3201 τῷ
1023 3133 1081 3184 σὲ
1110 3132 1178 3185 τὰ
1207 3134 1516 3203 γράμματα
1543 3135 1984 3207 ὲκπεπομφέναι,

402 3220 756 3290 ἀθροίζεσθαι
792 3223 1087 3278 κελεύοντα
1133 3225 1234 3294 τὴν
1284 3227 1567 3296 στρατιὰν,
1609 3229 1706 3282 καὶ
1729 3231 1987 3300 χρήματα

401 3313 467 3364 ὲκ
521 3312 630 3364 τῶν
685 3314 832 3367 ἰδίων
883 3317 1334 3387 συνεπορισάμην
1371 3318 1680 3388 ἁρκέσοντα
1713 3323 1852 3392 πρὸς
1888 3322 1988 3394 τὴν

399 3402 590 3471 χρείαν
610 3419 624 3434 ·
659 3404 753 3457 καὶ
784 3405 937 3458 οὐδέν
969 3407 1119 3459 ἐστιν
1157 3407 1338 3461 ἐνδέον
1369 3407 1471 3473 ἔτι,
1507 3409 1541 3482 ἦ
1575 3411 1684 3464 τῶν
1716 3427 1987 3482 στρατιω-

401 3496 510 3548 τῶν
542 3493 773 3550 ἕκαστον
826 3498 921 3552 τὸν
978 3499 1428 3571 άποτεταγμένον
1459 3502 1699 3572 ἀριθμὸν
1754 3504 1857 3575 τῆς
1898 3523 1988 3575 μιο

405 3587 676 3658 σθοφορᾶς
705 3591 1001 3661 ἐρχόμενον
1031 3591 1352 3662 λαμϐάνειν.
1389 3595 1454 3648 Ὀ
1477 3595 1539 3666 δὴ
1571 3594 1667 3648 καὶ
1697 3598 1990 3666 γενήσεται

403 3681 484 3740 εἰς
519 3679 778 3750 δευτέραν
810 3680 844 3751 ἢ
895 3683 991 3734 καὶ
1046 3681 1239 3752 τρίτην
1300 3683 1538 3753 ἡμέραν,
1573 3689 1668 3738 καὶ
1701 3686 1893 3740 τούτου
1927 3705 1990 3757 γε

404 3771 567 3823 ἓνεκα
597 3770 849 3840 φρόντιζε
905 3772 1093 3842 μηδέν.
1141 3773 1200 3825 '0
1235 3773 1491 3844 βασιλεὺς
1517 3776 1594 3841 δὲ,
1632 3777 1744 3848 Τῆς
1778 3778 1879 3848 μὲν
1911 3781 1993 3843 εἰς

410 3863 510 3931 ἐμέ
539 3880 662 3926 σου,
705 3863 951 3932 εἴρηκεν,
988 3863 1212 3936 ἀγάπης
1244 3866 1430 3929 ἕνεκα,
1482 3868 1636 3921 οὐδὲν
1666 3871 1772 3940 χρὴ
1810 3870 1991 3941 λέγειν

406 3955 508 4007 ὅσα
564 3972 645 4014 τις
717 3956 778 4007 ἂν
839 3955 984 4008 είποι
1037 3956 1257 4009 πάντων
1317 3956 1622 4011 ἐλαττόνων
1689 3962 1988 4030 ἐσομένων.

408 4047 757 4116 Δυσχεραίνω
783 4046 826 4098 δ’
848 4047 908 4100 οὐ
928 4047 1163 4116 μετρίως
1193 4048 1286 4099 καὶ
1309 4048 1446 4118 πρὸς
1475 4048 1654 4113 τοῦτο,
1674 4050 1775 4104 ὃσα
1801 4068 1860 4103 τε
1883 4051 1992 4105 τῶν

406 4140 554 4195 ίὸίων
581 4139 643 4202 ἐξ
672 4140 794 4192 ὅτου
825 4140 963 4208 πρὸς
1013 4139 1459 4208 Ἀδριανούπολιν
1487 4139 1749 4210 ἤλθομεν,
1787 4143 1868 4203 είς
1889 4143 1991 4204 τὰς

2016 2907 2065 2967 Β

2093 1659 2312 1712 ctitium
2341 1662 2568 1717 militem
2610 1664 2987 1720 demereretur
3038 1668 3360 1736 (pensiones
3391 1671 3540 1725 enim
3576 1688 3678 1740 pu-

2098 1749 2256 1805 blicae
2296 1763 2502 1807 exactae
2537 1771 2646 1810 non
2679 1768 2861 1820 erant,
2903 1761 3100 1827 partim
3139 1772 3369 1830 propter
3407 1767 3679 1820 tumultus

2095 1840 2346 1906 bellicos,
2376 1845 2572 1913 partim
2624 1847 2753 1916 quia
2805 1860 2858 1924 et
2888 1850 3210 1920 agrestium,
3257 1854 3350 1919 qui
3377 1845 3679 1924 plurimum

2092 1934 2334 2004 pendere
2359 1949 2787 2004 consueverunt,
2810 1941 2900 1994 alii
2923 1942 3039 1996 suis
3071 1942 3296 1997 sedibus
3328 1944 3492 2012 pulsi.
3525 1947 3615 2000 alii
3651 1963 3680 2000 a

2093 2028 2360 2084 militibus
2390 2031 2627 2084 senioris
2652 2031 2853 2101 direpti
2888 2042 3045 2088 erant
3081 2050 3095 2087 :
3121 2031 3198 2087 ‘et
3229 2051 3368 2103 quos
3398 2035 3591 2104 junior
3612 2039 3679 2092 ad

2092 2121 2397 2175 custodiam
2436 2123 2665 2181 miserat,
2691 2163 2706 2186 ,
2737 2124 2961 2178 militari
2992 2126 3225 2181 avaritia
3251 2142 3340 2181 res
3372 2143 3564 2183 eorum
3599 2131 3680 2184 fe-

2094 2211 2295 2267 rebant
2345 2213 2859 2286 agebantque-(89),
2890 2230 2920 2268 a
2954 2215 3159 2285 quibus
3211 2217 3388 2272 nihilo
3461 2218 3680 2283 mitius,

2091 2318 2255 2372 quam
2285 2305 2354 2358 ab
2384 2305 2633 2359 hostibus
2655 2305 3385 2374 traetabantur),mcerorem
3405 2311 3681 2380 capiebat,

2093 2403 2148 2447 ct
2192 2394 2566 2449 sollicitudine
2620 2395 2982 2457 exedebatur,
3031 2397 3490 2466 circumspiciens
3533 2400 3680 2456 unde

2093 2498 2374 2557 sumptum
2434 2489 2874 2543 nancisceretur.
2953 2489 3404 2545 Meditabundum
3466 2507 3530 2547 ac
3583 2493 3680 2548 tri-

2095 2588 2234 2632 stem
2267 2579 2489 2632 intuens
2542 2594 2770 2649 magnus
2828 2581 3187 2646 domesticus,
3251 2591 3328 2637 et'
3354 2598 3534 2638 causae
3583 2600 3679 2639 ne-

2093 2670 2264 2734 scius,
2302 2669 2434 2740 quid
2471 2685 2598 2726 eum
2648 2681 2809 2742 angat
2858 2673 3194 2729 sciscitatur.
3243 2675 3429 2745 Inepia
3507 2690 3679 2745 pecu-

2096 2764 2224 2826 niae,
2262 2763 2464 2832 inquit,
2502 2772 2792 2833 propterea
2819 2763 2965 2833 quod
2998 2764 3288 2836 vectigalia
3339 2774 3528 2820 coacta
3565 2781 3678 2822 non

2095 2863 2243 2919 sunt,
2281 2864 2338 2908 et
2387 2869 2551 2922 quam
2589 2854 2877 2924 deprecari
2924 2871 3033 2910 non
3085 2857 3237 2920 licet,
3271 2857 3676 2926 stipendiorum

2093 2945 2581 3016 persolvendorum
2625 2948 2949 3003 necessitas.
2972 2948 3137 3018 Atqui
3170 2963 3272 3018 ego
3309 2948 3536 3020 (excipit
3562 2963 3679 3002 ma.

2090 3036 2358 3107 guusss
2381 3036 2743 3107 domesticus)
2776 3036 2942 3106 hujus
2972 3037 3170 3109 inopia!
3192 3037 3363 3107 probe
3390 3038 3673 3101 conscius,

2091 3128 2259 3183 simul
2289 3144 2353 3183 ac
2383 3129 2599 3183 litteras
2633 3127 2701 3182 ad
2731 3130 3077 3181 evocandum
3113 3128 3418 3181 exercitum
3450 3129 3672 3194 misisti,

2094 3218 2385 3288 pecuniam
2413 3219 2780 3271 necessariam
2822 3216 2890 3272 de
2925 3219 3063 3272 meis
3100 3214 3416 3283 comparavi
3447 3215 3584 3285 (90),
3618 3225 3676 3271 et

2091 3311 2329 3380 amplius
2365 3310 2498 3363 nihil
2541 3325 2681 3378 epus
2724 3317 2828 3367 est,
2863 3324 3026 3377 quam
3067 3317 3127 3362 ut
3167 3309 3325 3362 miles
3370 3310 3672 3378 unusquis-

2092 3415 2199 3468 que
2241 3400 2450 3462 veniat,
2506 3397 2954 3467 destinatamque
3005 3398 3320 3452 mercedem
3381 3399 3581 3456 tollat:
3616 3399 3673 3453 id

2091 3492 2238 3562 quod
2294 3492 2378 3544 vel
2427 3505 2570 3554 cras,
2613 3491 2696 3544 vel
2738 3490 3002 3560 perendie
3057 3491 3174 3545 lieri
3223 3492 3447 3561 poterit.
3491 3490 3674 3558 Quare

2092 3586 2198 3642 hac
2250 3585 2319 3642 de
2377 3601 2541 3641 causa
2583 3601 2652 3640 ne
2682 3594 2734 3641 te
2767 3588 3074 3643 excrucies.
3133 3584 3272 3641 Tum
3305 3587 3606 3658 imperator
3647 3604 3662 3641 :

2092 3679 2235 3746 Quid
2264 3679 2481 3734 tandem
2505 3679 2637 3735 satis
2663 3678 2732 3733 de
2764 3689 2859 3733 tuo
2895 3679 2948 3732 in
2987 3694 3074 3732 me
3103 3693 3293 3734 amore
3311 3678 3422 3734 dici
3451 3679 3676 3748 potest!

2093 3772 2260 3842 IEgre
2295 3783 2476 3826 autem
2509 3771 2640 3825 mihi
2668 3780 2753 3826 est
2777 3770 2940 3844 valde
2978 3770 3048 3822 ob
3085 3770 3192 3824 hoc
3233 3785 3473 3839 quoque,
3523 3769 3670 3838 quod

2093 3875 2359 3936 quantum
2394 3865 2460 3918 de
2491 3863 2846 3918 facultatibus
2879 3862 2987 3914 tuis
3022 3861 3152 3915 inde
3182 3860 3252 3914 ab
3296 3861 3536 3915 adventu
3573 3875 3672 3915 no-

2096 3967 2210 4011 stro
2249 3954 2643 4020 Adrianopolin
2683 3952 2752 4006 ad
2789 3966 3142 4004 communem
3176 3965 3335 4004 usum
3380 3950 3673 4019 impende-

2096 4047 2194 4106 ris,
2227 4055 2280 4098 ct
2314 4060 2449 4112 quas
2474 4059 2620 4097 nunc
2651 4042 2936 4111 impendes
2978 4043 3178 4096 mnltas
3218 4056 3520 4095 aureorum
3556 4058 3672 4114 my-

2096 4139 2299 4196 riadas.
2341 4137 2654 4191 considero.
2688 4134 2900 4202 Idcirco
2963 4148 3073 4186 non
3133 4146 3294 4186 secus
3340 4146 3504 4201 quam
3552 4131 3670 4200 ipsa

405 4235 590 4296 κοινὰς
622 4233 812 4303 χρείας
867 4219 1249 4299 ἐξανάλωσας,
1281 4233 1522 4299 σκοπῶν,
1554 4236 1648 4287 καὶ
1675 4235 1712 4287 ἃ
1749 4234 1844 4288 νῦν
1899 4235 1983 4301 ἐξ-

2099 4232 2349 4310 pccunia:
2405 4228 2725 4289 dillicnltas,
2793 4226 2985 4294 pungit
3043 4239 3106 4280 ac
3139 4224 3372 4293 vellicat
3423 4223 3668 4277 animum

405 4329 708 4391 αναλώσεις
757 4329 857 4380 οὐκ
910 4329 1095 4396 ὀλίγας
1155 4328 1391 4397 ἐσόμενα
1431 4327 1655 4398 χρυσίου
1709 4328 1997 4398 μυριάδας,

406 4424 481 4488 ὡς
507 4425 600 4476 καὶ
629 4422 793 4486 αὐτὸς
826 4417 946 4500 οῖδα
992 4421 1196 4489 σαφῶς.
1239 4421 1331 4474 Διὸ
1363 4423 1459 4475 καὶ
1503 4421 1614 4499 τῆς
1632 4423 1864 4492 ἀπορίας
1895 4425 1993 4494 οὺχ

403 4511 571 4586 ἦσοον
603 4515 711 4567 τῶν
750 4514 1073 4586 χρημάτων,
1108 4515 1169 4566 τὸ
1204 4515 1262 4566 έν
1315 4514 1593 4576 τοσούτοις
1626 4530 1685 4566 σε
1743 4517 1992 4584 χρήμασι
2023 4570 2026 4573 ,

404 4605 737 4674 ζημιοῦσθαι
773 4605 1111 4658 καθικνεῖται
1145 4615 1246 4673 μου
1276 4605 1375 4674 τῆς
1411 4603 1610 4674 ψυχῆς.
1643 4605 1897 4674 Παροῡσα
1920 4608 1977 4659 δὲ

410 4699 594 4759 αὐτοῖς
642 4697 1050 4765 διαλεγομένοις
1081 4697 1175 4749 καὶ
1202 4697 1234 4765 ἡ
1264 4694 1360 4748 τοῦ
1395 4697 1634 4764 μεγάλου
1663 4697 1988 4766 δομεστίκου

407 4791 592 4859 μήτηρ
641 4791 673 4858 ἡ
729 4787 1125 4854 Παλαιολογίνα
1153 4787 1429 4858 Θεοδὼρα.
1497 4789 1640 4841 Ἀλλ’
1677 4790 1875 4857 ἔγωγε,
1912 4785 1990 4842 εῖ-

409 4897 530 4943 πεν,
562 4880 624 4932 ού
655 4881 862 4948 ζημίαν
900 4880 1118 4948 ἥγημαι
1158 4880 1218 4931 τὸ
1242 4879 1558 4933 ἀναλίσκειν
1589 4883 1646 4932 έν
1675 4883 1787 4944 τοῖς
1811 4881 1990 4934 τοιού.

409 4985 548 5030 τοις.
603 4967 769 5021 ἀλλὰ·
801 4969 1019 5022 πάντων
1053 4966 1262 5036 κερδῶν
1292 4966 1742 5019 λυσιτελέστατόν
1776 4983 1835 5018 τε
1871 4965 1990 5034 ἅμα

411 5059 506 5112 καὶ
535 5059 1008 5131 σωφρονέστατον.
1042 5059 1106 5112 Ei
1152 5057 1262 5127 γὰρ
1296 5057 1494 5130 λύτρον
1526 5058 1706 5128 ψυχῆς
1739 5056 1930 5126 ἀνδρὸς
1958 5057 1988 5110 ὁ

480 5292 592 5364 (89)
633 5292 676 5347 ιι
701 5291 913 5348 Δίηείά.
956 5274 972 5345 ε
1041 5283 1046 5288 ‘

547 5426 562 5440 .
609 5422 624 5438 .
670 5425 686 5438 .
730 5421 745 5436 .
787 5382 886 5437 alii
916 5383 1134 5455 rapiunt
1159 5382 1373 5436 incensa
1403 5381 1690 5450 feruntque

543 5455 1672 5524 Pergama...............

406 5548 540 5602 Vide
562 5561 686 5615 qua:
718 5545 773 5598 in
811 5559 937 5599 eum
967 5545 1148 5615 locum
1193 5542 1431 5615 habeant
1474 5550 1672 5615 nostra:
1697 5539 1976 5615 symbolae.

408 5610 618 5672 Similia
670 5623 798 5668 sunt
850 5615 937 5668 illa
989 5616 1043 5667 in
1089 5613 1382 5667 Maniliana
1423 5629 1436 5664 :
1473 5612 1639 5680 Atque
1689 5610 1782 5662 hoc
1816 5610 1978 5680 etiam

2099 4340 2306 4387 meum,
2370 4333 2422 4376 te
2467 4329 2677 4373 tantum
2708 4319 2786 4372 rei
2825 4317 3148 4370 nummariae
3173 4313 3526 4386 dispendium
3550 4328 3668 4367 mea

2099 4431 2262 4472 cau~a
2303 4412 2536 4484 perpeti.
2578 4410 2716 4466 IIuic
2761 4410 3033 4478 colloquio
3078 4407 3369 4462 Theodora
3411 4405 3672 4461 Palaeolo-

2092 4508 2238 4577 gina,
2273 4504 2454 4573 magni
2504 4501 2789 4556 domestici
2844 4509 3040 4564 mater,
3071 4513 3314 4568 praesens
3374 4499 3662 4558 intererat,

2095 4615 2218 4668 quae
2264 4599 2344 4651 sic
2376 4610 2500 4649 orsa
2547 4602 2670 4647 est:
2705 4591 2975 4661 Equidem
3027 4605 3127 4660 ego
3161 4589 3363 4643 talibus
3404 4589 3456 4642 in
3499 4590 3668 4642 rebus

2090 4701 2363 4758 Sumptum
2451 4685 3041 4755 impendere‘nullum
3089 4682 3466 4750 dispendium.
3552 4680 3664 4733 imo

2089 4798 2221 4838 vero
2273 4779 2521 4836 omnium
2574 4785 2884 4846 quaestuum
2928 4773 3463 4844 questuosissimum
3494 4780 3664 4840 atque

2090 4865 2580 4938 prudentissimum
2629 4862 2850 4933 judico.
2896 4860 2950 4915 Si
2985 4861 3134 4914 enim
3176 4860 3415 4929 pretium
3448 4858 3664 4912 redem-

2090 4960 2293 5031 ptionis
2320 4957 2517 5012 anima:
2557 4955 2799 5008 hominis
2849 4961 2979 5007 sunt
3023 4952 3198 5022 ipsius
3255 4953 3465 5006 divitia:
3524 4949 3660 5019 (9i),

2089 5053 2206 5107 sive
2234 5050 2360 5120 quis
2385 5063 2486 5118 pro
2520 5045 2758 5116 peccatis
2784 5043 2922 5110 suis,
2956 5043 3073 5099 sive
3105 5058 3204 5113 pro
3231 5043 3340 5096 vita
3369 5057 3466 5097 sua
3495 5040 3660 5111 quid-

1646 5185 1862 5249 Jacohi
1899 5182 2164 5246 Pontani
2197 5188 2388 5242 notas.

2079 5300 2198 5337 rum
2247 5297 2351 5335 non
2378 5280 2602 5332 multum
2627 5279 2690 5330 ab
2723 5277 2899 5330 hostili
2926 5273 3574 5346 expugnatione-rimam.
3609 5310 3612 5313 -

2160 5354 2272 5424 (90)
2315 5349 2616 5424 _F_uit‘_cnim
2661 5342 2999 5424 ditissimus,
3039 5342 3095 5398 et
3148 5342 3662 5424 pecuniosissim-us,

2091 5411 2396 5486 ut‘patebit
2426 5418 2521 5471 lib.
2554 5434 2633 5480 ιιι,
2662 5427 2718 5471 ct
2750 5431 2863 5486 nos
2893 5415 2944 5468 id
2963 5411 3163 5486 ipsum
3199 5429 3263 5486 ex
3293 5412 3486 5486 eodem
3517 5411 3664 5486 libro

2089 5493 2144 5546 in
2176 5480 2297 5545 Vita
2321 5491 2438 5569 ejus
2467 5485 2920 5569 jamdoguiinus;
2955 5480 3197 5553 fecitque
3225 5483 3281 5536 in
3316 5482 3420 5535 ista
3451 5480 3661 5536 bcneli-

2086 5561 2264 5617 centia
2298 5554 2409 5612 v-Sri
2439 5554 2600 5611 amici
2637 5554 2896 5609 ofﬁcium.

2158 5630 2270 5697 (9t)
2315 5628 2494 5681 Locus
2533 5635 2617 5681 est
2643 5625 2929 5697 _Proverb.
2963 5637 3059 5697 mu
3089 5639 3103 5674 :
3136 5618 3446 5697 Redemptio
3470 5622 3666 5697 animt:

407 5688 597 5761 magis,
633 5702 797 5754 quam
826 5696 1062 5761 crateras,
1089 5683 1227 5761 quod
1269 5679 1615 5761 ejusmodi_iu
1652 5679 1978 5761 ηγοιξὶηρὶαζη
2084 5679 2408 5756 vit-ivdicium
2434 5679 2730 5752 sure—[Hoc
2773 5694 2840 5746 ad
2892 5695 3129 5746 animam
3172 5679 3479 5746 Theodore:
3522 5690 3666 5746 biia-

411 5750 796 5828 hou'tines'cum
833 5754 1053 5828 impegio
1094 5750 1352 5828 misimus,
1383 5760 1461 5813 ut,
1481 5750 1788 5828 eti_amsi_ab
1836 5754 1980 5828 hoste
2089 5750 2653 5827 {.ih‘lnfa'cwnumdai‘
2699 5777 2758 5820 ιη
2793 5763 2967 5817 Vides.

414 5826 719 5894 defendant,
769 5820 943 5878 tamen
971 5824 1202 5878 imorum
1254 5823 1507 5878 adventus
1543 5822 1594 5874 iu
1629 5820 1776 5872 urbes
1814 5820 1977 5871 socio-
