4136 6288
455 392 556 458 2H
1390 408 1398 413 ‘
1660 393 1977 454 JOANNIS
2011 394 2540 456 CANTACUZENI
2685 406 2689 410 '
3596 396 3704 462 21:2

456 507 598 576 piam
624 507 952 578 crogaverit,
986 505 1131 561 haud
1165 505 1220 562 in
1253 505 1467 562 damnis
1497 521 1584 560 tua
1616 507 1882 577 erogatio.
1919 507 2012 563 sed

2145 509 2251 570 διος
2286 506 2535 572 πλοῦτος,
2570 508 2636 562 ἄν
2666 507 2711 560 θ’
2743 507 2881 578 ὑπὲρ
2910 507 3016 560 τῶν
3052 505 3197 559 ίδίων
3230 523 3316 568 τις
3363 506 3701 578 ἁμαρτημὰσ

450 597 506 652 in
545 596 719 651 lucris
780 595 1094 666 deputanda
1173 605 1277 650 est.
1351 595 1579 662 Adhoc,
1641 610 1764 650 cum
1824 593 2023 650 divinae

2145 618 2251 665 ξων,
2275 599 2340 653 ἀν
2362 599 2408 652 θ’
2436 600 2574 668 ὑπὲρ
2600 598 2691 650 τοῦ
2717 598 2817 668 ζῇν
2847 595 3126 668 ἀναλώσῃ,
3151 596 3212 649 οὑ
3247 596 3452 665 ζημίαν
3481 598 3580 664 τὴν
3611 598 3704 650 δα-

450 685 748 759 Scriptum
782 689 1017 743 doceant
1043 687 1198 752 ',ubi
1239 687 1531 742 thesaurus
1581 696 1770 742 noster
1799 687 1891 752 sit,
1943 687 2019 741 ibi

2145 693 2322 761 τάνην,
2353 691 2492 744 ἀλλά
2532 691 2721 760 κέρδος
2756 691 3008 760 ήγεῖσθαι
3051 689 3183 758 χρή.
3241 687 3453 749 Ἀλλως
3500 703 3561 740 τε
3608 688 3702 739 καὶ

451 795 547 834 cor
580 774 828 834 nostrum
875 794 1017 840 esse.
1068 777 1213 848 apud
1282 788 1357 841 te,
1392 779 1710 848 imperator,
1757 777 2019 848 quoniam

2145 780 2227 832 ’ῶν
2258 779 2420 850 ίερῶν
2446 779 2814 835 διδασκόντων,
2831 778 3050 842 λογίων,
3075 776 3152 838 ὡς
3181 776 3357 828 Ὅπου
3374 778 3402 829 δ
3429 775 3703 846 Θησαυρὸς

449 887 506 927 ιιι
547 873 838 926 thesaurus
888 875 1067 940 magni
1125 870 1414 926 domestici
1467 885 1548 934 es,
1583 871 1748 924 etiam
1779 884 1874 924 cor
1898 870 2018 940 ejus

447 965 576 1016 erit.
599 963 757 1028 Quod
789 977 912 1015 eum
957 961 1031 1015 ita
1074 961 1164 1027 sit,
1195 959 1779 1029 cateram,pecuniam
1808 970 1869 1014 ut
1898 975 2014 1014 rem

449 1053 606 1106 nihili
663 1059 998 1106 contemnet.
1040 1049 1148 1104 Sed
1193 1049 1307 1105 haec
1354 1049 1656 1104 mittamus.
1688 1049 1745 1104 Si
1775 1049 2019 1103 nummis

449 1154 757 1214 parcentes,
788 1145 842 1197 in
877 1145 1000 1198 vitm
1025 1143 1322 1206 discrimen
1347 1141 1626 1207 incidatis,
1661 1157 1727 1194 an
1759 1157 1870 1194 non
1905 1141 2021 1195 cla-

449 1250 572 1287 rum
612 1241 716 1298 est,
767 1234 924 1288 vobis
965 1248 1090 1288 cum
1120 1232 1392 1287 dedecore
1443 1230 1676 1286 mortuis
1703 1238 1916 1286 vestras
1950 1231 2019 1286 ad

449 1327 610 1390 alios,
635 1337 690 1380 et
720 1326 956 1382 forsitan
1014 1325 1082 1379 ad
1134 1324 1547 1379 inimicissimos
1597 1324 1920 1378 translatum
1944 1322 2014 1378 iri

453 1419 752 1487 pecunias?
783 1419 1018 1474 Proinde
1043 1433 1111 1473 ne
1138 1418 1224 1473 vel
1259 1406 1614 1486 corporibus,
1647 1416 1733 1472 vel
1761 1415 2014 1486 pecuniae

455 1511 743 1576 parcitate,
781 1509 961 1577 quoad
996 1509 1195 1564 bellum
1222 1510 1327 1564 hoc
1361 1507 1429 1562 ad
1459 1507 1894 1562 emolumentum
1923 1519 2016 1560 ve-

451 1613 623 1657 strum
652 1601 1220 1658 accommodaveritis.

2120 872 2293 942 ὑμῶν,
2339 874 2455 925 ἐκεῖ
2503 872 2654 924 ἔσται
2687 871 2782 924 καί⁵
2809 873 2842 940 ή
2881 868 3086 939 καρδία
3143 868 3296 937 ὑμῶν
3323 884 3336 898 ·
3391 870 3544 938 παρά
3590 871 3697 932 σοὶ,

2123 962 2367 1035 βασιλεῦ,
2402 963 2593 1028 ἐπειδὴ
2629 965 2694 1017 σὺ
2747 963 3020 1031 θησαυρὸς
3057 960 3246 1028 αὐτοῦ,
3304 959 3399 1013 καὶ
3431 961 3462 1028 ή
3497 961 3698 1030 καρδία

2123 1056 2217 1108 τοῦ
2251 1055 2490 1124 μεγάλου
2516 1053 2841 1123 δομεστίκου
2869 1053 3043 1113 ἔσται.
3073 1051 3279 1105 Τούτου
3301 1050 3360 1104 δὲ
3387 1051 3539 1112 ὄντος
3568 1051 3700 1120 ἀλη-

2125 1145 2273 1214 θοῦς,
2303 1145 2412 1198 τῶν
2435 1145 2613 1220 ἀλλων
2654 1146 2872 1198 πάντων
2908 1161 3012 1214 χρη
3025 1143 3212 1212 μάτων
3243 1143 3318 1205 ὡς
3347 1143 3578 1196 οὐδενῶν
3603 1159 3702 1194 κα-

2127 1238 2476 1308 ταφρονήσει.
2529 1237 2638 1291 Καὶ
2689 1237 2860 1307 χωρὶς
2896 1235 2953 1288 δὲ
3001 1237 3249 1300 τουτωνὶ,
3282 1234 3346 1286 ἂν
3399 1234 3707 1303 φειδόμενοι

2119 1329 2227 1383 τῶν
2251 1328 2549 1400 χρημάτων
2581 1327 2966 1397 κινδυνεύσητε
3000 1329 3124 1398 περὶ
3159 1327 3219 1380 τὸ
3261 1327 3384 1398 ζῇν,
3413 1311 3514 1378 οὐκ
3548 1324 3706 1393 εὔδη-

2121 1420 2213 1474 λον
2242 1423 2325 1474 ὅτι
2357 1421 2628 1484 θανόντων
2664 1421 2819 1488 ὑμῶν
2841 1419 3051 1488 ἀτίμως
3085 1419 3215 1489 παρ’
3246 1419 3427 1481 ἄλλοις
3448 1418 3604 1470 ἔσται
3637 1416 3706 1468 τά

2123 1511 2402 1581 χρήματα,
2433 1508 2562 1570 ἴσως
2591 1508 2648 1560 δὲ
2683 1510 2776 1561 καὶ
2823 1507 3286 1577 πολεμιωτάτοις;
3318 1503 3571 1558 Φείδεσθε
3601 1519 3711 1554 τοι-

2126 1598 2329 1668 γαροῦν
2355 1599 2492 1668 μήτε
2521 1598 2789 1667 σωμάτων
2815 1598 2950 1666 μήτε
2983 1596 3310 1666 χρημάτων,
3335 1597 3492 1665 ἄχρις
3526 1591 3591 1645 ἂν
3619 1592 3711 1643 τὸν

2129 1688 2418 1756 κινηθέντα
2451 1688 2685 1758 πόλεμον
2774 1687 3046 1741 λυσιτελεί
3067 1687 3324 1756 διάθησθε
3351 1687 3503 1756 ὑμῖν.

1847 1811 2074 1870 CAPUT
2113 1811 2307 1867 XXIX.

454 1899 585 1974 Apri
639 1900 945 1974 obsidentur
999 1913 1046 1956 et
1106 1913 1496 1974 expugnantur.
1558 1907 1638 1960 Ad
1688 1907 1918 1974 captivos
1972 1905 2168 1959 milites
2230 1903 2585 1959 admonitoria
2640 1903 2977 1974 imperatoris
3029 1900 3348 1974 oratio,_rt
3399 1899 3456 1974 in
3507 1899 3714 1974 eosdem

526 1971 849 2023 humanitas.
882 1969 1110 2025 Rursum
1145 1967 1212 2026 ad
1244 1967 1388 2040 suos,
1409 1979 1470 2029 de
1502 1967 1825 2030 moderanda
1854 1975 2071 2029 uictoria
2101 1983 2153 2028 et
2202 1974 2565 2028 misericordia
2597 1975 2653 2028 in
2704 1967 2885 2041 uictos,
2920 1971 3226 2027 Christiana
3256 1967 3631 2026 _conciuucula.

525 2079 728 2141 Gratiis
745 2093 1007 2141 matronae
1033 2087 1189 2153 actis,
1209 2089 1818 2160 egrediturimperator,
1835 2098 1887 2145 et
1912 2105 2036 2145 cum
2067 2092 2115 2152 Β

454 2169 795 2239 primoribus
815 2172 868 2226 in
883 2175 1172 2230 consilium
1197 2177 1366 2245 venit,
1386 2182 1614 2250 priusne
1651 2183 1850 2250 Apros,
1870 2189 1926 2236 et
1942 2180 2048 2235 Ga-

454 2263 665 2328 rellam,
694 2279 762 2318 an
789 2267 1090 2322 exercitum
1110 2270 1176 2325 ad
1203 2271 1495 2328 ulteriores
1519 2273 1771 2328 civitates
1785 2272 2046 2328 desertri-

457 2370 548 2409 ees
573 2356 806 2412 adducat
827 2377 840 2412 :
859 2360 1004 2429 quod
1032 2361 1116 2416 hae
1148 2364 1331 2418 minus
1359 2373 1645 2428 nocerent,
1667 2373 1725 2420 et
1753 2365 1873 2434 capi
1903 2364 2045 2418 faci-

455 2445 562 2500 lius
586 2455 834 2516 possent,
863 2449 968 2504 illa;
985 2459 1043 2506 et
1062 2450 1188 2521 plus
1217 2465 1500 2518 nocerent,
1533 2465 1734 2510 etcum
1767 2460 2045 2508 structura

455 2537 742 2603 moenium,
767 2542 1282 2614 tumtnilitarilintus
1303 2546 1558 2614 praesidio
1578 2553 1762 2600 essent
1781 2544 2048 2599 validissi-

461 2639 584 2684 mm.
607 2629 1100 2701 Stetitsententia,
1127 2636 1282 2706 prius
1307 2639 1482 2706 Apros
1505 2637 1923 2710 aggrediendos.
1945 2637 2044 2691 Pa-

458 2721 592 2776 ratis
605 2724 886 2790 omnibus,
906 2735 960 2782 et
985 2730 1218 2797 pecunia
1249 2729 1302 2783 in
1334 2731 1606 2802 stipendia
1625 2739 1928 2794 numerata,
1954 2729 2044 2784 Di-

459 2811 772 2883 dymoticho
794 2817 925 2872 illuc
945 2830 1167 2875 movent
1184 2822 1303 2878 :ubi
1324 2825 1518 2880 castris
1539 2823 2042 2894 eommunitis,;'87

461 2902 872 2962 caduceatorem
892 2909 1061 2965 miltlt
1080 2911 1396 2981 imperator,
1421 2915 1516 2985 qui
1559 2931 1660 2986 pro
1694 2917 1868 2970 muris
1891 2927 2041 2970 stan-

463 3007 545 3052 tes
573 2997 793 3066 salutet,
821 3012 876 3057 et
897 3003 961 3057 ad
991 3003 1180 3059 urbem
1211 3006 1330 3061 sine
1358 3007 1707 3063 dimicatione
1737 3007 2041 3062 dedendam

467 3089 734 3162 impellat,
768 3093 1041 3167 dicatque,
1095 3113 1205 3153 non
1253 3114 1349 3154 eos
1391 3100 1686 3168 deliquisse
1715 3100 2038 3170 quidquam,

464 3185 971 3255 neeimperatorem
995 3190 1128 3259 ipsis
1151 3192 1311 3246 irasci
1332 3209 1346 3244 :
1367 3191 1458 3246 sed
1480 3193 1693 3262 culpam
1717 3191 2042 3251 defectionis

421 3318 430 3332 .
467 3291 634 3346 penes
681 3294 806 3334 eum
837 3296 980 3345 esse,
1007 3285 1101 3354 qui
1143 3285 1378 3340 deficere
1404 3287 1698 3355 coegisset,
1733 3302 1843 3340 non
1876 3301 2042 3352 penes

469 3367 611 3432 illos,
651 3369 744 3438 qui
777 3373 951 3426 coacti
982 3373 1236 3428 fuissent.
1259 3373 1628 3439 Quamobrem
1657 3375 1702 3431 si
1726 3375 1920 3444 positis
1947 3390 2037 3430 ar-

469 3461 576 3514 mis
609 3460 675 3514 ad
709 3461 870 3517 fidem
931 3464 1282 3534 olliciumque
1311 3466 1572 3529 redirent,
1615 3467 1784 3522 multa
1826 3467 2039 3522 beneﬁ-

467 3553 554 3605 cia
589 3553 1010 3620 promerituros.
1042 3555 1110 3608 At
1142 3556 1289 3609 enim
1324 3556 1417 3624 qui
1450 3557 1505 3610 in
1542 3557 1714 3611 muris
1759 3567 1937 3624 erant,
1968 3575 2038 3614 ne

473 3652 650 3697 totum
687 3644 910 3712 quidem
945 3646 1092 3714 quod
1125 3645 1411 3700 dicebatur
1446 3647 1640 3703 audire
1672 3651 2036 3717 sustinentes,

473 3737 712 3808 maligne
733 3739 912 3806 ipsum
936 3739 1122 3793 venire
1153 3742 1585 3806 succlamabant,
1621 3754 1676 3796 et
1710 3745 2037 3798 cantilenam

477 3829 652 3884 istanc
705 3844 816 3883 non
871 3830 999 3894 sibi,
1059 3831 1154 3901 qui
1188 3832 1336 3886 omni
1376 3843 1840 3904 essentexpertes
1864 3846 2039 3903 metu,

480 3920 582 3974 nec
605 3919 746 3974 dolis
773 3919 958 3974 deludi
996 3921 1155 3976 facile
1175 3931 1420 3992 possent,
1454 3924 1552 3978 sed
1582 3925 1703 3980 aliis
1727 3927 1911 3994 potius
1944 3927 2042 3981 de-

478 4011 611 4066 bere
630 4013 886 4066 occinere
910 4027 924 4065 :
952 4028 1010 4067 se
1035 4013 1293 4067 creditori
1325 4030 1425 4069 suo
1459 4015 1645 4084 fidem,
1697 4025 1751 4071 et
1780 4017 2042 4086 oppidum

475 4112 597 4157 tuto
635 4111 970 4158 servaturos.
1024 4103 1227 4158 Iterato
1271 4106 1566 4161 mittuntur
1612 4108 1726 4174 alii,
1772 4108 1866 4178 qui
1916 4125 2045 4164 sua—

477 4195 665 4258 deant,
692 4210 760 4249 ne
783 4195 1015 4251 consilio
1053 4196 1195 4249 malo
1239 4211 1517 4266 pravoque
1564 4187 1830 4254 maleficia
1880 4213 2044 4268 quam

479 4281 764 4346 beneﬁcia,
823 4297 949 4336 cum
995 4287 1228 4352 possint,
1276 4286 1516 4354 experiri
1575 4289 1790 4341 malint.
1833 4288 2052 4354 Quibus

482 4372 879 4427 contumeliose
917 4373 1405 4442 respondentibus,
1431 4374 1816 4444 lapidibusque
1866 4386 1922 4432 et
1963 4380 2048 4448 ja-

482 4464 622 4518 culis
681 4464 1073 4519 caduceatores
1136 4464 1554 4533 appetentibus,
1607 4480 1670 4520 ae
1721 4467 1790 4521 de
1843 4479 2048 4523 caetero

485 4571 818 4626 quemquam
865 4555 935 4610 ad
971 4571 1031 4610 se
1065 4556 1210 4610 mitti
1242 4557 1580 4619 vetantibus.
1609 4558 1716 4612 nisi
1743 4573 1870 4613 eum
1901 4563 2050 4616 occi-

487 4665 609 4704 sum
639 4649 879 4714 vellent,
914 4650 1042 4718 quia
1072 4664 1132 4703 se
1155 4649 1337 4704 verbis
1358 4650 1495 4703 nihil
1527 4651 1793 4719 proﬁcere
1827 4654 2048 4708 videbat

2226 2091 2351 2145 Ἐπὶ
2381 2091 2592 2155 τούτοις
2655 2091 2796 2162 αὐτῇ
2843 2090 3076 2160 χάριτας
3113 2084 3458 2156 ὁμολογήσας
3495 2086 3522 2136 ὁ
3556 2082 3716 2153 βασι-

2147 2183 2295 2251 λεὺς,
2327 2184 2559 2250 ἐξελθὼν
2586 2181 2903 2236 ἐϐουλεύετο
2945 2181 3086 2252 μετά
3114 2178 3222 2232 τῶν
3260 2181 3317 2231 ὲν
3347 2179 3513 2242 τέλει,
3538 2177 3719 2246 είχρὴ

2147 2278 2411 2346 πρότερον
2436 2277 2528 2329 ἐπὶ
2561 2277 2756 2346 Ἀπρω
2784 2275 2878 2328 καὶ
2929 2263 3230 2343 Γαρέλλαν,
3264 2270 3296 2341 ἢ
3331 2271 3422 2322 ἐπὶ
3448 2270 3548 2332 τὰς
3576 2270 3719 2337 διφε.Α

2149 2367 2410 2436 στηκυίας
2435 2413 2451 2426 ,
2471 2367 2804 2437 πορρωτέρω
2852 2365 2959 2417 τῶν
2994 2363 3202 2416 πόλεων
3235 2361 3409 2414 ἐλθεῖν
3433 2375 3450 2391 ο
3500 2359 3574 2422 ὠς
3605 2358 3717 2410 τῶν

2149 2458 2247 2530 μὲν
2270 2455 2538 2528 ἀπωτέρω
2563 2458 2661 2525 τὴν
2693 2456 2794 2526 μὲν
2821 2455 3027 2527 βλάϐην
3051 2455 3255 2526 ἥσσονα
3294 2451 3713 2524 παρεχομένων,

2145 2552 2561 2622 εὐαλωτοτέρων
2591 2551 2648 2603 δέ
2676 2566 2690 2578 ⁸
2721 2549 2830 2603 τῶν
2853 2547 2910 2600 δὲ
2941 2547 3083 2616 μετὰ
3103 2545 3196 2599 τοῦ
3223 2543 3425 2615 μᾶλλον
3455 2543 3716 2613 βλάπτειν

2145 2643 2240 2698 καὶ
2265 2643 2696 2714 καρτερωτάτων
2712 2639 2820 2694 ἀπό
2842 2657 2901 2694 τε
2919 2638 3019 2708 τῆς
3033 2639 3141 2691 τῶν
3159 2638 3353 2707 τειχῶν
3371 2633 3716 2704 κατασκευῆς

2146 2739 2238 2790 καὶ
2260 2737 2358 2806 τῆς
2407 2733 2875 2804 ἒγκαθιδρυμένης
2923 2731 3204 2801 δυνάμεως
3257 2728 3456 2782 οὐσῶν.
3503 2727 3717 2779 Ἐδόκει

2143 2829 2208 2900 δὴ
2233 2829 2322 2881 ἐπὶ
2364 2829 2560 2896 Ἀπρω
2590 2825 2764 2878 ὲλθείν
2789 2824 3022 2894 πρῶτον.
3049 2823 3159 2874 Καὶ
3209 2821 3442 2890 ἄραντες
3470 2821 3533 2871 ὲκ
3557 2817 3716 2870 Διδυ-

2148 2923 2419 2994 μοτείχου,
2480 2921 2602 2974 ἐπεὶ
2632 2921 2812 2973 πάντα
2839 2916 3250 2988 παρεσκεύαστο
3271 2955 3291 2980 ,
3336 2917 3434 2968 καὶ
3485 2914 3623 2983 πρὸς
3653 2913 3718 2964 τὸ

2147 3015 2538 3087 μισθοφορικὸν
2593 3013 2655 3064 τὸ
2723 3011 2944 3082 χρυσίον
3000 3008 3335 3078 διενεμήθη,
3395 3003 3560 3076 ἦλθον
3620 3004 3716 3056 ἐπὶ

2149 3111 2367 3177 Ἀπρω.
2396 3101 3027 3177 Στρατοπεδευσαμένων
3048 3101 3104 3152 δὲ
3144 3101 3280 3163 ἐκεῖ,
3312 3097 3536 3168 πέμψας
3561 3095 3590 3146 ὁ
3620 3093 3718 3163 βα-

2147 3201 2348 3266 σιλεὺς,
2376 3198 2654 3268 ἠσπάζετο
2675 3195 2804 3257 τοὺς
2836 3194 2928 3246 ἐπὶ
2959 3194 3069 3245 τῶν
3097 3191 3297 3262 τειχῶν
3321 3207 3333 3220 ·
3369 3188 3464 3243 καὶ
3496 3188 3632 3258 πρὸς
3655 3185 3718 3238 τὸ

2149 3293 2326 3362 μάχης
2356 3290 2524 3360 χωρὶς
2577 3285 2724 3354 αὺτῷ
2781 3283 3056 3353 ἐπεχείρει
3114 3279 3472 3351 παραδιδόναι
3503 3277 3563 3331 τδ
3617 3278 3714 3328 πό-

2145 3383 2314 3452 λισμα
2374 3379 2620 3441 πείθειν,
2659 3375 2782 3428 οὔτε
2839 3371 3224 3443 ἡμαρτηκέναι
3256 3369 3481 3439 φάσκων
3517 3367 3717 3427 αὐτοὺς

2139 3473 2312 3537 οὐδὲν,
2338 3469 2461 3523 οὔτε
2485 3468 2646 3521 αὐτὸν
2671 3463 2994 3538 ὀργίζεσθαι
3025 3461 3162 3534 πρὸς
3194 3460 3411 3522 αὐτοὺς,
3451 3457 3588 3510 ἁλλά
3615 3454 3714 3524 τὴν

2142 3565 2325 3619 αἰτίαν
2346 3561 2447 3630 τῆς
2475 3555 2818 3620 ἀποστασίας
2849 3555 2942 3608 ἐπὶ
2974 3551 3067 3608 τὸν
3101 3552 3193 3623 βίᾳ
3226 3549 3586 3619 κατασχόντα,
3617 3547 3720 3600 οὐκ

2141 3656 2230 3708 ἐπ’
2266 3653 2462 3714 αὐτοὺς
2521 3647 2662 3704 εἶναι
2701 3649 2822 3711 τοὺς
2867 3644 3340 3716 ἠναγκασμένους.
3371 3641 3573 3710 Διόπερ
3625 3638 3718 3690 καὶ

2143 3749 2193 3800 εί
2247 3737 2700 3815 προσχωρήσαιεν
2764 3739 3014 3810 ἀμαχεὶ,
3078 3735 3306 3797 πολλαῖς
3376 3732 3718 3800 εὐεργεσίαις

2144 3837 2469 3906 ἀμείϐεσθαι
2527 3828 2668 3887 εἶναι
2702 3833 2932 3893 δίκαιος.
2966 3830 3030 3882 0i
3063 3828 3108 3881 δ’
3142 3827 3234 3881 ἐπὶ
3264 3824 3356 3878 τοῦ
3386 3824 3598 3894 τείχους
3631 3823 3725 3873 εὐ-

2145 3930 2241 3992 θὺς
2282 3927 2388 3980 οὐδ’
2423 3925 2576 3987 ὅλους
2632 3921 3026 3988 ἀναμείναντες
3091 3915 3324 3971 ἀκοῦσαι
3379 3913 3504 3976 τοὺς
3566 3912 3720 3979 παρά

2148 4020 2410 4092 βασιλέως
2443 4017 2654 4085 λόγους,
2697 4013 2884 4075 κακῶς
2941 4029 3000 4063 τε
3036 4011 3273 4078 ἔφασκον
3315 4008 3475 4078 ἥκειν
3511 4004 3672 4055 αὐτόν
3700 4019 3714 4031 ·

2147 4115 2243 4167 καὶ
2291 4113 2418 4174 τοὺς
2462 4109 2675 4177 ἀπάτης
2730 4106 3000 4173 γέμοντας
3058 4101 3308 4154 τουτουσὶ
3370 4097 3560 4165 λόγους
3619 4095 3719 4146 οὐκ

2147 4206 2396 4270 ἐκείνοις,
2433 4200 2554 4254 οὔτε
2583 4197 2876 4252 δεδοικόσιν
2902 4237 2917 4260 ,
2974 4191 3099 4245 οὔτε
3130 4190 3266 4262 πρὸς
3317 4189 3532 4263 ἀπάτην
3567 4180 3720 4239 οὖσιν

2147 4295 2410 4358 εὐκόλοις,
2445 4291 2560 4345 ἀλλ’
2586 4290 2792 4359 ἑτέροις
2819 4286 3015 4356 μᾶλλον
3047 4283 3349 4354 προσήκειν
3369 4281 3569 4348 λέγειν.
3610 4276 3721 4331 Αὑ-

2148 4387 2230 4440 τοὶ
2253 4385 2308 4438 δὲ
2336 4383 2411 4452 τῷ
2440 4401 2500 4435 τε
2541 4378 2926 4434 πεπιστευκότι
2955 4375 3054 4445 τὴν
3084 4375 3266 4428 πίστιν
3311 4373 3595 4442 τηρήσειν,
3629 4369 3722 4423 καὶ

2150 4479 2210 4532 τὸ
2237 4476 2492 4545 φρούριον
2527 4472 2785 4540 φυλάξειν
2811 4466 3162 4537 ἀσφαλῶς.’0
3200 4464 3452 4534 βασιλεὺς
3489 4464 3534 4516 δ’
3565 4458 3723 4523 αὖθις

2153 4569 2378 4638 πέμψας
2413 4564 2654 4635 ἐτέρους,
2693 4561 2768 4630 μὴ
2799 4560 2858 4612 τὸ
2903 4560 3088 4621 κακῶς
3124 4556 3316 4610 παθεῖν
3338 4554 3723 4607 συνεϐούλευεν

2155 4659 2369 4714 ἑλέσθαι
2404 4657 2604 4727 μᾶλλον
2651 4655 2709 4718 ἐξ
2737 4650 3014 4715 ἀϐουλίας,
3067 4649 3185 4702 ἐνὸν
3236 4647 3340 4714 ἔξω
3369 4663 3425 4700 τε
3457 4645 3722 4698 κινδύνων

484 4743 803 4810 imperator,
831 4742 1001 4795 scalas
1025 4743 1088 4796 ad
1114 4742 1316 4795 muenia
1341 4742 1606 4810 postridie
1632 4746 2042 4801 conscendenda

2154 4748 2294 4806 εἶναι
2325 4749 2419 4804 καὶ
2453 4747 2648 4802 παθεῖν
2693 4744 2774 4798 εὖ.
2811 4742 2936 4797 Τῶν
2980 4741 3034 4795 δὲ
3065 4740 3394 4811 ὑϐριστικῶς
3424 4740 3726 4808 ἀποκρινα-

405 4867 408 4870 ~
487 4831 668 4900 parari
695 4830 876 4900 jussit.
912 4829 1068 4895 Quod
1110 4847 1234 4885 cum
1269 4841 1580 4898 cernerent,
1629 4835 1722 4903 qui
1765 4838 1821 4890 in
1851 4840 2053 4905 uiceni-

491 4922 595 4975 bus
628 4919 870 4981 stabant,
916 4920 1156 4974 hostium
1207 4931 1464 4976 conatum
1497 4932 1556 4976 ut
1603 4924 1818 4979 inanem
1852 4928 2053 4982 irride-

489 5013 640 5073 bant,
679 5026 965 5065 murorum
1002 5011 1315 5066 excelsitate
1345 5028 1409 5067 ac
1440 5014 1717 5081 firmitate,
1743 5034 2056 5090 propugna-

494 5112 787 5173 torumque
813 5103 1167 5159 multitudine
1199 5120 1258 5159 se
1295 5105 1744 5175 inexpugnabiles
1774 5110 1890 5166 fore
1921 5128 2056 5167 con-

497 5194 747 5249 fidentes.
797 5195 936 5246 Nam
991 5193 1288 5249 auxiliares
1340 5196 1599 5266 Byzantio
1654 5201 1868 5268 equites
1901 5213 2059 5256 erant

493 5286 691 5341 duceni
732 5295 788 5341 et
827 5285 1028 5351 viceni,
1059 5286 1269 5355 pedites
1317 5289 1586 5359 sagittarii
1639 5289 2057 5363 dueenti,iique

496 5377 819 5447 peritissimi
861 5393 875 5431 :
905 5378 1088 5447 gravis
1117 5388 1431 5443 armaturag,
1469 5382 1563 5450 qui
1589 5397 1620 5436 e
1646 5383 1916 5436 machinis
1945 5384 2048 5439 tela

496 5469 827 5540 torquebant
871 5470 1096 5538 triginta
1130 5485 1142 5521 :
1171 5485 1201 5524 e
1242 5472 1447 5540 quibus
1486 5489 1626 5528 unus
1675 5490 1704 5526 a
1730 5474 2057 5530 dexteritate

495 5563 766 5617 destinata
796 5561 1033 5616 feriendi
1093 5579 1206 5632 pra:
1257 5564 1378 5619 aliis
1429 5565 1831 5620 celebrabatur.
1888 5546 2058 5635 Equi-

500 5663 580 5707 tes
628 5651 897 5720 indigenae
942 5656 1275 5723 cataphracti
1320 5665 1564 5719 centum,
1619 5658 1888 5723 sagittarii
1946 5673 2054 5713 non

573 5812 585 5839 '
629 5811 819 5863 Matth.
854 5828 926 5866 Vl.
960 5813 1046 5865 21.

2160 4843 2358 4915 μένων,
2413 4840 2506 4891 καὶ
2528 4836 2694 4897 λίθοις
2747 4835 2842 4888 καὶ
2897 4831 3076 4901 βέλεσι
3120 4831 3247 4893 τοὺς
3279 4828 3724 4896 ἀπεσταλμένους

2160 4931 2452 5002 βαλόντων,
2481 4927 2668 4997 ἔτερόν
2682 4943 2742 4978 τε
2766 4925 2970 4996 μηδένα
3000 4923 3138 4993 πρὸς
3168 4920 3368 4982 αὐτοὺς
3398 4919 3555 4989 ἥκειν
3583 4935 3726 4985 παρ-

2158 5024 2528 5092 αγγειλάντων
2600 5019 2675 5082 ὡς
2725 5016 2886 5070 αὐτὸν
2933 5012 3412 5073 ἀποκτενούντων,
3469 5009 3594 5062 ἐπεὶ
3653 5008 3728 5078 μὴ

2160 5117 2338 5182 λόγοις
2363 5113 2509 5182 ἐώρα
2537 5110 2744 5163 πείθειν
2773 5107 2994 5168 δυνατὸς
3030 5103 3104 5157 ὣν
3131 5107 3159 5156 ὀ
3211 5102 3488 5171 βασιλεὺς,
3525 5102 3726 5171 κλίμα-

2165 5223 2264 5268 κας
2294 5202 2576 5257 ἐκέλευσεν
2607 5197 3020 5266 ἐτοιμασθῆναι,
3051 5196 3108 5258 ἐς
3142 5195 3243 5266 τὴν
3277 5194 3572 5263 ὑστεραίαν
3605 5194 3728 5245 έσο-

2166 5298 2333 5366 μένης
2383 5291 2760 5363 τειχομαχίας.
2802 5288 3070 5358 Ὀρῶντες
3097 5287 3153 5339 δὲ
3181 5276 3232 5338 οἱ
3261 5285 3370 5338 ἀπὸ
3397 5284 3491 5337 τοῦ
3513 5284 3728 5354 τείχους

2161 5389 2257 5450 τὰς
2284 5387 2557 5454 κλίμακας
2579 5378 3152 5448 κατασκευαζομένας,
3177 5378 3254 5439 ὡς
3285 5377 3576 5441 ἀνηνύτοις
3607 5376 3725 5428 ἐπι-

2163 5471 2490 5548 χειρούντων
2521 5470 2831 5538 κατεγέλων
2855 5511 2868 5532 ,
2907 5467 2966 5520 οὐ
3021 5468 3180 5536 μόνον
3216 5468 3282 5534 τῇ
3323 5465 3598 5534 ἀσφαλείᾳ
3621 5463 3730 5515 τῶν

2163 5566 2378 5637 τειχῶν,
2406 5565 2539 5619 ἀλλά
2577 5564 2668 5616 καὶ
2697 5561 2774 5631 τῷ
2809 5560 3006 5629 πλήθει
3039 5559 3148 5612 τῶν
3177 5557 3524 5626 στρατιωτῶν
3553 5557 3728 5620 οἰόμε-

2163 5674 2243 5709 νοι
2285 5652 2736 5727 περιγενήσεσθαι
2784 5650 2876 5704 τοῦ
2927 5650 3189 5720 πολέμου.
3225 5644 3404 5724 Ἦσαν
3441 5648 3548 5717 γὰρ
3584 5647 3637 5700 οἵ
3673 5660 3726 5698 τε
