4136 6288
481 367 591 432 215

1689 370 1928 431 ΙΟΑΝΝ
1940 371 2015 431 18
2050 369 2436 434 CANTACUZ
2449 368 2538 432 ΕΝ
2548 372 2573 430 Ι

3651 337 3759 432 etei

416 519 422 521 .
482 475 633 556 digni
669 475 980 530 videamur.
1021 477 1238 532 Etenim
1287 468 1434 548 quod
1476 493 1656 546 neque
1687 487 1799 532 tam
1839 491 2047 548 magna.

2163 476 2388 544 ἔμειναν
2415 477 2606 544 ὀλίγοι,
2637 475 2746 529 τῶν
2778 475 3042 530 πλειόνων
3073 476 3420 530 ἀπελθόντων
3449 493 3462 506 ⁸
3498 479 3545 529 οἱ
3585 477 3745 542 πεζοὶ

481 578 539 622 et
585 577 777 622 nostro
829 567 986 624 Marti
1030 569 1364 624 conferenda
1412 584 1612 624 manus
1652 569 1823 636 intus,
1873 583 2054 639 neque

483 667 594 713 tam
651 661 761 715 alta
802 676 868 717 ac
908 669 1027 717 tuta
1081 664 1308 730 moenia,
1361 678 1540 733 neque
1567 662 1716 717 aliud
1749 663 2052 733 quidquam

482 753 883 821 impedimento
936 755 1102 810 nobis
1155 754 1278 818 fuit,
1327 770 1438 824 quo
1494 757 1679 809 minus
1730 766 2052 825 arrogantes

479 839 615 895 istos
685 852 739 896 et
774 845 1064 912 protervos
1116 845 1532 910 ulcisceremur,
1564 844 1792 909 nullius,
1824 845 1931 900 nisi
1972 845 2056 900 di-

476 933 594 986 vini
652 934 910 989 Numinis
960 935 1278 990 liberalitati
1347 937 1473 1007 jure
1536 936 1892 990 tribuendum
1941 945 2049 995 est.

479 1025 695 1080 Rursus
725 1026 780 1080 in
811 1035 920 1080 tam
940 1026 1138 1082 infesta
1162 1028 1594 1098 oppugnatione,
1620 1037 1678 1083 et
1707 1028 1861 1084 urbis
1886 1042 2052 1083 occu-

477 1119 698 1185 patione
736 1129 989 1173 nostrum
1039 1135 1220 1188 neque
1266 1135 1600 1190 quemquam
1628 1122 1711 1189 (ut
1755 1130 2050 1176 consenta-

476 1225 641 1273 neum
671 1211 810 1277 erat)
874 1211 1164 1273 cecidisse,
1216 1226 1397 1280 neque
1453 1227 1562 1282 per.
1605 1212 1810 1268 οωάθιη
1880 1212 2049 1267 ullius

472 1305 819 1372 captivorum
870 1304 1018 1359 civili
1073 1306 1341 1375 sanguine
1385 1307 1660 1374 pollutum
1707 1320 1852 1369 esse,
1895 1319 2051 1376 egre-

477 1394 623 1463 giam
649 1409 777 1465 erga
807 1410 910 1449 nos
960 1395 1056 1450 Dci
1089 1395 1493 1466 providentiam
1537 1412 1841 1467 curamque
1878 1397 2049 1467 signi-

471 1486 620 1540 ﬁcat.
655 1487 845 1556 Itaque
882 1496 938 1542 et
963 1503 1066 1542 nos
1087 1488 1328 1543 victores
1375 1488 1707 1544 miserorum
1736 1487 1851 1559 89
1898 1489 2048 1544 cala-

472 1579 760 1633 mitatibus
791 1579 860 1633 ad
897 1579 1336 1647 misericordiam
1369 1580 1578 1635 inﬂecti
1607 1589 1829 1650 oportet
1889 1583 2047 1651 (con-

470 1678 554 1723 tra
579 1669 846 1724 Barbaros
891 1685 1022 1725 sane
1055 1671 1202 1726 bello
1254 1671 1605 1726 internecino
1639 1670 1999 1741 pugnandum
2028 1688 2044 1724 :

467 1771 656 1816 contra
688 1763 981 1833 p0pulares
1015 1774 1198 1818 autem
1230 1778 1405 1832 usque
1429 1763 1562 1816 dum
1586 1762 1895 1833 vincas),et
1919 1776 2045 1832 pars

2162 567 2216 619 δὲ
2249 565 2386 635 πλὴν
2417 567 2640 635 ὀλίγων,
2677 569 2920 630 ἅπαντες
2945 569 3152 622 εἵλοντο
3183 567 3457 621 δουλεύειν
3482 567 3559 638 τῷ
3589 569 3744 638 βασι-

2162 659 2264 712 λεῖ.
2307 655 2402 720 Οἷς
2426 660 2520 712 καί
2579 659 2773 729 μισθὸν
2807 662 3025 730 ἐτήσιον
3071 660 3278 724 τάξας,
3308 659 3580 729 ἐνέγραψε
3627 663 3744 724 τοῖς

2162 753 2405 815 οἰκέταις
2435 791 2450 817 ,
2503 752 2633 814 τοὺς
2673 753 2719 806 δ’
2771 752 3106 816 ἀπελθόντας
3181 751 3452 822 ὲφωδίασε
3515 755 3746 821 χρυσίῳ.

2173 843 2348 910 Ὁρῶν
2387 845 2450 912 δε
2472 847 2562 896 τὶν
2599 845 2759 898 ἄλλον
2819 845 3009 915 ὅμιλον
3051 845 3161 898 τῶν
3231 843 3476 914 Ἀπρίων
3543 844 3747 915 ἄνδρας

2159 937 2295 1006 ὁμοῦ
2350 939 2445 989 καὶ
2477 941 2742 1004 γυναῖκας
2782 939 2878 991 καὶ
2923 938 3124 1000 παῖδας
3169 937 3414 1006 γυμνοὺς
3461 937 3560 990 καὶ
3607 936 3746 989 ἀπό·

2165 1045 2291 1098 ρους
2321 1031 2630 1098 περιιόντας
2663 1031 2758 1084 καὶ
2786 1030 3219 1102 ὀλοφυρομένους
3237 1029 3336 1096 τὴν
3366 1029 3742 1100 ἀποστέρησιν

2157 1121 2264 1172 τῶν
2293 1121 2482 1196 ὄντων,
2534 1121 2661 1185 τοὺς
2687 1121 2924 1189 λογάδας
2957 1121 3056 1184 τῆς
3093 1122 3362 1190 στρατιᾶς
3397 1121 3609 1182 πάντας
3643 1119 3741 1170 καὶ

2157 1213 2282 1274 τοὺς
2321 1214 2380 1264 ὲν
2426 1213 2568 1266 τέλει
2602 1213 2947 1280 συναγαγὼν,
2989 1213 3210 1264 Δίκαιόν
3243 1214 3414 1274 ἐστιν,
3447 1210 3574 1277 ἔφη,
3603 1210 3740 1260 πολέ

2155 1304 2269 1366 λοῖς
2295 1306 2390 1358 καὶ¹
2425 1305 2683 1375 μεγάλοις
2717 1306 2957 1375 σήμερον
2999 1302 3435 1374 εὐηργετηκότος
3465 1303 3616 1372 ἡμᾶς
3641 1299 3738 1352 τοῦ

2156 1398 2314 1460 Θεοῦ,
2341 1399 2432 1451 καὶ
2457 1400 2656 1461 αὐτοὺς
2683 1397 2869 1461 ἀξίους
2899 1397 2996 1466 τῆς
3022 1395 3343 1466 εὐεργεσίας
3373 1393 3631 1462 φανῆναι.
3666 1391 3742 1444 Τὸ

2146 1491 2266 1560 γὰρ
2318 1493 2452 1562 μήτε
2493 1492 2592 1562 τὴν
2642 1491 3063 1560 ἐγκαθεστῶσαν
3103 1489 3306 1554 πολλήν
3352 1503 3412 1539 τε
3453 1486 3548 1538 καὶ
3587 1483 3739 1550 ἀξιό-

2159 1601 2328 1652 μαχον
2355 1582 2522 1636 οὖσαν
2551 1583 2836 1654 στρατιὰν,
2871 1581 3009 1652 μήτε
3054 1578 3154 1650 τὴν
3198 1578 3506 1646 ἀσφάλειαν
3547 1578 3646 1629 καὶ
3676 1574 3740 1627 τὸ

2156 1673 2289 1742 ὕψος
2324 1673 2434 1725 τῶν
2474 1656 2698 1742 τειχῶν,
2748 1673 2875 1742 μήτ’
2908 1669 3039 1725 ἄλλο
3089 1670 3258 1740 μηδὲν
3287 1668 3549 1739 ἐμπόδιον
3605 1669 3740 1737 ἡμῖν

2155 1763 2406 1831 γενέσθαι
2436 1764 2569 1829 πρός
2602 1763 2664 1816 τὸ
2697 1761 2771 1833 μὴ
2812 1763 2939 1825 τοὺς
2975 1760 3233 1820 αὐθάδεις
3269 1757 3527 1811 τουτουσὶ
3557 1775 3734 1826 τιμω-

469 1853 539 1908 de
568 1854 749 1923 praeda
794 1853 1031 1922 captivis
1076 1870 1106 1908 a
1159 1853 1430 1924 quolibet,
1483 1860 1746 1923 quantam
1779 1851 2043 1915 voluerit,

2159 1859 2426 1926 ριῆσασθαι
2479 1856 2573 1910 καὶ
2609 1855 2896 1927 ὑϐριστὰς,
2935 1855 3037 1908 οὐκ
3066 1854 3231 1908 ἄλλου
3280 1851 3426 1914 τινὸς
3456 1851 3490 1920 ἢ
3523 1851 3622 1920 τῆς
3644 1849 3739 1902 τοῦ

469 1945 811 2000 restituenda
854 1956 962 2000 est.
988 1945 1115 1999 Tria
1142 1945 1292 2000 enim
1325 1944 1465 1998 bona
1503 1945 1742 1999 maxima
1790 1945 1920 2000 hinc
1948 1960 2043 2000 vo-

467 2037 555 2091 bis
594 2038 748 2091 lucro
776 2049 1161 2107 apponentur:
1193 2037 1366 2092 Deum
1399 2037 1698 2107 propitium
1743 2036 2042 2104 habebitis,

466 2129 560 2197 qui
594 2128 652 2182 in
681 2127 916 2183 aﬂlictos
966 2137 1220 2182 navatam
1291 2127 1732 2182 misericordiam
1783 2135 2045 2196 tanquam

467 2219 573 2276 sibi
615 2220 912 2289 pnestitam
945 2229 1209 2289 reputat:
1248 2229 1413 2289 atque
1467 2219 1524 2272 in
1573 2218 1680 2273 hac
1725 2218 1836 2274 vita
1878 2221 2045 2289 longe

467 2312 744 2382 pluribus,
794 2322 850 2367 et
896 2323 1023 2383 post
1061 2313 1280 2368 obitum
1328 2312 1601 2382 promissa
1645 2311 1908 2369 felicitate
1956 2329 2046 2369 re-

467 2405 918 2460 munerabimini.
951 2404 1158 2460 Deinde
1211 2412 1455 2459 nostram
1487 2419 1713 2474 quoque
1743 2405 2043 2460 amicitiam

466 2497 839 2564 assequemini
865 2514 880 2562 ;
908 2497 1115 2567 quibus
1147 2495 1284 2550 nihil
1315 2503 1403 2550 est
1436 2496 1741 2565 antiquius,
1775 2511 1938 2565 quam
1968 2496 2039 2550 de

469 2585 705 2656 captivis
727 2586 870 2641 bene
892 2586 1118 2641 mereri.
1139 2587 1428 2641 Postremo
1448 2585 1795 2639 fortitudinis
1834 2594 1890 2640 et
1933 2601 2048 2638 ma-

469 2677 852 2747 gnanimitatis
891 2677 1121 2747 gloriam
1145 2675 1304 2732 vobis
1325 2677 1429 2747 ipsi
1456 2676 1702 2747 parietis.
1723 2676 1872 2731 Illius
1908 2692 2048 2747 quo-

469 2768 618 2822 niam
649 2768 836 2822 hostes
868 2767 1186 2823 debellastis
1210 2786 1224 2824 :
1247 2768 1433 2838 huius,
1461 2769 1720 2836 quoniam
1744 2769 2046 2839 ingenuact

466 2860 680 2916 excelsa
699 2868 885 2914 mente
904 2875 1012 2915 non
1033 2871 1093 2914 ut
1113 2858 1319 2928 hostes,
1338 2861 1478 2915 male
1503 2861 1795 2926 multastis,
1817 2860 1911 2916 sed
1931 2871 2048 2915 tan-

467 2966 632 3019 quam
659 2949 895 3013 civibus.
916 2953 1253 3022 et'cognatis,
1273 2968 1438 3023 quam
1459 2953 1637 3017 licuit,
1677 2968 1869 3008 curam
1892 2951 2046 3006 adhi-

467 3042 690 3099 buistis.
715 3042 828 3098 Hac
857 3043 1240 3100 cohortatione
1271 3046 1410 3101 adeo
1441 3053 1725 3115 permotus
1760 3054 1844 3098 est
1865 3045 2041 3110 miles,

469 3143 530 3187 ut
578 3148 740 3189 nemo
770 3149 880 3190 non
906 3135 1118 3206 aliquid
1143 3137 1210 3191 de
1233 3136 1413 3207 praeda
1436 3137 1710 3191 redderet.
1765 3135 1869 3201 Qui
1915 3151 2046 3190 vero

465 3227 802 3284 benefacere
829 3229 1130 3298 gloriosum
1179 3230 1281 3285 sibi
1305 3229 1604 3294 ducebant,
1637 3229 1916 3298 inquisitis
1944 3229 2044 3282 do-

2155 1951 2465 2018 κρείττονος
2494 1949 2816 2021 εὐεργεσίας
2869 1949 2935 2003 ἄν
2964 1966 3048 2012 τις
3076 1947 3349 2015 λογίζοιτο
3379 1944 3629 2005 δικαίως.
3663 1943 3738 1994 Τὸ

2152 2040 2198 2094 δ’
2229 2040 2383 2104 αὖθις
2438 2042 2496 2094 ἐν
2547 2040 2689 2092 οὕτω
2721 2043 2965 2111 καρτερᾷ
3014 2037 3342 2108 τειχομαχία
3391 2037 3484 2089 καὶ
3535 2037 3740 2087 ἁλώσει

2155 2131 2360 2192 πόλεως
2391 2131 2528 2200 μήτε
2555 2128 2713 2199 ἡμῶν
2735 2145 2912 2190 τινας,
2944 2128 3086 2197 ὅπερ
3112 2123 3180 2195 ἦν
3217 2125 3384 2188 είκδς,
3408 2122 3726 2181 ἀποθανεῖν,

2158 2225 2294 2293 μήτε
2328 2222 2436 2275 τῶν
2465 2220 2788 2276 ἑαλωκότων
2841 2221 3275 2288 ἀποκτείναντας
3306 2214 3603 2284 ὁμοφύλοις
3645 2211 3737 2265 αἴ-

2157 2332 2288 2384 μασι
2319 2313 2642 2385 χρανθῆναι,
2696 2313 2799 2380 τῆς
2836 2311 3038 2377 πολλῆς
3092 2311 3222 2380 περὶ
3270 2309 3422 2379 ἡμᾶς
3474 2304 3736 2375 προνοίας

2154 2407 2250 2461 καὶ
2315 2389 2645 2476 κηδεμονίας
2700 2403 2796 2457 τοῦ
2863 2402 3023 2457 Θεοῦ.
3102 2402 3222 2472 Χρὴ
3287 2396 3578 2468 τοιγαροῦν
3637 2395 3736 2449 καλ⁵

2153 2500 2303 2569 ἡμᾶς
2357 2499 2695 2569 νικήσαντας
2755 2493 3174 2566 ἑπικαμφθῆναι
3241 2493 3364 2556 ταῖς
3424 2489 3738 2559 συμφοραῖς

2152 2590 2263 2645 τῶν
2310 2590 2702 2661 ἀτυχησάντων
2753 2586 2917 2659 (πρὸς
2961 2585 3062 2658 μὶν
3103 2585 3217 2654 γὰρ
3261 2584 3388 2647 τοὺς
3422 2579 3734 2652 βαρϐάρους

2153 2685 2284 2754 ἄχρι
2315 2683 2516 2747 παντὸς
2546 2681 2807 2752 πολεμεῖν
2848 2679 2933 2735 δεῖ
2951 2697 2965 2710 ⁸
3005 2679 3143 2750 πρὸς
3167 2677 3225 2732 δὲ
3254 2677 3381 2740 τοὺς
3402 2671 3733 2744 ὁμοφύλους.

2153 2775 2280 2844 ἄχρι
2329 2773 2438 2827 τοῦ
2472 2773 2843 2844 κρείττονος),
2887 2774 2984 2828 καὶ
3035 2768 3360 2840 μεταδοῦναι
3411 2766 3648 2819 ἕκαστον
3668 2765 3735 2816 ἐκ

2153 2865 2259 2919 τῶν
2281 2864 2540 2936 λαφύρων
2569 2864 2692 2918 καθ’
2709 2866 2834 2918 ὅσον
2859 2865 2927 2918 ἂν
2957 2864 3166 2931 αίροῖτο
3190 2862 3304 2922 τοῖς
3335 2855 3733 2928 αἰχμαλώτοις.

2109 3028 2113 3032 α
2153 2957 2292 3026 Τρία
2353 2960 2462 3028 γὰρ
2508 2958 2578 3011 τὰ
2619 2959 2859 3027 μέγιστα
2895 2956 3210 3026 κερδανεῖτε
3236 2970 3250 2984 σ
3281 2953 3418 3006 Θεόν
3461 2967 3522 3002 τε
3573 2949 3734 3000 ῑλεων

2153 3052 2368 3114 ἑαυτοῖς
2423 3048 3101 3118 προπαρασκευασάμενοι
3126 3087 3141 3109 ,
3193 3046 3286 3098 τὸν
3325 3044 3405 3104 εἰς
3445 3040 3576 3104 τοὺς
3599 3039 3732 3095 ἀτυ-

2153 3143 2382 3214 χοῦντας
2409 3141 2558 3195 ἔλεον
2580 3141 2974 3210 οίκειούμενον,
3008 3141 3102 3194 καὶ
3127 3141 3195 3210 τῇ
3221 3136 3277 3191 δέ
3303 3152 3363 3189 τε
3389 3132 3734 3187 ίπολλαπλα-

2155 3237 2437 3301 σίοσι,καὶ
2461 3233 2874 3300 ἀπαλλάξαντας
2922 3231 3018 3286 τοῦ
3079 3232 3196 3301 βίου
3252 3225 3735 3294 ἐπαγγελλόμενον

467 3320 637 3376 minis
657 3322 928 3392 quidquid
951 3323 1134 3393 adepti
1158 3323 1394 3379 fuissent
1414 3323 1742 3393 spoliorum,
1770 3321 1908 3376 nihil
1939 3321 2043 3376 sibi

2152 3327 2519 3397 ἁμείϐεσθαν
2565 3327 2660 3380 καὶ
2695 3325 2794 3396 τὴν
2832 3325 3108 3395 ἡμετέραν
3131 3322 3420 3391 εὐμένειαν
3442 3314 3736 3386 προσκτώο

467 3412 789 3478 retinentes,
821 3413 1059 3470 ﬁdeliter
1094 3417 1481 3472 restituebant.

2154 3434 2343 3486 μενοι,
2398 3418 2526 3484 περὶ
2563 3417 2821 3468 πλείστου
2877 3415 3208 3484 ποιουμένου
3257 3413 3358 3482 τὴν
3406 3404 3733 3475 εὐεργεσίαν

464 3501 576 3553 τῶν
606 3505 1008 3574 αἰχμαλώτων·
1047 3510 1142 3562 καὶ
1207 3510 1392 3579 τρίτον
1436 3511 1568 3580 ὑμῖν
1643 3511 1858 3573 ἑαυτοῖς
1902 3508 2124 3580 ἀνδρίας
2163 3511 2282 3580 ἅμα
2328 3511 2423 3565 καὶ
2457 3509 2864 3581 μεγαλοψυχίας
2913 3507 3073 3573 δόξαν
3128 3501 3600 3576 περιποιούμενοι,
3641 3497 3735 3548 ἁν-

464 3593 591 3666 δρίᾳ
621 3597 946 3664 νικήσαντες
983 3601 1109 3662 τοὺς
1165 3601 1689 3670 ἀντιτεταγμένους,
1752 3601 2037 3671 ἐλευθερίᾳ
2073 3601 2131 3654 δὲ
2160 3603 2384 3673 γνώμης
2417 3605 2514 3658 καὶ
2544 3603 2750 3672 μεγαλο
2765 3602 2942 3672 διυχίξι,
2974 3600 3073 3670 οὐχ
3104 3600 3180 3662 ὡς
3243 3595 3550 3663 πολεμίοις.
3611 3587 3728 3642 ἀλλ’

465 3692 538 3754 ὡς
597 3692 892 3762 ὁμοφύλοις
957 3697 1052 3748 καὶ
1106 3696 1370 3764 ἀτυχοῦσι
1404 3699 1505 3766 τὴν
1532 3696 1796 3765 ’δυνατὴν
1850 3697 2110 3766 πρόνοιαν
2149 3699 2574 3766 είσενεγκόντες.
2595 3697 2835 3752 Τοιαῦτα
2857 3693 3290 3765 παραινέσαντος
3304 3689 3402 3744 τοῦ
3437 3685 3727 3758 βασιλέως,

466 3784 609 3838 οὕτω
643 3785 960 3853 διετέθησαν
1012 3788 1044 3856 ἠ
1094 3788 1446 3858 στρατια,ὼς
1469 3787 1684 3863 πάντας
1714 3788 1814 3858 μὲν
1842 3788 1907 3840 ἐκ
1966 3785 2074 3843 τῶν
2114 3787 2374 3858 λαφύρων
2424 3787 2748 3860 μεταδοῦναι
2797 3789 2913 3852 τοῖς
3003 3785 3273 3855 Ἀπρίοις.
3320 3783 3476 3837 Ὅσοι
3524 3779 3584 3831 δὲ
3634 3771 3731 3830 καὶ

466 3885 604 3952 πρὸς
637 3885 698 3937 τὸ
755 3883 1118 3953 ἀγαθοεργεῖν
1152 3883 1581 3954 ἐφιλοτιμοῦντο,
1623 3885 1748 3948 τοὺς
1772 3883 2041 3949 δεσπότας
2079 3884 2568 3958 ἀνερευνήσαντες,
2596 3885 2705 3942 τῶν
2727 3886 2861 3958 παρ’
2889 3886 3075 3949 αὐεοῖς
3140 3882 3400 3953 λαφύρων
3459 3877 3730 3935 ἀπέδοσαν

466 3977 668 4043 πάντα,
711 3977 942 4052 μηδενὸς
967 3977 1471 4050 ἀποστερήσαντες.

1867 4117 2098 4176 CAPUT
2148 4117 2318 4173 XXX.
3456 4117 3488 4147 ο

466 4229 709 4309 ϐανθίία,
741 4235 1097 4303 Ηήωάεειιιηι,
1131 4236 1495 4309 Sergentzium
1529 4238 1728 4309 oppida
1758 4238 2076 4291 deditionem
2109 4236 2333 4305 faciunt.
2443 4235 2784 4309 Sua-ensibus
2816 4233 3100 4309 rusticanis
3130 4231 3428 4309 maledictis
3456 4231 3726 4309 iaceratur

533 4307 862 4376 imperator;
893 4309 1064 4376 ipsum
1087 4302 1372 4362 castellum
1401 4302 1694 4361 miserabili
1729 4309 1972 4376 incendio
1999 4302 2333 4376 conﬂagrat.
2356 4306 2571 4375 Insigne
2621 4304 2919 4374 exemplum
2948 4302 3306 4376 ﬁdelitatisoin
3331 4303 3624 4372 dominum,
3674 4314 3724 4358 ει

536 4368 818 4430 εὴὰιίιαείε
842 4368 923 4430 ’ἐπ’
940 4378 1140 4431 hostem
1180 4376 1459 4447 cujusdam
1488 4377 1741 4446 pastoris,
1775 4392 1869 4445 per
1898 4368 2036 4446 quod
2065 4368 2502 4446 sira'topedarclta
2533 4392 2651 4429 rcus
2685 4368 2985 4445 maiestatis
3026 4371 3338 4427 absolvitur.

537 4491 742 4546 Diebus
782 4489 1011 4547 omnino
1059 4506 1156 4547 sex
1222 4492 1293 4547 ab
1331 4492 1534 4562 oppido
1591 4501 1815 4559 recepto
1862 4489 2030 4560 Apris
2064 4491 2114 4552 D

464 4591 860 4645 commoratus.
898 4584 1134 4653 septimo
1187 4583 1256 4639 ad
1299 4583 1575 4640 Garellam
1610 4593 1790 4638 castra
1823 4585 2032 4653 posuit.

464 4673 626 4728 Cives
677 4673 793 4728 sive
832 4673 982 4743 quod
1039 4677 1338 4745 caeteroqui
1389 4676 1782 4745 imperatorem
1839 4673 2039 4745 dilige-

467 4773 629 4828 rent,
685 4765 798 4819 sive
844 4764 992 4835 quod
1039 4765 1336 4835 Apriorum
1363 4767 1511 4822 malo
1551 4766 1708 4820 docti
1755 4773 2037 4837 saperent,

465 4855 632 4911 simul
676 4855 894 4910 invitati
935 4868 1085 4921 sunt,
1133 4858 1187 4913 in
1223 4858 1343 4929 ejus
1378 4858 1542 4914 fidem
1570 4859 1801 4928 pacifica
1851 4868 2039 4914 trans-
2086 4893 2088 4895 ›

423 4945 679 5001 ~ierunt.
716 4945 934 5013 Quibus
980 4949 1161 5018 ample
1182 4950 1374 5021 gratiis
1419 4951 1628 5015 relatis,
1684 4949 2039 5006 Rhmdestum

465 5037 731 5106 perrexit.
822 5037 1160 5096 Dedentibus
1215 5056 1277 5095 se
1327 5041 1557 5110 perinde
1643 5041 2037 5108 Rhmdestinis,

465 5129 744 5184 declarato
775 5130 882 5186 illis
903 5145 1129 5201 quoque
1157 5131 1374 5187 ardenti
1406 5131 1791 5224 benefaciendi
1829 5133 2036 5198 studio,

466 5223 853 5295 Sergenlzium
909 5241 1239 5297 progressus
1291 5235 1396 5282 est.
1451 5227 1571 5294 Quo
1622 5226 1787 5282 etiam
1832 5241 1891 5282 se
1929 5227 2068 5281 tra-'

466 5315 653 5382 dente,
686 5317 793 5373 iter
823 5317 1131 5389 Selybriam
1179 5319 1478 5384 convertit,
1525 5317 1868 5389 Sclybrianis
1914 5332 2042 5386 pro-

466 5417 589 5478 pter
615 5409 774 5464 fidem
813 5426 946 5482 erga
972 5418 1052 5478 se,
1077 5427 1106 5465 a
1134 5412 1404 5467 militibus
1443 5410 1761 5482 Byzantinis
1791 5425 1892 5477 per
1921 5409 2041 5462 hic-

467 5516 610 5554 mem
656 5501 796 5557 fines
837 5517 1030 5558 eorum
1085 5503 1525 5565 incursantibus,
1569 5500 1923 5557 detrimentis
1954 5499 2037 5554 af-

467 5590 646 5658 fectis,
691 5593 893 5663 gratias
937 5604 1188 5661 acturus,
1237 5604 1295 5650 et
1345 5593 1613 5650 beneficia
1655 5606 2034 5649 remensurus.

473 5681 606 5736 Urbi
660 5686 1234 5758 apprOpinquantibus
1277 5686 1484 5756 placuit
1523 5685 1593 5739 ab
1624 5685 1784 5755 equis
1814 5684 2042 5739 descen-

469 5773 622 5838 dere.
655 5785 711 5830 et
747 5791 913 5846 super
949 5777 1120 5833 herba
1153 5777 1315 5832 viridi
1349 5775 1634 5845 paululum
1661 5775 2032 5843 requiescere.

2215 4489 2317 4555 Ἐξ
2343 4489 2399 4542 δὲ
2427 4491 2660 4562 ἡμέραις
2685 4490 2825 4559 μετὰ
2855 4489 2955 4558 τὴν
2997 4487 3200 4543 ἅλωσιν
3255 4488 3726 4560 ἐνστρατοπεδευ-

2145 4583 2373 4652 σάμενοι
2410 4583 2627 4651 Ἀπρῳ,
2662 4584 2728 4652 τῇ
2769 4581 2972 4650 ἑϐδόμῃ
3030 4581 3264 4648 ἄραντες
3291 4579 3720 4649 ἐστρατοπέδευ-

2145 4691 2245 4734 σαν
2281 4676 2340 4727 ιν
2372 4671 2637 4747 Γαρέλλῃ.
2672 4673 2735 4728 Ui
2781 4671 2988 4740 ταύτην
3019 4672 3075 4728 δὲ
3103 4671 3416 4736 οἰκοῦντες,
3449 4670 3566 4724 είτε
3629 4674 3724 4725 καὶ

2144 4764 2404 4829 εὐνοϊκῶς
2431 4765 2765 4833 διακείμενοι
2806 4763 2943 4833 πρὸς
3000 4764 3095 4816 τὸν
3138 4764 3257 4817 νέον
3311 4763 3536 4833 βασιλέα
3563 4803 3578 4826 ,
3611 4765 3724 4818 είτε

2144 4857 2240 4910 καὶ
2261 4849 2410 4927 παρὰ
2447 4857 2559 4910 τῶν
2601 4856 2844 4928 Ἀπρίων
2871 4855 3210 4924 διδαχθέντες
3241 4857 3568 4926 σωφρονεῖν.
3603 4856 3722 4924 ἅμα

2145 4946 2222 5018 τῷ
2281 4947 2694 5018 προσκληθῆναι
2747 4947 3185 5018 προσεχώρησαν
3237 4947 3319 5016 τῷ
3346 4948 3451 5018 νέῳ
3483 4947 3721 5016 βασιλεῖ,

2146 5043 2242 5094 καὶ
2299 5041 2604 5110 παρέδοσαν
2641 5041 2870 5102 ἑαυτοὺς
2915 5040 3142 5109 ἀμαχεί.
3201 5039 3433 5102 Πολλαῖς
3473 5041 3531 5092 δὲ
3563 5041 3722 5108 ἀμει-

2141 5130 2385 5202 ψάμενος
2416 5133 2617 5196 αὐτούς
2641 5135 2670 5186 ό
2708 5131 2966 5202 βασιλεὺς
3011 5131 3376 5202 εὐεργεσίαις,
3413 5133 3552 5200 ἄρας
3581 5133 3713 5184 ἐκεῖ·

2144 5227 2256 5291 θεν,
2296 5222 2460 5296 ἦλθεν
2489 5227 2570 5286 είς
2611 5225 2938 5280 Ῥαιδεστόν.
2977 5225 3500 5296 Προσχωρησάντων
3527 5223 3586 5274 δὲ
3627 5225 3721 5276 καὶ

2153 5315 2570 5384 Ῥαιδεστηνῶν,
2607 5315 2730 5367 ἐπεὶ
2766 5314 2858 5368 καὶ
2890 5315 3030 5384 πρὸς
3073 5313 3273 5374 αὐτοὺς
3305 5312 3405 5383 τὴν
3458 5314 3539 5376 είς
3567 5313 3633 5366 τὸ
3655 5313 3718 5366 εὖ

2143 5411 2317 5462 ποιεῖν
2345 5405 2668 5473 ἐπεδείξατο
2692 5406 3028 5476 φιλοτιμίαν,
3049 5403 3212 5476 ἦλθεν
3229 5407 3308 5467 είς
3340 5405 3404 5457 Σε
3414 5405 3609 5474 ργέντζ
3615 5420 3716 5458 ιον·

2144 5501 2641 5572 προσχωρήσαντος
2670 5499 2728 5553 δὲ
2759 5502 2854 5554 καὶ
2877 5498 3070 5562 αὐτοῦ,
3101 5499 3204 5568 τὴν
3240 5497 3376 5568 πρὸς
3407 5495 3718 5566 Σηλυϐρίαν

2143 5593 2250 5665 ᾔεις
2285 5592 2693 5662 Σηλυϐριανοὺς
2724 5584 2798 5645 ὧν
2853 5591 3018 5648 ἕνεκα
3044 5593 3143 5661 τῆς
3183 5591 3264 5652 είς
3301 5589 3466 5642 αὐτὸν
3501 5588 3717 5650 εὐνοίας

2145 5685 2297 5755 παρὰ
2327 5687 2426 5755 τῆς
2468 5687 2531 5738 ἐκ
2563 5684 2859 5748 Βυζαντίου
2918 5684 3184 5756 στρατιᾶς
3231 5680 3572 5752 ὲζημίωνται
3621 5678 3714 5733 τοῦ

2146 5771 2412 5843 χειμῶνος
2475 5771 2573 5843 τὴν
2605 5772 2792 5846 χώραν
2823 5775 3271 5845 κατατρεχόντων
3295 5812 3310 5836 ,
3370 5769 3714 5848 εὐεργεσίαις
