4136 6288
497 338 604 403 919

1679 343 1994 403 JDANNIS
2033 344 2562 406 CAN'I'ACUZENI

3649 337 3759 404 220

497 456 724 510 confuse
769 454 1222 512 vociferantibus.
1272 456 1443 512 Totus
1487 459 1788 514 exercitus.
1838 457 2066 526 ipseque

2187 453 2510 523 ὃλοφυρμοὺς
2537 452 2840 522 ἐτράποντο
2875 452 2969 504 καὶ
2995 451 3276 519 οἰμωγάς·
3304 449 3396 503 καὶ
3413 445 3484 521 ἦν
3503 450 3758 521 δακρῦων

501 552 801 619 imperator
822 567 947 606 cum
981 550 1238 613 ducibus.
1279 551 1492 606 caeteris
1531 551 1883 620 posthabitis,
1908 550 2069 619 oppi-v

505 643 698 698 dulum
731 642 1234 704 circumsistebant.
1278 641 1344 696 ad
1402 642 1836 698 succurrendum
1870 642 2068 710 parati.

504 736 660 802 Quod
693 752 817 792 cum
853 735 1148 803 nequirent
1173 734 1302 803 (jam
1356 735 1630 803 siquidem
1689 735 1828 804 ignis
1885 736 2070 794 omnia

501 829 730 884 aediﬁcia
765 828 1212 896 depascebatur),
1249 826 1353 894 ipsi
1385 842 1605 894 quoque
1637 842 1747 895 pne
1781 827 2073 882 commise-

503 921 719 973 ratione
772 919 1457 987 ﬂetum‘nan‘lenebam.
1508 918 1766 974 Flammls
1792 918 2070 989 absumpti

505 1021 633 1064 sunt
664 1010 730 1064 de
765 1011 828 1064 iis
854 1010 946 1078 qui
981 1011 1188 1063 deforis
1225 1025 1326 1078 per
1359 1026 1575 1064 murum
1609 1027 1668 1066 se
1702 1012 2069 1082 ingesserant,

503 1118 637 1160 sex:
675 1117 739 1154 ex
776 1101 1184 1156 habitatoribus
1232 1112 1415 1156 autem
1483 1103 1721 1164 femina},
1777 1106 1959 1174 pueri.
2015 1114 2074 1160 et

502 1192 823 1262 grandiores
860 1191 987 1246 natu
1021 1203 1132 1246 tres
1167 1201 1223 1247 et
1254 1193 1444 1262 viginti
1499 1209 1665 1263 supra
1695 1203 1954 1259 centum;
1990 1195 2076 1248 iu-

504 1302 670 1352 super
727 1287 1051 1353 animantes,
1107 1296 1166 1341 ct
1223 1288 1433 1356 reliqua
1485 1305 1572 1344 res
1631 1289 1915 1344 familiaris
1963 1287 2068 1360 91

503 1388 951 1448 quantacunque.

573 1557 694 1611 Non
743 1556 1096 1612 mediocriter
1145 1557 1252 1614 hoc
1295 1559 1474 1614 alieno
1497 1559 1798 1615 infortunio
1847 1571 2078 1618 mmstns

506 1647 825 1717 imperator,
880 1648 1184 1720 Selybriam
1234 1651 1316 1704 ire
1361 1651 1580 1710 institit.
1639 1651 1732 1706 ubi
1786 1652 2078 1708 transactis

505 1751 744 1806 quorum
777 1753 941 1793 causa
966 1748 1216 1802 venerat,
1243 1739 1599 1809 Chariopolin
1627 1736 1913 1806 remeavit,
1941 1742 2074 1796 mis-

419 1839 432 1852 ‘
509 1829 834 1898 sionemque
866 1822 1019 1884 dedit
1047 1833 1338 1897 exercitui,
1365 1833 1513 1886 mille
1544 1833 1688 1902 apud
1711 1849 1772 1888 se
1804 1835 2073 1890 retentis:

505 1921 775 1977 mandans
813 1924 890 1976 uti
930 1922 1216 1992 praeﬁnitis
1251 1925 1472 1990 diebus,
1504 1910 1818 1996 quanquam
1848 1943 1959 1982 non
1987 1943 2078 1983 ar-

505 2013 714 2076 cessiti,
763 2029 958 2070 rursus
1010 2013 1290 2071 adessent.
1341 2016 1543 2072 Verum
1599 2035 1828 2088 magnus
1879 2028 2080 2075 strato-

504 2103 780 2174 pedarcha
854 2103 1217 2176 Paiaeolugus,
1285 2107 1597 2178 Rhodopes
1623 2109 2078 2179 pmfecturarum

505 2192 639 2259 dux,
678 2196 916 2251 creditas
961 2197 1067 2252 sibi
1111 2198 1278 2254 nrbes
1303 2215 1498 2256 omnes
1549 2203 1986 2273 exercitumque,
2018 2211 2080 2258 ut

509 2300 678 2367 supra
717 2286 1286 2356 demonstravimus,a
1310 2291 1531 2362 juniore
1577 2293 1643 2348 ad
1673 2295 1950 2350 seniorem
1980 2296 2082 2360 ima

507 2386 816 2444 peratorem
863 2388 1137 2442 avertere,
1182 2382 1510 2452 animosque
1559 2383 1836 2454 subigere,
1893 2395 1948 2440 et
2010 2385 2125 2440 ad‘

513 2467 681 2534 hujus
723 2471 1053 2541 obsequium
1109 2471 1379 2529 inclinare
1430 2476 1652 2545 potuit:
1686 2492 1856 2531 unum
1895 2486 2079 2533 autem

505 2564 795 2629 quemdam
820 2579 1022 2632 genere
1049 2565 1286 2630 Dacumr
1303 2568 1619 2635 pecuarium
1650 2569 1787 2639 (98),
1825 2571 2082 2642 Syrmpa-

507 2667 640 2706 num
689 2653 978 2716 vocabulo.
1028 2656 1269 2712 fortunis
1309 2668 1558 2723 exutum.
1591 2664 1738 2729 quod
1783 2663 1970 2730 nepoti
2003 2662 2084 2717 fa-

508 2745 685 2800 veret,
726 2747 1018 2807 postquam
1064 2756 1209 2810 saepe
1262 2742 1413 2797 illum
1467 2743 1744 2801 fustuario
1801 2747 2080 2815 multavit,

510 2831 651 2886 duos
676 2831 840 2886 etiam
870 2832 1064 2890 dentes
1104 2833 1368 2893 radicitus
1397 2839 1660 2904 excussit,
1696 2838 2083 2910 maxillamque

512 2916 658 2992 ferro
706 2922 960 2977 candenti
1017 2926 1346 2982 inurendam
1398 2929 1633 2991 curavit,
1680 2946 1782 2986 nec
1822 2946 1952 2986 eum
2006 2942 2087 2987 ta-

513 3025 635 3064 men
669 3027 696 3064 a
729 3010 834 3066 [ide
887 3022 1259 3071 transversum
1300 3034 1464 3088 agere
1507 3021 1700 3086 valuit,
1736 3037 1862 3077 cum
1911 3025 2086 3078 mani-

2173 545 2323 612 ἀξιον
2351 547 2418 600 ’τὸ
2445 546 2728 615 γινόμενον
2747 582 2765 610 ,
2817 542 3124 613 ἀνθρώπων
3151 541 3290 610 ὁμοῦ
3331 542 3427 594 καὶ
3476 541 3646 611 βοσκη
3657 543 3758 610 ad.

2172 657 2280 692 των
2327 640 2424 692 ἐπὶ
2457 641 2524 710 τῇ
2565 637 2762 692 καύσει
2795 635 3048 707 βοώντων
3071 651 3131 688 τε
3181 634 3279 688 καὶ
3314 634 3752 704 ὀλοφυρομένων.

2188 731 2252 785 Ἦ
2275 731 2507 804 στρατιὰ
2529 729 2586 784 δέ
2617 731 2767 787 πᾶσα
2795 730 2889 782 καὶ
2909 726 3167 798 βασιλεὺς
3210 725 3371 788 αὐτὸς
3402 725 3519 793 ἅμα
3563 727 3676 787 τοῖς
3699 726 3758 778 ἐν

2171 822 2316 876 τέλει
2343 821 2454 874 τῶν
2473 821 2649 875 ἄλλων
2668 820 3068 890 ἀμελήσαντες,
3105 817 3476 886 περιέστησαν
3504 815 3566 869 τὸ
3581 815 3754 884 φρού-

2176 930 2290 984 ριον
2326 910 2770 982 προθυμούμενοι
2799 907 3040 979 βοηθεῖν,
3069 909 3144 978 μὴ
3181 906 3473 975 δυνάμενοι
3505 906 3562 961 δὲ
3596 907 3760 977 (πάν-

2172 1019 2282 1056 των
2314 1002 2424 1072 γὰρ
2461 1001 2561 1071 ἤδη
2603 1001 2898 1054 ἐπελάϐετο
2949 1000 3010 1052 τὸ
3044 996 3220 1068 πῦρ),
3257 998 3339 1058 είς
3372 998 3606 1067 θρήνους
3646 995 3755 1050 ὑπὸ

2176 1092 2524 1163 συμπαθείας
2565 1093 2884 1162 ἐτράπησαν
2932 1093 3027 1144 καὶ
3072 1089 3250 1147 αὐτοί.
3313 1091 3645 1144 Ἀνᾶλωνται
3699 1090 3758 1141 δὲ

2176 1163 2284 1238 ὑπὸ
2315 1182 2410 1237 τοῦ
2457 1182 2649 1253 πυρὸς,
2686 1183 2794 1235 ἀπὸ
2825 1182 2926 1251 μὲν
2981 1183 3092 1236 τῶν
3131 1181 3330 1246 ἔξωθεν
3374 1181 3757 1242 εἰσελθόντων,

2174 1273 2263 1338 ἓξο
2302 1274 2560 1340 γυναῖκες
2591 1272 2649 1324 δὲ
2705 1271 2802 1324 καὶ
2850 1272 3039 1334 παῖδες
3074 1272 3171 1324 καὶ
3223 1272 3274 1324 οι
3317 1270 3511 1340 ἔξωροι
3548 1268 3657 1323 τῶν
3692 1269 3756 1322 τὸ

2175 1368 2378 1439 χωρίον
2421 1367 2842 1429 κατοικούντων,
2887 1365 3034 1435 τρεῖς
3063 1363 3160 1419 καὶ
3186 1365 3360 1418 εἴκοσι
3405 1365 3502 1418 καὶ
3529 1358 3757 1426 ἑκατὸν,

2177 1458 2272 1514 καὶ
2303 1459 2630 1528 βοσκήματα
2657 1456 2810 1527 καὶὴ
2855 1456 2991 1526 άλλη
3025 1456 3339 1526 περιουσία,
3376 1457 3474 1509 ὅσα
3501 1451 3593 1526 ἦν.

2262 1549 2533 1620 Ἐλύπησε
2553 1548 2654 1617 μὲν
2683 1547 2777 1602 οὖν
2806 1549 2868 1601 οὐ
2902 1548 3144 1618 μετρίως
3173 1548 3234 1600 τὸ
3256 1547 3497 1600 τοιοῦτον
3527 1547 3760 1616 πάθημα

2178 1642 2272 1696 τδν
2312 1638 2563 1711 βασιλέα.
2617 1639 2887 1701 Ἀναστὰς
2933 1637 2992 1692 δὲ
3021 1638 3256 1703 ἐκεῖθεν,
3290 1633 3456 1706 ἦλθεν
3487 1641 3564 1700 εἰς
3592 1632 3762 1706 Σηλυ-

2182 1734 2382 1804 ϐρίανο
2441 1734 2537 1784 καὶ
2573 1725 2650 1787 ὧν
2703 1733 2872 1788 ἕνεκα
2928 1726 3063 1802 ἦλθε
3122 1731 3568 1801 διαπραξάμενος
3618 1733 3759 1795 ἐκεί,

2179 1825 2541 1890 ἐπανὲζευξεν
2575 1826 2655 1886 τις
2683 1823 3079 1892 Χαριούπολιν,
3107 1824 3199 1877 καὶ
3224 1824 3436 1877 διέλυσε
3468 1824 3567 1892 τὴν
3599 1841 3764 1894 στρα-

2190 1918 2313 1970 τιάν
2354 1916 2495 1985 πλὴν
2546 1914 2737 1985 χιλίων
2772 1913 2866 1978 οὓς
2906 1914 3167 1978 ἐπέταξεν
3201 1914 3351 1984 αὐτῷ
3387 1917 3666 1975 συνεῖναι,
3703 1916 3763 1968 ἐν

2180 2009 2421 2080 ἡμέραις
2503 2011 2694 2079 ῥηταῖς
2747 2006 3016 2071 κελεύσας
3073 2006 3238 2064 πάλιν
3295 2007 3566 2077 ἀκλήτους
3623 2008 3764 2072 πρὸς

2181 2101 2340 2155 αὐτὸν
2373 2100 2712 2154 ἐπανελθεῖν.
2763 2099 2825 2152 '0
2861 2098 3046 2168 μέντοι
3084 2098 3196 2152 τῶν
3241 2098 3383 2152 κατά
3428 2099 3531 2167 τὴν
3586 2099 3768 2150 Ῥοδό-

2181 2211 2292 2263 πην
2366 2192 2654 2263 ἐπαρχιῶν
2712 2189 3024 2261 στρατηγὸς
3077 2190 3449 2259 Παλαιολόγος
3499 2193 3527 2244 ό
3589 2191 3766 2259 μέγας

2182 2287 2695 2358 στρατοπεδάρχίης,
2735 2284 2834 2349 τὰς
2881 2283 2973 2336 ὑπ’
3015 2283 3183 2338 αὐτὸν
3217 2286 3404 2347 -πάσας
3457 2285 3638 2344 πόλεις
3668 2285 3766 2336 καὶ

2181 2381 2280 2452 τὴν
2309 2381 2598 2450 στρατιὰν,
2631 2377 2822 2447 ὥσπερ
2853 2377 3094 2447 ἔφημεν,
3144 2377 3254 2432 ἀπὸ
3301 2376 3394 2431 τοῦ
3427 2377 3553 2430 νέου
3603 2378 3765 2444 βασι-

2182 2475 2320 2537 λέως
2380 2475 2514 2543 πρὸς
2555 2473 2647 2526 τὸν
2710 2472 3085 2542 πρεσϐύτερον
3146 2471 3488 2542 ἀποστήσας,
3543 2470 3766 2523 πάντων

2187 2570 2290 2641 μὲν
2313 2569 2506 2638 ἰσχυσε
2537 2567 2632 2620 καὶ
2665 2566 2767 2634 τὰς
2789 2565 3015 2634 γνώμας
3041 2564 3528 2638 παραστήσασθαι,
3559 2567 3654 2618 καὶ
3683 2565 3766 2634 τῷ

2185 2661 2544 2732 πρεσϐυτέρῳ
2579 2658 2790 2728 βασιλεῖ
2815 2660 2998 2712 πείσαι
3037 2657 3346 2728 προσέχειν.
3379 2657 3520 2712 Ἕνα
3565 2657 3620 2710 οέ
3655 2657 3766 2708 τῶν

2185 2755 2295 2807 ἀπὸ
2343 2752 2437 2806 τοῦ
2488 2749 2727 2805 Δακικοῦ
2777 2752 2974 2819 γένους
3030 2749 3241 2819 νομάδα
3269 2749 3597 2819 Συρμπάνον
3625 2748 3766 2800 ὠνο-

2188 2845 2486 2916 μασμένον,
2545 2843 2653 2896 τῶν
2704 2843 2876 2897 ὅντων
2929 2843 3313 2912 ἀποστερήσας
3368 2843 3453 2894 ὅτι
3517 2841 3597 2908 τῷ
3653 2841 3768 2910 νέῳ

2185 2938 2513 3006 προσέκειτο
2550 2935 2784 3006 βασιλεῖ,
2821 2934 3048 2997 πολλαῖς
3094 2951 3154 2987 τε
3205 2933 3417 2996 αἰκίαις
3452 2932 3766 2997 ὑποϐαλὼν,

2185 3028 2281 3083 δύο
2308 3045 2368 3080 τε
2411 3026 2524 3080 τῶν
2567 3026 2799 3080 ὀδόντων
2854 3025 3187 3095 ἐκριζώσας,
3233 3025 3330 3078 καὶ
3381 3025 3482 3096 τὴν
3527 3025 3769 3096 παρειὰν

513 3103 594 3156 cis
635 3103 688 3158 in
736 3107 1040 3160 custodiam
1092 3108 1260 3163 dedit.
1310 3110 1439 3166 lude
1478 3129 1601 3167 cum
1630 3115 1922 3184 aliquando
1949 3114 2084 3170 ell'u-

2189 3119 2547 3184 κατακαύσας
2577 3119 2805 3189 σιδήρῳ,
2844 3119 2921 3183 ὡς
2951 3119 3053 3171 οὐκ
3073 3117 3297 3187 ἴσχυσεν
3329 3116 3636 3188 ἀποστῆσαι
3669 3109 3767 3170 τοῖν

512 3194 700 3264 gisset.
765 3198 1012 3268 aliosque
1053 3211 1303 3269 pastores
1354 3204 1526 3258 armis
1584 3205 1922 3262 militaribus
1981 3223 2084 3262 nu-

2195 3213 2316 3266 νέου
2351 3211 2644 3282 βασιλέως,
2675 3209 2972 3281 καθείρξας
3020 3203 3166 3278 εἶχεν
3197 3209 3300 3261 ὑπὸ
3335 3207 3573 3287 κλοιοῖς..
3595 3201 3768 3269 Οὗτος

513 3289 615 3342 dos
643 3291 777 3360 (99),
823 3308 1020 3364 magno
1065 3295 1169 3350 sibi
1199 3311 1431 3352 numero
1477 3299 1787 3366 aseivisset,
1819 3313 1872 3356 et
1912 3303 2084 3372 copiis

2192 3304 2258 3376 δή
2321 3303 2418 3358 τοῦ
2462 3302 2846 3374 δεσμωτηρίου
2901 3302 3022 3355 τότε
3081 3300 3326 3372 διαδρὰς,
3388 3301 3484 3354 καὶ
3532 3300 3768 3362 πολλοὺς

514 3391 582 3436 ad
629 3382 991 3454 Pala-ologum
1029 3389 1397 3442 coercendum
1449 3406 1517 3445 eo
1560 3392 1745 3467 missis
1811 3409 1871 3449 se
1914 3393 2093 3450 immi-

514 3475 768 3539 scuisset,
810 3477 865 3530 in
920 3478 1275 3548 Rbodopeios
1323 3481 1624 3538 ferebatur.
1669 3483 1773 3550 Qui
1820 3495 1980 3541 erant
2031 3487 2090 3542 in

517 3567 760 3635 Oppidis,
788 3579 1082 3626 cernentes
1120 3581 1366 3641 agrestes
1418 3560 1707 3632 universos
1779 3588 1973 3635 contra
2027 3595 2089 3636 se

519 3662 886 3727 conspiratos,
920 3669 977 3713 et
1045 3644 1448 3718 instantem'ac
1481 3675 1822 3734 prementem
1857 3669 2091 3739 impera-

521 3749 657 3803 toris
684 3753 1010 3819 exereitum,
1032 3755 1401 3825 timentesque
1429 3773 1497 3812 ne
1529 3759 1786 3815 intestina
1819 3763 2090 3820 seditione

517 3842 752 3898 excitata
824 3847 1213 3915 pessnmircnt,
1269 3860 1601 3905 commutata
1668 3856 1942 3909 sententia
2014 3857 2082 3912 ad

518 3949 646 3990 eum
685 3951 746 3990 se
777 3939 1152 4004 contulerunt,
1181 3939 1539 4012 vinctumque
1564 3943 1759 3999 ducem
1801 3945 1860 4001 in
1895 3957 2089 4004 custo-

520 4028 608 4082 dia
631 4037 738 4082 tam
790 4029 882 4083 diu
925 4032 1264 4097 habuerunt,
1291 4035 1469 4103 quoad
1509 4051 1570 4090 re
1603 4037 1880 4092 intellecta
1908 4039 2089 4109 impe-

520 4129 673 4175 rator
699 4121 768 4177 de
790 4132 1104 4178 eocertum
1139 4135 1408 4182 statueret
1445 4145 1458 4181 :
1499 4126 1599 4194 ipsi
1631 4142 1756 4184 cum
1778 4129 2089 4200 Syrmpano

519 4215 588 4270 ad
626 4217 780 4274 illum
823 4217 1054 4286 profecti
1103 4227 1270 4283 sunt;
1308 4234 1435 4286 pars
1469 4221 1818 4290 ut'p'rtestita:
1850 4223 2091 4280 benevo—

521 4309 706 4364 lentiae
760 4311 1046 4378 pra'mium
1129 4311 1729 4381 adipisceretur:pars
1795 4313 2091 4384 (quotquot

519 4402 781 4456 nimirum
829 4417 859 4455 a
900 4403 1118 4456 seniore
1159 4402 1312 4471 prius
1343 4404 1633 4472 steterant)
1669 4414 1729 4457 ut
1756 4403 1940 4460 delicti
1965 4422 2092 4476 gra-

2192 3400 2415 3468 ἐτέρους
2455 3397 3017 3469 προσεταιρισάμενος
3052 3395 3292 3466 νομάδας
3321 3383 3536 3464 ψιλοῦς,
3573 3396 3669 3448 καὶ
3695 3399 3766 3466 τῇ

2193 3492 2344 3562 παρά
2387 3491 2482 3544 τοῦ
2520 3488 2662 3543 ’νέου
2714 3489 2983 3559 βασιλέως
3033 3487 3291 3542 ἐνταυθοῖ
3335 3486 3649 3558 πεμφθείσῃ
3688 3487 3769 3554 τῷ

2191 3582 2548 3652 Παλαιολόγφ
2584 3581 2851 3651 πολεμεῖν
2899 3579 3179 3650 συμμίξας
3237 3580 3486 3650 στρατιᾷ,
3539 3581 3771 3632 ἐπέθετο

2191 3677 2304 3738 τοῖς
2343 3675 2402 3728 ἐν
2439 3677 2506 3745 τῇ
2556 3672 2806 3745 Ῥοδόπῃ.
2852 3672 3127 3743 Ὀρῶντες
3153 3671 3210 3723 δὲ
3251 3671 3302 3723 oi
3337 3673 3395 3724 ἐν
3423 3673 3545 3734 ταῖς
3578 3671 3770 3724 πόλεσι

2191 3765 2319 3828 τούς
2350 3782 2410 3818 τε
2451 3765 2696 3834 ἀγρότας
2727 3763 3218 3834 ἐκπολεμωθέντας
3249 3764 3435 3826 αὐτοῖς
3462 3762 3597 3833 ὁμοῦ
3631 3762 3772 3817 πάν-

2189 3874 2312 3924 τας,
2360 3857 2477 3914 καὶ,
2505 3858 2606 3927 τὴν
2649 3857 2913 3928 στρατιὰν
2939 3855 3327 3926 ἐπικειμένην,
3357 3855 3454 3909 καὶ
3483 3855 3768 3917 δείσαντες

2194 3949 2268 4019 μὴ
2320 3949 2416 4001 καὶ
2452 3947 2559 4001 τῶν
2591 3947 2743 4013 ἐνδον
2776 3947 3086 4001 ἀπόλωνται
3119 3947 3551 4011 στασιασάντων,
3601 3961 3773 4015 μετα-

2190 4039 2455 4102 ϐαλόντες
2487 4040 2824 4109 προσέθεντο
2850 4039 2930 4106 τῷ
2954 4038 3060 4108 νέῳ
3099 4039 3330 4107 βασιλεῖ.
3365 4038 3477 4091 Καὶ
3505 4039 3771 4106 δήσαντες

2188 4132 2280 4186 τὸν
2306 4133 2611 4204 στρατηγὸν
2636 4129 2785 4202 εἶχον
2813 4134 2872 4186 ἐν
2898 4135 3137 4204 φρουρᾷ,
3163 4134 3325 4202 ἄχρις
3357 4133 3422 4185 ἂν
3447 4135 3474 4185 ὁ
3507 4130 3767 4202 βασιλεὺς

2193 4225 2500 4295 πυθόμενος
2534 4225 2665 4294 περὶ
2692 4223 2859 4277 αὐτοῦ
2890 4224 3074 4294 ψῆφον
3109 4227 3331 4296 ἐνέγκῃ.
3367 4223 3441 4276 Αὐ
3454 4231 3538 4275 τοι
3564 4222 3609 4274 δ’
3644 4223 3767 4287 ἅμα

2197 4317 2519 4388 Συρμπάνῳ
2558 4312 2694 4388 ἧκον
2746 4317 2820 4381 ὡς
2856 4316 3106 4387 βασιλέα,
3141 4319 3190 4370 οί
3227 4317 3328 4385 μὲν
3359 4315 3772 4383 ἀποληψόμενοι

2192 4412 2330 4482 γέρα
2356 4410 2453 4478 τῆς
2488 4412 2571 4473 είς
2593 4411 2756 4463 αὐτὸν
2780 4411 2986 4474 ἐννοίας
3011 4453 3026 4478 ,
3059 4411 3176 4464 ὅσοι
3198 4411 3266 4476 ,δ’
3304 4405 3447 4480 ἦσαν
3501 4409 3775 4478 πρότερον
3855 4449 3867 4461 .

523 4492 659 4545 tiam
691 4491 1030 4560 impetraret.
1066 4491 1212 4558 Quos
1281 4492 1581 4562 imperator
1633 4502 1696 4547 ut
1740 4494 2004 4550 adversus
2035 4513 2084 4554 se

2197 4503 2276 4574 τῷ
2311 4505 2670 4576 πρεσϐυτέρῳ
2729 4504 3178 4576 προστεθειμένοι
3233 4503 3484 4574 βασιλεῖ,
3549 4502 3774 4570 ἐξαιτή-

527 4583 668 4639 bene
697 4585 957 4639 meritum
988 4584 1233 4654 ingratos
1255 4583 1442 4638 verbis
1478 4583 1737 4638 mollibus
1766 4586 2088 4656 castigavit:

522 4685 584 4732 et
609 4677 951 4746 praecipiens,
1005 4693 1073 4732 ne
1120 4677 1189 4732 de
1239 4685 1438 4732 cat-tero
1477 4675 1546 4730 ad
1617 4666 1982 4734 defectionem
2036 4690 2094 4738 et

480 4782 482 4785 ·
522 4777 930 4824 sacramentum
979 4769 1298 4824 violandum
1350 4769 1538 4824 faciles
1579 4781 1785 4835 essent,
1836 4771 2092 4829 oﬂ‘ensio—

524 4875 772 4930 numque
794 4861 1125 4916 oblivionem
1181 4863 1527 4933 promittens,
1555 4863 1712 4917 venia
1733 4873 1819 4918 est
1840 4865 2093 4934 imperti-

2203 4612 2388 4657 σοντες
2412 4593 2765 4666 συγγνώμην.
2797 4595 2855 4648 '0
2883 4596 3142 4667 βασιλεὺς
3168 4594 3224 4648 δέ
3257 4595 3362 4648 τῶν
3405 4595 3502 4663 μὲν
3531 4595 3777 4663 ἀφεστη-

2202 4685 2379 4740 κότων
2418 4685 2806 4757 καθαψάμενος
2860 4687 3098 4758 μετρίως
3124 4687 3199 4749 ὡς
3255 4687 3586 4754 ἀγνωμόνων
3642 4685 3774 4754 περὶ

2202 4777 2365 4831 αὐτὸν
2411 4773 2472 4830 εὖ
2519 4777 2796 4848 δράσαντα
2829 4781 3130 4845 φανέντων,
3166 4777 3551 4846 παραγγείλας
3584 4793 3643 4828 τε
3698 4775 3776 4845 μὴ

2203 4869 2443 4940 εὐχερεῖς
2471 4870 2720 4940 ξτιῆτρδς
2755 4873 2854 4932 τὰς
2889 4870 3227 4933 ἀποστασίας
3266 4869 3360 4923 καὶ
3388 4869 3486 4932 τὰς
3510 4866 3772 4938 ’παραϐά-

1750 4983 1965 5043 Jacobi
1999 4984 2263 5049 Pontani
2297 4995 2483 5048 notae.

596 5080 715 5153 (98)
754 5071 1000 5150 Νομάδαζ
1027 5080 1148 5153 Nox
1187 5081 1421 5137 Numida
1461 5083 1671 5140 Latinis
1701 5101 1810 5138 non
1838 5100 1934 5140 eos
1971 5094 2092 5139 tan-

527 5165 646 5211 tum
674 5151 924 5221 populos,
946 5151 1039 5224 qui
1065 5165 1273 5208 certam
1304 5153 1500 5224 Africae
1520 5165 1746 5223 partem,
1780 5155 2091 5212 Numidiam

527 5233 798 5287 vocatam,
860 5222 1180 5284 tenuerunt,
1239 5222 1533 5293 signiﬁcat,
1587 5227 1679 5293 qui
1729 5226 1875 5293 quod
1935 5227 2094 5281 initio

529 5293 870 5366 pastoritiam
918 5296 1085 5366 vitam
1121 5293 1396 5366 colebant,
1446 5295 1791 5366 hocnomen
1841 5297 2095 5351 obtinue-

529 5363 662 5420 runt
705 5381 719 5415 :
758 5379 958 5436 verum
1013 5365 1178 5436 etiam
1233 5363 1369 5436 alios
1412 5365 1661 5436 populos,
1707 5366 1799 5436 qui
1851 5367 2092 5436 pecuarii

525 5441 708 5492 erant.
741 5434 820 5489 Ac
851 5435 1100 5489 Numida:
1129 5434 1454 5488 vocabulum
1479 5434 1668 5490 Graeco
1695 5434 1962 5491 deﬂexum
1988 5443 2092 5501 est,

530 5507 585 5560 hi
626 5504 773 5560 enim
804 5506 990 5572 populi
1019 5504 1264 5574 Νομάδες
1296 5503 1576 5560 dicuntur.
1609 5505 1700 5562 Sic
1727 5506 1890 5560 etiam
1911 5505 2096 5558 Vitru-

531 5577 654 5630 vius
674 5576 880 5629 Arabes
903 5584 1084 5637 voeat,
1119 5575 1206 5630 his
1227 5574 1408 5646 verbis
1431 5593 1442 5628 :
1468 5574 1599 5629 Item
1624 5575 1810 5646 lappa:
1835 5578 1889 5630 in
1914 5575 2093 5646 Syria,

531 5647 834 5714 Arabiaque
871 5646 1251 5709 Numidarum,
1297 5643 1441 5700 lacus
1471 5653 1595 5699 sunt
1631 5643 1852 5701 immani
1889 5643 2097 5716 magni-

529 5717 733 5770 tudine;
758 5717 1028 5770 Nicander
1061 5733 1077 5769 :

607 5785 697 5853 Τῷ
723 5785 822 5853 μὲν
854 5787 1105 5854 Γερραῖοι
1131 5783 1377 5853 Νομάδες
1410 5785 1722 5855 χαλκήρεας
1765 5787 1982 5856 αἰχμάς.

2271 5088 2397 5144 Haec
2431 5088 2745 5156 Turnebus,
2780 5091 2876 5146 lib.
2927 5107 2964 5155 ι,
2988 5106 3107 5158 cap.
3154 5090 3246 5146 27.
3285 5089 3404 5146 Jam
3453 5088 3620 5158 igitur
3663 5105 3770 5157 qua

2201 5163 2425 5215 notione
2452 5159 2598 5215 hunc
2644 5161 2844 5215 Dacum
2889 5159 3110 5228 Νομάδα
3155 5164 3402 5214 nominet
3431 5159 3780 5217 intellexisti.

2201 5229 2506 5285 Nomadum
2535 5230 2733 5299 saepius
2761 5232 2922 5286 faciet
2953 5230 3312 5285 mentionem.

2275 5300 2383 5371 (99)
2443 5301 2651 5364 Ψιλοὺς
2700 5303 2792 5368 qui
2855 5301 3066 5355 scilicet
3117 5309 3318 5371 praeter
3367 5299 3629 5371 gladium.
3681 5308 3782 5371 aut

2201 5369 2390 5426 arcum
2435 5371 2574 5424 nihil
2621 5371 2891 5426 haberent
2927 5387 3241 5434 armorum;
3284 5370 3388 5424 hoc
3429 5369 3577 5423 enim
3632 5369 3780 5422 valet

2201 5457 2302 5495 vox
2367 5439 2574 5505 Grtcca,
2616 5450 2670 5495 et
2707 5439 2958 5501 ὁπλίταις
3011 5441 3156 5508 ψιλοὶ
3207 5448 3584 5508 opponuntur.
3635 5439 3782 5494 Puto

2197 5521 2379 5566 autem
2421 5514 2521 5564 bos
2545 5525 2650 5566 nec
2681 5511 2875 5565 leviter
2907 5510 3131 5577 quidem
3164 5510 3332 5564 fuisse
3363 5515 3623 5570 armatos,
3679 5510 3778 5562 sed

2198 5595 2310 5654 rem
2367 5579 2598 5654 gessisse
2641 5581 2906 5654 stipitibus
2955 5581 3451 5654 duris,_u_tdipmve
3511 5578 3783 5654 p_ra'_ustis.

2199 5659 2262 5774 ιιό
2292 5651 2346 5704 in
2370 5647 2446 5706 ἰτ
2496 5647 2721 5708 xEneid.
2754 5659 3004 5720 pastores
3051 5649 3228 5706 Latini
3272 5647 3464 5704 eontra
3509 5647 3786 5718 Trojanus

2199 5735 2226 5774 a
2272 5737 2454 5774 venas.
3184 5770 3196 5774 _

2198 5735 2454 5777 advenas.
