4136 6288
349 359 445 428 221
758 423 767 430 ,
1511 364 1928 427 HISTORIAR

2027 369 2048 427 Ι
2088 367 2318 429 LIBER
2351 369 2398 429 Ι.
3488 367 3598 430 2ἳ2

349 493 464 541 σεις
492 477 601 530 τῶν
631 475 810 547 ὅρκων
839 470 1001 530 εἶναι’
1040 476 1200 540 αὐτός
1230 495 1288 530 τε
1329 478 1698 547 ἀμνηστήσειν
1728 471 1800 530 ὧν
1817 477 1923 562 βύ-

2027 487 2135 543 tus,
2174 487 2230 532 et
2263 478 2425 547 paulo
2452 483 2574 544 post
2622 473 2939 529 humaniter
2964 473 3187 528 domum
3216 475 3370 531 abire
3407 476 3594 544 jussit.

356 571 466 630 τοῖς
509 567 828 638 ἡμάρτηται
878 568 1071 633 εἰπὼν,
1114 567 1315 636 ἠξίωσε
1368 567 1699 637 συγγνώμης
1729 607 1746 630 ,
1779 568 1922 637 μετὰ

2027 571 2127 636 Qui
2162 581 2346 624 autem
2403 571 2454 622 in
2506 568 2612 623 ﬁde
2663 567 3059 638 perstitissent,
3109 581 3206 621 eos
3240 582 3466 638 quoque
3496 587 3596 638 pro

355 658 554 728 μικρὸν
604 657 661 710 δέ
725 658 820 710 καὶ
858 657 919 710 εὖ
968 658 1226 727 ποιήσας,
1253 657 1436 711 οἴκαδε
1472 655 1736 720 ἐπέταξεν
1769 656 1924 708 ἀπιέ-

355 769 465 804 ναι.
502 752 642 814 Τοὺς
671 750 728 803 δὲ
751 753 817 821 τῇ
849 751 930 813 είς
956 750 1119 804 αὐτὸν
1145 750 1520 820 ἐμμείναντας
1546 749 1732 802 πίστει
1759 749 1924 802 ἐπαι-

356 844 518 905 νέσας
567 859 626 897 τε
680 843 800 911 ἅμα
849 844 944 896 καὶ
1013 843 1246 914 δωρεαῖς
1299 841 1676 912 ἀμειψάμενος
1732 841 1923 906 ἀξίως,

357 936 708 1000 ἐξαπέστειλε
737 937 840 1006 μὲν
874 937 1092 1000 αὐτοὺς,
1134 937 1444 1007 στρατηγὸν
1475 937 1658 998 αὐτοῖς
1687 935 1915 1005 ἐπιστή-

361 1045 460 1092 σας
485 1030 578 1081 τδν
610 1027 1039 1098 Ταρχανειώτην
1081 1029 1441 1098 δομέιιτικον,¹
1463 1024 1506 1096 ᾧ
1550 1028 1926 1097 ἐπετέτραπτο

363 1119 454 1172 τὸν
499 1119 673 1189 μέγαν
720 1118 1204 1189 στρατοπεδάρχην
1253 1118 1542 1188 δεσμώτην
1587 1119 1661 1182 ώς
1701 1119 1926 1186 βασιλέα

359 1210 700 1264 ἀποστεῖλαι.
733 1209 830 1273 Et;
851 1211 954 1279 τὴν
987 1211 1285 1280 ὑστεραίαν
1313 1210 1370 1264 δὲ
1403 1212 1432 1260 ό
1477 1210 1802 1279 Συρμπάνος
1835 1210 1928 1263 ἐπὶ

358 1303 451 1357 τοῦ
491 1302 759 1373 βασιλέως
799 1301 1084 1372 έστηκὼς,
1134 1302 1312 1356 ἐδόκει
1358 1301 1648 1370 βούλεσθαί
1687 1318 1741 1354 τι
1793 1303 1930 1371 πρὸς

361 1392 588 1462 βασιλέα
623 1393 817 1445 εἰπεῖν·
846 1393 1028 1456 συνεὶς
1051 1392 1111 1445 δὲ
1147 1395 1172 1446 ὸ
1203 1391 1481 1462 βασιλεὺς,
1518 1395 1571 1445 εἰ
1603 1410 1655 1444 τι
1689 1393 1930 1461 βούλοιτο

359 1485 578 1539 ἐκέλευε
617 1483 817 1552 λέγειν.
861 1483 922 1536 Ὀ
955 1483 1002 1536 δ’
1036 1483 1154 1554 ἅμα
1201 1484 1282 1554 τῷ
1312 1485 1726 1555 προσταχθῆναι
1792 1483 1931 1553 πρὸς

359 1572 632 1641 τοῦδαφος
689 1573 884 1626 ἐαυτὸν
935 1572 1287 1637 καταϐαλὼν,
1319 1576 1650 1644 συγγνώμης
1690 1573 1812 1644 ᾔτει
1840 1590 1932 1626 τυ·-

359 1667 498 1734 χεῑν,
534 1667 583 1718 εί
611 1663 862 1734 συϐώτης
908 1663 985 1717 ὣν
1035 1665 1450 1736 καὶξβάρϐαρος
1501 1667 1597 1719 καὶ
1647 1668 1929 1737 ἀγροῖκος,

360 1757 630 1826 ἐτόλμησε
677 1756 1019 1826 φθέγξασθαί
1068 1774 1124 1810 τι
1176 1758 1314 1826 πρὸς
1353 1758 1596 1828 βασιλέα.
1642 1759 1747 1812 Τοῦ
1780 1758 1934 1828 βασι-

360 1848 500 1910 λέως
539 1847 596 1902 δέ
651 1848 1055 1918 προστάξαντος
1119 1849 1302 1918 λέγειν
1365 1849 1640 1904 δεδοικότα
1705 1850 1874 1919 μηδὲν
1907 1891 1922 1913 ,
1959 1831 2001 1885 Β

362 1940 505 2008 ὑπὲρ
535 1937 630 1992 τού
660 1939 896 2009 μεγάλου
924 1939 1094 1992 ἐδεῖτο
1133 1940 1629 2010 στρατοπεδάρχου,
1658 1939 1800 1993 ὥστε
1837 1941 1931 1994 καὶ

361 2029 528 2082 αὐτὸν
551 2029 638 2099 ἐφ’
685 2026 765 2093 οἷς
799 2032 878 2092 εἰς
905 2029 1134 2100 βασιλέα
1192 2029 1409 2100 ἥμαρτε
1458 2033 1586 2092 τοὺς
1639 2029 1781 2083 κατὰ
1833 2031 1932 2101 τήν

374 2120 634 2184 Ῥοδόπην
671 2119 1010 2190 ἀποστήσας,
1037 2121 1223 2189 τυχεῖν
1257 2118 1606 2190 συγγνώμης.
1639 2119 1747 2172 Τοῦ
1779 2119 1932 2188 βασι-

355 2215 496 2278 Ιλείως
547 2215 606 2268 δὲ
647 2213 914 2284 ἐρομένου
967 2217 1014 2267 εί
1071 2215 1208 2284 πρὸς
1248 2215 1592 2285 είρωνείανή
1631 2213 1768 2285 πρὸς
1800 2214 1932 2283 ἁλή-

361 2308 516 2359 θειαν
540 2308 725 2376 τυχεῖν
758 2306 952 2384 δεῖξται⁹
989 2306 1018 2357 ό
1066 2306 1111 2358 δ’
1138 2307 1345 2374 ἔφασκε
1376 2347 1390 2372 ,
1445 2306 1588 2376 Πρὸς
1639 2305 1929 2376 ἀλήθειαν·

363 2401 458 2452 καὶ
491 2400 654 2469 ὅρκον
688 2398 997 2468 προσετίθει
1043 2399 1278 2462 πίστεως
1314 2401 1493 2470 χάριν*
1528 2400 1647 2454 δέον
1685 2401 1730 2452 δ’
1768 2396 1928 2464 εἶναι,

361 2491 419 2545 εἴ
445 2508 500 2544 τι
531 2491 628 2546 καὶ
655 2492 895 2562 ἥμαρτε,
918 2493 1267 2564 προσήκοντα
1305 2492 1443 2562 πρὸς
1468 2492 1657 2559 γένους
1701 2491 1931 2561 ἀξιῶσαι

364 2582 714 2654 συγγνώμης.
756 2583 1106 2652 Ἐπιλέλησαι
1150 2582 1218 2650 δ’,
1248 2582 1472 2654 εἴρηκεν
1519 2578 1678 2645 αὖθις
1715 2585 1744 2636 ὁ
1774 2583 1929 2652 βασι-

361 2674 509 2739 λεὺς,
563 2676 662 2728 ὅσα
719 2691 779 2727 σε
827 2675 1118 2746 εἴργασται
1167 2674 1358 2740 κακὰ,
1411 2676 1795 2746 ἀποστερήσας
1833 2675 1932 2746 μὲν

359 2768 470 2821 τῶν
502 2765 697 2830 ὄντων,
747 2767 845 2820 καὶ
880 2765 1089 2820 παίδων
1146 2765 1244 2819 καὶ
1296 2767 1578 2834 γυναικὸς,
1609 2765 1692 2819 ἔτι
1733 2767 1795 2822 δι
1838 2769 1932 2821 καὶ

361 2858 588 2911 ὀδόντων
636 2859 838 2922 αὐτῶν,
883 2859 1103 2920 πολλαῖς
1151 2876 1211 2912 τε
1252 2859 1462 2922 αἰκίαις
1507 2859 1816 2924 καταξάνας
1872 2859 1932 2913 τὸ

365 2951 547 3020 σῶμα,
579 2951 675 3004 καὶ
703 2951 856 3011 τέλος
908 2950 1098 3021 ὥσπερ
1143 2950 1268 3004 τινὰ
1306 2951 1415 3004 τῶν
1467 2953 1558 3004 ἐπὶ
1601 2951 1931 3025 δεινοτάτῳς

363 3042 684 3096 ἑαλωκότων
742 3042 843 3110 τὴν
888 3043 1124 3110 παρειὰν
1186 3043 1542 3106 κατακαύσας
1604 3044 1806 3114 σιδήρῳ
1855 3045 1932 3108 ὡς

2022 661 2285 732 dignitate
2363 661 2703 716 collaudatos
2753 667 2808 713 et
2870 658 3032 713 donis
3083 659 3314 715 donatos
3368 661 3599 724 dimisit,

2022 753 2161 808 duce
2218 754 2326 808 illis
2386 755 2642 823 praelecto
2689 747 3054 806 Tarclianiota
3118 753 3448 818 domestico,
3506 755 3596 807 cui

2025 844 2341 899 mandatum
2367 854 2504 908 erat,
2541 846 2620 899 uti
2648 861 2904 915 magnum
2942 844 3453 915 stratopedarcham
3497 846 3601 898 im—

2023 936 2262 1006 peratori
2293 937 2536 990 vinctum
2581 937 2828 990 mitteret
2851 975 2865 998 ,
2901 951 3086 990 coram
3137 951 3250 1004 quo
3299 935 3474 990 altero
3507 936 3598 991 die

2025 1037 2210 1082 astans
2260 1026 2620 1098 Syrmpanus,
2648 1029 2942 1098 quidpiam
2987 1027 3140 1082 illum
3188 1029 3326 1082 velle
3371 1029 3599 1083 videba-

2026 1126 2138 1174 tur.
2175 1119 2296 1185 Quo
2341 1119 2744 1184 animadverso,
2794 1120 2916 1182 Dic,
2963 1119 3062 1180 ait,
3121 1118 3169 1174 si
3215 1118 3346 1188 quid
3397 1119 3590 1173 habes.

2027 1208 2364 1280 Syrmpanus
2393 1209 2578 1264 statim
2612 1225 2671 1265 se
2697 1211 2849 1264 humi
2884 1211 3154 1280 abiiciens
3181 1221 3386 1278 petere,
3416 1211 3596 1266 utsibi

2029 1302 2430 1373 ignosceretur,
2470 1301 2579 1372 92
2643 1302 2689 1356 si
2749 1302 3036 1366 subulcus,
3091 1311 3149 1357 et
3205 1303 3492 1364 barbarus,
3540 1311 3600 1356 et

2030 1391 2277 1447 rusticus
2333 1390 2723 1460 imperatorem
2793 1390 2963 1446 verbo
3011 1391 3286 1460 appellare
3342 1391 3595 1446 auderet.

2028 1482 2224 1539 Iussus
2276 1490 2332 1537 ut
2385 1483 2534 1536 omni
2574 1481 2767 1537 timore
2817 1481 3069 1551 deposito
3120 1483 3462 1551 loqueretur,
3501 1499 3602 1550 pro

2035 1588 2234 1643 magno
2263 1572 2712 1642 stratopedarcha
2759 1589 2917 1628 orare
2977 1573 3215 1643 occepit,
3261 1582 3332 1627 ut.
3367 1574 3415 1629 ei
3473 1574 3600 1643 ipsi,

2031 1666 2177 1735 quod
2231 1664 2638 1734 Rhodopeiosa
2673 1664 2780 1718 llde
2833 1665 2888 1718 in
2963 1665 3251 1718 dominum
3283 1681 3444 1718 suum
3503 1665 3606 1719 ab-

2032 1757 2297 1815 duxisset.
2349 1757 2746 1826 ignosceretur.
2797 1754 3198 1810 Percunctante
3245 1757 3601 1823 imperatore,

2033 1850 2401 1912 simulatene,
2446 1863 2515 1903 an
2570 1862 2700 1903 vere
2764 1858 2819 1902 et
2858 1863 2926 1901 ex
2984 1847 3169 1901 animo
3231 1847 3306 1901 ita
3363 1855 3602 1916 rogret,

2035 1940 2193 2005 Vere,
2227 1939 2432 2010 inquit;
2487 1947 2544 1993 et
2579 1939 2646 1994 ad
2707 1940 3182 1993 conﬁrmationem
3223 1937 3598 2006 juramentum

2031 2033 2266 2102 adjecit;
2316 2031 2660 2100 addiditque,
2712 2045 2777 2084 ex
2851 2028 3030 2082 olllcio
3081 2043 3227 2093 esse,
3283 2042 3597 2096 quanquam

2031 2135 2335 2196 peccasset,
2375 2133 2555 2177 tamen
2601 2131 2664 2177 ut
2699 2129 2936 2191 cognato
2981 2121 3196 2174 veniam
3229 2136 3338 2174 non
3373 2134 3596 2188 negare.

2034 2217 2272 2272 Rursum
2323 2217 2620 2284 imperator
2650 2231 2665 2268 :
2695 2216 2778 2268 An
2825 2223 2880 2267 tu
2936 2213 3142 2268 oblitus
3175 2227 3253 2276 es,
3294 2212 3519 2281 quibus,
3545 2219 3605 2265 et

2031 2318 2166 2380 quot
2218 2308 2376 2362 tnalis
2410 2308 2501 2362 ille
2544 2318 2597 2362 te
2639 2305 2999 2380 mactaverit?
3041 2305 3187 2358 Bona
3223 2305 3344 2369 tibi,
3373 2305 3597 2370 liberos,

2030 2378 2088 2457 et
2122 2415 2345 2456 uxorem
2383 2399 2608 2469 eripuit,
2657 2378 2852 2452 dentes
2893 2397 3158 2460 excussit,
3199 2397 3372 2466 plagis
3405 2396 3599 2449 multis

2031 2507 2236 2562 corpus
2279 2501 2434 2546 tuum
2481 2490 2823 2554 dilaceravit,
2855 2488 2924 2542 ad
2957 2497 3267 2544 extremum
3319 2487 3597 2541 maxillam

2029 2585 2200 2652 ferro,
2228 2591 2290 2639 ut
2312 2583 2784 2639 atrocissimorum
2827 2580 3098 2636 scelerum
3131 2579 3415 2642 damnato,
3447 2589 3604 2634 ustua

2028 2677 2184 2738 lavit,
2225 2691 2291 2731 ac
2326 2682 2590 2744 perpetua
2619 2673 2878 2730 cicatrice
2917 2673 3222 2728 deformem
3253 2673 3501 2740 reliquit.
3533 2667 3593 2726 ln

2030 2785 2266 2830 summa,
2293 2767 2450 2832 cedo,
2484 2766 2617 2836 quid
2650 2775 2703 2820 te
2727 2765 2919 2829 movit,
2956 2779 3016 2820 ut
3043 2766 3164 2834 eius
3211 2780 3430 2819 causam
3469 2779 3600 2833 ag"-

1992 2861 2160 2923 _res?
2189 2857 2349 2928 ’Quid
2403 2874 2534 2914 vero
2576 2859 2772 2930 majus,
2815 2858 3015 2926 inquit,
3057 2873 3221 2927 quam
3273 2857 3366 2924 qui
3427 2855 3596 2925 paulo

2031 2963 2160 3007 ante
2193 2952 2246 3006 in
2287 2952 2460 3006 servis
2516 2950 2666 3006 illius
2718 2949 3068 3015 censebatur,
3120 2963 3246 3002 eum
3301 2963 3449 3002 nunc
3503 2947 3598 3001 Dei

2030 3059 2316 3110 concessu,
2367 3058 2433 3098 ac
2490 3051 2584 3096 tuo
2627 3056 2855 3096 munere
2933 3042 2988 3094 in
3051 3049 3254 3095 tantam
3293 3039 3600 3094 claritatem

365 3137 501 3205 μηδὲ
557 3136 656 3198 τὰς
696 3134 861 3197 οὐλὰς
901 3134 1283 3204 ἐξαλειφθῆναι
1334 3135 1629 3202 δύνασθαι;
1681 3137 1818 3200 ὅλως
1874 3138 1928 3191 δέ

2035 3136 2245 3202 venire,
2271 3143 2331 3188 ut
2359 3133 2748 3203 deprecatione
2778 3147 2875 3186 sua
2903 3131 3070 3186 etiam
3103 3140 3368 3200 cognatos
3415 3130 3592 3199 impe-

361 3227 415 3280 τί
461 3243 524 3279 σε
554 3225 615 3280 τὸ
659 3227 853 3278 πεῖσάν
885 3227 1052 3291 ἐστιν,
1085 3225 1225 3294 ύπέρ
1266 3226 1475 3279 ἐκείνου
1505 3227 1752 3294 δεῖσθαι;
1786 3229 1851 3283 Τί
1881 3230 1926 3284 δ’

361 3323 430 3378 ἂν
486 3322 571 3389 εἴη
617 3319 824 3388 μεῖζον,
871 3318 1129 3387 ἔφασκεν,
1181 3312 1226 3372 ὦ
1269 3319 1592 3391 βασιλεῦ,ή
1649 3319 1743 3372 τὸν
1776 3321 1929 3378 οὔπω

361 3414 488 3486 χθὲς
517 3414 614 3467 καὶ
647 3411 842 3483 πρώην
891 3413 950 3464 ὲν
1000 3414 1110 3473 τοῖς
1141 3411 1486 3465 δουλεύουσιν
1511 3414 1706 3484 ἐκείνῳ
1737 3430 1930 3481 τεταγ-

363 3506 562 3574 μένον,
608 3487 706 3556 νῦν
751 3503 832 3566 είς
875 3502 1126 3556 τοσοῦτον
1181 3503 1341 3574 ήκειν
1377 3505 1759 3576 περιφανείας,
1789 3504 1926 3558 Θεοῦ

359 3599 456 3650 καὶ
487 3595 606 3661 σοῦ,
640 3594 888 3672 βασιλεῦ,
925 3594 1384 3665 εὐηργετηκότος,
1436 3595 1512 3658 ὡς
1545 3597 1638 3648 καὶ
1668 3596 1794 3661 τοὺς
1832 3597 1928 3666 βα-

361 3688 504 3741 σιλεῖ
548 3688 929 3758 προσήκοντας
983 3689 1124 3740 κατά
1174 3687 1334 3754 γένος
1377 3687 1710 3752 ἐξαιτεῖσθαι
1765 3688 1926 3742 δύνα-

361 3779 510 3845 σθαι,
538 3777 633 3832 καὶ
659 3779 768 3832 τῶν
799 3778 1264 3849 προσδοκωμένων
1295 3779 1660 3832 ἀπαλλάττειν
1695 3779 1922 3846 κακῶν;

358 3871 658 3939 Θαυμάσας
681 3870 784 3922 δέό
811 3870 1068 3938 βασιλεὺς
1099 3870 1198 3941 τὴν
1231 3872 1324 3924 ἐπὶ
1373 3873 1486 3935 τοῖς
1525 3877 1715 3936 κακοῖς
1748 3875 1928 3944 ἀμνη-

359 3962 516 4013 στίαν
547 3961 640 4014 τοῦ
696 3960 992 4032 βαρϐάρου,
1026 3962 1087 4015 El
1143 3961 1207 4015 σύ
1261 3979 1348 4032 γε,
1401 3963 1526 4034 ἔφη,
1559 3965 1794 4036 τοσαῦτα
1828 3966 1924 4019 ὑπ’

357 4053 520 4106 αὑτοῦ
566 4051 850 4121 ἀδικηθεὶς
892 4053 992 4106 καὶ
1046 4055 1230 4118 κακῶς
1271 4055 1479 4122 παθὼν,
1530 4055 1804 4127 βάρϐαρος
1849 4057 1924 4112 ὢν

357 4147 448 4198 καὶ
481 4142 686 4212 φαῦλος
723 4143 822 4212 τὴν
869 4145 1063 4213 τύχην,
1114 4149 1225 4208 τοῖς
1255 4147 1523 4210 ἐναντίοις
1571 4147 1775 4221 ἀμείϐῃ
1802 4150 1925 4202 ὅσον

349 4239 533 4303 ἔξεστι
559 4238 730 4291 ποιῶν
772 4233 855 4301 εὖ,
885 4237 995 4291 οὐδ’
1042 4239 1142 4307 ἐμὲ
1180 4239 1393 4293 δίκαιον
1436 4240 1781 4312 μετριώτερα
1812 4243 1926 4296 ἀδι-

357 4330 617 4398 κηθέντα,
672 4328 902 4398 βασιλέα
951 4345 1011 4381 τε
1064 4327 1230 4395 δντα,
1265 4331 1639 4403 ἀπαραίτητον
1687 4333 1922 4403 ὀφθῆναι

359 4423 494 4490 πρὸς
543 4422 746 4492 ὀργήν,
801 4422 997 4475 Τοίνυν
1036 4423 1132 4476 καὶ
1186 4423 1286 4492 τῆς
1325 4427 1426 4496 σῆς
1475 4425 1714 4490 ἱκετείας
1761 4427 1924 4480 ἕνεκα

2033 3229 2236 3284 ratoris
2263 3226 2560 3282 formidato
2585 3224 2856 3293 supplicio
2876 3223 3122 3277 eximat?
3161 3221 3456 3276 Admirans
3492 3223 3598 3274 im-

2031 3330 2274 3392 perator,
2319 3317 2400 3372 sic
2427 3331 2553 3371 eum
2584 3315 2799 3368 delesse
2846 3313 3171 3382 iniuriarum
3216 3313 3541 3366 mentorum
3585 3327 3600 3364 :

2031 3411 2086 3467 Si
2119 3419 2200 3476 tu,
2232 3409 2332 3475 ait,
2387 3415 2496 3461 tam
2543 3405 2729 3475 iniqua
2775 3412 2838 3458 et
2892 3402 3113 3458 infanda
3154 3403 3223 3458 ab
3259 3403 3352 3458 illo
3377 3419 3592 3472 passus,

2029 3506 2195 3560 homo
2221 3503 2513 3565 barbarus,
2545 3508 2696 3552 sorte
2730 3497 2972 3562 iniimus,
3013 3496 3187 3550 nili-ilo
3215 3496 3396 3550 minus
3421 3513 3600 3565 quan-

2031 3607 2144 3651 tum
2193 3596 2251 3650 in
2279 3605 2333 3650 te
2371 3601 2478 3657 est,
2507 3591 2647 3646 mala
2697 3589 2857 3644 bonis
2888 3603 3232 3658 compensas,
3261 3603 3348 3642 me
3380 3590 3596 3644 minora

2026 3703 2267 3759 passum,
2303 3694 2360 3742 et
2385 3686 2792 3754 imperatorem,
2825 3681 3214 3736 inexorabilem
3243 3681 3379 3734 iram
3411 3681 3600 3736 fovere

2027 3795 2139 3834 non
2190 3778 2369 3833 decet.
2420 3776 2593 3846 Igitur
2634 3775 2718 3828 vel
2776 3784 2826 3827 te
2866 3765 3225 3842 deprecatore
3260 3772 3314 3825 in
3343 3787 3428 3826 me
3454 3788 3592 3826 com-

2028 3871 2194 3923 missa
2232 3867 2536 3936 negligens,
2585 3879 2714 3918 ecce
2767 3863 2981 3916 veniam
3042 3863 3121 3916 illi
3177 3863 3383 3917 tribuo.
3445 3863 3597 3916 Actis

2026 3959 2238 4030 gratiis,
2262 3965 2318 4010 et
2349 3955 2545 4008 iterum
2584 3953 2895 4021 iterumque
2930 3953 3095 4006 dictis
3121 3952 3440 4020 imperatori
3471 3953 3594 4006 lau-

2027 4051 2211 4111 dibus,
2233 4045 2500 4102 barbarus
2520 4045 2704 4098 denuo
2727 4043 2860 4112 petit
2893 4061 2906 4097 :
2940 4058 3134 4110 nempe
3163 4053 3224 4096 ut
3255 4043 3400 4097 idem
3446 4054 3594 4098 stra-

2027 4139 2363 4210 t0pedarclia
2407 4152 2512 4192 nec
2534 4136 2766 4198 honore,
2796 4148 2900 4188 nec
2957 4133 3247 4199 reditibus,
3286 4149 3390 4189 nec
3429 4135 3596 4192 bonis

2027 4234 2398 4306 imperatoriis
2417 4229 2657 4288 exc-idat.
2678 4229 2914 4284 Tantum
2945 4228 3186 4283 studium
3213 4243 3337 4298 erga
3366 4229 3590 4283 utixium

2028 4329 2261 4399 amplius
2293 4326 2603 4396 suspiciens
2649 4322 2970 4391 imperator,
3015 4321 3180 4376 etiam
3234 4323 3338 4376 hoc
3370 4323 3592 4385 annuit;

2027 4431 2084 4477 et
2130 4420 2312 4475 adhuc
2355 4417 2424 4472 ad
2468 4411 2637 4486 pedes
2663 4415 2786 4486 ejus
2812 4413 3040 4483 jacenti,
3087 4413 3465 4468 testimonium
3498 4413 3586 4468 da-

354 4513 423 4564 τὰ
456 4512 825 4581 ἡμαρτημένα
855 4512 1132 4582 παρορῶν,
1168 4513 1312 4576 ἀξιῶ
1347 4495 1702 4586 συγγνώμης.
1742 4516 1922 4588 Εὐχα-

2032 4523 2099 4569 tm
2137 4511 2313 4569 veniae
2367 4511 2424 4565 in
2475 4507 2701 4578 pittacio
2741 4515 3048 4571 exaratum,
3073 4514 3129 4560 et
3160 4514 3219 4559 ut
3249 4521 3365 4559 mos
3391 4514 3497 4573 est,
3536 4507 3596 4558 li—

357 4601 622 4671 ριστήσας
653 4601 710 4654 δὲ
755 4602 784 4653 ό
816 4601 1096 4673 βάρϐαρος
1125 4604 1220 4656 ἐπὶ
1247 4603 1480 4668 τούτοις,
1517 4608 1614 4658 καὶ
1660 4609 1920 4673 πολλάκις

353 4693 757 4763 ἐπευφημήσας
810 4693 902 4746 τὸν
952 4692 1202 4763 βασιλέα,
1263 4695 1356 4748 καὶ
1417 4697 1680 4767 δευτέραν
1736 4697 1921 4770 δέησιν

353 4784 697 4853 προσετίθει,
751 4783 812 4837 τὺ
843 4785 938 4839 τὸν
964 4787 1130 4840 αὐτὸν
1159 4788 1302 4858 μήτε
1349 4791 1448 4859 τῆς
1494 4790 1650 4856 ἀξίας
1681 4791 1918 4844 ἀποστε-

2029 4607 2118 4662 dei
2147 4621 2278 4676 ergo
2316 4599 2668 4672 imperatoris
2701 4613 2864 4653 manu
2912 4597 3096 4653 addita
3129 4597 3445 4666 praebetur:
3481 4613 3592 4666 quo

2028 4705 2275 4767 accepto,
2305 4693 2530 4765 vestigia
2554 4689 2899 4762 imperatoris
2925 4691 3298 4758 exosculatus,
3325 4707 3452 4748 cum
3489 4693 3588 4748 la:-

2031 4792 2148 4848 titia
2181 4787 2429 4843 recessit.

353 4877 588 4948 ρηθῆναι
629 4880 768 4948 μήτε
815 4877 926 4932 τῶν
963 4880 1244 4948 προσόδων
1293 4883 1388 4933 καὶ
1417 4881 1523 4936 τῶν
1554 4882 1772 4954 δωρεῶν
1804 4889 1911 4940 τῶν
1957 4884 2272 4960 βασιλικῶν.
2308 4883 2430 4935 Ἔτι
2458 4879 2514 4934 δὲ
2548 4879 2750 4948 μᾶλλον
2801 4877 2898 4949 τὴν
2945 4878 3086 4949 ύπέρ
3111 4877 3206 4932 τοῦ
3269 4878 3591 4950 ἠδικηκότος

353 4969 590 5042 σπουδὴν
619 4970 905 5041 θαυμάσας
926 4973 954 5025 ὁ
978 4971 1232 5041 βασιλεὺς
1260 4975 1355 5027 καὶ
1380 4973 1585 5046 ταύτην
1639 4981 1738 5049 τὴν
1793 4979 1978 5052 δέησιν
2016 4979 2279 5052 ἐπλήρου.
2321 4978 2441 5029 Ἔτι
2492 4975 2550 5027 δὲ
2601 4973 2770 5028 αὑτοῦ
2801 4973 2939 5044 πρὸς
2971 4975 3096 5038 τοὺς
3127 4973 3294 5036 πόδας
3325 4973 3590 5043 βασιλέως

350 5068 635 5137 κειμένου,
703 5068 771 5121 τὰ
811 5071 912 5138 τῆς
980 5069 1312 5141 συγγνώμης
1368 5073 1671 5145 γράμματα
1726 5076 2200 5149 διαχαραχθέντα,
2262 5075 2356 5129 καὶ
2401 5075 2468 5144 τῇ
2516 5071 2771 5142 βασιλικῇ
2819 5069 3166 5123 πιπωθέντα
3209 5071 3351 5139 χειρὶ
3400 5069 3592 5121 ἐπεδό-

351 5161 525 5230 θησαν
556 5159 729 5230 αὐτῷ’
761 5162 788 5214 ὃ
813 5160 870 5214 δὲ
919 5160 1122 5227 λαϐὼν,
1163 5163 1260 5215 καὶ
1284 5162 1383 5235 τὴν
1419 5167 1521 5234 γῆν
1556 5168 2046 5238 κατασπασάμενος
2079 5169 2167 5238 ἐφ’
2191 5162 2259 5240 ἦς
2306 5169 2334 5221 ὁ
2364 5165 2616 5237 βασιλεὺς
2643 5164 2912 5232 εἱστήκει,
2955 5161 3160 5232 χαίρων
3205 5159 3438 5229 ἀπῆλθε.

1670 5279 1778 5349 93
1813 5279 2038 5338 CAPUT
2081 5279 2271 5334 xxxr.

351 5367 437 5441 De
456 5363 834 5441 Thessalonica
873 5373 920 5418 et
947 5364 1290 5441 Cogstantino
1323 5367 1535 5441 despota
1567 5369 1741 5438 felices
1771 5372 1966 5426 nuntii.
1989 5373 2070 5424 Ad
2097 5373 2468 5441 imperatorem
2496 5369 2740 5441 monachi
2767 5368 2945 5419 habitu
2974 5367 3193 5441 indutus
3242 5350 3588 5441 perducitur:

419 5439 474 5510 in
505 5450 769 5510 carcerem
800 5433 1109 5510 (inungui
1135 5435 1341 5510 Xenam
1369 5433 1755 5510 impera'tricem
1785 5441 2130 5504 violaverant,
2147 5433 2439 5510 puniuntur
2463 5438 2682 5510 publice.
2709 5435 2938 5489 Lemnus
2968 5447 3035 5488 aa
3069 5433 3340 5510 juniorem
3380 5435 3575 5510 deficit.

421 5509 602 5585 {ferare
629 5505 824 5585 seniori
877 5503 1084 5558 auxilio
1123 5507 1410 5573 venientes,
1446 5503 1592 5560 'metu
1625 5508 1858 5577 junioris
1909 5503 2159 5578 verculsi,
2201 5511 2414 5562 domum
2463 5503 2691 5575 turpiter
2733 5503 3085 5559 revertuntur:
3140 5505 3373 5585 ugiunt
3419 5507 3581 5560 etiam

419 5575 688 5647 Byzantii.

419 5688 530 5763 Τῆς
562 5692 732 5761 αὐτῆς
771 5691 827 5744 δέ
873 5691 1086 5762 ἡμέρας
1132 5694 1196 5745 ἐκ
1226 5693 1627 5766 Θεσσαλονίκης
1675 5696 1904 5765 ἄγγελος

344 5784 520 5839 ἐλθὼν
546 5783 849 5854 ἀπήγγειλε
888 5783 1120 5854 βασιλεῖ,
1152 5784 1224 5850 ὡς
1253 5788 1492 5852 στάσεως
1527 5790 1582 5842 ἐν
1631 5790 1766 5857 αὐτῇ
1807 5807 1905 5857 va-

2083 5696 2286 5752 Eodem
2355 5693 2443 5748 die
2493 5693 2879 5749 Thessalonica
2958 5692 3186 5747 veniunt
3245 5693 3446 5759 nuntii,
3493 5694 3576 5750 fa-

2014 5789 2290 5846 ctionibus
2327 5786 2529 5844 ibidem
2565 5787 2726 5852 natis,
2767 5785 2833 5842 ab
2873 5801 2936 5842 co
2975 5793 3178 5842 stantes
3226 5787 3459 5856 vicisse,
3495 5806 3584 5844 ur-
