4136 6288
504 357 612 420 223

1673 347 2004 410 JOANNIS
2045 345 2579 406 (IANTACUZENI

3676 342 3788 404 224

509 472 744 540 bemque
779 468 858 524 illi
889 466 1211 539 subiecisse.
1243 462 1667 523 Constantinum
1700 462 1988 531 despotam
2026 460 2082 514 in

2212 460 2456 528 νομένης,
2504 458 2556 511 oi
2611 455 2691 526 τῷ
2752 457 2858 528 νέῳ
2904 455 3116 526 βασιλεῖ
3166 455 3554 526 προσκείμενοι
3590 458 3790 527 οὕπερ·

510 562 909 617 monasterium
940 560 1301 624 Chortaetum,
1358 558 1565 613 civitati
1619 556 1862 611 vicinum
1905 553 2098 608 confu-

509 658 673 726 gisse.
708 655 1164 723 comprehensum
1207 650 1458 706 custodia
1490 649 1750 704 detineri.
1789 647 2095 718 Imperator

510 739 802 796 confestim
835 740 1284 794 Thessalonicam
1319 738 1510 802 mittit,
1552 734 1646 808 qui
1680 737 1961 792 hominem
1999 737 2096 791 ad-

510 834 752 897 ducant;
787 833 942 899 prius
969 830 1292 900 jurejurand
1315 846 1347 884 ο
1380 830 1658 890 astrictos.
1693 845 1874 899 neque
1900 843 1958 882 se
1991 829 2095 883 de-

513 935 726 995 spotam
764 926 1064 984 occisuros.
1099 941 1277 994 neque
1309 925 1434 980 aliis
1451 924 1815 980 occidendum
1845 925 2084 995 permis-

517 1033 697 1072 suros.
729 1018 990 1080 Profecti,
1037 1018 1090 1072 in
1133 1018 1417 1073 schemate
1471 1019 1797 1082 monaStico,
1870 1033 1980 1085 quo
2038 1033 2098 1073 se

517 1110 708 1163 mortis
741 1120 888 1165 metu
918 1111 1219 1173 velaverat,
1268 1121 1564 1180 antequam
1614 1111 1694 1166 illi
1743 1110 2097 1165 Thessaloni-

514 1216 634 1254 cam
666 1202 990 1270 aspirarent,
1023 1201 1463 1272 Didymotiehum
1496 1203 1807 1272 perducunt
1837 1204 1936 1270 (1).
1969 1204 2102 1258 Pro-

515 1291 889 1356 qucsebantur
917 1308 1042 1346 eum
1077 1293 1656 1348 Thessalonicensium
1687 1304 1742 1348 et
1769 1296 1837 1349 de
1880 1303 2097 1358 senatu.

514 1393 570 1435 ct
601 1384 670 1438 de
707 1382 975 1438 militibus
1007 1385 1345 1454 complures.
1367 1394 1532 1454 atque
1559 1386 1725 1440 etiam
1756 1387 2004 1441 ecclesia:
2036 1387 2102 1440 il-

513 1475 623 1530 lius
656 1475 888 1531 antistes
944 1477 1210 1531 Jeremias
1234 1519 1250 1544 ,
1287 1477 1417 1532 item
1453 1463 1774 1532 Gerasimus
1801 1477 1971 1533 latine
2001 1478 2100 1548 (2).

521 1582 646 1635 qua:
680 1576 764 1620 est
798 1567 853 1621 in
907 1567 1050 1622 Atho
1081 1579 1274 1624 sancto
1309 1552 1493 1624 monte
1543 1570 1621 1639 (5)
1650 1571 1964 1640 praefectus.
1998 1561 2126 1628 Pa?

518 1674 639 1713 rum
663 1659 1004 1720 vero‘abl'uit,
1024 1659 1157 1728 quin
1173 1661 1468 1729 stipatores
1489 1661 1834 1730 imperatoris
1875 1663 2102 1719 audacia

518 1764 582 1803 ac
600 1749 782 1804 furore
796 1750 1022 1804 militari
1039 1750 1390 1819 despotam'in
1408 1751 1577 1806 frusta
1597 1754 2100 1820 concidissent,nisi

518 1841 672 1894 illum
696 1843 985 1909 praesentia
1009 1853 1104 1896 sua
1129 1843 2105 1917 imperatorconservasset.Pr:ccepit

521 1941 705 1985 autem
745 1932 797 1986 in
818 1947 1094 1988 carcerem
1125 1933 1285 1988 tradi.
1317 1934 1614 1989 Praeteritis
1645 1935 1839 1992 diebus
1871 1937 2099 2008 aliquot,

520 2023 750 2093 despota
773 2024 1052 2080 hominem
1095 2036 1307 2080 certum
1337 2029 1402 2080 ad
1445 2028 1830 2095 imperatorem
1862 2031 2104 2101 allegans

518 2113 724 2181 gratias
737 2113 867 2184 agit,
889 2117 1032 2183 quod
1049 2131 1105 2168 se
1122 2132 1150 2169 e
1169 2117 1419 2172 faucibus
1439 2118 1842 2189 fati-eripuerit:
1867 2129 1926 2174 et
1939 2122 2105 2177 simul

522 2216 696 2275 rogat,
729 2208 991 2277 quoniam
1022 2208 1184 2262 modo
1215 2209 1450 2279 quodam
1501 2225 1558 2266 et
1585 2213 1875 2268 occasione
1911 2229 2104 2269 mona-

525 2295 909 2350 chi'habitum
965 2299 1224 2368 cepisset,
1257 2299 1423 2353 etiam
1485 2301 1730 2370 legitima
1769 2306 2103 2360 monastices

521 2387 774 2442 instituta
806 2389 910 2444 sibi
943 2391 1169 2460 exsequi
1204 2391 1415 2452 liceret.
1444 2407 1511 2446 ne
1545 2403 1788 2454 coactus.
1813 2396 1906 2468 sed
1927 2396 2106 2453 libens

526 2496 656 2533 cum
689 2481 902 2550 cepisse
962 2483 1266 2556 videretur.
1305 2484 1612 2553 Imperator
1664 2488 1978 2555 suspicione
2021 2499 2105 2544 ta-

521 2583 667 2634 ctus,
699 2588 808 2626 non
829 2574 1104 2629 desiderio
1136 2575 1261 2629 vitae
1289 2577 1713 2643 commutandus,
1736 2579 1831 2632 sed
1867 2583 2106 2638 carceris

519 2663 788 2718 evadendi
837 2665 943 2719 hoc
977 2666 1046 2719 ab
1078 2682 1136 2720 se
1169 2667 1300 2736 peti,
1341 2670 1828 2737 metropolitanum
1887 2681 1945 2726 et
1980 2672 2106 2726 lau-

523 2770 598 2808 ηε
629 2757 942 2824 praefectum
971 2756 1315 2812 Gerasimum
1351 2759 1543 2825 mittit,
1577 2763 1669 2830 qui
1707 2763 1919 2828 dicant,
1949 2765 2102 2821 illum

525 2846 580 2898 in
640 2863 879 2915 praesens
911 2848 1058 2903 haud
1111 2833 1497 2906 convenientia
1547 2862 1755 2922 petere.
1788 2856 1944 2916 Nam.
1977 2874 2044 2912 ne
2075 2875 2105 2914 a

523 2939 848 2994 custodibus
877 2942 1145 2996 habeatur
1175 2944 1340 3006 male,
1365 2946 1460 2998 sed
1493 2946 1681 3014 quiete
1714 2950 1976 3016 potiatur,
2002 2952 2108 3006 hoc

525 3029 602 3084 illi
635 3047 961 3088 concessum
1007 3035 1077 3090 iri
1109 3050 1123 3088 :
1171 3037 1374 3092 dimitti
1409 3053 1555 3093 nunc
1599 3053 1630 3093 e
1670 3054 1894 3096 carcere
1926 3045 2079 3097 neuti

2200 550 2462 619 σχόντες,
2523 548 2929 620 Θεσσαλονίκην
2987 547 3397 617 περιεποίησαν
3465 549 3639 619 αύτῷ,
3695 551 3792 603 τὸν

2200 629 2466 709 δεσπότην
2539 640 2596 695 δὲ
2677 643 3092 696 Κωνσταντῖνον
3124 642 3228 702 είς
3289 641 3362 693 τδ
3413 643 3546 712 περὶ
3587 629 3790 710 ἀὐτὴν

2207 736 2638 804 φροντιστήριον
2668 734 2728 786 τὸ
2757 735 3064 804 Χορταίτου
3092 733 3388 811 διαδράντα
3417 736 3792 806 κατασχόντες

2198 827 2418 896 ἔχουσιν
2474 827 2534 879 ἐν
2596 827 2833 896 φρουρᾷ.
2894 825 2952 878 Ὀ
3011 827 3272 894 βασιλεὺς
3325 828 3384 881 δὲ
3438 829 3604 892 εὐθὺς
3662 833 3790 896 τοὺς

2206 921 2434 987 ἄξοντας
2485 918 2650 972 αὑτὸν
2707 917 2954 987 ἐπεμψεν
3010 921 3092 980 είς
3147 918 3578 989 Θεσσαλονίκην,
3605 921 3796 992 δρκοις

2207 1010 2478 1079 πρότερον
2511 1009 2711 1072 αὐτοὺς
2745 1007 3064 1079 κατασχὼν,
3101 1009 3176 1073 ὡς
3209 1008 3326 1062 οὔτ’
3356 1011 3510 1063 αὐτοὶ
3547 1013 3790 1080 ἑκόντες,

2201 1101 2316 1154 οὔθ’
2348 1100 2560 1170 ἑτέροις
2589 1103 3060 1172 παραχωρήσουσι
3097 1102 3191 1154 τὸν
3222 1101 3492 1174 δεσπότην
3523 1106 3789 1158 atroxth-

2203 1211 2314 1248 ναι·
2353 1195 2402 1247 οἶ
2438 1193 2535 1247 καὶ
2555 1193 2886 1256 ἀπελθόντες
2916 1194 3127 1266 ἤγαγον
3162 1192 3326 1246 αὐτὸν
3360 1197 3440 1258 εἰς
3473 1195 3792 1266 Διδυμότει-

2202 1305 2297 1357 χον
2343 1288 2596 1359 μοναχῶν
2629 1289 3012 1359 ἠμφιεσμένον
3057 1293 3268 1360 σχῆμα.
3317 1291 3686 1362 Περιεῦἀλετο
3730 1292 3790 1348 δὲ

2201 1379 2336 1432 αὐτὸ
2362 1379 2455 1436 καὶ
2497 1381 2629 1448 πρὶν
2663 1381 2865 1443 αὐτοὺς
2896 1384 2978 1444 εἰς
3014 1381 3422 1453 Θεσσαλονίκην
3459 1384 3635 1437 ἐλθεῖν
3674 1385 3790 1439 δέει

2203 1471 2300 1522 τοῦ
2356 1471 2434 1541 μὴ
2487 1471 2808 1526 ἀποθανεῖν.
2851 1473 3126 1542 Συνῆλθον
3161 1474 3219 1527 δὲ
3275 1475 3463 1538 αὐτοῖς
3513 1477 3651 1545 πρὸς
3698 1478 3791 1530 τὸν

2205 1563 2324 1615 νέον
2359 1564 2591 1633 βασιλέα
2623 1565 2732 1618 τῶν
2759 1564 3323 1640 Θεσσαλονικέωνκώ⁵
3351 1571 3448 1637 τῆς
3479 1572 3788 1640 συγκλήτου

2206 1655 2301 1704 καὶ
2335 1653 2435 1722 τῆς
2469 1655 2734 1722 στρατιᾶς
2763 1655 2971 1719 πολλοὶ,
2999 1656 3094 1708 καὶ
3119 1657 3146 1706 ό
3169 1657 3264 1726 τῆς
3291 1656 3415 1710 κατ’
3450 1659 3618 1728 αὐτὴν
3665 1661 3792 1714 Ἕκ-

2207 1744 2436 1814 κλησίας
2475 1747 2744 1816 πρόεδρος
2788 1747 3084 1817 Ἱερεμίας,
3137 1749 3234 1802 καὶ
3275 1749 3584 1820 Γερὰσιμος
3615 1753 3644 1806 ό
3689 1752 3794 1818 τῆς

2211 1841 2350 1892 κατὰ
2397 1838 2459 1892 τὸ
2496 1839 2646 1910 ἱερὸν
2677 1840 2804 1910 ὅρος
2847 1841 2939 1892 τὸν
2970 1841 3115 1894 Ἄθω
3157 1841 3526 1912 ἐξηγούμενος
3563 1845 3792 1912 λαύρας.

2217 1931 2284 1984 Ἠ
2322 1930 2422 1999 μέν
2445 1947 2526 1983 τοι
2553 1931 2686 2000 περὶ
2723 1931 2815 1984 τὸν
2840 1932 2961 1984 νέον
2995 1930 3338 2004 ἠθροισμένη
3374 1935 3601 2004 βασιλέα
3628 1953 3795 2008 στρα-

2208 2023 2321 2083 τιὰ.
2372 2023 2574 2094 ἀταξίᾳ
2622 2027 2997 2094 στρατιωτικῇ
3049 2027 3413 2095 χρησάμενοι,
3462 2027 3646 2094 ὀλίγου
3683 2030 3797 2081 δεῖν

2209 2115 2523 2183 κατέκοψαν
2570 2115 2636 2168 ἂν
2667 2115 2759 2168 τὸν
2798 2115 3094 2187 δεσπότην,
3131 2119 3179 2168 εί
3213 2117 3287 2187 μὴ
3327 2119 3492 2181 αὐτὸς
3523 2121 3799 2190 ἐῤῥύσατο

2208 2207 2402 2277 παρὼν
2445 2211 2472 2260 ό
2520 2208 2796 2278 βασιλεύς’
2835 2210 3089 2262 ἐκέλευσε
3137 2210 3192 2262 δὲ
3222 2211 3530 2280 εἱρχθῆναι.
3563 2213 3688 2264 Τισὶ
3733 2213 3793 2265 δέ

2211 2301 2440 2372 ὕστερον
2486 2302 2725 2374 ἡμέραις
2770 2303 2798 2354 ό
2843 2301 3114 2370 δεσπότης
3166 2303 3258 2357 διά
3305 2321 3451 2366 τινος
3491 2303 3664 2356 ἐδεῖτο
3695 2305 3795 2358 τοῦ

2209 2395 2329 2447 νέου
2374 2393 2660 2464 βασιλέως,
2705 2396 2820 2464 ἅμα
2850 2396 2946 2448 καὶ
2975 2381 3177 2458 πολλὰς
3209 2395 3442 2465 χάριτας
3475 2396 3794 2465 ὁμολογῶν.

2208 2489 2289 2540 ὅτι
2317 2486 2406 2554 ιδι’
2455 2487 2624 2541 αὑτὸν
2655 2489 2758 2540 οὐκ
2792 2487 3098 2557 ἐτεθνήκει,
3149 2487 3226 2550 ὠς
3256 2490 3374 2540 ἐπεῖ
3413 2487 3540 2541 καθ’
3577 2491 3795 2542 όττοιονι⁷

2209 2581 2403 2650 δὴτινα
2437 2579 2640 2649 τρόπον
2664 2579 2724 2632 τὸ
2747 2578 2853 2631 τῶν
2879 2577 3165 2648 μοναστῶν
3196 2578 3554 2647 περιεὸάλετο
3585 2567 3794 2649 σχῆμα.

2210 2674 2309 2725 καὶ
2365 2671 2433 2725 τὰ
2485 2672 2854 2741 νενομισμένα
2903 2671 2990 2722 ἐπ’
3043 2670 3194 2741 αύτῷ
3221 2671 3544 2741 τελεσθῆναι
3589 2675 3796 2734 πάντα,

2209 2764 2287 2826 ὡς
2340 2763 2407 2817 ἂν
2466 2763 2542 2834 μὴ
2591 2763 2774 2834 δοκοίη
2823 2761 2934 2833 βίᾳ,
2972 2761 3088 2815 ἀλλ’
3127 2762 3270 2816 ἐκὼν
3320 2764 3786 2833 περιδεδλῆσθαι.

2220 2855 2280 2907 ’0
2312 2855 2568 2926 βασιλεὺς
2589 2856 2646 2908 δὲ
2681 2856 3038 2918 ὑποπτεύσας
3073 2855 3150 2926 μὴ
3189 2854 3307 2926 βίου
3343 2855 3645 2925 μεταϐολῆς
3679 2858 3804 2908 ἐπι-

2209 2950 2399 3020 θυμίᾳ,
2431 2950 2546 3003 ἀλλ’
2581 2951 2700 3003 ὃπω
2762 2949 3059 3019 ἀπολυθείη
3117 2950 3192 3019 μὴ
3241 2950 3547 3021 εἴργεσθαι,
3574 2949 3804 3004 τοιαῦτα.

2211 3043 2406 3108 αἰτεῖν,
2459 3041 2553 3096 τόν
2607 3039 3018 3110 Θεσσαλονίκης
3083 3040 3306 3111 πέμψας
3368 3042 3803 3112 μητροπολίτην,

522 3138 686 3191 quam
732 3139 910 3192 posse.
945 3125 1179 3181 Proinde
1210 3125 1262 3180 id
1286 3143 1476 3197 rogare
1509 3139 1716 3197 parcat.
1757 3130 1826 3184 At
1872 3131 2104 3201 despota

2212 3135 2308 3188 xui.
2359 3133 2452 3187 τὸν
2504 3133 2606 3202 τῆς
2651 3132 2860 3202 λαύρας
2911 3131 3279 3203 ἐξηγούμενον
3323 3132 3654 3202 Γεράσιμον,
3702 3135 3805 3205 οὐχ

531 3215 683 3270 viros
735 3215 860 3270 illos
920 3226 1168 3272 sacratos
1227 3220 1608 3288 prehensans,
1674 3222 1818 3276 idem
1893 3225 2110 3282 enixius

523 3320 708 3372 orare,
742 3316 804 3360 ut
839 3308 930 3376 qui
966 3324 1075 3362 non
1111 3308 1412 3380 hypocrisi,
1471 3321 1565 3366 aut
1628 3313 1980 3380 necessitate,
2012 3315 2109 3370 sed

524 3399 750 3454 sincero
803 3400 988 3468 potius
1040 3402 1226 3456 animo
1275 3401 1382 3456 hoc
1415 3404 1538 3457 vita:
1586 3419 1760 3473 genus
1792 3405 2108 3476 delegisset.

526 3488 659 3556 Quae
686 3507 811 3545 cum
843 3493 908 3546 ad
942 3493 1328 3563 imperatorem
1355 3493 1651 3561 referrent,
1678 3496 1924 3566 ipsorum
1959 3498 2110 3553 arbi-

529 3581 638 3634 trio
666 3596 793 3635 eum
847 3581 1118 3650 permisit.
1176 3581 1380 3636 Eodem
1448 3594 1696 3654 tempore
1749 3585 2111 3642 Thessalonic

530 3691 593 3728 ea
624 3674 734 3746 94
761 3675 984 3730 adducti
1014 3683 1144 3730 sunt
1175 3675 1229 3730 in
1256 3675 1512 3742 vinculis,
1537 3679 1631 3748 qui
1681 3677 1914 3742 Xenam.
1941 3680 2118 3752 impe-

2220 3226 2538 3296 ἀρμόζοντα
2571 3227 2746 3279 αἰτεῖν
2775 3225 2942 3280 αύτδν
2982 3224 3302 3296 μεμήνυκεν
3344 3226 3402 3278 ἐν
3435 3225 3514 3294 τῷ
3545 3227 3802 3296 παρόντι.

2217 3319 2293 3373 Τὸ
2337 3321 2438 3391 μὲν
2472 3319 2583 3390 γὰρ
2636 3318 2712 3388 μὴ
2763 3321 2950 3381 κακῶς
2988 3319 3093 3371 ὑπὸ
3137 3318 3248 3371 τῶν
3279 3316 3664 3389 φρουρούντων
3698 3320 3809 3375 πάι

2219 3429 2389 3483 σχειν,
2423 3411 2539 3464 ἀλλ’
2573 3410 2890 3478 ἁναπαύλης
2948 3409 3281 3476 ἀπολαύειν,
3321 3411 3540 3476 ἐξέσται
3575 3427 3588 3442 ’
3631 3409 3694 3466 τὸ
3745 3412 3808 3466 δὲ

2219 3501 2561 3571 ἀπολυθῆναι
2597 3501 2698 3570 τῆς
2745 3500 3000 3570 εἱρκτῆς.
3062 3500 3324 3555 ἀδύνατον
3381 3502 3446 3554 τὸ
3491 3502 3586 3554 νῦν
3636 3497 3804 3557 εἶναι.

2221 3593 2311 3647 Διδ
2365 3594 2501 3662 μηδι
2560 3591 2789 3647 τοιαῦτα
2825 3592 3064 3647 δεῖσθαι.
3110 3591 3170 3646 Ὀ
3197 3592 3243 3644 δ’
3275 3592 3356 3644 ἔτι
3396 3594 3597 3662 μᾶλλον
3631 3595 3808 3648 ἐδεῖτο

2228 3688 2359 3757 περὶ
2396 3688 2506 3741 τῶν
2540 3685 2743 3752 αὐτῶν,
2775 3685 2884 3738 τῶν
2917 3685 3082 3754 ἱερῶν
3130 3685 3356 3740 ἐκείνων
3409 3686 3809 3757 ἐπιλαϐόμενος

1766 3794 1983 3857 Jacobi
2021 3799 2285 3864 Pontani
2325 3808 2515 3864 notua.

601 3908 679 3979 (1)
747 3909 824 3965 De
877 3911 1238 3974 perductione
1303 3912 1405 3967 ista
1466 3912 1808 3968 Constantini
1875 3913 2117 3980 despotaa

531 3980 1422 4065 Thessalonica.Didymotichnm.
1473 3994 1530 4037 et
1577 3999 1741 4065 causa
1775 3985 1917 4065 eius,
1966 3984 2112 4065 mili-

533 4060 647 4124 tum
683 4053 737 4124 in
769 4065 894 4124 eum
925 4051 1169 4124 fremitu,
1202 4063 1256 4107 et
1284 4069 1547 4116 carcere,
1597 4053 1668 4108 de
1716 4056 1918 4124 quibus
1959 4053 2114 4122 prin-

531 4120 869 4193 cipiohujus
899 4124 1098 4191 capitis
1126 4123 1300 4178 fusius
1336 4125 1448 4190 agit
1471 4120 1775 4193 Gregoras,
1814 4126 1910 4178 lib.
1962 4120 2058 4177 vin
2095 4141 2110 4177 :

535 4190 657 4254 liis,
687 4190 885 4259 inquit,
919 4190 1011 4246 sub
1042 4196 1225 4248 hiemis
1253 4199 1451 4248 exitum
1498 4190 1649 4258 actis,
1695 4198 1828 4249 veris
1872 4194 2027 4248 initio
2079 4212 2112 4248 a

532 4263 738 4315 seniore
767 4263 1084 4328 imperatore
1126 4265 1378 4322 triremis.
1420 4280 1538 4318 cum
1573 4265 1786 4318 arcanis
1825 4265 2015 4318 litteris
2045 4264 2115 4316 ad

535 4329 944 4405 Constantinum
974 4335 1246 4405 despolam
1287 4335 1536 4396 mittitur,
1569 4335 1757 4405 quibus
1785 4333 2111 4405 jubebattut

533 4402 718 4456 eadem
748 4405 870 4456 naui
899 4401 1086 4475 viginti
1111 4407 1342 4475 quinque
1371 4401 1803 4475 seditiosos,_rqui_
1832 4401 2108 4475 Thessalo-

535 4475 801 4526 nicensem
833 4471 1086 4542 populum
1126 4471 1207 4530 ad
1253 4471 1335 4528 res
1375 4489 1536 4527 novas
1572 4473 1867 4528 moiiendas
1917 4471 2111 4526 incita-

536 4550 677 4615 rmt,
707 4544 905 4597 vinctos
941 4545 1191 4600 mitteret.
1235 4546 1304 4598 At
1330 4543 1436 4606 illi,
1475 4545 1788 4615 priusquam
1816 4546 1910 4598 hoc
1937 4542 2108 4612 ﬁeret,

535 4614 772 4686 periculo
799 4632 893 4668 suo
921 4618 1151 4682 cognito,
1185 4615 1325 4670 clam
1355 4615 1548 4686 populo
1589 4615 1874 4686 concitato,
1907 4623 1954 4667 et
1997 4621 2114 4666 tur-

539 4683 682 4756 ribus
734 4687 1049 4756 conscensis,
1111 4703 1267 4740 sacra
1313 4683 1676 4756 tintinnabula
1733 4685 1974 4756 pulsant.
2031 4685 2117 4736 in-

540 4754 792 4827 choandw
819 4756 1093 4827 seditionis
1137 4759 1368 4827 signum.
1418 4755 1612 4810 Statim
1661 4754 1826 4826 igitur
1857 4772 2118 4812 concursu

539 4826 610 4897 ait
641 4825 776 4876 mdes
805 4825 1031 4897 despotic
1063 4825 1222 4894 Iacto,
1248 4829 1418 4896 ipsum
1444 4827 1654 4894 quidem
1686 4825 1790 4881 non
1814 4835 2122 4897 repererunt

541 4890 904 4960 tiirwmonitus
929 4890 1072 4968 enim
1097 4899 1149 4950 in
1181 4890 1354 4952 arcem
1389 4890 1788 4968 se'receperati,
1821 4890 1909 4953 sed
1944 4898 2119 4953 obvios

541 4979 774 5031 quosque
800 4967 997 5034 partim
1025 4969 1350 5040 occiderunt,
1388 4969 1586 5035 partim
1637 4969 1784 5022 bonis
1828 4973 2016 5040 ereptis
2061 4971 2119 5022 in

540 5049 806 5109 carcerem
833 5040 1192 5104 conjecerunt,
1226 5039 1544 5109 dejertisque
1567 5039 1823 5104 domibus,
1869 5039 1921 5093 et
1951 5041 2122 5094 omni-

539 5105 634 5157 bus
661 5108 840 5174 opibns
867 5110 1109 5178 direptis,
1152 5105 1298 5166 arcis'
1337 5105 1519 5179 portas
1566 5110 1931 5166 incenderunt.
1975 5111 2119 5182 Lege

539 5192 662 5243 qua:
695 5190 1023 5246 sequuntur.

617 5247 694 5312 (2)
726 5248 958 5304 Omissis
986 5253 1154 5307 lauraa
1193 5252 1515 5323 significatis
1563 5266 1683 5322 quae
1731 5252 1785 5306 in
1828 5251 1970 5323 _vitio
2017 5267 2118 5320 po-

545 5327 772 5391 nuntur,
792 5335 821 5391 e
846 5323 1046 5389 quibus
1079 5321 1364 5378 unum—illo
1388 5321 1790 5391 inoproverbio,
1813 5321 2118 5377 Samiorum

541 5387 758 5456 Laurea,
793 5387 989 5446 Su‘idas
1020 5395 1071 5446 in
1121 5394 1224 5448 hac
1268 5411 1402 5450 voce
1449 5387 1659 5455 Laurw.
1707 5397 1866 5448 docet
1911 5392 2120 5462 signiﬁ-

541 5474 666 5534 ?E"°
696 5478 916 5531 Quoque
945 5466 1219 5518 στενωπὸν
1254 5477 1308 5520 et
1336 5466 1704 5534 angiportum.
1743 5463 1967 5518 Videtur
1988 5477 2118 5531 ergo

544 5528 684 5584 idem
715 5528 917 5588 nomen
953 5535 1020 5588 ad
1053 5528 1823 5600 monachorumhabitacula,
1861 5549 1957 5587 seu
2007 5528 2121 5585 nro—

543 5605 781 5674 ltalsleria
805 5606 1132 5659 translatum
1159 5607 1329 5662 fuisse
1353 5607 1422 5660 ob
1454 5607 1740 5668 vilitatem,
1764 5616 1819 5657 et
1843 5603 2121 5674 angustias

540 5670 792 5737 mdiftcii,
824 5691 881 5730 et
925 5675 1268 5732 cellularum.
1317 5676 1456 5730 Hinc
1507 5676 1694 5730 subdit
1746 5670 1974 5736 Suidas,
2027 5674 2122 5726 καὶ

545 5737 722 5811 λαῦρα
754 5747 788 5810 ὴ
823 5747 986 5813 στενὴ
1005 5747 1260 5799 κατοικία
1305 5747 1415 5799 τῶν
1470 5744 1739 5814 μοναχῶν.
1785 5745 1854 5798 Et.
1893 5749 2121 5812 apparet

543 5827 743 5868 nomen
772 5815 875 5871 hoc
905 5817 1255 5871 monasteriis
1286 5815 1574 5884 tributum,
1605 5831 1728 5869 cum
1782 5814 1879 5870 SS.
1911 5815 2120 5869 Sabbas

2219 3927 2275 3972 et
2306 3917 2634 3989 Euthymius
2686 3916 3016 3989 floruerunt,
3057 3917 3256 3972 crebro
3285 3916 3432 3970 enim
3481 3916 3533 3970 in
3580 3917 3806 3974 illorum

2221 3988 2472 4043 historiis
2502 3988 2747 4043 occurrit
2775 4004 2790 4044 ;
2823 4002 2926 4058 nec
2965 3989 3096 4058 satis
3127 3989 3240 4058 scio
3273 4003 3341 4039 an
3375 3997 3534 4041 antea
3565 4004 3807 4058 usurpa-

2220 4069 2333 4113 tum
2375 4059 2480 4120 fsit.
2536 4059 2704 4113 Vocat
2748 4057 2972 4125 quidem
3026 4057 3357 4122 Mctaphrast
3397 4073 3422 4110 s
3473 4057 3804 4113 monasteria

2218 4131 2403 4183 lauras
2456 4129 2510 4181 in
2562 4128 2680 4181 Vita
2738 4127 3037 4180 Andronici
3087 4137 3236 4181 tomo
3290 4128 3489 4192 primo,
3547 4129 3640 4196 qui
3699 4131 3808 4184 sub

2218 4198 2531 4253 Theodosio
2556 4197 2769 4264 Magno,
2804 4196 2890 4252 vel
2921 4197 3084 4265 paulo
3115 4204 3240 4264 post
3265 4197 3436 4261 vixit;
3468 4198 3562 4251 sed
3596 4197 3646 4251 id
3673 4198 3810 4254 facit

2215 4269 2614 4338 Mctaphrastes
2685 4282 2752 4338 es
2828 4281 2982 4320 more
3059 4267 3143 4320 sui
3222 4268 3432 4338 surculi,
3509 4281 3619 4321 non
3687 4271 3810 4337 ejus

2207 4339 2276 4392 de
2306 4335 2416 4407 quo
2439 4338 2650 4391 scribit.
2683 4335 2838 4391 Sicut
2859 4347 3042 4390 autem
3069 4351 3137 4390 ex
3190 4336 3461 4390 modestia
3487 4346 3543 4390 et
3571 4335 3811 4392 Submis-

2209 4409 2363 4462 sione
2433 4407 2710 4461 domicilia
2748 4421 2844 4461 sua
2880 4414 3150 4461 vocarunt
3177 4407 3432 4460 mandras
3475 4421 3504 4459 a
3557 4407 3811 4464 cavernis

2215 4490 2270 4532 et
2296 4477 2528 4532 stabulis
2581 4486 2982 4540 armentorum,
3037 4476 3117 4530 ita
3158 4475 3392 4530 fortasse
3467 4477 3803 4534 humilitatis

2143 4515 2189 4572 θ
2930 4515 3218 4615 angustam
3250 4515 3665 4600 .hahitationem
3706 4515 3809 4601 de:

2221 4627 2440 4680 notans,
2473 4616 2541 4670 ad
2575 4631 2702 4670 suas
2728 4616 2890 4670 sedes
2932 4617 3340 4670 transtulerunt
3374 4632 3390 4669 :
3423 4627 3478 4670 et
3513 4617 3652 4670 forte
3687 4616 3809 4685 ipsa

2219 4688 2589 4756 appellatione
2615 4701 2878 4741 revocare
2906 4686 3010 4740 sibi
3044 4686 3100 4738 in
3135 4686 3456 4739 memoriam
3478 4687 3804 4756 _voluerunt

2221 4754 2378 4820 illud,
2413 4755 2686 4809 είσέλθετε
2717 4756 2804 4810 διὰ
2838 4756 2940 4821 τῆς
2972 4757 3167 4824 στενῆς
3201 4756 3378 4820 πύλης
3413 4773 3426 4808 :
3469 4754 3681 4810 Intrate
3717 4772 3810 4824 per

2221 4835 2504 4900 angustam
2536 4835 2767 4900 portam.
2800 4826 2896 4900 Est
2921 4828 3069 4881 enim
3120 4827 3311 4900 via_in
3350 4827 3564 4900 caelum
3631 4827 3806 4889 laura,

2222 4894 2328 4953 hoe
2352 4908 2454 4952 est.
2491 4898 2790 4959 στενωπός.
2826 4894 2952 4950 Ηειυο
2996 4903 3186 4950 noster
3214 4895 3451 4951 JaCobus
3489 4895 3806 4951 Grctserus.

2293 4971 2368 5036 (ὅ)
2401 4967 2554 5021 Mons
2586 4966 2673 5020 hic
2696 4965 3029 5021 Macedoniae
3050 4967 3371 5019 notissimus
3388 4981 3418 5020 e
3439 4966 3812 5036 scriptoribus

2222 5035 2538 5093 non’semel
2557 5037 2611 5090 in
2656 5036 2758 5092 hac
2775 5037 3002 5092 historia
3047 5036 3592 5091 nominatur.Etiam
3641 5035 3810 5092 hodie

2221 5111 2345 5180 ὅρος
2368 5109 2518 5176 ἅγιον
2535 5105 2774 5180 dicitur,
2800 5108 2888 5180 ubi
2909 5106 2980 5160 2‘5
2999 5115 3301 5180 supersunt
3324 5107 3674 5180 monasteria.
3697 5105 3814 5180 sin-

2221 5175 2344 5251 gula
2364 5175 2641 5251 quondam
2660 5178 2913 5251 ducentis
2944 5185 3048 5251 aut
3071 5179 3335 5231 trecentis
3360 5175 3626 5251 calogeris
3646 5177 3778 5251 habt
3793 5207 3812 5218 -

2225 5248 2332 5304 tata
2371 5248 2700 5314 (calogeros,
2729 5249 2781 5303 id
2813 5259 2920 5308 est,
2944 5248 3115 5302 bonos
3161 5262 3341 5309 senes,
3367 5248 3664 5301 monachos
3688 5248 3814 5301 illos

2222 5321 2471 5374 nominat
2525 5316 2772 5374 Gnaeum
2825 5319 3043 5387 vulgus)
3089 5326 3394 5387 contraun
3434 5318 3540 5370 vim
3601 5319 3814 5385 praedo-

2221 5406 2353 5444 num
2399 5405 2462 5441 at:
2526 5387 2828 5456 piratarum
2890 5385 3122 5442 munita.
3161 5385 3315 5440 Nunc
3353 5387 3629 5440 diminuto
3672 5387 3809 5456 licet

2221 5473 2476 5520 numero,
2503 5455 2684 5514 adhuc
2715 5473 2908 5512 eorum
2941 5466 3024 5513 est
3050 5473 3238 5527 magna
3271 5456 3346 5527 ibi
3371 5457 3550 5525 copia.
3582 5457 3625 5510 Α
3669 5455 3812 5527 Tur-

2222 5532 2304 5584 cis
2361 5535 2589 5584 vocatur
2640 5529 2922 5592 Monastir,
2981 5537 3039 5581 ut
3085 5525 3253 5581 refert
3297 5526 3687 5581 Lcunclavius.
3745 5525 3816 5582 Et

2221 5603 2540 5670 quicunque
2583 5599 2693 5672 alio
2757 5598 3226 5672 venirenthhtrjus
3277 5599 3476 5672 montis
3531 5596 3813 5672 monachi,

2225 5667 2450 5740 propter
2490 5669 2784 5724 arctiorem
2831 5669 3203 5740 disciplinain,
3260 5667 3634 5740 majoremque
3685 5667 3812 5736 ορί-

2224 5738 2445 5796 nionem
2493 5740 2894 5808 sonetimonite,
2942 5739 3133 5808 majori
3174 5752 3332 5794 erant
3381 5738 3435 5792 in
3480 5738 3694 5794 honore
3747 5750 3817 5792 ac

2229 5813 2426 5878 prctio.
2447 5861 2450 5864 .
