4136 6288
288 359 386 424 225

1444 357 2266 419 ΗΙΒΤΟΒΙΑΒΠΜἸᾹΒΕΒ
2310 357 2360 418 Ι.

3448 348 3554 412 226

288 468 512 539 ἀνδρῶν,
560 467 636 528 ὡς
679 467 741 526 οὐ
797 465 936 536 πρὸς
989 467 1305 535 ὑπόκρισιν,
1339 463 1462 519 ούδέ
1509 466 1646 536 πρὸς
1688 465 1856 532 ἀνάγ-

1972 465 2162 520 ratoris
2196 473 2450 530 matrem,
2484 471 2546 517 ut
2586 477 2751 534 supra
2789 462 3054 529 diximus,
3088 476 3186 532 per
3220 461 3332 516 vim
3365 477 3396 516 a
3427 461 3553 516 Dei-

291 580 426 630 κην,
455 563 574 616 ἀλλ’
622 561 853 632 ἀληθείᾳ
908 561 1115 632 μᾶλλον
1145 561 1245 630 τὴν
1292 561 1430 632 πρδς
1479 559 1572 613 τὸν
1617 560 1858 613 τοιοῦτον

292 655 398 726 βίον
433 655 765 726 αἱρούμενος
799 655 1134 725 μεταϐολήν.
1181 655 1245 708 Ἀ
1295 651 1360 722 δὴ
1413 654 1509 705 καὶ
1550 652 1859 720 πυθόμενος

290 747 416 817 παρ’
476 747 658 799 αὐτῶν
709 747 738 798 ὁ
797 746 1054 816 βασιλεὺς
1091 785 1108 809 ,
1164 745 1468 816 ἐπέτρεψεν
1532 743 1569 799 ἃ.
1619 743 1858 814 βούλοιτο

292 841 460 892 ποιεῖν
519 840 648 906 περὶ
692 837 881 892 αὐτοῦ.
923 837 1214 908 Ἤχθησαν
1269 838 1327 891 δὲ
1383 838 1477 890 ἐπὶ
1529 836 1637 890 τῶν
1679 835 1860 889 αὐτῶν

293 929 496 1001 καιρῶν
547 933 612 982 ἐκ
657 929 1063 996 Θεσσαλονίκης
1120 929 1257 1000 πρὸς
1311 928 1538 999 βασιλέα
1583 927 1860 998 δεσμῶται

293 1025 378 1077 καὶ
436 1025 486 1076 οἱ
541 1024 641 1092 τὴν
689 1021 936 1092 βασιλίδα
984 1021 1156 1090 Ξένην
1205 1020 1308 1089 τὴν
1362 1020 1557 1074 τούτου
1613 1019 1854 1089 μητέρα,

291 1115 420 1180 ὅπερ
482 1113 730 1180 ἔφθημεν
785 1111 1078 1174 εἰπόντες,
1145 1109 1480 1174 ἑλκύσαντες
1538 1107 1675 1179 βία,
1713 1108 1743 1162 ὃ
1788 1124 1850 1160 τε

295 1203 651 1271 Παλαιολόγος
685 1202 1097 1264 Κωνσταντῖνος
1129 1202 1252 1254 καὶ’
1275 1201 1516 1271 Ιωάννης
1537 1202 1566 1254 ὀ
1602 1199 1860 1270 Ζαρίδησιν

297 1301 386 1350 καὶ
417 1298 446 1350 ό
503 1295 994 1365 πρωταλλαγάτωρ
1041 1295 1389 1367 Σεναχηρείμ
1416 1311 1430 1327 ⁸
1473 1289 1549 1348 ὧν
1595 1296 1723 1359 τοὺς
1763 1297 1862 1365 μὲν

291 1387 396 1447 δύο,
453 1383 724 1456 βασιλέως
783 1385 1226 1456 προστεταχότος
1252 1424 1269 1451 ,
1333 1386 1427 1439 ἐπὶ
1455 1389 1557 1456 τῆς
1599 1386 1862 1457 δημοσίας

290 1478 616 1546 ἐθεὰτρισαν
668 1479 884 1547 ἀγορᾶς
938 1478 1333 1549 άφηρημένους
1375 1479 1437 1531 τὸ
1491 1478 1722 1546 γένειον,
1768 1479 1862 1531 καὶ

291 1567 381 1629 τὰς
427 1569 618 1638 τρίχας
665 1568 766 1637 τῆς
830 1569 1104 1636 κεφαλῆς,
1166 1569 1272 1622 Τδν
1320 1569 1686 1637 Παλαιολόγον
1739 1569 1795 1624 δέ
1836 1571 1865 1622 δ

291 1662 735 1731 πρωτοστράτωρ
786 1660 1114 1732 ἐξῃτήσατο,
1174 1662 1400 1730 ἀνεψιὸν
1457 1664 1624 1717 αύτοῦ
1687 1663 1864 1733 ὑπάρ-

290 1770 471 1820 κοντα,
506 1753 581 1822 μὴ
604 1754 804 1806 ταύτὸν
830 1755 1046 1808 παθεῖν·
1067 1757 1147 1815 εἰς
1170 1755 1547 1826 δεσμωτήριον
1565 1757 1620 1808 δὲ
1645 1755 1866 1826 ἐνεϐλή⁴

1966 571 2114 625 ραι-ω
2142 564 2323 610 statua
2355 555 2684 625 temploque
2712 555 3118 618 abstraxerant,
3157 553 3553 607 Constantinus

1966 645 2321 714 Palaeologus,
2349 645 2587 700 Joannes
2618 644 2867 708 Zaridas,
2901 655 2957 698 et
2993 642 3390 698 Sennaclterim
3425 659 3549 710 pro-

1967 737 2282 806 tallagator:
2309 752 2545 806 quorum
2570 736 2702 798 duo,
2725 737 3078 804 imperatoris
3101 736 3359 789 mandatu
3390 735 3552 788 abra-

1968 844 2028 885 sa
2061 829 2233 884 barba
2285 839 2344 883 et
2367 829 2584 899 capillis
2613 829 2714 898 (ω,
2753 828 2972 899 publice
3004 829 3058 881 in
3110 827 3251 886 foro.
3288 827 3436 882 velut
3496 829 3550 879 in

1969 919 2187 974 theatro
2224 917 2292 972 ad
2343 918 2702 986 spectandum
2737 917 2994 973 omnibus
3030 917 3342 987 ignominiaa
3389 931 3552 970 causa

1964 1017 2096 1064 sunt
2128 1007 2394 1077 propositi
2425 1025 2438 1060 :
2479 1008 2840 1078 Palaeologum
2875 1015 3242 1074 protostrator
3271 1016 3330 1060 ut
3355 1021 3554 1060 conso-

1968 1096 2189 1151 brinum
2219 1097 2480 1167 precibus
2514 1092 2632 1152 suis
2674 1098 2947 1153 dedecore
2995 1097 3282 1166 prohibuit
3311 1114 3324 1152 :
3357 1097 3452 1152 sed
3496 1099 3550 1150 in

1969 1203 2251 1244 carcerem
2311 1187 2476 1244 datus
2531 1198 2635 1254 est,
2686 1191 2774 1245 cui
2816 1199 2944 1260 post
2983 1189 3150 1244 breve
3209 1198 3445 1259 tempus,
3494 1199 3553 1243 ιιι

1968 1281 2188 1337 duobus
2234 1283 2378 1345 aliis,
2435 1283 2736 1353 imperator
2784 1283 3012 1352 ignovit.
3069 1282 3240 1337 Paulo
3308 1293 3431 1351 post
3497 1290 3556 1334 et

1969 1369 2182 1427 Lemnii
2217 1375 2282 1427 ad
2316 1373 2598 1443 juniorem
2626 1374 3020 1438 desciscentes,
3051 1384 3344 1437 venerunt,
3383 1373 3552 1427 simul

1972 1472 2033 1516 ut
2059 1478 2181 1516 eam
2216 1478 2329 1533 rem
2381 1465 2462 1519 illi
2509 1465 2852 1528 nuntiarent,
2885 1465 3049 1520 simul
3078 1475 3138 1519 ut
3188 1466 3377 1519 insulae
3413 1480 3554 1533 pne-

1971 1553 2175 1608 lectum
2204 1556 2271 1608 ab
2295 1569 2364 1610 eo
2397 1563 2728 1624 poscerent;
2773 1557 2868 1626 qui
2927 1555 3173 1611 beneﬁce
3211 1556 3447 1620 tractati,
3497 1563 3554 1608 et

1971 1645 2293 1714 praesidem,
2317 1648 2395 1700 uti
2423 1656 2770 1724 rogaverunt,
2810 1645 3017 1715 adepti,
3053 1647 3278 1702 domum
3310 1655 3554 1701 reverte-

1975 1749 2126 1794 runt.
2162 1743 2298 1795 Dum
2341 1741 2460 1797 haec
2490 1725 2756 1812 aguntur,
2798 1743 3044 1814 Selybria
3080 1745 3388 1808 nuntiatur,
3424 1744 3554 1798 Per-

290 1843 373 1913 θη·
403 1845 572 1913 ὀλίγῳ
617 1845 674 1897 δέ
711 1844 938 1915 ὕστερον
967 1846 1133 1899 αὐτόν
1171 1863 1231 1899 τε
1279 1847 1376 1900 καὶ
1409 1849 1538 1911 τοὺς
1586 1834 1782 1910 ἄλλους
1839 1851 1867 1903 ὁ

1972 1850 2057 1889 sas
2087 1851 2155 1889 ex
2189 1835 2405 1890 oriente
2432 1834 2500 1890 ad
2531 1851 2694 1889 avum
2726 1836 3096 1907 adjuvandum
3141 1836 3422 1907 traiecisse
3451 1837 3552 1906 (5),
3598 1904 3606 1911 ο

289 1931 550 1999 βασιλεὺς
604 1933 808 2003 ἠξίωσε
859 1934 1214 2006 συγγνώμης.
1265 1936 1355 1990 Ἐν
1409 1938 1524 1999 τοῖς
1569 1937 1754 2000 αὐτοῖς
1805 1937 1864 1991 δὲ

289 2025 502 2093 καιροῖς
552 2025 647 2075 καὶ
685 2023 736 2075 oi
771 2026 1008 2095 Λήμνιοι
1048 2026 1141 2079 τού
1195 2026 1571 2097 πρεσϐυτέρου
1602 2027 1865 2096 βασιλέως

294 2113 656 2178 ἀποστάντες,
693 2109 830 2187 ἧκον
880 2115 975 2166 ἐπὶ
1012 2113 1105 2167 τὸν
1149 2117 1290 2181 νέον,
1341 2116 1461 2186 ἅμα
1508 2133 1570 2170 τε
1605 2117 1702 2188 τὴν
1733 2099 1868 2172 ἀποο

298 2204 526 2256 στασῐαν
579 2203 762 2258 αὐτῶν
821 2204 1300 2272 ἀπαγγελοῦντες,
1353 2207 1450 2260 καὶ
1494 2207 1585 2260 τὸν
1632 2207 1868 2278 ἄρξοντα

219 2371 223 2375 .
290 2296 609 2362 αἰτήσοντες
658 2295 760 2365 τῆς
809 2298 1063 2365 Λήμνου.
1118 2297 1590 2368 Εὑεργετηθὲντες
1624 2299 1682 2352 δέ
1714 2302 1866 2371 παρά

292 2379 558 2457 βασιλέως
606 2389 702 2442 καὶ
757 2389 1004 2458 ἡγεμόνα
1055 2389 1314 2453 λαϐόντες
1367 2390 1557 2462 ὥσπερ
1609 2391 1862 2464 ᾐτοῦντο,

289 2480 474 2534 οἶκαδε
532 2480 860 2550 ἐπανῆλθον.
913 2482 1136 2536 Τούτων
1188 2482 1531 2552 γινομένων,
1584 2484 1651 2538 ἐκ
1698 2484 1886 2555 Ertio--

287 2569 448 2642 ϐρίας
485 2570 738 2641 ἠγγέλθη
800 2572 876 2640 τῷ
909 2571 1124 2642 βασιλεῖ
1190 2572 1265 2636 ὡς
1325 2574 1570 2645 Περσικὴ
1640 2576 1869 2645 στρατιὰ

286 2667 429 2717 κατὰ
465 2665 788 2735 συμμαχίαν
819 2665 915 2718 τοῦ
951 2666 1182 2718 πάππου
1224 2667 1322 2719 καὶ
1358 2665 1628 2736 βασιλέως
1659 2668 1722 2719 ἐκ
1758 2669 1854 2737 τῆς

293 2756 370 2809 ’ἐω
412 2757 674 2822 διαϐᾶσα,
720 2758 837 2826 ἅμα
881 2762 945 2828 τῇ
1001 2761 1065 2812 ἐκ
1119 2759 1414 2824 Βυζαντίου
1475 2761 1708 2830 στρατιᾷ
1744 2761 1869 2813 ὅσον

287 2847 446 2902 οὔπω
488 2851 804 2905 ἐλεύσονται
839 2851 963 2905 κατ’
1000 2851 1192 2907 αὐτοῦ.
1233 2853 1324 2929 Ὠς
1363 2852 1446 2906 δὲ.
1476 2853 1714 2906 ἐπύθετο
1768 2855 1868 2924 τὴν

294 2941 392 3010 μέν
448 2941 594 2994 κατὰ
635 2942 745 2994 τῶν
779 2943 1069 3013 ὁμοφύλων
1101 2943 1207 2996 τῶν
1263 2943 1492 3014 Περσῶν
1543 2944 1867 3015 ἐπαγωγὴν,

288 3030 569 3100 ἐθαύμασε
608 3033 718 3086 τῶν
757 3034 1257 3104 ἀντιτεταγμένων.
1293 3034 1469 3100 Αὐτὸς
1495 3034 1549 3088 δὲ
1586 3038 1730 3108 ὁρμῇ
1762 3054 1868 3089 τινι

287 3123 503 3192 ἁσχέτῳ
549 3126 696 3178 κατὰ
750 3126 916 3195 τάχος
978 3126 1117 3194 ἄρας
1170 3126 1235 3179 ἐκ
1288 3126 1695 3196 Διδυμοτείχου,
1738 3127 1867 3180 εὐθὺ

194 3208 204 3212 ”
285 3217 385 3286 τῆς
425 3217 810 3286 ἐπερχομένης
857 3217 944 3288 ᾔει
992 3220 1276 3288 στρατιᾶς,
1324 3217 1398 3280 ὡς
1455 3219 1795 3288 μαχούμενος
1833 3213 1867 3295 ᾖ

287 3305 358 3358 ἂν
386 3307 665 3376 συντύχοι.
701 3309 794 3371 El;
825 3311 1014 3378 τρίτην
1043 3308 1099 3360 δέ
1129 3310 1344 3379 ἡμέραν
1389 3309 1422 3379 ἧ
1473 3325 1534 3364 τε
1566 3311 1628 3362 ἐκ
1665 3309 1872 3374 Βυζαν-

285 3397 407 3450 τίου
437 3399 674 3470 στρατιὰ
732 3398 849 3467 ἅμα
903 3402 1015 3460 τοῖς
1076 3400 1355 3480 Πέρσαις,
1406 3399 1503 3452 καὶ
1557 3400 1811 3469 βασιλεὺς
1843 3403 1872 3454 ὁ

287 3490 410 3551 νέος
470 3489 675 3560 μεταξὺ
720 3489 1096 3559 Τζουρουλόης
1158 3493 1254 3543 καὶ
1311 3490 1619 3561 Σηλυϐρίας
1681 3492 1877 3559 συνῆλ-

287 3581 402 3633 Θον.
437 3581 748 3642 Συνιδόντες
792 3581 848 3633 δὲ
883 3581 934 3633 oi
965 3581 1215 3649 Πέρσαι,
1251 3581 1346 3635 καὶ
1392 3583 1440 3640 οἱ
1480 3584 1545 3636 ἐκ
1578 3583 1872 3646 Βυζαντίου

298 3669 568 3737 Ῥωμαῖοι
598 3668 674 3733 ὡς
711 3671 837 3723 ούδέ
869 3671 1190 3740 ἀντιϐλέψαι
1224 3671 1548 3741 δυνήσονται
1605 3675 1741 3745 πρδς
1767 3673 1868 3744 τὴν

227 3767 232 3772 ’
287 3763 432 3830 μετὰ
479 3760 750 3827 βασιλέως
807 3763 1094 3830 στρατιὰν,
1131 3762 1254 3816 ούδέ
1282 3763 1705 3832 παρατάξασθαι
1737 3765 1868 3818 ὑπο-

287 3852 578 3920 μείναντες
624 3851 750 3905 ούδέ
777 3852 1010 3915 πλησίον
1041 3851 1242 3916 ἐλθεῖν,
1275 3853 1391 3906 ἀλλ’
1422 3852 1505 3907 ἐτι
1532 3857 1868 3927 πορρωτέρω

279 3943 461 4008 δντες,
507 3943 992 4012 μεταστραφέντες
1044 3941 1283 4010 ἔφευγον
1323 3941 1470 3996 κατὰ
1499 3945 1726 4014 κράτος·
1761 3945 1869 4016 ίδῖᾳ

283 4033 390 4102 μὲν
420 4035 472 4086 oi
506 4033 739 4103 Πέρσαι,
771 4034 880 4105 ίδίᾳ
908 4033 966 4086 δὲ
996 4033 1047 4087 οἱ
1091 4032 1379 4104 Ῥωμαῖοι.
1420 4034 1482 4087 '0
1527 4034 1872 4104 βασιλεὺς.δέ

280 4125 592 4193 φεύγοντας
649 4125 797 4190 ἰδὼν,
849 4128 948 4180 καὶ
1001 4127 1162 4188 αὐτὸς
1201 4128 1281 4188 είς
1315 4125 1410 4179 δύο
1457 4127 1520 4180 τὸ
1551 4127 1874 4197 στράτευμα

277 4218 495 4284 διελὼν,
529 4219 749 4272 ἐκέλευε
803 4218 1048 4274 διώκειν.
1094 4220 1358 4274 Ἐπιπολὺ
1416 4219 1470 4272 δὲ
1505 4220 1604 4289 τῆς
1637 4218 1874 4288 διώξεως

1970 1935 2026 1980 et
2057 1942 2182 1980 cum
2215 1925 2530 1996 Byzantinis
2559 1928 2910 1996 coniunctos,
2960 1942 3086 1980 mox
3138 1937 3332 1982 contra
3363 1927 3554 1995 junio-

1971 2031 2084 2069 rem
2126 2026 2409 2074 venturos.
2449 2018 2651 2073 Audito
2682 2018 2897 2083 Persas,
2929 2018 3132 2088 alioqui
3175 2018 3449 2082 inimicos,
3483 2020 3549 2071 ad

1969 2107 2282 2162 subsidium
2313 2108 2580 2164 adversus
2609 2109 2972 2180 hon‘tOpltylos
3003 2125 3032 2162 a
3061 2125 3191 2164 sene
3215 2113 3442 2175 ascitos,
3470 2111 3553 2163 in-

1967 2202 2296 2256 citatissimo
2335 2203 2565 2271 impetu,
2599 2211 2657 2257 et
2710 2203 2966 2258 celeriter
2999 2203 3384 2274 Didytnoticlto
3435 2220 3555 2257 tuo-

1969 2307 2127 2356 vens,
2153 2293 2582 2348 adventantibus
2615 2304 2764 2349 recta
2795 2293 3012 2348 obviam
3048 2296 3316 2364 procedit,
3357 2311 3554 2349 manus

1966 2391 2342 2445 conserturus,
2373 2382 2692 2450 ubicunque
2715 2385 3112 2438 occurrissent.
3135 2383 3323 2439 Tertio
3345 2389 3430 2438 die
3451 2385 3555 2454 By-

1978 2472 2187 2527 zantini
2216 2489 2341 2528 cum
2378 2475 2561 2530 Persis
2615 2476 2881 2530 Zurulum
2915 2478 3059 2531 inter
3081 2487 3136 2531 et
3165 2477 3468 2546 Selybriam
3496 2479 3550 2531 in

1967 2579 2096 2619 eum
2150 2566 2423 2621 incidunt.
2451 2565 2588 2621 Cum
2637 2568 2847 2622 scirent
2897 2579 3081 2622 autem
3134 2582 3194 2622 se
3225 2583 3294 2622 ne
3348 2568 3552 2622 intueri

1967 2657 2188 2727 quidem
2235 2659 2582 2728 imperatoris
2619 2659 2922 2714 exercitum
2965 2676 3221 2726 ausuros,
3255 2643 3356 2716 nec
3379 2663 3553 2715 aciem

1969 2761 2165 2806 contra
2197 2752 2512 2817 instituere,
2544 2766 2649 2806 nec
2679 2753 2908 2822 propius
2939 2752 3084 2808 ferre
3116 2753 3346 2824 gradum
3383 2765 3551 2808 susu-

1970 2852 2244 2898 nuerunt:
2266 2843 2774 2914 sedproculadhuc
2795 2836 3086 2909 distantes,
3107 2845 3238 2900 totis
3259 2845 3468 2902 viribus
3497 2847 3549 2898 in

1968 2935 2140 3006 pedes
2162 2936 2262 2990 hac
2291 2935 2490 3002 Persae,
2520 2935 2644 2991 illac
2663 2937 2893 2991 Romani
2916 2953 2975 2992 se
3008 2941 3384 3007 conjecerunt.
3407 2937 3552 2993 Cou-

1982 3035 2171 3095 specta
2207 3026 2355 3096 luga,
2383 3027 2684 3096 imperator
2724 3027 2840 3096 ipse
2881 3042 3098 3098 quoque
3132 3029 3327 3083 divisis
3376 3031 3554 3098 COpllS

1971 3119 2314 3188 fugientibus
2374 3119 2579 3172 instare
2629 3119 2815 3190 jussit.
2861 3119 3014 3185 Quod
3070 3134 3194 3173 cum
3241 3120 3333 3174 diu
3404 3132 3551 3174 esset

1973 3209 2205 3275 factum,
2240 3219 2297 3264 et
2324 3209 2462 3262 nihil
2488 3222 2669 3263 tamen
2699 3209 2952 3264 eilectum
2983 3210 3270 3280 (fugitores
3301 3211 3447 3264 enim
3476 3213 3553 3265 illi

1973 3302 2086 3356 alas
2107 3303 2160 3355 in
2181 3301 2410 3371 pedibus
2437 3301 2716 3356 habebant
2743 3300 2873 3373 [6]),
2899 3301 2954 3354 hi
2986 3316 3110 3356 cum
3141 3302 3318 3356 tribus
3347 3299 3550 3358 Persis.

1976 3389 2060 3445 illi
2093 3406 2219 3445 cum
2249 3391 2492 3460 quinque
2526 3392 2810 3454 Romanis,
2862 3405 3002 3457 quos
3053 3392 3211 3447 vivos
3267 3401 3552 3461 ceperant.

1978 3483 2454 3551 regrediebantur.
2492 3483 2665 3553 Equis
2684 3483 2963 3549 vectariis,
2991 3485 3084 3554 qui
3115 3500 3308 3556 agmen
3337 3485 3555 3555 fugiens

1975 3577 2133 3647 sequi
2185 3591 2294 3631 non
2347 3585 2622 3646 poterant,
2665 3576 3102 3646 impedimentis,
3159 3587 3324 3647 atque
3384 3561 3590 3631 etiam,

1975 3669 2152 3724 servis
2183 3670 2422 3724 militum
2473 3683 2675 3740 magno
2720 3683 2954 3724 numero
3009 3669 3166 3738 potiti
3231 3679 3378 3724 sunt.
3417 3671 3553 3724 Pro-

1972 3774 2198 3830 gressus
2259 3760 2558 3828 imperator
2596 3774 2765 3829 prope
2805 3754 3108 3831 Selybriam
3147 3760 3382 3814 tentoria
3415 3759 3552 3813 lixit.

1981 3851 2162 3906 Persa:
2213 3861 2270 3906 ct
2319 3850 2551 3904 Romani
2591 3849 2732 3920 fugat
2769 3849 3039 3904 beneﬁcio
3074 3852 3298 3913 servati,
3346 3850 3553 3921 Byzan-

1979 3944 2117 3997 tittm
2159 3957 2285 3997 cum
2315 3942 2621 4008 venissent,
2659 3941 2777 3996 seni
2828 3942 3147 4009 imperatori
3203 3956 3326 3996 sese
3378 3942 3554 3996 victos

1977 4038 2278 4094 narrabant
2304 4078 2320 4104 ,
2351 4053 2417 4092 ac
2440 4037 2621 4092 Persae
2647 4051 2817 4091 naves
2852 4036 3017 4090 simul
3051 4036 3116 4091 ad
3166 4036 3552 4106 trajiciendum

1979 4127 2242 4198 petebant
2273 4144 2287 4180 :
2320 4140 2461 4197 quos
2491 4125 2584 4180 ille
2623 4134 2685 4180 ut
2715 4125 2964 4195 Byzantii
2999 4135 3286 4180 manerent
3329 4125 3552 4180 ﬂectere

1983 4235 2095 4275 non
2135 4229 2376 4290 poterat,
2408 4215 2839 4290 opponentibus,
2899 4231 2958 4273 se
3013 4217 3213 4273 frustra
3252 4217 3554 4273 contritum

2631 4362 2670 4375 μ

1524 4375 1744 4438 Jacobi
1777 4375 2047 4439 Pontani
2084 4383 2271 4437 notts.

357 4524 435 4594 (4)
469 4519 670 4594 Verbis
697 4518 902 4594 Grtecis
958 4531 1091 4594 puto
1137 4535 1433 4594 rasuram,
1457 4537 1566 4594 non
1601 4523 1870 4578 attonsio-
1903 4531 1947 4586 D
1973 4525 2270 4589 Romanos,
2308 4523 2495 4580 multis
2516 4540 2547 4580 e
2581 4523 2716 4580 locis
2746 4539 2914 4578 sacra:
2948 4521 3251 4591 Scriptura:
3277 4533 3520 4581 constat.
3565 4570 3579 4578 .

283 4590 438 4658 nem,
473 4607 570 4647 seu
605 4590 985 4643 detonsionem
1023 4591 1342 4657 signiﬁcari.
1376 4593 1520 4646 Alibi
1554 4601 1734 4646 tamen
1759 4594 1870 4656 bis,

286 4677 377 4717 ter
401 4665 573 4716 verbo
606 4659 943 4729 περικείρειν
995 4661 1191 4724 utitur,
1243 4671 1301 4716 et
1350 4665 1516 4716 semel
1572 4664 1864 4729 περιελεῖν.

280 4737 471 4801 Quare
493 4732 658 4801 liceat
687 4728 922 4801 fortasse
959 4731 1258 4801 transferre
1301 4732 1528 4786 detonsa
1578 4728 1769 4795 barba,
1815 4744 1871 4789 et

281 4797 526 4871 capillis.
593 4797 780 4872 G_enus
835 4799 1167 4872 ignnmtuite,
1222 4800 1446 4867 Grtecis,
1503 4811 1866 4872 ut_apparet,

280 4867 581 4928 usitatum,
617 4867 881 4922 Romanis
921 4869 1168 4932 minime,
1222 4885 1362 4938 quos
1411 4885 1521 4925 non
1562 4867 1872 4926 delectabat

280 4939 756 5010 καρηκομῶντας,
789 4948 885 4991 aut
916 4941 1299 5010 trunco/idea;
1329 4955 1451 4994 esse
1491 4956 1504 4991 :
1538 4939 1642 4993 nisi
1688 4941 1872 4996 sordi-

281 5012 452 5065 datos
502 5019 560 5063 ct
611 5022 759 5070 reos,
804 5018 929 5079 tum
987 5009 1135 5063 enim
1188 5009 1412 5079 barbam
1465 5010 1758 5079 impexam,
1815 5019 1872 5066 et

280 5079 664 5147 squalentem,
696 5077 1067 5147 capillumque
1122 5077 1639 5134 submittebantIAt
1666 5079 1871 5136 Graecis

281 5097 312 5135 S
365 5097 664 5139 ualentem,
696 5097 1067 5147 capulumque
1122 5097 1539 5133 Sllellleﬂanl.
1571 5097 1639 5134 Al
1666 5097 1871 5136 ιιι-ποις

281 5097 356 5204 ig
387 5147 580 5202 honori
608 5147 1111 5218 fuit_;_quapr0pter
1145 5150 1336 5218 magni
1386 5148 1529 5218 apud
1564 5164 1660 5203 eos
1703 5149 1872 5205 dede-

281 5221 442 5272 coris
471 5218 592 5270 loco
637 5215 910 5288 habitum,
948 5218 1022 5288 ita
1065 5215 1436 5272 deformatum
1475 5220 1530 5272 in
1574 5220 1695 5272 foro
1743 5235 1868 5288 spe-

279 5288 584 5348 ctandum,
617 5297 672 5340 et
716 5285 1058 5340 irridendum
1105 5288 1374 5341 exhiberi.
1409 5288 1635 5341 Videtur
1684 5285 1866 5343 autem

278 5373 413 5412 mos
435 5357 733 5408 admodum
784 5356 1045 5423 antiquus
1091 5355 1362 5411 decalvari
1415 5357 1637 5411 lttdibrii
1682 5372 1906 5414 causa.'

279 5428 430 5514 Nam
458 5425 482 5514 ξ
512 5425 751 5514 Ριιιξιιιὶρ.
786 5439 912 5478 cum
938 5425 1104 5514 David
1130 5426 1335 5514 legatos
1367 5428 1604 5514 misisset
1628 5428 1694 5481 ad
1735 5443 1866 5508 con-

277 5495 584 5551 solandum
616 5494 896 5549 Hauanem
956 5495 1126 5548 tilium
1165 5494 1325 5556 Naas,
1362 5499 1506 5565 regis
1535 5496 1870 5551 Atnmonita-

278 5581 440 5630 rum,
476 5566 566 5619 ille
600 5579 826 5634 suorum
853 5579 1018 5634 suasu
1073 5580 1275 5633 pueros
1324 5566 1490 5620 David
1543 5568 1866 5634 dccalvavit,

279 5645 346 5690 et
406 5636 559 5688 rasit.
613 5633 753 5687 Hinc
802 5633 972 5693 David
1024 5635 1313 5703 praecepit,
1364 5646 1423 5689 ut
1475 5646 1761 5691 manerent
1811 5633 1867 5692 in

277 5705 552 5768 Jericbo,
603 5703 780 5757 donec
827 5712 1100 5758 cresceret
1145 5703 1312 5759 barba
1355 5721 1568 5761 corum.
1613 5706 1754 5772 Quin
1813 5708 1866 5761 id

278 5775 440 5843 apud
472 5771 729 5829 Hebraeos
763 5772 823 5833 in
848 5773 997 5827 luctu
1044 5773 1219 5840 ﬁeret,
1274 5788 1464 5832 contra
1508 5771 1671 5846 quam
1723 5777 1866 5844 apud

2047 4596 2123 4664 (5)
2175 4595 2438 4658 Observa,
2481 4610 2580 4663 pro
2633 4594 2852 4660 Turcis,
2899 4595 2990 4662 qui
3035 4593 3144 4664 jam
3202 4604 3315 4645 tum
3364 4593 3548 4650 Asiam

1975 4663 2247 4720 minorem
2295 4665 2642 4729 obtinebant,
2685 4675 2741 4718 et
2786 4665 2839 4718 in
2905 4667 3040 4718 lines
3085 4663 3358 4716 ltonmnos
3401 4679 3548 4732 swpe

1971 4735 2386 4806 grassabantur,
2412 4734 2464 4787 id
2489 4735 2634 4802 quod
2670 4734 2722 4788 in
2760 4749 3052 4806 progressu
3095 4733 3554 4806 disces._setnper

1973 4804 2003 4858 εἰ
2064 4815 2251 4874 nostro
2305 4804 2525 4874 Persas,
2565 4819 2844 4874 nunquam
2896 4804 3104 4858 Turcas
3152 4804 3440 4874 appellari,
3494 4818 3553 4861 ut

1976 4872 2424 4944 facitGrcgoras.
2475 4873 2644 4942 quue
2693 4872 2793 4944 vel,
2823 4883 3046 4944 propter
3096 4873 3553 4944 odiunti'l‘urcici

1977 4943 2241 5006 nominis,
2289 4943 2373 4997 vel
2428 4951 2655 5012 propter
2722 4943 3005 5012 religionis
3044 4943 3488 5012 communionem
3535 4962 3550 4998 :

1975 5013 2150 5084 ambae
2199 5011 2470 5080 siquidem
2519 5011 2732 5084 gentes,
2794 5011 2989 5068 Turcas
3053 5023 3108 5066 et
3159 5011 3362 5075 Persas,
3390 5023 3554 5067 sectze

1974 5083 2387 5137 Mahometanae.

2045 5154 2120 5219 (6)
2149 5151 2267 5206 Non
2295 5163 2432 5216 erat,
2471 5161 2530 5206 ut
2575 5154 2831 5222 fugientes
2872 5161 3082 5221 possent
3129 5151 3358 5222 assequi.
3403 5152 3554 5222 Cur?

1973 5225 2101 5294 quia
2137 5223 2301 5294 nimis
2330 5221 2924 5294 celeritertugiebant.
2957 5224 3070 5276 Cur
3105 5229 3212 5275 tam
3257 5221 3553 5294 celeriter?

1972 5291 2103 5362 quia
2174 5292 2408 5362 multum
2471 5291 2805 5346 timebant:
2866 5291 3029 5362 timor
3071 5301 3255 5346 autem
3319 5292 3553 5360 pedibus
3618 5298 3621 5299 '

1975 5361 2130 5416 addit
2156 5361 2294 5424 alas,
2329 5370 2389 5414 ut
2419 5375 2647 5428 magnus
2673 5369 2823 5416 vates
2855 5362 2951 5424 ait,
2979 5361 3120 5430 Ergo
3145 5376 3367 5416 sensum
3401 5373 3552 5414 com-

1979 5433 2160 5493 mode,
2199 5440 2258 5484 ut
2309 5444 2455 5492 reor,
2489 5431 2878 5498 expressimus,
2908 5429 3122 5485 tametsi
3156 5446 3184 5482 a
3214 5431 3398 5484 verbis
3438 5429 3549 5482 dis-

1974 5503 2261 5563 cessimus,
2292 5500 2434 5568 quod
2468 5499 2614 5552 bono
2673 5510 2729 5554 et
2767 5499 3025 5554 laudabili
3078 5499 3362 5567 interpreti
3409 5512 3552 5568 sape

1976 5571 2288 5626 faciendum
2310 5567 2426 5622 est.
2478 5568 2590 5624 Nos
2635 5570 2680 5624 si
2737 5571 2790 5624 id
2843 5571 3024 5623 rarius
3069 5568 3325 5629 fecimus,
3365 5567 3549 5622 timori

1977 5651 2188 5702 nostro,
2213 5638 2308 5709 qui
2321 5637 2576 5762 {primum
2612 5642 2668 5698 in
2695 5640 2798 5696 hoc
2820 5639 3157 5694 curriculum
3187 5637 3553 5707 ingredimur,

1977 5712 2183 5762 aliauid
2214 5725 2315 5762 con
2360 5717 2578 5762 onetur.

1976 5712 2183 5783 aliquid
2214 5712 2578 5766 contionetur.
