4136 6288
261 389 270 398 ’
358 378 466 440 229

1523 378 2070 440 HISTORIARUM
2115 377 2349 442 LIBER
2395 377 2440 438 Ι.

3499 383 3614 447 230

363 482 632 553 βασιλέως
675 482 709 554 ἦ
764 479 1159 552 βουλεύσασθαι
1206 483 1589 554 συνεχώρησεν
1619 484 1652 556 ἢ
1683 485 1892 555 πρᾶξαι
1921 526 1924 535 ι

2041 483 2266 553 quando
2297 483 2476 552 ipsum
2509 484 2900 553 imperatorem
2924 485 3058 541 mihi
3092 493 3290 541 testem
3332 490 3610 557 apposuit:

361 575 486 628 οὔτε
515 573 644 637 τοὺς
677 575 1020 641 συκοφάντας
1050 575 1412 643 ἀνελέγκτους
1447 576 1577 644 άχρι
1611 577 1801 639 τέλους
1824 577 1940 629 δια-

362 667 560 720 τελεῖψ
591 664 709 719 ἀλλ’
731 664 895 717 αὑτὸν
923 665 1146 734 βασιλέα
1169 667 1425 735 μάρτυρα
1452 666 1601 735 ἔχειν
1632 669 1935 738 παρέσχεν,

363 757 438 818 ὡς
470 755 588 809 οὔτ’
619 756 782 816 αὐτὸς
829 755 1024 816 ἀδικῶ,
1063 755 1179 808 οὔθ’
1228 757 1278 809 el
1329 757 1793 824 συκοφαντοῦντες
1823 759 1940 810 ἀδι-

364 846 489 907 κίας
517 844 766 897 ἐνέλιπον
795 844 1058 911 οὐδεμίαν
1086 845 1421 915 ὑπερϐολήν.
1454 847 1518 900 Εἰ
1542 847 1597 900 δὲ
1627 848 1655 900 ὁ
1681 848 1937 916 βασιλεὺς

364 933 528 996 αὐτὸς
556 933 662 986 ὑπὸ
689 933 1109 1003 διεφθαρμένων
1144 935 1454 1005 ἀνθρῴπων
1481 938 1785 1006 ἀπατηθεὶς
1817 939 1934 1007 είρ-

360 1040 557 1091 γασται
599 1022 635 1077 ἃ
661 1023 736 1091 μὴ
766 1023 909 1086 δέον,
954 1025 1072 1077 ἀλλ’
1103 1026 1263 1094 ἡμεῖς
1296 1043 1359 1092 γε
1392 1029 1589 1094 γονέας
1633 1044 1692 1079 τε
1735 1029 1936 1092 εἰδότες

355 1116 542 1186 τιμᾷν,
576 1114 672 1196 καὶ
702 1114 767 1166 ἄν
793 1131 846 1166 τι
876 1117 967 1168 καὶ
995 1116 1316 1186 ἀδικώμεθα
1361 1111 1670 1188 ἀνέχεσθαι,
1704 1120 1830 1172 ὅσον
1863 1121 1930 1174 ἂν

360 1210 634 1280 παράσχοι
683 1210 815 1273 Θεὸς
869 1210 1298 1279 βουλευσάμενοι
1349 1213 1623 1282 δράσομεν
1652 1214 1781 1283 περί⁵
1826 1212 1934 1266 τῶν

366 1301 765 1370 προκειμένων.
810 1303 871 1354 ὐ
926 1303 1023 1370 μὲν
1055 1298 1149 1354 οὖν
1198 1304 1454 1370 πρέσϐις,
1491 1304 1750 1374 τοιαύτης
1799 1305 1936 1357 ἀπο-

297 1429 302 1432 -
363 1394 598 1464 κρίσεως
623 1394 770 1463 παρά
798 1394 1066 1463 βασιλέως
1089 1394 1291 1464 τυχὼν.
1320 1395 1560 1464 ἀπῆλθεν
1586 1396 1668 1458 είς
1688 1397 1748 1449 τὸ
1770 1412 1935 1465 στρα-

357 1486 584 1537 τόπεδον
615 1483 689 1546 ὡς
731 1487 846 1538 ἐκεῖ
899 1486 1233 1554 περιμενῶν,
1297 1486 1460 1556 ἄχρις
1493 1487 1560 1540 ἂν
1611 1487 1641 1538 ό
1677 1487 1934 1556 βασιλεὺς

359 1575 794 1646 βουλευσάμενος
831 1575 1202 1645 ἀποκρίνηται
1249 1577 1380 1646 περὶ
1429 1578 1532 1644 τῆς
1581 1579 1831 1648 εἰρήνης.
1875 1580 1932 1632 '0

359 1665 615 1735 βασιλεὺς
647 1665 693 1718 δ’
723 1665 840 1732 άμα
878 1665 958 1732 τῷ
1021 1667 1241 1736 μεγάλῳ
1297 1667 1605 1737 δομεστίκῳ
1625 1658 1697 1733 ,’ὄ
1721 1685 1773 1720 τι
1825 1670 1932 1742 χρὴ

358 1757 716 1810 ἐϐουλεύοντο
749 1759 1016 1826 πράττειν
1047 1758 1177 1825 περὶ
1213 1758 1322 1809 τῶν
1352 1761 1754 1828 προκειμένων,
1783 1760 1930 1824 ὅπως

354 1851 389 1920 ή
421 1850 617 1918 εἰρήνη
664 1848 877 1916 γένοιτο
903 1848 1152 1918 τοιαύτη,
1183 1840 1514 1912 σκοποῦντες
1543 1850 1618 1914 ὡς
1656 1853 1929 1920 μηδεμίαν

359 1943 636 2009 πρόφασιν
681 1937 827 2007 ἔχειν
886 1938 1014 2000 τοὺς
1072 1939 1418 2007 συκοφάντας
1478 1941 1616 2010 πρὸς
1663 1939 1928 2009 ἀλλήλους

354 2030 669 2084 διαϐάλλειν
727 2030 855 2091 τοὺς
921 2029 1336 2099 βασιλέαςῖκαὶ
1375 2030 1614 2100 πόλεμον
1650 2033 1742 2083 ἐπὶ
1784 2032 1928 2102 λύμῃ

355 2120 470 2174 τῶν
497 2121 696 2174 κοινῶν
731 2123 1076 2191 πραγμάτων
1115 2123 1312 2175 κινεῖν.
1373 2121 1579 2175 Ἐδόκει
1626 2121 1692 2192 δὴ
1719 2120 1929 2175 λυσιτε-

353 2213 470 2266 λεῖν
502 2213 689 2276 αὐτοῖς
733 2231 790 2265 τε
839 2212 975 2281 ὁμοῦ
1004 2213 1102 2267 καὶ
1139 2211 1239 2283 τὴν
1278 2215 1540 2283 στρατιὰν
1596 2217 1692 2266 καὶ
1743 2214 1929 2274 πόλεις

357 2307 543 2368 πάσας
583 2306 679 2358 καὶ
716 2304 815 2375 τὴν
849 2305 1114 2374 διοίκησιν
1169 2305 1280 2357 τῶν
1316 2303 1519 2357 κοινῶν
1583 2304 1926 2373 πραγμάτων

353 2399 432 2466 τῷ
465 2399 684 2467 βασιλεί
726 2395 1150 2466 ἐπιτρέψαντας,
1204 2396 1407 2459 αὐτοὺς
1442 2395 1535 2448 ὑπ’
1564 2397 1774 2452 ἐκεῖνον
1797 2397 1929 2465 άγε-

355 2487 505 2548 σθαι,
545 2485 641 2537 καὶ
687 2487 765 2546 εἰς
815 2485 1088 2553 ὑπηκόους
1146 2484 1324 2538 τελεῖν
1366 2484 1435 2536 τά
1473 2485 1926 2554 προσταττόμενα

353 2572 791 2642 ἐκπληροῦντας.
828 2572 984 2625 Οὕτω
1017 2574 1127 2641 γάρ
1160 2573 1288 2634 τοὺς
1319 2572 1710 2634 διαϐάλλοντας
1741 2573 1926 2645 χώραν

353 2665 611 2733 οὐδεμίαν
653 2665 718 2717 ἂν
746 2664 912 2732 σχεῖν,
940 2663 1161 2716 πάντων
1193 2663 1332 2732 ὁμοῦ
1367 2665 1667 2733 χρημάτων
1689 2665 1796 2718 ὑπὸ
1825 2666 1924 2719 τοῦ

355 2755 738 2825 πρεσϐυτέρου
768 2754 1036 2823 βασιλέως
1073 2753 1482 2824 διοικουμένων.
1523 2755 1615 2818 Εἰς
1639 2754 1740 2826 τὴν
1767 2757 1925 2810 ὕστε-

355 2849 517 2919 ραίαν
552 2849 608 2901 δὲ
628 2847 675 2900 ’ὁ
709 2848 828 2908 νέος
863 2845 1122 2914 βασιλεὺς
1165 2833 1291 2908 τοῦς
1321 2848 1378 2898 ὲν
1409 2847 1558 2900 τέλει
1589 2848 1801 2912 πάντας
1825 2849 1922 2903 καὶ

353 2942 632 3010 ἡγεμόνας
678 2940 772 2992 καὶ
809 2940 936 3000 τοὺς
973 2937 1207 3005 λογάδας
1248 2939 1351 3006 τῆς
1401 2941 1663 3008 στρατιᾶς
1699 2942 1780 3003 εἰς
1831 2943 1923 2994 δι’

351 3033 583 3102 κλησίαν
645 3030 991 3097 συναγαγὼν,
1048 3026 1170 3082 εἷπε
1225 3032 1428 3084 τοιάδεο
1475 3032 1558 3084 Τά
1607 3035 1669 3086 ὲκ
1694 3033 1789 3086 τοῦ
1827 3051 1922 3086 πο-

271 3107 274 3114 ’
351 3125 522 3192 λέμου
574 3122 823 3191 φυόμενα
854 3122 1004 3175 κακά
1047 3123 1144 3175 καὶ
1197 3121 1433 3191 μάλιστα
1478 3124 1575 3176 τοῦ
1631 3126 1914 3194 δμφυλίου,
1947 3137 1995 3200 (ς

351 3215 448 3265 καὶ
501 3207 838 3282 πολλαχόθεν
894 3211 991 3280 μὲν
1021 3211 1267 3267 άλλοθεν
1324 3212 1502 3280 ἔξεστι
1560 3217 1916 3285 καταμαθεῖν·

355 3304 595 3372 μάλιστα
651 3302 696 3356 δ’
730 3303 794 3356 άν
831 3320 913 3366 τις
951 3304 1092 3357 αὐτὰ
1136 3305 1347 3359 κατίδοι
1397 3308 1492 3359 καὶ
1527 3309 1631 3361 ἀπὸ
1680 3308 1773 3364 τοῦ
1803 3310 1922 3364 νυνὶ

351 3393 488 3462 εμοῦ
524 3409 583 3444 τε
626 3394 830 3462 μεταξὺ
881 3396 976 3447 καὶ
1006 3395 1270 3463 βασιλέως
1306 3397 1622 3467 κινηθέντος
1657 3401 1916 3468 πολέμου.

361 3483 452 3535 Ἐν
507 3484 620 3550 γὰρ
669 3481 840 3551 ὀλίγῳ
887 3483 1066 3554 χρόνῳ
1102 3484 1358 3539 τοσοῦτον
1406 3487 1562 3540 αὐτοὶ
1591 3488 1680 3556 ὑφ’
1712 3490 1921 3544 ἑαυτῶν

347 3573 750 3642 διεφθείραμεν
801 3572 904 3639 τῆς
952 3573 1238 3642 δυνάμεως
1264 3578 1422 3644 ἡμῶν
1444 3617 1458 3640 ,
1490 3579 1612 3631 ὅσον
1648 3581 1758 3633 οὐδ’
1783 3583 1920 3650 ὁμοῦ

350 3667 556 3728 πάντες
609 3666 660 3718 oi
711 3666 995 3732 πρόσοικοι
1050 3667 1184 3733 ἡμῖν
1235 3665 1506 3736 βάρϐαροι
1563 3670 1921 3739 ἐπιστρατεύ-

350 3774 540 3821 σαντες
581 3755 864 3826 ὁμονοοῦσι
915 3757 1358 3823 κατεργάσασθαι
1388 3759 1612 3829 ἴσχυσαν
1638 3762 1723 3817 ἄν.
1762 3765 1826 3816 Ὃ
1855 3765 1920 3834 δὴ

349 3851 447 3904 καὶ
475 3850 630 3902 αὐτοὶ
658 3849 840 3909 καλῶς
867 3847 1172 3911 συνιδόντες
1197 3849 1255 3900 ἐν
1281 3851 1480 3919 ἀρχαῖς
1506 3853 1742 3920 μάλιστα
1766 3856 1919 3908 τοῦδε

349 3939 443 3993 τοῦ
481 3938 747 4007 πολέμου,
789 3938 1090 4007 πρεσϐείαν
1134 3939 1554 4001 ἀποστείλαντες
1590 3943 1725 4012 πρὸς
1766 3943 1920 4013 βασι-

346 4033 446 4084 λέα
474 4023 603 4100 napi
631 4031 874 4099 εἰρήνης,
901 4027 1108 4081 ἐδεῖσθε
1165 4029 1343 4096 κάμοῦ
1387 4032 1714 4096 συνειδότος.
1761 4034 1846 4089 Ὠς
1876 4034 1920 4085 δ’

344 4123 542 4192 ἠνύετε
569 4123 728 4190 ὑμεῖς
783 4121 956 4184 οὐδὲν,
1008 4119 1424 4189 έπρεσσευόμην
1464 4123 1557 4174 καὶ
1591 4124 1754 4186 αὐτὸς
1788 4126 1919 4194 περὶ

347 4215 462 4266 τῶν
501 4214 652 4277 ίσων,
693 4211 864 4265 πολλά
917 4212 1167 4280 δεόμενος
1225 4212 1491 4280 βασιλέως
1543 4214 1619 4283 μὴ
1656 4217 1919 4285 περιϊδεῖν
1955 4265 1968 4271 -

346 4304 496 4373 ἡμᾶς
554 4303 755 4364 αὐτοὺς
815 4299 908 4368 ὑφ’
954 4301 1164 4353 ἑαυτῶν
1199 4303 1256 4353 ἐν
1283 4301 1362 4370 τῷ
1393 4303 1527 4372 πρὸς
1554 4304 1680 4365 τοὺς
1719 4305 1922 4373 ὁμοφύ-

347 4396 476 4456 λους
503 4394 725 4462 πολέμῳ
751 4392 1175 4462 διαφθαρέντας,
1223 4395 1319 4445 καὶ
1349 4393 1448 4463 τὴν
1472 4396 1700 4462 εἰρήνην
1723 4395 1914 4466 ὥσπερ

347 4503 402 4538 τι
452 4485 708 4554 μέγιστον
759 4485 869 4536 τῶν
921 4483 1383 4553 εὐεργετημάτων
1431 4484 1616 4554 ᾔτουν.
1655 4485 1786 4538 Τότε
1821 4488 1917 4555 μὲν

344 4577 439 4630 οὖν
492 4576 650 4643 ἡμῶν
696 4575 968 4642 δεομένων
1021 4577 1228 4635 ἐκεῖνος
1286 4575 1349 4626 οὐ
1392 4575 1759 4644 προσεδέξατο
1792 4585 1916 4639 τους

346 4672 482 4738 περὶ
534 4668 636 4730 τῆς
696 4668 925 4737 εἰρήνης
971 4667 1163 4733 λόγους
1188 4683 1201 4695 ·
1252 4668 1370 4720 νυνὶ
1397 4668 1452 4718 δὲ
1491 4669 1570 4729 ei,-
1595 4667 1754 4721 τοῦτο
1786 4669 1916 4731 Θεὸς

347 4757 679 4825 περιέστησε
735 4756 805 4807 τά
850 4754 1175 4823 πράγματα,
1232 4752 1362 4805 ὥστ’
1401 4755 1599 4815 αὐτοὺς
1657 4756 1786 4816 τοὺς
1841 4756 1916 4824 μὴ

347 4845 816 4914 προσδεχομένους
862 4844 985 4896 τότε
1013 4842 1114 4910 τὴν
1148 4843 1393 4912 εἰρήνην,
1428 4843 1584 4912 ἥκειν
1612 4845 1742 4912 παρ’
1769 4846 1916 4914 ἡμᾶς

343 4936 637 5004 δεομένους
678 4934 803 5001 περὶ
836 4931 946 4983 τῶν
988 4930 1211 4998 ὁμοίων,
1247 4924 1322 4982 Ub
1383 4930 1446 4999 δὴ
1504 4929 1665 4982 ἕνεκα
1698 4933 1914 5000 πρῶτον

351 5029 452 5097 μὲν
482 5024 724 5094 ἠγοῦμαι
762 5023 1064 5092 προσήκειν
1098 5021 1247 5090 ἡμᾶς
1305 5019 1505 5083 πολλάς
1553 5021 1646 5092 τῆς
1697 5024 1916 5094 εὐεργε-

351 5121 477 5180 σίας
531 5120 760 5186 χάριτας
817 5114 1100 5182 ὁμολογεῖν
1148 5110 1268 5181 Θεῷ
1345 5112 1626 5182 κρείττους
1669 5114 1757 5166 ἀεὶ
1809 5113 1916 5167 τῶν

345 5207 826 5275 ἀντιτεταγμένων
877 5201 1290 5257 ἀποδεικνύντι·
1327 5202 1522 5255 ἔπειτα
1564 5203 1619 5256 δὲ
1663 5204 1915 5274 ἀσμένως

348 5298 749 5371 προσδέχεσθαι
804 5297 898 5346 καὶ
948 5293 1049 5364 τὴν
1083 5293 1343 5362 εἰρήνην*
1391 5295 1484 5346 καὶ
1541 5293 1616 5364 μὴ
1669 5294 1758 5347 διὰ
1816 5303 1915 5364 τὴν

351 5389 559 5462 μικράν
608 5385 816 5455 ταύτην
863 5383 1118 5462 εὐτυχίης)
1181 5381 1432 5444 αὐθάδεις
1487 5384 1776 5452 φαίνεσθαι
1821 5387 1916 5438 καὶ

347 5454 599 5550 θρασεῖς·
631 5474 752 5528 ἀλλ’
771 5454 1002 5527 Ῠικείνον
1053 5454 1190 5524 εἶναι
1225 5471 1545 5540 νομίζοντας
1575 5473 1668 5525 τὸν
1698 5474 1912 5541 καιρὸν,

340 5571 504 5640 ήνίκα
549 5563 899 5637 βουλομένοις
947 5562 1080 5631 ἡμῖν
1125 5561 1401 5628 ἀναγκαία
1429 5561 1601 5612 ἐδόκει
1641 5561 1913 5631 ήείρήνη,

342 5661 484 5713 οὕτω
531 5654 700 5711 πάλιν
756 5652 852 5706 καλ⁵
899 5648 1250 5721 βουλεύεσθαι
1298 5650 1391 5700 καὶ
1417 5649 1750 5718 ψηφίζεσθαι
1788 5653 1916 5718 περὶ

347 5753 538 5823 αὐτῆς.
568 5747 732 5803 Οὕτω
756 5739 848 5798 τοῦ
873 5741 1137 5810 βασιλέως
1169 5739 1475 5809 εἰρηκότος,
1497 5742 1525 5793 ό
1553 5741 1730 5810 μέγας
1750 5741 1914 5810 δομέ-

2043 589 2149 628 nec
2180 591 2266 629 me
2298 575 2462 628 ullam
2497 575 2578 628 illi
2611 576 2882 646 irrogasse
2913 577 3196 647 injuriam,
3244 589 3300 632 et
3353 579 3614 634 crimina-

2044 674 2192 720 tores
2220 665 2288 719 ad
2323 680 2410 719 me
2444 665 2664 733 injuriis
2689 667 3032 722 onerandum
3065 668 3199 722 nihil
3229 668 3430 724 iecisse
3477 670 3614 724 reli-

2042 755 2158 824 qui.
2182 755 2250 809 Et
2281 756 2533 825 quamvis
2565 755 2658 810 ille
2684 771 2714 810 a
2738 757 2970 826 perditis
3006 759 3325 814 hominibus
3349 761 3615 829 deceptus

2041 844 2113 898 ab
2141 843 2319 898 otiicin
2353 844 2630 911 discessit,
2661 855 2841 900 tamen
2874 863 2996 914 nos,
3028 850 3123 918 qui
3158 860 3416 918 parentes
3443 851 3617 905 bona-

2041 950 2184 999 rare,
2241 945 2299 990 et
2348 937 2480 991 licet
2540 936 2610 991 ab
2666 936 2736 991 iis
2783 938 2952 993 etiam
2992 940 3212 1010 indigne
3259 941 3610 1008 habeantur,

2041 1024 2279 1080 suﬂ‘erre
2309 1040 2375 1080 ae
2412 1027 2627 1094 perpeti
2655 1027 2929 1094 novimus,
2957 1044 3072 1084 rem
3103 1031 3530 1102 perpendemus,
3553 1039 3612 1085 et
3709 1067 3714 1074 ο

2038 1123 2301 1182 quantum
2337 1115 2483 1169 Deus
2501 1117 2863 1181 concesserit,
2887 1117 3176 1174 faciemus.
3199 1119 3436 1191 Legatus
3487 1124 3612 1177 ade-

2037 1215 2132 1276 pto
2155 1206 2260 1260 bec
2290 1213 2556 1277 responso
2587 1208 2641 1263 in
2667 1217 2842 1264 castra
2880 1209 3038 1276 abiit,
3068 1221 3484 1281 exspectaturus
3511 1213 3607 1277 ibi,

2037 1297 2170 1351 dum
2216 1307 2341 1366 post
2372 1299 2834 1352 consultationem
2865 1303 2997 1354 certi
3054 1302 3259 1370 aliquid
3310 1303 3610 1372 acciperet.

2044 1387 2350 1457 Imperator
2382 1402 2506 1441 cum
2535 1401 2732 1457 magno
2768 1389 3095 1455 domestico,
3132 1391 3262 1460 quid
3300 1392 3354 1446 in
3379 1408 3438 1448 re
3471 1409 3610 1463 pra:-

2036 1478 2177 1532 senti
2201 1493 2363 1547 agere
2387 1479 2671 1535 conveniat
2719 1483 3001 1550 exquirit,
3033 1492 3089 1536 et
3113 1485 3428 1538 considerat
3472 1501 3608 1554 qua-

2035 1583 2164 1622 nam
2205 1569 2420 1624 ratione
2459 1569 2732 1639 ejusmodi
2763 1587 2867 1640 pax
2888 1574 3402 1644 constituatur,qua
3432 1575 3610 1645 impe-

2035 1660 2314 1714 ratoribus
2339 1659 2407 1714 de
2433 1661 2610 1715 altero
2633 1661 2777 1730 apud
2817 1663 3052 1717 alterum
3087 1664 3437 1732 detrahendi,
3484 1667 3606 1722 bel-

2033 1751 2258 1820 lumque
2300 1767 2426 1806 cum
2475 1753 2720 1822 pernicie
2753 1754 3070 1824 reipublicae
3105 1758 3486 1813 commovendi
3513 1775 3602 1831 sy-

2033 1841 2326 1909 cophantis
2380 1841 2562 1897 omnis
2622 1843 2839 1897 occasio
2908 1845 3264 1913 praecidatur.
3299 1847 3602 1913 Statutum,

2031 1929 2366 1994 conducere,
2397 1931 2442 1986 si
2473 1931 2636 1985 simul
2666 1931 2900 2001 scipsos,
2930 1934 3256 1998 exercitum,
3285 1936 3452 1992 urbes
3480 1937 3605 1993 uni-

2031 2040 2240 2088 versas,
2276 2026 2446 2080 totius
2494 2026 2712 2095 imperii
2761 2027 3138 2098 gubernacula
3171 2031 3292 2086 seni
3342 2034 3601 2088 commit-

2031 2124 2167 2180 tant,
2203 2131 2233 2170 a
2267 2131 2377 2184 quo
2407 2131 2507 2185 pro
2538 2117 2801 2186 subjectis
2844 2127 3123 2187 regantur,
3154 2128 3210 2176 et
3254 2122 3416 2193 cujus
3446 2123 3603 2192 jussa

2029 2205 2300 2259 factitent.
2333 2206 2448 2271 Sic,
2486 2206 2580 2260 illo
2623 2206 2740 2261 solo
2775 2222 2960 2263 rerum
3011 2209 3257 2274 domino,
3313 2213 3601 2267 materiam

2028 2297 2370 2351 obtrectandi
2395 2298 2604 2351 nullam
2639 2298 2777 2352 lore.
2805 2299 2901 2354 Die
2935 2309 3158 2368 postero
3183 2301 3486 2371 imperator
3507 2319 3603 2358 co-

2027 2390 2166 2444 actis
2197 2389 2254 2442 in
2288 2390 2613 2444 concionem
2659 2390 3022 2458 eptimatibus
3067 2407 3133 2460 ac
3187 2394 3424 2451 ducibus
3474 2397 3598 2452 uni-

2029 2477 2222 2538 versis,
2251 2491 2376 2529 cum
2409 2477 2544 2532 ﬂore
2575 2477 2874 2542 exercitus,
2909 2480 3014 2534 hoc
3039 2482 3276 2542 maxime
3302 2485 3467 2540 modo
3491 2487 3602 2542 dis-

2027 2567 2231 2622 seruit:
2257 2567 2391 2634 Quae
2422 2569 2772 2625 incommoda
2800 2571 2964 2637 bello,
3001 2589 3066 2627 ac
3097 2576 3398 2642 praisertim
3425 2577 3599 2641 civili.

2031 2658 2419 2727 importentur,
2461 2675 2588 2714 cum
2635 2660 2861 2719 aliunde
2915 2664 3101 2719 multis
3122 2667 3414 2737 exemplis,
3482 2678 3597 2723 tum

2026 2750 2327 2819 praisertim
2353 2765 2421 2803 ex
2447 2766 2516 2805 eo
2539 2752 2851 2820 perspicere
2877 2753 3063 2820 datur,
3088 2756 3237 2824 quod
3266 2773 3416 2812 nunc
3449 2759 3598 2813 inter

2001 2847 2114 2894 ’ωε
2138 2857 2409 2910 avumque
2429 2858 2612 2896 meum
2629 2842 2842 2913 ﬂagrat.
2863 2843 3020 2901 Brevi
3040 2849 3188 2901 enim
3216 2857 3457 2916 tempore
3475 2859 3599 2904 tan-

2027 2939 2143 2984 tum
2165 2933 2265 3000 ipsi
2292 2931 2592 3001 potentiam
2611 2945 2854 2988 nostrain
2874 2937 3476 3008 attrivimus,quantum
3495 2955 3600 2997 nec

2024 3035 2218 3076 omnes
2239 3022 2399 3076 simul
2431 3021 2748 3077 circumfusi
2779 3024 3015 3088 barbari,
3037 3026 3197 3080 nobis
3228 3030 3596 3084 concordibus

2027 3121 2271 3168 atterere
2312 3124 2368 3167 et
2419 3116 2744 3171 imminuere
2773 3116 3097 3184 potuissent.
3130 3119 3287 3184 Quod
3337 3135 3464 3174 cum
3498 3137 3598 3176 vos

2025 3201 2171 3256 haud
2199 3201 2433 3271 fugeret,
2465 3201 2696 3256 exordio
2736 3203 2919 3255 statim
2952 3203 3081 3257 belli
3119 3203 3284 3272 hujus
3314 3203 3590 3271 legatiOnc

2031 3294 2099 3347 ad
2130 3293 2538 3361 imperatorem,
2568 3307 2654 3347 me
2688 3308 2796 3347 non
2824 3293 2999 3348 inscio
3030 3294 3216 3359 missa,
3239 3310 3424 3362 pacem
3455 3296 3594 3365 peti-

2021 3383 2202 3437 vistis.
2238 3383 2373 3448 Quia
2419 3397 2516 3436 vos
2546 3383 2683 3437 nibil
2717 3383 3112 3452 impetrabatis,
3142 3399 3244 3455 ego
3266 3385 3590 3454 legationem

2023 3473 2239 3536 iteravi,
2259 3474 2502 3540 impense
2529 3489 2688 3528 avum
2715 3489 2900 3538 orans,
2926 3490 2993 3529 ne
3020 3491 3119 3529 nos
3145 3477 3392 3548 ejusdem
3414 3479 3594 3548 gentis

2023 3567 2274 3620 burnines
2314 3565 2524 3620 mutuis
2563 3567 2732 3622 armis
2775 3568 2943 3622 deleri
2979 3580 3282 3637 pateretur,
3315 3581 3370 3624 et
3397 3585 3590 3640 pacem

2023 3673 2124 3724 pro
2156 3658 2637 3744 munereﬁummo
2658 3673 2982 3726 exposcens.
3017 3658 3155 3711 Tum
3187 3661 3472 3729 igiturnos
3501 3677 3592 3715 ro-

2023 3757 2212 3816 gantcs
2233 3749 2325 3803 ille
2352 3751 2544 3804 audire
2573 3751 2750 3806 noluit
2783 3767 2796 3803 :
2852 3766 3022 3814 nunc,
3065 3752 3252 3806 divino
3296 3762 3454 3820 nutu,
3485 3753 3584 3823 qui

2021 3855 2212 3910 pacem
2235 3851 2347 3896 tum
2367 3843 2742 3910 repudiabant,
2761 3842 3010 3896 eamdem
3039 3861 3070 3897 ει
3097 3844 3258 3898 nobis
3294 3845 3588 3912 impetrare

2021 3945 2292 4002 satagunt.
2319 3933 2499 3998 Quare
2554 3933 2798 4002 primum
2847 3949 2946 4001 par
2978 3949 3100 3987 esse
3148 3934 3317 3996 duco,
3365 3950 3467 3987 nos
3517 3936 3585 3988 de

2023 4035 2175 4078 tanto
2199 4023 2467 4078 beneﬂcio
2488 4030 2672 4092 grates
2697 4023 2806 4076 Deo
2839 4023 3171 4091 persolvere,
3198 4023 3290 4090 qui
3319 4023 3588 4078 hactenus

2023 4130 2240 4183 semper
2278 4113 2516 4167 inimicis
2565 4127 2668 4167 nos
2701 4112 3016 4180 superiores
3051 4111 3311 4166 reddidit.
3343 4112 3452 4182 97
3482 4113 3590 4168 De-

2023 4205 2149 4258 inde
2165 4204 2327 4258 etiam
2358 4216 2467 4256 non
2488 4202 2688 4256 invitos
2721 4216 2908 4269 pacem
2959 4201 3272 4265 admittere,
3304 4218 3404 4256 nec
3457 4219 3584 4272 pro-

2008 4302 2144 4365 pter
2178 4295 2283 4348 boc
2324 4293 2513 4347 nescio
2571 4292 2700 4361 quid
2740 4292 3013 4348 fclicitatis
3055 4291 3112 4349 in
3170 4295 3479 4364 superbiam
3527 4305 3586 4352 et

2022 4385 2410 4440 conﬁdentiam
2467 4382 2668 4446 delabi,
2710 4383 2804 4436 sed
2846 4383 3189 4448 existimare,
3246 4401 3392 4440 nunc
3445 4387 3580 4440 illud

1945 4463 1996 4520 D
2022 4488 2142 4528 esse
2177 4483 2408 4544 tempus.
2442 4487 2552 4541 quo
2579 4472 3021 4526 consultantibus
3055 4473 3211 4526 nobis
3242 4489 3345 4542 pax
3393 4491 3585 4535 neces-

2019 4564 2166 4617 s;xria
2199 4563 2524 4632 apparebat;
2557 4550 2898 4631 proindeque
2932 4561 3186 4615 similiter
3213 4563 3269 4617 in
3297 4567 3581 4632 praesentia

2019 4633 2086 4706 de
2107 4669 2170 4706 ea
2211 4653 2518 4706 chberarc
2544 4661 2710 4719 atque
2759 4662 3024 4704 statuere.
3061 4651 3184 4705 Mox
3217 4662 3277 4706 ut
3310 4655 3467 4708 linem
3497 4657 3580 4711 lo—

2018 4743 2222 4810 quendi
2274 4742 2404 4798 fecit
2457 4742 2781 4810 imperator,
2835 4757 3062 4812 magnus
3105 4742 3440 4800 domesticus
3497 4749 3583 4802 bis

2019 4831 2204 4885 verbis
2230 4839 2452 4886 secutus
2479 4841 2561 4886 est
2588 4847 2600 4883 :
2636 4830 2775 4896 Quid
2808 4832 3045 4885 ollicium
3079 4847 3110 4886 a
3149 4834 3306 4888 nobis
3335 4837 3580 4904 postula-

2018 4931 2124 4985 ret,
2149 4922 2445 4991 imperator
2476 4921 2712 4992 perfecte
2745 4924 2933 4977 docuit
2960 4940 2976 4980 ξ
3012 4935 3112 4978 nec
3137 4936 3220 4979 est
3245 4929 3394 4996 quod
3429 4932 3582 4996 quis-

2019 5027 2182 5081 quam
2213 5012 2412 5066 addere
2435 5012 2595 5065 dictis
2649 5011 2838 5079 possit.
2895 5011 3028 5064 Nam
3067 5013 3231 5065 rebus
3292 5016 3576 5082 prosperis

2018 5119 2125 5156 non
2155 5102 2338 5156 eﬂ‘erri
2395 5113 2558 5171 atque
2590 5102 2790 5164 inﬂari,
2844 5102 3213 5156 modestorum
3241 5117 3302 5154 ac
3349 5103 3577 5158 tertium

2018 5195 2298 5246 virorum:
2332 5202 2386 5247 et
2436 5201 2687 5260 parentes
2721 5192 2974 5255 revereri,
3025 5206 3085 5245 ac
3127 5193 3416 5258 honerare,
3461 5196 3579 5262 jus-

2019 5301 2140 5338 sutn
2180 5285 2384 5354 pariter
2432 5299 2496 5338 ac
2551 5282 2920 5336 necessarium
2955 5298 3078 5336 esse
3125 5285 3386 5339 ostendit.
3434 5285 3610 5340 Prae-.

2019 5384 2166 5429 tcrea
2191 5372 2435 5444 ejusdem
2471 5371 2650 5442 gentis
2697 5371 2958 5424 societate
2991 5371 3151 5426 nobis
3193 5372 3573 5429 devinctorum

2017 5481 2202 5520 curam
2235 5462 2552 5533 gerendam,
2589 5475 2891 5529 eorumque
2923 5461 3154 5515 salutem
3184 5463 3236 5516 in
3269 5463 3460 5532 primis
3489 5463 3574 5520 di-

2020 5555 2313 5625 ligendam,
2359 5560 2417 5604 ut
2451 5566 2515 5604 ea
2547 5566 2656 5604 non
2691 5551 2867 5606 solum
2903 5561 3126 5619 propter
3169 5551 3573 5609 aemulationem

2019 5664 2127 5704 non
2160 5652 2564 5707 contemnatur,
2607 5643 2702 5698 sed
2721 5643 2840 5712 ejus
2859 5643 3076 5697 tuenda:
3097 5657 3281 5708 causa,
3301 5643 3349 5697 si
3378 5645 3452 5699 ita
3478 5661 3577 5702 ne-

2019 5752 2173 5794 cesse
2203 5735 2294 5803 sit,
2324 5733 2490 5788 etiam
2519 5734 2584 5788 de
2619 5731 2856 5803 propriis
2889 5731 3098 5801 aliquid
3156 5733 3394 5789 libenter
3415 5739 3576 5794 amit-
