4136 6288
582 363 653 425 93
663 361 682 424 l

1750 357 2071 422 JOAN'NIS
2110 358 2636 422 CANTACUZENI

3717 367 3823 427 23?.

582 486 751 538 tatur,
779 475 940 542 idque
969 473 1238 526 bonorum
1270 487 1335 526 ac
1363 470 1718 542 prudentium
1757 485 1962 524 munus
1991 471 2140 524 vide

2259 489 2442 534 στικος
2477 471 2698 542 ἐφεξῆς,
2726 473 2891 526 Οὐδὲν
2930 471 3177 525 ἐνέλιπεν
3203 473 3231 526 ό
3262 471 3548 540 βασιλεὺς,
3580 473 3706 544 ἔφη,
3731 478 3827 527 τοὺ

580 568 649 623 ri.
681 568 892 633 Quibus
917 567 1063 620 enim
1104 566 1468 620 iacommod-is
1501 566 1778 634 quispiam
1813 564 2153 618 necessarios

579 673 709 713 suos
737 665 795 711 et.
823 657 1183 726 homnpbylos
1211 657 1513 710 conflictari
1541 657 1763 724 patitur,
1797 654 1990 708 iisdem
2036 655 2152 722 ipse

572 753 801 818 nescius
829 749 1217 803 conﬂictatur:
1259 759 1315 801 et
1373 748 1547 801 solum
1599 747 1747 800 cives
1777 759 1905 799 suos
1930 745 2148 808 vicisse,

581 859 687 895 non
714 843 933 903 vicisse,
963 840 1056 892 sed
1092 839 1406 907 turpissim’e
1437 839 1642 891 vit-tum
1666 853 1788 891 esse
1812 836 2149 890 arbitremur

578 934 732 988 licet.
757 932 934 998 Caput
957 946 1020 984 ac
1057 944 1268 983 summa
1302 929 1498 982 horum
1528 937 1631 992 est,
1661 929 1831 982 Deum
1865 929 2151 984 universo.

585 1039 706 1076 rum
776 1023 1171 1089 inspectorem,
1224 1021 1351 1088 quia
1410 1007 1512 1073 nos
1559 1020 1742 1073 oblata
1785 1019 2148 1088 prosperitate

577 1121 769 1182 probe.
807 1124 993 1181 atque,
1019 1123 1072 1164 ut
1129 1111 1408 1174 convenit,
1449 1126 1512 1165 ac
1561 1111 1679 1164 sine
1713 1110 1854 1165 fastu
1904 1111 2005 1174 uti,
2045 1124 2149 1164 nec

578 1204 703 1256 inde
733 1218 907 1256 Stevos
935 1215 988 1256 et
1027 1203 1296 1256 immanes
1322 1202 1561 1255 evasisse
1611 1200 1784 1264 videt,
1815 1201 2010 1255 multis
2044 1200 2150 1255 huc

576 1294 884 1364 juscemodi
946 1309 1010 1348 ac
1043 1293 1344 1363 majoribus
1367 1292 1532 1346 etiam
1561 1291 1848 1346 beneflciis
1890 1305 2150 1359 prosecu-

579 1397 784 1438 turum.
820 1386 876 1439 Si
909 1385 1241 1462 igiturjusta
1268 1393 1324 1437 et
1351 1382 1682 1446 necessaria,
1717 1382 1760 1436 si
1806 1397 1931 1436 cum
1971 1380 2148 1436 Salute

575 1486 630 1530 et
661 1477 834 1544 gloria
869 1483 1050 1529 Vestra
1083 1475 1396 1529 consociata
1433 1483 1562 1526 sunt
1589 1488 1714 1542 qua:
1743 1475 2146 1539 consuluntur,

580 1566 685 1619 hoc
722 1580 890 1618 unum
923 1575 1196 1634 superest,
1222 1573 1283 1616 ut
1330 1576 1429 1616 nos
1480 1576 1698 1631 quoque
1746 1560 2146 1616 assentiamini.

578 1658 691 1727 Ego
737 1657 851 1725 ipse
869 1671 1004 1726 qua:
1047 1657 1192 1710 dicta
1221 1663 1351 1709 sunt
1419 1653 1682 1722 approbo,
1715 1654 1971 1720 idemque
2025 1665 2149 1707 sen-

2258 563 2334 633 μὴ
2353 563 2562 628 διδάξαι
2597 564 2709 617 τῶν
2736 565 2963 618 δεόντων
2991 566 3138 634 ἡμᾶς
3162 563 3295 616 ὥσθ’
3319 566 3404 617 Et:
3416 565 3506 636 ρόν
3526 583 3650 618 τινα
3679 567 3825 635 ἔχειν

2251 656 2365 716 τοῖς
2419 657 2732 728 εἰρημένοις
2788 657 3127 726 προσθεῖναι.
3200 656 3273 708 Τό
3333 673 3394 709 τε
3447 656 3557 726 γὰρ
3606 659 3666 709 ὲν
3705 659 3826 721 ταῖς

2253 747 2530 814 εὐτυχίαις
2578 748 2654 816 μὴ
2704 746 3016 815 φυσῆσθαι,
3067 748 3364 817 σωφρόνων
3408 749 3504 801 καὶ
3556 750 3826 820 ἀνδρείων

2251 836 2536 902 ἀπέδειξεν
2584 837 2644 890 ὃν
2691 837 2937 905 ἀνδρῶν·
2991 839 3082 890 καὶ
3140 838 3201 890 τδ
3252 839 3375 901 τοὺς
3422 841 3825 909 γεγεννηκότας

2251 929 2516 982 αἰδεῖσθαί
2540 945 2598 982 τε
2645 930 2742 982 καὶ
2770 930 2956 996 τιμᾷν,
2995 931 3090 980 καὶ
3121 929 3330 982 δίκαιον
3372 929 3488 999 ἅμα
3519 931 3612 983 καί
3655 932 3827 997 ἀναγ-

2253 1021 2426 1072 καῖον.
2481 1020 2588 1071 Καὶ
2643 1018 2703 1070 τὸ
2757 1019 2863 1071 τῶν
2917 1020 3210 1086 ὁμοφύλων
3260 1019 3520 1090 κήδεσθαι
3554 1021 3826 1092 καὶπερὶ

2252 1112 2506 1165 πλείστου
2541 1111 2637 1180 τὴν
2669 1110 2945 1181 σωτηρίαν
2967 1111 3148 1164 αὐτῶν
3170 1111 3468 1172 ποιεῖσθαι,
3497 1115 3593 1166 καὶ
3631 1114 3708 1184 μὴ
3736 1114 3828 1168 διά
3925 1147 3927 1150 ‹

2251 1204 2591 1269 φιλονεικίαν
2615 1202 2995 1273 φθειρομένοις
3031 1206 3319 1274 περιἰρᾷν,
3361 1203 3502 1270 ἀλλ’,
3525 1203 3573 1256 εἰ
3623 1204 3722 1266 δεῖ,
3770 1205 3824 1256 τί.

2251 1293 2347 1345 καὶ
2396 1293 2508 1346 ¹τῶν
2560 1293 2781 1345 οἰκείων
2847 1293 3132 1360 πριιϊεσθαι
3181 1291 3277 1346 τοῦ
3335 1292 3607 1357 σώζεσθαι
3658 1295 3825 1346 ἕνεκα

2248 1382 2456 1445 αὐτοῖς,
2487 1383 2547 1435 οὐ
2573 1382 2734 1452 μόνον
2765 1382 3008 1450 ἀγαθῶν,
3044 1384 3183 1436 ἀλλὰ
3220 1384 3308 1436 καὶ
3354 1383 3568 1436 συνέσει
3623 1400 3826 1453 κεχρη-

2253 1474 2430 1542 μένων
2463 1471 2766 1543 ἀνθρώπων
2795 1469 2957 1527 εἶναι.
2981 1469 3077 1536 Οἷς
3103 1477 3212 1544 γὰρ
3241 1476 3306 1528 ἄν
3331 1492 3412 1536 τις,
3437 1475 3563 1536 τοὺς
3587 1475 3824 1535 οἰκείους

2250 1567 2342 1618 καὶ
2379 1564 2671 1631 ὁμοφύλοις
2723 1565 3107 1635 φθειρομένοις
3162 1564 3466 1635 περιορῴη,
3497 1567 3607 1628 τοίς
3640 1565 3825 1627 αὐτοῖς

2247 1656 2458 1720 τούτοις
2487 1657 2650 1709 αὐτόν
2676 1659 2792 1710 ἐστι
2824 1657 3149 1726 φθείρεσθαι
3169 1656 3468 1723 ἀγνοοῦντα
3487 1673 3502 1687 ο
3524 1659 3618 1709 καὶ
3652 1657 3822 1726 μόνην

578 1749 700 1802 tio:
739 1762 926 1816 pacem
953 1745 1331 1814 accipiendam
1367 1744 1688 1812 pronuntio,
1743 1752 1800 1796 et
1860 1758 1962 1811 pro
2026 1757 2140 1798 mea

2247 1749 2348 1818 τὴν
2405 1749 2545 1800 κατά
2588 1747 2697 1800 τῶν
2742 1747 3040 1816 ὁμοφύλων
3098 1748 3256 1817 νίκην
3286 1789 3301 1810 ,
3332 1739 3824 1820 ἦττανάἰσχίστην

578 1851 732 1908 parte
761 1847 934 1892 ratam
965 1839 1163 1892 habeo.
1189 1835 1316 1889 Haec
1339 1835 1431 1889 illo
1461 1835 1749 1903 prolocuto
1782 1843 2140 1903 protostrator

2247 1839 2362 1892 ἀλλ’
2391 1839 2450 1890 οὐ
2478 1839 2631 1909 νίκην
2653 1838 2899 1906 νομίζειν
2929 1839 3061 1908 χρή.
3087 1819 3398 1906 Κεφάλαιον
3421 1840 3478 1892 δὲ
3504 1841 3594 1892 ἐπὶ
3611 1839 3768 1892 τούτο
3795 1858 3823 1903 ς

580 1930 820 1994 censuit,
855 1929 1000 1998 quod
1034 1930 1338 1996 imperator
1361 1927 1427 1981 de
1458 1941 1590 1994 pace
1635 1925 1951 1994 accipienda
1979 1925 2143 1979 verba

577 2021 818 2084 fecisset,
839 2033 894 2074 et
925 2035 1158 2090 magnus
1188 2018 1526 2072 domesticus
1541 2018 1592 2070 ei
1625 2017 1958 2084 suﬂragatus
1977 2023 2142 2078 esset,

574 2123 724 2168 recte
785 2114 1011 2175 factum,
1045 2120 1106 2165 et
1136 2111 1326 2165 caeteri
1373 2123 1584 2170 omnes,
1637 2109 1864 2177 ingratis
1894 2105 2142 2175 quidem,

573 2204 759 2258 statim
798 2211 980 2254 tamen
1016 2214 1212 2254 manus
1241 2197 1536 2252 dederunt.
1575 2197 1710 2250 Pace
1745 2194 1990 2249 omnium
2021 2210 2147 2272 seu-

575 2296 759 2350 tentiis
790 2294 1028 2354 decreta,
1064 2305 1282 2345 rursum
1303 2288 1872 2358 quaesivitimperator
1893 2324 1909 2349 ,
1941 2284 2142 2355 ecquid

575 2386 764 2456 pacem
784 2383 1038 2453 componi
1059 2382 1219 2437 talem
1243 2387 1546 2450 oporteret,
1585 2394 1706 2448 qua:
1732 2378 1884 2430 firma
1912 2391 1976 2430 ac
1992 2386 2143 2430 certa

577 2490 797 2544 semper
825 2478 1095 2538 maneret,
1149 2479 1208 2525 et
1244 2469 1471 2538 posthac
1499 2467 1818 2536 suspicione
1847 2475 2141 2536 praetextu-

577 2585 682 2638 que
703 2565 832 2621 belli
867 2571 1082 2620 careret
1112 2559 1466 2616 omnimodis.
1497 2558 1636 2611 Tum
1671 2572 1901 2623 magnus
1957 2556 2142 2610 dome-

576 2660 770 2723 sLicus,
791 2667 853 2712 ut
880 2657 974 2726 qui
1005 2665 1165 2710 antea
1199 2667 1324 2707 cum
1355 2666 1422 2706 eo
1457 2660 1858 2705 commentatus
1878 2657 2048 2711 esset,
2075 2649 2141 2703 de

577 2766 776 2821 genere
807 2750 960 2819 panis
985 2747 1112 2803 talia
1139 2745 1300 2809 dixit,
1331 2760 1363 2800 e
1385 2744 1590 2814 quibus
1615 2758 1723 2797 non
1760 2743 1830 2797 de
1869 2741 2139 2796 industria

574 2843 787 2903 venire,
819 2840 912 2896 sed
942 2839 1270 2894 necessitate
1293 2836 1530 2906 quadam
1563 2833 1631 2889 ad
1668 2843 1828 2904 pacta
1855 2843 1912 2888 et
1942 2832 2137 2888 condi-

575 2939 775 3008 tiones,
807 2932 958 3002 pacis
985 2946 1151 2986 causa
1183 2927 1504 2984 subeundas
1537 2925 1792 2995 compelli
1837 2924 2136 2980 videretur.

573 3027 666 3082 Sic
694 3039 824 3096 ergo
849 3024 994 3079 fatus
1021 3031 1150 3079 est:
1181 3020 1515 3084 Pacificatio,
1545 3019 1862 3088 imperator,
1884 3013 2137 3088 98.no'n

2245 1930 2320 1994 ὡς
2346 1932 2375 1983 ὁ
2401 1932 2577 1984 πάντα
2611 1929 2824 2000 ἐφορῶν
2853 1929 2985 1992 Θεὸς
3018 1934 3084 2000 τῇ
3115 1930 3376 2001 περιδύσῃ
3398 1931 3625 2002 εὐτυχίᾳ
3647 1930 3823 2001 ὀρθῶς

2246 2024 2340 2076 καὶ.
2369 2024 2445 2085 ὡς
2484 2023 2732 2093 προσῆκε
2765 2024 2862 2075 καὶ
2897 2023 3038 2091 μετά
3063 2021 3299 2090 ἀτυφίας
3333 2024 3474 2092 ὁρῶν
3519 2023 3824 2093 χρωμένοις

2245 2116 2413 2186 ἡμᾶς,
2449 2116 2544 2168 καὶ
2575 2116 2652 2182 μὴ
2676 2114 2861 2185 ὠμούς
2892 2132 3064 2178 τινας,
3099 2119 3193 2168 καὶ
3229 2115 3630 2184 ἀπανθρώπους
3661 2133 3824 2183 γεγε-

2245 2210 2512 2277 νημένους
2538 2207 2633 2260 καὶ⁸
2665 2209 2763 2277 τὴν
2795 2207 2958 2276 φύσιν
2991 2208 3404 2277 ἀγνοήσαντας,
3441 2209 3645 2278 ἑτέρων
3689 2209 3827 2260 πολ-

2243 2299 2351 2353 λῶν
2383 2298 2721 2368 τοιούτων,ἢ
2767 2300 2863 2352 καὶ
2897 2300 3164 2352 πλειόνων
3213 2300 3306 2352 καὶ
3351 2298 3820 2369 θαυμασιωτέρων

2243 2392 2698 2462 εὐεργετημάτων
2726 2391 3014 2459 ἀξιώσειεν
3040 2393 3126 2446 ἀν.
3160 2393 3222 2445 Εἰ
3243 2390 3336 2445 οὖν
3359 2391 3548 2446 δίκαιά
3579 2409 3637 2444 τε
3681 2392 3821 2460 ἐμοῦ

2243 2484 2337 2537 καί
2363 2485 2633 2552 ἀναγκαῖα
2662 2484 2731 2538 τά
2763 2483 3209 2554 βεϐουλευμάνα,
3238 2485 3339 2537 καὶ
3375 2485 3512 2552 πρὸς
3555 2483 3619 2536 τὸ
3664 2483 3818 2535 εὐδο-

2245 2575 2352 2639 ξεῖν
2381 2576 2476 2628 κιιί⁵
2506 2576 2568 2628 τὸ
2596 2574 2865 2640 σώζεσθαι
2901 2575 3309 2638 λυσιτελοῦντα,
3333 2575 3486 2629 οὐδὲν
3524 2575 3605 2628 ἔτι
3627 2575 3818 2628 λεῖπον

2241 2665 2275 2735 ἢ
2321 2663 2746 2734 ἐπιψηφίζεσθαι
2785 2667 2880 2718 καὶ
2935 2665 3105 2735 ὑμᾶς.
3165 2666 3336 2728 Αὐτὸς
3387 2667 3498 2737 γὰρ
3543 2665 3721 2735 ὀρθῶς
3754 2682 3818 2717 τε

2240 2759 2488 2826 οἰόμενος
2537 2757 2682 2826 ἔχειν
2719 2758 2788 2809 τὰ
2847 2756 3118 2826 εἰρημένα
3170 2756 3266 2810 καὶ
3299 2755 3502 2824 ὁμοίως
3547 2755 3816 2825 περὶτῶν

2241 2849 2422 2902 αὐτῶν
2439 2849 2672 2917 φρονῶν,
2691 2849 2919 2921 γνώμην
2945 2849 3141 2919 δίδωμι
3169 2849 3422 2921 δέχεσθαι
3442 2850 3542 2919 τὴν
3558 2849 3812 2919 εἰρήνην,

2243 2945 2334 2993 καὶ
2371 2940 2431 2993 τὸ
2459 2941 2590 3012 ἐμὸν
2619 2943 2782 3013 μέρος
2815 2941 3086 3014 ἐπικυρῶ.
3114 2940 3356 2997 Τοιαῦτα
3387 2940 3482 2993 καὶ
3513 2939 3608 2992 τοῦ
3639 2940 3817 3008 μεγά-

2239 3027 2332 3084 λου
2361 3033 2687 3102 δομεστίκου
2707 3035 3014 3104 εἰρηκότος,
3067 3033 3096 3088 δ
3117 3049 3177 3085 τε
3209 3031 3652 3102 πρωτοστράτωρ
3683 3033 3814 3082 ἑπε-

571 3118 805 3189 amplius
848 3113 1119 3188 ejusmodi
1145 3111 1501 3182 suscipienda
1530 3120 1636 3176 est,
1681 3121 1743 3165 ut
1769 3109 2134 3164 calumniato-

2242 3123 2506 3192 ψηφίζετο
2533 3125 2785 3195 δέχεσθαι
2813 3125 2914 3195 τὴν
2943 3125 3188 3194 εἰρήνην,
3209 3123 3386 3194 ὀρθῶς
3423 3123 3519 3175 τόν
3557 3140 3618 3175 τε
3647 3122 3810 3191 βασι-

573 3225 729 3278 ribus
753 3219 1024 3291 speciosis
1061 3215 1441 3272 occasionibus
1487 3214 1720 3270 facultas
1749 3221 2022 3284 snppetat,
2046 3229 2138 3269 ve-

574 3324 751 3369 strum
783 3308 1056 3365 utrumvis
1088 3307 1228 3376 apud
1265 3308 1498 3361 alterum
1533 3305 1909 3382 insimulandi,
1937 3313 1992 3359 et
2019 3304 2135 3358 bel-

571 3405 684 3460 lum
709 3399 1076 3457 incendendi:
1110 3396 1258 3468 quod
1289 3411 1400 3450 non
1431 3396 1608 3450 solum
1643 3395 1800 3449 vobis
1823 3409 1948 3449 cum
1985 3396 2137 3464 igno-

572 3491 741 3545 minia
771 3499 950 3543 vestra
999 3488 1264 3542 maximas
1298 3485 1741 3555 opportunitates
1798 3490 2134 3553 corrumpat,

571 3582 669 3637 sed
705 3581 870 3637 etiam
903 3579 1196 3642 universis,
1243 3577 1337 3646 qui
1388 3577 1447 3630 in
1473 3576 1679 3630 ditione
1706 3584 1908 3652 vestra,
1937 3591 2002 3630 ac
2039 3591 2137 3644 po-

572 3681 770 3728 testate
794 3680 944 3737 sunt,
995 3685 1168 3741 genus
1199 3683 1362 3723 omne
1391 3667 1664 3722 malorum
1704 3667 1921 3724 inferat.
1977 3668 2134 3734 Quod

567 3765 718 3820 enim
749 3761 966 3834 duabus
995 3761 1370 3815 animantibus
1423 3760 1624 3814 robore
1661 3768 1718 3814 et
1756 3760 2134 3830 magnitudine

569 3871 864 3928 corporum
898 3853 1208 3923 insignibus
1257 3850 1520 3907 acciderit
1548 3851 1644 3921 (7),
1681 3851 1788 3905 hoc
1817 3851 1974 3906 vobis
2005 3867 2134 3907 usu-

568 3949 740 4004 venit.
770 3946 905 4002 Nam
937 3945 1215 4016 quomodo
1243 3943 1351 3998 illis
1377 3944 1433 3997 in
1465 3957 1523 3998 se
1549 3951 1741 3997 mutuo
1768 3942 2130 4010 irruentibus,

570 4055 635 4094 ac
666 4037 1067 4110 prteliantibus,
1095 4051 1218 4105 quae
1249 4035 1393 4088 intra
1417 4032 1586 4104 pedes
1608 4041 1755 4100 sunt,
1791 4034 1973 4088 omnia
2001 4049 2133 4090 con-

569 4134 674 4187 teri
710 4147 773 4186 ac
797 4130 1038 4199 disperdi
1075 4137 1504 4182 consentaneum
1536 4135 1641 4190 est,
1672 4140 1796 4180 cum
1827 4135 2010 4181 tamen
2039 4126 2130 4181 illa

565 4223 701 4277 nilnl
739 4235 1069 4292 quemquam
1098 4219 1342 4273 laeserint
1372 4233 1387 4272 :
1423 4217 1505 4272 sic
1532 4217 1690 4272 vobis
1740 4217 1974 4272 invicem
2015 4217 2132 4272 bel-

561 4314 828 4376 lantibus,
858 4310 1088 4381 subjecti
1115 4310 1437 4365 innocentes
1469 4315 1698 4377 pereant
1719 4316 1957 4375 oportet.
1985 4306 2131 4374 Quo-

563 4407 710 4459 circa
745 4419 853 4457 non
879 4393 1040 4456 modo
1072 4401 1152 4454 uti
1193 4415 1296 4469 pax
1319 4406 1708 4468 componatur,
1749 4398 1845 4452 sed
1877 4409 1938 4453 ut
1970 4414 2124 4454 com-

2234 3213 2335 3275 λέα
2355 3215 2659 3284 εἰρηκέναι,
2690 3215 2784 3270 τόν
2829 3232 2890 3268 τε
2949 3214 3124 3285 μέγαν
3168 3215 3488 3284 δομέστικον
3529 3216 3812 3265 συνειπεῖν

2239 3305 2411 3374 αὐτῷ,
2441 3306 2630 3362 εἰπών.
2659 3309 2770 3361 Καὶ
2797 3309 2846 3362 οἰ
2892 3308 3072 3361 λοιποὶ
3121 3308 3322 3368 πάντες
3371 3306 3552 3370 εὐθὺς,
3580 3305 3810 3368 ἄκοντες

2239 3398 2362 3468 μὲν,
2382 3399 2788 3467 ὲπεψηφίζοντο
2816 3399 2864 3453 δ’
2911 3395 3007 3453 οὖν
3038 3401 3187 3470 ὅμως
3211 3415 3228 3430 ο
3255 3401 3474 3454 πάντων
3517 3401 3574 3454 δὲ
3613 3399 3814 3470 ἐπιψη-

2237 3488 2554 3558 φισαμένων
2597 3489 2698 3560 τήν
2747 3489 2995 3560 εἰρήνην,
3038 3490 3372 3544 ιπυνθάνετο
3400 3487 3555 3554 αὖθις
3587 3491 3615 3541 δ
3646 3489 3774 3557 βασι
3797 3517 3808 3527 ο

2237 3577 2395 3643 λεὺς,
2433 3579 2483 3630 εἰ
2515 3577 2773 3646 τοιαύτην
2822 3577 2937 3632 δέοι
2974 3579 3075 3643 τὴν
3121 3579 3344 3651 εἰρήνην
3375 3581 3631 3647 γενέσθαι
3660 3577 3806 3631 ὥστε

2239 3667 2462 3738 βεϐαίαν
2492 3666 2630 3722 εἶναι
2661 3670 2770 3736 ἀεὶ,
2797 3671 2894 3724 καὶ
2919 3669 3192 3740 μηδεμίαν
3233 3671 3473 3740 ὑποψίαν
3508 3671 3737 3740 ὕστερον
3769 3670 3803 3738 ἢ

2237 3760 2507 3829 πρόφασίν
2535 3777 2657 3813 τινα
2687 3760 2926 3830 πολέμου
2957 3761 3123 3831 ἔχειν.
3163 3760 3224 3815 '0
3253 3761 3311 3814 δέ
3333 3777 3397 3830 γε
3433 3762 3609 3830 μέγας
3643 3761 3809 3830 δομέο

2236 3867 2442 3917 στικος,
2471 3846 2558 3903 οἶα
2588 3849 2652 3922 δὴ
2680 3852 2947 3922 πρότερον
2975 3853 3092 3921 ἄμα
3119 3851 3330 3921 βασιλεῖ
3354 3851 3544 3905 ὁποίαν
3573 3850 3693 3904 τινὰ
3725 3850 3807 3903 δεῖ

2234 3943 2456 4014 εἰρήνην
2485 3943 2739 4010 γενέσθαι
2771 3942 3222 4012 βεϐουλευμένος,
3253 3936 3806 4006 τοιούτουςὲποιεῖτο

2232 4039 2358 4101 τοὺς
2391 4037 2604 4106 λόγους,
2635 4035 2709 4100 ὡς
2743 4037 2918 4107 δοκεῖν
2955 4036 3056 4090 οὐκ
3080 4037 3418 4106 ἐξεπίτηδες,
3445 4037 3560 4090 ἀλλ’
3586 4036 3804 4108 ἀνάγκῃ

2231 4129 2338 4182 τινὶ
2369 4129 2506 4198 πρὸς
2547 4128 2644 4190 τὰς
2693 4128 2787 4179 ἰπὶ
2841 4129 2953 4190 τοῖς
2997 4128 3262 4191 τοιούτοις
3306 4130 3594 4197 ὁμολογίας
3632 4145 3802 4180 συνωο

2233 4219 2464 4272 θείσθαι.
2505 4219 2636 4272 Δέον
2694 4219 2825 4288 γὰρ,
2881 4219 3090 4287 ἔλεγεν,
3137 4215 3298 4284 εἶναι,
3331 4214 3377 4273 ὦ
3431 4218 3689 4290 βασιλεῦ,
3723 4221 3805 4290 μὴ

2231 4311 2396 4364 πάλιν
2453 4313 2588 4382 ἡμῖν
2619 4311 2716 4371 τὰς
2747 4313 2842 4364 ἐπὶ
2874 4313 2942 4380 τῇ
2977 4313 3171 4384 εἰρήνῃ
3219 4313 3520 4382 συμϐάσεις
3543 4313 3806 4376 τοιαύτας

2232 4402 2512 4469 γενέσθαι,
2550 4401 2692 4455 ὥστε
2725 4402 2851 4466 τοὺς
2878 4405 3227 4472 συκοφάντας
3274 4408 3542 4475 ἐγχωρεῖν
3587 4408 3806 4476 προφά-

565 4496 741 4566 posita
788 4510 856 4548 ne
917 4493 1136 4547 vacillet
1183 4506 1248 4545 ac
1285 4489 1617 4544 dissolvatur
1663 4488 1962 4543 videndum
2019 4501 2122 4544 est.

2242 4509 2371 4546 σεων
2405 4494 2776 4564 εὐπροσώπων
2810 4469 3182 4563 εὐπορούντας
3211 4469 3518 4567 ὑμάςίτοὺς
3543 4469 3805 4568 βασιλέας

564 4589 783 4648 Etenim
831 4589 920 4653 si,
955 4582 1415 4656 quemadmodum
1467 4581 1719 4644 antehac,
1769 4595 1880 4635 non
1931 4597 2121 4651 pacem

2242 4583 2370 4654 πρὸς
2414 4584 2675 4654 ἀλλήλους
2723 4585 3035 4639 διαϐάλλειν
3067 4588 3164 4641 καὶ
3192 4588 3285 4640 τὸν
3327 4587 3567 4657 πόλεμον
3600 4591 3800 4655 κινεῖν,

563 4681 836 4743 stabilem,
868 4679 960 4731 sed
986 4686 1240 4745 tanquam
1262 4663 1514 4727 inducias
1539 4671 1736 4727 facturi
1766 4687 1981 4735 sumus.
2009 4689 2127 4730 om-

2242 4675 2295 4727 οὐ
2344 4675 2504 4745 μόνον
2551 4675 2683 4744 ὑμῖν
2723 4675 2938 4740 ἀδοξίαν
2987 4678 3105 4746 ἅμα
3130 4679 3227 4732 καὶ
3259 4680 3340 4742 εἰς
3361 4681 3430 4734 τὰ
3460 4681 3803 4750 καιριώτατα

563 4771 695 4824 nino
725 4768 925 4821 nullam
983 4765 1102 4819 fieri
1157 4762 1331 4818 satius
1361 4770 1468 4817 est.
1515 4760 1658 4826 Quid
1705 4776 1945 4830 namque
1971 4762 2122 4817 aliud

2242 4765 2296 4836 τη
2307 4765 2452 4835 μίαν,
2479 4765 2616 4820 ἀλλὰ
2645 4770 2737 4820 καὶ
2766 4768 2846 4836 τῷ
2887 4769 3116 4840 ὑπηκόῳ
3163 4773 3328 4824 παντί
3352 4773 3624 4827 παντοίων
3655 4791 3800 4844 προ-

559 4857 1014 4930 exspectandum,
1045 4869 1207 4926 quam
1242 4863 1305 4908 ut
1334 4853 1429 4924 qui
1470 4851 1649 4909 fmdus
1694 4853 1910 4923 priores
1953 4854 2118 4924 peril-

2242 4857 2490 4924 Ξενοῦντα
2521 4862 2695 4929 φορὰν
2738 4861 2946 4915 κακῶν.
2981 4862 3375 4934 Παραπλήσιον
3414 4864 3522 4934 γὰρ
3553 4867 3798 4935 συμϐαι-

561 4954 715 5008 diose
751 4957 1040 5020 ruperunt.
1073 4945 1280 5002 scelere
1323 4959 1384 5001 se
1428 4943 1812 5013 obstringam?
1848 4945 1974 5001 Haec
2025 4947 2118 5002 ubi

2242 4965 2308 5002 ρει
2341 4951 2436 5003 καὶ
2471 4951 2558 5017 ἐφ’
2595 4953 2749 5022 ἡμῖν,
2787 4953 2970 5005 ὁποῖον
3015 4953 3082 5007 ἂν
3133 4953 3230 5008 καὶ
3276 4958 3371 5008 ἐπὶ
3417 4955 3540 5024 δυσὶ
3569 4957 3676 5008 τῶν
3700 4960 3798 5011 επὶ

561 5043 839 5118 principes
867 5056 932 5096 ac
969 5039 1186 5095 milites
1224 5037 1452 5092 auribus
1483 5037 1805 5100 hauserunt,
1835 5037 1960 5091 talia
1991 5052 2118 5093 eum

2242 5043 2386 5116 Βὼμῃ
2439 5046 2535 5098 καὶ
2581 5045 2803 5115 μεγέθει
2847 5044 3280 5116 θαυμαζομένων
3331 5049 3576 5118 συμϐαίη
3611 5050 3790 5114 ζώων.

1813 5156 2031 5219 Jacobi
2061 5161 2326 5223 Pontani
2365 5171 2553 5226 noue.

626 5270 701 5344 (7)
739 5265 935 5320 Ἐἰκὼν
965 5275 1020 5321 et
1065 5265 1314 5344 parabole
1373 5261 1742 5344 festiva_,_.qua
1767 5273 2115 5343 .noocumenta
2224 5266 2703 5344 §ta_t,pecusontne
2737 5279 2877 5344 metu
2913 5277 3136 5334 mutum,
3179 5279 3515 5341 mussantque
3525 5272 3796 5344 juventae,

549 5332 1013 5410 subiectorumex
1047 5332 1335 5410 discordiis
1391 5343 1448 5388 et
1495 5332 2003 5410 bellis’_princ_ipum
2053 5348 2116 5387 ac
2224 5332 2557 5410 Quis'pecori
2586 5340 2870 5410 imperitet,
2893 5355 3044 5410 quem
3067 5332 3176 5393 tota
3202 5332 3441 5399 armenta
3475 5332 3796 5410 sequantur:

548 5401 896 5464 dominorum
929 5407 1165 5460 breviter
1184 5401 1901 5475 depinguntur.Animantia
1922 5415 2115 5475 ηιξ-ειη
2224 5407 2318 5461 Illi
2352 5401 2491 5462 inter
2521 5427 2633 5463 sese
2661 5401 2829 5463 inulta
2858 5401 2918 5462 oi
2949 5409 3171 5463 vulnera
3213 5415 3447 5475 miscent,

545 5489 601 5532 et
632 5476 1084 5554 robustaaccipe,
1110 5470 1458 5554 verbrgratia
1480 5473 1619 5526 duos
1647 5481 1852 5536 tauros,
1873 5470 2112 5540 qualium

2242 5477 2528 5554 {ornuaque
2566 5479 2746 5554 obnixi
2786 5479 3035 5550 inﬁgunt,
3071 5490 3120 5554 et
3155 5470 3602 5554 sattgut'ne'large

545 5543 1356 5627 pugnam.Virgilius-dnescribit
1382 5543 1480 5598 lib.
1515 5557 1631 5627 ml."
1673 5611 1684 5627 Ι
2217 5547 2394 5627 galla,
2421 5543 2695 5627 armaque
2719 5543 2903 5627 lauant
2917 5565 2936 5602 :
2955 5551 3150 5627 gemitu
3178 5543 3358 5627 nemus
3377 5543 3800 5627 omnercmugi‘t.

617 5610 690 5692 [te
719 5615 855 5692 velut
881 5610 1082 5684 ingenti
1111 5611 1564 5692 S_yl.a..su.mntove
1590 5610 1858 5692 Taburno,
1889 5680 1902 5692 ο

2242 5617 2380 5692 aud
2405 5619 2562 5672 aliter
2598 5610 2721 5692 Tros
2740 5610 2978 5692 alimus:
2996 5627 3046 5672 et
3066 5619 3308 5692 Daunius
3329 5624 3478 5676 heros

617 5687 748 5765 Qum
775 5685 884 5765 iii-Iw
910 5680 1170 5765 ίοόηυετείδ
1190 5682 1505 5765 ,ἱηὶτηίςᾳβη
1544 5680 1732 5746 Ρνωίία
1758 5680 1919 5765 ιαμτί,
1947 5762 1956 5765 _
2215 5687 2549 5743 Concurrunt
2581 5688 2776 5760 clypet's
2809 5704 2828 5742 :
2871 5680 3056 5761 ingens
3088 5691 3273 5762 fragor
3302 5693 3503 5746 ethera
3540 5695 3800 5765 complet.

614 5753 900 5806 Frontibus
924 5753 1224 5813 incurrunt,
1255 5751 1432 5821 pavidi
1460 5765 1653 5804 cessere
1678 5751 1958 5819 magistri:
