4136 6288
504 370 615 434 9.35

1672 362 1991 423 JOANNIS
2029 358 2545 418 ΟΑΝΤΛΟΙΪΖΕΧΙ

3622 352 3730 415 2¹ἲ6

498 492 714 550 quippe
744 485 956 546 partem
992 475 1195 544 quietis
1223 474 1444 544 capient
1470 516 1484 539 ,
1512 474 1689 528 donec
1729 472 1982 542 pluribus
2011 476 2065 522 et

2183 469 2319 520 ›ύδὲν
2349 468 2426 519 ἔτι
2456 466 2708 535 ἐμποδὼν
2750 465 2902 518 ἔσται
2934 464 3153 535 βαθείας
3195 465 3488 520 ἀπολαύειν
3528 466 3735 528 πάντας

508 568 679 622 variis
709 565 1192 619 criminationibus
1241 563 1554 632 imperatori
1590 563 1793 615 bellum
1846 573 2069 637 persua-

510 660 707 714 serint.
742 655 819 710 Ne
855 664 1038 709 autem
1073 654 1347 707 miremini
1371 693 1387 717 ,
1420 657 1464 705 si
1495 668 1617 705 cum
1645 653 1709 701 ab
1740 650 1856 703 istis
1887 663 2069 700 rerum

509 762 780 803 novarum
812 746 1029 814 cupidis
1058 760 1119 798 ac
1157 742 1435 813 pestiferis
1469 741 1788 794 mortalibus
1818 754 1977 791 avum
2018 739 2071 791 in

511 841 787 893 fraudem
820 837 1108 891 inductum
1168 835 1233 886 iri
1285 834 1504 897 dicam,
1552 848 1639 885 me
1692 832 1816 884 hinc
1867 829 2070 891 exime,

510 932 667 999 quasi
725 943 834 982 non
870 929 1015 980 idem
1064 924 1195 978 mihi
1228 933 1392 989 queat
1435 923 1750 990 contingere
1795 939 1807 971 τ
1859 917 2074 973 tametsi

506 1028 584 1075 ita
623 1029 842 1089 paratus
870 1058 884 1079 ,
918 1025 972 1070 et
1018 1015 1294 1068 animatus
1333 1028 1451 1065 sum
1480 1052 1495 1073 ,
1540 1022 1602 1065 ut
1633 1026 1809 1078 neque
1858 1010 1902 1062 si
1940 1007 2069 1071 quid

510 1126 642 1163 sere
683 1110 861 1172 lieret,
895 1106 1097 1159 nedum
1125 1104 1195 1156 ob
1221 1103 1549 1156 enlumniam
1581 1141 1593 1164 ,
1625 1116 1690 1153 ne
1721 1101 1763 1152 si
1802 1114 1959 1161 vera,
1993 1097 2068 1150 in-

504 1215 671 1267 quam
704 1239 719 1261 ,
747 1196 813 1249 ad
851 1211 935 1248 me
965 1195 1338 1256 deferrentur,
1390 1192 1455 1245 ad
1491 1191 1691 1244 bellum
1741 1198 1867 1243 ante
1898 1188 2070 1256 prosi-

513 1294 610 1343 lire
639 1290 826 1353 velim,
860 1302 1022 1356 quam
1074 1301 1130 1338 re
1188 1284 1303 1352 ipsa
1354 1298 1516 1350 cogar
1566 1297 1710 1334 arma
1761 1291 2068 1346 capessere,

514 1383 827 1449 bellumque
868 1378 1002 1432 mihi
1034 1378 1243 1431 illatum
1277 1373 1592 1429 defendere.
1636 1370 1746 1423 lloe
1773 1372 1917 1424 enim
1949 1368 2070 1421 ideo

502 1489 535 1523 a
576 1488 664 1525 me
711 1472 948 1533 dicitur,
998 1467 1143 1536 quod
1197 1464 1522 1519 obtrectatio
1573 1464 1743 1515 multa
1797 1460 1947 1512 velut
1991 1457 2073 1527 pi-

498 1577 677 1631 gnora
710 1560 851 1628 apud
898 1574 1022 1612 eum
1076 1557 1264 1611 habet.
1306 1555 1408 1620 Qui
1438 1554 1583 1606 enim
1628 1554 1900 1619 imperat,
1945 1562 2068 1601 eum

511 1641 728 1719 imperii
760 1649 1049 1704 amittendi
1093 1658 1296 1701 metum
1331 1644 1646 1713 conceperit
1668 1681 1682 1703 ,
1727 1641 1854 1694 huic
1882 1643 2068 1704 etiam,

501 1744 616 1798 sibi
670 1742 899 1797 insidias
948 1740 1133 1806 tendi,
1178 1738 1315 1792 ﬁdes
1369 1736 1486 1789 ﬁeri
1535 1736 1777 1804 poterit:
1809 1731 1903 1801 qui
1942 1744 2069 1784 vero

501 1843 696 1903 sparet,
739 1834 791 1887 ei
824 1833 1007 1886 isthue
1043 1828 1360 1899 persuaderi
1394 1843 1503 1879 non
1537 1801 1704 1878 iacile
1738 1825 1959 1892 poterit.
1993 1819 2074 1874 Ob
2103 1801 2150 1860 Β

512 1925 627 1978 hate
686 1924 803 1991 ipsa
860 1922 1023 1989 igitur
1079 1935 1199 1988 qua:
1267 1916 1720 1978 commemoravi,
1786 1913 1920 1965 mihi
1984 1910 2079 1963 diu

510 2013 859 2079 multumque
891 2010 1196 2079 cogitanti,
1241 2022 1351 2059 non
1398 2010 1597 2058 iterum
1638 2003 1703 2056 ad
1750 2002 2079 2055 divisionem

504 2103 730 2170 imperii
789 2098 1163 2163 veniendum;
1220 2096 1317 2149 sed
1390 2094 1684 2160 nobisipsis
1749 2107 1871 2146 cum
1921 2092 2083 2143 rebus

498 2193 848 2246 omnibusin
884 2187 1235 2257 impun-turis
1265 2185 1646 2238 auctoritatem
1681 2182 2082 2250 imperiumque

502 2280 924 2337 concedendum
976 2280 1152 2330 visum
1193 2284 1311 2330 est:
1350 2276 1430 2328 sic
1479 2275 1626 2327 enim
1663 2272 1957 2326 desiratatn
1992 2285 2084 2339 pa-

503 2390 667 2438 trem,
715 2386 947 2440 eamque
1010 2368 1410 2421 immutabilem
1466 2381 1692 2435 prorsus
1740 2364 1969 2432 adipisci
2020 2362 2085 2415 li-

504 2463 673 2516 cebit.
721 2459 816 2514 llis
849 2476 875 2512 a
926 2460 1145 2529 juniore
1178 2455 1509 2525 imperatore
1548 2470 1711 2523 super
1741 2468 1869 2521 pace
1897 2452 2085 2519 dispu-

510 2552 680 2613 tiatis,
714 2552 804 2604 diu
866 2553 1035 2603 altum
1087 2547 1192 2601 fuit
1221 2547 1274 2600 in
1327 2546 1559 2599 concilio
1603 2544 1918 2605 silentium,
1954 2557 2086 2594 cun.

507 2645 612 2697 ctis
659 2659 722 2697 ea
768 2642 1017 2695 oratione
1069 2639 1319 2693 attonitis
1360 2657 1372 2691 :
1411 2637 1569 2705 100
1619 2650 1840 2702 nunqua
1868 2654 1895 2683 ιι
1933 2633 2080 2685 enim

507 2735 563 2786 in
619 2741 852 2801 mentem
892 2731 1002 2783 illis
1046 2730 1323 2793 venisset,
1367 2728 1457 2780 tali
1512 2725 1673 2779 modo
1707 2740 1893 2793 pacem
1941 2738 2088 2776 com-

500 2824 747 2893 positum
796 2821 889 2887 iri;
919 2819 1053 2873 Cum
1086 2818 1225 2872 nihil
1266 2818 1699 2886 responderetur
1727 2855 1740 2874 ,
1788 2829 2087 2868 conversus

506 2914 578 2967 ad
610 2927 860 2981 magnum
893 2911 1253 2963 domesticum
1282 2928 1295 2963 :
1325 2909 1439 2962 Non
1475 2910 1585 2978 jam
1617 2907 1813 2960 silendi
1852 2915 2085 2974 tempus,

506 3004 730 3073 inquit,
764 3003 858 3056 tibi
896 3002 1003 3069 ipsi
1035 3040 1050 3064 ,
1088 3001 1132 3054 si
1162 3000 1294 3070 quid
1326 3010 1480 3067 potes
1508 3037 1523 3061 ,
1556 3009 1612 3053 et
1640 2999 1765 3051 aliis
1811 2997 1878 3050 ad
1925 2996 2088 3051 verba

512 3110 632 3149 mea
654 3093 1109 3164 respondendum
1141 3102 1246 3146 est.
1301 3091 1439 3145 Tum
1492 3090 1581 3143 ille
1609 3089 1686 3143 sic
1715 3085 1868 3142 intit':
1905 3086 2084 3154 Siqui-

497 3190 675 3251 dem,
728 3189 1054 3258 imperator,
1110 3195 1308 3239 contra
1353 3182 1615 3236 barbaros
1663 3194 1859 3234 natura
1898 3181 2081 3232 hostes

511 3281 715 3335 bellum
764 3277 926 3331 nobis
961 3285 1276 3345 susceptum
1328 3282 1511 3338 esset,
1563 3272 1700 3325 nihil
1753 3281 1867 3325 erat
1903 3270 2083 3325 cousi-

504 3372 817 3425 derandnm
847 3367 994 3421 aliud
1023 3408 1038 3433 ,
1098 3368 1202 3420 nisi
1236 3364 1512 3435 quomodo
1546 3363 1786 3418 victores
1816 3363 1936 3415 loca
1968 3378 2083 3415 om-

510 3462 601 3517 nia
637 3458 1038 3529 populabuudi,
1088 3468 1145 3511 et
1190 3454 1556 3527 jugulabuudi
1607 3467 2080 3523 percursaremus,

511 3564 686 3617 usque
718 3548 846 3600 dum
882 3560 1075 3599 omnes
1117 3543 1362 3597 caulibus
1406 3558 1436 3596 e
1490 3542 1669 3595 medio
1721 3542 2034 3593 tolleremus
2066 3579 2080 3603 ,

504 3647 609 3693 aut
636 3638 827 3693 saltem
858 3636 913 3689 in
939 3635 1264 3689 servitutem
1298 3633 1552 3687 redactos
1582 3671 1596 3695 ,
1633 3633 1954 3684 tributarios
1988 3644 2084 3683 no-

502 3742 659 3783 Istros
680 3728 1006 3782 iaceremus.
1045 3725 1140 3780 Sin
1174 3740 1329 3794 aequo
1359 3724 1531 3778 Marte
1566 3723 1714 3792 paria
1745 3736 1929 3775 rerum
1966 3737 2083 3774 mo-

513 3830 693 3873 menta
721 3827 900 3871 essent
924 3857 939 3882 ,
977 3815 1252 3883 quomodo
1283 3815 1351 3867 ad
1383 3828 1578 3874 eorum
1608 3829 1763 3866 usum
1807 3813 1906 3878 ipsi
1947 3827 2083 3880 quu-

513 3924 620 3978 que
663 3922 765 3961 nos
797 3906 1369 3959 aceommodaremus.
1423 3904 1693 3969 Quoniam
1749 3920 1878 3956 vero
1910 3916 2087 3972 neque

503 3999 803 4051 adversum
835 3995 970 4048 tales
1016 4009 1363 4062 pugnamus,
1408 4008 1588 4061 neque
1632 3992 1922 4063 adversum
1970 4004 2087 4055 eos,

514 4088 607 4157 qui
641 4102 923 4140 sacrorum
984 4085 1159 4147 socii,
1197 4097 1391 4138 caatera
1445 4084 1630 4137 hostes
1676 4096 1834 4135 suum
1885 4081 2086 4149 princi-

508 4191 700 4248 patum
738 4187 967 4239 tenent,
1005 4190 1144 4244 quos
1184 4176 1418 4228 fortasse
1471 4172 1874 4243 potentioribus
1909 4171 2090 4239 Oppri-

514 4258 747 4321 mendos
791 4267 1077 4320 condones
1122 4280 1137 4317 :
1193 4265 1288 4317 sed
1337 4273 1528 4316 contra
1580 4260 1984 4328 homophylos,
2034 4269 2089 4312 et

515 4360 1002 4428 conjunctissimos
1029 4396 1041 4416 ,
1071 4357 1198 4425 quis
1257 4356 1503 4425 prudens
1527 4394 1542 4417 ,
1579 4355 1811 4408 obsecro
1832 4392 1846 4416 ,
1901 4363 1955 4407 et
2003 4353 2088 4405 vel

2176 562 2416 628 είρὴνης.
2473 560 2534 610 Εἰ
2596 558 2640 609 δ’
2683 556 2837 619 αὖθις
2890 560 3212 625 χωρήσομεν
3263 559 3343 619 εἰς
3408 559 3734 625 μερισμοὺς,

2175 651 2390 718 πρῶτον
2427 652 2523 717 μὲν
2550 649 2681 701 αὐτὸ
2715 650 2870 701 τοῦτο
2894 652 2952 700 τὸ
2982 649 3133 701 δυσὶν
3166 649 3312 699 ἔτεσι
3344 649 3438 700 καὶ
3475 649 3741 710 ὲξ’κοντα

2173 740 2308 809 ὁμοῦ
2345 741 2562 792 πάντων
2593 740 2828 807 ἄρχοντα
2864 739 3023 791 αὑτὸν
3067 738 3161 791 νῦν
3207 740 3306 802 τῆς
3337 738 3479 791 κατὰ
3525 740 3740 790 πάντων

2172 829 2416 892 ἐξουσίας
2465 830 2921 896 ἀποστερεῖσθαι,
2955 827 3137 898 ἱκανὸν
3188 829 3321 896 πρδς
3369 831 3615 898 ταραχὴν
3647 828 3742 880 καὶ

2172 919 2397 971 δυνατὸν
2428 920 2539 980 τοῖς
2570 919 2937 985 συκοφάνταις
2966 897 3471 989 πεῖσαινπροσέχειν
3507 918 3578 979 ὼς
3623 919 3745 969 επις

2175 1011 2487 1063 ἰουλεύεται
2528 1010 2659 1079 παρ’
2689 1010 2849 1080 ήμῶν
2878 1012 3391 1079 καταψευδομένοις.
3428 1012 3656 1064 Ἔπειτα
3688 1012 3747 1063 δὲ

2174 1105 2266 1153 καὶ
2287 1100 2498 1163 τούτοις
2534 1104 2719 1162 αὐτοῖς
2751 1100 2880 1153 ὥστ’
2907 1104 3050 1170 ἔχειν
3091 1104 3318 1172 ῥάπτειν
3344 1105 3440 1164 τὰς
3464 1102 3743 1163 διαϐολὰς,

2175 1190 2307 1256 ὕλην
2336 1192 2401 1244 ἂν
2444 1192 2823 1260 παράσχοιμεν
2853 1193 3053 1262 πολλὴν
3078 1232 3090 1253 ,
3128 1194 3360 1260 ἐχόντων
3409 1193 3466 1244 δὲ
3518 1193 3748 1243 ἐκείνων

2172 1279 2403 1348 δύναμιν
2434 1283 2799 1348 κακουργεῖν,
2848 1282 2948 1332 οὐκ
2984 1283 3039 1333 ἐν
3080 1280 3272 1349 πολλῴν
3288 1280 3465 1348 χρόνῳ
3502 1281 3748 1345 ἀναγκα-

2175 1370 2488 1439 σθησόμεθα
2538 1368 2689 1432 αὖθις
2739 1372 3033 1439 πολεμεῖν·
3081 1373 3181 1423 οὐκ
3241 1373 3587 1441 ὴρεμήσουσι
3634 1373 3747 1439 γὰρ

2173 1460 2329 1528 ἄχρις
2351 1462 2419 1513 ἂν
2450 1462 2719 1522 ποικίλαις
2742 1462 2833 1512 καὶ
2863 1461 3085 1521 πολλαῖς
3105 1462 3378 1524 διαϐολαῖς
3397 1461 3603 1531 ἐξορμή
3620 1481 3688 1513 ῖω
3704 1480 3747 1513 :t

2175 1552 2306 1621 πρὸς
2355 1551 2587 1619 πίλεμον
2643 1553 2734 1603 τὸν
2784 1550 3028 1619 βασιλέα.
3085 1554 3174 1620 Μὴ
3223 1554 3545 1622 θαυμάσητε
3591 1553 3646 1604 δὲ
3699 1554 3750 1605 εἰ

2174 1643 2326 1710 παρά
2356 1644 2461 1695 τῶν
2494 1636 2902 1711 νεωτεροποιῶν
2928 1642 3131 1695 τούτων
3159 1645 3254 1696 καὶ
3283 1644 3497 1713 φθόρων
3542 1644 3749 1708 ἐξαπα-

2176 1734 2435 1802 τήσεσθαι
2478 1734 2567 1785 τὸν
2603 1733 2832 1801 βασιλέα
2877 1734 3069 1799 λέγων,
3105 1735 3346 1799 ἐμαυτὸν
3399 1733 3598 1802 ὲξαίρω
3651 1732 3745 1784 τοῦ

2178 1822 2338 1887 λόγου
2397 1821 2472 1884 ὡς
2518 1823 2599 1897 μὴ
2643 1823 2710 1872 τὰ
2751 1822 2839 1873 ίσα
2875 1822 3172 1890 δυνάμενον
3221 1822 3428 1875 παθεῖν.
3491 1823 3747 1887 Καίτοι-,ιε

2167 1909 2350 1973 ὀὕτως
2395 1910 2504 1979 ἔχω
2556 1912 2904 1978 παρασκευῆς
2954 1912 3048 1964 καὶ
3102 1910 3360 1980 γνώμης,
3399 1912 3472 1972 ὡς
3523 1912 3615 1963 οὐδ
3684 1912 3751 1963 ἂν

2182 2001 2236 2053 εἴ
2288 2018 2341 2052 τι
2392 2002 2622 2068 γένοιτο,
2683 2002 2907 2070 μήτοιγε
2962 2004 3026 2054 ὲκ
3071 2003 3344 2072 διαϐολῆς,
3378 2004 3496 2055 ἀλλ’
3551 2005 3660 2056 οὐδ’
3700 2008 3749 2056 εί

2184 2092 2355 2161 ἀληθῆ
2406 2093 2475 2145 τὰ
2515 2093 2785 2162 λεγόμενα
2829 2096 2914 2164 εἴη
2943 2132 2959 2159 ,
3011 2095 3146 2163 πρὸς
3196 2095 3433 2164 πόλεμον
3482 2096 3749 2165 πρότερος

2185 2184 2344 2246 αὐτὸς
2391 2184 2710 2253 ἐξορμήσων
2735 2186 2862 2255 πρὶν
2894 2184 2961 2238 ἂν
2989 2188 3171 2247 αὐτοῖς
3206 2187 3387 2253 ἔργοις
3419 2188 3751 2253 ἀναγκασθῶ

2185 2274 2258 2335 ὡς
2293 2275 2515 2328 ἐπιόντα
2543 2276 2900 2338 ἀπωσάμενος
2931 2277 3021 2328 τὸν
3054 2277 3309 2344 πόλεμον,
3348 2279 3419 2330 τὰ
3448 2277 3589 2330 ὅπλα
3621 2280 3755 2346 ᾴνα-

2184 2363 2502 2431 λαμϐάνειν,
2533 2364 2645 2419 ἀλλ’
2680 2366 2754 2427 ὡς
2802 2368 3030 2436 ἐνέχυρα
3062 2368 3222 2419 ἱκανὰ
3260 2370 3392 2437 προς
3419 2370 3625 2421 ἐκεῖνον
3649 2369 3752 2436 τῆς

2184 2456 2438 2524 διαϐολῆς
2494 2458 2746 2526 ἐχούσης.
2810 2457 2870 2510 Ὀ
2923 2461 3027 2528 γὰρ
3081 2460 3263 2527 ἄρχων
3300 2460 3374 2530 μὴ
3431 2460 3527 2530 τὴν
3577 2462 3753 2529 ἀρχὴν

2186 2546 2511 2616 ἀφαιρεθείη
2532 2545 2802 2612 δεδοικὼς,
2830 2548 2930 2600 κᾶν
2957 2549 3403 2603 ἐπιϐουλεύεσθαι
3425 2551 3697 2620 πεισθείη’
3724 2556 3755 2603 ὁ

2187 2637 2451 2690 δουλεύων
2473 2637 2552 2701 δὲ,
2576 2639 2674 2691 ούκ
2694 2639 2758 2691 ἂν
2784 2640 3019 2692 πείθοιτο
3033 2642 3252 2711 ῥᾳδίοις.
3274 2642 3495 2695 Τούτων
3511 2645 3573 2711 δὴ
3590 2645 3752 2696 ἕνεκα

2185 2717 2260 2777 ὧν
2291 2720 2465 2789 εἶπον,
2500 2727 2574 2794 μὴ
2609 2727 2774 2778 πάλιν
2806 2729 2939 2794 πρὸς
2992 2732 3291 2798 μερισμοὺς
3323 2733 3419 2802 τῆς
3448 2732 3623 2802 ἀρχῆς
3657 2736 3754 2784 ἐπὶ

2190 2817 2322 2868 πολὺ
2371 2815 2696 2887 σκεψαμένῳ
2727 2817 2872 2881 ἔδοξε
2902 2820 3011 2871 δεῖν
3051 2825 3250 2890 χωρεῖν
3273 2839 3286 2853 ο
3342 2824 3457 2877 ἀλλ’
3491 2827 3640 2895 ἡμᾶς
3688 2843 3752 2878 τε

2191 2909 2383 2968 αὐτοὺς
2419 2909 2512 2959 καὶ
2546 2909 2719 2960 πάντα
2748 2913 3010 2979 χρήματα
3058 2914 3362 2988 ἀγαγόντας
3383 2955 3398 2976 ,
3446 2918 3755 2986 ἐγχειρίσαι

2193 2996 2440 3067 βασιλεῖ’
2498 2998 2641 3051 οὕτω
2700 3001 2809 3070 γὰρ
2848 3001 2915 3071 ἢν
2967 3002 3242 3071 ποθοῦμεν
3291 3005 3515 3076 είρήνην
3548 3006 3757 3073 ’βεϐαία

2194 3091 2494 3157 περιέσται.
2528 3090 2761 3144 Τοιαῦτα
2805 3095 2932 3161 περὶ
2980 3096 3076 3161 τῆς
3128 3096 3347 3165 εἰρήνης
3384 3098 3757 3168 διειλεγμένου

2182 3180 2276 3232 τοῦ
2311 3182 2601 3249 βασιλέως,
2635 3185 2728 3235 ἐπὶ
2764 3184 2900 3236 πολὺ
2935 3186 3033 3255 μὲν
3059 3188 3117 3239 τὸ
3153 3187 3531 3258 βουλευτήριον
3571 3192 3758 3259 σιωπὴ

2185 3274 2419 3341 κατέσχε
2453 3271 2665 3341 βαθεῖα,
2696 3277 2912 3330 πάντων
2949 3281 3080 3345 πρὶς
3107 3282 3228 3341 τοὺς
3254 3281 3447 3347 λόγους
3481 3282 3760 3350 ἐκπεπλη-

2184 3366 2424 3431 γμένων.
2469 3365 2544 3416 Οὐ
2595 3365 2700 3435 γὰρ
2744 3367 2810 3419 ἂν
2850 3368 2944 3419 ὲπὶ
2995 3369 3260 3435 τοιούτοις
3309 3371 3567 3442 ᾠήθησαν
3620 3392 3757 3428 ποτε

2183 3454 2436 3520 γενέσθαι
2499 3454 2597 3522 τὴν
2651 3457 2895 3526 εἰρήνην.
2939 3459 3416 3532 Ἀποκριναμένων
3467 3465 3521 3516 δὲ
3579 3466 3759 3531 οὐδὲν,

2184 3547 2545 3616 ἐπιστραφεὶς
2578 3548 2605 3599 ό
2634 3546 2888 3617 βασιλεὺς
2920 3551 3055 3619 πρὸς
3079 3553 3171 3604 τὸν
3208 3555 3385 3621 μέγαν
3413 3555 3755 3624 δομέστικον,

2186 3636 2260 3687 Οὐ
2324 3637 2554 3703 σιωπᾷν,
2586 3635 2712 3705 ἔφη,
2763 3637 2976 3708 χρεώνο
3034 3639 3148 3691 ἀλλ’
3194 3641 3357 3695 αὐτόν
3399 3660 3459 3694 τε
3487 3644 3559 3704 ὡς
3611 3645 3760 3712 ἔχεις

2186 3729 2312 3795 περὶ
2360 3726 2468 3778 τῶν
2525 3726 2833 3798 εἰρημένων
2866 3732 3114 3794 καὶτοὺς
3149 3733 3349 3797 ἄλλους
3391 3735 3590 3803 λέγειν.
3636 3739 3761 3790 Ἐπὶ

2185 3815 2391 3879 τούτοις
2415 3818 2441 3868 ὁ
2471 3817 2642 3885 μέγας
2662 3817 2985 3886 δομὲστικος
3014 3818 3137 3874 εἶπε
3169 3825 3347 3878 τοιάδε
3371 3842 3384 3856 ·
3408 3826 3469 3878 Εί
3494 3827 3592 3896 μὲν
3620 3830 3759 3897 πρθς

2188 3905 2520 3975 βαρϐάρους,
2568 3901 2612 3959 ὦ
2670 3908 2930 3976 βασιλεῦ,
2978 3916 3105 3976 τοὺς
3163 3915 3326 3981 φύσει
3382 3918 3673 3986 πολεμίους
3729 3922 3760 3974 ὁ

2191 3997 2422 4064 πόλεμος
2456 3998 2587 4066 ήμῐν
2610 3994 2697 4069 ἦν,
2731 4001 2885 4054 οὐδὲν
2916 4000 3103 4070 ἕτερον
3131 4004 3239 4056 ἔδει
3268 4010 3512 4074 σκοπεῖν,
3540 4009 3571 4077 ἦ
3607 4010 3760 4074 ὅπως

2187 4084 2256 4155 ἣν
2289 4086 2386 4156 μὲν
2413 4090 2833 4159 περιγενώμεθα
2857 4093 2931 4160 τῷ
2961 4093 3201 4166 πολέμῳ,
3228 4098 3498 4164 ἐπεξιέναι
3525 4103 3615 4152 καὶ
3638 4101 3761 4153 δια-

2190 4178 2457 4248 φθείρειν,
2499 4179 2660 4249 ἄρχις
2690 4180 2755 4233 ἂν
2785 4182 2815 4252 ἦ
2845 4176 3197 4254 ἐκτρίψαντες
3231 4190 3552 4259 ποιήσωμεν
3588 4195 3759 4245 ἐκπο-

2189 4265 2314 4331 δὼν,
2346 4268 2378 4335 ἢ
2422 4267 2548 4334 τόγε
2583 4268 2832 4340 δεύτερον
2853 4271 3253 4353 δουλωσάμενοι
3280 4279 3598 4347 ποιήσωμεν
3620 4281 3755 4332 ὑπο-

2192 4358 2412 4425 φόρους.
2443 4360 2502 4411 Εἰ
2528 4360 2583 4412 δὲ
2610 4362 2872 4431 ίσόρῤοπα
2905 4364 3033 4431 ἡμῖν
3063 4366 3132 4417 τὰ
3160 4367 3459 4437 πράγματα
3490 4366 3578 4439 ἧν,
3618 4372 3761 4441 πρὸς

516 4451 791 4503 tantillum
829 4449 1099 4501 sollicitus
1123 4487 1138 4509 ,
1171 4464 1239 4501 ne
1269 4447 1411 4514 apud
1450 4446 1655 4498 inferos
1681 4445 1821 4497 inter
1857 4443 2078 4496 damna-

2184 4446 2280 4514 τὴν
2350 4448 2529 4499 αὐτῶν
2609 4450 2795 4518 χρείαν
2867 4453 3311 4522 μεθαρμόζεσθαι
3370 4459 3461 4511 καὶ
3530 4461 3751 4522 αὐτούς.

520 4551 610 4594 tos
640 4543 936 4603 referatur,
967 4539 1170 4592 bellum
1218 4539 1321 4591 hoc
1371 4536 1491 4604 paci
1530 4533 1866 4603 anteponat?
1919 4535 2083 4602 Atqui

517 4645 586 4683 ne
623 4630 702 4683 sic
729 4630 953 4697 quidem
983 4630 1138 4682 vobis
1170 4627 1594 4695 imperatoribus
1621 4625 1974 4678 distributum
2005 4635 2087 4678 est

519 4716 822 4784 imperium
849 4755 864 4776 ,
912 4724 974 4768 ut
1002 4716 1142 4768 alter
1188 4725 1429 4767 vostrum
1461 4713 1704 4766 exercitu
1754 4729 1818 4765 ex
1850 4713 2083 4777 oriente,

515 4806 658 4858 alter
688 4820 755 4856 ex
783 4804 1071 4856 occidente
1118 4804 1349 4856 collecto
1399 4801 1597 4855 militet
1627 4821 1638 4854 :
1676 4811 1816 4854 esset
1853 4801 1998 4854 enim
2030 4800 2082 4854 id

517 4893 903 4953 tolerabilius,
938 4893 1200 4944 Romanis
1254 4892 1417 4945 etiam
1468 4891 1547 4944 sic
1600 4874 2080 4952 concurrentibus,

517 4995 576 5037 et
626 4984 772 5035 inter
807 4996 866 5034 se
908 4981 1326 5049 periuieuuhus.
1378 4964 1481 5045 Qui
1534 4990 1711 5033 tamen
1766 4982 1856 5034 illa
1889 4995 2084 5033 conso-

514 5074 718 5129 latione
765 5075 1151 5135 muleereutur,
1197 5075 1341 5141 quod
1374 5075 1641 5142 perempti
1679 5076 1828 5126 nulla
1861 5089 1956 5127 eos
1987 5088 2082 5126 co-

516 5167 779 5235 gnatione
828 5164 1182 5231 attingerent.
1238 5164 1393 5217 Nunc
1444 5163 1498 5215 in
1550 5163 1829 5217 communi
1881 5163 2081 5216 ltouta-

516 5273 716 5310 norum
749 5246 1061 5310 calamitate
1097 5259 1168 5309 ita
1201 5273 1257 5309 se
1289 5273 1375 5311 res
1406 5258 1589 5323 habet,
1622 5267 1680 5310 ut
1707 5259 1836 5325 ipsa:
1862 5257 2078 5314 domus.

517 5346 719 5399 nedum
770 5347 935 5399 urbes
974 5346 1043 5398 in
1096 5360 1154 5398 se
1187 5346 1372 5399 divisae
1403 5349 1549 5409 sint,
1605 5358 1659 5400 et
1707 5350 1902 5399 frazres
1956 5361 2079 5399 cum

516 5436 782 5490 fratribus
810 5475 825 5498 ,
881 5446 936 5489 et
967 5436 1061 5489 lilii
1092 5452 1217 5489 eum
1268 5439 1587 5505 parentibus
1611 5479 1626 5503 ,
1678 5448 1732 5492 et
1763 5438 1923 5490 amici
1957 5452 2079 5489 cum

517 5526 714 5578 amicis
754 5514 1186 5593 germanissimis
1223 5542 1330 5579 non
1376 5542 1476 5579 suo
1529 5529 1804 5595 ipsorum,
1847 5528 1938 5579 sui
1977 5528 2076 5576 im-

517 5624 833 5682 peratorum
885 5615 1033 5668 inter
1059 5631 1116 5669 se
1147 5614 1274 5668 odio
1309 5617 1718 5682 depra-lientur.
1774 5615 2079 5668 Verisimile

514 5718 685 5772 porro
728 5713 810 5757 est
837 5745 850 5769 ,
898 5707 1162 5774 quosdam
1224 5705 1641 5757 interim-torum
1676 5722 1702 5756 a
1744 5722 1801 5757 se
1862 5720 2075 5772 pa.ru1n

2199 4535 2418 4604 Ἐπειδὴ
2441 4536 2496 4588 δέ
2528 4539 2674 4591 ἐστιν
2702 4539 2823 4592 οὔτε
2854 4541 2991 4609 πρὶς
3028 4544 3188 4611 φύσει
3219 4547 3508 4618 πολεμίους
3542 4551 3724 4621 βαρῦά
3744 4582 3760 4593 -

2189 4642 2335 4696 ρους,
2366 4627 2491 4679 οὔτε
2531 4630 2665 4699 πρὺς
2711 4631 2808 4700 τὴν
2861 4635 3033 4703 αὐτὴν
3096 4636 3194 4705 μὲν
3252 4630 3561 4709 ᾑρημένους
3619 4643 3762 4711 θρη-

2188 4719 2371 4770 σκείαν
2407 4719 2556 4786 ήμῖν,
2580 4721 2750 4783 ἄλλως
2772 4722 2828 4774 δὲ
2857 4726 3148 4794 πολεμίους
3173 4728 3268 4779 καὶ
3301 4730 3406 4782 ὑπὸ
3435 4732 3573 4784 ίδίαν
3595 4749 3756 4786 τετα-

2186 4807 2420 4875 γμένους
2469 4811 2788 4877 ἡγεμονίαν,
2816 4812 2909 4874 οὒ,
2944 4814 3011 4867 ἄν
3052 4832 3136 4880 τις
3181 4817 3310 4879 ἴσως
3343 4822 3436 4873 καὶ
3470 4821 3756 4891 βιάζεσθαι

2186 4900 2561 4968 συγχωρήσειε
2589 4901 2933 4969 δυναμένοις,
2966 4905 3101 4958 ἀλλὰ
3129 4907 3265 4977 πρὸς
3302 4910 3608 4978 ὁμοφύλους
3657 4913 3754 4966 καὶ

2184 4989 2582 5054 οίκειοτάτους,
2614 4991 2805 5053 τίςᾶν
2851 4993 2974 5045 νοῦν
3020 4995 3178 5065 ἔχων,
3231 5003 3327 5052 καὶ
3377 5006 3580 5071 μικράν
3627 5020 3755 5057 τινα.

2186 5078 2508 5145 ποιούμενος
2563 5081 2819 5149 φροντίδα
2873 5086 2982 5146 τοῖς
3034 5089 3091 5136 ὲν
3139 5087 3265 5158 ᾅδου
3310 5093 3619 5153 καταδίκοις
3673 5092 3753 5163 μὴ

2186 5171 2461 5230 συνεῖναι,
2523 5169 2723 5250 μᾶλλον
2776 5174 2842 5224 ἂν
2882 5174 3159 5229 ἀνθέλοιτο
3212 5179 3303 5231 τὸν
3359 5179 3594 5247 πόλεμον
3647 5182 3754 5250 τῆς

2185 5258 2445 5326 είρήνηςς
2489 5244 2730 5326 καίτοιγέ
2776 5261 2885 5314 οὐδ’
2937 5263 3080 5316 οὕτω
3126 5244 3567 5338 συμμεμέρισται
3620 5244 3756 5341 ὑμῖν

2183 5351 2292 5409 τοῖς
2342 5347 2621 5415 βασιλεῦσι
2678 5352 2746 5402 τὰ
2798 5353 2897 5418 τῆς
2947 5355 3142 5424 ἀρχῆς,
3177 5359 3252 5417 ὡς
3297 5359 3388 5411 τὸν
3426 5361 3522 5428 μὲν
3554 5361 3656 5429 τῆς
3685 5366 3757 5418 ἐκ

2181 5439 2274 5505 τῆ,
2308 5439 2382 5491 ἒω
2414 5444 2694 5526 στρατιᾶς,
2722 5444 2819 5512 τῆς
2848 5445 3105 5516 ἑσπερίου
3152 5452 3207 5502 δὲ
3231 5452 3319 5503 τὸν
3365 5453 3552 5523 ἕτερον
3584 5472 3757 5526 στρα-

2182 5530 2364 5593 τηγεῖν
2403 5524 2492 5597 (ἦν
2520 5532 2627 5599 γὰρ
2683 5531 2824 5584 οὕτω
2876 5550 2926 5587 τι
2971 5537 3396 5612 μετριάῖτερονο)
3456 5524 3755 5612 Ῥωμαίοις

2186 5618 2282 5685 μὲν
2308 5621 2399 5671 καὶ
2434 5621 2577 5673 οὕτω
2622 5622 2911 5692 Ῥωμαίων
2941 5631 3354 5697 συμπιπτόντων
3397 5638 3490 5688 καὶ
3537 5654 3755 5691 κτεινο-

2187 5707 2379 5775 μένων.
2418 5712 2604 5781 Ὅμως
2632 5714 2676 5766 δ’
2701 5715 2793 5767 οὖν
2819 5734 2941 5771 τινα
2982 5710 3332 5791 παραμυθίαν
3375 5728 3435 5778 τὸ
3467 5728 3542 5793 μὴ
3575 5746 3755 5784 ποοσ-
