4136 6288
347 314 446 377 2:37

1524 269 2055 373 HlSTOBlARUM
2106 309 2339 368 LlBER
2381 309 2408 368 ι

3477 316 3582 378 28

347 427 502 496 ήκειν
561 426 742 487 αὐτοῖς
816 423 937 478 καθ’
1005 419 1143 495 αἷμα
1202 425 1325 487 τοὺς
1399 424 1914 494 ἀποσφαττομένους

2033 434 2265 480 urorum.
2298 431 2393 473 ant
2432 420 2683 482 fratrum,
2714 429 2812 475 aut
2849 422 3153 476 amicorum
3190 423 3360 491 spolia
3403 425 3588 493 legen—

348 519 649 586 οἰομέηυν·
704 517 819 568 νυνί
873 515 919 568 δ’
972 514 1215 586 οὕτω)ςὴ
1276 517 1431 586 κοινὴ
1476 517 1582 569 τῶν
1629 516 1918 583 Ῥωμαίων

350 607 716 660 συνεσκεύασε
759 605 1044 676 δυστυχία,
1076 606 1151 669 ὡς
1201 607 1373 669 αὑτὰς
1422 606 1520 669 τάς
1552 606 1730 667 οἰκίας
1781 604 1919 674 πρὸς

347 698 579 766 ἀλλήλας
614 695 989 767 μερισθείσας,
1015 697 1246 766 μήτοιγε
1278 697 1485 761 πόλεις,
1512 697 1607 749 καὶ
1655 694 1918 762 ἀδελφοὺς

349 787 617 856 ἀλλήλοις,
655 787 751 838 καὶ
783 787 978 848 παῖδας
1010 788 1274 859 πατράσι,
1323 789 1421 840 καὶ
1451 788 1637 857 φίλους
1680 802 1917 856 γνησιω-

348 878 528 940 τάτοις
565 878 742 944 φίλοις
792 878 853 931 ού
884 877 961 947 τῷ
1010 879 1258 948 σφετέρῳ
1302 879 1502 942 αὐτῶν,
1536 877 1671 930 ὰ).λά
1704 877 1781 947 τῷ
1810 876 1921 928 τῶν

351 960 616 1038 βασιλέων
646 968 796 1039 ἔχθει
839 968 1120 1037 πολεμεῖν.
1156 970 1314 1033 Εἰκὸς
1346 970 1404 1023 δὲ
1448 969 1545 1023 καὶ
1593 969 1722 1040 παρ’
1751 969 1920 1031 αὐτὰς

349 1061 443 1120 τὰς
491 1058 669 1128 μάχας
722 1060 812 1111 τὸν
861 1059 1076 1130 πατέρα
1130 1061 1222 1114 τὸν
1260 1063 1462 1115 οἰκεῖον
1501 1063 1534 1132 ἦ
1575 1061 1665 1115 τδν
1694 1062 1919 1129 ἀδελφὸν

352 1151 749 1205 ἀποκτείναντα
775 1151 959 1220 τιναῆ
995 1152 1085 1205 τὸν
1115 1152 1289 1221 φίλον,
1322 1156 1378 1207 ἐν
1406 1152 1484 1223 τῷ
1517 1144 1801 1207 σκυλεύειν
1822 1154 1921 1223 τὴν

351 1243 791 1312 δυστυχεστάτην
826 1243 1122 1310 ἐπιγνῶναι
1150 1245 1331 1314 νίκην,
1361 1238 1425 1298 οὗ
1451 1245 1503 1297 τί
1533 1244 1920 1316 σχετλιώτερον

352 1335 549 1402 γένοιτ’
580 1335 689 1399 ἆνς
739 1327 816 1388 ὧν
857 1334 920 1402 δὴ
970 1335 1158 1399 ἓνεκα,
1202 1336 1364 1399 αὐτός
1422 1353 1483 1389 τε
1530 1335 1770 1407 ἡγοῦμαι
1823 1337 1922 1405 τὴν

350 1427 573 1495 ερήνην
630 1425 952 1489 λυσιτελεῖν,
997 1427 1090 1479 καὶ
1120 1428 1168 1478 οἰ
1197 1426 1346 1479 ἄλλοι
1400 1426 1922 1497 συνεπιψηφίζονται

351 1519 570 1579 πάντες.
617 1517 839 1587 Ἐπειδὴ
887 1517 944 1570 δὲ
988 1518 1083 1597 νῦν
1116 1519 1213 1571 καί⁵
1242 1519 1327 1587 ἐφ’
1360 1521 1568 1584 ὁποίοις
1600 1521 1662 1591 δή
1691 1521 1921 1590 τισιτὴν

350 1613 571 1681 εἰρήνην
597 1611 853 1678 γενέσθαι
874 1612 956 1664 δεῖ
979 1611 1266 1680 πρόκειται
1306 1617 1535 1667 σκοπεῖν
1562 1613 1704 1667 ὥστε
1738 1614 1922 1682 μένειν

352 1701 598 1770 βεϐαίαν,
643 1702 736 1754 καὶ
772 1702 849 1770 μὴ
898 1702 1062 1755 πάλιν
1118 1707 1444 1771 προφάσεων
1497 1704 1649 1774 πρὸς·
1682 1705 1920 1775 πόλεμον

1887 1788 1919 1816 τ.
1960 1763 1999 1816 Β

2023 519 2132 576 tes,
2172 511 2602 566 infelicissimam
2639 512 2923 566 victoriam
2953 514 3239 583 agnituros
3268 532 3282 567 :
3315 531 3425 583 quo
3453 516 3587 575 quid

2019 602 2242 656 tandem
2272 602 2687 656 miserabilius?
2716 602 2798 657 Ob
2832 602 2928 657 bas
2975 619 3063 658 res
3091 619 3194 675 ego
3223 644 3237 668 ,
3294 605 3588 673 canorique

2020 707 2212 746 omnes
2245 692 2473 746 omnino
2512 707 2700 762 pacem
2754 693 3408 751 conduceresentimus.
3445 695 3587 763 Quia

2021 796 2153 851 ergo
2183 797 2333 835 nunc
2358 793 2539 836 certas
2571 782 2642 836 ob
2673 798 2865 838 causas
2899 799 3020 838 eam
3051 786 3392 841 constituere
3423 802 3592 856 opor-

2022 879 2122 935 tet,
2155 872 2602 941 dispiciendum,
2630 889 2740 943 quo
2787 884 2944 942 pacto
2993 875 3327 932 inviolabilis
3376 893 3592 945 permao

2024 972 2192 1017 neat':
2225 978 2293 1017 ne
2344 979 2565 1019 rursum
2611 966 2936 1021 occasiones
2981 982 3260 1022 armorum
3318 983 3594 1025 renovan-
3690 1034 3697 1041 .

2025 1054 2225 1110 dorum
2265 1058 2607 1112 exoriantur.
2664 1057 2722 1113 Si
2758 1057 2908 1113 aliud
2960 1074 3122 1127 quam
3159 1059 3258 1114 abs
3293 1070 3345 1114 te
3383 1060 3592 1116 dictum

2022 1159 2107 1205 est
2133 1192 2147 1215 ,
2178 1151 2314 1205 utile
2347 1151 2682 1218 arbitrarer,
2711 1167 2821 1207 non
2864 1152 3200 1208 dubitassem
3228 1194 3242 1220 ,
3284 1154 3341 1208 id
3383 1156 3438 1209 in
3477 1171 3596 1211 me-

2022 1242 2174 1297 dium
2208 1241 2425 1297 aﬂ‘erre.
2462 1242 2568 1297 Sed
2599 1245 2860 1313 quoniam
2887 1255 2941 1300 et
2964 1246 3107 1315 justn
3133 1255 3190 1301 et
3223 1248 3595 1305 Romanorum

2023 1335 2300 1388 communi
2341 1334 2627 1403 frugifera,
2655 1345 2712 1390 et
2748 1337 2868 1401 libi,
2900 1337 3170 1408 nobisque
3197 1340 3593 1408 gloriosissima

2025 1422 2366 1490 disseruisti,
2411 1428 2526 1482 Deo
2574 1428 2846 1482 bonorum
2879 1430 3112 1499 praeside
3143 1431 3305 1497 freti,
3356 1433 3424 1487 ad
3459 1450 3598 1503 opus

2024 1520 2207 1595 verba
2249 1519 2622 1574 conferemus.
2664 1520 2791 1574 Haec
2819 1536 3050 1591 magnus
3080 1524 3453 1589 domesticus;
3506 1541 3595 1580 ser

2025 1609 2266 1663 cundum
2297 1625 2460 1677 quem
2509 1620 2564 1683 et
2617 1621 2987 1675 protostrator
3033 1615 3181 1682 quod
3226 1625 3444 1683 putaret
3477 1616 3597 1674 fore

2028 1716 2059 1754 e
2095 1716 2153 1755 re
2191 1700 2406 1768 publica
2439 1702 2736 1770 eloquendi
2788 1703 2947 1772 copia
2995 1703 3140 1760 facta
3170 1722 3186 1761 :
3220 1707 3416 1760 Pacem
3443 1747 3456 1770 ,
3514 1708 3600 1763 in-

349 1791 628 1859 εὐπορεῖν,
661 1790 711 1843 εἰ
755 1792 852 1858 μὲν
900 1790 1046 1861 ἕτερ’
1091 1792 1228 1845 ἄττα
1277 1792 1309 1860 ἢ
1372 1793 1535 1857 αὐτὸς
1569 1794 1823 1865 εἴρηκας,
1881 1790 1925 1848 ὧ

2033 1790 2183 1858 quit,
2218 1791 2371 1859 101
2408 1791 2571 1845 nobis
2600 1830 2615 1855 ,
2670 1791 2881 1861 totique
2927 1792 3160 1863 imperio
3209 1795 3454 1851 Romano
3501 1801 3601 1852 bo-

350 1880 593 1952 βασιλεῦ,
622 1882 923 1935 λυσιτελεῖν
954 1883 1306 1953 ἐλογιζόμην,
1350 1881 1505 1939 εἷπον
1547 1886 1612 1939 ἂν
1648 1887 1928 1949 ἐνδοιάσας

353 1973 520 2046 μηδέν
548 1987 563 1999 ·
601 1972 791 2041 ἐπειδὴ
813 1972 869 2025 δὲ
896 1973 1016 2042 ἅμα
1048 1990 1108 2026 τε
1152 1974 1340 2028 δίκαια
1373 1978 1470 2029 καὶ
1493 1975 1572 2046 τῷ
1605 1977 1773 2045 κοινῷ
1794 1993 1929 2043 συμ-

353 2045 592 2134 φέροντα
641 2064 953 2132 Ῥωμαίων,
988 2052 1084 2118 κάι
1116 2066 1250 2135 πρὸς
1285 2066 1527 2129 εὐδοξίαν
1548 2045 1764 2128 οὐδενὸς
1804 2050 1930 2119 δεύλ

350 2174 485 2227 τερα
508 2156 694 2226 σαυτῷ
719 2173 776 2208 τε
795 2157 1025 2226 εἴρηκας
1047 2158 1141 2209 καὶ
1164 2159 1318 2225 ἡμῖν,
1335 2158 1455 2225 Θεῷ
1476 2157 1556 2227 τῷ
1577 2156 1686 2210 τῶν
1710 2157 1930 2224 ἀγαθῶν

351 2248 721 2320 θαρρήσαντες
771 2248 975 2317 ἐφόρῳ,
1019 2249 1100 2309 εἰς
1142 2248 1277 2315 ἔργα
1329 2246 1652 2316 προάξωμεν
1695 2247 1821 2310 τοὺς
1846 2246 1931 2298 ὶόο

351 2357 505 2408 γους.
541 2332 779 2391 Τοιαῦτα
832 2337 930 2408 μέν
962 2337 1057 2391 καὶ
1086 2337 1115 2389 ὁ
1164 2338 1339 2407 μέγας
1387 2336 1709 2406 δομέστικος
1733 2332 1888 2389 εἶπεν
1915 2353 1928 2367 ο

352 2428 678 2497 ἐπιτραπεὶς
711 2428 770 2480 δέ
820 2426 915 2479 καὶ
944 2428 972 2479 ὁ
1007 2427 1473 2496 πρωτοστράτωρ,
1502 2425 1539 2480 ἃ.
1589 2427 1740 2479 δοκεῖ
1790 2443 1930 2495 συμ-

353 2521 593 2591 φέροντα
621 2521 826 2584 εἰπεῖν,
863 2519 973 2590 Τὴν
1002 2521 1102 2588 μὲν
1128 2520 1352 2590 εἰρήνην
1378 2519 1452 2580 ὡς
1478 2517 1683 2595 ἀγαθδν
1716 2520 1810 2571 καὶ
1834 2519 1929 2573 λυυ

357 2613 565 2677 ausis;
602 2613 731 2684 ἡμῖν
763 2630 822 2666 τε
852 2613 945 2666 καὶ
974 2610 1053 2681 τῷ
1082 2611 1249 2679 κοινῷ
1285 2611 1577 2679 Ῥωμαίων
1606 2612 1793 2671 παντὶ,
1823 2612 1949 2664 οὐδ’·

353 2706 420 2760 ἂν
445 2706 607 2768 αὐτὸς
634 2705 933 2776 ἀρνηθείην
954 2722 968 2735 ·
1004 2705 1080 2776 μὴ
1112 2706 1207 2759 καὶ
1234 2703 1448 2758 οἴεσθαι
1491 2705 1584 2757 καὶ
1612 2706 1931 2767 πεπεῖσθαι,

357 2798 499 2864 εἰπε,
532 2799 666 2869 παρ’
703 2800 875 2869 ὑμῶν.
911 2798 1182 2867 Τοιαύτην
1216 2799 1398 2868 μέντοι
1446 2797 1562 2851 οἵαν
1596 2799 1761 2861 αὐτὸς
1783 2799 1935 2868 εἴρη-

358 2908 458 2953 κας
486 2890 767 2959 γενέσθαι,
816 2889 1063 2959 βασιλεῦ,
1099 2889 1221 2943 οὐδὲ
1260 2889 1560 2958 ύπονοῆσαί
1616 2906 1745 2942 ποτε
1805 2892 1934 2954 όμο-

358 2976 522 3044 λογῶ.
593 2979 955 3047 Ἐλογιζόμην
1005 2979 1116 3047 γὰρ
1168 2980 1252 3030 ὅτι
1298 2978 1432 3048 πρὸς
1476 2974 1558 3041 οἷς
1607 2979 1932 3048 κατείχομεν

2030 1897 2155 1935 nam
2211 1898 2275 1936 ac
2323 1884 2617 1937 salutarem
2670 1898 2757 1938 me
2800 1884 3092 1954 judicare,
3140 1896 3199 1941 et
3242 1887 3317 1942 ita
3362 1903 3392 1942 a
3444 1889 3601 1946 vobis

2028 1986 2355 2040 persuasum
2409 1987 2530 2027 esse
2576 1973 2719 2027 haud
2787 1975 3120 2030 inliciabor:
3188 1966 3357 2032 talem
3416 1988 3600 2039 autem

2035 2062 2434 2117 conﬁciendam
2467 2078 2611 2130 esse,
2642 2065 2862 2132 qualem
2897 2075 2977 2130 tu,
3020 2068 3342 2136 imperator,
3390 2070 3603 2129 deseri.

2032 2153 2214 2221 psisti,
2239 2168 2523 2221 nunquam
2556 2168 2643 2207 me
2669 2154 3013 2223 suspicatum
3061 2156 3348 2213 conﬁteor.
3389 2160 3602 2223 Mecum

2031 2244 2187 2298 enim
2210 2244 2518 2313 cogitabam
2544 2283 2559 2307 ,
2593 2258 2696 2299 nos
2723 2245 2789 2299 ad
2826 2259 2890 2299 ea
2922 2260 3045 2314 quae
3074 2246 3231 2315 prius
3279 2250 3606 2312 tenebamus

2036 2335 2246 2390 recenti
2310 2334 2625 2389 accessiOne
2675 2333 2852 2398 facta,
2904 2351 3014 2389 non
3068 2352 3233 2405 parva
3253 2350 3452 2394 auctos
3502 2356 3605 2411 po-

2038 2429 2211 2483 tentia
2237 2470 2253 2494 ,
2291 2428 2442 2497 pacis
2475 2427 2656 2483 fmdus
2697 2428 2928 2482 icturos.
2972 2430 3125 2485 Unde
3156 2431 3280 2486 aliis
3309 2432 3376 2485 de
3403 2448 3465 2488 ea
3495 2435 3607 2488 dis-

2039 2500 2364 2575 serentibus
2394 2559 2408 2585 ,
2459 2521 2816 2590 cupidissime
2874 2524 3276 2581 auscultabam.
3327 2525 3600 2584 Caeterum

2032 2610 2163 2678 quia
2196 2611 2311 2663 haec
2344 2611 2431 2663 via
2465 2610 2562 2664 tibi
2591 2610 2765 2679 magis
2817 2610 3102 2679 probatur,
3130 2613 3264 2668 mihi
3298 2630 3516 2685 quoque
3549 2625 3609 2677 ιιι

2034 2699 2322 2768 probetur,
2361 2714 2587 2769 prorsus
2614 2712 2842 2754 necesse
2867 2710 2970 2755 est.
3006 2700 3086 2755 Ex
3120 2717 3231 2771 quo
3263 2719 3500 2775 namque
3537 2705 3608 2763 ad

2032 2791 2416 2846 auctoritatem
2448 2799 2594 2843 tuam
2626 2806 2711 2845 me
2736 2791 2983 2857 contuli,
3031 2790 3111 2846 sic
3141 2808 3228 2847 me
3258 2793 3470 2853 institui
3503 2836 3516 2856 .
3549 2804 3613 2857 ut

2039 2895 2220 2941 tecum
2284 2884 2471 2935 vivere
2512 2882 2669 2949 juxta
2741 2897 2806 2937 ac
2861 2884 3002 2939 mori
3061 2901 3172 2939 non
3222 2901 3469 2941 recusem
3506 2888 3609 2957 (9).

2034 2975 2213 3040 Quare
2242 2973 2346 3028 etsi
2382 2973 2541 3027 aliter
2562 2989 2751 3043 pacem
2784 2974 3095 3030 confectum
3117 2977 3187 3031 iri
3222 2978 3607 3047 ratiocinabar,

358 3071 626 3137 πρότερον
651 3071 745 3123 καὶ
767 3070 829 3121 ἐκ
850 3069 959 3120 τῶν
980 3067 1075 3121 νῦν
1101 3069 1614 3138 προσχωρησάντων
1643 3069 1742 3122 οὐκ
1772 3070 1931 3137 ὀλίγα

2037 3066 2214 3120 nibilo
2266 3066 2450 3119 minus
2479 3081 2604 3119 cum
2639 3066 2754 3120 haec
2787 3076 2876 3120 tua
2918 3082 3072 3122 mens
3121 3069 3194 3123 sit
3226 3069 3420 3135 hodie,
3460 3072 3611 3140 quod

361 3157 750 3227 κατασχόντες,
781 3157 878 3219 τὰς
907 3156 1002 3209 ἐπὶ
1030 3160 1095 3225 τῇ
1124 3158 1318 3225 εἰρήνῃ
1344 3159 1645 3227 ποιήσομεν
1671 3160 1932 3222 σπονδάς.

359 3249 451 3301 Διδ
490 3252 576 3302 καὶ
613 3248 894 3318 προθυμία
931 3252 1028 3302 σὺν
1061 3248 1230 3318 πολλῇ
1266 3253 1373 3301 τιίιν
1404 3250 1532 3320 περὶ
1573 3250 1675 3319 τῆς
1713 3254 1935 3320 εἰρήνης

359 3341 590 3412 εἰχόμην
633 3339 839 3408 λόγων
892 3338 1084 3409 ἐπειδὴ
1135 3340 1193 3393 δέ
1227 3356 1309 3392 σοι
1337 3338 1481 3393 οὕτω
1525 3340 1733 3410 βέλτιον
1767 3342 1935 3406 δοκεῖ,

359 3431 530 3499 κάμοὶ
567 3430 721 3482 πᾶσα
770 3430 1053 3482 συνδοκεῖν
1107 3427 1347 3501 ἀνάγκη.
1391 3428 1477 3495 Ἐξ
1525 3431 1651 3482 ὅτου
1699 3430 1807 3499 γάρ
1856 3447 1937 3483 σοι

360 3522 543 3589 φέρων
573 3520 818 3587 ὑπέταξα
847 3520 1110 3590 ἐμαυτὸν,
1156 3519 1300 3573 οὕτω
1334 3520 1658 3589 πέπεισμαι,
1707 3520 1780 3581 ὼ,
1823 3524 1939 3589 ἅμα

363 3629 443 3667 σοι
475 3614 573 3666 καὶ
621 3611 1062 3682 ἀποθανούμενος
1094 3612 1191 3665 καὶ
1243 3610 1477 3681 βιώσων.
1524 3597 1727 3677 Διόπερ
1764 3614 1813 3663 εἰ
1846 3614 1940 3666 καὶ

362 3705 525 3766 αὐτὸς
558 3704 764 3773 ἑτέρως
796 3701 1124 3771 ἐλογιζόμην
1154 3701 1389 3753 ἔσεσθαι
1408 3697 1506 3770 τὴν
1532 3701 1757 3771 εἰρήνην
1777 3715 1792 3730 ⁸
1824 3699 1939 3752 ἀλλ’

361 3794 562 3869 ἐπειδή
586 3801 702 3853 νυνί
740 3815 823 3853 σοι
856 3797 1049 3852 τοῦτον
1087 3798 1180 3851 τὸν
1208 3799 1414 3866 τρόπον
1444 3796 1609 3861 δοκεῖ,
1643 3796 1715 3860 ὡς
1745 3795 1810 3850 ἂν
1842 3796 1941 3848 αὑ-

362 3891 452 3955 τδς
482 3889 693 3962 βέλτιον
732 3892 841 3960 ήγῇ
874 3888 1155 3944 τελείσθω.
1195 3887 1433 3940 Τοιαῦτα
1463 3890 1556 3940 καὶ
1586 3905 1625 3939 π
1634 3888 1941 3958 ρωτοστρά-

362 4000 519 4053 τορος
548 3982 791 4043 εἰπόντος
822 3980 1224 4048 εὐχαριστήσας
1253 3979 1282 4030 ὁ
1317 3977 1591 4048 βασιλεὺς,
1617 3978 1942 4030 ἐπυνθάνετο

364 4074 472 4125 τῶν
508 4073 705 4126 ἄλλων.
758 4070 1106 4140 Ἐπισχόντες
1140 4068 1197 4122 δὲ
1251 4069 1470 4139 μικρὸν,
1521 4068 1678 4136 Παρὰ
1730 4069 1812 4120 σο)⁴
1847 4071 1942 4135 τὴν

365 4162 644 4230 ἐξουσίαν,
670 4162 905 4231 ἔφασαν,
942 4157 1084 4213 εἶναι
1119 4158 1214 4212 τοῦ
1245 4159 1512 4228 πράττειν
1532 4173 1547 4189 ⁶
1596 4157 1861 4224 δεσπότης
1887 4158 1943 4213 δὲ

364 4256 461 4318 ὣν,
491 4253 528 4308 ἃ
561 4254 743 4324 βούλει
788 4255 999 4320 πρᾶττε
1026 4269 1040 4282 ν
1070 4251 1182 4320 Τὴν
1230 4249 1486 4318 τοιαύτην
1517 4249 1575 4301 δὲ
1624 4251 1940 4316 ἀπολογίαν,

366 4346 427 4399 ού
461 4346 775 4406 πεισθέντες
808 4346 920 4407 τοῖς
973 4342 1314 4414 εἰρημένοις,
1344 4340 1460 4394 ἀλλ’
1512 4340 1693 4411 ἀηδῶς
1739 4341 1944 4410 μᾶλλον

2039 3157 2244 3210 rectius
2277 3170 2492 3222 censes,
2527 3156 2579 3209 id
2628 3156 2720 3209 ﬁat
2755 3170 2908 3210 sane.
2963 3151 3264 3226 Imperator
3307 3169 3614 3230 protostra.

2040 3253 2146 3305 tori
2181 3252 2298 3305 haec
2322 3298 2325 3300 .
2350 3250 2646 3318 prolocuto
2676 3258 2880 3319 gratias
2908 3252 3059 3322 egit,
3107 3262 3164 3306 et
3192 3254 3327 3309 alios
3378 3255 3615 3315 interro.

2038 3342 2206 3411 gavit.
2253 3340 2354 3406 Qui
2388 3356 2446 3393 se
2485 3341 2807 3408 colligentes
2864 3344 3311 3410 responderunt:
3346 3346 3481 3399 Cum
3513 3348 3614 3401 doc

2039 3433 2221 3486 minus
2249 3432 2353 3496 sit,
2405 3431 2460 3484 in
2518 3446 2682 3484 manu
2721 3431 2859 3499 ejus
2892 3447 3012 3487 esse
3044 3434 3227 3490 facere
3276 3451 3396 3507 qua:
3428 3437 3615 3493 vellet.

2040 3523 2386 3593 Responsum
2447 3521 2618 3576 hocce
2675 3524 3000 3592 perturbato
3072 3541 3136 3580 ae
3213 3527 3357 3582 tristi
3430 3528 3616 3587 animo

2040 3612 2440 3678 reddiderunt;
2473 3628 2583 3666 non
2616 3614 2762 3668 enim
2797 3615 2923 3671 illos
2959 3616 3238 3673 orationes
3287 3627 3619 3689 antegressas
3689 3620 3694 3625 ’

2044 3714 2487 3759 commoverant.
2521 3705 2709 3761 Nihilo
2735 3706 2919 3762 minus
2953 3707 3275 3777 imperator,
3306 3711 3453 3783 quod
3475 3712 3620 3772 scie-o,

2042 3795 2136 3847 hat
2185 3795 2397 3850 nescire
2449 3797 2758 3858 simulans.
2814 3798 2896 3852 eis
2950 3799 3201 3853 similiter
3235 3802 3439 3869 gratias
3484 3803 3616 3874 egit,

2047 3896 2493 3954 conventumque
2525 3887 2707 3939 solvit.
2761 3886 2893 3941 Inde
2927 3903 3101 3955 usque
3134 3888 3203 3942 ad
3251 3888 3395 3943 diem
3447 3892 3620 3960 septi-

2043 3990 2193 4028 mum
2227 3979 2389 4044 ipse,
2440 3990 2672 4044 magnus
2721 3975 3099 4043 domesticus,
3150 3986 3207 4031 et
3253 3986 3621 4046 protostrator

2047 4068 2344 4136 optimates
2371 4081 2433 4119 ac
2458 4066 2696 4120 selectos
2721 4104 2736 4130 ,
2772 4082 2979 4137 perque
3010 4068 3132 4142 illos
3163 4077 3330 4121 totam
3364 4070 3621 4127 multitu.

2045 4158 2231 4212 dinem
2282 4164 2339 4209 ut
2374 4170 2562 4224 pacem
2600 4165 2824 4228 propter
2859 4157 3102 4212 rationes
3138 4168 3265 4212 ante
3298 4159 3473 4218 dictas
3502 4177 3623 4219 aut.

2046 4251 2212 4322 plecti
2268 4250 2703 4323 vellenthaegre
2766 4249 3126 4303 induxerunt.
3184 4249 3249 4302 Et
3300 4250 3621 4322 imperatori

2030 4326 2273 4413 quidem
2326 4354 2451 4395 cum
2488 4339 2678 4407 paucis
2715 4339 3045 4408 quibusdam
3099 4340 3166 4394 de
3216 4341 3490 4399 nobilibus
3524 4359 3624 4410 pa.

367 4434 522 4490 εἷπον
551 4436 912 4498 διατεθέντες.
958 4409 1243 4503 Ὀνμέντοι
1271 4431 1547 4502 βασιλεὺς,
1572 4409 1697 4501 ήτὴν
1739 4409 1931 4486 ἀπολο·

2048 4409 2166 4490 cem
2219 4442 2390 4486 ratam
2458 4431 2637 4485 laeere
2692 4431 2933 4494 licebat;
3002 4447 3187 4485 verum
3245 4433 3297 4486 id
3345 4432 3624 4499 communi

365 4531 493 4598 γίαν
526 4531 555 4582 ὅ
582 4546 636 4581 τι
660 4530 771 4583 vos!
801 4527 1239 4597 ὑποκρινάμενος
1267 4527 1502 4597 ἀγνοεῖν,
1534 4524 1941 4595 εὐχαριστήσας

369 4621 469 4674 καὶ
512 4621 719 4684 αὐτοῖς,
751 4619 966 4673 διέλυσε
988 4619 1098 4687 δὴν
1145 4615 1465 4687 ἐκκλησῖαν.
1511 4614 1599 4680 Ἐξ
1640 4615 1855 4684 ἐκείνης
1886 4617 1941 4668 δέ

2051 4524 2312 4594 suffragio
2363 4522 2482 4577 ﬁeri
2538 4521 2849 4576 consultius
2899 4520 3077 4575 visum
3118 4531 3237 4589 est;
3287 4538 3407 4594 qua:
3458 4539 3624 4583 causa

2049 4618 2157 4672 init
2179 4657 2191 4678 ,
2222 4624 2282 4668 ut
2309 4629 2395 4668 res
2424 4614 2493 4668 ad
2528 4613 2675 4667 hunc
2709 4613 2929 4671 modum
2961 4612 3467 4669 administraretur.

369 4714 468 4769 καὶ
495 4715 577 4776 εἰς
604 4714 855 4785 ιὲϐδόμην
880 4713 1162 4783 ήμέρανλό
1196 4709 1454 4781 βασιλεὺς
1523 4708 1601 4777 τῷ
1647 4712 1865 4778 μεγάλῳ
1928 4712 2237 4783 δομεστεκῳ
2291 4708 2409 4777 ἅμα
2440 4708 2536 4759 καὶ
2583 4707 3032 4777 πρωτοστράτορι
3074 4705 3199 4769 τούς
3269 4724 3327 4759 τε
3374 4710 3433 4761 ἐν
3483 4705 3625 4765 τέλει

369 4812 622 4875 καὶτοὺς
667 4809 900 4879 λογάδας
945 4807 1226 4869 πείθοντες
1297 4806 1396 4875 τῆς
1446 4805 1728 4873 στρατιᾶς,
1768 4808 1858 4858 καὶ
1910 4808 1978 4860 δι’
2013 4807 2192 4861 αὐτῶν
2226 4806 2371 4859 ἆπαν
2402 4805 2461 4855 τὸ
2491 4803 2715 4872 πλῆθος,
2748 4804 2974 4874 ἴσχυσαν
3005 4803 3159 4873 μόλις
3213 4803 3625 4874 εὐπαράδεκτον

370 4908 509 4960 πᾶσι
543 4905 643 4974 τὴν
676 4905 769 4957 ἐπὶ
804 4905 917 4966 τοῖς
944 4902 1262 4972 εἰρημένοις
1299 4903 1525 4970 εἰρήνην
1577 4901 1936 4972 καταστῆσαι.
1988 4903 2152 4972 Ἐξῆν
2187 4904 2287 4972 μὲν
2351 4900 2447 4954 οὖν
2505 4903 2597 4955 καὶ
2652 4900 2866 4968 βασι)ιεί
2901 4901 3000 4952 σὺν
3043 4900 3246 4969 ὀλίγοις
3287 4901 3397 4953 τῶν
3427 4905 3629 4971 ἐπιφα.

367 5001 480 5052 νῶν
504 5016 615 5052 τισι
642 4998 739 5068 τήν
769 4997 991 5067 εἰρήνην
1018 4993 1242 5065 κυροῦν.
1290 4994 1494 5048 Ἐδόκει
1523 4993 1577 5047 δὲ
1609 4992 1815 5064 βέλτιον
1882 4995 2136 5062 γενέσθαι
2204 4996 2371 5069 ψήφῳ
2419 4997 2598 5065 κοινῇ,
2632 4993 2728 5047 καὶ
2765 4991 2854 5046 διὰ
2919 4991 3080 5047 τοῦτο
3112 4992 3181 5047 τά
3229 4992 3454 5048 τοιαῦτα
3483 4993 3627 5065 (fixo-

368 5095 610 5164 νομεῖτο.
979 5148 983 5155 ,
2780 5118 2819 5172 \
2874 5084 2895 5104 ί

1633 5203 1849 5266 Jacobi
1889 5204 2149 5266 Pontani
2189 5214 2373 5265 notio.

449 5360 524 5431 (9)
558 5360 671 5414 lmo
697 5357 999 5421 recusavit,
1033 5364 1091 5410 et
1130 5352 1334 5431 defecit
1380 5351 1634 5431 turpiter,
1679 5360 1739 5402 ut
1768 5349 1958 5431 videre
2058 5364 2228 5431 zenns
2284 5349 2344 5431 in
2381 5342 3107 5431 title'pCrstititttgqtte-‘ad
3178 5352 3505 5401 extremum.
3556 5334 3626 5399 Ὦ

372 5414 469 5486 est‘
510 5414 652 5483 libro
710 5414 1396 5495 tcrtio,‘qnemadmodnm
1428 5414 1486 5495 et
1511 5420 1864 5495 Syrgiarnnes.
1893 5423 1931 5467 di

2059 5419 2228 5485 φίλοι,
2254 5419 2431 5478 οὑδεὶς
2459 5414 2630 5483 ςξίιος,
2650 5414 2833 5467 aiclttti
2852 5414 3129 5466 Socrates.

374 5516 493 5573 quo
529 5516 722 5569 supra.
781 5488 1039 5553 Solus'ex
1078 5494 1258 5549 tribus
1290 5488 1647 5547 amicissimis
1687 5488 1957 5542 Cantacu-
