4136 6288
315 332 407 396 ΞΜ

316 449 610 519 γενομένης
645 448 736 501 ἐπὶ

316 542 403 596 τοῦ
433 542 555 594 νέου
595 541 999 610 προύκαλοῦντο
1056 543 1320 611 βασιλέως
1373 546 1624 609 ἐλθόντας
1671 546 1755 613 ἐφ’
1800 543 1880 609 οἷς

318 636 614 703 συνήγαγον
645 632 743 703 τὴν
774 634 1076 702 ἐκκλησίαν
1107 635 1305 702 λέγειν,
1339 637 1415 700 ὡς
1441 639 1619 690 αὐτῶν
1654 637 1789 690 ἀττα
1815 637 1880 690 ἄν

320 726 544 791 λέγωσιν
574 723 983 791 ἀκουσομένων.
1031 724 1285 777 Ἐκείνων
1320 726 1374 777 δὲ
1405 728 1496 778 τὸν
1529 727 1698 795 μέγαν
1725 727 1881 793 δομέ-

320 831 497 869 στικον
533 815 999 884 προτρεπομένων
1048 813 1229 880 λέγειν
1260 816 1334 878 ὡς
1368 817 1460 870 καὶ
1492 817 1669 870 αὐτῶν
1698 817 1765 869 τὰ
1793 818 1880 868 ίσα

321 906 403 958 καὶ
433 902 778 972 βουλομένων
835 904 928 954 καὶ
961 901 1319 970 φρονούντων,
1349 906 1376 955 ὀ
1410 902 1580 972 μέγας
1632 905 1881 973 δομέστι-

323 1015 407 1058 κος
480 993 603 1047 εἷπε
667 986 878 1046 τοιάδε·
922 994 1147 1058 ’Ἄνδρες
1199 998 1622 1064 συστρατιῶται,
1664 1000 1732 1053 ,ἐν
1780 999 1879 1065 ἴσῳ

322 1092 511 1146 πάντες
542 1083 820 1152 ἄνθρωποι
848 1082 1138 1146 δικαιοῦσι,
1169 1082 1248 1151 τῷ
1295 1102 1353 1136 τε
1396 1086 1494 1153 τῆς
1528 1086 1877 1155 ὑπαρχούσης

321 1177 464 1245 δόξης
514 1175 798 1243 ὑφιεμένῳ
853 1174 1167 1242 μέμφεσθαι
1195 1175 1282 1227 διὰ
1334 1176 1625 1243 μαλακίαν,
1659 1180 1749 1229 κέδι
1788 1180 1880 1229 τον

320 1269 411 1335 τῆς
449 1269 521 1336 μὴ
571 1266 957 1335 προσηκούσης
998 1266 1301 1336 θρασύτητι
1343 1268 1632 1335 ἐφιέμενον
1675 1273 1875 1337 μισεῖν.

319 1361 405 1410 Διὸ
432 1361 527 1410 καὶ
562 1357 749 1420 αὐτὸς,
791 1357 852 1408 οὐ
894 1359 992 1425 τῆς
1023 1357 1098 1426 μὴ
1149 1359 1532 1428 προσηκούσης
1558 1361 1689 1427 ἡμῖν
1721 1362 1879 1429 δόξης

322 1448 635 1518 ἀντέχεσθαι
682 1448 1033 1517 παρελήλυθα
1084 1449 1528 1518 συμϐουλεύσων,
1589 1452 1723 1504 ἀλλὰ
1781 1455 1879 1521 τὴν

319 1542 416 1594 ὑπὸ
446 1543 555 1594 τῶν
581 1541 862 1611 προγόνων
887 1542 966 1604 εἰς
998 1543 1145 1611 ἡμᾶς
1172 1542 1347 1611 ἀγῶσι
1387 1545 1481 1597 καὶ
1530 1544 1714 1605 πόνοις
1763 1545 1879 1597 δια-

245 1617 249 1620 .
320 1634 602 1696 σωθεῖσανν
656 1632 890 1703 ἀτολμίᾳ
946 1637 1013 1703 τῇ
1070 1635 1205 1703 πρδς
1258 1637 1325 1688 τὰ
1373 1637 1521 1690 δεινά
1560 1638 1768 1690 ἐλάσσω
1804 1639 1878 1707 μὴ

319 1728 508 1778 ποιεῖν.
535 1724 626 1793 Μὴ
658 1724 975 1792 θαυμάσητε
1009 1725 1064 1777 δέ
1095 1727 1141 1777 εί
1168 1725 1449 1794 βασιλεῦσι
1477 1733 1607 1797 περὶ
1637 1731 1747 1781 τῶν
1772 1748 1882 1782 τοι-

1512 341 2050 421 ΗΙΞΤαΙΠΑΗυΜ
2095 341 2319 400 LIBER
2364 342 2408 400 I.

811 451 1029 519 μικρον,
1061 453 1107 503 oi
1170 453 1224 503 ἐν
1255 453 1530 521 Βυζαντίῳ
1563 459 1688 517 τοὺς
1747 456 1883 517 μετὰ

1989 466 2046 508 ut
2078 458 2144 509 de
2178 456 2245 508 iis
2276 470 2507 523 quorum
2542 469 2705 508 causa
2736 455 3140 523 convenissent,
3179 456 3443 520 dicerent,
3490 475 3549 514 se

1960 559 2340 613 quaecumque
2368 544 2606 611 dixerint
2626 544 2930 597 audituros.
2958 543 3095 597 Cum
3125 544 3200 598 illi
3234 545 3331 599 has
3361 559 3547 615 partes

3449 340 3552 406 262

1982 635 2046 687 ad
2090 650 2340 702 magnum
2380 634 2747 687 domesticum
2774 634 3072 697 deferrent,
3105 637 3325 702 quicum
3357 637 3549 691 eadem

1982 725 2184 777 vellent
2202 740 2265 778 ac
2286 726 2822 784 sentirent,exorsus
2848 733 2932 778 est
2954 725 3043 777 ille
3061 726 3205 778 hunc
3227 726 3278 777 in
3294 727 3546 781 modum:

1981 812 2184 867 Omnes
2251 814 2521 874 homines,
2577 815 2681 868 viri
2731 816 3154 879 commilitones,
3203 800 3427 886 adaque
3464 822 3554 889 ju-

1984 914 2129 957 stum
2157 916 2369 967 rentur,
2412 915 2466 958 et
2495 906 2563 958 de
2588 907 3046 975 praesenti'gloria
3081 922 3177 960 sua
3206 920 3431 977 propter
3468 912 3552 963 ir-

1985 994 2309 1047 fractionem
2365 997 2532 1048 animi
2583 996 2936 1050 decedentem
2991 1000 3396 1065 reprehendere
3433 1042 3445 1062 ,
3495 1015 3552 1057 et

1982 1082 2199 1135 laudem
2255 1083 2357 1136 sibi
2418 1085 2641 1139 minime
2676 1101 2968 1154 congruam
2999 1072 3342 1143 confidenter
3381 1107 3549 1161 appe-

1983 1184 2185 1228 tentem
2217 1177 2487 1229 aversari.
2513 1175 2780 1241 Quocirca
2816 1195 2922 1232 non
2946 1196 3047 1249 ego
3073 1181 3125 1234 in
3156 1183 3393 1235 medium
3426 1200 3552 1251 pro-
3611 1176 3616 1180 ’

1981 1266 2103 1329 deo,
2133 1276 2191 1321 ut
2230 1267 2387 1319 vobis
2421 1269 2605 1336 gloriae
2636 1284 2745 1321 non
2777 1269 2977 1323 debita:
3009 1273 3317 1325 asserenda!
3356 1287 3550 1325 auctor

1982 1355 2124 1419 sim;
2183 1355 2277 1407 sed
2340 1365 2397 1407 ut
2443 1357 2593 1425 ejus,
2651 1373 2812 1425 quam
2863 1360 3095 1429 majores
3134 1361 3298 1414 vestri
3338 1366 3550 1427 magns

1981 1446 2429 1501 contentionibus
2457 1449 2846 1519 laboribusque
2874 1460 3081 1519 partam
3137 1452 3202 1505 ad
3241 1467 3336 1505 vos
3368 1462 3548 1506 trans-

1984 1536 2282 1599 miserunt,
2306 1553 2401 1606 per
2430 1537 2695 1604 ignaviam
2725 1541 2790 1592 ad
2824 1538 2910 1594 res
2939 1543 3102 1595 duras
3135 1551 3189 1594 ct
3211 1544 3546 1609 periculosas

1982 1643 2089 1679 non
2122 1628 2482 1682 obscuranda:
2504 1631 2795 1684 consilium
2828 1631 3157 1699 impertiam.
3192 1633 3266 1686 Ne
3288 1650 3414 1693 vero
3444 1637 3514 1688 mi

1985 1733 2105 1770 rum
2138 1720 2371 1785 accidat,
2407 1719 2451 1772 si
2489 1736 2612 1773 cum
2652 1722 2772 1774 talis
2815 1721 3141 1775 deliberatio
3188 1724 3549 1791 imperatores

318 1819 484 1869 ούτων
517 1805 864 1885 βουλεύεσθαι
906 1821 1199 1885 προσῆκον,
1236 1819 1395 1881 αὐτὸς
1429 1820 1557 1888 ὑμῖν
1590 1820 1878 1890 προύθηκα

1986 1809 2194 1872 deceat,
2228 1825 2329 1878 ego
2352 1826 2473 1863 eam
2507 1811 2665 1863 vobis
2698 1828 3020 1881 proponam.
3051 1814 3139 1868 Sic
3168 1816 3311 1868 enim
3339 1823 3544 1881 statuo,

317 1907 406 1977 τὴν
430 1906 652 1977 βουλήν.
691 1906 964 1976 Ἠγοῦμαι
998 1908 1105 1976 γὰρ
1143 1908 1237 1961 καὶ
1273 1909 1424 1962 πόλιν
1473 1911 1848 1979 αὐτονομουμέ

317 2018 406 2069 νην
434 2005 535 2054 καὶ
570 1999 847 2068 βασιλείαν
878 1999 1052 2054 πλείω
1080 2002 1204 2063 τοὺς
1242 2001 1460 2064 ἰδιώτας
1489 2003 1718 2071 ὠφελεῖν
1749 2004 1884 2073 σύμ-

320 2108 496 2144 πασαν
534 2091 896 2160 ὀρθουμένην,
953 2091 985 2159 ἢ
1049 2093 1235 2154 κακῶς
1296 2093 1608 2162 πάσχουσαν
1657 2095 1879 2164 ἀθρόαν,

269 2232 277 2239 ,
317 2180 429 2232 καθ’
458 2180 694 2232 ἕκαστον
725 2179 779 2231 δὲ
818 2180 1209 2249 εὐπραγοῦσαν
1253 2182 1360 2235 τῶν
1389 2183 1646 2236 πολιτῶν.
1680 2188 1883 2238 Δυστυ-

318 2270 421 2342 χῶν
450 2271 556 2339 μὲν
581 2272 690 2340 γὰρ
717 2273 774 2323 ἐν
795 2272 1148 2343 εὐπραγούσῃ
1181 2276 1243 2341 τῇ
1300 2275 1521 2342 πατρίδι
1573 2275 1786 2343 μάλιστ’
1816 2277 1881 2327 ἄν

249 2409 254 2415 _
316 2371 391 2417 τις
419 2356 743 2419 διασώζοιτο
763 2374 778 2390 ο
811 2355 875 2410 εὖ
903 2358 960 2411 δὲ
983 2361 1283 2428 φερόμενος
1309 2364 1366 2413 ἐν
1396 2364 1689 2437 ἀτυχούσῃ,
1731 2366 1881 2418 οὐδὲν

318 2440 471 2515 ἦττον
502 2447 920 2501 συναπόλλυται.
972 2449 1162 2503 Ὁπότε
1196 2447 1290 2506 οὖν
1320 2454 1415 2505 καὶ
1463 2455 1617 2516 πόλις
1662 2458 1752 2507 καὶ
1784 2456 1882 2525 βα-

318 2540 486 2593 σιλεία
521 2540 656 2610 πρὸς
690 2541 787 2609 μὲν
820 2542 916 2604 τὰς
954 2543 1090 2605 ἰδίας
1122 2547 1406 2613 συμφορᾶς
1426 2547 1582 2600 dare
1615 2549 1879 2617 ἀντέχειν,

319 2623 393 2691 εἷς
415 2631 469 2682 δέ
504 2630 738 2693 ἕκαστος
776 2630 1039 2694 ἀδύνατος
1073 2635 1211 2704 προς
1253 2638 1352 2699 τὰς
1381 2638 1619 2707 ἐκείνης,
1658 2640 1772 2702 πῶς
1818 2640 1879 2691 οὐ

318 2726 416 2792 χρὴ
439 2726 607 2777 παντὶ
635 2724 824 2794 τρόπῳ
853 2726 1059 2788 πάντας
1091 2725 1318 2792 ἀμύνειν
1364 2729 1500 2799 αὐτῇ
1528 2748 1542 2793 ;
1579 2730 1613 2783 ἀ
1658 2733 1756 2800 μὲν
1792 2732 1883 2785 οὖν

318 2816 392 2877 εἰς
422 2816 577 2883 ἡμᾶς
630 2817 658 2867 ὁ
708 2815 813 2888 τῶν
851 2816 1051 2869 Μυσῶν
1082 2817 1333 2887 ἐξύόρισε
1378 2820 1648 2888 βασιλεὺς,
1683 2826 1790 2872 πᾶν
1826 2841 1882 2884 ες

318 2906 594 2976 ἀκηκόατε
624 2899 718 2961 καὶ
745 2908 918 2962 αὐτοί.
945 2909 1066 2960 Τῶν
1098 2910 1275 2963 ἀλλων
1302 2913 1410 2981 γὰρ
1442 2912 1715 2983 λῃστείαις
1741 2932 1880 2983 χρω-

322 3000 578 3070 μένων,ἢ
612 3000 793 3053 εἴποτε
831 3005 918 3052 καὶ
955 3003 1265 3054 εσεάλλοιεν
1318 3006 1566 3072 στρατιᾷ,
1611 3005 1737 3075 ἄχρι
1782 3008 1883 3071 τῆς

318 3088 484 3159 ἄκρας
527 3092 967 3158 ἀφικνουμένων,
999 3093 1092 3143 καὶ
1129 3092 1246 3160 ἀμα
1291 3092 1368 3161 τῷ
1398 3094 1650 3161 αἴσθησιν
1705 3112 1882 3164 παραο

319 3187 482 3251 σχεῖν,
515 3184 1027 3254 ἀποδιδρασκόντων
1054 3187 1133 3247 είς
1168 3188 1267 3255 τὴν
1307 3186 1460 3250 ίδίαν,
1504 3187 1666 3250 asas;
1692 3187 1881 3255 ῶσπερ

315 3276 410 3330 οὐκ
433 3278 516 3340 είς
559 3277 844 3345 πολεμίαν,
881 3277 994 3329 ἀλλ’
1023 3280 1101 3342 είς
1141 3278 1239 3349 τὴν
1272 3279 1407 3331 ίδίαν
1439 3279 1755 3349 ποιούμενος
1786 3282 1883 3343 τὰς

319 3369 759 3435 στρατοπεδείας,
806 3368 1061 3436 ἀσφαλῶς
1099 3368 1421 3439 καθήμενος
1467 3371 1621 3441 ἐδῄου
1659 3371 1753 3440 τὴν
1779 3372 1882 3439 γῆν

314 3461 471 3528 ἡμῶν
504 3460 603 3513 ἐπὶ
627 3460 952 3515 δυοκαίδεκα
973 3461 1229 3531 ἡμέραις.
1260 3463 1368 3515 Καὶ
1396 3464 1634 3533 προῆλθέ
1662 3480 1724 3529 γε
1756 3463 1884 3532 ἄχρι

315 3547 496 3618 Βήρας
561 3551 654 3602 καὶ
685 3551 1185 3619 Τραιανουπόλεως,
1202 3552 1435 3620 ’τέμνων
1485 3554 1678 3623 αὐτήν.
1724 3554 1789 3605 Εἴ
1811 3570 1886 3621 τῳ

312 3641 363 3695 δὲ
398 3645 553 3697 δοκεῖ
580 3642 670 3696 διὰ
698 3644 756 3697 τὸ
783 3646 846 3697 ἐκ
884 3645 1143 3715 προνοίας
1173 3648 1229 3699 ἐν
1271 3650 1390 3709 ταῖς
1422 3649 1606 3701 πόλεσι
1642 3649 1737 3702 καὶ
1776 3650 1885 3711 τοῖς

314 3739 605 3805 φρουρίοις
662 3736 732 3788 τά
762 3753 818 3787 τε
881 3734 1203 3804 βοσκήματα
1236 3739 1330 3790 καὶ
1384 3740 1508 3801 τοὺς
1562 3740 1887 3803 ἀνθρώπους

315 3812 885 3892 ἐγκατακλεισθέντας
917 3826 1130 3879 ἐλάσσω
1187 3828 1218 3896 ἢ
1283 3828 1449 3897 ἐχρῆν
1505 3829 1756 3896 γενὲτθαι
1791 3832 1887 3895 τὴν

315 3913 524 3983 ζημίαν
556 3915 783 3967 ἀνεκτὸν
821 3913 981 3980 εἶναι,
1033 3915 1165 3968 ίστω
1205 3916 1490 3980 ἐξαπατῶν
1533 3920 1888 3972 ἐαυτὸν.“ι⁴ὶάν

316 4008 425 4077 γὰρ
452 4009 531 4079 μὴ
568 4006 668 4059 νῦν
718 4007 1163 4077 τιμωρησώμεθα
1209 4010 1406 4072 αὐτοὺς
1430 4010 1614 4073 ἀξίως,
1650 4013 1742 4062 καὶ
1771 4011 1890 4062 δευσ-

314 4097 484 4165 τὲραν
513 4095 745 4165 ἐσϐολὴν
773 4090 1083 4165 ποιήσονται
1123 4099 1218 4150 καὶ
1251 4099 1438 4168 τρίτην
1462 4114 1477 4127 ⁸
1510 4102 1602 4151 καὶ
1633 4102 1692 4151 οὺ
1732 4102 1888 4167 μόνον

316 4188 441 4247 τοὺς
475 4187 590 4237 τῶν
623 4187 830 4239 πόλεων
856 4187 1058 4256 δήμους
1079 4189 1173 4241 ἀπ’
1204 4189 1508 4242 ἐλασσόνων
1538 4192 1889 4259 ὁρμωμένους

314 4270 763 4348 ἀποστερήσουσι
792 4278 887 4331 καὶ
916 4279 1139 4343 τούτων,
1169 4279 1305 4331 ἀλλά
1346 4280 1441 4332 καὶ
1473 4281 1618 4350 ἡμᾶς
1648 4282 1770 4340 τοὺς
1798 4281 1888 4332 δυ-

316 4371 513 4431 νατοὺς
548 4371 726 4422 πολλὰ
760 4370 895 4422 καλά
923 4369 1178 4439 κτήματα
1209 4368 1434 4436 ἔχοντας
1473 4372 1616 4423 κατὰ
1645 4371 1743 4439 τὴν
1788 4366 1909 4440 χώέ

321 4477 420 4529 ραν
457 4461 813 4529 ζημιώσουσι
872 4446 1062 4513 πολλὰ.
1097 4458 1187 4511 Διὸ
1232 4459 1297 4529 δὴ
1336 4461 1430 4513 καὶ
1460 4464 1708 4529 παραινῶ
1743 4463 1888 4531 ὑμῖν,

318 4552 483 4618 ὁμόσε
532 4553 737 4621 χωρεῖν
770 4551 882 4611 τοῖς
938 4550 1237 4619 πολεμίοις,
1276 4549 1351 4619 μὴ
1392 4550 1701 4618 φρονήματι
1731 4553 1890 4620 μόνον

316 4644 424 4694 τῶν
450 4642 763 4711 προγόνων,
796 4641 931 4693 ἀλλὰ
960 4643 1055 4693 καὶ
1076 4641 1530 4710 καταφρονήματι
1553 4643 1888 4710 χρωμένους.

331 4733 567 4786 Ἐκεῖνοι
603 4730 663 4785 τέ
693 4734 802 4800 γὰρ
831 4734 897 4783 ἐκ
929 4732 1021 4783 τοῦ
1053 4732 1138 4783 ἀεὶ
1166 4733 1320 4800 νικᾷν
1356 4733 1480 4794 τοὺς
1504 4733 1741 4794 Μυσοὺς,
1765 4736 1891 4800 ἐχυ-

319 4825 575 4894 ρωτέραν
603 4823 818 4893 ἔχοντες
844 4822 945 4892 τὴν
994 4821 1213 4890 τόλμαν,
1253 4821 1737 4890 καταφρονητικῶς
1759 4821 1891 4891 ἐπῄ-

310 4928 447 4968 εσαν
488 4916 701 4979 αὐτοῖς,
739 4914 832 4966 καὶ
861 4915 993 4983 ἡμῖν
1026 4913 1120 4964 ἐὰν
1167 4912 1265 4979 τῆς
1308 4912 1529 4964 ἐκείνων
1561 4913 1760 4982 ἀρετῆς
1799 4917 1893 4964 καὶ

315 5007 640 5078 προθυμίας
667 5003 925 5074 φανῶμεν
958 5003 1217 5070 ζηλωταὶ,
1250 5003 1310 5054 τὸ
1339 5004 1469 5055 αὐτὸ
1493 5003 1895 5073 ἐξὲσται.Ἐχο-

318 5117 420 5170 μεν
449 5098 510 5151 δὲ
536 5097 643 5150 καὶ
670 5095 838 5147 πολλὰ
864 5094 1097 5171 ἐνέχυρς.
1134 5094 1349 5162 ἀσφαλῆ
1389 5094 1478 5147 τοῦ
1509 5096 1893 5163 περιγενέσθαι

316 5191 384 5244 ἂν
409 5190 602 5243 αὐτῶν
646 5188 701 5240 ἐν
727 5185 805 5254 τῷ
836 5186 1056 5254 πολέμῳ
1076 5202 1090 5216 ·
1120 5185 1155 5255 ἥ
1179 5201 1238 5235 τε
1261 5186 1367 5254 γὰρ
1396 5185 1639 5254 ἡμετέρα
1665 5185 1894 5253 στρατιά

319 5284 550 5343 πλείων,
584 5280 684 5332 καὶ
710 5278 782 5330 τὰ
807 5277 1040 5345 πολέμια
1072 5277 1435 5345 κραταιοτέρα
1456 5291 1470 5305 '
1504 5277 1657 5343 ὑμῶν
1703 5292 1762 5327 τε
1792 5276 1890 5343 τῆς

318 5371 642 5440 συγκλήτου
677 5368 858 5422 πολλοὶ
883 5368 991 5419 τῶν
1023 5367 1247 5419 ἐκείνων
1278 5365 1563 5435 βασιλέων,
1593 5367 1653 5417 οὐ
1688 5368 1893 5433 φρονή-

319 5478 405 5512 σει
448 5461 649 5524 μόνον,
680 5456 813 5508 ἀλλὰ
843 5455 937 5509 καὶ
962 5456 1156 5527 ἀνδρίᾳ.
1182 5455 1275 5508 καὶ
1296 5456 1461 5525 πείρᾳ
1479 5457 1544 5524 τῇ
1577 5456 1709 5524 πρὸς
1734 5473 1894 5524 στρα-

315 5552 512 5621 τηγίας
574 5548 876 5617 ὑπερέχετε
932 5548 1100 5601 πολύ*
1137 5550 1385 5617 χρήμασί
1430 5564 1488 5600 τε
1539 5548 1639 5600 οὐκ
1687 5550 1751 5601 ἐκ
1786 5549 1892 5600 τῶν

317 5643 515 5694 κοινῶν
561 5641 756 5709 μόνον,
814 5639 948 5693 ἀ)λά
1011 5631 1106 5692 κᾶὶ
1138 5643 1203 5693 ἐκ
1259 5638 1367 5692 τῶν
1421 5639 1567 5692 ἰδίων
1602 5639 1895 5709 ἐρρώμεθα

320 5735 525 5803 μᾶλλον
552 5730 813 5786 ἐκείνων.
845 5728 939 5795 Οἷς
993 5731 1042 5782 εί
1076 5731 1152 5799 μὴ
1201 5727 1555 5813 χρησαίμεθα
1562 5729 1705 5812 ίνῦν,
1734 5730 1892 5809 ὁπότε
1928 5806 1941 5807 7

1689 5948 1728 5965 ου

1982 1908 2038 1951 ct
2068 1899 2347 1952 civitatem
2375 1901 2625 1964 liberam,
2655 1911 2709 1957 et
2742 1919 2966 1971 regnum
3000 1906 3121 1979 plus
3150 1906 3373 1974 privatis
3398 1921 3549 1960 com-

1985 1993 2355 2056 modaturum,
2403 1994 2446 2046 si
2513 1995 2831 2048 universum
2893 1996 3018 2049 felix
3071 1998 3144 2051 sit
3199 2013 3263 2051 ac
3308 2003 3546 2062 beatum,

1983 2097 2145 2148 quam
2186 2083 2231 2136 si
2260 2083 2473 2138 civibus
2505 2083 2714 2138 interea
2751 2085 2980 2153 singulis
3028 2086 3304 2148 felicibus,
3368 2088 3545 2155 ipsum

1987 2182 2159 2226 tntum
2210 2174 2372 2227 simul
2442 2175 2727 2242 aﬂligatur.
2783 2177 2916 2229 Nam
2980 2177 3350 2233 infortunatus
3395 2182 3549 2248 quis—

1984 2272 2127 2334 piam
2163 2266 2216 2318 in
2276 2266 2447 2333 patria
2482 2265 2756 2319 fortunata
2792 2268 3000 2321 servari
3050 2268 3302 2323 facillime
3338 2283 3543 2339 queat:
3605 2254 3611 2260 Ι

1985 2358 2265 2439 fortunato
2290 2365 2476 2421 autem
2499 2358 2553 2409 in
2585 2358 2756 2426 patria
2799 2359 2995 2412 misera
3034 2361 3391 2413 nihilominus
3420 2379 3544 2416 (ιιι-η

1983 2444 2105 2503 aliis
2161 2450 2497 2518 pereundum
2542 2460 2646 2505 est.
2694 2451 2921 2515 Quando
2970 2452 3134 2521 igitur
3174 2455 3389 2514 civitas,
3452 2464 3549 2509 aut

1986 2556 2208 2611 rrgnum
2259 2556 2386 2594 suas
2419 2543 2487 2594 ab
2524 2555 2582 2594 se
2621 2542 2960 2596 calamitates
3003 2544 3295 2612 prohibere
3344 2555 3544 2614 potest,

1984 2641 2040 2685 et
2074 2649 2170 2701 per
2204 2648 2261 2686 se
2295 2632 2672 2701 unusquisque
2730 2634 2980 2702 proprias
3030 2651 3139 2689 non
3196 2650 3394 2704 potest,
3451 2638 3546 2707 qui

1986 2725 2202 2778 tandem
2243 2725 2292 2777 ei
2328 2738 2439 2775 non
2479 2726 2627 2776 omni
2679 2726 2889 2778 ratione
2935 2726 3003 2779 ab
3032 2728 3291 2781 omnibus
3321 2744 3552 2782 succur-

1987 2818 2217 2871 rendum
2248 2819 2373 2871 est?
2397 2815 2514 2870 1am
2561 2833 2680 2885 quae
2710 2817 2999 2871 Mmsorum
3036 2834 3126 2873 rex
3159 2819 3456 2873 insolenter
3498 2823 3548 2873 in

1989 2911 2422 2973 nosadmiserit,
2481 2924 2582 2963 nec
2628 2925 2725 2962 vos
2767 2911 2957 2978 tltique
3007 2910 3195 2963 latent.
3252 2912 3383 2964 Nam
3427 2927 3550 2965 cum

1988 2999 2273 3065 praedones
2304 2997 2419 3061 alii,
2453 2997 2703 3066 quamvis
2728 3011 3125 3065 nonnunquam
3153 2998 3318 3051 etiam
3349 3010 3555 3053 turnza-

1987 3089 2082 3140 tim
2111 3087 2430 3153 irruperint,
2456 3087 2617 3140 simul
2637 3086 2703 3139 ad
2724 3086 2857 3139 lines
2882 3094 3267 3154 pervenerunt,
3286 3097 3337 3138 et
3362 3086 3554 3140 adugsm

1990 3178 2364 3232 animadversi
2397 3187 2545 3236 sunt,
2583 3177 2637 3229 in
2673 3177 2829 3230 sedes
2862 3191 2989 3229 suas
3022 3176 3269 3243 refugere
3299 3177 3549 3244 soleant;

1986 3270 2087 3324 iste
2119 3271 2345 3338 perinde
2377 3268 2531 3337 quasi
2563 3284 2670 3321 non
2703 3268 2757 3323 in
2788 3268 3050 3326 hostium.
3082 3267 3175 3321 sed
3210 3269 3266 3320 in
3298 3268 3411 3320 suis
3439 3280 3546 3321 ter-

1986 3362 2060 3415 ris
2090 3361 2319 3414 haberet
2351 3359 2453 3412 sub
2488 3359 2659 3428 signis
2690 3358 3015 3420 exercitum,
3048 3358 3197 3411 nullo
3231 3369 3377 3412 metu
3417 3360 3554 3413 ﬁnes

1986 3463 2205 3507 nostros
2270 3450 2493 3529 insedit»
2549 3450 2743 3503 diebus
2798 3450 3086 3503 duodecim
3159 3451 3308 3518 agris
3379 3446 3561 3519 usque.

1988 3544 2207 3605 Beram,
2244 3541 2403 3612 11a,
2436 3552 2491 3596 et
2516 3541 2897 3611 Trajanopolin
2935 3541 3408 3609 depopulationem
3452 3542 3552 3595 ho-

1987 3638 2185 3692 stiliter
2208 3636 2416 3689 intulit.
2440 3634 2596 3697 Quod
2636 3650 2681 3687 sn
2712 3635 2838 3703 quis
2866 3643 3043 3702 putat,
3069 3635 3199 3702 quia
3235 3650 3292 3688 re
3335 3639 3552 3704 provisa
3640 3656 3649 3663 ί

1989 3737 2230 3798 agrestes
2261 3742 2317 3782 se
2351 3742 2472 3780 cum
2521 3727 2831 3795 pecoribus,
2874 3728 3111 3781 castellis
3138 3738 3299 3796 atque
3329 3728 3555 3783 urbibus

1989 3819 2336 3881 incluserint,
2375 3818 2558 3871 minus
2596 3818 2916 3872 detrimenti
2944 3830 3225 3885 acceptum
3244 3834 3364 3871 esse
3391 3833 3551 3885 quam

1988 3912 2277 3982 potuisset,
2308 3920 2363 3963 et
2398 3909 2609 3966 idcirco.
2644 3909 2923 3962 tolerabile
2942 3909 3137 3972 videri,
3159 3926 3239 3962 na:
3264 3910 3353 3962 ille
3387 3912 3551 3960 vclnz-

1996 4014 2212 4057 menter
2247 4010 2415 4054 errat.
2451 3999 2561 4053 Nisi
2596 4014 2742 4053 nunc
2773 4014 2868 4052 eos
2900 4014 2995 4066 pro
3042 4013 3108 4051 eo
3159 4014 3224 4051 ac
3277 4010 3555 4051 mezentur

1991 4092 2391 4164 punivcrimus,
2422 4092 2620 4142 iterum
2651 4105 2714 4143 ac
2750 4089 2971 4142 tertium
3005 4090 3305 4158 irrumpent
3337 4107 3350 4141 :
3378 4106 3555 4156 neque

1991 4184 2167 4239 solum
2208 4183 2485 4235 tenuiores
2522 4182 2670 4233 cives
2698 4181 2812 4232 suis
2839 4179 3188 4233 facultatibus
3212 4182 3551 4248 spoliateunt;

1990 4276 2083 4329 sed
2121 4288 2220 4328 nos
2253 4288 2474 4341 quoque
2505 4271 2822 4339 opulentos,
2854 4271 2946 4339 qui
2994 4271 3195 4324 multas
3225 4285 3289 4323 ac
3344 4271 3557 4325 nobiles

1995 4378 2103 4420 leta
2156 4365 2379 4433 regione
2418 4364 2793 4433 possessiones
2845 4363 3142 4427 habemus,
3190 4363 3405 4418 damnis
3448 4380 3558 4418 non

1923 4442 1969 4501 ί)
1996 4459 2469 4528 qualibuscunque
2513 4454 2771 4510 adicient.
2807 4456 3170 4521 Quamobrem
3210 4458 3397 4509 hortor
3436 4472 3552 4521 vos,

1996 4559 2057 4603 ut
2098 4564 2207 4601 non
2240 4549 2402 4601 modo
2440 4563 2561 4616 qua
2595 4548 2887 4602 altitudine
2933 4547 3120 4612 animi,
3169 4562 3355 4602 verum
3391 4549 3556 4603 etiam

1994 4655 2098 4709 qua
2125 4640 2342 4692 illormn
2382 4637 2740 4706 despicientia
2786 4639 3019 4708 majores
3051 4640 3217 4692 vestri
3258 4655 3557 4694 consueve-

1994 4740 2143 4792 runt,
2200 4730 2257 4784 in
2318 4729 2508 4783 hostes
2561 4729 2836 4783 feramini.
2882 4729 3013 4783 Nam
3073 4730 3149 4783 illi
3186 4731 3330 4799 quod
3364 4731 3560 4785 lilmsos

1993 4837 2209 4891 Semper
2240 4822 2548 4882 vincerent,
2586 4823 2757 4876 tutius
2790 4821 3081 4880 audentes.
3114 4824 3469 4890 contemptim
3501 4824 3557 4877 in

1995 4935 2091 4975 eos
2122 4922 2486 4975 invadebant:
2519 4922 2835 4988 etnobis,si
2869 4937 3058 4976 eorum
3087 4924 3343 4977 virtutem
3364 4924 3557 4977 alacri-

1995 5021 2272 5081 talemque
2312 5012 2711 5079 aemulabimur,
2767 5013 2910 5067 idem
2961 5013 3167 5069 licebit.
3204 5014 3367 5067 Multa
3400 5029 3562 5081 porro

1995 5116 2059 5155 ac
2097 5114 2207 5154 non
2256 5102 2422 5156 dubia
2463 5102 2705 5155 victoriae
2738 5102 2962 5170 pignora
3021 5102 3392 5170 suppeditant.
3438 5100 3561 5154 Prl-

1996 5207 2143 5245 mum
2181 5193 2327 5245 enim
2363 5192 2534 5260 capia:
2562 5202 2761 5245 nostra:
2794 5192 3026 5261 majores
3052 5202 3200 5244 sunt.
3236 5190 3438 5243 Deinde
3467 5205 3562 5257 ap-

1991 5290 2214 5349 paratus
2237 5280 2461 5333 bellicus
2481 5280 2746 5340 validior;
2779 5281 3044 5347 multique
3068 5279 3136 5333 de
3165 5279 3269 5331 hoc
3298 5292 3559 5361 copsessu
3584 5325 3588 5330 ,

1993 5384 2182 5425 nostro
2214 5371 2433 5439 regibus
2456 5370 2696 5438 ipsorum
2723 5380 2777 5423 et
2802 5369 3112 5438 prudentia,
3136 5378 3191 5422 ct
3215 5368 3555 5429 fortitudine,

1993 5474 2050 5518 et
2075 5465 2157 5516 rei
2193 5461 2444 5515 militaris
2477 5476 2574 5515 usu
2608 5471 2888 5530 praestant.
2935 5461 3109 5526 Adde,
3151 5460 3295 5528 quod
3332 5458 3562 5527 pecunia

1993 5568 2100 5621 qua
2134 5551 2372 5620 publica,
2398 5565 2504 5617 qua
2533 5551 2741 5618 privata
2768 5551 2891 5619 plus
2917 5542 3025 5604 illis
3060 5564 3352 5618 possumus
3379 5566 3392 5600 :
3424 5563 3486 5602 ea
3515 5544 3563 5600 si

1996 5645 2101 5699 hoc
2138 5653 2382 5709 tempore
2421 5658 2527 5696 non
2555 5643 2790 5705 utimur,
2834 5656 2963 5694 num
3007 5640 3226 5709 quando
3255 5653 3378 5692 cum
3413 5651 3569 5692 emo-

1995 5734 2241 5789 lumento
2271 5741 2460 5787 nostro
2489 5733 2638 5789 usuri
2671 5733 2865 5802 simus,
2885 5731 3142 5802 equidem
3173 5729 3387 5787 dubito.
3415 5728 3567 5797 Quo~
