4136 6288
209 359 219 370 ’
319 356 417 422 gg'}
1005 343 1024 358 ’
1495 364 2038 425 HISTORIARUM
2079 367 2308 448 LIBER
2353 371 2398 430 l.

3471 373 3579 436 291

318 473 364 524 οί
431 471 528 540 μὲν
592 471 861 541 βάρϐαροι
940 473 1241 544 μαχόμενοι
1316 475 1643 548 παραϐόλως
1694 475 1890 528 ἔπεσον

2001 480 2325 548 pendentem
2363 482 2414 535 ei
2467 481 2833 548 abstulerunt,
2886 483 3239 554 vcstiumque
3291 500 3417 540 oras
3470 487 3579 544 huc

319 562 554 626 πάντες·
605 565 653 615 οἱ
707 566 979 634 βασιλικοὶ
1033 565 1090 617 δὲ
1143 565 1297 617 αὐτοὶ
1337 566 1431 619 καὶ
1464 567 1512 618 oi
1565 565 1724 619 ἵπποι
1757 566 1894 636 πλὴν

320 655 512 720 ὀλίγων
537 655 1056 725 ἐτραυματίσθησαν
1089 656 1292 719 πάντες
1315 673 1328 687 °
1358 657 1593 717 ἀπέθανε
1614 658 1671 710 δὲ
1696 659 1890 720 οὐδείς.

322 747 546 805 Ἵππους
603 748 659 799 δὲ
715 748 986 801 ἀπέϐαλον
1041 747 1309 810 πολλούς·
1346 748 1558 818 ἐτρώθη
1621 749 1674 801 δὲ
1721 749 1816 801 καὶ
1863 750 1891 801 6

231 873 244 881 .
326 834 570 904 βασιλεὺς
603 837 697 891 τὸν
735 837 873 891 πόδα
927 837 1110 908 ὀϊστῷ,
1146 839 1173 891 ὅ
1230 856 1288 891 τε
1333 839 1498 901 ἵππος
1538 840 1702 892 αὑτοῦ
1753 840 1894 912 πλη-

323 929 432 993 γεὶς
471 927 724 993 ἑπτάκις,
757 927 896 996 μετά
944 929 1140 998 μικρὸν
1167 928 1404 982 ἀπέθανε
1449 931 1550 1000 τῆς
1589 931 1792 1000 μάχης.
1834 933 1891 984 Ὀ

325 1019 374 1068 δὲ
437 1017 616 1085 μέγας
683 1019 1010 1087 δομέστικος
1083 1021 1262 1088 ὀλίγον
1325 1022 1514 1091 ἐδέησε
1585 1025 1893 1094 μαχόμενος

327 1113 526 1162 πεσεῖν.
570 1109 931 1179 [Ιερισχόντες
955 1114 1064 1182 γὰρ
1095 1114 1256 1167 αὐτὸν
1314 1115 1502 1167 πολλοὶ
1529 1115 1638 1167 τῶν
1691 1117 1896 1186 βαρϐά-

329 1219 452 1268 ρων,
483 1203 574 1252 τὸν
616 1202 715 1270 μὲν
741 1202 908 1256 ῐππον
949 1206 1470 1274 κατετραυμάτισαν
1502 1207 1594 1259 ἐπὶ
1611 1208 1888 1274 τοσοῦτον,

328 1292 395 1353 ὡς
431 1294 629 1360 μηκέτι
674 1292 938 1346 δύνασθαι
984 1295 1276 1350 κινεῖσθαι.
1312 1297 1484 1349 Αὑτὸν
1507 1297 1561 1349 δὲ
1589 1298 1790 1361 ὀϊστοῖς
1831 1317 1890 1351 τε

325 1385 412 1434 καὶ
441 1385 652 1455 κοντοῖς
700 1386 796 1436 καὶ
847 1385 1018 1448 λίθοις
1050 1385 1296 1454 ἔπληξαν
1326 1389 1586 1452 πολλάκις
1612 1405 1628 1421 ο
1659 1391 1811 1445 οὐδὲν
1835 1393 1892 1445 δὲ

323 1461 498 1525 αὐτῶν
551 1476 792 1547 ἠδυνήθη
843 1477 1191 1545 καθικέσθαι,
1226 1482 1334 1534 τῶν
1390 1481 1570 1534 ὃπλων
1604 1483 1891 1553 ἀντισχόν-

324 1583 461 1630 των,
519 1566 762 1634 καίτοιγε
819 1567 928 1620 τῶν
980 1571 1172 1640 μηρῶν
1223 1573 1316 1624 καὶ
1363 1572 1668 1643 βραχιόνων
1722 1575 1894 1629 ὄντων

323 1659 545 1728 γυμνῶν
571 1679 582 1691 ·
619 1664 709 1714 τόν
732 1678 788 1714 τε
819 1679 891 1714 πα
903 1663 969 1732 ρὰ
1000 1666 1096 1734 την
1135 1665 1314 1737 ζώνην
1337 1667 1608 1738 ἀκινάκην
1629 1669 1893 1738 ἥρπασαν

330 1751 512 1813 τὺτοῧ,
546 1751 642 1802 καὶ
693 1754 760 1804 τά
820 1753 930 1806 τῶν
987 1755 1220 1824 ίματίων
1267 1757 1413 1826 ἄκρα
1463 1758 1755 1830 διέρρηξαν
1779 1763 1893 1824 τοῖς

2003 568 2133 623 illuc
2163 572 2429 639 raptando
2465 573 2879 639 tlilaccrarunt;
2914 574 3028 644 ipse
3065 575 3195 628 dum
3245 590 3302 628 se
3357 585 3580 633 strenue

2002 657 2272 724 defendit,
2309 661 2514 730 absque
2569 662 2680 716 ullo
2729 664 2960 717 vulnere
3014 663 3418 718 admirabiliter
3457 682 3580 720 ser-

2002 763 2158 806 vatus
2191 765 2293 807 est.
2334 755 2493 808 Parta
2531 755 2786 820 victoria,
2852 755 3040 809 multis
3096 767 3151 810 et
3206 757 3418 824 magnis
3451 757 3611 812 inde.
3679 755 3684 757 ’

2002 858 2173 912 usque
2230 846 2298 899 ab
2342 847 2749 902 adolescentulo
2815 849 3215 903 certaminibus
3257 864 3316 904 se
3359 853 3579 918 perfun-

2000 943 2145 986 ctum
2176 940 2441 1000 narravit,
2477 947 2854 992 verumtamen
2890 955 2990 993 nec
3042 941 3212 994 semel
3263 952 3370 1010 tam
3413 951 3581 1010 prope

2001 1025 2069 1079 ab
2125 1027 2294 1082 exitio
2339 1028 2605 1084 abfuisse.
2659 1030 2749 1084 Sic
2799 1046 2930 1101 ergo
2981 1031 3207 1085 Barbari
3256 1048 3446 1084 omnes
3487 1033 3582 1086 illo

2001 1116 2256 1170 conﬂictu
2287 1119 2562 1173 occisione
2595 1121 2761 1174 occisi
2795 1133 2944 1175 sunt.
2984 1122 3289 1189 Imperator
3329 1122 3581 1192 lli-lyrne-

2007 1208 2139 1261 ticbi
2171 1226 2237 1264 ex
2280 1211 2506 1264 vulnere
2538 1212 2631 1265 diu
2668 1213 2959 1267 laboravit.
3014 1213 3219 1267 Eodem
3266 1228 3434 1278 anno,
3469 1229 3582 1282 quo

2002 1305 2248 1368 tempore
2303 1300 2580 1356 frumenta
2638 1303 2853 1358 Ιιυτςαίε
2915 1304 3250 1367 conduntur,
3310 1303 3580 1370 Michael,

2001 1388 2293 1444 Mmsorum
2320 1407 2438 1456 rex,
2466 1394 2837 1448 Andronicum
2867 1395 3254 1464 imperatorem
3284 1396 3579 1449 convenire

1999 1480 2214 1536 voluit:
2247 1484 2335 1536 cui
2382 1484 2564 1538 adhuc
2613 1485 2802 1550 pedem
2853 1496 3076 1554 pr0pter
3137 1487 3335 1540 vulnus
3365 1486 3576 1540 dolenti

2003 1573 2054 1626 id
2093 1589 2286 1642 parum
2316 1575 2552 1629 amicum
2603 1577 2824 1643 accidit,
2873 1587 2928 1631 et
2975 1592 3136 1631 avum
3170 1593 3337 1646 super
3399 1593 3462 1630 ea
3523 1592 3581 1630 re

1999 1665 2290 1719 certiorem
2314 1666 2466 1722 fecit.
2502 1670 2650 1721 Avus
2681 1668 2734 1722 id
2765 1669 2831 1723 ad
2871 1669 2990 1738 ejus
3034 1668 3327 1722 arbitrium
3362 1670 3578 1738 rejecit.

1999 1755 2230 1810 Michael
2297 1771 2422 1811 cum
2487 1759 2718 1829 c0njuge
2768 1759 3226 1813 Tzernomiauum
3281 1759 3581 1825 venit;ibi

322 1839 631 1909 ἐλκυσμοῖς.
651 1843 821 1905 Αὐτὸς
845 1843 899 1896 δὲ
940 1845 1258 1915 παραδόξως
1283 1848 1624 1918 ἀμυνόμενος
1653 1851 1890 1923 διεσώθη

2001 1847 2114 1901 dies
2146 1848 2270 1902 octo
2311 1864 2435 1903 cum
2486 1850 2618 1919 ipsis
2656 1851 2955 1919 imperator
2990 1860 3242 1905 versatus
3269 1861 3371 1904 esu
3418 1848 3577 1914 Inde,

323 1928 458 2000 μηδέ
513 1937 1151 2003 τραυματισθείς.Μετά
1211 1955 1272 1991 τε
1326 1940 1426 2011 τὴν
1471 1942 1629 2012 νίκην
1661 1944 1890 2008 πολλοὺς

321 2021 508 2090 ἔλεγεν
538 2024 754 2092 ἀγῶνας
799 2029 892 2080 καὶ⁸
923 2028 1194 2098 μεγάλους
1255 2031 1318 2084 ἐκ
1373 2033 1633 2104 παιδικῆς
1671 2034 1892 2104 ἡλικίας

321 2113 655 2182 διηνυκέναι,
686 2117 808 2170 οὐδὲ
868 2119 1016 2183 ama
1047 2120 1104 2173 δὲ
1155 2123 1212 2174 ἐν
1268 2123 1384 2192 χρῷ
1437 2123 1683 2177 κινδύνου
1741 2126 1894 2195 παρά

327 2207 580 2261 τοσοῦτον
623 2210 976 2281 γεγενῆσθαι.
1005 2211 1169 2280 ,Οὕτω
1203 2214 1302 2291 μὲν
1344 2215 1438 2269 οὖν
1503 2218 1552 2270 oi
1607 2218 1893 2291 Ba'tp6apm.

323 2298 521 2361 πάντες
558 2299 753 2354 ἔπεσον
783 2303 937 2371 παρὰ
959 2305 1057 2375 τὴν
1097 2290 1299 2376 μάχην,
1341 2307 1404 2360 '0
1428 2307 1685 2377 βασιλεὺς
1716 2311 1774 2363 δὲ
1807 2290 1889 2376 εἰς

322 2391 706 2478 Δοιδυμότειχον
756 2394 948 2462 ἐλθὼν,
987 2399 1241 2468 πονήρως
1294 2399 1402 2453 ἀπὸ
1442 2401 1537 2454 τοῦ
1580 2402 1896 2471 τραύματος

321 2482 412 2534 ἐπὶ
460 2483 632 2538 πολὺν
662 2485 877 2556 διετέθη
913 2488 1123 2560 χρόνον.
1161 2491 1297 2559 Περὶ
1342 2491 1399 2543 δὲ
1433 2494 1768 2565 συγκομιδὴν
1797 2495 1891 2548 τοῦ

323 2571 504 2627 σίτου-
537 2576 773 2646 μάλῖοτα
843 2581 939 2634 τοῦ
996 2581 1161 2634 αὑτοῦ
1225 2583 1402 2646 ἔτους·
1443 2588 1471 2638 6
1530 2588 1639 2638 τῶν
1689 2587 1894 2641 Μυσῶν

324 2663 583 2732 βασιλεὺς
657 2671 876 2743 Μιχαὴλ
955 2673 1034 2744 τῷ
1111 2675 1216 2743 νέῳ
1282 2675 1498 2744 βασιλεῖ
1571 2677 1896 2748 ’Δνδρονίκῳ

321 2756 559 2826 ἠθέλησε
589 2762 978 2828 συγγενέσθαι”
1015 2764 1092 2834 τῷ
1133 2765 1188 2818 δὲ
1219 2766 1378 2820 τοῦτο
1411 2768 1509 2836 μὲν
1543 2769 1643 2821 οὐκ
1673 2765 1741 2839 ἦν
1772 2769 1894 2823 καθ’

323 2847 519 2917 ἡδονὴν
576 2849 664 2905 διὰ
701 2853 759 2905 τὸ
807 2854 899 2907 τὸν
952 2856 1089 2910 πόδα
1145 2859 1224 2922 ἔτι
1287 2859 1395 2912 ἀπὸ
1443 2858 1539 2911 τοῦ
1579 2861 1895 2931 τραύματος

320 2939 547 3007 ἀλγεῖν
590 2943 739 3013 ὅμως
765 2949 948 3016 μέντοι
972 2950 1050 3021 τῷ
1080 2950 1293 3020 βασιλεῖ
1325 2951 1420 3006 καὶ
1452 2953 1661 3024 πάππῳ
1693 2955 1762 3008 τά
1801 2955 1896 3008 τοῦ

323 3035 658 3104 πράγματος
695 3038 938 3107 ἀναθεὶς,
995 3043 1118 3095 ἐπεὶ
1167 3045 1474 3114 ἐπέτρεπεν
1527 3047 1759 3110 ἐκεῖνος,
1818 3049 1897 3109 εἰς

1997 1945 2124 2007 post
2169 1949 2422 1993 mutuam
2473 1939 2809 1994 hilaritatem
2865 1939 3219 2008 laetitiamque
3291 1939 3580 2010 digressis,

2002 2029 2304 2099 imperator
2334 2030 2703 2100 Didymotieiti
2736 2032 2995 2086 nuntium
3028 2033 3097 2086 ab
3139 2032 3333 2087 amicis
3371 2033 3581 2104 Byzan-

1999 2118 2074 2172 tio
2115 2121 2340 2175 missum
2382 2119 2614 2183 invenit.
2651 2136 2809 2175 avum
2859 2121 3026 2190 (quod
3063 2137 3092 2175 e
3125 2123 3452 2190 quibusdam
3492 2124 3578 2177 in-

2001 2208 2163 2262 dieiis
2213 2217 2272 2263 et
2301 2209 2653 2264 sermonibus
2680 2213 2800 2279 ejus
2830 2212 3024 2265 liceret
3050 2212 3342 2281 colligere)
3374 2212 3579 2267 bellum

2000 2299 2051 2352 ei
2122 2309 2424 2356 moturum.
2481 2299 2598 2366 Qua
2647 2302 2727 2355 rei
2780 2304 3025 2356 novitate
3078 2305 3263 2357 statim
3317 2305 3582 2372 obstupe-

2000 2392 2199 2457 factus,
2233 2393 2466 2448 credere
2499 2394 2739 2459 distulit,
2775 2395 3078 2464 amicisque
3120 2397 3428 2450 renuntiari
3459 2397 3580 2464 jus-

1998 2488 2089 2553 sit,
2110 2502 2167 2542 se
2196 2483 2304 2542 illis
2329 2487 2397 2541 de
2430 2487 2814 2542 benevolentia
2844 2505 3066 2558 magnas
3090 2490 3290 2544 habere
3341 2489 3576 2559 gratias:

2000 2577 2165 2632 dictis
2203 2577 2327 2633 ideo
2367 2578 2528 2632 [idem
2576 2595 2684 2632 non
2741 2581 3006 2645 tribuere,
3039 2581 3184 2650 quod
3236 2597 3299 2635 ea
3340 2598 3459 2650 quae
3493 2583 3582 2635 di-

1999 2677 2278 2733 cerentur,
2329 2670 2681 2726 vehementer
2744 2673 2912 2726 nollet
2964 2672 3112 2742 (65);
3158 2674 3353 2727 decere
3409 2675 3578 2743 ipsos,

2002 2769 2064 2813 ut
2097 2760 2463 2816 amicissimos
2517 2777 2632 2815 rem
2661 2763 3070 2818 accuratissime
3095 2764 3376 2835 indagare,
3408 2765 3585 2835 quo'd-

2005 2867 2114 2924 que
2171 2854 2319 2907 baud
2368 2853 2538 2908 dubie
2584 2870 2777 2908 verum
2831 2858 3251 2924 comperissent,
3306 2872 3474 2927 super
3513 2875 3581 2914 eo

2006 2958 2252 2999 monere.
2297 2942 2420 2999 Haec
2472 2945 2564 3000 ille
2620 2945 2814 3000 amicis
2886 2945 3233 3016 Byzantium.
3287 2947 3578 3018 Congressi

2006 3034 2207 3089 deinde
2248 3035 2375 3104 ipsi,
2435 3050 2665 3104 magnus
2711 3036 3054 3090 domesticus
3101 3045 3158 3090 et
3186 3048 3577 3106 protostrator,

319 3126 762 3198 Τζερνομιάνους
818 3135 935 3203 ἅμα
993 3138 1214 3204 γυναικὶ
1271 3137 1594 3210 ἐλθόντιτῷ
1651 3141 1892 3210 Μιχαὴλ,

2004 3127 2413 3190 scrutabantur,
2464 3128 2508 3182 si
2557 3128 2778 3197 culpam
2825 3130 3287 3182 commeruissent
3313 3131 3579 3199 aliquam,

321 3220 648 3287 συνεγένετό
681 3239 740 3276 τε
772 3226 866 3278 καὶ
917 3227 1290 3298 συνδιέτριψεν
1349 3231 1532 3293 αὐτοῖς
1570 3230 1598 3281 6
1642 3230 1892 3300 βασιλεὺς

2002 3235 2124 3290 qua:
2151 3234 2314 3272 avum
2348 3227 2506 3288 rupta
2541 3233 2675 3287 pace
2711 3219 2780 3272 ad
2814 3219 3017 3273 bellum
3066 3219 3190 3287 jure
3233 3234 3578 3288 provocaret.

317 3309 404 3375 ἐφ’
465 3309 707 3380 ἡμέραις
769 3314 946 3368 ὀκτώ·
994 3317 1359 3386 συνησθέντες
1423 3317 1481 3370 δέ
1545 3318 1795 3390 ἀλληλοις
1845 3321 1892 3372 οἱ

2001 3311 2126 3365 Ροει
2157 3311 2370 3379 longam
2426 3317 2480 3361 et
2527 3308 2779 3363 crebram
2842 3308 3277 3378 inquisitionem,
3321 3323 3494 3380 usque
3549 3327 3580 3366 a

319 3398 595 3468 βασιλεῖς,
663 3406 804 3474 μετὰ
859 3407 1018 3461 τοῦτο
1096 3410 1421 3480 διελύθησαν
1491 3410 1752 3479 ἑκάτερος
1806 3410 1892 3463 ἐπ’

2001 3402 2203 3458 foedere
2232 3401 2536 3470 composito
2580 3399 2649 3453 ad
2700 3399 2852 3454 illunt
2889 3401 3062 3467 diem,
3112 3417 3217 3455 nec
3245 3412 3433 3470 aperta
3477 3415 3582 3458 nec

315 3491 496 3548 οἴκου.
533 3495 627 3558 Είς
672 3497 1050 3569 Διδυμότειχον
1099 3500 1155 3554 δέ
1195 3501 1528 3571 Ἀνδρόνικος
1579 3504 1606 3554 6
1640 3501 1892 3570 βασιλεὺς

2001 3496 2214 3551 occulta
2267 3493 2556 3548 occasione
2587 3505 2645 3546 se
2688 3490 2808 3559 ejus
2852 3492 2988 3547 iram
3027 3495 3294 3549 meruisse
3328 3493 3582 3548 invenim-

315 3585 520 3650 ἐλθὼν,
564 3589 714 3659 παρὰ
735 3589 844 3643 τών
881 3595 937 3644 ἐν
966 3591 1243 3662 Βυζαντίῳ
1266 3592 1435 3662 φίλων
1472 3586 1631 3664 εὗρεν
1662 3591 1892 3660 ἄγγελον

2003 3590 2152 3643 bant.
2207 3585 2608 3641 Existimabam
2639 3585 2777 3640 nihil
2805 3586 3024 3641 ominus
3052 3600 3084 3640 a
3125 3585 3220 3640 tali
3270 3599 3436 3640 causa
3467 3583 3584 3638 bel-

315 3677 651 3748 ἁφιγμένον,
697 3681 780 3734 ὅτι
817 3681 1074 3752 βασιλεὺς
1108 3685 1136 3736 6
1179 3685 1554 3755 πρεσϐύτερος
1597 3684 1708 3738 ἀπὸ
1733 3700 1892 3736 τινων

2002 3682 2116 3736 lum
2147 3681 2298 3736 nasci
2331 3694 2512 3750 posse.

313 3773 644 3841 τεκμηρίων
686 3775 779 3825 καὶ
841 3774 1017 3843 λόγων
1080 3774 1304 3847 εὔδηλός
1355 3779 1471 3830 ἐστι
1527 3775 1945 3847 πολεμησείων,
1986 3773 2403 3843 ἀπαγγέλλοντα
2452 3776 2588 3843 πρὸς
2630 3773 2815 3827 αὐτόν.
2867 3772 3046 3841 Ὅπερ
3077 3768 3322 3829 ἀκούσας
3360 3771 3388 3821 6
3420 3767 3582 3838 βασι-

315 3861 467 3930 λεὺς,
520 3864 903 3936 ἐξεπέπληκτο
963 3867 1064 3939 μὲν
1121 3848 1286 3931 εὐθὺς
1333 3867 1434 3938 τὴν
1491 3867 1726 3922 ἀτοπίαν
1791 3868 1890 3936 τῆς
1929 3867 2228 3935 ἀγγελίας·
2266 3867 2381 3929 τοῖς
2422 3865 2478 3918 δὲ
2518 3867 2696 3934 φίλοις
2737 3864 2992 3918 ἐκέλευεν
3063 3861 3434 3929 ἀπαγγέλλειν
3501 3861 3581 3923 ὼς

315 3957 487 4019 αὐτὸς
526 3960 629 4027 μὲν
659 3958 861 4030 πολλὴν
894 3960 961 4016 ἂν
1003 3961 1188 4024 αὐτοῖς
1214 3961 1312 4031 τῆς
1351 3962 1434 4024 είς
1481 3961 1650 4016 αὐτὸν
1713 3961 1928 4023 εὐνοίας
1966 3960 2136 4028 είδείη
2179 3959 2364 4028 χάριν,
2429 3958 2518 4011 διὰ
2571 3959 2628 4011 δὲ
2682 3960 2742 4010 τὸ
2797 3959 3002 4028 σφόδρα
3054 3958 3128 4026 μὴ
3182 3955 3472 4028 βούλεσθαι
3513 3955 3583 4008 τὰ

314 4051 580 4116 τοιαῦτα,
641 4055 754 4114 τοῖς
792 4053 1112 4124 λεγομένοις
1148 4053 1424 4106 ἀπιστεῖν.
1493 4050 1622 4104 Δέον
1663 4051 1721 4105 δὲ
1767 4051 1964 4114 αὐτοὺς
2009 4051 2150 4103 πάνυ
2210 4047 2503 4116 φιλοῦντας
2547 4049 2921 4120 ἀκριϐεστάτη
2977 4048 3196 4117 βασάνῳ
3237 4049 3298 4100 τὸ
3350 4049 3584 4116 πρᾶγμα

314 4143 534 4210 δοῦναι,
572 4147 664 4197 καὶ
705 4145 733 4198 ὅ
767 4163 819 4198 τι
849 4146 914 4198 ἂν
946 4148 1088 4214 φανῇ
1141 4145 1311 4214 σαφὲς
1367 4144 1753 4213 ἀπαγγέλλειν.
1827 4144 1952 4205 Τοῖς
1995 4144 2090 4212 μὲν
2137 4137 2230 4194 οὖν
2273 4143 2331 4193 ὲν
2362 4140 2640 4208 Βυζαντίῳ
2671 4141 2844 4208 φίλοις
2880 4142 2908 4197 6
2949 4139 3208 4209 βασιλεὺς
3257 4143 3579 4210 ἐπέσκηπτε

317 4237 576 4288 τοιαῦτα.
620 4237 766 4305 Ἅμα
807 4238 865 4290 δὲ
906 4237 1215 4306 δομεστίκῳ
1254 4236 1332 4306 τῷ
1359 4236 1582 4308 μεγάλῳ
1649 4235 1745 4288 καὶ
1778 4230 2229 4306 πρωτοστράτορι
2278 4230 2644 4297 συνελθόντες,
2711 4231 3030 4302 ἀνηρεύνων
3080 4231 3132 4283 εί
3169 4250 3221 4284 τι
3277 4233 3582 4288 συνειδεῖεν

317 4328 543 4390 ἑαυτοῖς
595 4328 744 4392 ἀξιον
799 4328 1034 4398 πολέμου
1098 4330 1510 4400 εἰργασμένοις,
1565 4326 1593 4379 ὃ
1657 4325 1752 4379 καὶ
1799 4325 1891 4378 τὸν
1931 4324 2157 4396 βασιλέα
2206 4325 2306 4393 τὴν
2350 4325 2576 4394 εἰρήνην
2611 4323 2678 4376 ἂν
2740 4323 2950 4376 πείσειε
3015 4322 3354 4376 καταλῦσαι⁸
3407 4325 3583 4378 πολλά

316 4436 376 4475 τε
413 4423 518 4474 καὶ
550 4420 810 4484 πολλάκις
844 4424 936 4475 τὸν
981 4424 1111 4494 ἄχρι
1152 4424 1276 4477 τότε
1314 4423 1506 4494 χρόνον
1561 4421 1918 4486 ἐξετάσαντες
1957 4420 2065 4471 ἀπὸ
2089 4419 2197 4472 τῶν
2227 4419 2490 4486 σπονδῶν,
2531 4418 2608 4487 τῷ
2630 4418 2841 4488 βασιλεῖ
2876 4416 2972 4488 μὴ,
2999 4415 3112 4470 οὔτ’
3140 4421 3202 4471 ἐκ
3241 4419 3580 4498 προφανοῦς,
3659 4472 3662 4476 .

317 4514 434 4566 οὔτ’
507 4515 573 4578 ἐξ
617 4515 816 4584 ἀδήλου
905 4516 1234 4586 προφάσεως
1287 4514 1543 4584 εὕρισκον
1637 4512 2169 4583 προσκεκρουκέναι.
2247 4511 2518 4581 ’ῼηθησαν
2587 4510 2645 4563 δέ
2683 4511 2859 4594 ⁵ὅμως
2923 4510 3030 4562 ἀπὸ
3092 4512 3345 4580 τοιαύτης
3400 4511 3580 4573 αἰτίας

318 4613 646 4684 ἐνδέχεσθαι
678 4613 952 4683 πρόφασιν
978 4614 1071 4666 τὸν
1105 4613 1342 4680 πόλεμον
1373 4612 1438 4665 ἀν
1469 4613 1640 4681 σχεῖν.

1637 4726 1799 4796 129
1832 4723 2057 4780 CAPUT
2098 4720 2283 4776 XLIII.

316 4822 572 4898 Joannes
604 4819 944 4898 Palagologus
983 4819 1488 4898 panhypersebastus
1532 4820 1896 4898 tyrannidem.
1922 4813 2406 4898 aﬂ'ecltat.‘Litterte
2447 4814 3223 4898 [Iliorum_‘rnagnimlogotlietw
3252 4815 3321 4898 ad
3346 4819 3583 4898 eumdem

394 4885 942 4963 panhypersebasfum
981 4885 1299 4963 interceptis,
1331 4885 1647 4963 _Artdronico
1687 4887 1897 4963 j_uni_ori
1939 4885 2288 4963 redduntur,
2319 4902 2352 4938 a
2377 4900 2494 4963 quo
2551 4885 2816 4963 logotlteta
2859 4886 3008 4953 oﬁicii
3051 4887 3393 4952 admonetur,-
3437 4891 3585 4958 cujus

397 4954 720 5032 respo'nsum
751 4976 1012 5029 arrogans
1044 4954 1292 5028 refertur.
1322 4954 1720 5032 Protovestiarii
1749 4957 1904 5032 mina:
1934 4957 1985 5008 in
2039 4954 2354 5032 loqothetam
2387 4971 2417 5006 a
2437 4956 2653 5032 iuniore
2696 4957 3011 5032 imperatore
3045 4968 3381 5032 coercentur;
3428 4954 3583 5032 qu'ent

394 5022 553 5102 apud
618 5033 820 5085 iratum
855 5022 1012 5083 a'vum
1052 5022 1286 5092 eicusat,
1323 5038 1373 5083 et
1407 5045 1612 5097 poenam
1637 5029 1748 5102 ejus
1775 5022 2108 5102 deprecatur.
2140 5022 2422 5102 Utrimque
2439 5022 2907 5102 'inbenemcrttum
2936 5026 3323 5095 ingratissimus
3348 5022 3580 5080 animus.

393 5095 621 5154 Bellum
658 5117 712 5155 se
750 5101 942 5170 aperit.
977 5099 1310 5152 Andronicus
1327 5110 1383 5151 'et
1408 5095 1546 5152 socii
1579 5095 1968 5151 ετὺιηοεειιιὶα
1997 5111 2095 5148 sua
2133 5109 2278 5163 spem
2307 5095 2544 5148 vincendi
2573 5095 2890 5162 concipiunt.

391 5217 490 5285 Τῷ
518 5215 726 5286 πρώτῳ
763 5213 1172 5284 βεϐασιλευκότι
1216 5213 1507 5281 Ῥωμαίων
1551 5211 1892 5280 Παλαιολόγη

2079 5208 2330 5264 Michaeli
2381 5209 2557 5275 primo
2597 5209 2975 5262 Romanorum
3013 5209 3330 5278 imperatori
3380 5210 3585 5265 Palam-

319 5307 398 5375 τῷ
429 5305 662 5375 Μιχαὴλ
684 5307 912 5375 ἄρρενες
940 5307 1086 5373 τρεῖς
1119 5305 1477 5373 γεγένκιηνται
1508 5302 1720 5364 παῖδες,
1750 5295 1892 5361 οὗτός

2008 5301 2132 5372 lego
2177 5297 2524 5366 lueruntﬁlii
2574 5299 2688 5351 nati
2739 5307 2869 5362 tres,
2900 5299 3273 5361 Andronicus.
3320 5301 3412 5370 qui
3459 5311 3582 5370 post
3631 5318 3634 5322 '

317 5413 378 5451 τε
437 5399 468 5448 6
521 5396 648 5464 μετ’
711 5395 876 5448 αὑτὸν
932 5394 1332 5464 βεϐασιλευκὼς
1405 5395 1762 5464 Ἀνδρόνικος,
1815 5398 1892 5447 κα¹

2012 5403 2295 5465 parentem
2330 5389 2686 5459 imperitavit,
2713 5389 3106 5446 Constantinus
3139 5393 3583 5463 Porphyrogcni-

1570 5513 1786 5574 Jacobi
1823 5513 2089 5576 Pontani
2125 5519 2309 5574 notae.

391 5619 517 5694 (55)
568 5613 931 5694 VereCaesar,
967 5612 1063 5669 lib.
1097 5628 1152 5666 III
1207 5612 1361 5694 Civil.
1391 5613 1519 5694 Quaj
1569 5615 1830 5694 uolumus,
1860 5625 1908 5667 et
2015 5615 2295 5694 credimus
2323 5609 2600 5694 illibenter
2622 5626 2637 5674 ;
2661 5623 2718 5664 et
2741 5626 2864 5680 quae
2891 5609 2996 5684 ipsi
3023 5625 3133 5666 non
3165 5613 3457 5681 sentimus,
3484 5629 3585 5670 nec

320 5685 610 5742 crédimus
659 5686 913 5739 libenter:
935 5694 992 5756 ει
1032 5699 1146 5752 qua:
1204 5687 1453 5738 sentimus
1503 5686 1640 5756 ipsi,
1684 5686 1910 5751 reliquos
2018 5685 2259 5756 reliquos
2289 5685 2494 5738 sentire
2522 5695 2827 5750 speramus.

320 5759 534 5815 sentire
604 5771 892 5824 speramus.
934 5753 1078 5824 Ergo
1121 5764 1310 5808 contra
1333 5796 1347 5820 ,
1382 5753 1827 5823 qumnolnmus,
1857 5765 1912 5810 et
2137 5753 2154 5756 θ
2322 5773 2328 5784 '-
