  <div class='ocr_page' id='page_1' title='image "/cluster/home/n/w/nwhite01/storage/ocr_20150623/153/mdp.39015078384727/166.png"; bbox 0 0 4136 6288; ppageno 0'>
   <div class='ocr_carea' id='block_1_1' title="bbox 363 389 466 450">
    <p class='ocr_par' dir='ltr' id='par_1_1' title="bbox 363 389 466 450">
     <span class='ocr_line' id='line_1_1' title="bbox 363 389 466 450; baseline 0 -1"><span class='ocrx_word' id='word_1_1' title='bbox 363 389 466 450; x_wconf 76' lang='lat'><strong>297</strong></span> 
     </span>
    </p>
   </div>
   <div class='ocr_carea' id='block_1_2' title="bbox 1537 383 2440 449">
    <p class='ocr_par' dir='ltr' id='par_1_2' title="bbox 1537 383 2440 449">
     <span class='ocr_line' id='line_1_2' title="bbox 1537 383 2440 449; baseline 0.001 -1"><span class='ocrx_word' id='word_1_2' title='bbox 1537 385 2082 449; x_wconf 84' lang='lat' dir='ltr'><strong>HISTORIARUM</strong></span> <span class='ocrx_word' id='word_1_3' title='bbox 2124 383 2355 449; x_wconf 86' lang='lat' dir='ltr'><strong>LIBER</strong></span> <span class='ocrx_word' id='word_1_4' title='bbox 2397 387 2440 449; x_wconf 88' lang='grc' dir='ltr'>ῐ.</span> 
     </span>
    </p>
   </div>
   <div class='ocr_carea' id='block_1_3' title="bbox 3494 393 3601 456">
    <p class='ocr_par' dir='ltr' id='par_1_3' title="bbox 3494 393 3601 456">
     <span class='ocr_line' id='line_1_3' title="bbox 3494 393 3601 456; baseline 0.019 -2"><span class='ocrx_word' id='word_1_5' title='bbox 3494 393 3601 456; x_wconf 79' lang='grc'><strong>293</strong></span> 
     </span>
    </p>
   </div>
   <div class='ocr_carea' id='block_1_4' title="bbox 363 492 1921 570">
    <p class='ocr_par' dir='ltr' id='par_1_4' title="bbox 363 492 1921 569">
     <span class='ocr_line' id='line_1_4' title="bbox 363 492 1921 569; baseline -0.002 -18"><span class='ocrx_word' id='word_1_6' title='bbox 363 497 638 551; x_wconf 74' lang='grc' dir='ltr'><strong>ἀπέλυσεν</strong></span> <span class='ocrx_word' id='word_1_7' title='bbox 680 492 739 550; x_wconf 80' lang='grc' dir='ltr'>εὖ</span> <span class='ocrx_word' id='word_1_8' title='bbox 769 498 1004 566; x_wconf 77' lang='grc' dir='ltr'>ποιήσας</span> <span class='ocrx_word' id='word_1_9' title='bbox 1044 498 1071 551; x_wconf 87' lang='grc' dir='ltr'>ὁ</span> <span class='ocrx_word' id='word_1_10' title='bbox 1105 497 1377 569; x_wconf 83' lang='grc' dir='ltr'>βασιλεύς.</span> <span class='ocrx_word' id='word_1_11' title='bbox 1410 497 1491 552; x_wconf 83' lang='grc' dir='ltr'><strong>Τὰ</strong></span> <span class='ocrx_word' id='word_1_12' title='bbox 1528 500 1708 568; x_wconf 86' lang='grc' dir='ltr'>μέντοι</span> <span class='ocrx_word' id='word_1_13' title='bbox 1745 495 1921 566; x_wconf 82' lang='grc' dir='ltr'>τράμ‹</span> 
     </span>
    </p>
   </div>
   <div class='ocr_carea' id='block_1_5' title="bbox 2023 492 3604 570">
    <p class='ocr_par' dir='ltr' id='par_1_5' title="bbox 2034 497 3604 570">
     <span class='ocr_line' id='line_1_5' title="bbox 2034 497 3604 570; baseline 0.006 -20"><span class='ocrx_word' id='word_1_14' title='bbox 2034 509 2213 564; x_wconf 87' lang='lat' dir='ltr'><strong>posse,</strong></span> <span class='ocrx_word' id='word_1_15' title='bbox 2247 497 2291 552; x_wconf 87' lang='lat' dir='ltr'><strong>si</strong></span> <span class='ocrx_word' id='word_1_16' title='bbox 2321 498 2388 552; x_wconf 91' lang='lat' dir='ltr'><strong>iis</strong></span> <span class='ocrx_word' id='word_1_17' title='bbox 2421 497 2488 552; x_wconf 90' lang='lat' dir='ltr'><strong>ab</strong></span> <span class='ocrx_word' id='word_1_18' title='bbox 2515 511 2703 552; x_wconf 89' lang='lat' dir='ltr'><strong>earum</strong></span> <span class='ocrx_word' id='word_1_19' title='bbox 2732 497 2952 554; x_wconf 85' lang='lat' dir='ltr'><strong>urbium</strong></span> <span class='ocrx_word' id='word_1_20' title='bbox 2984 502 3374 570; x_wconf 69' lang='lat' dir='ltr'><strong>procuratione</strong></span> <span class='ocrx_word' id='word_1_21' title='bbox 3403 518 3604 559; x_wconf 88' lang='lat' dir='ltr'><strong>avoca-</strong></span> 
     </span>
    </p>
   </div>
   <div class='ocr_carea' id='block_1_6' title="bbox 367 586 1930 660">
    <p class='ocr_par' dir='ltr' id='par_1_6' title="bbox 367 586 1930 660">
     <span class='ocr_line' id='line_1_6' title="bbox 367 586 1930 660; baseline -0.003 -17"><span class='ocrx_word' id='word_1_22' title='bbox 367 607 511 659; x_wconf 87' lang='grc' dir='ltr'>ματα</span> <span class='ocrx_word' id='word_1_23' title='bbox 561 589 642 652; x_wconf 84' lang='grc' dir='ltr'><strong>είς</strong></span> <span class='ocrx_word' id='word_1_24' title='bbox 686 588 981 653; x_wconf 83' lang='grc' dir='ltr'>Βυζάντιον</span> <span class='ocrx_word' id='word_1_25' title='bbox 1013 590 1090 659; x_wconf 81' lang='grc' dir='ltr'><strong>τῷ</strong></span> <span class='ocrx_word' id='word_1_26' title='bbox 1147 592 1366 660; x_wconf 81' lang='grc' dir='ltr'>μεγάλῳ</span> <span class='ocrx_word' id='word_1_27' title='bbox 1405 589 1625 658; x_wconf 80' lang='grc' dir='ltr'>πέμψας</span> <span class='ocrx_word' id='word_1_28' title='bbox 1650 586 1930 658; x_wconf 81' lang='grc' dir='ltr'>λογοθὲτῃ,</span> 
     </span>
    </p>
   </div>
   <div class='ocr_carea' id='block_1_7' title="bbox 363 677 1933 752">
    <p class='ocr_par' dir='ltr' id='par_1_7' title="bbox 363 677 1933 752">
     <span class='ocr_line' id='line_1_7' title="bbox 363 677 1933 752; baseline -0.004 -18"><span class='ocrx_word' id='word_1_29' title='bbox 363 683 596 752; x_wconf 79' lang='grc' dir='ltr'><strong>παρῄνει</strong></span> <span class='ocrx_word' id='word_1_30' title='bbox 635 699 697 734; x_wconf 89' lang='grc' dir='ltr'><strong>τε</strong></span> <span class='ocrx_word' id='word_1_31' title='bbox 745 682 842 736; x_wconf 74' lang='grc' dir='ltr'>καὶ</span> <span class='ocrx_word' id='word_1_32' title='bbox 867 680 1282 734; x_wconf 76' lang='grc' dir='ltr'>συνεϐουλεύετο</span> <span class='ocrx_word' id='word_1_33' title='bbox 1310 681 1446 734; x_wconf 85' lang='grc' dir='ltr'><strong>αὐτὰ</strong></span> <span class='ocrx_word' id='word_1_34' title='bbox 1481 679 1731 748; x_wconf 80' lang='grc' dir='ltr'><strong>φιλικῶς,</strong></span> <span class='ocrx_word' id='word_1_35' title='bbox 1757 677 1834 739; x_wconf 84' lang='grc' dir='ltr'><strong>ὡς</strong></span> <span class='ocrx_word' id='word_1_36' title='bbox 1864 677 1933 728; x_wconf 86' lang='grc' dir='ltr'>τὰ</span> 
     </span>
    </p>
   </div>
   <div class='ocr_carea' id='block_1_8' title="bbox 365 767 1933 843">
    <p class='ocr_par' dir='ltr' id='par_1_8' title="bbox 365 767 1933 843">
     <span class='ocr_line' id='line_1_8' title="bbox 365 767 1933 843; baseline -0.003 -18"><span class='ocrx_word' id='word_1_37' title='bbox 365 775 462 842; x_wconf 80' lang='grc' dir='ltr'>μὲν</span> <span class='ocrx_word' id='word_1_38' title='bbox 493 773 800 842; x_wconf 85' lang='grc' dir='ltr'>γράμματα</span> <span class='ocrx_word' id='word_1_39' title='bbox 831 773 994 826; x_wconf 77' lang='grc' dir='ltr'>ταυτὶ</span> <span class='ocrx_word' id='word_1_40' title='bbox 1035 771 1114 842; x_wconf 84' lang='grc' dir='ltr'><strong>τῷ</strong></span> <span class='ocrx_word' id='word_1_41' title='bbox 1158 773 1394 843; x_wconf 77' lang='grc' dir='ltr'><strong>κηδεστῇ</strong></span> <span class='ocrx_word' id='word_1_42' title='bbox 1436 770 1712 840; x_wconf 75' lang='grc' dir='ltr'><strong>πέμψειαν</strong></span> <span class='ocrx_word' id='word_1_43' title='bbox 1741 770 1790 823; x_wconf 89' lang='grc' dir='ltr'>οί</span> <span class='ocrx_word' id='word_1_44' title='bbox 1826 767 1933 820; x_wconf 80' lang='grc' dir='ltr'>υίοὶ</span> 
     </span>
    </p>
   </div>
   <div class='ocr_carea' id='block_1_9' title="bbox 363 861 1931 935">
    <p class='ocr_par' dir='ltr' id='par_1_9' title="bbox 363 861 1931 935">
     <span class='ocr_line' id='line_1_9' title="bbox 363 861 1931 935; baseline -0.005 -15"><span class='ocrx_word' id='word_1_45' title='bbox 363 867 601 935; x_wconf 81' lang='grc' dir='ltr'><strong>γέμοντα</strong></span> <span class='ocrx_word' id='word_1_46' title='bbox 636 865 840 932; x_wconf 83' lang='grc' dir='ltr'>πολλῆς</span> <span class='ocrx_word' id='word_1_47' title='bbox 890 863 1148 933; x_wconf 78' lang='grc' dir='ltr'><strong>ὑποψίας.</strong></span> <span class='ocrx_word' id='word_1_48' title='bbox 1182 864 1351 917; x_wconf 81' lang='grc' dir='ltr'>Αὑτὸν</span> <span class='ocrx_word' id='word_1_49' title='bbox 1372 864 1426 916; x_wconf 84' lang='grc' dir='ltr'>δὲ</span> <span class='ocrx_word' id='word_1_50' title='bbox 1464 863 1688 916; x_wconf 78' lang='grc' dir='ltr'><strong>ἐκείνων</strong></span> <span class='ocrx_word' id='word_1_51' title='bbox 1716 879 1772 914; x_wconf 87' lang='grc' dir='ltr'><strong>τε</strong></span> <span class='ocrx_word' id='word_1_52' title='bbox 1801 861 1931 914; x_wconf 79' lang='grc' dir='ltr'>ὄντα</span> 
     </span>
    </p>
   </div>
   <div class='ocr_carea' id='block_1_10' title="bbox 363 952 1932 1028">
    <p class='ocr_par' dir='ltr' id='par_1_10' title="bbox 363 952 1932 1028">
     <span class='ocr_line' id='line_1_10' title="bbox 363 952 1932 1028; baseline -0.004 -18"><span class='ocrx_word' id='word_1_53' title='bbox 363 959 577 1028; x_wconf 81' lang='grc' dir='ltr'>πατέρα</span> <span class='ocrx_word' id='word_1_54' title='bbox 635 957 729 1010; x_wconf 76' lang='grc' dir='ltr'>καὶ</span> <span class='ocrx_word' id='word_1_55' title='bbox 771 960 835 1027; x_wconf 84' lang='grc' dir='ltr'><strong>τῇ</strong></span> <span class='ocrx_word' id='word_1_56' title='bbox 881 957 1166 1026; x_wconf 79' lang='grc' dir='ltr'>Ῥωμαίων</span> <span class='ocrx_word' id='word_1_57' title='bbox 1230 955 1500 1026; x_wconf 68' lang='grc' dir='ltr'>ἡγεμονία</span> <span class='ocrx_word' id='word_1_58' title='bbox 1545 952 1644 1024; x_wconf 81' lang='grc' dir='ltr'>τὴν</span> <span class='ocrx_word' id='word_1_59' title='bbox 1698 952 1932 1022; x_wconf 73' lang='grc' dir='ltr'>δυνατὴν</span> 
     </span>
    </p>
   </div>
   <div class='ocr_carea' id='block_1_11' title="bbox 362 1044 1931 1119">
    <p class='ocr_par' dir='ltr' id='par_1_11' title="bbox 362 1044 1931 1119">
     <span class='ocr_line' id='line_1_11' title="bbox 362 1044 1931 1119; baseline -0.004 -16"><span class='ocrx_word' id='word_1_60' title='bbox 362 1051 629 1118; x_wconf 70' lang='grc' dir='ltr'>ὠφέλειαν</span> <span class='ocrx_word' id='word_1_61' title='bbox 663 1049 948 1118; x_wconf 70' lang='grc' dir='ltr'>ὀφείλοντα</span> <span class='ocrx_word' id='word_1_62' title='bbox 993 1051 1287 1119; x_wconf 70' lang='grc' dir='ltr'><strong>εἰσφέρειν,</strong></span> <span class='ocrx_word' id='word_1_63' title='bbox 1319 1044 1406 1103; x_wconf 77' lang='grc' dir='ltr'><strong>οἷα</strong></span> <span class='ocrx_word' id='word_1_64' title='bbox 1451 1047 1560 1101; x_wconf 85' lang='grc' dir='ltr'><strong>τῶν</strong></span> <span class='ocrx_word' id='word_1_65' title='bbox 1606 1049 1728 1100; x_wconf 77' lang='grc' dir='ltr'>κατ’</span> <span class='ocrx_word' id='word_1_66' title='bbox 1761 1046 1931 1116; x_wconf 81' lang='grc' dir='ltr'>αὐτὴν</span> 
     </span>
    </p>
   </div>
   <div class='ocr_carea' id='block_1_12' title="bbox 363 1141 1927 1214">
    <p class='ocr_par' dir='ltr' id='par_1_12' title="bbox 363 1141 1927 1214">
     <span class='ocr_line' id='line_1_12' title="bbox 363 1141 1927 1214; baseline -0.001 -19"><span class='ocrx_word' id='word_1_67' title='bbox 363 1145 663 1212; x_wconf 85' lang='grc' dir='ltr'>πράγματα</span> <span class='ocrx_word' id='word_1_68' title='bbox 715 1144 786 1196; x_wconf 82' lang='grc' dir='ltr'><strong>δι’</strong></span> <span class='ocrx_word' id='word_1_69' title='bbox 831 1144 993 1197; x_wconf 81' lang='grc' dir='ltr'>αὐτοῦ</span> <span class='ocrx_word' id='word_1_70' title='bbox 1045 1143 1453 1214; x_wconf 74' lang='grc' dir='ltr'><strong>διοικουμένων,</strong></span> <span class='ocrx_word' id='word_1_71' title='bbox 1481 1141 1660 1212; x_wconf 88' lang='grc' dir='ltr'>χρεὼν</span> <span class='ocrx_word' id='word_1_72' title='bbox 1687 1142 1927 1205; x_wconf 77' lang='grc' dir='ltr'><strong>ἐκείνους</strong></span> 
     </span>
    </p>
   </div>
   <div class='ocr_carea' id='block_1_13' title="bbox 360 1235 1926 1306">
    <p class='ocr_par' dir='ltr' id='par_1_13' title="bbox 360 1235 1926 1306">
     <span class='ocr_line' id='line_1_13' title="bbox 360 1235 1926 1306; baseline -0.003 -18"><span class='ocrx_word' id='word_1_73' title='bbox 360 1255 417 1288; x_wconf 85' lang='grc' dir='ltr'><strong>τε</strong></span> <span class='ocrx_word' id='word_1_74' title='bbox 452 1237 682 1288; x_wconf 75' lang='grc' dir='ltr'>ἀπαθεῖς</span> <span class='ocrx_word' id='word_1_75' title='bbox 713 1235 899 1288; x_wconf 81' lang='grc' dir='ltr'>κακῶν</span> <span class='ocrx_word' id='word_1_76' title='bbox 944 1238 1151 1306; x_wconf 79' lang='grc' dir='ltr'><strong>τηρεῖν,</strong></span> <span class='ocrx_word' id='word_1_77' title='bbox 1182 1236 1277 1289; x_wconf 72' lang='grc' dir='ltr'>καὶ</span> <span class='ocrx_word' id='word_1_78' title='bbox 1326 1236 1424 1306; x_wconf 80' lang='grc' dir='ltr'>τὴν</span> <span class='ocrx_word' id='word_1_79' title='bbox 1467 1235 1926 1305; x_wconf 79' lang='grc' dir='ltr'><strong>προσδοκωμένην</strong></span> 
     </span>
    </p>
   </div>
   <div class='ocr_carea' id='block_1_14' title="bbox 359 1327 1929 1398">
    <p class='ocr_par' dir='ltr' id='par_1_14' title="bbox 359 1327 1929 1398">
     <span class='ocr_line' id='line_1_14' title="bbox 359 1327 1929 1398; baseline 0 -18"><span class='ocrx_word' id='word_1_80' title='bbox 359 1327 452 1380; x_wconf 84' lang='grc' dir='ltr'><strong>ἀπ’</strong></span> <span class='ocrx_word' id='word_1_81' title='bbox 507 1328 692 1380; x_wconf 80' lang='grc' dir='ltr'>αὐτῶν</span> <span class='ocrx_word' id='word_1_82' title='bbox 743 1327 1203 1397; x_wconf 84' lang='grc' dir='ltr'>προαναστέλλειν</span> <span class='ocrx_word' id='word_1_83' title='bbox 1268 1327 1495 1398; x_wconf 75' lang='grc' dir='ltr'>βλάϐην.</span> <span class='ocrx_word' id='word_1_84' title='bbox 1533 1328 1704 1380; x_wconf 81' lang='grc' dir='ltr'>Τοῦτο</span> <span class='ocrx_word' id='word_1_85' title='bbox 1749 1327 1808 1380; x_wconf 81' lang='grc' dir='ltr'>δὲ</span> <span class='ocrx_word' id='word_1_86' title='bbox 1837 1327 1929 1388; x_wconf 90' lang='grc' dir='ltr'>γέ-</span> 
     </span>
    </p>
   </div>
   <div class='ocr_carea' id='block_1_15' title="bbox 359 1419 1926 1488">
    <p class='ocr_par' dir='ltr' id='par_1_15' title="bbox 359 1419 1926 1488">
     <span class='ocr_line' id='line_1_15' title="bbox 359 1419 1926 1488; baseline 0.002 -19"><span class='ocrx_word' id='word_1_87' title='bbox 359 1419 486 1470; x_wconf 79' lang='grc' dir='ltr'>νοιτ’</span> <span class='ocrx_word' id='word_1_88' title='bbox 535 1419 624 1482; x_wconf 81' lang='grc' dir='ltr'>ἂν,</span> <span class='ocrx_word' id='word_1_89' title='bbox 669 1420 718 1471; x_wconf 90' lang='grc' dir='ltr'><strong>εί</strong></span> <span class='ocrx_word' id='word_1_90' title='bbox 777 1420 978 1482; x_wconf 76' lang='grc' dir='ltr'>αὐτοὺς</span> <span class='ocrx_word' id='word_1_91' title='bbox 1035 1420 1133 1488; x_wconf 84' lang='grc' dir='ltr'>μὲν</span> <span class='ocrx_word' id='word_1_92' title='bbox 1186 1420 1278 1472; x_wconf 76' lang='grc' dir='ltr'><strong>τοῦ</strong></span> <span class='ocrx_word' id='word_1_93' title='bbox 1310 1419 1417 1473; x_wconf 84' lang='grc' dir='ltr'><strong>τῶν</strong></span> <span class='ocrx_word' id='word_1_94' title='bbox 1463 1419 1670 1472; x_wconf 89' lang='grc' dir='ltr'>πόλεων</span> <span class='ocrx_word' id='word_1_95' title='bbox 1700 1419 1926 1472; x_wconf 77' lang='grc' dir='ltr'>ἐκείνων</span> 
     </span>
    </p>
   </div>
   <div class='ocr_carea' id='block_1_16' title="bbox 356 1513 1924 1584">
    <p class='ocr_par' dir='ltr' id='par_1_16' title="bbox 356 1513 1924 1584">
     <span class='ocr_line' id='line_1_16' title="bbox 356 1513 1924 1584; baseline -0.002 -18"><span class='ocrx_word' id='word_1_96' title='bbox 356 1513 548 1584; x_wconf 77' lang='grc' dir='ltr'>ἄρχειν</span> <span class='ocrx_word' id='word_1_97' title='bbox 590 1513 922 1583; x_wconf 80' lang='grc' dir='ltr'>ἀποστήσας,</span> <span class='ocrx_word' id='word_1_98' title='bbox 956 1513 1180 1582; x_wconf 81' lang='grc' dir='ltr'>ἐτέρους</span> <span class='ocrx_word' id='word_1_99' title='bbox 1223 1513 1569 1574; x_wconf 76' lang='grc' dir='ltr'>ἀνυπόπτους</span> <span class='ocrx_word' id='word_1_100' title='bbox 1618 1514 1924 1582; x_wconf 76' lang='grc' dir='ltr'>ἐπιστήσει,</span> 
     </span>
    </p>
   </div>
   <div class='ocr_carea' id='block_1_17' title="bbox 286 1595 1924 1672">
    <p class='ocr_par' dir='ltr' id='par_1_17' title="bbox 286 1595 1924 1672">
     <span class='ocr_line' id='line_1_17' title="bbox 286 1595 1924 1672; baseline -0.001 -18"><span class='ocrx_word' id='word_1_101' title='bbox 286 1645 293 1660; x_wconf 92' lang='grc'><strong>,</strong></span> <span class='ocrx_word' id='word_1_102' title='bbox 356 1603 540 1662; x_wconf 84' lang='grc' dir='ltr'>αὐτοῖς</span> <span class='ocrx_word' id='word_1_103' title='bbox 573 1601 628 1653; x_wconf 80' lang='grc' dir='ltr'>δὲ</span> <span class='ocrx_word' id='word_1_104' title='bbox 664 1601 853 1670; x_wconf 78' lang='grc' dir='ltr'>ἑτέρας</span> <span class='ocrx_word' id='word_1_105' title='bbox 890 1600 1061 1669; x_wconf 82' lang='grc' dir='ltr'>ἀρχὰς</span> <span class='ocrx_word' id='word_1_106' title='bbox 1174 1600 1239 1652; x_wconf 86' lang='grc' dir='ltr'>ἂν</span> <span class='ocrx_word' id='word_1_107' title='bbox 1268 1599 1417 1669; x_wconf 84' lang='grc' dir='ltr'><strong>αὑτῷ</strong></span> <span class='ocrx_word' id='word_1_108' title='bbox 1450 1600 1578 1670; x_wconf 84' lang='grc' dir='ltr'>δοκῇ</span> <span class='ocrx_word' id='word_1_109' title='bbox 1621 1600 1924 1653; x_wconf 84' lang='grc' dir='ltr'>λυσιτελεῖν</span> 
     </span>
    </p>
   </div>
   <div class='ocr_carea' id='block_1_18' title="bbox 355 1686 1916 1761">
    <p class='ocr_par' dir='ltr' id='par_1_18' title="bbox 355 1686 1916 1761">
     <span class='ocr_line' id='line_1_18' title="bbox 355 1686 1916 1761; baseline -0.002 -16"><span class='ocrx_word' id='word_1_110' title='bbox 355 1691 677 1760; x_wconf 73' lang='grc' dir='ltr'>ἑγχειρίσει.</span> <span class='ocrx_word' id='word_1_111' title='bbox 727 1690 878 1761; x_wconf 80' lang='grc' dir='ltr'>Ἐμοὶ</span> <span class='ocrx_word' id='word_1_112' title='bbox 917 1689 1016 1759; x_wconf 81' lang='grc' dir='ltr'>μὲν</span> <span class='ocrx_word' id='word_1_113' title='bbox 1043 1687 1136 1744; x_wconf 79' lang='grc' dir='ltr'><strong>οὖν</strong></span> <span class='ocrx_word' id='word_1_114' title='bbox 1173 1691 1272 1744; x_wconf 79' lang='grc' dir='ltr'><strong>οὐκ</strong></span> <span class='ocrx_word' id='word_1_115' title='bbox 1300 1690 1504 1758; x_wconf 73' lang='grc' dir='ltr'>ἀγαθὸν</span> <span class='ocrx_word' id='word_1_116' title='bbox 1535 1689 1734 1755; x_wconf 77' lang='grc' dir='ltr'>ἔδοξεν,</span> <span class='ocrx_word' id='word_1_117' title='bbox 1769 1686 1916 1759; x_wconf 81' lang='grc' dir='ltr'>εἶπε,</span> 
     </span>
    </p>
   </div>
   <div class='ocr_carea' id='block_1_19' title="bbox 352 1782 1920 1854">
    <p class='ocr_par' dir='ltr' id='par_1_19' title="bbox 352 1782 1920 1854">
     <span class='ocr_line' id='line_1_19' title="bbox 352 1782 1920 1854; baseline -0.001 -18"><span class='ocrx_word' id='word_1_118' title='bbox 352 1783 431 1854; x_wconf 78' lang='grc' dir='ltr'>τῷ</span> <span class='ocrx_word' id='word_1_119' title='bbox 469 1783 681 1853; x_wconf 81' lang='grc' dir='ltr'>βασιλεῖ</span> <span class='ocrx_word' id='word_1_120' title='bbox 723 1784 792 1836; x_wconf 76' lang='grc' dir='ltr'><strong>τὰ</strong></span> <span class='ocrx_word' id='word_1_121' title='bbox 840 1785 1066 1836; x_wconf 81' lang='grc' dir='ltr'>τοιαῦτα</span> <span class='ocrx_word' id='word_1_122' title='bbox 1125 1787 1429 1853; x_wconf 76' lang='grc' dir='ltr'>γράμματα</span> <span class='ocrx_word' id='word_1_123' title='bbox 1486 1783 1716 1853; x_wconf 85' lang='grc' dir='ltr'>ποιῆσαι</span> <span class='ocrx_word' id='word_1_124' title='bbox 1764 1782 1920 1852; x_wconf 75' lang='grc' dir='ltr'>δῆλα,</span> 
     </span>
    </p>
   </div>
   <div class='ocr_carea' id='block_1_20' title="bbox 353 1873 1920 1945">
    <p class='ocr_par' dir='ltr' id='par_1_20' title="bbox 353 1873 1920 1945">
     <span class='ocr_line' id='line_1_20' title="bbox 353 1873 1920 1945; baseline -0.001 -17"><span class='ocrx_word' id='word_1_125' title='bbox 353 1875 488 1928; x_wconf 82' lang='grc' dir='ltr'><strong>ἀλλά</strong></span> <span class='ocrx_word' id='word_1_126' title='bbox 515 1876 662 1944; x_wconf 88' lang='grc' dir='ltr'>μόνῳ</span> <span class='ocrx_word' id='word_1_127' title='bbox 691 1891 773 1928; x_wconf 83' lang='grc' dir='ltr'>σοι</span> <span class='ocrx_word' id='word_1_128' title='bbox 798 1892 813 1906; x_wconf 76' lang='grc' dir='ltr'>ο</span> <span class='ocrx_word' id='word_1_129' title='bbox 843 1876 915 1938; x_wconf 73' lang='grc' dir='ltr'><strong>ὡς</strong></span> <span class='ocrx_word' id='word_1_130' title='bbox 935 1875 998 1929; x_wconf 83' lang='grc' dir='ltr'><strong>ἀν</strong></span> <span class='ocrx_word' id='word_1_131' title='bbox 1025 1878 1240 1940; x_wconf 88' lang='grc' dir='ltr'>συνετὸς</span> <span class='ocrx_word' id='word_1_132' title='bbox 1266 1875 1364 1940; x_wconf 86' lang='grc' dir='ltr'>ὣν,</span> <span class='ocrx_word' id='word_1_133' title='bbox 1394 1875 1462 1928; x_wconf 85' lang='grc' dir='ltr'>τά</span> <span class='ocrx_word' id='word_1_134' title='bbox 1487 1892 1544 1928; x_wconf 86' lang='grc' dir='ltr'><strong>τε</strong></span> <span class='ocrx_word' id='word_1_135' title='bbox 1573 1873 1757 1928; x_wconf 77' lang='grc' dir='ltr'>δέοντα</span> <span class='ocrx_word' id='word_1_136' title='bbox 1779 1875 1920 1945; x_wconf 80' lang='grc' dir='ltr'>ὑπὲρ</span> 
     </span>
    </p>
   </div>
   <div class='ocr_carea' id='block_1_21' title="bbox 349 1966 1920 2039">
    <p class='ocr_par' dir='ltr' id='par_1_21' title="bbox 349 1966 1920 2039">
     <span class='ocr_line' id='line_1_21' title="bbox 349 1966 1920 2039; baseline 0 -19"><span class='ocrx_word' id='word_1_137' title='bbox 349 1966 463 2020; x_wconf 81' lang='grc' dir='ltr'><strong>τῶν</strong></span> <span class='ocrx_word' id='word_1_138' title='bbox 531 1966 724 2020; x_wconf 84' lang='grc' dir='ltr'>κοινῶν</span> <span class='ocrx_word' id='word_1_139' title='bbox 791 1967 1152 2039; x_wconf 79' lang='grc' dir='ltr'>οὶκονομὴσῃς</span> <span class='ocrx_word' id='word_1_140' title='bbox 1207 1969 1575 2038; x_wconf 75' lang='grc' dir='ltr'>πραγμάτων,</span> <span class='ocrx_word' id='word_1_141' title='bbox 1635 1971 1731 2022; x_wconf 76' lang='grc' dir='ltr'>καὶ</span> <span class='ocrx_word' id='word_1_142' title='bbox 1805 1972 1920 2031; x_wconf 84' lang='grc' dir='ltr'>τοῖς</span> 
     </span>
    </p>
   </div>
   <div class='ocr_carea' id='block_1_22' title="bbox 350 2046 1920 2129">
    <p class='ocr_par' dir='ltr' id='par_1_22' title="bbox 350 2046 1920 2129">
     <span class='ocr_line' id='line_1_22' title="bbox 350 2046 1920 2129; baseline 0.003 -21"><span class='ocrx_word' id='word_1_143' title='bbox 350 2057 514 2110; x_wconf 75' lang='grc' dir='ltr'>παισὶ</span> <span class='ocrx_word' id='word_1_144' title='bbox 575 2057 643 2111; x_wconf 77' lang='grc' dir='ltr'>τὰ</span> <span class='ocrx_word' id='word_1_145' title='bbox 683 2054 1086 2109; x_wconf 79' lang='grc' dir='ltr'>λυσιτελοῦντα.</span> <span class='ocrx_word' id='word_1_146' title='bbox 1117 2055 1375 2123; x_wconf 85' lang='grc' dir='ltr'>Βασιλεὺς</span> <span class='ocrx_word' id='word_1_147' title='bbox 1417 2059 1516 2129; x_wconf 84' lang='grc' dir='ltr'>μὲν</span> <span class='ocrx_word' id='word_1_148' title='bbox 1553 2055 1648 2112; x_wconf 83' lang='grc' dir='ltr'>οὖν</span> <span class='ocrx_word' id='word_1_149' title='bbox 1689 2046 1920 2114; x_wconf 69' lang='grc' dir='ltr'>τοῖαὖτα</span> 
     </span>
    </p>
   </div>
   <div class='ocr_carea' id='block_1_23' title="bbox 348 2148 1920 2222">
    <p class='ocr_par' dir='ltr' id='par_1_23' title="bbox 348 2148 1920 2222">
     <span class='ocr_line' id='line_1_23' title="bbox 348 2148 1920 2222; baseline 0.002 -21"><span class='ocrx_word' id='word_1_150' title='bbox 348 2148 430 2218; x_wconf 85' lang='grc' dir='ltr'>τῷ</span> <span class='ocrx_word' id='word_1_151' title='bbox 465 2148 685 2219; x_wconf 79' lang='grc' dir='ltr'>μεγάλῳ</span> <span class='ocrx_word' id='word_1_152' title='bbox 717 2149 1068 2202; x_wconf 78' lang='grc' dir='ltr'>συνεϐούλευε</span> <span class='ocrx_word' id='word_1_153' title='bbox 1100 2151 1390 2222; x_wconf 79' lang='grc' dir='ltr'>λογοθέτῃ·</span> <span class='ocrx_word' id='word_1_154' title='bbox 1426 2151 1454 2202; x_wconf 82' lang='grc' dir='ltr'>ὁ</span> <span class='ocrx_word' id='word_1_155' title='bbox 1486 2152 1564 2216; x_wconf 79' lang='grc' dir='ltr'>δὲ,</span> <span class='ocrx_word' id='word_1_156' title='bbox 1597 2151 1920 2206; x_wconf 80' lang='grc' dir='ltr'>πείσθεσθαί</span> 
     </span>
    </p>
   </div>
   <div class='ocr_carea' id='block_1_24' title="bbox 348 2241 1920 2314">
    <p class='ocr_par' dir='ltr' id='par_1_24' title="bbox 348 2241 1920 2314">
     <span class='ocr_line' id='line_1_24' title="bbox 348 2241 1920 2314; baseline 0.004 -22"><span class='ocrx_word' id='word_1_157' title='bbox 348 2258 408 2294; x_wconf 88' lang='grc' dir='ltr'><strong>τε</strong></span> <span class='ocrx_word' id='word_1_158' title='bbox 468 2242 612 2304; x_wconf 83' lang='grc' dir='ltr'>δέον,</span> <span class='ocrx_word' id='word_1_159' title='bbox 671 2243 765 2293; x_wconf 76' lang='grc' dir='ltr'>καὶ</span> <span class='ocrx_word' id='word_1_160' title='bbox 814 2244 1042 2311; x_wconf 76' lang='grc' dir='ltr'>χάριτας</span> <span class='ocrx_word' id='word_1_161' title='bbox 1084 2241 1184 2310; x_wconf 81' lang='grc' dir='ltr'>τῆς</span> <span class='ocrx_word' id='word_1_162' title='bbox 1231 2243 1342 2295; x_wconf 87' lang='grc' dir='ltr'><strong>τῶν</strong></span> <span class='ocrx_word' id='word_1_163' title='bbox 1408 2242 1538 2295; x_wconf 85' lang='grc' dir='ltr'>υίῶν</span> <span class='ocrx_word' id='word_1_164' title='bbox 1591 2243 1920 2314; x_wconf 81' lang='grc' dir='ltr'>κηδεμονίας</span> 
     </span>
    </p>
   </div>
   <div class='ocr_carea' id='block_1_25' title="bbox 347 2333 1919 2407">
    <p class='ocr_par' dir='ltr' id='par_1_25' title="bbox 347 2333 1919 2407">
     <span class='ocr_line' id='line_1_25' title="bbox 347 2333 1919 2407; baseline 0.001 -20"><span class='ocrx_word' id='word_1_165' title='bbox 347 2334 660 2403; x_wconf 74' lang='grc' dir='ltr'>ὁμολογεῖν,</span> <span class='ocrx_word' id='word_1_166' title='bbox 713 2333 1026 2386; x_wconf 71' lang='grc' dir='ltr'>τούναντίον</span> <span class='ocrx_word' id='word_1_167' title='bbox 1077 2333 1251 2386; x_wconf 77' lang='grc' dir='ltr'>ἐποίει</span> <span class='ocrx_word' id='word_1_168' title='bbox 1308 2335 1439 2388; x_wconf 79' lang='grc' dir='ltr'>πᾶν.</span> <span class='ocrx_word' id='word_1_169' title='bbox 1496 2335 1755 2404; x_wconf 87' lang='grc' dir='ltr'>Τραχέως</span> <span class='ocrx_word' id='word_1_170' title='bbox 1811 2337 1919 2407; x_wconf 85' lang='grc' dir='ltr'>γὰρ</span> 
     </span>
    </p>
   </div>
   <div class='ocr_carea' id='block_1_26' title="bbox 347 2427 1920 2501">
    <p class='ocr_par' dir='ltr' id='par_1_26' title="bbox 347 2427 1920 2501">
     <span class='ocr_line' id='line_1_26' title="bbox 347 2427 1920 2501; baseline 0.001 -19"><span class='ocrx_word' id='word_1_171' title='bbox 347 2427 791 2498; x_wconf 80' lang='grc' dir='ltr'>ἀποκρινάμενος</span> <span class='ocrx_word' id='word_1_172' title='bbox 849 2430 942 2482; x_wconf 78' lang='grc' dir='ltr'>καὶ</span> <span class='ocrx_word' id='word_1_173' title='bbox 991 2429 1262 2498; x_wconf 78' lang='grc' dir='ltr'>σκληρῶς,</span> <span class='ocrx_word' id='word_1_174' title='bbox 1293 2427 1385 2483; x_wconf 76' lang='grc' dir='ltr'>ἐπί</span> <span class='ocrx_word' id='word_1_175' title='bbox 1429 2431 1573 2482; x_wconf 88' lang='grc' dir='ltr'>τέλει</span> <span class='ocrx_word' id='word_1_176' title='bbox 1614 2431 1920 2501; x_wconf 55' lang='grc' dir='ltr'>προσέθηκε</span> 
     </span>
    </p>
   </div>
   <div class='ocr_carea' id='block_1_27' title="bbox 350 2520 1922 2593">
    <p class='ocr_par' dir='ltr' id='par_1_27' title="bbox 350 2520 1922 2593">
     <span class='ocr_line' id='line_1_27' title="bbox 350 2520 1922 2593; baseline 0.004 -22"><span class='ocrx_word' id='word_1_177' title='bbox 350 2520 652 2586; x_wconf 75' lang='grc' dir='ltr'>καὶτοῦτο,</span> <span class='ocrx_word' id='word_1_178' title='bbox 693 2521 766 2583; x_wconf 75' lang='grc' dir='ltr'>ὡς</span> <span class='ocrx_word' id='word_1_179' title='bbox 811 2521 906 2572; x_wconf 80' lang='grc' dir='ltr'>καὶ</span> <span class='ocrx_word' id='word_1_180' title='bbox 935 2523 1047 2584; x_wconf 81' lang='grc' dir='ltr'>τοῖς</span> <span class='ocrx_word' id='word_1_181' title='bbox 1075 2521 1216 2584; x_wconf 72' lang='grc' dir='ltr'>ὄνοις</span> <span class='ocrx_word' id='word_1_182' title='bbox 1256 2523 1288 2592; x_wconf 88' lang='grc' dir='ltr'>ἡ</span> <span class='ocrx_word' id='word_1_183' title='bbox 1322 2524 1593 2593; x_wconf 85' lang='grc' dir='ltr'>παροιμία</span> <span class='ocrx_word' id='word_1_184' title='bbox 1620 2522 1802 2577; x_wconf 85' lang='grc' dir='ltr'>δίδωσι</span> <span class='ocrx_word' id='word_1_185' title='bbox 1831 2523 1922 2577; x_wconf 84' lang='grc' dir='ltr'>τὸν</span> 
     </span>
    </p>
   </div>
   <div class='ocr_carea' id='block_1_28' title="bbox 351 2610 1923 2684">
    <p class='ocr_par' dir='ltr' id='par_1_28' title="bbox 351 2610 1923 2684">
     <span class='ocr_line' id='line_1_28' title="bbox 351 2610 1923 2684; baseline 0.003 -20"><span class='ocrx_word' id='word_1_186' title='bbox 351 2613 545 2676; x_wconf 80' lang='grc' dir='ltr'>ξέοντα</span> <span class='ocrx_word' id='word_1_187' title='bbox 591 2612 878 2676; x_wconf 79' lang='grc' dir='ltr'>ἀντιξέειν.</span> <span class='ocrx_word' id='word_1_188' title='bbox 904 2613 1121 2684; x_wconf 83' lang='grc' dir='ltr'>Ταύτην</span> <span class='ocrx_word' id='word_1_189' title='bbox 1165 2614 1264 2684; x_wconf 85' lang='grc' dir='ltr'>μὲν</span> <span class='ocrx_word' id='word_1_190' title='bbox 1306 2610 1399 2668; x_wconf 76' lang='grc' dir='ltr'><strong>οὖν</strong></span> <span class='ocrx_word' id='word_1_191' title='bbox 1441 2616 1668 2679; x_wconf 77' lang='grc' dir='ltr'>ἑαυτοὺς</span> <span class='ocrx_word' id='word_1_192' title='bbox 1702 2617 1923 2684; x_wconf 87' lang='grc' dir='ltr'>ἀνερευ-</span> 
     </span>
    </p>
   </div>
   <div class='ocr_carea' id='block_1_29' title="bbox 349 2705 1920 2779">
    <p class='ocr_par' dir='ltr' id='par_1_29' title="bbox 349 2705 1920 2779">
     <span class='ocr_line' id='line_1_29' title="bbox 349 2705 1920 2779; baseline 0.002 -20"><span class='ocrx_word' id='word_1_193' title='bbox 349 2706 555 2768; x_wconf 84' lang='grc' dir='ltr'>νῶντες</span> <span class='ocrx_word' id='word_1_194' title='bbox 592 2705 850 2758; x_wconf 77' lang='grc' dir='ltr'>ὑπενόουν</span> <span class='ocrx_word' id='word_1_195' title='bbox 873 2707 1053 2758; x_wconf 75' lang='grc' dir='ltr'>αἰτίαν</span> <span class='ocrx_word' id='word_1_196' title='bbox 1075 2709 1156 2769; x_wconf 85' lang='grc' dir='ltr'><strong>είς</strong></span> <span class='ocrx_word' id='word_1_197' title='bbox 1181 2707 1239 2760; x_wconf 88' lang='grc' dir='ltr'>τὸ</span> <span class='ocrx_word' id='word_1_198' title='bbox 1265 2707 1620 2778; x_wconf 83' lang='grc' dir='ltr'>πολεμεῖσθαι</span> <span class='ocrx_word' id='word_1_199' title='bbox 1641 2726 1920 2779; x_wconf 83' lang='grc' dir='ltr'>παρεσχη-</span> 
     </span>
    </p>
   </div>
   <div class='ocr_carea' id='block_1_30' title="bbox 353 2794 1940 2868">
    <p class='ocr_par' dir='ltr' id='par_1_30' title="bbox 353 2794 1940 2868">
     <span class='ocr_line' id='line_1_30' title="bbox 353 2794 1940 2868; baseline 0.005 -24"><span class='ocrx_word' id='word_1_200' title='bbox 353 2795 583 2861; x_wconf 78' lang='grc' dir='ltr'>μένους,</span> <span class='ocrx_word' id='word_1_201' title='bbox 628 2795 720 2846; x_wconf 70' lang='grc' dir='ltr'><strong>τὸν</strong></span> <span class='ocrx_word' id='word_1_202' title='bbox 781 2794 955 2863; x_wconf 89' lang='grc' dir='ltr'>μέγαν</span> <span class='ocrx_word' id='word_1_203' title='bbox 1007 2795 1456 2866; x_wconf 77' lang='grc' dir='ltr'>ὑπολογιζόμενοι</span> <span class='ocrx_word' id='word_1_204' title='bbox 1509 2798 1940 2868; x_wconf 25' lang='grc' dir='ltr'>παροξυνθέντα,</span> 
     </span>
    </p>
   </div>
   <div class='ocr_carea' id='block_1_31' title="bbox 348 2884 1921 2958">
    <p class='ocr_par' dir='ltr' id='par_1_31' title="bbox 348 2884 1921 2958">
     <span class='ocr_line' id='line_1_31' title="bbox 348 2884 1921 2958; baseline 0.003 -19"><span class='ocrx_word' id='word_1_205' title='bbox 348 2886 440 2940; x_wconf 82' lang='grc' dir='ltr'><strong>διά</strong></span> <span class='ocrx_word' id='word_1_206' title='bbox 493 2884 668 2938; x_wconf 83' lang='grc' dir='ltr'>ταῦτα</span> <span class='ocrx_word' id='word_1_207' title='bbox 720 2886 1014 2958; x_wconf 84' lang='grc' dir='ltr'>λογοθέτην</span> <span class='ocrx_word' id='word_1_208' title='bbox 1056 2890 1135 2950; x_wconf 88' lang='grc' dir='ltr'><strong>είς</strong></span> <span class='ocrx_word' id='word_1_209' title='bbox 1160 2891 1220 2942; x_wconf 85' lang='grc' dir='ltr'><strong>τδ</strong></span> <span class='ocrx_word' id='word_1_210' title='bbox 1250 2889 1510 2958; x_wconf 82' lang='grc' dir='ltr'>πολεμεῖν</span> <span class='ocrx_word' id='word_1_211' title='bbox 1538 2891 1921 2958; x_wconf 77' lang='grc' dir='ltr'>παρακαλέσαι</span> 
     </span>
    </p>
   </div>
   <div class='ocr_carea' id='block_1_32' title="bbox 347 2971 1919 3047">
    <p class='ocr_par' dir='ltr' id='par_1_32' title="bbox 347 2971 1919 3047">
     <span class='ocr_line' id='line_1_32' title="bbox 347 2971 1919 3047; baseline 0.001 -19"><span class='ocrx_word' id='word_1_212' title='bbox 347 2977 442 3030; x_wconf 75' lang='grc' dir='ltr'>τὸν</span> <span class='ocrx_word' id='word_1_213' title='bbox 509 2977 771 3047; x_wconf 69' lang='grc' dir='ltr'>βασιλέαν</span> <span class='ocrx_word' id='word_1_214' title='bbox 813 2977 985 3046; x_wconf 71' lang='grc' dir='ltr'>σαφὲς</span> <span class='ocrx_word' id='word_1_215' title='bbox 1048 2978 1231 3046; x_wconf 89' lang='grc' dir='ltr'>μέντοι</span> <span class='ocrx_word' id='word_1_216' title='bbox 1288 2971 1434 3047; x_wconf 85' lang='grc' dir='ltr'>εῐχον</span> <span class='ocrx_word' id='word_1_217' title='bbox 1489 2977 1644 3029; x_wconf 76' lang='grc' dir='ltr'>οὐδὲν</span> <span class='ocrx_word' id='word_1_218' title='bbox 1694 2978 1919 3030; x_wconf 86' lang='grc' dir='ltr'>είδέναι.</span> 
     </span>
    </p>
   </div>
   <div class='ocr_carea' id='block_1_33' title="bbox 354 3067 1923 3138">
    <p class='ocr_par' dir='ltr' id='par_1_33' title="bbox 354 3067 1923 3138">
     <span class='ocr_line' id='line_1_33' title="bbox 354 3067 1923 3138; baseline -0.001 -15"><span class='ocrx_word' id='word_1_219' title='bbox 354 3069 550 3135; x_wconf 77' lang='grc' dir='ltr'>Ἀξιον</span> <span class='ocrx_word' id='word_1_220' title='bbox 593 3068 649 3122; x_wconf 79' lang='grc' dir='ltr'>δὲ</span> <span class='ocrx_word' id='word_1_221' title='bbox 689 3069 781 3122; x_wconf 79' lang='grc' dir='ltr'>καὶ</span> <span class='ocrx_word' id='word_1_222' title='bbox 818 3069 938 3132; x_wconf 78' lang='grc' dir='ltr'>οἵας</span> <span class='ocrx_word' id='word_1_223' title='bbox 990 3068 1314 3138; x_wconf 78' lang='grc' dir='ltr'>εὐεργεσίας</span> <span class='ocrx_word' id='word_1_224' title='bbox 1368 3070 1504 3137; x_wconf 76' lang='grc' dir='ltr'>πρός</span> <span class='ocrx_word' id='word_1_225' title='bbox 1535 3085 1595 3121; x_wconf 86' lang='grc' dir='ltr'><strong>τε</strong></span> <span class='ocrx_word' id='word_1_226' title='bbox 1630 3067 1923 3138; x_wconf 83' lang='grc' dir='ltr'>λογοθέτην</span> 
     </span>
    </p>
   </div>
   <div class='ocr_carea' id='block_1_34' title="bbox 2037 591 3604 662">
    <p class='ocr_par' dir='ltr' id='par_1_34' title="bbox 2037 591 3604 662">
     <span class='ocr_line' id='line_1_34' title="bbox 2037 591 3604 662; baseline 0.003 -17"><span class='ocrx_word' id='word_1_227' title='bbox 2037 591 2128 652; x_wconf 90' lang='lat' dir='ltr'><strong>tis,</strong></span> <span class='ocrx_word' id='word_1_228' title='bbox 2165 591 2300 645; x_wconf 86' lang='lat' dir='ltr'><strong>alias</strong></span> <span class='ocrx_word' id='word_1_229' title='bbox 2345 591 2701 660; x_wconf 76' lang='lat' dir='ltr'><strong>prrefecturas</strong></span> <span class='ocrx_word' id='word_1_230' title='bbox 2735 601 2794 646; x_wconf 89' lang='lat' dir='ltr'><strong>ut</strong></span> <span class='ocrx_word' id='word_1_231' title='bbox 2823 593 3086 662; x_wconf 82' lang='lat' dir='ltr'><strong>expedire</strong></span> <span class='ocrx_word' id='word_1_232' title='bbox 3116 594 3416 659; x_wconf 82' lang='lat' dir='ltr'><strong>videbitur,</strong></span> <span class='ocrx_word' id='word_1_233' title='bbox 3450 612 3604 652; x_wconf 87' lang='lat' dir='ltr'><strong>com-</strong></span> 
     </span>
    </p>
   </div>
   <div class='ocr_carea' id='block_1_35' title="bbox 2037 681 3600 756">
    <p class='ocr_par' dir='ltr' id='par_1_35' title="bbox 2037 681 3600 756">
     <span class='ocr_line' id='line_1_35' title="bbox 2037 681 3600 756; baseline 0.003 -21"><span class='ocrx_word' id='word_1_234' title='bbox 2037 681 2235 746; x_wconf 80' lang='lat' dir='ltr'><strong>mittat,</strong></span> <span class='ocrx_word' id='word_1_235' title='bbox 2265 691 2321 736; x_wconf 89' lang='lat' dir='ltr'><strong>et</strong></span> <span class='ocrx_word' id='word_1_236' title='bbox 2367 697 2512 737; x_wconf 89' lang='lat' dir='ltr'><strong>nunc</strong></span> <span class='ocrx_word' id='word_1_237' title='bbox 2549 683 2686 738; x_wconf 87' lang='lat' dir='ltr'><strong>alios</strong></span> <span class='ocrx_word' id='word_1_238' title='bbox 2723 699 2830 738; x_wconf 85' lang='lat' dir='ltr'><strong>non</strong></span> <span class='ocrx_word' id='word_1_239' title='bbox 2859 696 3142 754; x_wconf 76' lang='lat' dir='ltr'><strong>suspectos</strong></span> <span class='ocrx_word' id='word_1_240' title='bbox 3177 696 3449 756; x_wconf 82' lang='lat' dir='ltr'><strong>surroget.</strong></span> <span class='ocrx_word' id='word_1_241' title='bbox 3484 686 3600 742; x_wconf 82' lang='lat' dir='ltr'><strong>Sibi</strong></span> 
     </span>
    </p>
   </div>
   <div class='ocr_carea' id='block_1_36' title="bbox 2034 772 3600 848">
    <p class='ocr_par' dir='ltr' id='par_1_36' title="bbox 2034 772 3600 848">
     <span class='ocr_line' id='line_1_36' title="bbox 2034 772 3600 848; baseline 0.008 -26"><span class='ocrx_word' id='word_1_242' title='bbox 2034 772 2234 836; x_wconf 86' lang='lat' dir='ltr'><strong>visum,</strong></span> <span class='ocrx_word' id='word_1_243' title='bbox 2271 773 2367 826; x_wconf 94' lang='lat' dir='ltr'><strong>has</strong></span> <span class='ocrx_word' id='word_1_244' title='bbox 2397 775 2610 828; x_wconf 77' lang='lat' dir='ltr'><strong>litteras</strong></span> <span class='ocrx_word' id='word_1_245' title='bbox 2651 777 2971 844; x_wconf 85' lang='lat' dir='ltr'><strong>imperatori</strong></span> <span class='ocrx_word' id='word_1_246' title='bbox 3007 779 3253 832; x_wconf 86' lang='lat' dir='ltr'><strong>cxhiheri</strong></span> <span class='ocrx_word' id='word_1_247' title='bbox 3290 794 3399 833; x_wconf 92' lang='lat' dir='ltr'><strong>non</strong></span> <span class='ocrx_word' id='word_1_248' title='bbox 3435 795 3600 848; x_wconf 85' lang='lat' dir='ltr'><strong>expe—</strong></span> 
     </span>
    </p>
   </div>
   <div class='ocr_carea' id='block_1_37' title="bbox 2034 863 3600 950">
    <p class='ocr_par' dir='ltr' id='par_1_37' title="bbox 2034 863 3600 950">
     <span class='ocr_line' id='line_1_37' title="bbox 2034 863 3600 950; baseline 0.006 -33"><span class='ocrx_word' id='word_1_249' title='bbox 2034 863 2152 919; x_wconf 88' lang='lat' dir='ltr'><strong>dire</strong></span> <span class='ocrx_word' id='word_1_250' title='bbox 2187 882 2201 916; x_wconf 89' lang='lat'><strong>:</strong></span> <span class='ocrx_word' id='word_1_251' title='bbox 2232 865 2325 919; x_wconf 90' lang='lat' dir='ltr'><strong>sed</strong></span> <span class='ocrx_word' id='word_1_252' title='bbox 2359 865 2460 934; x_wconf 91' lang='lat' dir='ltr'><strong>ipsi</strong></span> <span class='ocrx_word' id='word_1_253' title='bbox 2509 869 2648 935; x_wconf 90' lang='lat' dir='ltr'><strong>patri</strong></span> <span class='ocrx_word' id='word_1_254' title='bbox 2691 868 2974 935; x_wconf 80' lang='lat' dir='ltr'><strong>duntaxat,</strong></span> <span class='ocrx_word' id='word_1_255' title='bbox 3019 879 3078 924; x_wconf 91' lang='lat' dir='ltr'><strong>ut</strong></span> <span class='ocrx_word' id='word_1_256' title='bbox 3124 885 3248 924; x_wconf 90' lang='lat' dir='ltr'><strong>cum</strong></span> <span class='ocrx_word' id='word_1_257' title='bbox 3306 871 3600 950; x_wconf 78' lang='lat' dir='ltr'><strong>prudentia</strong></span> 
     </span>
    </p>
   </div>
   <div class='ocr_carea' id='block_1_38' title="bbox 2033 959 3603 1031">
    <p class='ocr_par' dir='ltr' id='par_1_38' title="bbox 2033 959 3603 1031">
     <span class='ocr_line' id='line_1_38' title="bbox 2033 959 3603 1031; baseline 0.003 -23"><span class='ocrx_word' id='word_1_258' title='bbox 2033 965 2272 1022; x_wconf 84' lang='lat' dir='ltr'><strong>praestet,</strong></span> <span class='ocrx_word' id='word_1_259' title='bbox 2298 972 2419 1025; x_wconf 72' lang='lat' dir='ltr'><strong>qua:</strong></span> <span class='ocrx_word' id='word_1_260' title='bbox 2451 959 2764 1027; x_wconf 62' lang='lat' dir='ltr'><strong>reipublicae</strong></span> <span class='ocrx_word' id='word_1_261' title='bbox 2795 961 3034 1015; x_wconf 80' lang='lat' dir='ltr'><strong>rationes</strong></span> <span class='ocrx_word' id='word_1_262' title='bbox 3057 963 3356 1029; x_wconf 90' lang='lat' dir='ltr'><strong>postulent,</strong></span> <span class='ocrx_word' id='word_1_263' title='bbox 3386 978 3444 1016; x_wconf 86' lang='lat' dir='ltr'><strong>ea</strong></span> <span class='ocrx_word' id='word_1_264' title='bbox 3475 979 3603 1031; x_wconf 83' lang='lat' dir='ltr'><strong>pro-</strong></span> 
     </span>
    </p>
   </div>
   <div class='ocr_carea' id='block_1_39' title="bbox 2032 1047 3602 1118">
    <p class='ocr_par' dir='ltr' id='par_1_39' title="bbox 2032 1047 3602 1118">
     <span class='ocr_line' id='line_1_39' title="bbox 2032 1047 3602 1118; baseline 0.006 -20"><span class='ocrx_word' id='word_1_265' title='bbox 2032 1047 2216 1100; x_wconf 85' lang='lat' dir='ltr'><strong>videat</strong></span> <span class='ocrx_word' id='word_1_266' title='bbox 2255 1058 2416 1118; x_wconf 89' lang='lat' dir='ltr'><strong>atque</strong></span> <span class='ocrx_word' id='word_1_267' title='bbox 2466 1051 2835 1115; x_wconf 88' lang='lat' dir='ltr'><strong>administret,</strong></span> <span class='ocrx_word' id='word_1_268' title='bbox 2905 1063 2960 1106; x_wconf 91' lang='lat' dir='ltr'><strong>et</strong></span> <span class='ocrx_word' id='word_1_269' title='bbox 3010 1053 3247 1107; x_wconf 83' lang='lat' dir='ltr'><strong>ﬁliorum</strong></span> <span class='ocrx_word' id='word_1_270' title='bbox 3299 1056 3460 1109; x_wconf 88' lang='lat' dir='ltr'><strong>saluti</strong></span> <span class='ocrx_word' id='word_1_271' title='bbox 3507 1055 3602 1110; x_wconf 90' lang='lat' dir='ltr'><strong>det</strong></span> 
     </span>
    </p>
   </div>
   <div class='ocr_carea' id='block_1_40' title="bbox 2032 1134 3677 1216">
    <p class='ocr_par' dir='ltr' id='par_1_40' title="bbox 2032 1134 3677 1216">
     <span class='ocr_line' id='line_1_40' title="bbox 2032 1134 3677 1216; baseline 0.004 -20"><span class='ocrx_word' id='word_1_272' title='bbox 2032 1157 2277 1212; x_wconf 82' lang='lat' dir='ltr'><strong>operam.</strong></span> <span class='ocrx_word' id='word_1_273' title='bbox 2308 1141 2786 1212; x_wconf 62' lang='lat' dir='ltr'><strong>Istaacimperator</strong></span> <span class='ocrx_word' id='word_1_274' title='bbox 2826 1144 3016 1213; x_wconf 90' lang='lat' dir='ltr'><strong>iunior</strong></span> <span class='ocrx_word' id='word_1_275' title='bbox 3065 1161 3261 1216; x_wconf 85' lang='lat' dir='ltr'><strong>magno</strong></span> <span class='ocrx_word' id='word_1_276' title='bbox 3307 1147 3601 1216; x_wconf 75' lang='lat' dir='ltr'><strong>Iogothetze</strong></span> <span class='ocrx_word' id='word_1_277' title='bbox 3672 1134 3677 1138; x_wconf 54' lang='grc'><em>’</em></span> 
     </span>
    </p>
   </div>
   <div class='ocr_carea' id='block_1_41' title="bbox 2029 1233 3602 1305">
    <p class='ocr_par' dir='ltr' id='par_1_41' title="bbox 2029 1233 3602 1305">
     <span class='ocr_line' id='line_1_41' title="bbox 2029 1233 3602 1305; baseline 0.003 -18"><span class='ocrx_word' id='word_1_278' title='bbox 2029 1233 2234 1296; x_wconf 79' lang='lat' dir='ltr'><strong>suasit;</strong></span> <span class='ocrx_word' id='word_1_279' title='bbox 2266 1249 2427 1303; x_wconf 89' lang='lat' dir='ltr'><strong>quem</strong></span> <span class='ocrx_word' id='word_1_280' title='bbox 2482 1250 2606 1288; x_wconf 87' lang='lat' dir='ltr'><strong>cum</strong></span> <span class='ocrx_word' id='word_1_281' title='bbox 2647 1235 2957 1289; x_wconf 89' lang='lat' dir='ltr'><strong>auscultare</strong></span> <span class='ocrx_word' id='word_1_282' title='bbox 2993 1251 3056 1290; x_wconf 91' lang='lat' dir='ltr'><strong>ac</strong></span> <span class='ocrx_word' id='word_1_283' title='bbox 3090 1252 3188 1305; x_wconf 92' lang='lat' dir='ltr'><strong>pro</strong></span> <span class='ocrx_word' id='word_1_284' title='bbox 3222 1236 3460 1292; x_wconf 84' lang='lat' dir='ltr'><strong>ﬁliorum</strong></span> <span class='ocrx_word' id='word_1_285' title='bbox 3491 1240 3602 1292; x_wconf 85' lang='lat' dir='ltr'><strong>sol-</strong></span> 
     </span>
    </p>
   </div>
   <div class='ocr_carea' id='block_1_42' title="bbox 2027 1320 3603 1394">
    <p class='ocr_par' dir='ltr' id='par_1_42' title="bbox 2027 1320 3603 1394">
     <span class='ocr_line' id='line_1_42' title="bbox 2027 1320 3603 1394; baseline 0.006 -18"><span class='ocrx_word' id='word_1_286' title='bbox 2027 1323 2315 1377; x_wconf 88' lang='lat' dir='ltr'><strong>licitudine</strong></span> <span class='ocrx_word' id='word_1_287' title='bbox 2343 1325 2543 1393; x_wconf 81' lang='lat' dir='ltr'><strong>gratias</strong></span> <span class='ocrx_word' id='word_1_288' title='bbox 2574 1341 2736 1394; x_wconf 87' lang='lat' dir='ltr'><strong>agere</strong></span> <span class='ocrx_word' id='word_1_289' title='bbox 2775 1328 3135 1394; x_wconf 84' lang='lat' dir='ltr'><strong>oportuisset,</strong></span> <span class='ocrx_word' id='word_1_290' title='bbox 3168 1320 3397 1382; x_wconf 92' lang='lat' dir='ltr'><strong>omnino</strong></span> <span class='ocrx_word' id='word_1_291' title='bbox 3440 1345 3603 1386; x_wconf 88' lang='lat' dir='ltr'><strong>secus</strong></span> 
     </span>
    </p>
   </div>
   <div class='ocr_carea' id='block_1_43' title="bbox 2027 1413 3603 1487">
    <p class='ocr_par' dir='ltr' id='par_1_43' title="bbox 2027 1413 3603 1487">
     <span class='ocr_line' id='line_1_43' title="bbox 2027 1413 3603 1487; baseline 0.005 -20"><span class='ocrx_word' id='word_1_292' title='bbox 2027 1413 2175 1482; x_wconf 87' lang='lat' dir='ltr'><strong>egit;</strong></span> <span class='ocrx_word' id='word_1_293' title='bbox 2209 1428 2401 1481; x_wconf 85' lang='lat' dir='ltr'><strong>aspere</strong></span> <span class='ocrx_word' id='word_1_294' title='bbox 2436 1415 2604 1475; x_wconf 82' lang='lat' dir='ltr'><strong>enim,</strong></span> <span class='ocrx_word' id='word_1_295' title='bbox 2639 1423 2696 1470; x_wconf 89' lang='lat' dir='ltr'><strong>et</strong></span> <span class='ocrx_word' id='word_1_296' title='bbox 2723 1417 2919 1471; x_wconf 88' lang='lat' dir='ltr'><strong>acerbe</strong></span> <span class='ocrx_word' id='word_1_297' title='bbox 2948 1419 3305 1487; x_wconf 85' lang='lat' dir='ltr'><strong>respondens,</strong></span> <span class='ocrx_word' id='word_1_298' title='bbox 3337 1420 3392 1473; x_wconf 90' lang='lat' dir='ltr'><strong>in</strong></span> <span class='ocrx_word' id='word_1_299' title='bbox 3419 1430 3603 1475; x_wconf 80' lang='lat' dir='ltr'><strong>extre-</strong></span> 
     </span>
    </p>
   </div>
   <div class='ocr_carea' id='block_1_44' title="bbox 2029 1505 3602 1578">
    <p class='ocr_par' dir='ltr' id='par_1_44' title="bbox 2029 1505 3602 1578">
     <span class='ocr_line' id='line_1_44' title="bbox 2029 1505 3602 1578; baseline 0.005 -22"><span class='ocrx_word' id='word_1_300' title='bbox 2029 1519 2118 1558; x_wconf 90' lang='lat' dir='ltr'><strong>mo</strong></span> <span class='ocrx_word' id='word_1_301' title='bbox 2147 1505 2344 1575; x_wconf 80' lang='lat' dir='ltr'><strong>adjecit</strong></span> <span class='ocrx_word' id='word_1_302' title='bbox 2372 1506 2536 1560; x_wconf 89' lang='lat' dir='ltr'><strong>etiam</strong></span> <span class='ocrx_word' id='word_1_303' title='bbox 2570 1507 2674 1561; x_wconf 92' lang='lat' dir='ltr'><strong>hoc</strong></span> <span class='ocrx_word' id='word_1_304' title='bbox 2707 1525 2719 1560; x_wconf 92' lang='lat'><strong>:</strong></span> <span class='ocrx_word' id='word_1_305' title='bbox 2753 1509 2912 1562; x_wconf 81' lang='lat' dir='ltr'><strong>Juxta</strong></span> <span class='ocrx_word' id='word_1_306' title='bbox 2940 1510 3315 1578; x_wconf 87' lang='lat' dir='ltr'><strong>proverbium,</strong></span> <span class='ocrx_word' id='word_1_307' title='bbox 3352 1512 3517 1566; x_wconf 79' lang='lat' dir='ltr'><strong>licere</strong></span> <span class='ocrx_word' id='word_1_308' title='bbox 3545 1521 3602 1566; x_wconf 90' lang='lat' dir='ltr'><strong>et</strong></span> 
     </span>
    </p>
   </div>
   <div class='ocr_carea' id='block_1_45' title="bbox 2026 1597 3603 1673">
    <p class='ocr_par' dir='ltr' id='par_1_45' title="bbox 2026 1597 3603 1673">
     <span class='ocr_line' id='line_1_45' title="bbox 2026 1597 3603 1673; baseline 0.003 -22"><span class='ocrx_word' id='word_1_309' title='bbox 2026 1597 2209 1651; x_wconf 82' lang='lat' dir='ltr'><strong>asellis</strong></span> <span class='ocrx_word' id='word_1_310' title='bbox 2229 1609 2474 1652; x_wconf 88' lang='lat' dir='ltr'><strong>mutuum</strong></span> <span class='ocrx_word' id='word_1_311' title='bbox 2495 1599 2741 1654; x_wconf 88' lang='lat' dir='ltr'><strong>scabere.</strong></span> <span class='ocrx_word' id='word_1_312' title='bbox 2760 1599 2909 1656; x_wconf 80' lang='lat' dir='ltr'><strong>lianc</strong></span> <span class='ocrx_word' id='word_1_313' title='bbox 2925 1602 3130 1671; x_wconf 86' lang='lat' dir='ltr'><strong>itaque,</strong></span> <span class='ocrx_word' id='word_1_314' title='bbox 3151 1602 3204 1657; x_wconf 91' lang='lat' dir='ltr'><strong>in</strong></span> <span class='ocrx_word' id='word_1_315' title='bbox 3217 1613 3387 1659; x_wconf 90' lang='lat' dir='ltr'><strong>semet</strong></span> <span class='ocrx_word' id='word_1_316' title='bbox 3412 1604 3564 1673; x_wconf 87' lang='lat' dir='ltr'><strong>inqui</strong></span> <span class='ocrx_word' id='word_1_317' title='bbox 3579 1632 3603 1642; x_wconf 94' lang='lat'><strong>-</strong></span> 
     </span>
    </p>
   </div>
   <div class='ocr_carea' id='block_1_46' title="bbox 2027 1691 3602 1764">
    <p class='ocr_par' dir='ltr' id='par_1_46' title="bbox 2027 1691 3602 1764">
     <span class='ocr_line' id='line_1_46' title="bbox 2027 1691 3602 1764; baseline 0.004 -23"><span class='ocrx_word' id='word_1_318' title='bbox 2027 1698 2232 1752; x_wconf 89' lang='lat' dir='ltr'><strong>rentes,</strong></span> <span class='ocrx_word' id='word_1_319' title='bbox 2253 1704 2472 1743; x_wconf 83' lang='lat' dir='ltr'><strong>causam</strong></span> <span class='ocrx_word' id='word_1_320' title='bbox 2501 1691 2642 1744; x_wconf 91' lang='lat' dir='ltr'><strong>bello</strong></span> <span class='ocrx_word' id='word_1_321' title='bbox 2666 1695 2979 1748; x_wconf 86' lang='lat' dir='ltr'><strong>renovando</strong></span> <span class='ocrx_word' id='word_1_322' title='bbox 3002 1709 3060 1748; x_wconf 85' lang='lat' dir='ltr'><strong>se</strong></span> <span class='ocrx_word' id='word_1_323' title='bbox 3082 1695 3332 1750; x_wconf 81' lang='lat' dir='ltr'><strong>attulisse</strong></span> <span class='ocrx_word' id='word_1_324' title='bbox 3357 1698 3602 1764; x_wconf 85' lang='lat' dir='ltr'><strong>suspica-</strong></span> 
     </span>
    </p>
   </div>
   <div class='ocr_carea' id='block_1_47' title="bbox 2026 1778 3601 1856">
    <p class='ocr_par' dir='ltr' id='par_1_47' title="bbox 2026 1778 3601 1856">
     <span class='ocr_line' id='line_1_47' title="bbox 2026 1778 3601 1856; baseline 0.005 -24"><span class='ocrx_word' id='word_1_325' title='bbox 2026 1778 2264 1842; x_wconf 76' lang='lat' dir='ltr'><strong>bantur,“</strong></span> <span class='ocrx_word' id='word_1_326' title='bbox 2281 1789 2598 1850; x_wconf 84' lang='lat' dir='ltr'><strong>reputantes</strong></span> <span class='ocrx_word' id='word_1_327' title='bbox 2627 1782 2756 1838; x_wconf 86' lang='lat' dir='ltr'><strong>hinc</strong></span> <span class='ocrx_word' id='word_1_328' title='bbox 2778 1783 3052 1838; x_wconf 87' lang='lat' dir='ltr'><strong>irritatum</strong></span> <span class='ocrx_word' id='word_1_329' title='bbox 3083 1801 3334 1855; x_wconf 86' lang='lat' dir='ltr'><strong>magnum</strong></span> <span class='ocrx_word' id='word_1_330' title='bbox 3357 1786 3601 1856; x_wconf 91' lang='lat' dir='ltr'><strong>logothe-</strong></span> 
     </span>
    </p>
   </div>
   <div class='ocr_carea' id='block_1_48' title="bbox 1954 1845 3624 1940">
    <p class='ocr_par' dir='ltr' id='par_1_48' title="bbox 1954 1845 3624 1940">
     <span class='ocr_line' id='line_1_48' title="bbox 1954 1845 3624 1940; baseline 0.005 -17"><span class='ocrx_word' id='word_1_331' title='bbox 1954 1845 1995 1899; x_wconf 76' lang='grc' dir='ltr'><strong><em>Β</em></strong></span> <span class='ocrx_word' id='word_1_332' title='bbox 2027 1877 2159 1932; x_wconf 91' lang='lat' dir='ltr'><strong>tam,</strong></span> <span class='ocrx_word' id='word_1_333' title='bbox 2183 1871 2564 1940; x_wconf 86' lang='lat' dir='ltr'><strong>imperatorem</strong></span> <span class='ocrx_word' id='word_1_334' title='bbox 2591 1872 2658 1926; x_wconf 90' lang='lat' dir='ltr'><strong>ad</strong></span> <span class='ocrx_word' id='word_1_335' title='bbox 2683 1889 2831 1927; x_wconf 89' lang='lat' dir='ltr'><strong>arma</strong></span> <span class='ocrx_word' id='word_1_336' title='bbox 2861 1875 3185 1930; x_wconf 86' lang='lat' dir='ltr'><strong>sollicitasse</strong></span> <span class='ocrx_word' id='word_1_337' title='bbox 3210 1892 3224 1930; x_wconf 90' lang='lat'><strong>:</strong></span> <span class='ocrx_word' id='word_1_338' title='bbox 3255 1877 3392 1929; x_wconf 83' lang='lat' dir='ltr'><strong>nihil</strong></span> <span class='ocrx_word' id='word_1_339' title='bbox 3419 1885 3624 1930; x_wconf 81' lang='lat' dir='ltr'><strong>tamen</strong></span> 
     </span>
    </p>
   </div>
   <div class='ocr_carea' id='block_1_49' title="bbox 2022 1964 3604 2038">
    <p class='ocr_par' dir='ltr' id='par_1_49' title="bbox 2022 1964 3604 2038">
     <span class='ocr_line' id='line_1_49' title="bbox 2022 1964 3604 2038; baseline 0.004 -25"><span class='ocrx_word' id='word_1_340' title='bbox 2022 1970 2231 2015; x_wconf 91' lang='lat' dir='ltr'><strong>certum</strong></span> <span class='ocrx_word' id='word_1_341' title='bbox 2255 1964 2396 2016; x_wconf 88' lang='lat' dir='ltr'><strong>scire</strong></span> <span class='ocrx_word' id='word_1_342' title='bbox 2417 1973 2687 2032; x_wconf 84' lang='lat' dir='ltr'><strong>poterant.</strong></span> <span class='ocrx_word' id='word_1_343' title='bbox 2707 1964 2900 2034; x_wconf 67' lang='lat' dir='ltr'><strong>Operae</strong></span> <span class='ocrx_word' id='word_1_344' title='bbox 2925 1967 3160 2035; x_wconf 87' lang='lat' dir='ltr'><strong>pretium</strong></span> <span class='ocrx_word' id='word_1_345' title='bbox 3181 1977 3264 2023; x_wconf 86' lang='lat' dir='ltr'><strong>est</strong></span> <span class='ocrx_word' id='word_1_346' title='bbox 3286 1982 3452 2038; x_wconf 91' lang='lat' dir='ltr'><strong>porro</strong></span> <span class='ocrx_word' id='word_1_347' title='bbox 3469 1983 3604 2035; x_wconf 87' lang='lat' dir='ltr'><strong>pau-</strong></span> 
     </span>
    </p>
   </div>
   <div class='ocr_carea' id='block_1_50' title="bbox 2021 2054 3603 2131">
    <p class='ocr_par' dir='ltr' id='par_1_50' title="bbox 2021 2054 3603 2131">
     <span class='ocr_line' id='line_1_50' title="bbox 2021 2054 3603 2131; baseline 0.004 -24"><span class='ocrx_word' id='word_1_348' title='bbox 2021 2054 2100 2107; x_wconf 76' lang='lat' dir='ltr'><strong>c’s</strong></span> <span class='ocrx_word' id='word_1_349' title='bbox 2127 2054 2414 2125; x_wconf 83' lang='lat' dir='ltr'><strong>attingere,</strong></span> <span class='ocrx_word' id='word_1_350' title='bbox 2441 2071 2564 2125; x_wconf 71' lang='lat' dir='ltr'><strong>qua:</strong></span> <span class='ocrx_word' id='word_1_351' title='bbox 2593 2057 2855 2114; x_wconf 81' lang='lat' dir='ltr'><strong>beneﬁcia</strong></span> <span class='ocrx_word' id='word_1_352' title='bbox 2873 2059 3061 2128; x_wconf 91' lang='lat' dir='ltr'><strong>junior</strong></span> <span class='ocrx_word' id='word_1_353' title='bbox 3081 2061 3382 2131; x_wconf 88' lang='lat' dir='ltr'><strong>imperator</strong></span> <span class='ocrx_word' id='word_1_354' title='bbox 3403 2060 3458 2114; x_wconf 92' lang='lat' dir='ltr'><strong>in</strong></span> <span class='ocrx_word' id='word_1_355' title='bbox 3488 2061 3603 2114; x_wconf 84' lang='lat' dir='ltr'><strong>An-</strong></span> 
     </span>
    </p>
   </div>
   <div class='ocr_carea' id='block_1_51' title="bbox 2022 2142 3604 2218">
    <p class='ocr_par' dir='ltr' id='par_1_51' title="bbox 2022 2142 3604 2218">
     <span class='ocr_line' id='line_1_51' title="bbox 2022 2142 3604 2218; baseline 0.005 -22"><span class='ocrx_word' id='word_1_356' title='bbox 2022 2142 2310 2198; x_wconf 89' lang='lat' dir='ltr'><strong>dronicum</strong></span> <span class='ocrx_word' id='word_1_357' title='bbox 2345 2145 2710 2216; x_wconf 58' lang='lat' dir='ltr'><strong>Palasologum</strong></span> <span class='ocrx_word' id='word_1_358' title='bbox 2758 2151 3267 2218; x_wconf 82' lang='lat' dir='ltr'><strong>protovestiarium,</strong></span> <span class='ocrx_word' id='word_1_359' title='bbox 3305 2159 3362 2205; x_wconf 91' lang='lat' dir='ltr'><strong>et</strong></span> <span class='ocrx_word' id='word_1_360' title='bbox 3401 2151 3454 2204; x_wconf 90' lang='lat' dir='ltr'><strong>in</strong></span> <span class='ocrx_word' id='word_1_361' title='bbox 3484 2166 3604 2204; x_wconf 85' lang='lat' dir='ltr'><strong>ma-</strong></span> 
     </span>
    </p>
   </div>
   <div class='ocr_carea' id='block_1_52' title="bbox 2021 2229 3601 2312">
    <p class='ocr_par' dir='ltr' id='par_1_52' title="bbox 2021 2229 3601 2312">
     <span class='ocr_line' id='line_1_52' title="bbox 2021 2229 3601 2312; baseline 0.004 -23"><span class='ocrx_word' id='word_1_362' title='bbox 2021 2250 2187 2304; x_wconf 84' lang='lat' dir='ltr'><strong>gnum</strong></span> <span class='ocrx_word' id='word_1_363' title='bbox 2213 2237 2546 2308; x_wconf 87' lang='lat' dir='ltr'><strong>logothetam</strong></span> <span class='ocrx_word' id='word_1_364' title='bbox 2567 2240 2726 2309; x_wconf 87' lang='lat' dir='ltr'><strong>longe</strong></span> <span class='ocrx_word' id='word_1_365' title='bbox 2751 2241 3060 2311; x_wconf 81' lang='lat' dir='ltr'><strong>praecipuos</strong></span> <span class='ocrx_word' id='word_1_366' title='bbox 3090 2243 3256 2312; x_wconf 86' lang='lat' dir='ltr'><strong>huius</strong></span> <span class='ocrx_word' id='word_1_367' title='bbox 3285 2244 3431 2298; x_wconf 91' lang='lat' dir='ltr'><strong>tertii</strong></span> <span class='ocrx_word' id='word_1_368' title='bbox 3471 2229 3601 2299; x_wconf 85' lang='lat' dir='ltr'><strong>belli</strong></span> 
     </span>
    </p>
   </div>
   <div class='ocr_carea' id='block_1_53' title="bbox 2023 2329 3602 2406">
    <p class='ocr_par' dir='ltr' id='par_1_53' title="bbox 2023 2329 3602 2406">
     <span class='ocr_line' id='line_1_53' title="bbox 2023 2329 3602 2406; baseline 0.008 -28"><span class='ocrx_word' id='word_1_369' title='bbox 2023 2335 2280 2404; x_wconf 79' lang='lat' dir='ltr'><strong>auctores</strong></span> <span class='ocrx_word' id='word_1_370' title='bbox 2299 2329 2441 2382; x_wconf 92' lang='lat' dir='ltr'><strong>ultro</strong></span> <span class='ocrx_word' id='word_1_371' title='bbox 2464 2331 2761 2385; x_wconf 88' lang='lat' dir='ltr'><strong>contulerit</strong></span> <span class='ocrx_word' id='word_1_372' title='bbox 2785 2349 2798 2385; x_wconf 94' lang='lat'><strong>:</strong></span> <span class='ocrx_word' id='word_1_373' title='bbox 2825 2342 2884 2386; x_wconf 93' lang='lat' dir='ltr'><strong>ut</strong></span> <span class='ocrx_word' id='word_1_374' title='bbox 2905 2333 2958 2386; x_wconf 91' lang='lat' dir='ltr'><strong>in</strong></span> <span class='ocrx_word' id='word_1_375' title='bbox 2978 2335 3195 2398; x_wconf 72' lang='lat' dir='ltr'><strong>qualem</strong></span> <span class='ocrx_word' id='word_1_376' title='bbox 3221 2339 3602 2406; x_wconf 86' lang='lat' dir='ltr'><strong>quantumque</strong></span> 
     </span>
    </p>
   </div>
   <div class='ocr_carea' id='block_1_54' title="bbox 2021 2416 3604 2498">
    <p class='ocr_par' dir='ltr' id='par_1_54' title="bbox 2021 2416 3604 2498">
     <span class='ocr_line' id='line_1_54' title="bbox 2021 2416 3604 2498; baseline 0.008 -27"><span class='ocrx_word' id='word_1_377' title='bbox 2021 2416 2164 2473; x_wconf 89' lang='lat' dir='ltr'><strong>bene</strong></span> <span class='ocrx_word' id='word_1_378' title='bbox 2188 2429 2486 2475; x_wconf 89' lang='lat' dir='ltr'><strong>merentem</strong></span> <span class='ocrx_word' id='word_1_379' title='bbox 2511 2417 2708 2492; x_wconf 52' lang='lat' dir='ltr'><strong>ingra’ti</strong></span> <span class='ocrx_word' id='word_1_380' title='bbox 2725 2425 3054 2490; x_wconf 80' lang='lat' dir='ltr'><strong>exstiterint,</strong></span> <span class='ocrx_word' id='word_1_381' title='bbox 3077 2440 3409 2497; x_wconf 78' lang='lat' dir='ltr'><strong>cognoscere</strong></span> <span class='ocrx_word' id='word_1_382' title='bbox 3429 2430 3604 2498; x_wconf 85' lang='lat' dir='ltr'><strong>possi-</strong></span> 
     </span>
    </p>
   </div>
   <div class='ocr_carea' id='block_1_55' title="bbox 2025 2509 3598 2586">
    <p class='ocr_par' dir='ltr' id='par_1_55' title="bbox 2025 2509 3598 2586">
     <span class='ocr_line' id='line_1_55' title="bbox 2025 2509 3598 2586; baseline 0.008 -24"><span class='ocrx_word' id='word_1_383' title='bbox 2025 2523 2168 2563; x_wconf 79' lang='lat' dir='ltr'><strong>mus.</strong></span> <span class='ocrx_word' id='word_1_384' title='bbox 2201 2509 2658 2586; x_wconf 87' lang='lat' dir='ltr'><strong>Protovestiarius</strong></span> <span class='ocrx_word' id='word_1_385' title='bbox 2680 2522 2908 2569; x_wconf 89' lang='lat' dir='ltr'><strong>matrem</strong></span> <span class='ocrx_word' id='word_1_386' title='bbox 2934 2517 3126 2572; x_wconf 92' lang='lat' dir='ltr'><strong>habuit</strong></span> <span class='ocrx_word' id='word_1_387' title='bbox 3152 2519 3389 2586; x_wconf 83' lang='lat' dir='ltr'><strong>Annam,</strong></span> <span class='ocrx_word' id='word_1_388' title='bbox 3441 2536 3598 2576; x_wconf 84' lang='lat' dir='ltr'><strong>soro-</strong></span> 
     </span>
    </p>
   </div>
   <div class='ocr_carea' id='block_1_56' title="bbox 2025 2602 3601 2676">
    <p class='ocr_par' dir='ltr' id='par_1_56' title="bbox 2025 2602 3601 2676">
     <span class='ocr_line' id='line_1_56' title="bbox 2025 2602 3601 2676; baseline 0.008 -22"><span class='ocrx_word' id='word_1_389' title='bbox 2025 2615 2140 2655; x_wconf 89' lang='lat' dir='ltr'><strong>rem</strong></span> <span class='ocrx_word' id='word_1_390' title='bbox 2170 2602 2467 2658; x_wconf 87' lang='lat' dir='ltr'><strong>Andronici</strong></span> <span class='ocrx_word' id='word_1_391' title='bbox 2505 2606 2761 2671; x_wconf 74' lang='lat' dir='ltr'><strong>senioris,</strong></span> <span class='ocrx_word' id='word_1_392' title='bbox 2783 2622 2904 2676; x_wconf 63' lang='lat' dir='ltr'><strong>quae</strong></span> <span class='ocrx_word' id='word_1_393' title='bbox 2933 2609 3187 2664; x_wconf 79' lang='lat' dir='ltr'><strong>Michaeli</strong></span> <span class='ocrx_word' id='word_1_394' title='bbox 3213 2611 3368 2676; x_wconf 86' lang='lat' dir='ltr'><strong>duci,</strong></span> <span class='ocrx_word' id='word_1_395' title='bbox 3406 2615 3498 2666; x_wconf 91' lang='lat' dir='ltr'><strong>uui</strong></span> <span class='ocrx_word' id='word_1_396' title='bbox 3532 2628 3601 2667; x_wconf 81' lang='lat' dir='ltr'><strong>ex</strong></span> 
     </span>
    </p>
   </div>
   <div class='ocr_carea' id='block_1_57' title="bbox 2023 2692 3597 2773">
    <p class='ocr_par' dir='ltr' id='par_1_57' title="bbox 2023 2692 3597 2773">
     <span class='ocr_line' id='line_1_57' title="bbox 2023 2692 3597 2773; baseline 0.009 -28"><span class='ocrx_word' id='word_1_397' title='bbox 2023 2692 2366 2762; x_wconf 87' lang='lat' dir='ltr'><strong>principibus</strong></span> <span class='ocrx_word' id='word_1_398' title='bbox 2389 2697 2560 2751; x_wconf 69' lang='lat' dir='ltr'><strong>Patrae</strong></span> <span class='ocrx_word' id='word_1_399' title='bbox 2589 2707 2644 2752; x_wconf 89' lang='lat' dir='ltr'><strong>et</strong></span> <span class='ocrx_word' id='word_1_400' title='bbox 2668 2696 2963 2754; x_wconf 67' lang='lat' dir='ltr'><strong>Thessaliae</strong></span> <span class='ocrx_word' id='word_1_401' title='bbox 2987 2702 3352 2773; x_wconf 67' lang='lat' dir='ltr'><strong>circumiectae</strong></span> <span class='ocrx_word' id='word_1_402' title='bbox 3378 2705 3597 2773; x_wconf 87' lang='lat' dir='ltr'><strong>nupsit;</strong></span> 
     </span>
    </p>
   </div>
   <div class='ocr_carea' id='block_1_58' title="bbox 2023 2786 3600 2865">
    <p class='ocr_par' dir='ltr' id='par_1_58' title="bbox 2023 2786 3600 2865">
     <span class='ocr_line' id='line_1_58' title="bbox 2023 2786 3600 2865; baseline 0.007 -26"><span class='ocrx_word' id='word_1_403' title='bbox 2023 2786 2117 2856; x_wconf 88' lang='lat' dir='ltr'><strong>qui</strong></span> <span class='ocrx_word' id='word_1_404' title='bbox 2152 2789 2338 2842; x_wconf 80' lang='lat' dir='ltr'><strong>nescio</strong></span> <span class='ocrx_word' id='word_1_405' title='bbox 2378 2788 2448 2842; x_wconf 94' lang='lat' dir='ltr'><strong>ob</strong></span> <span class='ocrx_word' id='word_1_406' title='bbox 2479 2804 2638 2857; x_wconf 89' lang='lat' dir='ltr'><strong>quam</strong></span> <span class='ocrx_word' id='word_1_407' title='bbox 2683 2794 3118 2848; x_wconf 84' lang='lat' dir='ltr'><strong>controversiam</strong></span> <span class='ocrx_word' id='word_1_408' title='bbox 3163 2811 3418 2865; x_wconf 80' lang='lat' dir='ltr'><strong>magnum</strong></span> <span class='ocrx_word' id='word_1_409' title='bbox 3452 2797 3600 2865; x_wconf 82' lang='lat' dir='ltr'><strong>logo-</strong></span> 
     </span>
    </p>
   </div>
   <div class='ocr_carea' id='block_1_59' title="bbox 2025 2881 3597 2955">
    <p class='ocr_par' dir='ltr' id='par_1_59' title="bbox 2025 2881 3597 2955">
     <span class='ocr_line' id='line_1_59' title="bbox 2025 2881 3597 2955; baseline 0.006 -23"><span class='ocrx_word' id='word_1_410' title='bbox 2025 2881 2226 2934; x_wconf 84' lang='lat' dir='ltr'><strong>thetam</strong></span> <span class='ocrx_word' id='word_1_411' title='bbox 2250 2895 2466 2944; x_wconf 83' lang='lat' dir='ltr'><strong>exosus,</strong></span> <span class='ocrx_word' id='word_1_412' title='bbox 2514 2882 2654 2950; x_wconf 86' lang='lat' dir='ltr'><strong>apud</strong></span> <span class='ocrx_word' id='word_1_413' title='bbox 2701 2883 3090 2952; x_wconf 86' lang='lat' dir='ltr'><strong>imperatorem</strong></span> <span class='ocrx_word' id='word_1_414' title='bbox 3119 2886 3394 2955; x_wconf 82' lang='lat' dir='ltr'><strong>iuniorem</strong></span> <span class='ocrx_word' id='word_1_415' title='bbox 3429 2890 3597 2942; x_wconf 89' lang='lat' dir='ltr'><strong>multa</strong></span> 
     </span>
    </p>
   </div>
   <div class='ocr_carea' id='block_1_60' title="bbox 2024 2970 3598 3041">
    <p class='ocr_par' dir='ltr' id='par_1_60' title="bbox 2024 2970 3598 3041">
     <span class='ocr_line' id='line_1_60' title="bbox 2024 2970 3598 3041; baseline 0.006 -17"><span class='ocrx_word' id='word_1_416' title='bbox 2024 2970 2288 3025; x_wconf 80' lang='lat' dir='ltr'><strong>adversus</strong></span> <span class='ocrx_word' id='word_1_417' title='bbox 2333 2971 2488 3025; x_wconf 91' lang='lat' dir='ltr'><strong>illum</strong></span> <span class='ocrx_word' id='word_1_418' title='bbox 2530 2973 2812 3029; x_wconf 83' lang='lat' dir='ltr'><strong>confusius</strong></span> <span class='ocrx_word' id='word_1_419' title='bbox 2853 2975 3047 3030; x_wconf 80' lang='lat' dir='ltr'><strong>ell‘udit</strong></span> <span class='ocrx_word' id='word_1_420' title='bbox 3077 3018 3090 3041; x_wconf 87' lang='lat'><strong>,</strong></span> <span class='ocrx_word' id='word_1_421' title='bbox 3132 2992 3257 3032; x_wconf 92' lang='lat' dir='ltr'><strong>cum</strong></span> <span class='ocrx_word' id='word_1_422' title='bbox 3301 2979 3405 3032; x_wconf 90' lang='lat' dir='ltr'><strong>hac</strong></span> <span class='ocrx_word' id='word_1_423' title='bbox 3447 2981 3598 3034; x_wconf 69' lang='lat' dir='ltr'><strong>clau~</strong></span> 
     </span>
    </p>
   </div>
   <div class='ocr_carea' id='block_1_61' title="bbox 2023 3064 3595 3141">
    <p class='ocr_par' dir='ltr' id='par_1_61' title="bbox 2023 3064 3595 3141">
     <span class='ocr_line' id='line_1_61' title="bbox 2023 3064 3595 3141; baseline 0.004 -24"><span class='ocrx_word' id='word_1_424' title='bbox 2023 3064 2161 3124; x_wconf 86' lang='lat' dir='ltr'><strong>sula,</strong></span> <span class='ocrx_word' id='word_1_425' title='bbox 2197 3077 2255 3117; x_wconf 87' lang='lat' dir='ltr'><strong>se</strong></span> <span class='ocrx_word' id='word_1_426' title='bbox 2279 3065 2388 3130; x_wconf 88' lang='lat' dir='ltr'><strong>iam</strong></span> <span class='ocrx_word' id='word_1_427' title='bbox 2423 3065 2539 3134; x_wconf 70' lang='lat' dir='ltr'><strong>eius</strong></span> <span class='ocrx_word' id='word_1_428' title='bbox 2569 3065 2698 3120; x_wconf 92' lang='lat' dir='ltr'><strong>odlo</strong></span> <span class='ocrx_word' id='word_1_429' title='bbox 2724 3066 2956 3131; x_wconf 78' lang='lat' dir='ltr'><strong>fessum,</strong></span> <span class='ocrx_word' id='word_1_430' title='bbox 2997 3068 3135 3123; x_wconf 88' lang='lat' dir='ltr'><strong>velle</strong></span> <span class='ocrx_word' id='word_1_431' title='bbox 3172 3069 3450 3124; x_wconf 78' lang='lat' dir='ltr'><strong>hominem</strong></span> <span class='ocrx_word' id='word_1_432' title='bbox 3483 3073 3595 3141; x_wconf 88' lang='lat' dir='ltr'><strong>pla-</strong></span> 
     </span>
    </p>
   </div>
   <div class='ocr_carea' id='block_1_62' title="bbox 347 3149 1921 3232">
    <p class='ocr_par' dir='ltr' id='par_1_62' title="bbox 347 3159 1918 3232">
     <span class='ocr_line' id='line_1_62' title="bbox 347 3159 1918 3232; baseline 0 -20"><span class='ocrx_word' id='word_1_433' title='bbox 347 3163 442 3214; x_wconf 78' lang='grc' dir='ltr'>τὸν</span> <span class='ocrx_word' id='word_1_434' title='bbox 491 3160 688 3232; x_wconf 74' lang='grc' dir='ltr'>μέγαν,</span> <span class='ocrx_word' id='word_1_435' title='bbox 725 3162 820 3212; x_wconf 72' lang='grc' dir='ltr'>καὶ</span> <span class='ocrx_word' id='word_1_436' title='bbox 859 3160 996 3229; x_wconf 80' lang='grc' dir='ltr'>πρὸς</span> <span class='ocrx_word' id='word_1_437' title='bbox 1044 3161 1136 3215; x_wconf 82' lang='grc' dir='ltr'>τὸν</span> <span class='ocrx_word' id='word_1_438' title='bbox 1179 3159 1672 3230; x_wconf 80' lang='grc' dir='ltr'>πρωτοσεστιάριον</span> <span class='ocrx_word' id='word_1_439' title='bbox 1711 3159 1918 3229; x_wconf 85' lang='grc' dir='ltr'>Ἀνδρό-</span> 
     </span>
    </p>
   </div>
   <div class='ocr_carea' id='block_1_63' title="bbox 2023 3149 3595 3232">
    <p class='ocr_par' dir='ltr' id='par_1_63' title="bbox 2023 3149 3595 3227">
     <span class='ocr_line' id='line_1_63' title="bbox 2023 3149 3595 3227; baseline 0.011 -28"><span class='ocrx_word' id='word_1_440' title='bbox 2023 3149 2104 3218; x_wconf 85' lang='lat' dir='ltr'><strong>gis</strong></span> <span class='ocrx_word' id='word_1_441' title='bbox 2152 3150 2337 3204; x_wconf 88' lang='lat' dir='ltr'><strong>multis</strong></span> <span class='ocrx_word' id='word_1_442' title='bbox 2367 3153 2674 3218; x_wconf 87' lang='lat' dir='ltr'><strong>concidere,</strong></span> <span class='ocrx_word' id='word_1_443' title='bbox 2705 3155 2922 3209; x_wconf 87' lang='lat' dir='ltr'><strong>etiamsi</strong></span> <span class='ocrx_word' id='word_1_444' title='bbox 2971 3157 3122 3226; x_wconf 77' lang='lat'><strong>131</strong></span> <span class='ocrx_word' id='word_1_445' title='bbox 3159 3170 3448 3227; x_wconf 86' lang='lat' dir='ltr'><strong>propterea</strong></span> <span class='ocrx_word' id='word_1_446' title='bbox 3491 3163 3595 3216; x_wconf 79' lang='lat' dir='ltr'><strong>sibi</strong></span> 
     </span>
    </p>
   </div>
   <div class='ocr_carea' id='block_1_64' title="bbox 348 3245 1919 3316">
    <p class='ocr_par' dir='ltr' id='par_1_64' title="bbox 348 3245 1919 3316">
     <span class='ocr_line' id='line_1_64' title="bbox 348 3245 1919 3316; baseline -0.003 -14"><span class='ocrx_word' id='word_1_447' title='bbox 348 3266 502 3302; x_wconf 86' lang='grc' dir='ltr'>νικον</span> <span class='ocrx_word' id='word_1_448' title='bbox 561 3248 652 3302; x_wconf 85' lang='grc' dir='ltr'><strong>τδν</strong></span> <span class='ocrx_word' id='word_1_449' title='bbox 712 3247 1078 3315; x_wconf 82' lang='grc' dir='ltr'>Παλαιολόγον</span> <span class='ocrx_word' id='word_1_450' title='bbox 1136 3249 1260 3311; x_wconf 82' lang='grc' dir='ltr'>τοὺς</span> <span class='ocrx_word' id='word_1_451' title='bbox 1315 3246 1411 3300; x_wconf 80' lang='grc' dir='ltr'><strong>τοῦ</strong></span> <span class='ocrx_word' id='word_1_452' title='bbox 1469 3248 1654 3316; x_wconf 87' lang='grc' dir='ltr'>τρίτου</span> <span class='ocrx_word' id='word_1_453' title='bbox 1706 3245 1919 3300; x_wconf 69' lang='grc' dir='ltr'>τουτουί</span> 
     </span>
    </p>
   </div>
   <div class='ocr_carea' id='block_1_65' title="bbox 348 3337 1919 3410">
    <p class='ocr_par' dir='ltr' id='par_1_65' title="bbox 348 3337 1919 3410">
     <span class='ocr_line' id='line_1_65' title="bbox 348 3337 1919 3410; baseline -0.001 -18"><span class='ocrx_word' id='word_1_454' title='bbox 348 3341 594 3410; x_wconf 83' lang='grc' dir='ltr'>πολέμου</span> <span class='ocrx_word' id='word_1_455' title='bbox 648 3339 888 3408; x_wconf 85' lang='grc' dir='ltr'>μάλιστα</span> <span class='ocrx_word' id='word_1_456' title='bbox 917 3339 1275 3402; x_wconf 77' lang='grc' dir='ltr'>αἰτιωτάτους</span> <span class='ocrx_word' id='word_1_457' title='bbox 1323 3339 1724 3407; x_wconf 80' lang='grc' dir='ltr'>γεγενημένους</span> <span class='ocrx_word' id='word_1_458' title='bbox 1759 3337 1919 3406; x_wconf 79' lang='grc' dir='ltr'>βασι-</span> 
     </span>
    </p>
   </div>
   <div class='ocr_carea' id='block_1_66' title="bbox 346 3429 1920 3501">
    <p class='ocr_par' dir='ltr' id='par_1_66' title="bbox 346 3429 1920 3501">
     <span class='ocr_line' id='line_1_66' title="bbox 346 3429 1920 3501; baseline -0.001 -20"><span class='ocrx_word' id='word_1_459' title='bbox 346 3430 474 3492; x_wconf 86' lang='grc' dir='ltr'>λεὺς</span> <span class='ocrx_word' id='word_1_460' title='bbox 521 3429 552 3482; x_wconf 81' lang='grc' dir='ltr'><strong><em>ὁ</em></strong></span> <span class='ocrx_word' id='word_1_461' title='bbox 604 3431 720 3493; x_wconf 86' lang='grc' dir='ltr'>νέος</span> <span class='ocrx_word' id='word_1_462' title='bbox 776 3429 1006 3499; x_wconf 78' lang='grc' dir='ltr'>ὑπῆρξε,</span> <span class='ocrx_word' id='word_1_463' title='bbox 1031 3429 1397 3500; x_wconf 75' lang='grc' dir='ltr'>διηγήσασθαι</span> <span class='ocrx_word' id='word_1_464' title='bbox 1437 3430 1524 3482; x_wconf 83' lang='grc' dir='ltr'>διὰ</span> <span class='ocrx_word' id='word_1_465' title='bbox 1553 3429 1820 3501; x_wconf 78' lang='grc' dir='ltr'>βραχέων,</span> <span class='ocrx_word' id='word_1_466' title='bbox 1844 3429 1920 3492; x_wconf 81' lang='grc' dir='ltr'>ὡς</span> 
     </span>
    </p>
   </div>
   <div class='ocr_carea' id='block_1_67' title="bbox 344 3517 1919 3592">
    <p class='ocr_par' dir='ltr' id='par_1_67' title="bbox 344 3517 1919 3592">
     <span class='ocr_line' id='line_1_67' title="bbox 344 3517 1919 3592; baseline -0.003 -13"><span class='ocrx_word' id='word_1_467' title='bbox 344 3524 412 3579; x_wconf 74' lang='grc' dir='ltr'>ἂν</span> <span class='ocrx_word' id='word_1_468' title='bbox 447 3521 590 3592; x_wconf 75' lang='grc' dir='ltr'>πρὸς</span> <span class='ocrx_word' id='word_1_469' title='bbox 625 3517 738 3575; x_wconf 75' lang='grc' dir='ltr'>οἷον</span> <span class='ocrx_word' id='word_1_470' title='bbox 787 3523 1142 3592; x_wconf 62' lang='grc' dir='ltr'>ἡγνωμόνουν</span> <span class='ocrx_word' id='word_1_471' title='bbox 1181 3521 1459 3591; x_wconf 86' lang='grc' dir='ltr'>είδείημεν</span> <span class='ocrx_word' id='word_1_472' title='bbox 1505 3522 1822 3592; x_wconf 83' lang='grc' dir='ltr'>εὐεργέτην.</span> <span class='ocrx_word' id='word_1_473' title='bbox 1859 3521 1919 3574; x_wconf 86' lang='grc' dir='ltr'><strong>Ὀ</strong></span> 
     </span>
    </p>
   </div>
   <div class='ocr_carea' id='block_1_68' title="bbox 344 3611 1919 3684">
    <p class='ocr_par' dir='ltr' id='par_1_68' title="bbox 344 3611 1919 3684">
     <span class='ocr_line' id='line_1_68' title="bbox 344 3611 1919 3684; baseline -0.002 -17"><span class='ocrx_word' id='word_1_474' title='bbox 344 3617 458 3684; x_wconf 71' lang='grc' dir='ltr'>γὰρ</span> <span class='ocrx_word' id='word_1_475' title='bbox 505 3612 1012 3684; x_wconf 80' lang='grc' dir='ltr'>πρωτοσεστιάριος</span> <span class='ocrx_word' id='word_1_476' title='bbox 1063 3613 1249 3665; x_wconf 76' lang='grc' dir='ltr'>οὑτοσὶ</span> <span class='ocrx_word' id='word_1_477' title='bbox 1286 3612 1654 3680; x_wconf 80' lang='grc' dir='ltr'>Παλαιολόγος</span> <span class='ocrx_word' id='word_1_478' title='bbox 1697 3611 1919 3682; x_wconf 79' lang='grc' dir='ltr'>Ἀνδρόο</span> 
     </span>
    </p>
   </div>
   <div class='ocr_carea' id='block_1_69' title="bbox 341 3700 1916 3771">
    <p class='ocr_par' dir='ltr' id='par_1_69' title="bbox 341 3700 1916 3771">
     <span class='ocr_line' id='line_1_69' title="bbox 341 3700 1916 3771; baseline -0.003 -15"><span class='ocrx_word' id='word_1_479' title='bbox 341 3719 525 3766; x_wconf 84' lang='grc' dir='ltr'>νικος,</span> <span class='ocrx_word' id='word_1_480' title='bbox 557 3701 655 3769; x_wconf 86' lang='grc' dir='ltr'>τῆς</span> <span class='ocrx_word' id='word_1_481' title='bbox 708 3701 803 3754; x_wconf 84' lang='grc' dir='ltr'>τοῦ</span> <span class='ocrx_word' id='word_1_482' title='bbox 861 3701 1236 3771; x_wconf 76' lang='grc' dir='ltr'>πρεσϐυτέρου</span> <span class='ocrx_word' id='word_1_483' title='bbox 1277 3701 1541 3770; x_wconf 81' lang='grc' dir='ltr'>βασιλέως</span> <span class='ocrx_word' id='word_1_484' title='bbox 1575 3700 1916 3769; x_wconf 82' lang='grc' dir='ltr'>’Δνδρονίκου</span> 
     </span>
    </p>
   </div>
   <div class='ocr_carea' id='block_1_70' title="bbox 344 3792 1918 3864">
    <p class='ocr_par' dir='ltr' id='par_1_70' title="bbox 344 3792 1918 3864">
     <span class='ocr_line' id='line_1_70' title="bbox 344 3792 1918 3864; baseline -0.001 -17"><span class='ocrx_word' id='word_1_485' title='bbox 344 3799 478 3858; x_wconf 78' lang='grc' dir='ltr'>παῖς</span> <span class='ocrx_word' id='word_1_486' title='bbox 515 3794 592 3847; x_wconf 84' lang='grc' dir='ltr'>ὣν</span> <span class='ocrx_word' id='word_1_487' title='bbox 624 3793 858 3863; x_wconf 78' lang='grc' dir='ltr'>ἀδελφῆς</span> <span class='ocrx_word' id='word_1_488' title='bbox 889 3793 988 3861; x_wconf 76' lang='grc' dir='ltr'>τῆς</span> <span class='ocrx_word' id='word_1_489' title='bbox 1023 3794 1300 3864; x_wconf 76' lang='grc' dir='ltr'>’Ᾱννης,ἢ</span> <span class='ocrx_word' id='word_1_490' title='bbox 1328 3792 1561 3864; x_wconf 83' lang='grc' dir='ltr'>συνῴκει</span> <span class='ocrx_word' id='word_1_491' title='bbox 1591 3793 1810 3864; x_wconf 67' lang='grc' dir='ltr'>Μιχαὴλ</span> <span class='ocrx_word' id='word_1_492' title='bbox 1841 3792 1918 3862; x_wconf 84' lang='grc' dir='ltr'>τῷ</span> 
     </span>
    </p>
   </div>
   <div class='ocr_carea' id='block_1_71' title="bbox 342 3884 1920 3955">
    <p class='ocr_par' dir='ltr' id='par_1_71' title="bbox 342 3884 1920 3955">
     <span class='ocr_line' id='line_1_71' title="bbox 342 3884 1920 3955; baseline -0.004 -15"><span class='ocrx_word' id='word_1_493' title='bbox 342 3889 504 3941; x_wconf 49' lang='lat' dir='ltr'><strong>ﬁgunt</strong></span> <span class='ocrx_word' id='word_1_494' title='bbox 538 3886 647 3939; x_wconf 86' lang='grc' dir='ltr'><strong>τῶν</strong></span> <span class='ocrx_word' id='word_1_495' title='bbox 675 3887 892 3954; x_wconf 74' lang='grc' dir='ltr'>Πάτρας</span> <span class='ocrx_word' id='word_1_496' title='bbox 922 3884 1202 3955; x_wconf 80' lang='grc' dir='ltr'>ἀρχόντων</span> <span class='ocrx_word' id='word_1_497' title='bbox 1235 3886 1317 3936; x_wconf 80' lang='grc' dir='ltr'><strong>ἐνὶ</strong></span> <span class='ocrx_word' id='word_1_498' title='bbox 1341 3887 1434 3937; x_wconf 83' lang='grc' dir='ltr'>καὶ</span> <span class='ocrx_word' id='word_1_499' title='bbox 1473 3884 1572 3954; x_wconf 83' lang='grc' dir='ltr'>τῆς</span> <span class='ocrx_word' id='word_1_500' title='bbox 1601 3884 1719 3937; x_wconf 85' lang='grc' dir='ltr'>κατ’</span> <span class='ocrx_word' id='word_1_501' title='bbox 1747 3884 1920 3954; x_wconf 78' lang='grc' dir='ltr'>αὐτὴν</span> 
     </span>
    </p>
   </div>
   <div class='ocr_carea' id='block_1_72' title="bbox 342 3975 1922 4046">
    <p class='ocr_par' dir='ltr' id='par_1_72' title="bbox 342 3975 1922 4046">
     <span class='ocr_line' id='line_1_72' title="bbox 342 3975 1922 4046; baseline -0.001 -14"><span class='ocrx_word' id='word_1_502' title='bbox 342 3979 682 4042; x_wconf 79' lang='grc' dir='ltr'>Θεσσαλίας,</span> <span class='ocrx_word' id='word_1_503' title='bbox 745 3977 808 4030; x_wconf 77' lang='grc' dir='ltr'>εκ</span> <span class='ocrx_word' id='word_1_504' title='bbox 868 3993 1011 4037; x_wconf 83' lang='grc' dir='ltr'>τινος</span> <span class='ocrx_word' id='word_1_505' title='bbox 1071 3976 1336 4046; x_wconf 81' lang='grc' dir='ltr'>διαφορᾶς</span> <span class='ocrx_word' id='word_1_506' title='bbox 1406 3978 1544 4046; x_wconf 81' lang='grc' dir='ltr'>πρὸς</span> <span class='ocrx_word' id='word_1_507' title='bbox 1596 3975 1687 4029; x_wconf 80' lang='grc' dir='ltr'>τὸν</span> <span class='ocrx_word' id='word_1_508' title='bbox 1745 3976 1922 4046; x_wconf 85' lang='grc' dir='ltr'>μέγαν</span> 
     </span>
    </p>
   </div>
   <div class='ocr_carea' id='block_1_73' title="bbox 342 4068 1920 4140">
    <p class='ocr_par' dir='ltr' id='par_1_73' title="bbox 342 4068 1920 4140">
     <span class='ocr_line' id='line_1_73' title="bbox 342 4068 1920 4140; baseline -0.004 -16"><span class='ocrx_word' id='word_1_509' title='bbox 342 4071 647 4140; x_wconf 79' lang='grc' dir='ltr'>λογοοέτην</span> <span class='ocrx_word' id='word_1_510' title='bbox 717 4069 974 4140; x_wconf 81' lang='grc' dir='ltr'>ἀπεχθῶς</span> <span class='ocrx_word' id='word_1_511' title='bbox 1048 4069 1341 4134; x_wconf 66' lang='grc' dir='ltr'>διατεθεὶς,</span> <span class='ocrx_word' id='word_1_512' title='bbox 1408 4068 1547 4138; x_wconf 77' lang='grc' dir='ltr'>πρὸς</span> <span class='ocrx_word' id='word_1_513' title='bbox 1628 4068 1720 4129; x_wconf 73' lang='grc' dir='ltr'>τὸν</span> <span class='ocrx_word' id='word_1_514' title='bbox 1799 4068 1920 4119; x_wconf 82' lang='grc' dir='ltr'>νέον</span> 
     </span>
    </p>
   </div>
   <div class='ocr_carea' id='block_1_74' title="bbox 344 4158 1920 4233">
    <p class='ocr_par' dir='ltr' id='par_1_74' title="bbox 344 4158 1920 4233">
     <span class='ocr_line' id='line_1_74' title="bbox 344 4158 1920 4233; baseline -0.004 -17"><span class='ocrx_word' id='word_1_515' title='bbox 344 4163 582 4233; x_wconf 80' lang='grc' dir='ltr'>βασ.λέα</span> <span class='ocrx_word' id='word_1_516' title='bbox 644 4161 836 4226; x_wconf 77' lang='grc' dir='ltr'>ἐλθὼν,</span> <span class='ocrx_word' id='word_1_517' title='bbox 892 4160 1063 4214; x_wconf 80' lang='grc' dir='ltr'>πολλά</span> <span class='ocrx_word' id='word_1_518' title='bbox 1127 4178 1187 4213; x_wconf 90' lang='grc' dir='ltr'><strong>τε</strong></span> <span class='ocrx_word' id='word_1_519' title='bbox 1267 4163 1362 4213; x_wconf 82' lang='grc' dir='ltr'>καὶ</span> <span class='ocrx_word' id='word_1_520' title='bbox 1422 4160 1644 4228; x_wconf 81' lang='grc' dir='ltr'>ἄκοσμα</span> <span class='ocrx_word' id='word_1_521' title='bbox 1722 4158 1920 4228; x_wconf 70' lang='grc' dir='ltr'>διεξῄει</span> 
     </span>
    </p>
   </div>
   <div class='ocr_carea' id='block_1_75' title="bbox 341 4247 1916 4319">
    <p class='ocr_par' dir='ltr' id='par_1_75' title="bbox 341 4247 1916 4319">
     <span class='ocr_line' id='line_1_75' title="bbox 341 4247 1916 4319; baseline -0.004 -15"><span class='ocrx_word' id='word_1_522' title='bbox 341 4251 468 4304; x_wconf 78' lang='grc' dir='ltr'>κατ’</span> <span class='ocrx_word' id='word_1_523' title='bbox 535 4249 723 4315; x_wconf 78' lang='grc' dir='ltr'>αὐτοῦ,</span> <span class='ocrx_word' id='word_1_524' title='bbox 790 4251 881 4302; x_wconf 82' lang='grc' dir='ltr'>καὶ</span> <span class='ocrx_word' id='word_1_525' title='bbox 936 4249 1241 4303; x_wconf 84' lang='grc' dir='ltr'>τελευταῖον</span> <span class='ocrx_word' id='word_1_526' title='bbox 1296 4249 1630 4319; x_wconf 84' lang='grc' dir='ltr'>προσετίθει,</span> <span class='ocrx_word' id='word_1_527' title='bbox 1681 4247 1757 4310; x_wconf 84' lang='grc' dir='ltr'><strong>ὡς</strong></span> <span class='ocrx_word' id='word_1_528' title='bbox 1816 4248 1916 4318; x_wconf 71' lang='grc' dir='ltr'>ἠδη</span> 
     </span>
    </p>
   </div>
   <div class='ocr_carea' id='block_1_76' title="bbox 344 4339 1919 4415">
    <p class='ocr_par' dir='ltr' id='par_1_76' title="bbox 344 4339 1919 4415">
     <span class='ocr_line' id='line_1_76' title="bbox 344 4339 1919 4415; baseline -0.002 -19"><span class='ocrx_word' id='word_1_529' title='bbox 344 4345 487 4414; x_wconf 83' lang='grc' dir='ltr'>πρὸς</span> <span class='ocrx_word' id='word_1_530' title='bbox 546 4343 645 4415; x_wconf 73' lang='grc' dir='ltr'>τὴν</span> <span class='ocrx_word' id='word_1_531' title='bbox 695 4342 829 4411; x_wconf 84' lang='grc' dir='ltr'>πρὸς</span> <span class='ocrx_word' id='word_1_532' title='bbox 866 4342 1028 4395; x_wconf 79' lang='grc' dir='ltr'>αὑτὸν</span> <span class='ocrx_word' id='word_1_533' title='bbox 1071 4342 1370 4413; x_wconf 82' lang='grc' dir='ltr'>ἀπέχθειαν</span> <span class='ocrx_word' id='word_1_534' title='bbox 1418 4340 1756 4410; x_wconf 83' lang='grc' dir='ltr'>ἀπειρηκὼς,</span> <span class='ocrx_word' id='word_1_535' title='bbox 1793 4339 1919 4410; x_wconf 86' lang='grc' dir='ltr'>βού-</span> 
     </span>
    </p>
   </div>
   <div class='ocr_carea' id='block_1_77' title="bbox 342 4433 1916 4501">
    <p class='ocr_par' dir='ltr' id='par_1_77' title="bbox 342 4433 1916 4501">
     <span class='ocr_line' id='line_1_77' title="bbox 342 4433 1916 4501; baseline -0.004 -11"><span class='ocrx_word' id='word_1_536' title='bbox 342 4439 476 4492; x_wconf 88' lang='grc' dir='ltr'>λοιτ’</span> <span class='ocrx_word' id='word_1_537' title='bbox 533 4437 601 4491; x_wconf 82' lang='grc' dir='ltr'>ἂν</span> <span class='ocrx_word' id='word_1_538' title='bbox 642 4437 805 4489; x_wconf 86' lang='grc' dir='ltr'>αὐτὸν</span> <span class='ocrx_word' id='word_1_539' title='bbox 858 4435 1188 4500; x_wconf 79' lang='grc' dir='ltr'>συγκόπτειν</span> <span class='ocrx_word' id='word_1_540' title='bbox 1237 4434 1460 4496; x_wconf 81' lang='grc' dir='ltr'>πολλαῖς</span> <span class='ocrx_word' id='word_1_541' title='bbox 1492 4435 1612 4497; x_wconf 85' lang='grc' dir='ltr'>ταῖς</span> <span class='ocrx_word' id='word_1_542' title='bbox 1662 4433 1916 4501; x_wconf 79' lang='grc' dir='ltr'>πληγαῖς,</span> 
     </span>
    </p>
   </div>
   <div class='ocr_carea' id='block_1_78' title="bbox 344 4523 1921 4608">
    <p class='ocr_par' dir='ltr' id='par_1_78' title="bbox 344 4523 1921 4608">
     <span class='ocr_line' id='line_1_78' title="bbox 344 4523 1921 4608; baseline -0.004 -28"><span class='ocrx_word' id='word_1_543' title='bbox 344 4529 451 4580; x_wconf 79' lang='grc' dir='ltr'>κᾶν</span> <span class='ocrx_word' id='word_1_544' title='bbox 517 4528 618 4598; x_wconf 78' lang='grc' dir='ltr'>δέῃ</span> <span class='ocrx_word' id='word_1_545' title='bbox 660 4527 748 4578; x_wconf 80' lang='grc' dir='ltr'>διὰ</span> <span class='ocrx_word' id='word_1_546' title='bbox 810 4525 968 4578; x_wconf 80' lang='grc' dir='ltr'>τοῦτο</span> <span class='ocrx_word' id='word_1_547' title='bbox 1005 4526 1102 4578; x_wconf 73' lang='grc' dir='ltr'>καὶ</span> <span class='ocrx_word' id='word_1_548' title='bbox 1151 4527 1541 4596; x_wconf 84' lang='grc' dir='ltr'>ἀποθνήσκειν.</span> <span class='ocrx_word' id='word_1_549' title='bbox 1610 4523 1689 4577; x_wconf 84' lang='grc' dir='ltr'><strong>Δι’</strong></span> <span class='ocrx_word' id='word_1_550' title='bbox 1739 4524 1767 4576; x_wconf 83' lang='grc' dir='ltr'><strong>ὃ</strong></span> <span class='ocrx_word' id='word_1_551' title='bbox 1825 4525 1921 4608; x_wconf 73' lang='grc' dir='ltr'>καὶ</span> 
     </span>
    </p>
   </div>
   <div class='ocr_carea' id='block_1_79' title="bbox 344 4616 1920 4690">
    <p class='ocr_par' dir='ltr' id='par_1_79' title="bbox 344 4616 1920 4690">
     <span class='ocr_line' id='line_1_79' title="bbox 344 4616 1920 4690; baseline -0.006 -14"><span class='ocrx_word' id='word_1_552' title='bbox 344 4621 587 4690; x_wconf 78' lang='grc' dir='ltr'>ἀμύνειν</span> <span class='ocrx_word' id='word_1_553' title='bbox 645 4620 814 4690; x_wconf 85' lang='grc' dir='ltr'>αὐτῷ,</span> <span class='ocrx_word' id='word_1_554' title='bbox 860 4619 963 4672; x_wconf 78' lang='grc' dir='ltr'>εἴτι</span> <span class='ocrx_word' id='word_1_555' title='bbox 1011 4619 1150 4689; x_wconf 76' lang='grc' dir='ltr'>μετὰ</span> <span class='ocrx_word' id='word_1_556' title='bbox 1201 4617 1376 4671; x_wconf 84' lang='grc' dir='ltr'>ταῦτα</span> <span class='ocrx_word' id='word_1_557' title='bbox 1429 4617 1516 4670; x_wconf 79' lang='grc' dir='ltr'>διὰ</span> <span class='ocrx_word' id='word_1_558' title='bbox 1568 4617 1627 4669; x_wconf 83' lang='grc' dir='ltr'><strong>τὺ</strong></span> <span class='ocrx_word' id='word_1_559' title='bbox 1662 4616 1920 4690; x_wconf 82' lang='grc' dir='ltr'>τόλμημα</span> 
     </span>
    </p>
   </div>
   <div class='ocr_carea' id='block_1_80' title="bbox 343 4709 1922 4780">
    <p class='ocr_par' dir='ltr' id='par_1_80' title="bbox 343 4709 1922 4780">
     <span class='ocr_line' id='line_1_80' title="bbox 343 4709 1922 4780; baseline -0.003 -14"><span class='ocrx_word' id='word_1_560' title='bbox 343 4714 494 4766; x_wconf 67' lang='grc' dir='ltr'>ἀπίοι</span> <span class='ocrx_word' id='word_1_561' title='bbox 534 4713 732 4779; x_wconf 80' lang='grc' dir='ltr'>δεινὸν,</span> <span class='ocrx_word' id='word_1_562' title='bbox 763 4711 958 4765; x_wconf 78' lang='grc' dir='ltr'>ἐδεῖτο.</span> <span class='ocrx_word' id='word_1_563' title='bbox 999 4710 1264 4774; x_wconf 78' lang='grc' dir='ltr'>’Δκούσας</span> <span class='ocrx_word' id='word_1_564' title='bbox 1296 4711 1353 4766; x_wconf 77' lang='grc' dir='ltr'>δὲ</span> <span class='ocrx_word' id='word_1_565' title='bbox 1385 4713 1412 4764; x_wconf 84' lang='grc' dir='ltr'>ὁ</span> <span class='ocrx_word' id='word_1_566' title='bbox 1431 4709 1708 4780; x_wconf 80' lang='grc' dir='ltr'>βασιλεὺς,</span> <span class='ocrx_word' id='word_1_567' title='bbox 1741 4710 1922 4778; x_wconf 82' lang='grc' dir='ltr'>λόγοις</span> 
     </span>
    </p>
   </div>
   <div class='ocr_carea' id='block_1_81' title="bbox 343 4800 1922 4873">
    <p class='ocr_par' dir='ltr' id='par_1_81' title="bbox 343 4800 1922 4873">
     <span class='ocr_line' id='line_1_81' title="bbox 343 4800 1922 4873; baseline -0.004 -15"><span class='ocrx_word' id='word_1_568' title='bbox 343 4821 405 4858; x_wconf 88' lang='grc' dir='ltr'><strong>τε</strong></span> <span class='ocrx_word' id='word_1_569' title='bbox 457 4804 682 4866; x_wconf 82' lang='grc' dir='ltr'>πολλοῖς</span> <span class='ocrx_word' id='word_1_570' title='bbox 726 4803 821 4855; x_wconf 80' lang='grc' dir='ltr'>καὶ</span> <span class='ocrx_word' id='word_1_571' title='bbox 867 4803 1227 4873; x_wconf 80' lang='grc' dir='ltr'>παραινέσεσι</span> <span class='ocrx_word' id='word_1_572' title='bbox 1275 4801 1368 4854; x_wconf 82' lang='grc' dir='ltr'>τὸν</span> <span class='ocrx_word' id='word_1_573' title='bbox 1425 4800 1922 4872; x_wconf 80' lang='grc' dir='ltr'>πρωτοόεστιάριον</span> 
     </span>
    </p>
   </div>
   <div class='ocr_carea' id='block_1_82' title="bbox 343 4889 1917 4966">
    <p class='ocr_par' dir='ltr' id='par_1_82' title="bbox 343 4889 1917 4966">
     <span class='ocr_line' id='line_1_82' title="bbox 343 4889 1917 4966; baseline -0.006 -15"><span class='ocrx_word' id='word_1_574' title='bbox 343 4901 594 4966; x_wconf 63' lang='grc' dir='ltr'>ἀπάγειν</span> <span class='ocrx_word' id='word_1_575' title='bbox 623 4896 712 4947; x_wconf 82' lang='grc' dir='ltr'>τοῦ</span> <span class='ocrx_word' id='word_1_576' title='bbox 748 4895 1095 4964; x_wconf 82' lang='grc' dir='ltr'>τολμήματος</span> <span class='ocrx_word' id='word_1_577' title='bbox 1124 4893 1424 4964; x_wconf 70' lang='grc' dir='ltr'>ἐπεχείρει,</span> <span class='ocrx_word' id='word_1_578' title='bbox 1461 4891 1536 4954; x_wconf 84' lang='grc' dir='ltr'>ὡς</span> <span class='ocrx_word' id='word_1_579' title='bbox 1555 4892 1610 4944; x_wconf 71' lang='grc' dir='ltr'>δὲ</span> <span class='ocrx_word' id='word_1_580' title='bbox 1635 4892 1734 4944; x_wconf 84' lang='grc' dir='ltr'>οὐκ</span> <span class='ocrx_word' id='word_1_581' title='bbox 1765 4889 1917 4943; x_wconf 79' lang='grc' dir='ltr'>ἔπει-</span> 
     </span>
    </p>
   </div>
   <div class='ocr_carea' id='block_1_83' title="bbox 343 4981 1921 5059">
    <p class='ocr_par' dir='ltr' id='par_1_83' title="bbox 343 4981 1921 5059">
     <span class='ocr_line' id='line_1_83' title="bbox 343 4981 1921 5059; baseline -0.008 -13"><span class='ocrx_word' id='word_1_582' title='bbox 343 4994 425 5054; x_wconf 80' lang='grc' dir='ltr'>θε,</span> <span class='ocrx_word' id='word_1_583' title='bbox 455 4992 556 5045; x_wconf 71' lang='grc' dir='ltr'>καὶ</span> <span class='ocrx_word' id='word_1_584' title='bbox 599 4988 880 5059; x_wconf 79' lang='grc' dir='ltr'>διαθήσειν</span> <span class='ocrx_word' id='word_1_585' title='bbox 907 4986 1174 5056; x_wconf 70' lang='grc' dir='ltr'>ἠπείλησε</span> <span class='ocrx_word' id='word_1_586' title='bbox 1209 4984 1277 5039; x_wconf 85' lang='grc' dir='ltr'><strong>τά</strong></span> <span class='ocrx_word' id='word_1_587' title='bbox 1323 4984 1705 5055; x_wconf 80' lang='grc' dir='ltr'>χαλεπώτατα,</span> <span class='ocrx_word' id='word_1_588' title='bbox 1749 4981 1799 5034; x_wconf 87' lang='grc' dir='ltr'><strong>εί</strong></span> <span class='ocrx_word' id='word_1_589' title='bbox 1845 4981 1921 5050; x_wconf 82' lang='grc' dir='ltr'>μὴ</span> 
     </span>
    </p>
   </div>
   <div class='ocr_carea' id='block_1_84' title="bbox 341 5073 1918 5146">
    <p class='ocr_par' dir='ltr' id='par_1_84' title="bbox 341 5073 1918 5146">
     <span class='ocr_line' id='line_1_84' title="bbox 341 5073 1918 5146; baseline -0.008 -9"><span class='ocrx_word' id='word_1_590' title='bbox 341 5083 618 5137; x_wconf 85' lang='grc' dir='ltr'>παύσοιτο</span> <span class='ocrx_word' id='word_1_591' title='bbox 649 5080 918 5142; x_wconf 83' lang='grc' dir='ltr'>τοιούτοις</span> <span class='ocrx_word' id='word_1_592' title='bbox 953 5077 1268 5146; x_wconf 75' lang='grc' dir='ltr'>ἐπιχειρῶν.</span> <span class='ocrx_word' id='word_1_593' title='bbox 1318 5077 1464 5145; x_wconf 84' lang='grc' dir='ltr'><strong>Ἔφη</strong></span> <span class='ocrx_word' id='word_1_594' title='bbox 1517 5075 1663 5144; x_wconf 83' lang='grc' dir='ltr'>γάρ·</span> <span class='ocrx_word' id='word_1_595' title='bbox 1694 5075 1756 5128; x_wconf 73' lang='lat' dir='ltr'><strong>Et</strong></span> <span class='ocrx_word' id='word_1_596' title='bbox 1794 5073 1918 5144; x_wconf 72' lang='grc' dir='ltr'>μὲν,</span> 
     </span>
    </p>
   </div>
   <div class='ocr_carea' id='block_1_85' title="bbox 342 5167 1919 5249">
    <p class='ocr_par' dir='ltr' id='par_1_85' title="bbox 342 5167 1919 5249">
     <span class='ocr_line' id='line_1_85' title="bbox 342 5167 1919 5249; baseline -0.008 -19"><span class='ocrx_word' id='word_1_597' title='bbox 342 5180 479 5249; x_wconf 80' lang='grc' dir='ltr'>πρὶν</span> <span class='ocrx_word' id='word_1_598' title='bbox 517 5176 687 5248; x_wconf 82' lang='grc' dir='ltr'>μηδὲν</span> <span class='ocrx_word' id='word_1_599' title='bbox 721 5175 859 5246; x_wconf 77' lang='grc' dir='ltr'>πρὸς</span> <span class='ocrx_word' id='word_1_600' title='bbox 908 5174 1071 5226; x_wconf 76' lang='grc' dir='ltr'>αὑτὸν</span> <span class='ocrx_word' id='word_1_601' title='bbox 1120 5171 1362 5224; x_wconf 84' lang='grc' dir='ltr'>τοιοῦτον</span> <span class='ocrx_word' id='word_1_602' title='bbox 1411 5172 1606 5233; x_wconf 80' lang='grc' dir='ltr'>εἰπεῖν,</span> <span class='ocrx_word' id='word_1_603' title='bbox 1642 5168 1696 5222; x_wconf 78' lang='grc' dir='ltr'>τὶ</span> <span class='ocrx_word' id='word_1_604' title='bbox 1728 5167 1919 5237; x_wconf 74' lang='grc' dir='ltr'>εἰργά-</span> 
     </span>
    </p>
   </div>
   <div class='ocr_carea' id='block_1_86' title="bbox 340 5254 1920 5337">
    <p class='ocr_par' dir='ltr' id='par_1_86' title="bbox 340 5254 1920 5337">
     <span class='ocr_line' id='line_1_86' title="bbox 340 5254 1920 5337; baseline -0.008 -13"><span class='ocrx_word' id='word_1_605' title='bbox 340 5273 472 5337; x_wconf 82' lang='grc' dir='ltr'>ζετο</span> <span class='ocrx_word' id='word_1_606' title='bbox 503 5271 616 5324; x_wconf 88' lang='grc' dir='ltr'><strong>τῶν</strong></span> <span class='ocrx_word' id='word_1_607' title='bbox 649 5259 890 5332; x_wconf 81' lang='grc' dir='ltr'>ἀτόπων,</span> <span class='ocrx_word' id='word_1_608' title='bbox 925 5266 1097 5320; x_wconf 82' lang='grc' dir='ltr'>δεινὸν</span> <span class='ocrx_word' id='word_1_609' title='bbox 1139 5266 1237 5334; x_wconf 82' lang='grc' dir='ltr'>μὲν</span> <span class='ocrx_word' id='word_1_610' title='bbox 1279 5263 1344 5317; x_wconf 82' lang='grc' dir='ltr'><strong>ἂν</strong></span> <span class='ocrx_word' id='word_1_611' title='bbox 1378 5259 1466 5334; x_wconf 81' lang='grc' dir='ltr'>ἦν,</span> <span class='ocrx_word' id='word_1_612' title='bbox 1495 5254 1648 5316; x_wconf 73' lang='grc' dir='ltr'>οὐδὲν</span> <span class='ocrx_word' id='word_1_613' title='bbox 1675 5261 1732 5314; x_wconf 76' lang='grc' dir='ltr'>δὲ</span> <span class='ocrx_word' id='word_1_614' title='bbox 1768 5258 1920 5327; x_wconf 75' lang='grc' dir='ltr'><strong>αὐτῷ</strong></span> 
     </span>
    </p>
   </div>
   <div class='ocr_carea' id='block_1_87' title="bbox 340 5351 1920 5432">
    <p class='ocr_par' dir='ltr' id='par_1_87' title="bbox 340 5351 1920 5432">
     <span class='ocr_line' id='line_1_87' title="bbox 340 5351 1920 5432; baseline -0.008 -18"><span class='ocrx_word' id='word_1_615' title='bbox 340 5362 654 5432; x_wconf 80' lang='grc' dir='ltr'>διαφέρειν.</span> <span class='ocrx_word' id='word_1_616' title='bbox 707 5357 926 5429; x_wconf 62' lang='grc' dir='ltr'>Ἐπειδὴ</span> <span class='ocrx_word' id='word_1_617' title='bbox 947 5357 1004 5411; x_wconf 70' lang='grc' dir='ltr'>δὲ</span> <span class='ocrx_word' id='word_1_618' title='bbox 1037 5356 1184 5426; x_wconf 82' lang='grc' dir='ltr'>αὐτῷ</span> <span class='ocrx_word' id='word_1_619' title='bbox 1211 5357 1454 5425; x_wconf 71' lang='grc' dir='ltr'>φανερὰν</span> <span class='ocrx_word' id='word_1_620' title='bbox 1485 5353 1788 5421; x_wconf 79' lang='grc' dir='ltr'>κατέστησε</span> <span class='ocrx_word' id='word_1_621' title='bbox 1821 5351 1920 5422; x_wconf 80' lang='grc' dir='ltr'>τὴν</span> 
     </span>
    </p>
   </div>
   <div class='ocr_carea' id='block_1_88' title="bbox 340 5445 1917 5524">
    <p class='ocr_par' dir='ltr' id='par_1_88' title="bbox 340 5445 1917 5524">
     <span class='ocr_line' id='line_1_88' title="bbox 340 5445 1917 5524; baseline -0.007 -17"><span class='ocrx_word' id='word_1_622' title='bbox 340 5447 580 5524; x_wconf 81' lang='grc' dir='ltr'>γνώμην</span> <span class='ocrx_word' id='word_1_623' title='bbox 604 5491 621 5517; x_wconf 94' lang='grc'><strong>,</strong></span> <span class='ocrx_word' id='word_1_624' title='bbox 663 5450 928 5504; x_wconf 88' lang='grc' dir='ltr'>ἀδύνατον</span> <span class='ocrx_word' id='word_1_625' title='bbox 968 5449 1049 5509; x_wconf 85' lang='grc' dir='ltr'><strong>είς</strong></span> <span class='ocrx_word' id='word_1_626' title='bbox 1097 5448 1258 5518; x_wconf 82' lang='grc' dir='ltr'>ἔργον</span> <span class='ocrx_word' id='word_1_627' title='bbox 1301 5446 1400 5516; x_wconf 83' lang='grc' dir='ltr'>τὴν</span> <span class='ocrx_word' id='word_1_628' title='bbox 1432 5445 1626 5515; x_wconf 80' lang='grc' dir='ltr'>βουλὴν</span> <span class='ocrx_word' id='word_1_629' title='bbox 1667 5461 1917 5514; x_wconf 86' lang='grc' dir='ltr'>προαγα-</span> 
     </span>
    </p>
   </div>
   <div class='ocr_carea' id='block_1_89' title="bbox 339 5536 1917 5614">
    <p class='ocr_par' dir='ltr' id='par_1_89' title="bbox 339 5536 1917 5614">
     <span class='ocr_line' id='line_1_89' title="bbox 339 5536 1917 5614; baseline -0.006 -16"><span class='ocrx_word' id='word_1_630' title='bbox 339 5549 484 5613; x_wconf 82' lang='grc' dir='ltr'>γεῖν.</span> <span class='ocrx_word' id='word_1_631' title='bbox 524 5545 640 5614; x_wconf 82' lang='grc' dir='ltr'><strong>Τὴν</strong></span> <span class='ocrx_word' id='word_1_632' title='bbox 674 5545 781 5612; x_wconf 78' lang='grc' dir='ltr'>γὰρ</span> <span class='ocrx_word' id='word_1_633' title='bbox 811 5543 891 5604; x_wconf 88' lang='grc' dir='ltr'><strong>είς</strong></span> <span class='ocrx_word' id='word_1_634' title='bbox 925 5541 1016 5594; x_wconf 74' lang='grc' dir='ltr'><strong>τὸν</strong></span> <span class='ocrx_word' id='word_1_635' title='bbox 1053 5540 1226 5609; x_wconf 80' lang='grc' dir='ltr'>μέγαν</span> <span class='ocrx_word' id='word_1_636' title='bbox 1278 5538 1571 5607; x_wconf 77' lang='grc' dir='ltr'>λογοοέτην</span> <span class='ocrx_word' id='word_1_637' title='bbox 1599 5536 1917 5608; x_wconf 84' lang='grc' dir='ltr'>παροινίαν,</span> 
     </span>
    </p>
   </div>
   <div class='ocr_carea' id='block_1_90' title="bbox 339 5632 1920 5705">
    <p class='ocr_par' dir='ltr' id='par_1_90' title="bbox 339 5632 1920 5705">
     <span class='ocr_line' id='line_1_90' title="bbox 339 5632 1920 5705; baseline -0.004 -17"><span class='ocrx_word' id='word_1_638' title='bbox 339 5637 633 5705; x_wconf 80' lang='grc' dir='ltr'>διοικητὴν</span> <span class='ocrx_word' id='word_1_639' title='bbox 669 5635 781 5687; x_wconf 86' lang='grc' dir='ltr'><strong>τῶν</strong></span> <span class='ocrx_word' id='word_1_640' title='bbox 814 5632 1080 5703; x_wconf 86' lang='grc' dir='ltr'>βασιλέως</span> <span class='ocrx_word' id='word_1_641' title='bbox 1115 5632 1242 5685; x_wconf 74' lang='grc' dir='ltr'>ὅντα</span> <span class='ocrx_word' id='word_1_642' title='bbox 1277 5632 1656 5701; x_wconf 87' lang='grc' dir='ltr'>πραγμάτων,</span> <span class='ocrx_word' id='word_1_643' title='bbox 1679 5633 1753 5691; x_wconf 84' lang='grc' dir='ltr'><strong>εἰς</strong></span> <span class='ocrx_word' id='word_1_644' title='bbox 1779 5632 1920 5682; x_wconf 80' lang='grc' dir='ltr'>έκεῖ-</span> 
     </span>
    </p>
   </div>
   <div class='ocr_carea' id='block_1_91' title="bbox 341 5716 1915 5797">
    <p class='ocr_par' dir='ltr' id='par_1_91' title="bbox 341 5716 1915 5797">
     <span class='ocr_line' id='line_1_91' title="bbox 341 5716 1915 5797; baseline -0.003 -17"><span class='ocrx_word' id='word_1_645' title='bbox 341 5746 432 5781; x_wconf 83' lang='grc' dir='ltr'>νον</span> <span class='ocrx_word' id='word_1_646' title='bbox 473 5728 636 5795; x_wconf 76' lang='grc' dir='ltr'>ἄγειν</span> <span class='ocrx_word' id='word_1_647' title='bbox 681 5727 780 5797; x_wconf 77' lang='grc' dir='ltr'>τὴν</span> <span class='ocrx_word' id='word_1_648' title='bbox 814 5724 996 5794; x_wconf 80' lang='grc' dir='ltr'>ὖῦριν,</span> <span class='ocrx_word' id='word_1_649' title='bbox 1035 5723 1070 5776; x_wconf 82' lang='grc' dir='ltr'><strong>ἀ</strong></span> <span class='ocrx_word' id='word_1_650' title='bbox 1110 5725 1186 5794; x_wconf 84' lang='grc' dir='ltr'>μὴ</span> <span class='ocrx_word' id='word_1_651' title='bbox 1221 5724 1338 5776; x_wconf 81' lang='grc' dir='ltr'>δέον</span> <span class='ocrx_word' id='word_1_652' title='bbox 1381 5723 1542 5776; x_wconf 74' lang='grc' dir='ltr'>αὑτὸν</span> <span class='ocrx_word' id='word_1_653' title='bbox 1585 5716 1915 5792; x_wconf 82' lang='grc' dir='ltr'>συγχώρεῖν.</span> 
     </span>
    </p>
   </div>
   <div class='ocr_carea' id='block_1_92' title="bbox 344 5814 1916 5891">
    <p class='ocr_par' dir='ltr' id='par_1_92' title="bbox 344 5814 1916 5891">
     <span class='ocr_line' id='line_1_92' title="bbox 344 5814 1916 5891; baseline -0.006 -17"><span class='ocrx_word' id='word_1_654' title='bbox 344 5823 579 5886; x_wconf 84' lang='grc' dir='ltr'>Τούτοις</span> <span class='ocrx_word' id='word_1_655' title='bbox 610 5821 707 5891; x_wconf 85' lang='grc' dir='ltr'>μὲν</span> <span class='ocrx_word' id='word_1_656' title='bbox 735 5814 830 5872; x_wconf 80' lang='grc' dir='ltr'>οὖν</span> <span class='ocrx_word' id='word_1_657' title='bbox 850 5821 879 5872; x_wconf 84' lang='grc' dir='ltr'>ὁ</span> <span class='ocrx_word' id='word_1_658' title='bbox 909 5816 1405 5886; x_wconf 78' lang='grc' dir='ltr'>πρωτοόεστιάριος</span> <span class='ocrx_word' id='word_1_659' title='bbox 1430 5816 1679 5870; x_wconf 76' lang='grc' dir='ltr'>ἐπείθετο</span> <span class='ocrx_word' id='word_1_660' title='bbox 1709 5814 1916 5880; x_wconf 85' lang='grc' dir='ltr'>δείσας,</span> 
     </span>
    </p>
   </div>
   <div class='ocr_carea' id='block_1_93' title="bbox 711 5911 1392 5974">
    <p class='ocr_par' dir='ltr' id='par_1_93' title="bbox 711 5911 1392 5974">
     <span class='ocr_line' id='line_1_93' title="bbox 711 5911 1392 5974; baseline 0 -2"><span class='ocrx_word' id='word_1_661' title='bbox 711 5913 986 5974; x_wconf 76' lang='grc' dir='ltr'>Ρηιιοῐ..</span> <span class='ocrx_word' id='word_1_662' title='bbox 1024 5911 1140 5971; x_wconf 76' lang='lat' dir='ltr'><strong>Gn.</strong></span> <span class='ocrx_word' id='word_1_663' title='bbox 1191 5911 1392 5972; x_wconf 83' lang='lat' dir='ltr'><strong>CLI&quot;.</strong></span> 
     </span>
    </p>
   </div>
   <div class='ocr_carea' id='block_1_94' title="bbox 2024 3239 3598 3321">
    <p class='ocr_par' dir='ltr' id='par_1_94' title="bbox 2024 3239 3598 3321">
     <span class='ocr_line' id='line_1_94' title="bbox 2024 3239 3598 3321; baseline 0.01 -30"><span class='ocrx_word' id='word_1_664' title='bbox 2024 3239 2369 3295; x_wconf 89' lang='lat' dir='ltr'><strong>moriendum</strong></span> <span class='ocrx_word' id='word_1_665' title='bbox 2415 3241 2714 3308; x_wconf 71' lang='lat' dir='ltr'><strong>sit.Quare</strong></span> <span class='ocrx_word' id='word_1_666' title='bbox 2740 3259 2875 3298; x_wconf 78' lang='lat' dir='ltr'><strong>euur</strong></span> <span class='ocrx_word' id='word_1_667' title='bbox 2915 3248 3161 3316; x_wconf 88' lang='lat' dir='ltr'><strong>rogabat,</strong></span> <span class='ocrx_word' id='word_1_668' title='bbox 3199 3259 3258 3304; x_wconf 91' lang='lat' dir='ltr'><strong>ut</strong></span> <span class='ocrx_word' id='word_1_669' title='bbox 3295 3251 3336 3304; x_wconf 92' lang='lat' dir='ltr'><strong>si</strong></span> <span class='ocrx_word' id='word_1_670' title='bbox 3372 3263 3598 3321; x_wconf 81' lang='lat' dir='ltr'><strong>prepter</strong></span> 
     </span>
    </p>
   </div>
   <div class='ocr_carea' id='block_1_95' title="bbox 2022 3331 3595 3410">
    <p class='ocr_par' dir='ltr' id='par_1_95' title="bbox 2022 3331 3595 3410">
     <span class='ocr_line' id='line_1_95' title="bbox 2022 3331 3595 3410; baseline 0.009 -27"><span class='ocrx_word' id='word_1_671' title='bbox 2022 3339 2132 3385; x_wconf 87' lang='lat' dir='ltr'><strong>tam</strong></span> <span class='ocrx_word' id='word_1_672' title='bbox 2167 3331 2346 3385; x_wconf 88' lang='lat' dir='ltr'><strong>audax</strong></span> <span class='ocrx_word' id='word_1_673' title='bbox 2374 3331 2586 3387; x_wconf 76' lang='lat' dir='ltr'><strong>facinus</strong></span> <span class='ocrx_word' id='word_1_674' title='bbox 2607 3336 2889 3404; x_wconf 89' lang='lat' dir='ltr'><strong>quidpiam</strong></span> <span class='ocrx_word' id='word_1_675' title='bbox 2920 3338 3142 3407; x_wconf 82' lang='lat' dir='ltr'><strong>gravius</strong></span> <span class='ocrx_word' id='word_1_676' title='bbox 3169 3340 3275 3394; x_wconf 90' lang='lat' dir='ltr'><strong>sibi</strong></span> <span class='ocrx_word' id='word_1_677' title='bbox 3312 3342 3595 3410; x_wconf 86' lang='lat' dir='ltr'><strong>impende-</strong></span> 
     </span>
    </p>
   </div>
   <div class='ocr_carea' id='block_1_96' title="bbox 2026 3423 3593 3501">
    <p class='ocr_par' dir='ltr' id='par_1_96' title="bbox 2026 3423 3593 3501">
     <span class='ocr_line' id='line_1_96' title="bbox 2026 3423 3593 3501; baseline 0.008 -26"><span class='ocrx_word' id='word_1_678' title='bbox 2026 3431 2131 3485; x_wconf 87' lang='lat' dir='ltr'><strong>ret,</strong></span> <span class='ocrx_word' id='word_1_679' title='bbox 2161 3436 2318 3492; x_wconf 87' lang='lat' dir='ltr'><strong>opem</strong></span> <span class='ocrx_word' id='word_1_680' title='bbox 2349 3423 2594 3478; x_wconf 77' lang='lat' dir='ltr'><strong>all‘erret.</strong></span> <span class='ocrx_word' id='word_1_681' title='bbox 2623 3425 2930 3495; x_wconf 86' lang='lat' dir='ltr'><strong>Imperator</strong></span> <span class='ocrx_word' id='word_1_682' title='bbox 2949 3429 3379 3501; x_wconf 79' lang='lat' dir='ltr'><strong>longosermonc</strong></span> <span class='ocrx_word' id='word_1_683' title='bbox 3407 3436 3593 3490; x_wconf 78' lang='lat' dir='ltr'><strong>admo-</strong></span> 
     </span>
    </p>
   </div>
   <div class='ocr_carea' id='block_1_97' title="bbox 2022 3514 3597 3586">
    <p class='ocr_par' dir='ltr' id='par_1_97' title="bbox 2022 3514 3597 3586">
     <span class='ocr_line' id='line_1_97' title="bbox 2022 3514 3597 3586; baseline 0.011 -20"><span class='ocrx_word' id='word_1_684' title='bbox 2022 3514 2198 3568; x_wconf 89' lang='lat' dir='ltr'><strong>nitum</strong></span> <span class='ocrx_word' id='word_1_685' title='bbox 2223 3529 2253 3568; x_wconf 91' lang='lat' dir='ltr'><strong>a</strong></span> <span class='ocrx_word' id='word_1_686' title='bbox 2279 3523 2385 3568; x_wconf 90' lang='lat' dir='ltr'><strong>tam</strong></span> <span class='ocrx_word' id='word_1_687' title='bbox 2419 3516 2686 3586; x_wconf 70' lang='lat' dir='ltr'><strong>praecipiti</strong></span> <span class='ocrx_word' id='word_1_688' title='bbox 2735 3520 2965 3575; x_wconf 85' lang='lat' dir='ltr'><strong>consilio</strong></span> <span class='ocrx_word' id='word_1_689' title='bbox 3001 3521 3276 3580; x_wconf 82' lang='lat' dir='ltr'><strong>abducere</strong></span> <span class='ocrx_word' id='word_1_690' title='bbox 3296 3526 3597 3584; x_wconf 81' lang='lat' dir='ltr'><strong>nitebatur.</strong></span> 
     </span>
    </p>
   </div>
   <div class='ocr_carea' id='block_1_98' title="bbox 2021 3604 3598 3676">
    <p class='ocr_par' dir='ltr' id='par_1_98' title="bbox 2021 3604 3598 3676">
     <span class='ocr_line' id='line_1_98' title="bbox 2021 3604 3598 3676; baseline 0.011 -18"><span class='ocrx_word' id='word_1_691' title='bbox 2021 3604 2158 3660; x_wconf 87' lang='lat' dir='ltr'><strong>Cum</strong></span> <span class='ocrx_word' id='word_1_692' title='bbox 2205 3605 2376 3660; x_wconf 90' lang='lat' dir='ltr'><strong>surdo</strong></span> <span class='ocrx_word' id='word_1_693' title='bbox 2407 3607 2749 3676; x_wconf 86' lang='lat' dir='ltr'><strong>loqueretur,</strong></span> <span class='ocrx_word' id='word_1_694' title='bbox 2797 3611 3290 3671; x_wconf 80' lang='lat' dir='ltr'><strong>inclementissime</strong></span> <span class='ocrx_word' id='word_1_695' title='bbox 3335 3618 3488 3674; x_wconf 89' lang='lat' dir='ltr'><strong>illum</strong></span> <span class='ocrx_word' id='word_1_696' title='bbox 3539 3636 3598 3676; x_wconf 85' lang='lat' dir='ltr'><strong>se</strong></span> 
     </span>
    </p>
   </div>
   <div class='ocr_carea' id='block_1_99' title="bbox 2021 3699 3595 3777">
    <p class='ocr_par' dir='ltr' id='par_1_99' title="bbox 2021 3699 3595 3777">
     <span class='ocr_line' id='line_1_99' title="bbox 2021 3699 3595 3777; baseline 0.009 -25"><span class='ocrx_word' id='word_1_697' title='bbox 2021 3708 2372 3768; x_wconf 82' lang='lat' dir='ltr'><strong>accepturum</strong></span> <span class='ocrx_word' id='word_1_698' title='bbox 2401 3699 2640 3755; x_wconf 86' lang='lat' dir='ltr'><strong>minatus</strong></span> <span class='ocrx_word' id='word_1_699' title='bbox 2657 3712 2764 3766; x_wconf 88' lang='lat' dir='ltr'><strong>est,</strong></span> <span class='ocrx_word' id='word_1_700' title='bbox 2793 3703 2896 3759; x_wconf 89' lang='lat' dir='ltr'><strong>nisi</strong></span> <span class='ocrx_word' id='word_1_701' title='bbox 2919 3706 3014 3760; x_wconf 86' lang='lat' dir='ltr'><strong>tali</strong></span> <span class='ocrx_word' id='word_1_702' title='bbox 3037 3719 3238 3764; x_wconf 90' lang='lat' dir='ltr'><strong>conatu</strong></span> <span class='ocrx_word' id='word_1_703' title='bbox 3260 3709 3552 3769; x_wconf 86' lang='lat' dir='ltr'><strong>desisteret</strong></span> <span class='ocrx_word' id='word_1_704' title='bbox 3578 3730 3595 3777; x_wconf 82' lang='lat'><strong>;</strong></span> 
     </span>
    </p>
   </div>
   <div class='ocr_carea' id='block_1_100' title="bbox 2021 3791 3591 3860">
    <p class='ocr_par' dir='ltr' id='par_1_100' title="bbox 2021 3791 3591 3860">
     <span class='ocr_line' id='line_1_100' title="bbox 2021 3791 3591 3860; baseline 0.004 -15"><span class='ocrx_word' id='word_1_705' title='bbox 2021 3801 2075 3846; x_wconf 88' lang='lat' dir='ltr'><strong>et</strong></span> <span class='ocrx_word' id='word_1_706' title='bbox 2101 3791 2342 3846; x_wconf 82' lang='lat' dir='ltr'><strong>addebat</strong></span> <span class='ocrx_word' id='word_1_707' title='bbox 2369 3807 2383 3845; x_wconf 88' lang='lat'><strong><em>:</em></strong></span> <span class='ocrx_word' id='word_1_708' title='bbox 2419 3791 2476 3846; x_wconf 91' lang='lat' dir='ltr'><strong>Si</strong></span> <span class='ocrx_word' id='word_1_709' title='bbox 2499 3808 2588 3848; x_wconf 89' lang='lat' dir='ltr'><strong>me</strong></span> <span class='ocrx_word' id='word_1_710' title='bbox 2619 3795 2878 3860; x_wconf 80' lang='lat' dir='ltr'><strong>celasses,</strong></span> <span class='ocrx_word' id='word_1_711' title='bbox 2905 3807 2961 3852; x_wconf 88' lang='lat' dir='ltr'><strong>et</strong></span> <span class='ocrx_word' id='word_1_712' title='bbox 2991 3798 3212 3855; x_wconf 89' lang='lat' dir='ltr'><strong>interim</strong></span> <span class='ocrx_word' id='word_1_713' title='bbox 3248 3803 3474 3857; x_wconf 76' lang='lat' dir='ltr'><strong>vetitum</strong></span> <span class='ocrx_word' id='word_1_714' title='bbox 3501 3807 3591 3858; x_wconf 68' lang='lat' dir='ltr'><strong>al?-</strong></span> 
     </span>
    </p>
   </div>
   <div class='ocr_carea' id='block_1_101' title="bbox 2021 3883 3592 3962">
    <p class='ocr_par' dir='ltr' id='par_1_101' title="bbox 2021 3883 3592 3962">
     <span class='ocr_line' id='line_1_101' title="bbox 2021 3883 3592 3962; baseline 0.008 -25"><span class='ocrx_word' id='word_1_715' title='bbox 2021 3883 2154 3952; x_wconf 90' lang='lat' dir='ltr'><strong>quid</strong></span> <span class='ocrx_word' id='word_1_716' title='bbox 2199 3883 2254 3938; x_wconf 89' lang='lat' dir='ltr'><strong>in</strong></span> <span class='ocrx_word' id='word_1_717' title='bbox 2301 3887 2479 3953; x_wconf 87' lang='lat' dir='ltr'><strong>ipsum</strong></span> <span class='ocrx_word' id='word_1_718' title='bbox 2514 3887 2884 3956; x_wconf 84' lang='lat' dir='ltr'><strong>designasscs,</strong></span> <span class='ocrx_word' id='word_1_719' title='bbox 2917 3906 3084 3959; x_wconf 83' lang='lat' dir='ltr'><strong>grave</strong></span> <span class='ocrx_word' id='word_1_720' title='bbox 3118 3891 3171 3946; x_wconf 91' lang='lat' dir='ltr'><strong>id</strong></span> <span class='ocrx_word' id='word_1_721' title='bbox 3209 3892 3429 3962; x_wconf 72' lang='lat' dir='ltr'><strong>quidem</strong></span> <span class='ocrx_word' id='word_1_722' title='bbox 3462 3895 3592 3949; x_wconf 79' lang='lat' dir='ltr'><strong>fuis—</strong></span> 
     </span>
    </p>
   </div>
   <div class='ocr_carea' id='block_1_102' title="bbox 2022 3977 3590 4052">
    <p class='ocr_par' dir='ltr' id='par_1_102' title="bbox 2022 3977 3590 4052">
     <span class='ocr_line' id='line_1_102' title="bbox 2022 3977 3590 4052; baseline 0.007 -24"><span class='ocrx_word' id='word_1_723' title='bbox 2022 3983 2126 4034; x_wconf 88' lang='lat' dir='ltr'><strong>set.</strong></span> <span class='ocrx_word' id='word_1_724' title='bbox 2155 3988 2270 4028; x_wconf 84' lang='lat' dir='ltr'><strong>mea</strong></span> <span class='ocrx_word' id='word_1_725' title='bbox 2301 3985 2484 4029; x_wconf 90' lang='lat' dir='ltr'><strong>autem</strong></span> <span class='ocrx_word' id='word_1_726' title='bbox 2514 3977 2653 4031; x_wconf 84' lang='lat' dir='ltr'><strong>nihil</strong></span> <span class='ocrx_word' id='word_1_727' title='bbox 2700 3981 3015 4035; x_wconf 55' lang='lat' dir='ltr'><strong>retulisset&quot;:</strong></span> <span class='ocrx_word' id='word_1_728' title='bbox 3047 3991 3108 4036; x_wconf 87' lang='lat' dir='ltr'><strong>at-</strong></span> <span class='ocrx_word' id='word_1_729' title='bbox 3127 3983 3237 4052; x_wconf 90' lang='lat' dir='ltr'><strong>iam</strong></span> <span class='ocrx_word' id='word_1_730' title='bbox 3268 3986 3397 4051; x_wconf 89' lang='lat' dir='ltr'><strong>quia</strong></span> <span class='ocrx_word' id='word_1_731' title='bbox 3445 4000 3590 4039; x_wconf 85' lang='lat' dir='ltr'><strong>men-</strong></span> 
     </span>
    </p>
   </div>
   <div class='ocr_carea' id='block_1_103' title="bbox 2026 4066 3594 4144">
    <p class='ocr_par' dir='ltr' id='par_1_103' title="bbox 2026 4066 3594 4144">
     <span class='ocr_line' id='line_1_103' title="bbox 2026 4066 3594 4144; baseline 0.009 -27"><span class='ocrx_word' id='word_1_732' title='bbox 2026 4073 2133 4119; x_wconf 89' lang='lat' dir='ltr'><strong>tem</strong></span> <span class='ocrx_word' id='word_1_733' title='bbox 2162 4073 2308 4118; x_wconf 86' lang='lat' dir='ltr'><strong>tuam</strong></span> <span class='ocrx_word' id='word_1_734' title='bbox 2346 4066 2480 4118; x_wconf 90' lang='lat' dir='ltr'><strong>mihi</strong></span> <span class='ocrx_word' id='word_1_735' title='bbox 2514 4069 2800 4136; x_wconf 86' lang='lat' dir='ltr'><strong>aperuisti,</strong></span> <span class='ocrx_word' id='word_1_736' title='bbox 2834 4085 2956 4138; x_wconf 71' lang='lat' dir='ltr'><strong>qua:</strong></span> <span class='ocrx_word' id='word_1_737' title='bbox 2991 4073 3076 4126; x_wconf 87' lang='lat' dir='ltr'><strong>vis</strong></span> <span class='ocrx_word' id='word_1_738' title='bbox 3118 4087 3285 4141; x_wconf 89' lang='lat' dir='ltr'><strong>opere</strong></span> <span class='ocrx_word' id='word_1_739' title='bbox 3333 4077 3594 4144; x_wconf 89' lang='lat' dir='ltr'><strong>compleri</strong></span> 
     </span>
    </p>
   </div>
   <div class='ocr_carea' id='block_1_104' title="bbox 2024 4155 3594 4237">
    <p class='ocr_par' dir='ltr' id='par_1_104' title="bbox 2024 4155 3594 4237">
     <span class='ocr_line' id='line_1_104' title="bbox 2024 4155 3594 4237; baseline 0.008 -29"><span class='ocrx_word' id='word_1_740' title='bbox 2024 4155 2344 4224; x_wconf 86' lang='lat' dir='ltr'><strong>neutiquam</strong></span> <span class='ocrx_word' id='word_1_741' title='bbox 2389 4165 2638 4225; x_wconf 88' lang='lat' dir='ltr'><strong>possunt.</strong></span> <span class='ocrx_word' id='word_1_742' title='bbox 2678 4157 2833 4224; x_wconf 85' lang='lat' dir='ltr'><strong>Quod</strong></span> <span class='ocrx_word' id='word_1_743' title='bbox 2865 4161 3014 4216; x_wconf 89' lang='lat' dir='ltr'><strong>enim</strong></span> <span class='ocrx_word' id='word_1_744' title='bbox 3053 4162 3110 4216; x_wconf 93' lang='lat' dir='ltr'><strong>in</strong></span> <span class='ocrx_word' id='word_1_745' title='bbox 3143 4179 3397 4233; x_wconf 88' lang='lat' dir='ltr'><strong>magnum</strong></span> <span class='ocrx_word' id='word_1_746' title='bbox 3442 4167 3594 4237; x_wconf 85' lang='lat' dir='ltr'><strong>logo-</strong></span> 
     </span>
    </p>
   </div>
   <div class='ocr_carea' id='block_1_105' title="bbox 2025 4249 3595 4326">
    <p class='ocr_par' dir='ltr' id='par_1_105' title="bbox 2025 4249 3595 4326">
     <span class='ocr_line' id='line_1_105' title="bbox 2025 4249 3595 4326; baseline 0.008 -24"><span class='ocrx_word' id='word_1_747' title='bbox 2025 4249 2231 4304; x_wconf 89' lang='lat' dir='ltr'><strong>tbetam</strong></span> <span class='ocrx_word' id='word_1_748' title='bbox 2265 4250 2612 4310; x_wconf 86' lang='lat' dir='ltr'><strong>imperatoris</strong></span> <span class='ocrx_word' id='word_1_749' title='bbox 2649 4252 2737 4306; x_wconf 90' lang='lat' dir='ltr'><strong>avi</strong></span> <span class='ocrx_word' id='word_1_750' title='bbox 2766 4252 3032 4308; x_wconf 87' lang='lat' dir='ltr'><strong>vicarium</strong></span> <span class='ocrx_word' id='word_1_751' title='bbox 3081 4257 3416 4326; x_wconf 82' lang='lat' dir='ltr'><strong>petulantius</strong></span> <span class='ocrx_word' id='word_1_752' title='bbox 3449 4275 3595 4314; x_wconf 86' lang='lat' dir='ltr'><strong>com-</strong></span> 
     </span>
    </p>
   </div>
   <div class='ocr_carea' id='block_1_106' title="bbox 2025 4345 3596 4415">
    <p class='ocr_par' dir='ltr' id='par_1_106' title="bbox 2025 4345 3596 4415">
     <span class='ocr_line' id='line_1_106' title="bbox 2025 4345 3596 4415; baseline 0.008 -19"><span class='ocrx_word' id='word_1_753' title='bbox 2025 4345 2292 4411; x_wconf 88' lang='lat' dir='ltr'><strong>mittetur,</strong></span> <span class='ocrx_word' id='word_1_754' title='bbox 2318 4345 2369 4398; x_wconf 89' lang='lat' dir='ltr'><strong>id</strong></span> <span class='ocrx_word' id='word_1_755' title='bbox 2398 4345 2556 4415; x_wconf 84' lang='lat' dir='ltr'><strong>quasi</strong></span> <span class='ocrx_word' id='word_1_756' title='bbox 2587 4361 2616 4400; x_wconf 88' lang='lat' dir='ltr'><strong>a</strong></span> <span class='ocrx_word' id='word_1_757' title='bbox 2640 4363 2724 4402; x_wconf 91' lang='lat' dir='ltr'><strong>me</strong></span> <span class='ocrx_word' id='word_1_758' title='bbox 2752 4348 3109 4405; x_wconf 84' lang='lat' dir='ltr'><strong>commissum</strong></span> <span class='ocrx_word' id='word_1_759' title='bbox 3142 4350 3392 4406; x_wconf 87' lang='lat' dir='ltr'><strong>homines</strong></span> <span class='ocrx_word' id='word_1_760' title='bbox 3425 4353 3596 4409; x_wconf 86' lang='lat' dir='ltr'><strong>inter-</strong></span> 
     </span>
    </p>
   </div>
   <div class='ocr_carea' id='block_1_107' title="bbox 2025 4439 3598 4514">
    <p class='ocr_par' dir='ltr' id='par_1_107' title="bbox 2025 4439 3598 4514">
     <span class='ocr_line' id='line_1_107' title="bbox 2025 4439 3598 4514; baseline 0.009 -24"><span class='ocrx_word' id='word_1_761' title='bbox 2025 4439 2419 4504; x_wconf 88' lang='lat' dir='ltr'><strong>pretabuntur;</strong></span> <span class='ocrx_word' id='word_1_762' title='bbox 2466 4439 2613 4507; x_wconf 88' lang='lat' dir='ltr'><strong>quod</strong></span> <span class='ocrx_word' id='word_1_763' title='bbox 2658 4440 2882 4509; x_wconf 83' lang='lat' dir='ltr'><strong>quidem</strong></span> <span class='ocrx_word' id='word_1_764' title='bbox 2932 4444 3066 4498; x_wconf 90' lang='lat' dir='ltr'><strong>mihi</strong></span> <span class='ocrx_word' id='word_1_765' title='bbox 3113 4445 3439 4514; x_wconf 83' lang='lat' dir='ltr'><strong>patiundum</strong></span> <span class='ocrx_word' id='word_1_766' title='bbox 3487 4464 3598 4504; x_wconf 89' lang='lat' dir='ltr'><strong>non</strong></span> 
     </span>
    </p>
   </div>
   <div class='ocr_carea' id='block_1_108' title="bbox 2025 4529 3598 4604">
    <p class='ocr_par' dir='ltr' id='par_1_108' title="bbox 2025 4529 3598 4604">
     <span class='ocr_line' id='line_1_108' title="bbox 2025 4529 3598 4604; baseline 0.007 -22"><span class='ocrx_word' id='word_1_767' title='bbox 2025 4541 2126 4583; x_wconf 90' lang='lat' dir='ltr'><strong>est.</strong></span> <span class='ocrx_word' id='word_1_768' title='bbox 2179 4529 2276 4584; x_wconf 89' lang='lat' dir='ltr'><strong>His</strong></span> <span class='ocrx_word' id='word_1_769' title='bbox 2327 4541 2636 4585; x_wconf 76' lang='lat' dir='ltr'><strong>commotus</strong></span> <span class='ocrx_word' id='word_1_770' title='bbox 2685 4535 3137 4602; x_wconf 87' lang='lat' dir='ltr'><strong>protovestiarius</strong></span> <span class='ocrx_word' id='word_1_771' title='bbox 3185 4538 3385 4604; x_wconf 89' lang='lat' dir='ltr'><strong>timuit,</strong></span> <span class='ocrx_word' id='word_1_772' title='bbox 3428 4548 3486 4596; x_wconf 91' lang='lat' dir='ltr'><strong>et</strong></span> <span class='ocrx_word' id='word_1_773' title='bbox 3542 4541 3598 4594; x_wconf 92' lang='lat' dir='ltr'><strong>in</strong></span> 
     </span>
    </p>
   </div>
   <div class='ocr_carea' id='block_1_109' title="bbox 2026 4622 3598 4696">
    <p class='ocr_par' dir='ltr' id='par_1_109' title="bbox 2026 4622 3598 4696">
     <span class='ocr_line' id='line_1_109' title="bbox 2026 4622 3598 4696; baseline 0.007 -22"><span class='ocrx_word' id='word_1_774' title='bbox 2026 4635 2281 4690; x_wconf 85' lang='lat' dir='ltr'><strong>magnum</strong></span> <span class='ocrx_word' id='word_1_775' title='bbox 2330 4622 2659 4692; x_wconf 85' lang='lat' dir='ltr'><strong>logotbetam</strong></span> <span class='ocrx_word' id='word_1_776' title='bbox 2703 4625 3014 4694; x_wconf 82' lang='lat' dir='ltr'><strong>exemplum</strong></span> <span class='ocrx_word' id='word_1_777' title='bbox 3059 4628 3356 4696; x_wconf 87' lang='lat' dir='ltr'><strong>pessimum</strong></span> <span class='ocrx_word' id='word_1_778' title='bbox 3413 4631 3598 4685; x_wconf 90' lang='lat' dir='ltr'><strong>moliri</strong></span> 
     </span>
    </p>
   </div>
   <div class='ocr_carea' id='block_1_110' title="bbox 2023 4711 3600 4790">
    <p class='ocr_par' dir='ltr' id='par_1_110' title="bbox 2023 4711 3600 4790">
     <span class='ocr_line' id='line_1_110' title="bbox 2023 4711 3600 4790; baseline 0.007 -24"><span class='ocrx_word' id='word_1_779' title='bbox 2023 4714 2278 4766; x_wconf 86' lang='lat' dir='ltr'><strong>cessavit.</strong></span> <span class='ocrx_word' id='word_1_780' title='bbox 2315 4711 2510 4768; x_wconf 86' lang='lat' dir='ltr'><strong>Paucis</strong></span> <span class='ocrx_word' id='word_1_781' title='bbox 2541 4713 2738 4769; x_wconf 84' lang='lat' dir='ltr'><strong>diebus</strong></span> <span class='ocrx_word' id='word_1_782' title='bbox 2759 4714 3112 4784; x_wconf 84' lang='lat' dir='ltr'><strong>intermissis,</strong></span> <span class='ocrx_word' id='word_1_783' title='bbox 3146 4719 3332 4774; x_wconf 86' lang='lat' dir='ltr'><strong>senior</strong></span> <span class='ocrx_word' id='word_1_784' title='bbox 3363 4722 3600 4790; x_wconf 86' lang='lat' dir='ltr'><strong>impera-</strong></span> 
     </span>
    </p>
   </div>
   <div class='ocr_carea' id='block_1_111' title="bbox 2025 4804 3599 4879">
    <p class='ocr_par' dir='ltr' id='par_1_111' title="bbox 2025 4804 3599 4879">
     <span class='ocr_line' id='line_1_111' title="bbox 2025 4804 3599 4879; baseline 0.008 -23"><span class='ocrx_word' id='word_1_785' title='bbox 2025 4813 2131 4867; x_wconf 78' lang='lat' dir='ltr'><strong>tur,</strong></span> <span class='ocrx_word' id='word_1_786' title='bbox 2165 4817 2233 4855; x_wconf 86' lang='lat' dir='ltr'><strong>an</strong></span> <span class='ocrx_word' id='word_1_787' title='bbox 2286 4804 2590 4868; x_wconf 85' lang='lat' dir='ltr'><strong>calumnia,</strong></span> <span class='ocrx_word' id='word_1_788' title='bbox 2617 4821 2684 4859; x_wconf 93' lang='lat' dir='ltr'><strong>an</strong></span> <span class='ocrx_word' id='word_1_789' title='bbox 2721 4806 2827 4860; x_wconf 89' lang='lat' dir='ltr'><strong>alia</strong></span> <span class='ocrx_word' id='word_1_790' title='bbox 2860 4811 3072 4863; x_wconf 88' lang='lat' dir='ltr'><strong>ratione</strong></span> <span class='ocrx_word' id='word_1_791' title='bbox 3106 4811 3384 4879; x_wconf 86' lang='lat' dir='ltr'><strong>inductus,</strong></span> <span class='ocrx_word' id='word_1_792' title='bbox 3433 4813 3515 4869; x_wconf 91' lang='lat' dir='ltr'><strong>sic</strong></span> <span class='ocrx_word' id='word_1_793' title='bbox 3545 4815 3599 4868; x_wconf 91' lang='lat' dir='ltr'><strong>in</strong></span> 
     </span>
    </p>
   </div>
   <div class='ocr_carea' id='block_1_112' title="bbox 2028 4895 3602 4964">
    <p class='ocr_par' dir='ltr' id='par_1_112' title="bbox 2028 4895 3602 4964">
     <span class='ocr_line' id='line_1_112' title="bbox 2028 4895 3602 4964; baseline 0.01 -18"><span class='ocrx_word' id='word_1_794' title='bbox 2028 4895 2521 4962; x_wconf 81' lang='lat' dir='ltr'><strong>protovestiarium</strong></span> <span class='ocrx_word' id='word_1_795' title='bbox 2555 4899 2785 4964; x_wconf 70' lang='lat' dir='ltr'><strong>exarsit,</strong></span> <span class='ocrx_word' id='word_1_796' title='bbox 2813 4908 2873 4953; x_wconf 91' lang='lat' dir='ltr'><strong>ut</strong></span> <span class='ocrx_word' id='word_1_797' title='bbox 2901 4917 3027 4955; x_wconf 88' lang='lat' dir='ltr'><strong>eum</strong></span> <span class='ocrx_word' id='word_1_798' title='bbox 3061 4903 3112 4956; x_wconf 95' lang='lat' dir='ltr'><strong>in</strong></span> <span class='ocrx_word' id='word_1_799' title='bbox 3141 4919 3418 4960; x_wconf 83' lang='lat' dir='ltr'><strong>carcerem</strong></span> <span class='ocrx_word' id='word_1_800' title='bbox 3449 4922 3602 4960; x_wconf 85' lang='lat' dir='ltr'><strong>com-</strong></span> 
     </span>
    </p>
   </div>
   <div class='ocr_carea' id='block_1_113' title="bbox 2022 4986 3600 5065">
    <p class='ocr_par' dir='ltr' id='par_1_113' title="bbox 2022 4986 3600 5065">
     <span class='ocr_line' id='line_1_113' title="bbox 2022 4986 3600 5065; baseline 0.009 -27"><span class='ocrx_word' id='word_1_801' title='bbox 2022 4986 2248 5056; x_wconf 84' lang='lat' dir='ltr'><strong>pingere</strong></span> <span class='ocrx_word' id='word_1_802' title='bbox 2281 4988 2569 5057; x_wconf 84' lang='lat' dir='ltr'><strong>cogitaret.</strong></span> <span class='ocrx_word' id='word_1_803' title='bbox 2598 4989 2765 5044; x_wconf 78' lang='lat' dir='ltr'><strong>Mittit</strong></span> <span class='ocrx_word' id='word_1_804' title='bbox 2789 4992 2958 5061; x_wconf 90' lang='lat' dir='ltr'><strong>igitur</strong></span> <span class='ocrx_word' id='word_1_805' title='bbox 2980 5008 3235 5063; x_wconf 87' lang='lat' dir='ltr'><strong>magnum</strong></span> <span class='ocrx_word' id='word_1_806' title='bbox 3264 4995 3600 5065; x_wconf 85' lang='lat' dir='ltr'><strong>logothetam</strong></span> 
     </span>
    </p>
   </div>
   <div class='ocr_carea' id='block_1_114' title="bbox 2023 5078 3600 5148">
    <p class='ocr_par' dir='ltr' id='par_1_114' title="bbox 2023 5078 3600 5148">
     <span class='ocr_line' id='line_1_114' title="bbox 2023 5078 3600 5148; baseline 0.005 -16"><span class='ocrx_word' id='word_1_807' title='bbox 2023 5078 2092 5132; x_wconf 88' lang='lat' dir='ltr'><strong>ad</strong></span> <span class='ocrx_word' id='word_1_808' title='bbox 2126 5089 2404 5148; x_wconf 88' lang='lat' dir='ltr'><strong>nepotem,</strong></span> <span class='ocrx_word' id='word_1_809' title='bbox 2447 5087 2505 5134; x_wconf 91' lang='lat' dir='ltr'><strong>et</strong></span> <span class='ocrx_word' id='word_1_810' title='bbox 2530 5081 2812 5136; x_wconf 88' lang='lat' dir='ltr'><strong>hominem</strong></span> <span class='ocrx_word' id='word_1_811' title='bbox 2849 5097 2977 5137; x_wconf 89' lang='lat' dir='ltr'><strong>eum</strong></span> <span class='ocrx_word' id='word_1_812' title='bbox 3020 5084 3089 5138; x_wconf 91' lang='lat' dir='ltr'><strong>de</strong></span> <span class='ocrx_word' id='word_1_813' title='bbox 3110 5084 3235 5139; x_wconf 89' lang='lat' dir='ltr'><strong>aliis</strong></span> <span class='ocrx_word' id='word_1_814' title='bbox 3271 5086 3600 5140; x_wconf 87' lang='lat' dir='ltr'><strong>criminibus</strong></span> 
     </span>
    </p>
   </div>
   <div class='ocr_carea' id='block_1_115' title="bbox 2025 5172 3593 5247">
    <p class='ocr_par' dir='ltr' id='par_1_115' title="bbox 2025 5172 3593 5247">
     <span class='ocr_line' id='line_1_115' title="bbox 2025 5172 3593 5247; baseline 0.004 -21"><span class='ocrx_word' id='word_1_815' title='bbox 2025 5172 2214 5226; x_wconf 89' lang='lat' dir='ltr'><strong>multis</strong></span> <span class='ocrx_word' id='word_1_816' title='bbox 2256 5181 2490 5239; x_wconf 90' lang='lat' dir='ltr'><strong>accusat,</strong></span> <span class='ocrx_word' id='word_1_817' title='bbox 2517 5182 2632 5227; x_wconf 89' lang='lat' dir='ltr'><strong>tum</strong></span> <span class='ocrx_word' id='word_1_818' title='bbox 2663 5174 2809 5244; x_wconf 88' lang='lat' dir='ltr'><strong>quod</strong></span> <span class='ocrx_word' id='word_1_819' title='bbox 2839 5175 2943 5230; x_wconf 90' lang='lat' dir='ltr'><strong>sibi</strong></span> <span class='ocrx_word' id='word_1_820' title='bbox 2983 5176 3247 5230; x_wconf 82' lang='lat' dir='ltr'><strong>maledica</strong></span> <span class='ocrx_word' id='word_1_821' title='bbox 3282 5177 3465 5247; x_wconf 88' lang='lat' dir='ltr'><strong>lingua</strong></span> <span class='ocrx_word' id='word_1_822' title='bbox 3493 5181 3593 5233; x_wconf 88' lang='lat' dir='ltr'><strong>ob-</strong></span> 
     </span>
    </p>
   </div>
   <div class='ocr_carea' id='block_1_116' title="bbox 2021 5263 3610 5342">
    <p class='ocr_par' dir='ltr' id='par_1_116' title="bbox 2021 5263 3610 5342">
     <span class='ocr_line' id='line_1_116' title="bbox 2021 5263 3610 5342; baseline 0.002 -25"><span class='ocrx_word' id='word_1_823' title='bbox 2021 5273 2260 5319; x_wconf 79' lang='lat' dir='ltr'><strong>trectare</strong></span> <span class='ocrx_word' id='word_1_824' title='bbox 2287 5279 2395 5319; x_wconf 81' lang='lat' dir='ltr'><strong>non</strong></span> <span class='ocrx_word' id='word_1_825' title='bbox 2432 5263 2684 5318; x_wconf 87' lang='lat' dir='ltr'><strong>desinat:</strong></span> <span class='ocrx_word' id='word_1_826' title='bbox 2717 5264 2788 5318; x_wconf 86' lang='lat' dir='ltr'><strong>ob</strong></span> <span class='ocrx_word' id='word_1_827' title='bbox 2813 5281 2934 5328; x_wconf 67' lang='lat' dir='ltr'><strong>quae</strong></span> <span class='ocrx_word' id='word_1_828' title='bbox 2969 5266 3083 5320; x_wconf 89' lang='lat' dir='ltr'><strong>sola</strong></span> <span class='ocrx_word' id='word_1_829' title='bbox 3109 5275 3416 5320; x_wconf 78' lang='lat' dir='ltr'><strong>extremum</strong></span> <span class='ocrx_word' id='word_1_830' title='bbox 3468 5283 3610 5342; x_wconf 10' lang='grc' dir='ltr'>ευρ-ι</span> 
     </span>
    </p>
   </div>
   <div class='ocr_carea' id='block_1_117' title="bbox 2023 5357 3600 5429">
    <p class='ocr_par' dir='ltr' id='par_1_117' title="bbox 2023 5357 3600 5429">
     <span class='ocr_line' id='line_1_117' title="bbox 2023 5357 3600 5429; baseline 0.001 -19"><span class='ocrx_word' id='word_1_831' title='bbox 2023 5357 2246 5426; x_wconf 86' lang='lat' dir='ltr'><strong>plicium</strong></span> <span class='ocrx_word' id='word_1_832' title='bbox 2278 5359 2571 5410; x_wconf 76' lang='lat' dir='ltr'><strong>mereatur.</strong></span> <span class='ocrx_word' id='word_1_833' title='bbox 2611 5357 2879 5411; x_wconf 59' lang='lat' dir='ltr'><strong>Praeterea</strong></span> <span class='ocrx_word' id='word_1_834' title='bbox 2911 5359 3056 5425; x_wconf 88' lang='lat' dir='ltr'><strong>quod</strong></span> <span class='ocrx_word' id='word_1_835' title='bbox 3108 5359 3175 5413; x_wconf 90' lang='lat' dir='ltr'><strong>ab</strong></span> <span class='ocrx_word' id='word_1_836' title='bbox 3210 5359 3342 5429; x_wconf 89' lang='lat' dir='ltr'><strong>ipsis</strong></span> <span class='ocrx_word' id='word_1_837' title='bbox 3367 5358 3600 5413; x_wconf 79' lang='lat' dir='ltr'><strong>deﬁcere</strong></span> 
     </span>
    </p>
   </div>
   <div class='ocr_carea' id='block_1_118' title="bbox 2024 5444 3600 5519">
    <p class='ocr_par' dir='ltr' id='par_1_118' title="bbox 2024 5444 3600 5519">
     <span class='ocr_line' id='line_1_118' title="bbox 2024 5444 3600 5519; baseline 0.001 -18"><span class='ocrx_word' id='word_1_838' title='bbox 2024 5447 2340 5502; x_wconf 85' lang='lat' dir='ltr'><strong>meditetur.</strong></span> <span class='ocrx_word' id='word_1_839' title='bbox 2367 5444 2450 5500; x_wconf 89' lang='lat' dir='ltr'><strong>0b</strong></span> <span class='ocrx_word' id='word_1_840' title='bbox 2482 5447 2597 5499; x_wconf 72' lang='lat' dir='ltr'><strong>haec</strong></span> <span class='ocrx_word' id='word_1_841' title='bbox 2623 5446 2938 5501; x_wconf 79' lang='lat' dir='ltr'><strong>existimare</strong></span> <span class='ocrx_word' id='word_1_842' title='bbox 2995 5464 3052 5502; x_wconf 92' lang='lat' dir='ltr'><strong>se</strong></span> <span class='ocrx_word' id='word_1_843' title='bbox 3098 5450 3248 5502; x_wconf 89' lang='lat' dir='ltr'><strong>illum</strong></span> <span class='ocrx_word' id='word_1_844' title='bbox 3299 5449 3600 5519; x_wconf 89' lang='lat' dir='ltr'><strong>conjicien-</strong></span> 
     </span>
    </p>
   </div>
   <div class='ocr_carea' id='block_1_119' title="bbox 2023 5535 3598 5609">
    <p class='ocr_par' dir='ltr' id='par_1_119' title="bbox 2023 5535 3598 5609">
     <span class='ocr_line' id='line_1_119' title="bbox 2023 5535 3598 5609; baseline 0.001 -17"><span class='ocrx_word' id='word_1_845' title='bbox 2023 5538 2152 5592; x_wconf 84' lang='lat' dir='ltr'><strong>dum</strong></span> <span class='ocrx_word' id='word_1_846' title='bbox 2185 5540 2242 5590; x_wconf 86' lang='lat' dir='ltr'><strong>in</strong></span> <span class='ocrx_word' id='word_1_847' title='bbox 2277 5535 2581 5590; x_wconf 73' lang='lat' dir='ltr'><strong>custodiam</strong></span> <span class='ocrx_word' id='word_1_848' title='bbox 2611 5555 2624 5589; x_wconf 88' lang='lat'><strong>:</strong></span> <span class='ocrx_word' id='word_1_849' title='bbox 2657 5546 2712 5591; x_wconf 90' lang='lat' dir='ltr'><strong>et</strong></span> <span class='ocrx_word' id='word_1_850' title='bbox 2758 5538 2898 5590; x_wconf 89' lang='lat' dir='ltr'><strong>hanc</strong></span> <span class='ocrx_word' id='word_1_851' title='bbox 2931 5540 3257 5593; x_wconf 88' lang='lat' dir='ltr'><strong>sententiam</strong></span> <span class='ocrx_word' id='word_1_852' title='bbox 3309 5554 3460 5592; x_wconf 89' lang='lat' dir='ltr'><strong>suam</strong></span> <span class='ocrx_word' id='word_1_853' title='bbox 3493 5540 3598 5609; x_wconf 85' lang='lat' dir='ltr'><strong>ipsi</strong></span> 
     </span>
    </p>
   </div>
   <div class='ocr_carea' id='block_1_120' title="bbox 2023 5627 3599 5700">
    <p class='ocr_par' dir='ltr' id='par_1_120' title="bbox 2023 5627 3599 5700">
     <span class='ocr_line' id='line_1_120' title="bbox 2023 5627 3599 5700; baseline -0.001 -17"><span class='ocrx_word' id='word_1_854' title='bbox 2023 5629 2268 5683; x_wconf 83' lang='lat' dir='ltr'><strong>indicare</strong></span> <span class='ocrx_word' id='word_1_855' title='bbox 2298 5627 2561 5691; x_wconf 84' lang='lat' dir='ltr'><strong>voluisse,</strong></span> <span class='ocrx_word' id='word_1_856' title='bbox 2592 5638 2652 5682; x_wconf 92' lang='lat' dir='ltr'><strong>ut</strong></span> <span class='ocrx_word' id='word_1_857' title='bbox 2695 5629 2899 5695; x_wconf 79' lang='lat' dir='ltr'><strong>pariter</strong></span> <span class='ocrx_word' id='word_1_858' title='bbox 2935 5630 3105 5685; x_wconf 89' lang='lat' dir='ltr'><strong>sciret</strong></span> <span class='ocrx_word' id='word_1_859' title='bbox 3147 5646 3316 5700; x_wconf 90' lang='lat' dir='ltr'><strong>seque</strong></span> <span class='ocrx_word' id='word_1_860' title='bbox 3361 5633 3427 5687; x_wconf 87' lang='lat' dir='ltr'><strong>ad</strong></span> <span class='ocrx_word' id='word_1_861' title='bbox 3469 5649 3599 5688; x_wconf 89' lang='lat' dir='ltr'><strong>eum.</strong></span> 
     </span>
    </p>
   </div>
   <div class='ocr_carea' id='block_1_121' title="bbox 2021 5714 3600 5790">
    <p class='ocr_par' dir='ltr' id='par_1_121' title="bbox 2021 5714 3600 5790">
     <span class='ocr_line' id='line_1_121' title="bbox 2021 5714 3600 5790; baseline 0 -15"><span class='ocrx_word' id='word_1_862' title='bbox 2021 5715 2494 5788; x_wconf 87' lang='lat' dir='ltr'><strong>comprimendum</strong></span> <span class='ocrx_word' id='word_1_863' title='bbox 2532 5719 2835 5788; x_wconf 80' lang='lat' dir='ltr'><strong>adiuvaret.</strong></span> <span class='ocrx_word' id='word_1_864' title='bbox 2863 5714 3041 5786; x_wconf 83' lang='lat' dir='ltr'><strong>Nepos</strong></span> <span class='ocrx_word' id='word_1_865' title='bbox 3094 5720 3166 5773; x_wconf 90' lang='lat' dir='ltr'><strong>ita</strong></span> <span class='ocrx_word' id='word_1_866' title='bbox 3203 5722 3506 5790; x_wconf 82' lang='lat' dir='ltr'><strong>respondit,</strong></span> <span class='ocrx_word' id='word_1_867' title='bbox 3540 5740 3600 5776; x_wconf 78' lang='lat' dir='ltr'><strong>se</strong></span> 
     </span>
    </p>
   </div>
   <div class='ocr_carea' id='block_1_122' title="bbox 2019 5811 3600 5883">
    <p class='ocr_par' dir='ltr' id='par_1_122' title="bbox 2019 5811 3600 5883">
     <span class='ocr_line' id='line_1_122' title="bbox 2019 5811 3600 5883; baseline 0.004 -19"><span class='ocrx_word' id='word_1_868' title='bbox 2019 5824 2238 5883; x_wconf 85' lang='lat' dir='ltr'><strong>quoque</strong></span> <span class='ocrx_word' id='word_1_869' title='bbox 2320 5811 2800 5880; x_wconf 87' lang='lat' dir='ltr'><strong>protovestiarium</strong></span> <span class='ocrx_word' id='word_1_870' title='bbox 2866 5823 3074 5876; x_wconf 67' lang='lat' dir='ltr'><strong>magum.</strong></span> <span class='ocrx_word' id='word_1_871' title='bbox 3139 5811 3322 5867; x_wconf 68' lang='lat' dir='ltr'><strong>amita:</strong></span> <span class='ocrx_word' id='word_1_872' title='bbox 3376 5829 3485 5870; x_wconf 69' lang='lat' dir='ltr'><strong>sua:</strong></span> <span class='ocrx_word' id='word_1_873' title='bbox 3537 5816 3600 5869; x_wconf 84' lang='lat' dir='ltr'><strong>tl-</strong></span> 
     </span>
    </p>
   </div>
   <div class='ocr_carea' id='block_1_123' title="bbox 3172 5910 3250 5969">
    <p class='ocr_par' dir='ltr' id='par_1_123' title="bbox 3172 5910 3250 5969">
     <span class='ocr_line' id='line_1_123' title="bbox 3172 5910 3250 5969; baseline 0.013 -1"><span class='ocrx_word' id='word_1_874' title='bbox 3172 5910 3250 5969; x_wconf 81' lang='grc'><strong>10</strong></span> 
     </span>
    </p>
   </div>
  </div>
