  <div class='ocr_page' id='page_1' title='image "/cluster/home/n/w/nwhite01/storage/ocr_20150623/153/mdp.39015078384727/169.png"; bbox 0 0 4136 6288; ppageno 0'>
   <div class='ocr_carea' id='block_1_1' title="bbox 468 307 574 368">
    <p class='ocr_par' dir='ltr' id='par_1_1' title="bbox 468 307 574 368">
     <span class='ocr_line' id='line_1_1' title="bbox 468 307 574 368; baseline 0.019 -2"><span class='ocrx_word' id='word_1_1' title='bbox 468 307 574 368; x_wconf 66' lang='lat'><strong>$.03</strong></span> 
     </span>
    </p>
   </div>
   <div class='ocr_carea' id='block_1_2' title="bbox 1667 289 2557 358">
    <p class='ocr_par' dir='ltr' id='par_1_2' title="bbox 1667 289 2557 358">
     <span class='ocr_line' id='line_1_2' title="bbox 1667 289 2557 358; baseline -0.01 0"><span class='ocrx_word' id='word_1_2' title='bbox 1667 291 1992 358; x_wconf 76' lang='lat' dir='ltr'><strong>JOANNIS</strong></span> <span class='ocrx_word' id='word_1_3' title='bbox 2031 289 2557 352; x_wconf 74' lang='lat' dir='ltr'><strong>CANTACUZENI</strong></span> 
     </span>
    </p>
   </div>
   <div class='ocr_carea' id='block_1_3' title="bbox 3600 281 3703 347">
    <p class='ocr_par' dir='ltr' id='par_1_3' title="bbox 3600 281 3703 347">
     <span class='ocr_line' id='line_1_3' title="bbox 3600 281 3703 347; baseline 0 -2"><span class='ocrx_word' id='word_1_4' title='bbox 3600 281 3703 347; x_wconf 77' lang='grc' dir='ltr'><strong>3οι</strong></span> 
     </span>
    </p>
   </div>
   <div class='ocr_carea' id='block_1_4' title="bbox 464 393 2065 492">
    <p class='ocr_par' dir='ltr' id='par_1_4' title="bbox 464 409 2041 492">
     <span class='ocr_line' id='line_1_4' title="bbox 464 409 2041 492; baseline -0.011 -15"><span class='ocrx_word' id='word_1_5' title='bbox 464 419 720 492; x_wconf 85' lang='lat' dir='ltr'><strong>jectionis</strong></span> <span class='ocrx_word' id='word_1_6' title='bbox 751 434 906 482; x_wconf 77' lang='lat' dir='ltr'><strong>meze,</strong></span> <span class='ocrx_word' id='word_1_7' title='bbox 953 431 1116 488; x_wconf 88' lang='lat' dir='ltr'><strong>quam</strong></span> <span class='ocrx_word' id='word_1_8' title='bbox 1147 431 1276 484; x_wconf 82' lang='lat' dir='ltr'><strong>erga</strong></span> <span class='ocrx_word' id='word_1_9' title='bbox 1315 427 1438 469; x_wconf 86' lang='lat' dir='ltr'><strong>eum</strong></span> <span class='ocrx_word' id='word_1_10' title='bbox 1475 411 1632 467; x_wconf 89' lang='lat' dir='ltr'><strong>factis</strong></span> <span class='ocrx_word' id='word_1_11' title='bbox 1667 409 1902 471; x_wconf 76' lang='lat' dir='ltr'><strong>ostendi,</strong></span> <span class='ocrx_word' id='word_1_12' title='bbox 1932 423 2041 460; x_wconf 91' lang='lat' dir='ltr'><strong>non</strong></span> 
     </span>
    </p>
   </div>
   <div class='ocr_carea' id='block_1_5' title="bbox 2167 393 3708 492">
    <p class='ocr_par' dir='ltr' id='par_1_5' title="bbox 2167 393 3708 473">
     <span class='ocr_line' id='line_1_5' title="bbox 2167 393 3708 473; baseline -0.008 -15"><span class='ocrx_word' id='word_1_13' title='bbox 2167 404 2426 467; x_wconf 66' lang='grc' dir='ltr'>Βασιλεὺς,</span> <span class='ocrx_word' id='word_1_14' title='bbox 2463 404 2669 473; x_wconf 77' lang='grc' dir='ltr'>ἤλγησε</span> <span class='ocrx_word' id='word_1_15' title='bbox 2722 400 2823 469; x_wconf 78' lang='grc' dir='ltr'>μὲν</span> <span class='ocrx_word' id='word_1_16' title='bbox 2862 399 2960 469; x_wconf 75' lang='grc' dir='ltr'><strong>οὐχ</strong></span> <span class='ocrx_word' id='word_1_17' title='bbox 3015 399 3224 468; x_wconf 73' lang='grc' dir='ltr'>ἣκιστα</span> <span class='ocrx_word' id='word_1_18' title='bbox 3258 393 3354 448; x_wconf 62' lang='grc' dir='ltr'><strong>ἐπὶ⁴</strong></span> <span class='ocrx_word' id='word_1_19' title='bbox 3386 396 3504 458; x_wconf 79' lang='grc' dir='ltr'>ταῖς</span> <span class='ocrx_word' id='word_1_20' title='bbox 3539 395 3708 463; x_wconf 81' lang='grc' dir='ltr'>ἀγγε-</span> 
     </span>
    </p>
   </div>
   <div class='ocr_carea' id='block_1_6' title="bbox 471 499 2032 582">
    <p class='ocr_par' dir='ltr' id='par_1_6' title="bbox 471 499 2032 582">
     <span class='ocr_line' id='line_1_6' title="bbox 471 499 2032 582; baseline -0.01 -16"><span class='ocrx_word' id='word_1_21' title='bbox 471 528 642 582; x_wconf 82' lang='lat' dir='ltr'><strong>usquc</strong></span> <span class='ocrx_word' id='word_1_22' title='bbox 695 511 832 564; x_wconf 88' lang='lat' dir='ltr'><strong>adeo</strong></span> <span class='ocrx_word' id='word_1_23' title='bbox 867 509 1192 578; x_wconf 82' lang='lat' dir='ltr'><strong>deposuisse</strong></span> <span class='ocrx_word' id='word_1_24' title='bbox 1230 504 1573 559; x_wconf 75' lang='lat' dir='ltr'><strong>memoriam.</strong></span> <span class='ocrx_word' id='word_1_25' title='bbox 1609 501 1714 556; x_wconf 98' lang='lat' dir='ltr'><strong>Sed</strong></span> <span class='ocrx_word' id='word_1_26' title='bbox 1745 499 1869 569; x_wconf 86' lang='lat' dir='ltr'><strong>quia</strong></span> <span class='ocrx_word' id='word_1_27' title='bbox 1906 513 2032 567; x_wconf 89' lang='lat' dir='ltr'><strong>pec-</strong></span> 
     </span>
    </p>
   </div>
   <div class='ocr_carea' id='block_1_7' title="bbox 467 591 2036 663">
    <p class='ocr_par' dir='ltr' id='par_1_7' title="bbox 467 591 2036 663">
     <span class='ocr_line' id='line_1_7' title="bbox 467 591 2036 663; baseline -0.01 -6"><span class='ocrx_word' id='word_1_28' title='bbox 467 604 604 657; x_wconf 92' lang='lat' dir='ltr'><strong>catis</strong></span> <span class='ocrx_word' id='word_1_29' title='bbox 630 603 765 656; x_wconf 79' lang='lat' dir='ltr'><strong>lueis</strong></span> <span class='ocrx_word' id='word_1_30' title='bbox 801 600 1003 654; x_wconf 82' lang='lat' dir='ltr'><strong>factum</strong></span> <span class='ocrx_word' id='word_1_31' title='bbox 1038 591 1153 662; x_wconf 69' lang='lat' dir='ltr'><strong>est,</strong></span> <span class='ocrx_word' id='word_1_32' title='bbox 1181 604 1239 648; x_wconf 95' lang='lat' dir='ltr'><strong>ut</strong></span> <span class='ocrx_word' id='word_1_33' title='bbox 1271 596 1379 651; x_wconf 93' lang='lat' dir='ltr'><strong>huc</strong></span> <span class='ocrx_word' id='word_1_34' title='bbox 1405 593 1808 663; x_wconf 74' lang='lat' dir='ltr'><strong>prolaberetur,</strong></span> <span class='ocrx_word' id='word_1_35' title='bbox 1840 603 2036 657; x_wconf 87' lang='lat' dir='ltr'><strong>meque</strong></span> 
     </span>
    </p>
   </div>
   <div class='ocr_carea' id='block_1_8' title="bbox 470 686 2038 761">
    <p class='ocr_par' dir='ltr' id='par_1_8' title="bbox 470 686 2038 761">
     <span class='ocr_line' id='line_1_8' title="bbox 470 686 2038 761; baseline -0.011 -17"><span class='ocrx_word' id='word_1_36' title='bbox 470 693 752 761; x_wconf 85' lang='lat' dir='ltr'><strong>perjurum</strong></span> <span class='ocrx_word' id='word_1_37' title='bbox 789 698 842 741; x_wconf 89' lang='lat' dir='ltr'><strong>et</strong></span> <span class='ocrx_word' id='word_1_38' title='bbox 877 695 1160 756; x_wconf 87' lang='lat' dir='ltr'><strong>pactorum</strong></span> <span class='ocrx_word' id='word_1_39' title='bbox 1203 692 1718 748; x_wconf 82' lang='lat' dir='ltr'><strong>conventorumque</strong></span> <span class='ocrx_word' id='word_1_40' title='bbox 1784 686 2038 729; x_wconf 89' lang='lat' dir='ltr'><strong>eontem-</strong></span> 
     </span>
    </p>
   </div>
   <div class='ocr_carea' id='block_1_9' title="bbox 398 767 2040 848">
    <p class='ocr_par' dir='ltr' id='par_1_9' title="bbox 398 767 2040 848">
     <span class='ocr_line' id='line_1_9' title="bbox 398 767 2040 848; baseline -0.008 -16"><span class='ocrx_word' id='word_1_41' title='bbox 398 841 401 844; x_wconf 93' lang='lat'><strong><em>_</em></strong></span> <span class='ocrx_word' id='word_1_42' title='bbox 472 787 687 848; x_wconf 87' lang='lat' dir='ltr'><strong>ptorem</strong></span> <span class='ocrx_word' id='word_1_43' title='bbox 732 777 1098 848; x_wconf 81' lang='lat' dir='ltr'><strong>judicaretac</strong></span> <span class='ocrx_word' id='word_1_44' title='bbox 1127 773 1357 835; x_wconf 88' lang='lat' dir='ltr'><strong>diceret,</strong></span> <span class='ocrx_word' id='word_1_45' title='bbox 1402 786 1525 826; x_wconf 91' lang='lat' dir='ltr'><strong>eum</strong></span> <span class='ocrx_word' id='word_1_46' title='bbox 1571 769 1801 839; x_wconf 88' lang='lat' dir='ltr'><strong>probum</strong></span> <span class='ocrx_word' id='word_1_47' title='bbox 1834 767 2040 836; x_wconf 83' lang='lat' dir='ltr'><strong>potius,</strong></span> 
     </span>
    </p>
   </div>
   <div class='ocr_carea' id='block_1_10' title="bbox 395 863 2041 939">
    <p class='ocr_par' dir='ltr' id='par_1_10' title="bbox 395 863 2041 939">
     <span class='ocr_line' id='line_1_10' title="bbox 395 863 2041 939; baseline -0.007 -18"><span class='ocrx_word' id='word_1_48' title='bbox 395 871 422 889; x_wconf 62' lang='lat'>‘</span> <span class='ocrx_word' id='word_1_49' title='bbox 477 872 646 939; x_wconf 78' lang='lat' dir='ltr'><strong>patris</strong></span> <span class='ocrx_word' id='word_1_50' title='bbox 682 878 982 928; x_wconf 89' lang='lat' dir='ltr'><strong>amantem,</strong></span> <span class='ocrx_word' id='word_1_51' title='bbox 1018 865 1237 933; x_wconf 71' lang='lat' dir='ltr'><strong>sibique</strong></span> <span class='ocrx_word' id='word_1_52' title='bbox 1285 863 1754 932; x_wconf 88' lang='lat' dir='ltr'><strong>subjectissimum</strong></span> <span class='ocrx_word' id='word_1_53' title='bbox 1786 867 2041 927; x_wconf 89' lang='lat' dir='ltr'><strong>reputare</strong></span> 
     </span>
    </p>
   </div>
   <div class='ocr_carea' id='block_1_11' title="bbox 475 950 2041 1028">
    <p class='ocr_par' dir='ltr' id='par_1_11' title="bbox 475 950 2041 1028">
     <span class='ocr_line' id='line_1_11' title="bbox 475 950 2041 1028; baseline -0.011 -10"><span class='ocrx_word' id='word_1_54' title='bbox 475 963 780 1020; x_wconf 80' lang='lat' dir='ltr'><strong>debuisset,</strong></span> <span class='ocrx_word' id='word_1_55' title='bbox 810 959 1045 1028; x_wconf 79' lang='lat' dir='ltr'><strong>primum</strong></span> <span class='ocrx_word' id='word_1_56' title='bbox 1076 954 1298 1023; x_wconf 81' lang='lat' dir='ltr'><strong>quidem</strong></span> <span class='ocrx_word' id='word_1_57' title='bbox 1334 961 1643 1023; x_wconf 80' lang='lat' dir='ltr'><strong>opportune</strong></span> <span class='ocrx_word' id='word_1_58' title='bbox 1679 965 1776 1005; x_wconf 91' lang='lat' dir='ltr'><strong>vos</strong></span> <span class='ocrx_word' id='word_1_59' title='bbox 1807 950 1916 1002; x_wconf 93' lang='lat' dir='ltr'><strong>huc</strong></span> <span class='ocrx_word' id='word_1_60' title='bbox 1944 964 2041 1001; x_wconf 88' lang='lat' dir='ltr'><strong>ve-</strong></span> 
     </span>
    </p>
   </div>
   <div class='ocr_carea' id='block_1_12' title="bbox 478 1039 2044 1115">
    <p class='ocr_par' dir='ltr' id='par_1_12' title="bbox 478 1039 2044 1115">
     <span class='ocr_line' id='line_1_12' title="bbox 478 1039 2044 1115; baseline -0.01 -8"><span class='ocrx_word' id='word_1_61' title='bbox 478 1054 624 1107; x_wconf 88' lang='lat' dir='ltr'><strong>nisse</strong></span> <span class='ocrx_word' id='word_1_62' title='bbox 657 1052 922 1111; x_wconf 88' lang='lat' dir='ltr'><strong>arbitror,</strong></span> <span class='ocrx_word' id='word_1_63' title='bbox 972 1048 1120 1101; x_wconf 75' lang='lat' dir='ltr'><strong>viros</strong></span> <span class='ocrx_word' id='word_1_64' title='bbox 1152 1044 1483 1115; x_wconf 86' lang='lat' dir='ltr'><strong>prudentes,</strong></span> <span class='ocrx_word' id='word_1_65' title='bbox 1529 1043 1736 1110; x_wconf 88' lang='lat' dir='ltr'><strong>quique</strong></span> <span class='ocrx_word' id='word_1_66' title='bbox 1785 1039 2044 1092; x_wconf 80' lang='lat' dir='ltr'><strong>facillime</strong></span> 
     </span>
    </p>
   </div>
   <div class='ocr_carea' id='block_1_13' title="bbox 477 1130 2042 1199">
    <p class='ocr_par' dir='ltr' id='par_1_13' title="bbox 477 1130 2042 1199">
     <span class='ocr_line' id='line_1_13' title="bbox 477 1130 2042 1199; baseline -0.012 0"><span class='ocrx_word' id='word_1_67' title='bbox 477 1161 545 1199; x_wconf 76' lang='lat' dir='ltr'><strong>ex</strong></span> <span class='ocrx_word' id='word_1_68' title='bbox 588 1144 840 1197; x_wconf 91' lang='lat' dir='ltr'><strong>oratione</strong></span> <span class='ocrx_word' id='word_1_69' title='bbox 886 1153 1003 1192; x_wconf 88' lang='lat' dir='ltr'><strong>mea</strong></span> <span class='ocrx_word' id='word_1_70' title='bbox 1039 1138 1325 1190; x_wconf 73' lang='lat' dir='ltr'><strong>veritatem</strong></span> <span class='ocrx_word' id='word_1_71' title='bbox 1353 1145 1408 1189; x_wconf 89' lang='lat' dir='ltr'><strong>et</strong></span> <span class='ocrx_word' id='word_1_72' title='bbox 1441 1132 1677 1186; x_wconf 73' lang='lat' dir='ltr'><strong>oiliciuui</strong></span> <span class='ocrx_word' id='word_1_73' title='bbox 1711 1130 2042 1184; x_wconf 82' lang='lat' dir='ltr'><strong>intellecturi</strong></span> 
     </span>
    </p>
   </div>
   <div class='ocr_carea' id='block_1_14' title="bbox 480 1218 2044 1298">
    <p class='ocr_par' dir='ltr' id='par_1_14' title="bbox 480 1218 2044 1298">
     <span class='ocr_line' id='line_1_14' title="bbox 480 1218 2044 1298; baseline -0.013 -8"><span class='ocrx_word' id='word_1_74' title='bbox 480 1237 609 1290; x_wconf 87' lang='lat' dir='ltr'><strong>sint.</strong></span> <span class='ocrx_word' id='word_1_75' title='bbox 663 1234 870 1288; x_wconf 82' lang='lat' dir='ltr'><strong>Deinde</strong></span> <span class='ocrx_word' id='word_1_76' title='bbox 934 1232 1237 1298; x_wconf 80' lang='lat' dir='ltr'><strong>interrogo,</strong></span> <span class='ocrx_word' id='word_1_77' title='bbox 1295 1224 1491 1296; x_wconf 88' lang='lat' dir='ltr'><strong>ecquid</strong></span> <span class='ocrx_word' id='word_1_78' title='bbox 1545 1224 1613 1278; x_wconf 90' lang='lat' dir='ltr'><strong>ab</strong></span> <span class='ocrx_word' id='word_1_79' title='bbox 1659 1238 1761 1276; x_wconf 81' lang='lat' dir='ltr'><strong>avo</strong></span> <span class='ocrx_word' id='word_1_80' title='bbox 1819 1234 1942 1274; x_wconf 83' lang='lat' dir='ltr'><strong>meo</strong></span> <span class='ocrx_word' id='word_1_81' title='bbox 1990 1218 2044 1271; x_wconf 92' lang='lat' dir='ltr'><strong>in</strong></span> 
     </span>
    </p>
   </div>
   <div class='ocr_carea' id='block_1_15' title="bbox 484 1311 2046 1391">
    <p class='ocr_par' dir='ltr' id='par_1_15' title="bbox 484 1311 2046 1391">
     <span class='ocr_line' id='line_1_15' title="bbox 484 1311 2046 1391; baseline -0.012 -10"><span class='ocrx_word' id='word_1_82' title='bbox 484 1325 755 1381; x_wconf 78' lang='lat' dir='ltr'><strong>mandatis</strong></span> <span class='ocrx_word' id='word_1_83' title='bbox 788 1322 1141 1391; x_wconf 78' lang='lat' dir='ltr'><strong>acceperitis,</strong></span> <span class='ocrx_word' id='word_1_84' title='bbox 1180 1329 1240 1372; x_wconf 95' lang='lat' dir='ltr'><strong>ut</strong></span> <span class='ocrx_word' id='word_1_85' title='bbox 1292 1317 1360 1371; x_wconf 89' lang='lat' dir='ltr'><strong>de</strong></span> <span class='ocrx_word' id='word_1_86' title='bbox 1393 1316 1612 1385; x_wconf 85' lang='lat' dir='ltr'><strong>injuriis</strong></span> <span class='ocrx_word' id='word_1_87' title='bbox 1643 1315 1719 1369; x_wconf 90' lang='lat' dir='ltr'><strong>illi</strong></span> <span class='ocrx_word' id='word_1_88' title='bbox 1750 1329 1777 1367; x_wconf 93' lang='lat' dir='ltr'><strong>a</strong></span> <span class='ocrx_word' id='word_1_89' title='bbox 1813 1327 1899 1366; x_wconf 90' lang='lat' dir='ltr'><strong>me</strong></span> <span class='ocrx_word' id='word_1_90' title='bbox 1929 1311 2046 1364; x_wconf 82' lang='lat' dir='ltr'><strong>illa-</strong></span> 
     </span>
    </p>
   </div>
   <div class='ocr_carea' id='block_1_16' title="bbox 483 1404 2049 1485">
    <p class='ocr_par' dir='ltr' id='par_1_16' title="bbox 483 1404 2049 1485">
     <span class='ocr_line' id='line_1_16' title="bbox 483 1404 2049 1485; baseline -0.01 -13"><span class='ocrx_word' id='word_1_91' title='bbox 483 1419 551 1473; x_wconf 90' lang='lat' dir='ltr'><strong>tis</strong></span> <span class='ocrx_word' id='word_1_92' title='bbox 576 1433 786 1473; x_wconf 85' lang='lat' dir='ltr'><strong>mecum</strong></span> <span class='ocrx_word' id='word_1_93' title='bbox 812 1411 1192 1485; x_wconf 75' lang='lat' dir='ltr'><strong>expostulatis,</strong></span> <span class='ocrx_word' id='word_1_94' title='bbox 1249 1423 1533 1478; x_wconf 85' lang='lat' dir='ltr'><strong>meamque</strong></span> <span class='ocrx_word' id='word_1_95' title='bbox 1558 1417 1749 1462; x_wconf 90' lang='lat' dir='ltr'><strong>contra</strong></span> <span class='ocrx_word' id='word_1_96' title='bbox 1776 1404 2049 1458; x_wconf 84' lang='lat' dir='ltr'><strong>defensio-</strong></span> 
     </span>
    </p>
   </div>
   <div class='ocr_carea' id='block_1_17' title="bbox 483 1492 2047 1568">
    <p class='ocr_par' dir='ltr' id='par_1_17' title="bbox 483 1492 2047 1568">
     <span class='ocr_line' id='line_1_17' title="bbox 483 1492 2047 1568; baseline -0.011 -4"><span class='ocrx_word' id='word_1_97' title='bbox 483 1526 607 1564; x_wconf 89' lang='lat' dir='ltr'><strong>nem</strong></span> <span class='ocrx_word' id='word_1_98' title='bbox 644 1507 896 1562; x_wconf 87' lang='lat' dir='ltr'><strong>audiatis.</strong></span> <span class='ocrx_word' id='word_1_99' title='bbox 949 1502 1159 1558; x_wconf 87' lang='lat' dir='ltr'><strong>Etenim</strong></span> <span class='ocrx_word' id='word_1_100' title='bbox 1195 1501 1261 1555; x_wconf 89' lang='lat' dir='ltr'><strong>ad</strong></span> <span class='ocrx_word' id='word_1_101' title='bbox 1290 1500 1505 1568; x_wconf 89' lang='lat' dir='ltr'><strong>objecta</strong></span> <span class='ocrx_word' id='word_1_102' title='bbox 1551 1495 1874 1565; x_wconf 78' lang='lat' dir='ltr'><strong>depellenda</strong></span> <span class='ocrx_word' id='word_1_103' title='bbox 1901 1492 2047 1564; x_wconf 92' lang='lat' dir='ltr'><strong>quod</strong></span> 
     </span>
    </p>
   </div>
   <div class='ocr_carea' id='block_1_18' title="bbox 486 1588 2047 1666">
    <p class='ocr_par' dir='ltr' id='par_1_18' title="bbox 486 1588 2047 1666">
     <span class='ocr_line' id='line_1_18' title="bbox 486 1588 2047 1666; baseline -0.012 -11"><span class='ocrx_word' id='word_1_104' title='bbox 486 1603 690 1662; x_wconf 90' lang='lat' dir='ltr'><strong>dicam,</strong></span> <span class='ocrx_word' id='word_1_105' title='bbox 728 1596 1161 1666; x_wconf 76' lang='lat' dir='ltr'><strong>superfuturum,</strong></span> <span class='ocrx_word' id='word_1_106' title='bbox 1223 1591 1423 1645; x_wconf 89' lang='lat' dir='ltr'><strong>nedum</strong></span> <span class='ocrx_word' id='word_1_107' title='bbox 1487 1588 1802 1643; x_wconf 87' lang='lat' dir='ltr'><strong>defuturum</strong></span> <span class='ocrx_word' id='word_1_108' title='bbox 1863 1600 2047 1655; x_wconf 91' lang='lat' dir='ltr'><strong>spero.</strong></span> 
     </span>
    </p>
   </div>
   <div class='ocr_carea' id='block_1_19' title="bbox 489 1682 2047 1761">
    <p class='ocr_par' dir='ltr' id='par_1_19' title="bbox 489 1682 2047 1761">
     <span class='ocr_line' id='line_1_19' title="bbox 489 1682 2047 1761; baseline -0.012 -14"><span class='ocrx_word' id='word_1_109' title='bbox 489 1689 990 1761; x_wconf 80' lang='lat' dir='ltr'><strong>Respondentibus,</strong></span> <span class='ocrx_word' id='word_1_110' title='bbox 1042 1703 1149 1741; x_wconf 92' lang='lat' dir='ltr'><strong>non</strong></span> <span class='ocrx_word' id='word_1_111' title='bbox 1183 1686 1306 1755; x_wconf 87' lang='lat' dir='ltr'><strong>plus</strong></span> <span class='ocrx_word' id='word_1_112' title='bbox 1349 1682 1457 1738; x_wconf 89' lang='lat' dir='ltr'><strong>sibi</strong></span> <span class='ocrx_word' id='word_1_113' title='bbox 1485 1685 1854 1751; x_wconf 51' lang='lat' dir='ltr'><strong>:prmceptum,</strong></span> <span class='ocrx_word' id='word_1_114' title='bbox 1883 1692 2047 1747; x_wconf 89' lang='lat' dir='ltr'><strong>quam</strong></span> 
     </span>
    </p>
   </div>
   <div class='ocr_carea' id='block_1_20' title="bbox 2136 482 3711 565">
    <p class='ocr_par' dir='ltr' id='par_1_20' title="bbox 2136 482 3711 565">
     <span class='ocr_line' id='line_1_20' title="bbox 2136 482 3711 565; baseline -0.01 -14"><span class='ocrx_word' id='word_1_115' title='bbox 2136 498 2317 561; x_wconf 74' lang='grc' dir='ltr'>λίαιςο</span> <span class='ocrx_word' id='word_1_116' title='bbox 2356 496 2555 565; x_wconf 74' lang='grc' dir='ltr'>μικρὸν</span> <span class='ocrx_word' id='word_1_117' title='bbox 2603 493 2658 547; x_wconf 81' lang='grc' dir='ltr'>δὲ</span> <span class='ocrx_word' id='word_1_118' title='bbox 2729 493 3004 562; x_wconf 85' lang='grc' dir='ltr'>ἐπισχὼν,</span> <span class='ocrx_word' id='word_1_119' title='bbox 3055 488 3412 558; x_wconf 84' lang='grc' dir='ltr'>Ἐϐουλόμην,</span> <span class='ocrx_word' id='word_1_120' title='bbox 3463 482 3711 557; x_wconf 40' lang='lat' dir='ltr'><strong>sinapi)</strong></span> 
     </span>
    </p>
   </div>
   <div class='ocr_carea' id='block_1_21' title="bbox 2137 578 3715 656">
    <p class='ocr_par' dir='ltr' id='par_1_21' title="bbox 2137 578 3715 656">
     <span class='ocr_line' id='line_1_21' title="bbox 2137 578 3715 656; baseline -0.004 -17"><span class='ocrx_word' id='word_1_121' title='bbox 2137 586 2400 640; x_wconf 89' lang='grc' dir='ltr'>τοσοῦτον</span> <span class='ocrx_word' id='word_1_122' title='bbox 2450 587 2742 656; x_wconf 81' lang='grc' dir='ltr'>ἀμνήμονα</span> <span class='ocrx_word' id='word_1_123' title='bbox 2780 584 2870 637; x_wconf 71' lang='grc' dir='ltr'>τὸν</span> <span class='ocrx_word' id='word_1_124' title='bbox 2923 583 3053 651; x_wconf 68' lang='grc' dir='ltr'>ἐμὶν</span> <span class='ocrx_word' id='word_1_125' title='bbox 3097 582 3288 649; x_wconf 82' lang='grc' dir='ltr'>κύριον</span> <span class='ocrx_word' id='word_1_126' title='bbox 3335 581 3430 632; x_wconf 79' lang='grc' dir='ltr'>καὶ</span> <span class='ocrx_word' id='word_1_127' title='bbox 3487 578 3715 647; x_wconf 81' lang='grc' dir='ltr'><strong>βασιλέα</strong></span> 
     </span>
    </p>
   </div>
   <div class='ocr_carea' id='block_1_22' title="bbox 2137 665 3717 746">
    <p class='ocr_par' dir='ltr' id='par_1_22' title="bbox 2137 665 3717 746">
     <span class='ocr_line' id='line_1_22' title="bbox 2137 665 3717 746; baseline -0.006 -19"><span class='ocrx_word' id='word_1_128' title='bbox 2137 668 2205 746; x_wconf 76' lang='grc' dir='ltr'>ἧς</span> <span class='ocrx_word' id='word_1_129' title='bbox 2237 676 2423 746; x_wconf 80' lang='grc' dir='ltr'>ἐργοις</span> <span class='ocrx_word' id='word_1_130' title='bbox 2458 673 2621 736; x_wconf 82' lang='grc' dir='ltr'>αὐτὸς</span> <span class='ocrx_word' id='word_1_131' title='bbox 2666 671 2984 734; x_wconf 81' lang='grc' dir='ltr'>εὐπειθείας</span> <span class='ocrx_word' id='word_1_132' title='bbox 3036 671 3132 723; x_wconf 71' lang='grc' dir='ltr'>καὶ</span> <span class='ocrx_word' id='word_1_133' title='bbox 3164 668 3411 729; x_wconf 81' lang='grc' dir='ltr'>δουλείας</span> <span class='ocrx_word' id='word_1_134' title='bbox 3456 666 3594 733; x_wconf 73' lang='grc' dir='ltr'>πρὸς</span> <span class='ocrx_word' id='word_1_135' title='bbox 3624 665 3717 718; x_wconf 76' lang='grc' dir='ltr'><strong>αὒ-</strong></span> 
     </span>
    </p>
   </div>
   <div class='ocr_carea' id='block_1_23' title="bbox 2139 756 3716 833">
    <p class='ocr_par' dir='ltr' id='par_1_23' title="bbox 2139 756 3716 833">
     <span class='ocr_line' id='line_1_23' title="bbox 2139 756 3716 833; baseline -0.008 -15"><span class='ocrx_word' id='word_1_136' title='bbox 2139 766 2232 818; x_wconf 84' lang='grc' dir='ltr'><strong>τὺν</strong></span> <span class='ocrx_word' id='word_1_137' title='bbox 2279 764 2634 833; x_wconf 78' lang='grc' dir='ltr'><strong>ἐνεδειξάμην</strong></span> <span class='ocrx_word' id='word_1_138' title='bbox 2689 763 2924 832; x_wconf 80' lang='grc' dir='ltr'>ὀφθῆναι</span> <span class='ocrx_word' id='word_1_139' title='bbox 2979 759 3096 813; x_wconf 78' lang='grc' dir='ltr'>νῦνο</span> <span class='ocrx_word' id='word_1_140' title='bbox 3129 761 3250 812; x_wconf 79' lang='grc' dir='ltr'>ἐπεὶ</span> <span class='ocrx_word' id='word_1_141' title='bbox 3277 758 3322 810; x_wconf 86' lang='grc' dir='ltr'>δ’</span> <span class='ocrx_word' id='word_1_142' title='bbox 3357 759 3391 826; x_wconf 85' lang='grc' dir='ltr'>ἡ</span> <span class='ocrx_word' id='word_1_143' title='bbox 3431 756 3539 808; x_wconf 87' lang='grc' dir='ltr'><strong>τῶν</strong></span> <span class='ocrx_word' id='word_1_144' title='bbox 3566 756 3716 824; x_wconf 84' lang='grc' dir='ltr'>ἐμῶν</span> 
     </span>
    </p>
   </div>
   <div class='ocr_carea' id='block_1_24' title="bbox 2141 847 3717 927">
    <p class='ocr_par' dir='ltr' id='par_1_24' title="bbox 2141 847 3717 927">
     <span class='ocr_line' id='line_1_24' title="bbox 2141 847 3717 927; baseline -0.009 -18"><span class='ocrx_word' id='word_1_145' title='bbox 2141 857 2558 927; x_wconf 81' lang='grc' dir='ltr'><strong>ἁμαρτημάτων</strong></span> <span class='ocrx_word' id='word_1_146' title='bbox 2595 851 2808 924; x_wconf 81' lang='grc' dir='ltr'>πληθὺς</span> <span class='ocrx_word' id='word_1_147' title='bbox 2843 853 3100 923; x_wconf 74' lang='grc' dir='ltr'>ἐπίορκον</span> <span class='ocrx_word' id='word_1_148' title='bbox 3129 852 3220 902; x_wconf 72' lang='grc' dir='ltr'><strong>καὶ</strong></span> <span class='ocrx_word' id='word_1_149' title='bbox 3251 849 3358 900; x_wconf 86' lang='grc' dir='ltr'><strong>τῶν</strong></span> <span class='ocrx_word' id='word_1_150' title='bbox 3391 848 3528 918; x_wconf 75' lang='grc' dir='ltr'>πρὸς</span> <span class='ocrx_word' id='word_1_151' title='bbox 3555 847 3717 899; x_wconf 76' lang='grc' dir='ltr'>αὑτὸν</span> 
     </span>
    </p>
   </div>
   <div class='ocr_carea' id='block_1_25' title="bbox 2145 939 3718 1018">
    <p class='ocr_par' dir='ltr' id='par_1_25' title="bbox 2145 939 3718 1018">
     <span class='ocr_line' id='line_1_25' title="bbox 2145 939 3718 1018; baseline -0.008 -16"><span class='ocrx_word' id='word_1_152' title='bbox 2145 950 2472 1018; x_wconf 89' lang='grc' dir='ltr'>συμϐάσεων</span> <span class='ocrx_word' id='word_1_153' title='bbox 2528 947 2800 1017; x_wconf 83' lang='grc' dir='ltr'>ἀθετητὴν</span> <span class='ocrx_word' id='word_1_154' title='bbox 2871 946 2966 1000; x_wconf 70' lang='grc' dir='ltr'><strong>καὶ</strong></span> <span class='ocrx_word' id='word_1_155' title='bbox 3029 943 3243 997; x_wconf 74' lang='grc' dir='ltr'>οἴεσθαι</span> <span class='ocrx_word' id='word_1_156' title='bbox 3308 941 3566 994; x_wconf 81' lang='grc' dir='ltr'>ἀνέπεισε</span> <span class='ocrx_word' id='word_1_157' title='bbox 3621 939 3718 991; x_wconf 68' lang='grc' dir='ltr'><strong>καὶ</strong></span> 
     </span>
    </p>
   </div>
   <div class='ocr_carea' id='block_1_26' title="bbox 2143 1029 3721 1107">
    <p class='ocr_par' dir='ltr' id='par_1_26' title="bbox 2143 1029 3721 1107">
     <span class='ocr_line' id='line_1_26' title="bbox 2143 1029 3721 1107; baseline -0.006 -15"><span class='ocrx_word' id='word_1_158' title='bbox 2143 1041 2348 1106; x_wconf 87' lang='grc' dir='ltr'>λέγειν,</span> <span class='ocrx_word' id='word_1_159' title='bbox 2397 1039 2514 1092; x_wconf 81' lang='grc' dir='ltr'>δέον</span> <span class='ocrx_word' id='word_1_160' title='bbox 2552 1038 2876 1107; x_wconf 81' lang='grc' dir='ltr'>εὐγνώμονα</span> <span class='ocrx_word' id='word_1_161' title='bbox 2917 1037 3010 1089; x_wconf 78' lang='grc' dir='ltr'>καὶ</span> <span class='ocrx_word' id='word_1_162' title='bbox 3062 1035 3401 1104; x_wconf 68' lang='grc' dir='ltr'>φιλοπάτορα</span> <span class='ocrx_word' id='word_1_163' title='bbox 3440 1034 3534 1085; x_wconf 74' lang='grc' dir='ltr'><strong>καὶ</strong></span> <span class='ocrx_word' id='word_1_164' title='bbox 3571 1029 3721 1100; x_wconf 73' lang='grc' dir='ltr'>αὐτῷ</span> 
     </span>
    </p>
   </div>
   <div class='ocr_carea' id='block_1_27' title="bbox 2146 1127 3721 1199">
    <p class='ocr_par' dir='ltr' id='par_1_27' title="bbox 2146 1127 3721 1199">
     <span class='ocr_line' id='line_1_27' title="bbox 2146 1127 3721 1199; baseline -0.007 -13"><span class='ocrx_word' id='word_1_165' title='bbox 2146 1132 2443 1186; x_wconf 81' lang='grc' dir='ltr'>ὑπείκοντα</span> <span class='ocrx_word' id='word_1_166' title='bbox 2482 1132 2802 1199; x_wconf 79' lang='grc' dir='ltr'>λογίζεσθαι</span> <span class='ocrx_word' id='word_1_167' title='bbox 2847 1132 3049 1189; x_wconf 81' lang='grc' dir='ltr'>πάντα,</span> <span class='ocrx_word' id='word_1_168' title='bbox 3091 1129 3315 1198; x_wconf 87' lang='grc' dir='ltr'>πρῶτον</span> <span class='ocrx_word' id='word_1_169' title='bbox 3356 1128 3454 1196; x_wconf 87' lang='grc' dir='ltr'>μὲν</span> <span class='ocrx_word' id='word_1_170' title='bbox 3505 1127 3564 1178; x_wconf 85' lang='grc' dir='ltr'><strong>ἐν</strong></span> <span class='ocrx_word' id='word_1_171' title='bbox 3595 1138 3721 1177; x_wconf 86' lang='grc' dir='ltr'>και-</span> 
     </span>
    </p>
   </div>
   <div class='ocr_carea' id='block_1_28' title="bbox 2148 1217 3720 1294">
    <p class='ocr_par' dir='ltr' id='par_1_28' title="bbox 2148 1217 3720 1294">
     <span class='ocr_line' id='line_1_28' title="bbox 2148 1217 3720 1294; baseline -0.006 -18"><span class='ocrx_word' id='word_1_172' title='bbox 2148 1225 2249 1294; x_wconf 80' lang='grc' dir='ltr'><strong>ρίῳ</strong></span> <span class='ocrx_word' id='word_1_173' title='bbox 2301 1224 2486 1294; x_wconf 74' lang='grc' dir='ltr'>οἴομαι</span> <span class='ocrx_word' id='word_1_174' title='bbox 2527 1223 2626 1293; x_wconf 76' lang='grc' dir='ltr'><strong>τὴν</strong></span> <span class='ocrx_word' id='word_1_175' title='bbox 2675 1224 2813 1292; x_wconf 76' lang='grc' dir='ltr'>πρὸς</span> <span class='ocrx_word' id='word_1_176' title='bbox 2849 1220 2947 1288; x_wconf 83' lang='grc' dir='ltr'>ἐμὲ</span> <span class='ocrx_word' id='word_1_177' title='bbox 2981 1220 3136 1290; x_wconf 82' lang='grc' dir='ltr'>ὑμῶν</span> <span class='ocrx_word' id='word_1_178' title='bbox 3171 1219 3358 1288; x_wconf 75' lang='grc' dir='ltr'>ἄφιξιν</span> <span class='ocrx_word' id='word_1_179' title='bbox 3388 1217 3720 1286; x_wconf 77' lang='grc' dir='ltr'>γεγενῆσθαι</span> 
     </span>
    </p>
   </div>
   <div class='ocr_carea' id='block_1_29' title="bbox 2153 1307 3722 1382">
    <p class='ocr_par' dir='ltr' id='par_1_29' title="bbox 2153 1307 3722 1382">
     <span class='ocr_line' id='line_1_29' title="bbox 2153 1307 3722 1382; baseline -0.008 -13"><span class='ocrx_word' id='word_1_180' title='bbox 2153 1316 2390 1369; x_wconf 83' lang='grc' dir='ltr'>συνετῶν</span> <span class='ocrx_word' id='word_1_181' title='bbox 2443 1316 2613 1368; x_wconf 76' lang='grc' dir='ltr'>ὄντων</span> <span class='ocrx_word' id='word_1_182' title='bbox 2665 1316 2758 1368; x_wconf 79' lang='grc' dir='ltr'><strong>καὶ</strong></span> <span class='ocrx_word' id='word_1_183' title='bbox 2814 1314 3134 1382; x_wconf 82' lang='grc' dir='ltr'>δυναμένων</span> <span class='ocrx_word' id='word_1_184' title='bbox 3186 1312 3422 1381; x_wconf 74' lang='grc' dir='ltr'>μάλιστα</span> <span class='ocrx_word' id='word_1_185' title='bbox 3464 1310 3572 1361; x_wconf 76' lang='grc' dir='ltr'><strong>ἀπὸ</strong></span> <span class='ocrx_word' id='word_1_186' title='bbox 3612 1307 3722 1359; x_wconf 81' lang='grc' dir='ltr'><strong>τῶν</strong></span> 
     </span>
    </p>
   </div>
   <div class='ocr_carea' id='block_1_30' title="bbox 2148 1400 3722 1476">
    <p class='ocr_par' dir='ltr' id='par_1_30' title="bbox 2148 1400 3722 1476">
     <span class='ocr_line' id='line_1_30' title="bbox 2148 1400 3722 1476; baseline -0.004 -18"><span class='ocrx_word' id='word_1_187' title='bbox 2148 1405 2458 1475; x_wconf 84' lang='grc' dir='ltr'>λεγομένων</span> <span class='ocrx_word' id='word_1_188' title='bbox 2479 1406 2547 1457; x_wconf 70' lang='grc' dir='ltr'><strong>τὰ</strong></span> <span class='ocrx_word' id='word_1_189' title='bbox 2568 1404 2742 1476; x_wconf 79' lang='grc' dir='ltr'>ἀληθῆ</span> <span class='ocrx_word' id='word_1_190' title='bbox 2779 1404 2874 1457; x_wconf 71' lang='grc' dir='ltr'>καὶ</span> <span class='ocrx_word' id='word_1_191' title='bbox 2898 1405 2966 1456; x_wconf 71' lang='grc' dir='ltr'><strong>τὰ</strong></span> <span class='ocrx_word' id='word_1_192' title='bbox 2983 1404 3172 1456; x_wconf 80' lang='grc' dir='ltr'>δέοντα</span> <span class='ocrx_word' id='word_1_193' title='bbox 3207 1403 3472 1454; x_wconf 75' lang='grc' dir='ltr'>συνεῖναιο</span> <span class='ocrx_word' id='word_1_194' title='bbox 3507 1400 3722 1464; x_wconf 74' lang='grc' dir='ltr'>ἔπειτα,</span> 
     </span>
    </p>
   </div>
   <div class='ocr_carea' id='block_1_31' title="bbox 2151 1491 3724 1567">
    <p class='ocr_par' dir='ltr' id='par_1_31' title="bbox 2151 1491 3724 1567">
     <span class='ocr_line' id='line_1_31' title="bbox 2151 1491 3724 1567; baseline -0.005 -16"><span class='ocrx_word' id='word_1_195' title='bbox 2151 1499 2339 1566; x_wconf 82' lang='grc' dir='ltr'><strong>ἐρωτῶ</strong></span> <span class='ocrx_word' id='word_1_196' title='bbox 2380 1499 2429 1550; x_wconf 85' lang='grc' dir='ltr'><strong>εί</strong></span> <span class='ocrx_word' id='word_1_197' title='bbox 2479 1499 2572 1550; x_wconf 73' lang='grc' dir='ltr'><strong>καὶ</strong></span> <span class='ocrx_word' id='word_1_198' title='bbox 2613 1498 2763 1567; x_wconf 79' lang='grc' dir='ltr'>παρᾶ</span> <span class='ocrx_word' id='word_1_199' title='bbox 2807 1495 2900 1550; x_wconf 87' lang='grc' dir='ltr'><strong>τοῦ</strong></span> <span class='ocrx_word' id='word_1_200' title='bbox 2933 1495 3069 1565; x_wconf 86' lang='grc' dir='ltr'>ἐμοῦ</span> <span class='ocrx_word' id='word_1_201' title='bbox 3105 1493 3296 1563; x_wconf 80' lang='grc' dir='ltr'>κυρίου</span> <span class='ocrx_word' id='word_1_202' title='bbox 3324 1494 3418 1545; x_wconf 68' lang='grc' dir='ltr'><strong>καὶ</strong></span> <span class='ocrx_word' id='word_1_203' title='bbox 3456 1491 3724 1561; x_wconf 87' lang='grc' dir='ltr'>βασιλέως</span> 
     </span>
    </p>
   </div>
   <div class='ocr_carea' id='block_1_32' title="bbox 2157 1585 3724 1660">
    <p class='ocr_par' dir='ltr' id='par_1_32' title="bbox 2157 1585 3724 1660">
     <span class='ocr_line' id='line_1_32' title="bbox 2157 1585 3724 1660; baseline -0.006 -16"><span class='ocrx_word' id='word_1_204' title='bbox 2157 1590 2563 1660; x_wconf 75' lang='grc' dir='ltr'><strong>ἐπιτέτραπται</strong></span> <span class='ocrx_word' id='word_1_205' title='bbox 2619 1589 2782 1658; x_wconf 76' lang='grc' dir='ltr'>ὑμῖν,</span> <span class='ocrx_word' id='word_1_206' title='bbox 2841 1587 2937 1641; x_wconf 72' lang='grc' dir='ltr'><strong>ἅτε</strong></span> <span class='ocrx_word' id='word_1_207' title='bbox 2999 1587 3238 1654; x_wconf 67' lang='grc' dir='ltr'>ἠδίκηκα</span> <span class='ocrx_word' id='word_1_208' title='bbox 3289 1585 3580 1651; x_wconf 69' lang='grc' dir='ltr'>ἐγκαλεῖν,</span> <span class='ocrx_word' id='word_1_209' title='bbox 3629 1586 3724 1635; x_wconf 71' lang='grc' dir='ltr'><strong>καὶ</strong></span> 
     </span>
    </p>
   </div>
   <div class='ocr_carea' id='block_1_33' title="bbox 2154 1671 3723 1746">
    <p class='ocr_par' dir='ltr' id='par_1_33' title="bbox 2154 1671 3723 1746">
     <span class='ocr_line' id='line_1_33' title="bbox 2154 1671 3723 1746; baseline -0.007 -12"><span class='ocrx_word' id='word_1_210' title='bbox 2154 1682 2358 1734; x_wconf 78' lang='grc' dir='ltr'>τούτων</span> <span class='ocrx_word' id='word_1_211' title='bbox 2392 1682 2489 1746; x_wconf 71' lang='grc' dir='ltr'><strong>τὴν</strong></span> <span class='ocrx_word' id='word_1_212' title='bbox 2526 1680 2822 1744; x_wconf 79' lang='grc' dir='ltr'>ἀπολογίαν</span> <span class='ocrx_word' id='word_1_213' title='bbox 2855 1678 3108 1746; x_wconf 81' lang='grc' dir='ltr'>δέχεσθαι</span> <span class='ocrx_word' id='word_1_214' title='bbox 3143 1675 3453 1738; x_wconf 70' lang='grc' dir='ltr'>διεξιόντος.</span> <span class='ocrx_word' id='word_1_215' title='bbox 3488 1671 3723 1734; x_wconf 74' lang='grc' dir='ltr'>Ἐλπίζω</span> 
     </span>
    </p>
   </div>
   <div class='ocr_carea' id='block_1_34' title="bbox 488 1764 2065 1845">
    <p class='ocr_par' dir='ltr' id='par_1_34' title="bbox 488 1770 2052 1845">
     <span class='ocr_line' id='line_1_34' title="bbox 488 1770 2052 1845; baseline -0.011 -7"><span class='ocrx_word' id='word_1_216' title='bbox 488 1794 550 1838; x_wconf 81' lang='grc' dir='ltr'><strong>ιιι</strong></span> <span class='ocrx_word' id='word_1_217' title='bbox 585 1784 633 1837; x_wconf 89' lang='lat' dir='ltr'><strong>ei</strong></span> <span class='ocrx_word' id='word_1_218' title='bbox 669 1780 1082 1842; x_wconf 89' lang='lat' dir='ltr'><strong>denuntiarent,</strong></span> <span class='ocrx_word' id='word_1_219' title='bbox 1138 1793 1208 1830; x_wconf 88' lang='lat' dir='ltr'><strong>ne</strong></span> <span class='ocrx_word' id='word_1_220' title='bbox 1259 1773 1574 1845; x_wconf 85' lang='lat' dir='ltr'><strong>Byzantium</strong></span> <span class='ocrx_word' id='word_1_221' title='bbox 1636 1770 2052 1841; x_wconf 77' lang='lat' dir='ltr'><strong>ingrederetur,</strong></span> 
     </span>
    </p>
   </div>
   <div class='ocr_carea' id='block_1_35' title="bbox 2167 1764 3726 1845">
    <p class='ocr_par' dir='ltr' id='par_1_35' title="bbox 2167 1764 3726 1842">
     <span class='ocr_line' id='line_1_35' title="bbox 2167 1764 3726 1842; baseline -0.008 -16"><span class='ocrx_word' id='word_1_222' title='bbox 2167 1775 2264 1842; x_wconf 77' lang='grc' dir='ltr'><strong>γάρ</strong></span> <span class='ocrx_word' id='word_1_223' title='bbox 2301 1773 2363 1826; x_wconf 89' lang='grc' dir='ltr'><strong>ἐκ</strong></span> <span class='ocrx_word' id='word_1_224' title='bbox 2410 1771 2607 1824; x_wconf 88' lang='grc' dir='ltr'>πολλοῦ</span> <span class='ocrx_word' id='word_1_225' title='bbox 2644 1770 2738 1823; x_wconf 88' lang='grc' dir='ltr'><strong>τοῦ</strong></span> <span class='ocrx_word' id='word_1_226' title='bbox 2777 1769 3062 1839; x_wconf 77' lang='grc' dir='ltr'>περιόντος</span> <span class='ocrx_word' id='word_1_227' title='bbox 3097 1764 3475 1819; x_wconf 79' lang='grc' dir='ltr'>ἀποδύσασθαι</span> <span class='ocrx_word' id='word_1_228' title='bbox 3518 1764 3584 1816; x_wconf 84' lang='grc' dir='ltr'><strong>τὰ</strong></span> <span class='ocrx_word' id='word_1_229' title='bbox 3635 1765 3726 1829; x_wconf 79' lang='grc' dir='ltr'>ἐγ-</span> 
     </span>
    </p>
   </div>
   <div class='ocr_carea' id='block_1_36' title="bbox 491 1862 2053 1942">
    <p class='ocr_par' dir='ltr' id='par_1_36' title="bbox 491 1862 2053 1942">
     <span class='ocr_line' id='line_1_36' title="bbox 491 1862 2053 1942; baseline -0.009 -13"><span class='ocrx_word' id='word_1_230' title='bbox 491 1875 788 1942; x_wconf 83' lang='lat' dir='ltr'><strong>statimque</strong></span> <span class='ocrx_word' id='word_1_231' title='bbox 848 1878 1262 1926; x_wconf 84' lang='lat' dir='ltr'><strong>reverterentur</strong></span> <span class='ocrx_word' id='word_1_232' title='bbox 1303 1864 1677 1921; x_wconf 82' lang='lat' dir='ltr'><strong>:Renuntiate</strong></span> <span class='ocrx_word' id='word_1_233' title='bbox 1722 1862 1908 1933; x_wconf 78' lang='lat' dir='ltr'><strong>igitur,</strong></span> <span class='ocrx_word' id='word_1_234' title='bbox 1957 1862 2053 1924; x_wconf 84' lang='lat' dir='ltr'><strong>ait,</strong></span> 
     </span>
    </p>
   </div>
   <div class='ocr_carea' id='block_1_37' title="bbox 491 1953 2056 2031">
    <p class='ocr_par' dir='ltr' id='par_1_37' title="bbox 491 1953 2056 2031">
     <span class='ocr_line' id='line_1_37' title="bbox 491 1953 2056 2031; baseline -0.012 -9"><span class='ocrx_word' id='word_1_235' title='bbox 491 1967 718 2022; x_wconf 88' lang='lat' dir='ltr'><strong>domino</strong></span> <span class='ocrx_word' id='word_1_236' title='bbox 740 1979 862 2020; x_wconf 91' lang='lat' dir='ltr'><strong>meo</strong></span> <span class='ocrx_word' id='word_1_237' title='bbox 893 1972 949 2017; x_wconf 89' lang='lat' dir='ltr'><strong>et</strong></span> <span class='ocrx_word' id='word_1_238' title='bbox 979 1959 1318 2031; x_wconf 86' lang='lat' dir='ltr'><strong>imperatori,</strong></span> <span class='ocrx_word' id='word_1_239' title='bbox 1351 1972 1436 2011; x_wconf 90' lang='lat' dir='ltr'><strong>me</strong></span> <span class='ocrx_word' id='word_1_240' title='bbox 1466 1956 1634 2010; x_wconf 89' lang='lat' dir='ltr'><strong>Deum</strong></span> <span class='ocrx_word' id='word_1_241' title='bbox 1663 1953 1911 2009; x_wconf 87' lang='lat' dir='ltr'><strong>veritatis</strong></span> <span class='ocrx_word' id='word_1_242' title='bbox 1932 1953 2056 2006; x_wconf 85' lang='lat' dir='ltr'><strong>vin-</strong></span> 
     </span>
    </p>
   </div>
   <div class='ocr_carea' id='block_1_38' title="bbox 492 2046 2057 2124">
    <p class='ocr_par' dir='ltr' id='par_1_38' title="bbox 492 2046 2057 2124">
     <span class='ocr_line' id='line_1_38' title="bbox 492 2046 2057 2124; baseline -0.01 -12"><span class='ocrx_word' id='word_1_243' title='bbox 492 2058 696 2121; x_wconf 90' lang='lat' dir='ltr'><strong>dicem,</strong></span> <span class='ocrx_word' id='word_1_244' title='bbox 720 2066 880 2124; x_wconf 87' lang='lat' dir='ltr'><strong>atque</strong></span> <span class='ocrx_word' id='word_1_245' title='bbox 896 2055 1032 2108; x_wconf 87' lang='lat' dir='ltr'><strong>adeo</strong></span> <span class='ocrx_word' id='word_1_246' title='bbox 1054 2054 1226 2121; x_wconf 90' lang='lat' dir='ltr'><strong>ipsam</strong></span> <span class='ocrx_word' id='word_1_247' title='bbox 1251 2050 1532 2103; x_wconf 87' lang='lat' dir='ltr'><strong>veritatem</strong></span> <span class='ocrx_word' id='word_1_248' title='bbox 1554 2048 1691 2117; x_wconf 86' lang='lat' dir='ltr'><strong>(ipse</strong></span> <span class='ocrx_word' id='word_1_249' title='bbox 1707 2046 1851 2100; x_wconf 68' lang='lat' dir='ltr'><strong>extim</strong></span> <span class='ocrx_word' id='word_1_250' title='bbox 1874 2054 2057 2110; x_wconf 89' lang='lat' dir='ltr'><strong>etest,</strong></span> 
     </span>
    </p>
   </div>
   <div class='ocr_carea' id='block_1_39' title="bbox 493 2120 2060 2220">
    <p class='ocr_par' dir='ltr' id='par_1_39' title="bbox 493 2120 2060 2220">
     <span class='ocr_line' id='line_1_39' title="bbox 493 2120 2060 2220; baseline -0.007 -20"><span class='ocrx_word' id='word_1_251' title='bbox 493 2156 551 2200; x_wconf 91' lang='lat' dir='ltr'><strong>et</strong></span> <span class='ocrx_word' id='word_1_252' title='bbox 575 2145 889 2220; x_wconf 79' lang='lat' dir='ltr'><strong>nominatur</strong></span> <span class='ocrx_word' id='word_1_253' title='bbox 903 2143 1129 2211; x_wconf 82' lang='lat' dir='ltr'><strong>veritas)</strong></span> <span class='ocrx_word' id='word_1_254' title='bbox 1154 2138 1362 2203; x_wconf 87' lang='lat' dir='ltr'><strong>testari,</strong></span> <span class='ocrx_word' id='word_1_255' title='bbox 1381 2152 1465 2191; x_wconf 90' lang='lat' dir='ltr'><strong>mc</strong></span> <span class='ocrx_word' id='word_1_256' title='bbox 1485 2144 1759 2205; x_wconf 79' lang='lat' dir='ltr'><strong>nequeant</strong></span> <span class='ocrx_word' id='word_1_257' title='bbox 1775 2149 1860 2200; x_wconf 90' lang='lat' dir='ltr'><strong>ea,</strong></span> <span class='ocrx_word' id='word_1_258' title='bbox 1883 2120 2060 2203; x_wconf 86' lang='lat' dir='ltr'><strong>neque</strong></span> 
     </span>
    </p>
   </div>
   <div class='ocr_carea' id='block_1_40' title="bbox 495 2223 2060 2300">
    <p class='ocr_par' dir='ltr' id='par_1_40' title="bbox 495 2223 2060 2300">
     <span class='ocr_line' id='line_1_40' title="bbox 495 2223 2060 2300; baseline -0.009 -10"><span class='ocrx_word' id='word_1_259' title='bbox 495 2237 659 2290; x_wconf 89' lang='lat' dir='ltr'><strong>modo</strong></span> <span class='ocrx_word' id='word_1_260' title='bbox 687 2235 830 2290; x_wconf 90' lang='lat' dir='ltr'><strong>bello</strong></span> <span class='ocrx_word' id='word_1_261' title='bbox 859 2245 966 2287; x_wconf 90' lang='lat' dir='ltr'><strong>tam</strong></span> <span class='ocrx_word' id='word_1_262' title='bbox 1001 2232 1187 2300; x_wconf 88' lang='lat' dir='ltr'><strong>inique</strong></span> <span class='ocrx_word' id='word_1_263' title='bbox 1213 2230 1537 2299; x_wconf 86' lang='lat' dir='ltr'><strong>appetitum,</strong></span> <span class='ocrx_word' id='word_1_264' title='bbox 1576 2225 1709 2279; x_wconf 87' lang='lat' dir='ltr'><strong>mihi</strong></span> <span class='ocrx_word' id='word_1_265' title='bbox 1739 2224 1969 2293; x_wconf 86' lang='lat' dir='ltr'><strong>alicujus</strong></span> <span class='ocrx_word' id='word_1_266' title='bbox 2005 2223 2060 2276; x_wconf 91' lang='lat' dir='ltr'><strong>in</strong></span> 
     </span>
    </p>
   </div>
   <div class='ocr_carea' id='block_1_41' title="bbox 497 2313 2062 2396">
    <p class='ocr_par' dir='ltr' id='par_1_41' title="bbox 497 2313 2062 2396">
     <span class='ocr_line' id='line_1_41' title="bbox 497 2313 2062 2396; baseline -0.009 -17"><span class='ocrx_word' id='word_1_267' title='bbox 497 2328 676 2396; x_wconf 88' lang='lat' dir='ltr'><strong>ipsum</strong></span> <span class='ocrx_word' id='word_1_268' title='bbox 697 2324 972 2385; x_wconf 80' lang='lat' dir='ltr'><strong>criminis,</strong></span> <span class='ocrx_word' id='word_1_269' title='bbox 999 2337 1094 2376; x_wconf 89' lang='lat' dir='ltr'><strong>seu</strong></span> <span class='ocrx_word' id='word_1_270' title='bbox 1121 2336 1202 2385; x_wconf 93' lang='lat' dir='ltr'><strong>re,</strong></span> <span class='ocrx_word' id='word_1_271' title='bbox 1219 2335 1314 2373; x_wconf 91' lang='lat' dir='ltr'><strong>seu</strong></span> <span class='ocrx_word' id='word_1_272' title='bbox 1335 2317 1505 2372; x_wconf 90' lang='lat' dir='ltr'><strong>verbo</strong></span> <span class='ocrx_word' id='word_1_273' title='bbox 1527 2315 1749 2369; x_wconf 87' lang='lat' dir='ltr'><strong>admissi</strong></span> <span class='ocrx_word' id='word_1_274' title='bbox 1778 2313 2062 2367; x_wconf 88' lang='lat' dir='ltr'><strong>conscium</strong></span> 
     </span>
    </p>
   </div>
   <div class='ocr_carea' id='block_1_42' title="bbox 495 2405 2065 2479">
    <p class='ocr_par' dir='ltr' id='par_1_42' title="bbox 495 2405 2065 2479">
     <span class='ocr_line' id='line_1_42' title="bbox 495 2405 2065 2479; baseline -0.01 -8"><span class='ocrx_word' id='word_1_275' title='bbox 495 2435 638 2479; x_wconf 76' lang='lat' dir='ltr'><strong>esse.</strong></span> <span class='ocrx_word' id='word_1_276' title='bbox 676 2425 772 2470; x_wconf 89' lang='lat' dir='ltr'><strong>aut</strong></span> <span class='ocrx_word' id='word_1_277' title='bbox 825 2415 1017 2469; x_wconf 88' lang='lat' dir='ltr'><strong>fuisse.</strong></span> <span class='ocrx_word' id='word_1_278' title='bbox 1067 2412 1249 2478; x_wconf 87' lang='lat' dir='ltr'><strong>Quare</strong></span> <span class='ocrx_word' id='word_1_279' title='bbox 1283 2410 1538 2477; x_wconf 89' lang='lat' dir='ltr'><strong>illumper</strong></span> <span class='ocrx_word' id='word_1_280' title='bbox 1573 2407 1740 2460; x_wconf 91' lang='lat' dir='ltr'><strong>Deum</strong></span> <span class='ocrx_word' id='word_1_281' title='bbox 1780 2405 2065 2458; x_wconf 85' lang='lat' dir='ltr'><strong>immorta-</strong></span> 
     </span>
    </p>
   </div>
   <div class='ocr_carea' id='block_1_43' title="bbox 497 2495 2062 2571">
    <p class='ocr_par' dir='ltr' id='par_1_43' title="bbox 497 2495 2062 2571">
     <span class='ocr_line' id='line_1_43' title="bbox 497 2495 2062 2571; baseline -0.011 -8"><span class='ocrx_word' id='word_1_282' title='bbox 497 2512 604 2564; x_wconf 89' lang='lat' dir='ltr'><strong>lem</strong></span> <span class='ocrx_word' id='word_1_283' title='bbox 635 2509 888 2571; x_wconf 86' lang='lat' dir='ltr'><strong>obsecro,</strong></span> <span class='ocrx_word' id='word_1_284' title='bbox 917 2513 974 2558; x_wconf 89' lang='lat' dir='ltr'><strong>ut</strong></span> <span class='ocrx_word' id='word_1_285' title='bbox 1000 2504 1137 2559; x_wconf 79' lang='lat' dir='ltr'><strong>iram</strong></span> <span class='ocrx_word' id='word_1_286' title='bbox 1169 2503 1426 2571; x_wconf 90' lang='lat' dir='ltr'><strong>deponat,</strong></span> <span class='ocrx_word' id='word_1_287' title='bbox 1448 2495 1606 2568; x_wconf 66' lang='grc'><strong>134</strong></span> <span class='ocrx_word' id='word_1_288' title='bbox 1629 2512 1800 2565; x_wconf 84' lang='lat' dir='ltr'><strong>seque</strong></span> <span class='ocrx_word' id='word_1_289' title='bbox 1821 2496 1885 2549; x_wconf 86' lang='lat' dir='ltr'><strong>ad</strong></span> <span class='ocrx_word' id='word_1_290' title='bbox 1918 2495 2062 2549; x_wconf 89' lang='lat' dir='ltr'><strong>leni-</strong></span> 
     </span>
    </p>
   </div>
   <div class='ocr_carea' id='block_1_44' title="bbox 503 2584 2067 2664">
    <p class='ocr_par' dir='ltr' id='par_1_44' title="bbox 503 2584 2067 2664">
     <span class='ocr_line' id='line_1_44' title="bbox 503 2584 2067 2664; baseline -0.01 -10"><span class='ocrx_word' id='word_1_291' title='bbox 503 2609 671 2654; x_wconf 85' lang='lat' dir='ltr'><strong>tatem</strong></span> <span class='ocrx_word' id='word_1_292' title='bbox 701 2599 812 2659; x_wconf 89' lang='lat' dir='ltr'><strong>det,</strong></span> <span class='ocrx_word' id='word_1_293' title='bbox 837 2613 899 2650; x_wconf 92' lang='lat' dir='ltr'><strong>ac</strong></span> <span class='ocrx_word' id='word_1_294' title='bbox 936 2611 1007 2650; x_wconf 91' lang='lat' dir='ltr'><strong>ne</strong></span> <span class='ocrx_word' id='word_1_295' title='bbox 1054 2593 1187 2664; x_wconf 90' lang='lat' dir='ltr'><strong>quid</strong></span> <span class='ocrx_word' id='word_1_296' title='bbox 1235 2599 1438 2662; x_wconf 66' lang='lat' dir='ltr'><strong>prmter</strong></span> <span class='ocrx_word' id='word_1_297' title='bbox 1495 2584 1710 2658; x_wconf 61' lang='lat' dir='ltr'><strong>aquom</strong></span> <span class='ocrx_word' id='word_1_298' title='bbox 1759 2597 1812 2642; x_wconf 89' lang='lat' dir='ltr'><strong>et</strong></span> <span class='ocrx_word' id='word_1_299' title='bbox 1862 2587 2067 2641; x_wconf 86' lang='lat' dir='ltr'><strong>bonum</strong></span> 
     </span>
    </p>
   </div>
   <div class='ocr_carea' id='block_1_45' title="bbox 501 2680 2068 2753">
    <p class='ocr_par' dir='ltr' id='par_1_45' title="bbox 501 2680 2068 2753">
     <span class='ocr_line' id='line_1_45' title="bbox 501 2680 2068 2753; baseline -0.01 -8"><span class='ocrx_word' id='word_1_300' title='bbox 501 2699 756 2745; x_wconf 80' lang='lat' dir='ltr'><strong>attentet.</strong></span> <span class='ocrx_word' id='word_1_301' title='bbox 786 2686 942 2753; x_wconf 84' lang='lat' dir='ltr'><strong>Quod</strong></span> <span class='ocrx_word' id='word_1_302' title='bbox 973 2685 1018 2739; x_wconf 95' lang='lat' dir='ltr'><strong>si</strong></span> <span class='ocrx_word' id='word_1_303' title='bbox 1043 2682 1443 2739; x_wconf 73' lang='lat' dir='ltr'><strong>cacodzemonis</strong></span> <span class='ocrx_word' id='word_1_304' title='bbox 1469 2680 1800 2749; x_wconf 81' lang='lat' dir='ltr'><strong>malignitas,</strong></span> <span class='ocrx_word' id='word_1_305' title='bbox 1836 2686 2068 2747; x_wconf 87' lang='lat' dir='ltr'><strong>propter</strong></span> 
     </span>
    </p>
   </div>
   <div class='ocr_carea' id='block_1_46' title="bbox 501 2767 2068 2851">
    <p class='ocr_par' dir='ltr' id='par_1_46' title="bbox 501 2767 2068 2851">
     <span class='ocr_line' id='line_1_46' title="bbox 501 2767 2068 2851; baseline -0.01 -17"><span class='ocrx_word' id='word_1_306' title='bbox 501 2795 665 2851; x_wconf 92' lang='lat' dir='ltr'><strong>quam</strong></span> <span class='ocrx_word' id='word_1_307' title='bbox 712 2779 914 2832; x_wconf 86' lang='lat' dir='ltr'><strong>multas</strong></span> <span class='ocrx_word' id='word_1_308' title='bbox 957 2775 1119 2829; x_wconf 82' lang='lat' dir='ltr'><strong>toties</strong></span> <span class='ocrx_word' id='word_1_309' title='bbox 1158 2787 1431 2829; x_wconf 63' lang='lat' dir='ltr'><strong>mruninas</strong></span> <span class='ocrx_word' id='word_1_310' title='bbox 1466 2769 1694 2840; x_wconf 86' lang='lat' dir='ltr'><strong>pertuli,</strong></span> <span class='ocrx_word' id='word_1_311' title='bbox 1728 2777 1967 2838; x_wconf 89' lang='lat' dir='ltr'><strong>paratam</strong></span> <span class='ocrx_word' id='word_1_312' title='bbox 2001 2767 2068 2820; x_wconf 88' lang='lat' dir='ltr'><strong>ad</strong></span> 
     </span>
    </p>
   </div>
   <div class='ocr_carea' id='block_1_47' title="bbox 500 2857 2070 2944">
    <p class='ocr_par' dir='ltr' id='par_1_47' title="bbox 500 2857 2070 2944">
     <span class='ocr_line' id='line_1_47' title="bbox 500 2857 2070 2944; baseline -0.009 -18"><span class='ocrx_word' id='word_1_313' title='bbox 500 2875 624 2944; x_wconf 86' lang='lat' dir='ltr'><strong>ejus</strong></span> <span class='ocrx_word' id='word_1_314' title='bbox 658 2880 850 2924; x_wconf 88' lang='lat' dir='ltr'><strong>nutum</strong></span> <span class='ocrx_word' id='word_1_315' title='bbox 904 2867 1244 2921; x_wconf 86' lang='lat' dir='ltr'><strong>voluntatem</strong></span> <span class='ocrx_word' id='word_1_316' title='bbox 1303 2877 1479 2916; x_wconf 86' lang='lat' dir='ltr'><strong>meam</strong></span> <span class='ocrx_word' id='word_1_317' title='bbox 1545 2859 1768 2930; x_wconf 89' lang='lat' dir='ltr'><strong>(quam,</strong></span> <span class='ocrx_word' id='word_1_318' title='bbox 1822 2857 2070 2928; x_wconf 89' lang='lat' dir='ltr'><strong>quoties-</strong></span> 
     </span>
    </p>
   </div>
   <div class='ocr_carea' id='block_1_48' title="bbox 503 2949 2061 3032">
    <p class='ocr_par' dir='ltr' id='par_1_48' title="bbox 503 2949 2061 3032">
     <span class='ocr_line' id='line_1_48' title="bbox 503 2949 2061 3032; baseline -0.012 -12"><span class='ocrx_word' id='word_1_319' title='bbox 503 2977 721 3032; x_wconf 86' lang='lat' dir='ltr'><strong>cunque</strong></span> <span class='ocrx_word' id='word_1_320' title='bbox 771 2961 988 3016; x_wconf 86' lang='lat' dir='ltr'><strong>occasio</strong></span> <span class='ocrx_word' id='word_1_321' title='bbox 1035 2958 1158 3021; x_wconf 88' lang='lat' dir='ltr'><strong>fuit,</strong></span> <span class='ocrx_word' id='word_1_322' title='bbox 1201 2970 1312 3026; x_wconf 67' lang='lat' dir='ltr'><strong>prae</strong></span> <span class='ocrx_word' id='word_1_323' title='bbox 1350 2969 1436 3008; x_wconf 89' lang='lat' dir='ltr'><strong>me</strong></span> <span class='ocrx_word' id='word_1_324' title='bbox 1488 2953 1610 3023; x_wconf 91' lang='lat' dir='ltr'><strong>tuli)</strong></span> <span class='ocrx_word' id='word_1_325' title='bbox 1640 2967 1704 3006; x_wconf 81' lang='lat' dir='ltr'><strong>ex</strong></span> <span class='ocrx_word' id='word_1_326' title='bbox 1745 2951 1934 3005; x_wconf 92' lang='lat' dir='ltr'><strong>animo</strong></span> <span class='ocrx_word' id='word_1_327' title='bbox 1982 2949 2061 3004; x_wconf 86' lang='lat' dir='ltr'><strong>illi</strong></span> 
     </span>
    </p>
   </div>
   <div class='ocr_carea' id='block_1_49' title="bbox 503 3042 2071 3117">
    <p class='ocr_par' dir='ltr' id='par_1_49' title="bbox 503 3042 2071 3117">
     <span class='ocr_line' id='line_1_49' title="bbox 503 3042 2071 3117; baseline -0.01 -6"><span class='ocrx_word' id='word_1_328' title='bbox 503 3056 773 3117; x_wconf 79' lang='lat' dir='ltr'><strong>excussit,</strong></span> <span class='ocrx_word' id='word_1_329' title='bbox 846 3049 1315 3107; x_wconf 88' lang='lat' dir='ltr'><strong>obtrectatoribus</strong></span> <span class='ocrx_word' id='word_1_330' title='bbox 1366 3055 1548 3100; x_wconf 89' lang='lat' dir='ltr'><strong>autem</strong></span> <span class='ocrx_word' id='word_1_331' title='bbox 1612 3053 1666 3098; x_wconf 89' lang='lat' dir='ltr'><strong>et</strong></span> <span class='ocrx_word' id='word_1_332' title='bbox 1716 3042 2071 3114; x_wconf 88' lang='lat' dir='ltr'><strong>syc0phantis</strong></span> 
     </span>
    </p>
   </div>
   <div class='ocr_carea' id='block_1_50' title="bbox 2160 1857 3727 1932">
    <p class='ocr_par' dir='ltr' id='par_1_50' title="bbox 2160 1857 3727 1932">
     <span class='ocr_line' id='line_1_50' title="bbox 2160 1857 3727 1932; baseline -0.006 -15"><span class='ocrx_word' id='word_1_333' title='bbox 2160 1863 2436 1932; x_wconf 86' lang='grc' dir='ltr'>κλήματα.</span> <span class='ocrx_word' id='word_1_334' title='bbox 2479 1863 2600 1916; x_wconf 87' lang='grc' dir='ltr'>Τῶν</span> <span class='ocrx_word' id='word_1_335' title='bbox 2631 1862 2688 1915; x_wconf 77' lang='grc' dir='ltr'>δὲ</span> <span class='ocrx_word' id='word_1_336' title='bbox 2727 1860 2993 1914; x_wconf 82' lang='grc' dir='ltr'>εἰπόντων</span> <span class='ocrx_word' id='word_1_337' title='bbox 3038 1859 3201 1928; x_wconf 77' lang='grc' dir='ltr'>μηδὲν</span> <span class='ocrx_word' id='word_1_338' title='bbox 3239 1858 3401 1909; x_wconf 85' lang='grc' dir='ltr'>πλέον</span> <span class='ocrx_word' id='word_1_339' title='bbox 3438 1857 3727 1923; x_wconf 79' lang='grc' dir='ltr'>ἐπιτετράο</span> 
     </span>
    </p>
   </div>
   <div class='ocr_carea' id='block_1_51' title="bbox 2162 1949 3728 2026">
    <p class='ocr_par' dir='ltr' id='par_1_51' title="bbox 2162 1949 3728 2026">
     <span class='ocr_line' id='line_1_51' title="bbox 2162 1949 3728 2026; baseline -0.007 -17"><span class='ocrx_word' id='word_1_340' title='bbox 2162 1957 2296 2026; x_wconf 84' lang='grc' dir='ltr'>φοαι</span> <span class='ocrx_word' id='word_1_341' title='bbox 2365 1956 2397 2024; x_wconf 75' lang='grc' dir='ltr'><strong>ἢ</strong></span> <span class='ocrx_word' id='word_1_342' title='bbox 2456 1957 2579 2008; x_wconf 76' lang='grc' dir='ltr'>ὅσον</span> <span class='ocrx_word' id='word_1_343' title='bbox 2640 1954 2712 2023; x_wconf 80' lang='grc' dir='ltr'><strong>μὴ</strong></span> <span class='ocrx_word' id='word_1_344' title='bbox 2779 1954 2858 2015; x_wconf 82' lang='grc' dir='ltr'><strong>είς</strong></span> <span class='ocrx_word' id='word_1_345' title='bbox 2927 1951 3223 2014; x_wconf 75' lang='grc' dir='ltr'>Βυζάντιον</span> <span class='ocrx_word' id='word_1_346' title='bbox 3283 1949 3728 2016; x_wconf 70' lang='grc' dir='ltr'>ἀπαγγείλαντας</span> 
     </span>
    </p>
   </div>
   <div class='ocr_carea' id='block_1_52' title="bbox 2158 2041 3728 2118">
    <p class='ocr_par' dir='ltr' id='par_1_52' title="bbox 2158 2041 3728 2118">
     <span class='ocr_line' id='line_1_52' title="bbox 2158 2041 3728 2118; baseline -0.006 -19"><span class='ocrx_word' id='word_1_347' title='bbox 2158 2048 2336 2118; x_wconf 78' lang='grc' dir='ltr'>ἥκειν,</span> <span class='ocrx_word' id='word_1_348' title='bbox 2391 2043 2548 2109; x_wconf 72' lang='grc' dir='ltr'>αὖθις</span> <span class='ocrx_word' id='word_1_349' title='bbox 2607 2046 3000 2115; x_wconf 76' lang='grc' dir='ltr'>ἀναστρέφειν,</span> <span class='ocrx_word' id='word_1_350' title='bbox 3076 2043 3473 2109; x_wconf 74' lang='grc' dir='ltr'>Ἀπαγγείλατε</span> <span class='ocrx_word' id='word_1_351' title='bbox 3517 2041 3728 2103; x_wconf 62' lang='grc' dir='ltr'>τοί-υ),</span> 
     </span>
    </p>
   </div>
   <div class='ocr_carea' id='block_1_53' title="bbox 2161 2129 3733 2208">
    <p class='ocr_par' dir='ltr' id='par_1_53' title="bbox 2161 2129 3733 2208">
     <span class='ocr_line' id='line_1_53' title="bbox 2161 2129 3733 2208; baseline -0.006 -19"><span class='ocrx_word' id='word_1_352' title='bbox 2161 2138 2290 2208; x_wconf 77' lang='grc' dir='ltr'>ἔφη,</span> <span class='ocrx_word' id='word_1_353' title='bbox 2329 2137 2405 2206; x_wconf 82' lang='grc' dir='ltr'>τῷ</span> <span class='ocrx_word' id='word_1_354' title='bbox 2437 2137 2554 2204; x_wconf 82' lang='grc' dir='ltr'>ἐμῷ</span> <span class='ocrx_word' id='word_1_355' title='bbox 2589 2137 2764 2206; x_wconf 83' lang='grc' dir='ltr'>κυρίῳ</span> <span class='ocrx_word' id='word_1_356' title='bbox 2782 2141 2871 2187; x_wconf 57' lang='grc' dir='ltr'><strong>καὶ</strong></span> <span class='ocrx_word' id='word_1_357' title='bbox 2904 2134 3134 2204; x_wconf 77' lang='grc' dir='ltr'>βασιλεῖ,</span> <span class='ocrx_word' id='word_1_358' title='bbox 3163 2135 3244 2186; x_wconf 81' lang='grc' dir='ltr'><strong>ὅτι</strong></span> <span class='ocrx_word' id='word_1_359' title='bbox 3284 2132 3374 2186; x_wconf 72' lang='grc' dir='ltr'>τὸν</span> <span class='ocrx_word' id='word_1_360' title='bbox 3403 2133 3599 2199; x_wconf 75' lang='grc' dir='ltr'>ἔφορον</span> <span class='ocrx_word' id='word_1_361' title='bbox 3630 2129 3733 2197; x_wconf 73' lang='grc' dir='ltr'><strong>τῆς</strong></span> 
     </span>
    </p>
   </div>
   <div class='ocr_carea' id='block_1_54' title="bbox 2163 2224 3733 2298">
    <p class='ocr_par' dir='ltr' id='par_1_54' title="bbox 2163 2224 3733 2298">
     <span class='ocr_line' id='line_1_54' title="bbox 2163 2224 3733 2298; baseline -0.004 -16"><span class='ocrx_word' id='word_1_362' title='bbox 2163 2229 2424 2298; x_wconf 78' lang='grc' dir='ltr'><strong>ἀληθείας</strong></span> <span class='ocrx_word' id='word_1_363' title='bbox 2461 2229 2911 2298; x_wconf 73' lang='grc' dir='ltr'>ἐπιμαρτύρομαι</span> <span class='ocrx_word' id='word_1_364' title='bbox 2955 2227 3116 2289; x_wconf 72' lang='grc' dir='ltr'>Θεὸν,</span> <span class='ocrx_word' id='word_1_365' title='bbox 3142 2228 3232 2278; x_wconf 66' lang='lat' dir='ltr'><strong>val.</strong></span> <span class='ocrx_word' id='word_1_366' title='bbox 3278 2225 3441 2278; x_wconf 70' lang='grc' dir='ltr'>αὑτὸν</span> <span class='ocrx_word' id='word_1_367' title='bbox 3467 2224 3733 2293; x_wconf 83' lang='grc' dir='ltr'>ἀλήθειαν</span> 
     </span>
    </p>
   </div>
   <div class='ocr_carea' id='block_1_55' title="bbox 2164 2314 3735 2388">
    <p class='ocr_par' dir='ltr' id='par_1_55' title="bbox 2164 2314 3735 2388">
     <span class='ocr_line' id='line_1_55' title="bbox 2164 2314 3735 2388; baseline -0.006 -14"><span class='ocrx_word' id='word_1_368' title='bbox 2164 2320 2504 2388; x_wconf 80' lang='grc' dir='ltr'>καλούμενον</span> <span class='ocrx_word' id='word_1_369' title='bbox 2530 2321 2624 2372; x_wconf 72' lang='grc' dir='ltr'>καὶ</span> <span class='ocrx_word' id='word_1_370' title='bbox 2659 2319 2806 2382; x_wconf 77' lang='grc' dir='ltr'>ὄντα,</span> <span class='ocrx_word' id='word_1_371' title='bbox 2839 2319 2914 2380; x_wconf 85' lang='grc' dir='ltr'>ὡς</span> <span class='ocrx_word' id='word_1_372' title='bbox 2944 2317 3068 2370; x_wconf 72' lang='grc' dir='ltr'>οὔτε</span> <span class='ocrx_word' id='word_1_373' title='bbox 3105 2317 3395 2385; x_wconf 70' lang='grc' dir='ltr'>πρότερον,</span> <span class='ocrx_word' id='word_1_374' title='bbox 3424 2315 3538 2367; x_wconf 67' lang='grc' dir='ltr'>οὔτ’</span> <span class='ocrx_word' id='word_1_375' title='bbox 3574 2317 3630 2367; x_wconf 84' lang='grc' dir='ltr'>ὲν</span> <span class='ocrx_word' id='word_1_376' title='bbox 3656 2314 3735 2382; x_wconf 81' lang='grc' dir='ltr'>τῷ</span> 
     </span>
    </p>
   </div>
   <div class='ocr_carea' id='block_1_56' title="bbox 2165 2406 3732 2479">
    <p class='ocr_par' dir='ltr' id='par_1_56' title="bbox 2165 2406 3732 2479">
     <span class='ocr_line' id='line_1_56' title="bbox 2165 2406 3732 2479; baseline -0.004 -15"><span class='ocrx_word' id='word_1_377' title='bbox 2165 2412 2261 2466; x_wconf 90' lang='grc' dir='ltr'><strong>νῦν</strong></span> <span class='ocrx_word' id='word_1_378' title='bbox 2294 2412 2496 2473; x_wconf 82' lang='grc' dir='ltr'>ἀδίκως</span> <span class='ocrx_word' id='word_1_379' title='bbox 2557 2413 2683 2463; x_wconf 77' lang='grc' dir='ltr'>κατ’</span> <span class='ocrx_word' id='word_1_380' title='bbox 2741 2409 2875 2479; x_wconf 87' lang='grc' dir='ltr'>ἐμοῦ</span> <span class='ocrx_word' id='word_1_381' title='bbox 2946 2410 3252 2478; x_wconf 77' lang='grc' dir='ltr'>κινουμένῳ</span> <span class='ocrx_word' id='word_1_382' title='bbox 3311 2408 3556 2477; x_wconf 85' lang='grc' dir='ltr'>πολέμῳ,</span> <span class='ocrx_word' id='word_1_383' title='bbox 3616 2406 3732 2458; x_wconf 71' lang='grc' dir='ltr'>οὒτ’</span> 
     </span>
    </p>
   </div>
   <div class='ocr_carea' id='block_1_57' title="bbox 2165 2497 3735 2571">
    <p class='ocr_par' dir='ltr' id='par_1_57' title="bbox 2165 2497 3735 2571">
     <span class='ocr_line' id='line_1_57' title="bbox 2165 2497 3735 2571; baseline -0.003 -18"><span class='ocrx_word' id='word_1_384' title='bbox 2165 2501 2353 2571; x_wconf 77' lang='grc' dir='ltr'>ἔργοις</span> <span class='ocrx_word' id='word_1_385' title='bbox 2409 2500 2532 2552; x_wconf 70' lang='grc' dir='ltr'>οὔτε</span> <span class='ocrx_word' id='word_1_386' title='bbox 2585 2501 2692 2569; x_wconf 76' lang='grc' dir='ltr'>μὴν</span> <span class='ocrx_word' id='word_1_387' title='bbox 2751 2502 2808 2552; x_wconf 87' lang='grc' dir='ltr'><strong>ἐν</strong></span> <span class='ocrx_word' id='word_1_388' title='bbox 2843 2501 3088 2568; x_wconf 74' lang='grc' dir='ltr'>ῥήμασιν</span> <span class='ocrx_word' id='word_1_389' title='bbox 3135 2498 3356 2566; x_wconf 81' lang='grc' dir='ltr'>ἐμαυτῷ</span> <span class='ocrx_word' id='word_1_390' title='bbox 3409 2515 3462 2551; x_wconf 88' lang='grc' dir='ltr'><strong>τι</strong></span> <span class='ocrx_word' id='word_1_391' title='bbox 3513 2497 3735 2550; x_wconf 80' lang='grc' dir='ltr'>σύνοιδα</span> 
     </span>
    </p>
   </div>
   <div class='ocr_carea' id='block_1_58' title="bbox 2169 2590 3735 2662">
    <p class='ocr_par' dir='ltr' id='par_1_58' title="bbox 2169 2590 3735 2662">
     <span class='ocr_line' id='line_1_58' title="bbox 2169 2590 3735 2662; baseline -0.001 -18"><span class='ocrx_word' id='word_1_392' title='bbox 2169 2593 2568 2662; x_wconf 86' lang='grc' dir='ltr'>πεπραγμένον</span> <span class='ocrx_word' id='word_1_393' title='bbox 2621 2591 2762 2646; x_wconf 76' lang='grc' dir='ltr'>κατὰ</span> <span class='ocrx_word' id='word_1_394' title='bbox 2813 2591 2932 2644; x_wconf 88' lang='grc' dir='ltr'>σοῦ.</span> <span class='ocrx_word' id='word_1_395' title='bbox 2988 2591 3078 2642; x_wconf 67' lang='grc' dir='ltr'><strong>Διὸ</strong></span> <span class='ocrx_word' id='word_1_396' title='bbox 3129 2591 3222 2642; x_wconf 74' lang='grc' dir='ltr'>καὶ</span> <span class='ocrx_word' id='word_1_397' title='bbox 3271 2590 3457 2657; x_wconf 79' lang='grc' dir='ltr'>ἱκέτης</span> <span class='ocrx_word' id='word_1_398' title='bbox 3508 2590 3735 2658; x_wconf 83' lang='grc' dir='ltr'>γίνομαί</span> 
     </span>
    </p>
   </div>
   <div class='ocr_carea' id='block_1_59' title="bbox 2170 2681 3738 2752">
    <p class='ocr_par' dir='ltr' id='par_1_59' title="bbox 2170 2681 3738 2752">
     <span class='ocr_line' id='line_1_59' title="bbox 2170 2681 3738 2752; baseline -0.003 -16"><span class='ocrx_word' id='word_1_399' title='bbox 2170 2701 2265 2736; x_wconf 88' lang='grc' dir='ltr'><strong>σου</strong></span> <span class='ocrx_word' id='word_1_400' title='bbox 2301 2685 2438 2750; x_wconf 75' lang='grc' dir='ltr'>πρὸς</span> <span class='ocrx_word' id='word_1_401' title='bbox 2469 2683 2634 2737; x_wconf 71' lang='grc' dir='ltr'>αὑτοῦ</span> <span class='ocrx_word' id='word_1_402' title='bbox 2676 2682 2772 2736; x_wconf 91' lang='grc' dir='ltr'><strong>τοῦ</strong></span> <span class='ocrx_word' id='word_1_403' title='bbox 2813 2681 2976 2746; x_wconf 77' lang='grc' dir='ltr'>Θεοῦ,</span> <span class='ocrx_word' id='word_1_404' title='bbox 3009 2682 3070 2734; x_wconf 79' lang='grc' dir='ltr'><strong>τὸ</strong></span> <span class='ocrx_word' id='word_1_405' title='bbox 3102 2681 3418 2752; x_wconf 62' lang='grc' dir='ltr'>ὀργίζεσθαι</span> <span class='ocrx_word' id='word_1_406' title='bbox 3461 2681 3738 2748; x_wconf 80' lang='grc' dir='ltr'>ἀποθέμε-</span> 
     </span>
    </p>
   </div>
   <div class='ocr_carea' id='block_1_60' title="bbox 2169 2772 3734 2846">
    <p class='ocr_par' dir='ltr' id='par_1_60' title="bbox 2169 2772 3734 2846">
     <span class='ocr_line' id='line_1_60' title="bbox 2169 2772 3734 2846; baseline -0.004 -16"><span class='ocrx_word' id='word_1_407' title='bbox 2169 2795 2284 2840; x_wconf 85' lang='grc' dir='ltr'>νον,</span> <span class='ocrx_word' id='word_1_408' title='bbox 2327 2775 2640 2846; x_wconf 78' lang='grc' dir='ltr'>συμπαθείᾳ</span> <span class='ocrx_word' id='word_1_409' title='bbox 2697 2774 3008 2845; x_wconf 79' lang='grc' dir='ltr'>χρήσασθαι</span> <span class='ocrx_word' id='word_1_410' title='bbox 3055 2773 3152 2826; x_wconf 74' lang='grc' dir='ltr'>καὶ</span> <span class='ocrx_word' id='word_1_411' title='bbox 3186 2774 3474 2842; x_wconf 76' lang='grc' dir='ltr'>πραότητι,</span> <span class='ocrx_word' id='word_1_412' title='bbox 3511 2775 3603 2825; x_wconf 74' lang='grc' dir='ltr'><strong>καὶ</strong></span> <span class='ocrx_word' id='word_1_413' title='bbox 3637 2772 3734 2824; x_wconf 78' lang='grc' dir='ltr'><strong>τοῦ</strong></span> 
     </span>
    </p>
   </div>
   <div class='ocr_carea' id='block_1_61' title="bbox 2168 2865 3733 2934">
    <p class='ocr_par' dir='ltr' id='par_1_61' title="bbox 2168 2865 3733 2934">
     <span class='ocr_line' id='line_1_61' title="bbox 2168 2865 3733 2934; baseline -0.001 -14"><span class='ocrx_word' id='word_1_414' title='bbox 2168 2867 2380 2921; x_wconf 79' lang='grc' dir='ltr'>δικαίου</span> <span class='ocrx_word' id='word_1_415' title='bbox 2420 2869 2515 2922; x_wconf 78' lang='grc' dir='ltr'>καὶ</span> <span class='ocrx_word' id='word_1_416' title='bbox 2565 2867 2974 2930; x_wconf 79' lang='grc' dir='ltr'>λυσιτελοῦντος</span> <span class='ocrx_word' id='word_1_417' title='bbox 3021 2867 3126 2932; x_wconf 77' lang='grc' dir='ltr'>ἔξω</span> <span class='ocrx_word' id='word_1_418' title='bbox 3173 2870 3349 2919; x_wconf 86' lang='grc' dir='ltr'>ποιεῖν</span> <span class='ocrx_word' id='word_1_419' title='bbox 3384 2865 3568 2934; x_wconf 85' lang='grc' dir='ltr'>μηδέν.</span> <span class='ocrx_word' id='word_1_420' title='bbox 3601 2865 3661 2917; x_wconf 82' lang='lat' dir='ltr'><strong>Ei</strong></span> <span class='ocrx_word' id='word_1_421' title='bbox 3687 2865 3733 2918; x_wconf 79' lang='grc' dir='ltr'>δ’</span> 
     </span>
    </p>
   </div>
   <div class='ocr_carea' id='block_1_62' title="bbox 2171 2958 3737 3031">
    <p class='ocr_par' dir='ltr' id='par_1_62' title="bbox 2171 2958 3737 3031">
     <span class='ocr_line' id='line_1_62' title="bbox 2171 2958 3737 3031; baseline -0.004 -15"><span class='ocrx_word' id='word_1_422' title='bbox 2171 2962 2281 3031; x_wconf 83' lang='grc' dir='ltr'>ἄρα</span> <span class='ocrx_word' id='word_1_423' title='bbox 2315 2959 2407 3012; x_wconf 89' lang='grc' dir='ltr'><strong>τοῦ</strong></span> <span class='ocrx_word' id='word_1_424' title='bbox 2464 2959 2721 3027; x_wconf 82' lang='grc' dir='ltr'>δαίμονος</span> <span class='ocrx_word' id='word_1_425' title='bbox 2749 2962 2782 3028; x_wconf 83' lang='grc' dir='ltr'>ἠ</span> <span class='ocrx_word' id='word_1_426' title='bbox 2815 2959 3134 3029; x_wconf 85' lang='grc' dir='ltr'>δυσμένεια,</span> <span class='ocrx_word' id='word_1_427' title='bbox 3167 2958 3233 3010; x_wconf 87' lang='grc' dir='ltr'>δι’</span> <span class='ocrx_word' id='word_1_428' title='bbox 3268 2959 3334 3029; x_wconf 79' lang='grc' dir='ltr'>ἢν</span> <span class='ocrx_word' id='word_1_429' title='bbox 3368 2958 3630 3019; x_wconf 83' lang='grc' dir='ltr'>πολλάκις</span> <span class='ocrx_word' id='word_1_430' title='bbox 3677 2960 3737 3010; x_wconf 85' lang='grc' dir='ltr'><strong>ἐν</strong></span> 
     </span>
    </p>
   </div>
   <div class='ocr_carea' id='block_1_63' title="bbox 2176 3048 3740 3120">
    <p class='ocr_par' dir='ltr' id='par_1_63' title="bbox 2176 3048 3740 3120">
     <span class='ocr_line' id='line_1_63' title="bbox 2176 3048 3740 3120; baseline -0.003 -15"><span class='ocrx_word' id='word_1_431' title='bbox 2176 3053 2370 3113; x_wconf 80' lang='grc' dir='ltr'>κακοῖς</span> <span class='ocrx_word' id='word_1_432' title='bbox 2417 3050 2904 3120; x_wconf 82' lang='grc' dir='ltr'>τεταλαιπώρηκα,</span> <span class='ocrx_word' id='word_1_433' title='bbox 2960 3050 3062 3118; x_wconf 77' lang='grc' dir='ltr'>τῆς</span> <span class='ocrx_word' id='word_1_434' title='bbox 3095 3051 3194 3119; x_wconf 88' lang='grc' dir='ltr'><strong>μέν</strong></span> <span class='ocrx_word' id='word_1_435' title='bbox 3227 3049 3472 3110; x_wconf 77' lang='grc' dir='ltr'>δουλείας</span> <span class='ocrx_word' id='word_1_436' title='bbox 3516 3048 3606 3101; x_wconf 68' lang='grc' dir='ltr'><strong>καλ</strong></span> <span class='ocrx_word' id='word_1_437' title='bbox 3647 3049 3740 3100; x_wconf 78' lang='grc' dir='ltr'>εὐ-</span> 
     </span>
    </p>
   </div>
   <div class='ocr_carea' id='block_1_64' title="bbox 504 3113 2065 3214">
    <p class='ocr_par' dir='ltr' id='par_1_64' title="bbox 504 3132 2065 3209">
     <span class='ocr_line' id='line_1_64' title="bbox 504 3132 2065 3209; baseline -0.01 -7"><span class='ocrx_word' id='word_1_438' title='bbox 504 3163 668 3202; x_wconf 90' lang='lat' dir='ltr'><strong>aures</strong></span> <span class='ocrx_word' id='word_1_439' title='bbox 709 3145 863 3209; x_wconf 88' lang='lat' dir='ltr'><strong>dare,</strong></span> <span class='ocrx_word' id='word_1_440' title='bbox 913 3150 968 3197; x_wconf 93' lang='lat' dir='ltr'><strong>et</strong></span> <span class='ocrx_word' id='word_1_441' title='bbox 1015 3140 1186 3196; x_wconf 89' lang='lat' dir='ltr'><strong>armis</strong></span> <span class='ocrx_word' id='word_1_442' title='bbox 1223 3155 1311 3194; x_wconf 92' lang='lat' dir='ltr'><strong>me</strong></span> <span class='ocrx_word' id='word_1_443' title='bbox 1343 3137 1603 3209; x_wconf 83' lang='lat' dir='ltr'><strong>persequi</strong></span> <span class='ocrx_word' id='word_1_444' title='bbox 1636 3134 1936 3205; x_wconf 87' lang='lat' dir='ltr'><strong>persuasit,</strong></span> <span class='ocrx_word' id='word_1_445' title='bbox 1971 3132 2065 3186; x_wconf 91' lang='lat' dir='ltr'><strong>ite-</strong></span> 
     </span>
    </p>
   </div>
   <div class='ocr_carea' id='block_1_65' title="bbox 2167 3113 3742 3214">
    <p class='ocr_par' dir='ltr' id='par_1_65' title="bbox 2178 3142 3742 3214">
     <span class='ocr_line' id='line_1_65' title="bbox 2178 3142 3742 3214; baseline -0.001 -18"><span class='ocrx_word' id='word_1_446' title='bbox 2178 3143 2425 3206; x_wconf 85' lang='grc' dir='ltr'>πειθείας</span> <span class='ocrx_word' id='word_1_447' title='bbox 2456 3145 2522 3214; x_wconf 80' lang='grc' dir='ltr'>ἣν</span> <span class='ocrx_word' id='word_1_448' title='bbox 2557 3142 2743 3212; x_wconf 80' lang='grc' dir='ltr'>ἔργοις</span> <span class='ocrx_word' id='word_1_449' title='bbox 2778 3143 2959 3205; x_wconf 83' lang='grc' dir='ltr'>αὐτοῖς</span> <span class='ocrx_word' id='word_1_450' title='bbox 2993 3143 3356 3212; x_wconf 73' lang='grc' dir='ltr'>ἐπεδειξάμην</span> <span class='ocrx_word' id='word_1_451' title='bbox 3391 3145 3449 3194; x_wconf 81' lang='grc' dir='ltr'><strong>ἐν</strong></span> <span class='ocrx_word' id='word_1_452' title='bbox 3475 3142 3634 3195; x_wconf 65' lang='grc' dir='ltr'>παντὶ</span> <span class='ocrx_word' id='word_1_453' title='bbox 3663 3143 3742 3212; x_wconf 84' lang='grc' dir='ltr'>τῷ</span> 
     </span>
    </p>
   </div>
   <div class='ocr_carea' id='block_1_66' title="bbox 505 3222 2069 3300">
    <p class='ocr_par' dir='ltr' id='par_1_66' title="bbox 505 3222 2069 3300">
     <span class='ocr_line' id='line_1_66' title="bbox 505 3222 2069 3300; baseline -0.01 -9"><span class='ocrx_word' id='word_1_454' title='bbox 505 3255 628 3291; x_wconf 87' lang='lat' dir='ltr'><strong>rum</strong></span> <span class='ocrx_word' id='word_1_455' title='bbox 659 3251 784 3300; x_wconf 89' lang='lat' dir='ltr'><strong>oro,</strong></span> <span class='ocrx_word' id='word_1_456' title='bbox 836 3250 906 3287; x_wconf 89' lang='lat' dir='ltr'><strong>ne</strong></span> <span class='ocrx_word' id='word_1_457' title='bbox 950 3232 1156 3287; x_wconf 91' lang='lat' dir='ltr'><strong>indicta</strong></span> <span class='ocrx_word' id='word_1_458' title='bbox 1208 3244 1372 3284; x_wconf 87' lang='lat' dir='ltr'><strong>causa</strong></span> <span class='ocrx_word' id='word_1_459' title='bbox 1426 3243 1512 3282; x_wconf 92' lang='lat' dir='ltr'><strong>me</strong></span> <span class='ocrx_word' id='word_1_460' title='bbox 1551 3225 1904 3289; x_wconf 89' lang='lat' dir='ltr'><strong>condemnet,</strong></span> <span class='ocrx_word' id='word_1_461' title='bbox 1975 3222 2069 3277; x_wconf 91' lang='lat' dir='ltr'><strong>sed</strong></span> 
     </span>
    </p>
   </div>
   <div class='ocr_carea' id='block_1_67' title="bbox 505 3314 2070 3396">
    <p class='ocr_par' dir='ltr' id='par_1_67' title="bbox 505 3314 2070 3396">
     <span class='ocr_line' id='line_1_67' title="bbox 505 3314 2070 3396; baseline -0.011 -12"><span class='ocrx_word' id='word_1_462' title='bbox 505 3329 736 3384; x_wconf 88' lang='lat' dir='ltr'><strong>crimina</strong></span> <span class='ocrx_word' id='word_1_463' title='bbox 773 3325 1034 3396; x_wconf 80' lang='lat' dir='ltr'><strong>proferat,</strong></span> <span class='ocrx_word' id='word_1_464' title='bbox 1066 3321 1400 3377; x_wconf 81' lang='lat' dir='ltr'><strong>defendendi</strong></span> <span class='ocrx_word' id='word_1_465' title='bbox 1435 3319 1617 3374; x_wconf 88' lang='lat' dir='ltr'><strong>locum</strong></span> <span class='ocrx_word' id='word_1_466' title='bbox 1660 3318 1961 3386; x_wconf 87' lang='lat' dir='ltr'><strong>relinquat.</strong></span> <span class='ocrx_word' id='word_1_467' title='bbox 2013 3314 2070 3369; x_wconf 92' lang='lat' dir='ltr'><strong>Si</strong></span> 
     </span>
    </p>
   </div>
   <div class='ocr_carea' id='block_1_68' title="bbox 508 3406 2068 3481">
    <p class='ocr_par' dir='ltr' id='par_1_68' title="bbox 508 3406 2068 3481">
     <span class='ocr_line' id='line_1_68' title="bbox 508 3406 2068 3481; baseline -0.007 -9"><span class='ocrx_word' id='word_1_468' title='bbox 508 3419 760 3475; x_wconf 82' lang='lat' dir='ltr'><strong>refutatis</strong></span> <span class='ocrx_word' id='word_1_469' title='bbox 791 3417 899 3471; x_wconf 91' lang='lat' dir='ltr'><strong>illis</strong></span> <span class='ocrx_word' id='word_1_470' title='bbox 933 3413 1337 3470; x_wconf 87' lang='lat' dir='ltr'><strong>damnationem</strong></span> <span class='ocrx_word' id='word_1_471' title='bbox 1371 3411 1635 3481; x_wconf 76' lang='lat' dir='ltr'><strong>eﬂugero,</strong></span> <span class='ocrx_word' id='word_1_472' title='bbox 1661 3408 1798 3462; x_wconf 89' lang='lat' dir='ltr'><strong>bene</strong></span> <span class='ocrx_word' id='word_1_473' title='bbox 1851 3406 2019 3460; x_wconf 84' lang='lat' dir='ltr'><strong>habet</strong></span> <span class='ocrx_word' id='word_1_474' title='bbox 2053 3423 2068 3461; x_wconf 90' lang='lat'><strong>:</strong></span> 
     </span>
    </p>
   </div>
   <div class='ocr_carea' id='block_1_69' title="bbox 507 3500 2076 3578">
    <p class='ocr_par' dir='ltr' id='par_1_69' title="bbox 507 3500 2076 3578">
     <span class='ocr_line' id='line_1_69' title="bbox 507 3500 2076 3578; baseline -0.009 -15"><span class='ocrx_word' id='word_1_475' title='bbox 507 3513 591 3564; x_wconf 89' lang='lat' dir='ltr'><strong>sin</strong></span> <span class='ocrx_word' id='word_1_476' title='bbox 627 3508 870 3578; x_wconf 85' lang='lat' dir='ltr'><strong>perfidus</strong></span> <span class='ocrx_word' id='word_1_477' title='bbox 894 3516 952 3560; x_wconf 89' lang='lat' dir='ltr'><strong>et</strong></span> <span class='ocrx_word' id='word_1_478' title='bbox 980 3505 1304 3574; x_wconf 72' lang='lat' dir='ltr'><strong>ftedifragus</strong></span> <span class='ocrx_word' id='word_1_479' title='bbox 1334 3503 1592 3557; x_wconf 91' lang='lat' dir='ltr'><strong>inventus</strong></span> <span class='ocrx_word' id='word_1_480' title='bbox 1649 3500 1830 3563; x_wconf 84' lang='lat' dir='ltr'><strong>fuero,</strong></span> <span class='ocrx_word' id='word_1_481' title='bbox 1874 3514 1941 3554; x_wconf 89' lang='lat' dir='ltr'><strong>ne</strong></span> <span class='ocrx_word' id='word_1_482' title='bbox 1981 3512 2076 3550; x_wconf 87' lang='lat' dir='ltr'><strong>ve-</strong></span> 
     </span>
    </p>
   </div>
   <div class='ocr_carea' id='block_1_70' title="bbox 508 3591 2073 3664">
    <p class='ocr_par' dir='ltr' id='par_1_70' title="bbox 508 3591 2073 3664">
     <span class='ocr_line' id='line_1_70' title="bbox 508 3591 2073 3664; baseline -0.008 -8"><span class='ocrx_word' id='word_1_483' title='bbox 508 3605 656 3656; x_wconf 83' lang='lat' dir='ltr'><strong>niam</strong></span> <span class='ocrx_word' id='word_1_484' title='bbox 689 3614 1035 3661; x_wconf 82' lang='lat' dir='ltr'><strong>eonsequar,</strong></span> <span class='ocrx_word' id='word_1_485' title='bbox 1089 3606 1146 3650; x_wconf 92' lang='lat' dir='ltr'><strong>ct</strong></span> <span class='ocrx_word' id='word_1_486' title='bbox 1197 3596 1284 3649; x_wconf 92' lang='lat' dir='ltr'><strong>vel</strong></span> <span class='ocrx_word' id='word_1_487' title='bbox 1347 3608 1434 3648; x_wconf 88' lang='lat' dir='ltr'><strong>me</strong></span> <span class='ocrx_word' id='word_1_488' title='bbox 1458 3593 1671 3664; x_wconf 89' lang='lat' dir='ltr'><strong>judice,</strong></span> <span class='ocrx_word' id='word_1_489' title='bbox 1717 3591 2073 3661; x_wconf 61' lang='lat' dir='ltr'><strong>quantumvis</strong></span> 
     </span>
    </p>
   </div>
   <div class='ocr_carea' id='block_1_71' title="bbox 511 3682 2078 3763">
    <p class='ocr_par' dir='ltr' id='par_1_71' title="bbox 511 3682 2078 3763">
     <span class='ocr_line' id='line_1_71' title="bbox 511 3682 2078 3763; baseline -0.008 -17"><span class='ocrx_word' id='word_1_490' title='bbox 511 3709 707 3763; x_wconf 78' lang='lat' dir='ltr'><strong>magno</strong></span> <span class='ocrx_word' id='word_1_491' title='bbox 748 3691 1018 3760; x_wconf 87' lang='lat' dir='ltr'><strong>supplicio</strong></span> <span class='ocrx_word' id='word_1_492' title='bbox 1047 3689 1269 3742; x_wconf 89' lang='lat' dir='ltr'><strong>multer.</strong></span> <span class='ocrx_word' id='word_1_493' title='bbox 1304 3688 1427 3742; x_wconf 62' lang='lat' dir='ltr'><strong>Haec</strong></span> <span class='ocrx_word' id='word_1_494' title='bbox 1459 3700 1633 3754; x_wconf 90' lang='lat' dir='ltr'><strong>nepos</strong></span> <span class='ocrx_word' id='word_1_495' title='bbox 1665 3699 1786 3738; x_wconf 87' lang='lat' dir='ltr'><strong>avo.</strong></span> <span class='ocrx_word' id='word_1_496' title='bbox 1820 3682 2078 3748; x_wconf 65' lang='lat' dir='ltr'><strong>Quaeren-</strong></span> 
     </span>
    </p>
   </div>
   <div class='ocr_carea' id='block_1_72' title="bbox 508 3774 2076 3850">
    <p class='ocr_par' dir='ltr' id='par_1_72' title="bbox 508 3774 2076 3850">
     <span class='ocr_line' id='line_1_72' title="bbox 508 3774 2076 3850; baseline -0.008 -11"><span class='ocrx_word' id='word_1_497' title='bbox 508 3787 656 3840; x_wconf 92' lang='lat' dir='ltr'><strong>tibus</strong></span> <span class='ocrx_word' id='word_1_498' title='bbox 686 3785 869 3838; x_wconf 88' lang='lat' dir='ltr'><strong>adhuc</strong></span> <span class='ocrx_word' id='word_1_499' title='bbox 896 3783 1111 3850; x_wconf 78' lang='lat' dir='ltr'><strong>legatis,</strong></span> <span class='ocrx_word' id='word_1_500' title='bbox 1146 3779 1342 3849; x_wconf 88' lang='lat' dir='ltr'><strong>ecquid</strong></span> <span class='ocrx_word' id='word_1_501' title='bbox 1360 3779 1756 3850; x_wconf 86' lang='lat' dir='ltr'><strong>juramentum,</strong></span> <span class='ocrx_word' id='word_1_502' title='bbox 1798 3774 1944 3844; x_wconf 92' lang='lat' dir='ltr'><strong>quod</strong></span> <span class='ocrx_word' id='word_1_503' title='bbox 1973 3788 2076 3827; x_wconf 85' lang='lat' dir='ltr'><strong>avo</strong></span> 
     </span>
    </p>
   </div>
   <div class='ocr_carea' id='block_1_73' title="bbox 503 3865 2078 3950">
    <p class='ocr_par' dir='ltr' id='par_1_73' title="bbox 503 3865 2078 3950">
     <span class='ocr_line' id='line_1_73' title="bbox 503 3865 2078 3950; baseline -0.008 -17"><span class='ocrx_word' id='word_1_504' title='bbox 503 3877 736 3950; x_wconf 89' lang='lat' dir='ltr'><strong>jurarit,</strong></span> <span class='ocrx_word' id='word_1_505' title='bbox 773 3875 982 3929; x_wconf 90' lang='lat' dir='ltr'><strong>nullam</strong></span> <span class='ocrx_word' id='word_1_506' title='bbox 1018 3881 1229 3944; x_wconf 88' lang='lat' dir='ltr'><strong>partem</strong></span> <span class='ocrx_word' id='word_1_507' title='bbox 1269 3871 1531 3925; x_wconf 83' lang='lat' dir='ltr'><strong>violarit:</strong></span> <span class='ocrx_word' id='word_1_508' title='bbox 1565 3869 1691 3931; x_wconf 89' lang='lat' dir='ltr'><strong>rati,</strong></span> <span class='ocrx_word' id='word_1_509' title='bbox 1725 3871 1830 3921; x_wconf 80' lang='lat' dir='ltr'><strong>n‘on</strong></span> <span class='ocrx_word' id='word_1_510' title='bbox 1856 3865 2078 3920; x_wconf 80' lang='lat' dir='ltr'><strong>diﬂicile</strong></span> 
     </span>
    </p>
   </div>
   <div class='ocr_carea' id='block_1_74' title="bbox 509 3959 2077 4032">
    <p class='ocr_par' dir='ltr' id='par_1_74' title="bbox 509 3959 2077 4032">
     <span class='ocr_line' id='line_1_74' title="bbox 509 3959 2077 4032; baseline -0.008 -10"><span class='ocrx_word' id='word_1_511' title='bbox 509 3965 930 4022; x_wconf 85' lang='lat' dir='ltr'><strong>reconciliatum</strong></span> <span class='ocrx_word' id='word_1_512' title='bbox 977 3964 1047 4018; x_wconf 91' lang='lat' dir='ltr'><strong>iri</strong></span> <span class='ocrx_word' id='word_1_513' title='bbox 1091 3978 1304 4027; x_wconf 88' lang='lat' dir='ltr'><strong>senem,</strong></span> <span class='ocrx_word' id='word_1_514' title='bbox 1336 3961 1381 4016; x_wconf 87' lang='lat' dir='ltr'><strong>si</strong></span> <span class='ocrx_word' id='word_1_515' title='bbox 1429 3959 1795 4032; x_wconf 90' lang='lat' dir='ltr'><strong>jurisjurandi</strong></span> <span class='ocrx_word' id='word_1_516' title='bbox 1830 3967 2077 4012; x_wconf 88' lang='lat' dir='ltr'><strong>tenacem</strong></span> 
     </span>
    </p>
   </div>
   <div class='ocr_carea' id='block_1_75' title="bbox 515 4051 2080 4125">
    <p class='ocr_par' dir='ltr' id='par_1_75' title="bbox 515 4051 2080 4125">
     <span class='ocr_line' id='line_1_75' title="bbox 515 4051 2080 4125; baseline -0.013 -4"><span class='ocrx_word' id='word_1_517' title='bbox 515 4077 638 4121; x_wconf 81' lang='lat' dir='ltr'><strong>esse</strong></span> <span class='ocrx_word' id='word_1_518' title='bbox 675 4059 952 4125; x_wconf 72' lang='lat' dir='ltr'><strong>audierit;</strong></span> <span class='ocrx_word' id='word_1_519' title='bbox 991 4057 1464 4125; x_wconf 79' lang='lat' dir='ltr'><strong>confirmanthue</strong></span> <span class='ocrx_word' id='word_1_520' title='bbox 1500 4055 1614 4118; x_wconf 91' lang='lat' dir='ltr'><strong>illo,</strong></span> <span class='ocrx_word' id='word_1_521' title='bbox 1657 4068 1716 4108; x_wconf 91' lang='lat' dir='ltr'><strong>se</strong></span> <span class='ocrx_word' id='word_1_522' title='bbox 1753 4051 1818 4106; x_wconf 88' lang='lat' dir='ltr'><strong>ad</strong></span> <span class='ocrx_word' id='word_1_523' title='bbox 1851 4051 1903 4104; x_wconf 92' lang='lat' dir='ltr'><strong>id</strong></span> <span class='ocrx_word' id='word_1_524' title='bbox 1939 4059 2080 4104; x_wconf 89' lang='lat' dir='ltr'><strong>tem-</strong></span> 
     </span>
    </p>
   </div>
   <div class='ocr_carea' id='block_1_76' title="bbox 513 4143 2079 4223">
    <p class='ocr_par' dir='ltr' id='par_1_76' title="bbox 513 4143 2079 4223">
     <span class='ocr_line' id='line_1_76' title="bbox 513 4143 2079 4223; baseline -0.008 -16"><span class='ocrx_word' id='word_1_525' title='bbox 513 4170 618 4223; x_wconf 89' lang='lat' dir='ltr'><strong>pus</strong></span> <span class='ocrx_word' id='word_1_526' title='bbox 650 4168 822 4223; x_wconf 90' lang='lat' dir='ltr'><strong>usque</strong></span> <span class='ocrx_word' id='word_1_527' title='bbox 854 4150 994 4204; x_wconf 86' lang='lat' dir='ltr'><strong>nihil</strong></span> <span class='ocrx_word' id='word_1_528' title='bbox 1026 4147 1218 4203; x_wconf 67' lang='lat' dir='ltr'><strong>fortiori</strong></span> <span class='ocrx_word' id='word_1_529' title='bbox 1241 4146 1580 4200; x_wconf 86' lang='lat' dir='ltr'><strong>contrariqu</strong></span> <span class='ocrx_word' id='word_1_530' title='bbox 1608 4145 1807 4213; x_wconf 76' lang='lat' dir='ltr'><strong>egisse,</strong></span> <span class='ocrx_word' id='word_1_531' title='bbox 1832 4143 2079 4196; x_wconf 68' lang='lat' dir='ltr'><strong>laetantes</strong></span> 
     </span>
    </p>
   </div>
   <div class='ocr_carea' id='block_1_77' title="bbox 514 4235 2078 4312">
    <p class='ocr_par' dir='ltr' id='par_1_77' title="bbox 514 4235 2078 4312">
     <span class='ocr_line' id='line_1_77' title="bbox 514 4235 2078 4312; baseline -0.01 -13"><span class='ocrx_word' id='word_1_532' title='bbox 514 4251 585 4299; x_wconf 78' lang='lat' dir='ltr'><strong>ac</strong></span> <span class='ocrx_word' id='word_1_533' title='bbox 616 4245 758 4298; x_wconf 90' lang='lat' dir='ltr'><strong>bene</strong></span> <span class='ocrx_word' id='word_1_534' title='bbox 799 4251 1106 4312; x_wconf 88' lang='lat' dir='ltr'><strong>sperantes,</strong></span> <span class='ocrx_word' id='word_1_535' title='bbox 1129 4239 1330 4292; x_wconf 90' lang='lat' dir='ltr'><strong>bellum</strong></span> <span class='ocrx_word' id='word_1_536' title='bbox 1357 4239 1594 4304; x_wconf 81' lang='lat' dir='ltr'><strong>sepitum</strong></span> <span class='ocrx_word' id='word_1_537' title='bbox 1636 4235 1730 4298; x_wconf 89' lang='lat' dir='ltr'><strong>iri,</strong></span> <span class='ocrx_word' id='word_1_538' title='bbox 1758 4235 2078 4304; x_wconf 83' lang='lat' dir='ltr'><strong>Byzantium</strong></span> 
     </span>
    </p>
   </div>
   <div class='ocr_carea' id='block_1_78' title="bbox 514 4325 2076 4406">
    <p class='ocr_par' dir='ltr' id='par_1_78' title="bbox 514 4325 2076 4406">
     <span class='ocr_line' id='line_1_78' title="bbox 514 4325 2076 4406; baseline -0.011 -15"><span class='ocrx_word' id='word_1_539' title='bbox 514 4339 840 4406; x_wconf 82' lang='lat' dir='ltr'><strong>repetivere.</strong></span> <span class='ocrx_word' id='word_1_540' title='bbox 872 4335 1074 4388; x_wconf 80' lang='lat' dir='ltr'><strong>Verum</strong></span> <span class='ocrx_word' id='word_1_541' title='bbox 1112 4331 1275 4384; x_wconf 87' lang='lat' dir='ltr'><strong>aliter</strong></span> <span class='ocrx_word' id='word_1_542' title='bbox 1310 4327 1511 4381; x_wconf 90' lang='lat' dir='ltr'><strong>accidit</strong></span> <span class='ocrx_word' id='word_1_543' title='bbox 1555 4341 1719 4394; x_wconf 85' lang='lat' dir='ltr'><strong>quam</strong></span> <span class='ocrx_word' id='word_1_544' title='bbox 1759 4325 2076 4393; x_wconf 86' lang='lat' dir='ltr'><strong>sperabant.</strong></span> 
     </span>
    </p>
   </div>
   <div class='ocr_carea' id='block_1_79' title="bbox 2175 3233 3743 3306">
    <p class='ocr_par' dir='ltr' id='par_1_79' title="bbox 2175 3233 3743 3306">
     <span class='ocr_line' id='line_1_79' title="bbox 2175 3233 3743 3306; baseline -0.002 -16"><span class='ocrx_word' id='word_1_545' title='bbox 2175 3237 2517 3306; x_wconf 85' lang='grc' dir='ltr'>παρασχόντι</span> <span class='ocrx_word' id='word_1_546' title='bbox 2573 3235 2991 3304; x_wconf 88' lang='grc' dir='ltr'>παρεσκεύασεν</span> <span class='ocrx_word' id='word_1_547' title='bbox 3026 3233 3400 3303; x_wconf 73' lang='grc' dir='ltr'>ἐπιλελῆσθαι,</span> <span class='ocrx_word' id='word_1_548' title='bbox 3469 3237 3580 3297; x_wconf 85' lang='grc' dir='ltr'>τοῖς</span> <span class='ocrx_word' id='word_1_549' title='bbox 3626 3235 3743 3287; x_wconf 77' lang='grc' dir='ltr'>δια-</span> 
     </span>
    </p>
   </div>
   <div class='ocr_carea' id='block_1_80' title="bbox 2173 3325 3740 3396">
    <p class='ocr_par' dir='ltr' id='par_1_80' title="bbox 2173 3325 3740 3396">
     <span class='ocr_line' id='line_1_80' title="bbox 2173 3325 3740 3396; baseline -0.001 -17"><span class='ocrx_word' id='word_1_550' title='bbox 2173 3327 2429 3379; x_wconf 81' lang='grc' dir='ltr'>ϐάλλουσι</span> <span class='ocrx_word' id='word_1_551' title='bbox 2459 3327 2515 3380; x_wconf 83' lang='grc' dir='ltr'><strong>δέ</strong></span> <span class='ocrx_word' id='word_1_552' title='bbox 2565 3327 2658 3379; x_wconf 84' lang='grc' dir='ltr'>καὶ</span> <span class='ocrx_word' id='word_1_553' title='bbox 2683 3325 3114 3393; x_wconf 67' lang='grc' dir='ltr'>συκοφαντοῦσιν</span> <span class='ocrx_word' id='word_1_554' title='bbox 3143 3327 3401 3378; x_wconf 82' lang='grc' dir='ltr'>ἀνέπεισε</span> <span class='ocrx_word' id='word_1_555' title='bbox 3427 3327 3740 3396; x_wconf 81' lang='grc' dir='ltr'>προσέχειν,</span> 
     </span>
    </p>
   </div>
   <div class='ocr_carea' id='block_1_81' title="bbox 2175 3412 3743 3484">
    <p class='ocr_par' dir='ltr' id='par_1_81' title="bbox 2175 3412 3743 3484">
     <span class='ocr_line' id='line_1_81' title="bbox 2175 3412 3743 3484; baseline 0 -16"><span class='ocrx_word' id='word_1_556' title='bbox 2175 3418 2268 3469; x_wconf 76' lang='grc' dir='ltr'><strong>καὶ</strong></span> <span class='ocrx_word' id='word_1_557' title='bbox 2293 3415 2387 3468; x_wconf 80' lang='grc' dir='ltr'>τὸν</span> <span class='ocrx_word' id='word_1_558' title='bbox 2410 3413 2536 3468; x_wconf 84' lang='grc' dir='ltr'>κατ’</span> <span class='ocrx_word' id='word_1_559' title='bbox 2569 3413 2703 3484; x_wconf 84' lang='grc' dir='ltr'>ἐμοῦ</span> <span class='ocrx_word' id='word_1_560' title='bbox 2745 3415 2984 3484; x_wconf 81' lang='grc' dir='ltr'>πόλεμον</span> <span class='ocrx_word' id='word_1_561' title='bbox 3012 3416 3204 3479; x_wconf 75' lang='grc' dir='ltr'>κινεῖ-ι,</span> <span class='ocrx_word' id='word_1_562' title='bbox 3235 3413 3426 3483; x_wconf 89' lang='grc' dir='ltr'>δέομαι</span> <span class='ocrx_word' id='word_1_563' title='bbox 3474 3412 3628 3476; x_wconf 79' lang='grc' dir='ltr'>αὖθις</span> <span class='ocrx_word' id='word_1_564' title='bbox 3663 3417 3743 3484; x_wconf 81' lang='grc' dir='ltr'>μὴ</span> 
     </span>
    </p>
   </div>
   <div class='ocr_carea' id='block_1_82' title="bbox 2175 3505 3743 3578">
    <p class='ocr_par' dir='ltr' id='par_1_82' title="bbox 2175 3505 3743 3578">
     <span class='ocr_line' id='line_1_82' title="bbox 2175 3505 3743 3578; baseline -0.002 -18"><span class='ocrx_word' id='word_1_565' title='bbox 2175 3509 2393 3578; x_wconf 72' lang='grc' dir='ltr'>ἐρήμην</span> <span class='ocrx_word' id='word_1_566' title='bbox 2425 3506 2569 3560; x_wconf 76' lang='grc' dir='ltr'>οὕτω</span> <span class='ocrx_word' id='word_1_567' title='bbox 2605 3505 3118 3576; x_wconf 78' lang='grc' dir='ltr'>καταψηφίσασθαιο</span> <span class='ocrx_word' id='word_1_568' title='bbox 3151 3507 3288 3558; x_wconf 72' lang='grc' dir='ltr'>ἀλλὰ</span> <span class='ocrx_word' id='word_1_569' title='bbox 3332 3507 3400 3560; x_wconf 85' lang='grc' dir='ltr'>τά</span> <span class='ocrx_word' id='word_1_570' title='bbox 3448 3524 3506 3558; x_wconf 89' lang='grc' dir='ltr'>τε</span> <span class='ocrx_word' id='word_1_571' title='bbox 3543 3507 3743 3576; x_wconf 83' lang='grc' dir='ltr'>ἐγκλή-</span> 
     </span>
    </p>
   </div>
   <div class='ocr_carea' id='block_1_83' title="bbox 2181 3597 3740 3668">
    <p class='ocr_par' dir='ltr' id='par_1_83' title="bbox 2181 3597 3740 3668">
     <span class='ocr_line' id='line_1_83' title="bbox 2181 3597 3740 3668; baseline -0.001 -16"><span class='ocrx_word' id='word_1_572' title='bbox 2181 3617 2331 3668; x_wconf 86' lang='grc' dir='ltr'>ματα</span> <span class='ocrx_word' id='word_1_573' title='bbox 2359 3598 2622 3664; x_wconf 74' lang='grc' dir='ltr'>δηλῶσαι,</span> <span class='ocrx_word' id='word_1_574' title='bbox 2669 3599 2763 3650; x_wconf 74' lang='grc' dir='ltr'>καὶ</span> <span class='ocrx_word' id='word_1_575' title='bbox 2792 3599 2956 3650; x_wconf 82' lang='grc' dir='ltr'>τόπον</span> <span class='ocrx_word' id='word_1_576' title='bbox 2986 3597 3283 3664; x_wconf 79' lang='grc' dir='ltr'>ἀπολογίας</span> <span class='ocrx_word' id='word_1_577' title='bbox 3314 3599 3636 3668; x_wconf 84' lang='grc' dir='ltr'>παρασχεῖν.</span> <span class='ocrx_word' id='word_1_578' title='bbox 3679 3598 3740 3650; x_wconf 82' lang='grc' dir='ltr'><strong>Εἰ</strong></span> 
     </span>
    </p>
   </div>
   <div class='ocr_carea' id='block_1_84' title="bbox 2181 3688 3744 3762">
    <p class='ocr_par' dir='ltr' id='par_1_84' title="bbox 2181 3688 3744 3762">
     <span class='ocr_line' id='line_1_84' title="bbox 2181 3688 3744 3762; baseline 0.001 -19"><span class='ocrx_word' id='word_1_579' title='bbox 2181 3693 2280 3762; x_wconf 80' lang='grc' dir='ltr'><strong>μὲν</strong></span> <span class='ocrx_word' id='word_1_580' title='bbox 2318 3688 2413 3745; x_wconf 78' lang='grc' dir='ltr'><strong>οὖν</strong></span> <span class='ocrx_word' id='word_1_581' title='bbox 2443 3692 2690 3759; x_wconf 77' lang='grc' dir='ltr'>διαφύγω</span> <span class='ocrx_word' id='word_1_582' title='bbox 2725 3690 2824 3761; x_wconf 81' lang='grc' dir='ltr'><strong>τὴν</strong></span> <span class='ocrx_word' id='word_1_583' title='bbox 2868 3691 3049 3760; x_wconf 83' lang='grc' dir='ltr'>δίκην,</span> <span class='ocrx_word' id='word_1_584' title='bbox 3087 3694 3152 3742; x_wconf 69' lang='grc' dir='ltr'>τὰ</span> <span class='ocrx_word' id='word_1_585' title='bbox 3178 3691 3499 3761; x_wconf 76' lang='grc' dir='ltr'>ἐγκλήματα</span> <span class='ocrx_word' id='word_1_586' title='bbox 3537 3693 3744 3744; x_wconf 82' lang='grc' dir='ltr'>ἀπολυ-</span> 
     </span>
    </p>
   </div>
   <div class='ocr_carea' id='block_1_85' title="bbox 2179 3781 3741 3854">
    <p class='ocr_par' dir='ltr' id='par_1_85' title="bbox 2179 3781 3741 3854">
     <span class='ocr_line' id='line_1_85' title="bbox 2179 3781 3741 3854; baseline -0.001 -17"><span class='ocrx_word' id='word_1_587' title='bbox 2179 3785 2416 3854; x_wconf 82' lang='grc' dir='ltr'>σάμενος</span> <span class='ocrx_word' id='word_1_588' title='bbox 2439 3825 2452 3849; x_wconf 94' lang='grc'><strong>,</strong></span> <span class='ocrx_word' id='word_1_589' title='bbox 2488 3781 2549 3838; x_wconf 86' lang='grc' dir='ltr'>εὖ</span> <span class='ocrx_word' id='word_1_590' title='bbox 2595 3785 2661 3837; x_wconf 84' lang='grc' dir='ltr'><strong>ἂν</strong></span> <span class='ocrx_word' id='word_1_591' title='bbox 2696 3784 2832 3852; x_wconf 73' lang='grc' dir='ltr'>ἔχοι·</span> <span class='ocrx_word' id='word_1_592' title='bbox 2878 3784 2944 3836; x_wconf 84' lang='grc' dir='ltr'><strong>ἂν</strong></span> <span class='ocrx_word' id='word_1_593' title='bbox 2975 3783 3017 3834; x_wconf 80' lang='grc' dir='ltr'>δ’</span> <span class='ocrx_word' id='word_1_594' title='bbox 3053 3783 3326 3854; x_wconf 81' lang='grc' dir='ltr'>ἐπιορκῶν</span> <span class='ocrx_word' id='word_1_595' title='bbox 3361 3783 3476 3836; x_wconf 84' lang='grc' dir='ltr'><strong>ἀλῶ</strong></span> <span class='ocrx_word' id='word_1_596' title='bbox 3511 3785 3604 3837; x_wconf 77' lang='grc' dir='ltr'><strong>καὶ</strong></span> <span class='ocrx_word' id='word_1_597' title='bbox 3632 3801 3741 3836; x_wconf 86' lang='grc' dir='ltr'>πα-</span> 
     </span>
    </p>
   </div>
   <div class='ocr_carea' id='block_1_86' title="bbox 2181 3876 3741 3948">
    <p class='ocr_par' dir='ltr' id='par_1_86' title="bbox 2181 3876 3741 3948">
     <span class='ocr_line' id='line_1_86' title="bbox 2181 3876 3741 3948; baseline 0.001 -19"><span class='ocrx_word' id='word_1_598' title='bbox 2181 3877 2524 3948; x_wconf 82' lang='grc' dir='ltr'>ρασπονδῶν,</span> <span class='ocrx_word' id='word_1_599' title='bbox 2554 3877 2812 3945; x_wconf 77' lang='grc' dir='ltr'>οὐδεμιᾶς</span> <span class='ocrx_word' id='word_1_600' title='bbox 2845 3876 2986 3941; x_wconf 79' lang='grc' dir='ltr'>ἀξιῶ</span> <span class='ocrx_word' id='word_1_601' title='bbox 3011 3879 3195 3945; x_wconf 73' lang='grc' dir='ltr'>τυχεῖν</span> <span class='ocrx_word' id='word_1_602' title='bbox 3226 3876 3578 3946; x_wconf 76' lang='grc' dir='ltr'>συγγνώμης,</span> <span class='ocrx_word' id='word_1_603' title='bbox 3606 3877 3741 3931; x_wconf 74' lang='grc' dir='ltr'>ἀλλὰ</span> 
     </span>
    </p>
   </div>
   <div class='ocr_carea' id='block_1_87' title="bbox 2179 3966 3744 4038">
    <p class='ocr_par' dir='ltr' id='par_1_87' title="bbox 2179 3966 3744 4038">
     <span class='ocr_line' id='line_1_87' title="bbox 2179 3966 3744 4038; baseline 0.001 -17"><span class='ocrx_word' id='word_1_604' title='bbox 2179 3970 2288 4021; x_wconf 79' lang='grc' dir='ltr'><strong>πᾶν</strong></span> <span class='ocrx_word' id='word_1_605' title='bbox 2317 3967 2498 4021; x_wconf 79' lang='grc' dir='ltr'>ὁτιοῦν</span> <span class='ocrx_word' id='word_1_606' title='bbox 2531 3968 2763 4037; x_wconf 84' lang='grc' dir='ltr'>πάσχειν</span> <span class='ocrx_word' id='word_1_607' title='bbox 2815 3967 2980 4029; x_wconf 78' lang='grc' dir='ltr'>αὐτὸς</span> <span class='ocrx_word' id='word_1_608' title='bbox 3035 3966 3308 4036; x_wconf 86' lang='grc' dir='ltr'>τιμῶμαι.</span> <span class='ocrx_word' id='word_1_609' title='bbox 3345 3968 3608 4031; x_wconf 79' lang='grc' dir='ltr'>Βασιλεὺς</span> <span class='ocrx_word' id='word_1_610' title='bbox 3644 3970 3744 4038; x_wconf 78' lang='grc' dir='ltr'>μὲν</span> 
     </span>
    </p>
   </div>
   <div class='ocr_carea' id='block_1_88' title="bbox 2179 4059 3746 4129">
    <p class='ocr_par' dir='ltr' id='par_1_88' title="bbox 2179 4059 3746 4129">
     <span class='ocr_line' id='line_1_88' title="bbox 2179 4059 3746 4129; baseline -0.001 -16"><span class='ocrx_word' id='word_1_611' title='bbox 2179 4060 2274 4113; x_wconf 84' lang='grc' dir='ltr'><strong>οῦν</strong></span> <span class='ocrx_word' id='word_1_612' title='bbox 2303 4063 2330 4113; x_wconf 84' lang='grc' dir='ltr'>ὁ</span> <span class='ocrx_word' id='word_1_613' title='bbox 2358 4061 2478 4122; x_wconf 83' lang='grc' dir='ltr'>νέος</span> <span class='ocrx_word' id='word_1_614' title='bbox 2517 4061 2631 4122; x_wconf 83' lang='grc' dir='ltr'>τοῖς</span> <span class='ocrx_word' id='word_1_615' title='bbox 2685 4059 2952 4127; x_wconf 83' lang='grc' dir='ltr'>πρέσϐεσι</span> <span class='ocrx_word' id='word_1_616' title='bbox 2998 4060 3078 4129; x_wconf 83' lang='grc' dir='ltr'><strong>τῷ</strong></span> <span class='ocrx_word' id='word_1_617' title='bbox 3122 4062 3331 4126; x_wconf 83' lang='grc' dir='ltr'>πάππῳ</span> <span class='ocrx_word' id='word_1_618' title='bbox 3369 4059 3593 4112; x_wconf 82' lang='grc' dir='ltr'>τοιαῦτα</span> <span class='ocrx_word' id='word_1_619' title='bbox 3626 4062 3746 4112; x_wconf 78' lang='grc' dir='ltr'><strong>ἐκέ-</strong></span> 
     </span>
    </p>
   </div>
   <div class='ocr_carea' id='block_1_89' title="bbox 2180 4150 3746 4222">
    <p class='ocr_par' dir='ltr' id='par_1_89' title="bbox 2180 4150 3746 4222">
     <span class='ocr_line' id='line_1_89' title="bbox 2180 4150 3746 4222; baseline -0.002 -18"><span class='ocrx_word' id='word_1_620' title='bbox 2180 4150 2336 4205; x_wconf 88' lang='grc' dir='ltr'>λευεν</span> <span class='ocrx_word' id='word_1_621' title='bbox 2375 4151 2764 4220; x_wconf 83' lang='grc' dir='ltr'>ἀπαγγέλλειν·</span> <span class='ocrx_word' id='word_1_622' title='bbox 2796 4151 2844 4202; x_wconf 78' lang='grc' dir='ltr'>οξ</span> <span class='ocrx_word' id='word_1_623' title='bbox 2885 4151 2928 4202; x_wconf 85' lang='grc' dir='ltr'>δ’</span> <span class='ocrx_word' id='word_1_624' title='bbox 2980 4150 3348 4202; x_wconf 80' lang='grc' dir='ltr'>ἐπυνθάνοντο</span> <span class='ocrx_word' id='word_1_625' title='bbox 3379 4150 3536 4214; x_wconf 78' lang='grc' dir='ltr'>αὖθις</span> <span class='ocrx_word' id='word_1_626' title='bbox 3565 4153 3612 4202; x_wconf 86' lang='grc' dir='ltr'><strong>εί</strong></span> <span class='ocrx_word' id='word_1_627' title='bbox 3642 4170 3746 4222; x_wconf 63' lang='grc' dir='ltr'>μη.-</span> 
     </span>
    </p>
   </div>
   <div class='ocr_carea' id='block_1_90' title="bbox 2179 4241 3748 4312">
    <p class='ocr_par' dir='ltr' id='par_1_90' title="bbox 2179 4241 3748 4312">
     <span class='ocr_line' id='line_1_90' title="bbox 2179 4241 3748 4312; baseline -0.001 -16"><span class='ocrx_word' id='word_1_628' title='bbox 2179 4243 2268 4296; x_wconf 81' lang='grc' dir='ltr'><strong>δέν</strong></span> <span class='ocrx_word' id='word_1_629' title='bbox 2319 4242 2501 4312; x_wconf 80' lang='grc' dir='ltr'>ἐαυτῷ</span> <span class='ocrx_word' id='word_1_630' title='bbox 2534 4243 2746 4297; x_wconf 83' lang='grc' dir='ltr'>σύνοιδε</span> <span class='ocrx_word' id='word_1_631' title='bbox 2780 4242 2907 4304; x_wconf 78' lang='grc' dir='ltr'>τοὺς</span> <span class='ocrx_word' id='word_1_632' title='bbox 2947 4242 3085 4312; x_wconf 72' lang='grc' dir='ltr'>πρὸς</span> <span class='ocrx_word' id='word_1_633' title='bbox 3127 4241 3348 4312; x_wconf 79' lang='grc' dir='ltr'>βασιλέα</span> <span class='ocrx_word' id='word_1_634' title='bbox 3381 4245 3472 4295; x_wconf 85' lang='grc' dir='ltr'><strong>τὸν</strong></span> <span class='ocrx_word' id='word_1_635' title='bbox 3526 4245 3748 4296; x_wconf 82' lang='grc' dir='ltr'>πάππον</span> 
     </span>
    </p>
   </div>
   <div class='ocr_carea' id='block_1_91' title="bbox 2182 4334 3749 4405">
    <p class='ocr_par' dir='ltr' id='par_1_91' title="bbox 2182 4334 3749 4405">
     <span class='ocr_line' id='line_1_91' title="bbox 2182 4334 3749 4405; baseline 0.001 -19"><span class='ocrx_word' id='word_1_636' title='bbox 2182 4336 2593 4403; x_wconf 80' lang='grc' dir='ltr'>γεγενημένους</span> <span class='ocrx_word' id='word_1_637' title='bbox 2639 4337 2838 4404; x_wconf 84' lang='grc' dir='ltr'>ὅρκους</span> <span class='ocrx_word' id='word_1_638' title='bbox 2897 4334 3322 4404; x_wconf 82' lang='grc' dir='ltr'>παραϐεϐηκὼς,</span> <span class='ocrx_word' id='word_1_639' title='bbox 3363 4338 3600 4405; x_wconf 74' lang='grc' dir='ltr'>οἰόμενοι</span> <span class='ocrx_word' id='word_1_640' title='bbox 3631 4340 3749 4388; x_wconf 82' lang='grc' dir='ltr'>πεῖ-</span> 
     </span>
    </p>
   </div>
   <div class='ocr_carea' id='block_1_92' title="bbox 514 4413 2065 4497">
    <p class='ocr_par' dir='ltr' id='par_1_92' title="bbox 514 4413 2065 4497">
     <span class='ocr_line' id='line_1_92' title="bbox 514 4413 2065 4497; baseline -0.011 -14"><span class='ocrx_word' id='word_1_641' title='bbox 514 4428 790 4497; x_wconf 76' lang='lat' dir='ltr'><strong>Expositis</strong></span> <span class='ocrx_word' id='word_1_642' title='bbox 828 4438 1066 4492; x_wconf 87' lang='lat' dir='ltr'><strong>namque</strong></span> <span class='ocrx_word' id='word_1_643' title='bbox 1095 4420 1297 4489; x_wconf 89' lang='lat' dir='ltr'><strong>quibus</strong></span> <span class='ocrx_word' id='word_1_644' title='bbox 1325 4419 1512 4488; x_wconf 90' lang='lat' dir='ltr'><strong>junior</strong></span> <span class='ocrx_word' id='word_1_645' title='bbox 1533 4416 1676 4484; x_wconf 90' lang='lat' dir='ltr'><strong>rupti</strong></span> <span class='ocrx_word' id='word_1_646' title='bbox 1700 4415 1925 4469; x_wconf 68' lang='lat' dir='ltr'><strong>foederis</strong></span> <span class='ocrx_word' id='word_1_647' title='bbox 1966 4413 2065 4468; x_wconf 90' lang='lat' dir='ltr'><strong>cul-</strong></span> 
     </span>
    </p>
   </div>
   <div class='ocr_carea' id='block_1_93' title="bbox 2167 4413 3750 4497">
    <p class='ocr_par' dir='ltr' id='par_1_93' title="bbox 2187 4425 3750 4497">
     <span class='ocr_line' id='line_1_93' title="bbox 2187 4425 3750 4497; baseline 0.002 -19"><span class='ocrx_word' id='word_1_648' title='bbox 2187 4443 2278 4478; x_wconf 87' lang='grc' dir='ltr'><strong>σαι</strong></span> <span class='ocrx_word' id='word_1_649' title='bbox 2313 4425 2380 4479; x_wconf 77' lang='grc' dir='ltr'>ἂν</span> <span class='ocrx_word' id='word_1_650' title='bbox 2409 4426 2640 4495; x_wconf 81' lang='grc' dir='ltr'>βασιλέα</span> <span class='ocrx_word' id='word_1_651' title='bbox 2675 4427 2875 4496; x_wconf 78' lang='grc' dir='ltr'>ῥᾳδίως</span> <span class='ocrx_word' id='word_1_652' title='bbox 2909 4427 3268 4480; x_wconf 83' lang='grc' dir='ltr'>διαλύσασθαι</span> <span class='ocrx_word' id='word_1_653' title='bbox 3301 4429 3440 4497; x_wconf 72' lang='grc' dir='ltr'>προς</span> <span class='ocrx_word' id='word_1_654' title='bbox 3470 4427 3562 4479; x_wconf 77' lang='grc' dir='ltr'><strong>τὸν</strong></span> <span class='ocrx_word' id='word_1_655' title='bbox 3592 4427 3750 4495; x_wconf 78' lang='grc' dir='ltr'>ἔγγο-</span> 
     </span>
    </p>
   </div>
   <div class='ocr_carea' id='block_1_94' title="bbox 498 4505 2083 4590">
    <p class='ocr_par' dir='ltr' id='par_1_94' title="bbox 498 4505 2083 4590">
     <span class='ocr_line' id='line_1_94' title="bbox 498 4505 2083 4590; baseline -0.011 -16"><span class='ocrx_word' id='word_1_656' title='bbox 498 4531 637 4590; x_wconf 78' lang='lat' dir='ltr'><strong>‘pam</strong></span> <span class='ocrx_word' id='word_1_657' title='bbox 684 4519 752 4572; x_wconf 89' lang='lat' dir='ltr'><strong>ab</strong></span> <span class='ocrx_word' id='word_1_658' title='bbox 810 4533 869 4572; x_wconf 84' lang='lat' dir='ltr'><strong>se</strong></span> <span class='ocrx_word' id='word_1_659' title='bbox 913 4515 1176 4570; x_wconf 71' lang='lat' dir='ltr'><strong>amolitus</strong></span> <span class='ocrx_word' id='word_1_660' title='bbox 1227 4522 1406 4572; x_wconf 89' lang='lat' dir='ltr'><strong>esset,</strong></span> <span class='ocrx_word' id='word_1_661' title='bbox 1462 4507 1632 4562; x_wconf 84' lang='lat' dir='ltr'><strong>nihilo</strong></span> <span class='ocrx_word' id='word_1_662' title='bbox 1675 4506 1846 4576; x_wconf 81' lang='lat' dir='ltr'><strong>magis</strong></span> <span class='ocrx_word' id='word_1_663' title='bbox 1883 4505 2083 4574; x_wconf 78' lang='lat' dir='ltr'><strong>senior</strong></span> 
     </span>
    </p>
   </div>
   <div class='ocr_carea' id='block_1_95' title="bbox 515 4597 2085 4679">
    <p class='ocr_par' dir='ltr' id='par_1_95' title="bbox 515 4597 2085 4679">
     <span class='ocr_line' id='line_1_95' title="bbox 515 4597 2085 4679; baseline -0.009 -15"><span class='ocrx_word' id='word_1_664' title='bbox 515 4613 650 4665; x_wconf 91' lang='lat' dir='ltr'><strong>iram</strong></span> <span class='ocrx_word' id='word_1_665' title='bbox 681 4610 884 4679; x_wconf 88' lang='lat' dir='ltr'><strong>posuit.</strong></span> <span class='ocrx_word' id='word_1_666' title='bbox 918 4607 976 4660; x_wconf 92' lang='lat' dir='ltr'><strong>Et</strong></span> <span class='ocrx_word' id='word_1_667' title='bbox 1009 4605 1204 4675; x_wconf 83' lang='lat' dir='ltr'><strong>legatis</strong></span> <span class='ocrx_word' id='word_1_668' title='bbox 1234 4602 1456 4671; x_wconf 88' lang='lat' dir='ltr'><strong>quidem</strong></span> <span class='ocrx_word' id='word_1_669' title='bbox 1490 4598 1625 4652; x_wconf 90' lang='lat' dir='ltr'><strong>nihil</strong></span> <span class='ocrx_word' id='word_1_670' title='bbox 1648 4597 1952 4666; x_wconf 89' lang='lat' dir='ltr'><strong>respondit,</strong></span> <span class='ocrx_word' id='word_1_671' title='bbox 1989 4611 2085 4666; x_wconf 83' lang='lat' dir='ltr'><strong>pa-</strong></span> 
     </span>
    </p>
   </div>
   <div class='ocr_carea' id='block_1_96' title="bbox 517 4691 2080 4764">
    <p class='ocr_par' dir='ltr' id='par_1_96' title="bbox 517 4691 2080 4764">
     <span class='ocr_line' id='line_1_96' title="bbox 517 4691 2080 4764; baseline -0.01 -9"><span class='ocrx_word' id='word_1_672' title='bbox 517 4702 771 4756; x_wconf 73' lang='lat' dir='ltr'><strong>triarcha:</strong></span> <span class='ocrx_word' id='word_1_673' title='bbox 817 4714 950 4753; x_wconf 89' lang='lat' dir='ltr'><strong>vero</strong></span> <span class='ocrx_word' id='word_1_674' title='bbox 987 4697 1163 4751; x_wconf 71' lang='lat' dir='ltr'><strong>Esaiae</strong></span> <span class='ocrx_word' id='word_1_675' title='bbox 1209 4692 1494 4764; x_wconf 60' lang='lat' dir='ltr'><strong>praecepit,</strong></span> <span class='ocrx_word' id='word_1_676' title='bbox 1526 4701 1587 4744; x_wconf 90' lang='lat' dir='ltr'><strong>ut</strong></span> <span class='ocrx_word' id='word_1_677' title='bbox 1616 4691 1760 4742; x_wconf 91' lang='lat' dir='ltr'><strong>inter</strong></span> <span class='ocrx_word' id='word_1_678' title='bbox 1798 4703 2080 4743; x_wconf 87' lang='lat' dir='ltr'><strong>sacrorum</strong></span> 
     </span>
    </p>
   </div>
   <div class='ocr_carea' id='block_1_97' title="bbox 517 4779 2085 4857">
    <p class='ocr_par' dir='ltr' id='par_1_97' title="bbox 517 4779 2085 4857">
     <span class='ocr_line' id='line_1_97' title="bbox 517 4779 2085 4857; baseline -0.008 -12"><span class='ocrx_word' id='word_1_679' title='bbox 517 4791 812 4852; x_wconf 72' lang='lat' dir='ltr'><strong>solemnia,</strong></span> <span class='ocrx_word' id='word_1_680' title='bbox 863 4804 1041 4857; x_wconf 88' lang='lat' dir='ltr'><strong>neque</strong></span> <span class='ocrx_word' id='word_1_681' title='bbox 1096 4789 1149 4840; x_wconf 90' lang='lat' dir='ltr'><strong>in</strong></span> <span class='ocrx_word' id='word_1_682' title='bbox 1183 4785 1421 4854; x_wconf 66' lang='lat' dir='ltr'><strong>Sophim,</strong></span> <span class='ocrx_word' id='word_1_683' title='bbox 1457 4797 1638 4851; x_wconf 88' lang='lat' dir='ltr'><strong>neque</strong></span> <span class='ocrx_word' id='word_1_684' title='bbox 1691 4780 1744 4834; x_wconf 93' lang='lat' dir='ltr'><strong>in</strong></span> <span class='ocrx_word' id='word_1_685' title='bbox 1779 4779 1901 4834; x_wconf 88' lang='lat' dir='ltr'><strong>aliis</strong></span> <span class='ocrx_word' id='word_1_686' title='bbox 1949 4787 2085 4834; x_wconf 90' lang='lat' dir='ltr'><strong>tem-</strong></span> 
     </span>
    </p>
   </div>
   <div class='ocr_carea' id='block_1_98' title="bbox 517 4871 2082 4952">
    <p class='ocr_par' dir='ltr' id='par_1_98' title="bbox 517 4871 2082 4952">
     <span class='ocr_line' id='line_1_98' title="bbox 517 4871 2082 4952; baseline -0.006 -17"><span class='ocrx_word' id='word_1_687' title='bbox 517 4885 622 4952; x_wconf 87' lang='lat' dir='ltr'><strong>plis</strong></span> <span class='ocrx_word' id='word_1_688' title='bbox 652 4883 773 4950; x_wconf 85' lang='lat' dir='ltr'><strong>ejus</strong></span> <span class='ocrx_word' id='word_1_689' title='bbox 826 4895 1026 4933; x_wconf 86' lang='lat' dir='ltr'><strong>nomen</strong></span> <span class='ocrx_word' id='word_1_690' title='bbox 1083 4878 1172 4932; x_wconf 85' lang='lat' dir='ltr'><strong>edi</strong></span> <span class='ocrx_word' id='word_1_691' title='bbox 1226 4877 1432 4930; x_wconf 86' lang='lat' dir='ltr'><strong>sineret</strong></span> <span class='ocrx_word' id='word_1_692' title='bbox 1471 4891 1484 4941; x_wconf 93' lang='lat'>;</span> <span class='ocrx_word' id='word_1_693' title='bbox 1537 4889 1661 4928; x_wconf 88' lang='lat' dir='ltr'><strong>nam</strong></span> <span class='ocrx_word' id='word_1_694' title='bbox 1707 4873 1848 4925; x_wconf 91' lang='lat' dir='ltr'><strong>etin</strong></span> <span class='ocrx_word' id='word_1_695' title='bbox 1883 4871 2082 4940; x_wconf 87' lang='lat' dir='ltr'><strong>palatio</strong></span> 
     </span>
    </p>
   </div>
   <div class='ocr_carea' id='block_1_99' title="bbox 515 4963 2084 5043">
    <p class='ocr_par' dir='ltr' id='par_1_99' title="bbox 515 4963 2084 5043">
     <span class='ocr_line' id='line_1_99' title="bbox 515 4963 2084 5043; baseline -0.008 -15"><span class='ocrx_word' id='word_1_696' title='bbox 515 4977 637 5043; x_wconf 85' lang='lat' dir='ltr'><strong>ejus</strong></span> <span class='ocrx_word' id='word_1_697' title='bbox 683 4971 1007 5027; x_wconf 88' lang='lat' dir='ltr'><strong>memoriam</strong></span> <span class='ocrx_word' id='word_1_698' title='bbox 1061 4985 1092 5024; x_wconf 91' lang='lat' dir='ltr'><strong>e</strong></span> <span class='ocrx_word' id='word_1_699' title='bbox 1134 4967 1306 5022; x_wconf 78' lang='lat' dir='ltr'><strong>sacris</strong></span> <span class='ocrx_word' id='word_1_700' title='bbox 1331 4969 1560 5034; x_wconf 85' lang='lat' dir='ltr'><strong>ejectam</strong></span> <span class='ocrx_word' id='word_1_701' title='bbox 1589 4980 1726 5020; x_wconf 86' lang='lat' dir='ltr'><strong>esse.</strong></span> <span class='ocrx_word' id='word_1_702' title='bbox 1764 4963 2084 5018; x_wconf 85' lang='lat' dir='ltr'><strong>Patriarcha</strong></span> 
     </span>
    </p>
   </div>
   <div class='ocr_carea' id='block_1_100' title="bbox 517 5057 2083 5136">
    <p class='ocr_par' dir='ltr' id='par_1_100' title="bbox 517 5057 2083 5136">
     <span class='ocr_line' id='line_1_100' title="bbox 517 5057 2083 5136; baseline -0.006 -16"><span class='ocrx_word' id='word_1_703' title='bbox 517 5067 678 5136; x_wconf 83' lang='lat' dir='ltr'><strong>hujus</strong></span> <span class='ocrx_word' id='word_1_704' title='bbox 710 5065 789 5120; x_wconf 92' lang='lat' dir='ltr'><strong>rei</strong></span> <span class='ocrx_word' id='word_1_705' title='bbox 823 5078 1041 5117; x_wconf 87' lang='lat' dir='ltr'><strong>causam</strong></span> <span class='ocrx_word' id='word_1_706' title='bbox 1083 5062 1373 5116; x_wconf 89' lang='lat' dir='ltr'><strong>sciscitari.</strong></span> <span class='ocrx_word' id='word_1_707' title='bbox 1410 5059 1544 5113; x_wconf 89' lang='lat' dir='ltr'><strong>Nam</strong></span> <span class='ocrx_word' id='word_1_708' title='bbox 1579 5059 1621 5112; x_wconf 90' lang='lat' dir='ltr'><strong>si</strong></span> <span class='ocrx_word' id='word_1_709' title='bbox 1649 5058 1733 5112; x_wconf 89' lang='lat' dir='ltr'><strong>vel</strong></span> <span class='ocrx_word' id='word_1_710' title='bbox 1781 5057 1837 5110; x_wconf 94' lang='lat' dir='ltr'><strong>in</strong></span> <span class='ocrx_word' id='word_1_711' title='bbox 1886 5057 2083 5126; x_wconf 76' lang='lat' dir='ltr'><strong>dogma</strong></span> 
     </span>
    </p>
   </div>
   <div class='ocr_carea' id='block_1_101' title="bbox 518 5148 2084 5228">
    <p class='ocr_par' dir='ltr' id='par_1_101' title="bbox 518 5148 2084 5228">
     <span class='ocr_line' id='line_1_101' title="bbox 518 5148 2084 5228; baseline -0.007 -16"><span class='ocrx_word' id='word_1_712' title='bbox 518 5157 737 5228; x_wconf 87' lang='lat' dir='ltr'><strong>aliquod</strong></span> <span class='ocrx_word' id='word_1_713' title='bbox 762 5157 830 5210; x_wconf 90' lang='lat' dir='ltr'><strong>ab</strong></span> <span class='ocrx_word' id='word_1_714' title='bbox 862 5155 1120 5210; x_wconf 76' lang='lat' dir='ltr'><strong>Ecclesia:</strong></span> <span class='ocrx_word' id='word_1_715' title='bbox 1154 5152 1373 5223; x_wconf 66' lang='lat' dir='ltr'><strong>placitis</strong></span> <span class='ocrx_word' id='word_1_716' title='bbox 1408 5151 1688 5206; x_wconf 85' lang='lat' dir='ltr'><strong>diversum</strong></span> <span class='ocrx_word' id='word_1_717' title='bbox 1742 5148 2084 5218; x_wconf 63' lang='lat' dir='ltr'><strong>preeipitas-</strong></span> 
     </span>
    </p>
   </div>
   <div class='ocr_carea' id='block_1_102' title="bbox 519 5243 2082 5320">
    <p class='ocr_par' dir='ltr' id='par_1_102' title="bbox 519 5243 2082 5320">
     <span class='ocr_line' id='line_1_102' title="bbox 519 5243 2082 5320; baseline -0.009 -12"><span class='ocrx_word' id='word_1_718' title='bbox 519 5262 625 5320; x_wconf 88' lang='lat' dir='ltr'><strong>set,</strong></span> <span class='ocrx_word' id='word_1_719' title='bbox 659 5267 728 5306; x_wconf 90' lang='lat' dir='ltr'><strong>ne</strong></span> <span class='ocrx_word' id='word_1_720' title='bbox 779 5251 860 5304; x_wconf 89' lang='lat' dir='ltr'><strong>sic</strong></span> <span class='ocrx_word' id='word_1_721' title='bbox 891 5247 1136 5318; x_wconf 92' lang='lat' dir='ltr'><strong>quidem,</strong></span> <span class='ocrx_word' id='word_1_722' title='bbox 1172 5245 1310 5299; x_wconf 90' lang='lat' dir='ltr'><strong>citra</strong></span> <span class='ocrx_word' id='word_1_723' title='bbox 1341 5243 1774 5298; x_wconf 88' lang='lat' dir='ltr'><strong>admonitionem</strong></span> <span class='ocrx_word' id='word_1_724' title='bbox 1810 5249 1864 5295; x_wconf 90' lang='lat' dir='ltr'><strong>et</strong></span> <span class='ocrx_word' id='word_1_725' title='bbox 1913 5255 2082 5294; x_wconf 82' lang='lat' dir='ltr'><strong>cona-</strong></span> 
     </span>
    </p>
   </div>
   <div class='ocr_carea' id='block_1_103' title="bbox 522 5335 2081 5414">
    <p class='ocr_par' dir='ltr' id='par_1_103' title="bbox 522 5335 2081 5414">
     <span class='ocr_line' id='line_1_103' title="bbox 522 5335 2081 5414; baseline -0.008 -15"><span class='ocrx_word' id='word_1_726' title='bbox 522 5357 636 5399; x_wconf 89' lang='lat' dir='ltr'><strong>tum</strong></span> <span class='ocrx_word' id='word_1_727' title='bbox 669 5347 786 5414; x_wconf 86' lang='lat' dir='ltr'><strong>ejus</strong></span> <span class='ocrx_word' id='word_1_728' title='bbox 825 5339 1074 5403; x_wconf 89' lang='lat' dir='ltr'><strong>sanaudi,</strong></span> <span class='ocrx_word' id='word_1_729' title='bbox 1109 5354 1138 5393; x_wconf 90' lang='lat' dir='ltr'><strong>e</strong></span> <span class='ocrx_word' id='word_1_730' title='bbox 1183 5338 1355 5392; x_wconf 91' lang='lat' dir='ltr'><strong>sacris</strong></span> <span class='ocrx_word' id='word_1_731' title='bbox 1405 5336 1642 5405; x_wconf 89' lang='lat' dir='ltr'><strong>ejectum</strong></span> <span class='ocrx_word' id='word_1_732' title='bbox 1700 5335 1851 5388; x_wconf 90' lang='lat' dir='ltr'><strong>illius</strong></span> <span class='ocrx_word' id='word_1_733' title='bbox 1883 5347 2081 5386; x_wconf 88' lang='lat' dir='ltr'><strong>nomen</strong></span> 
     </span>
    </p>
   </div>
   <div class='ocr_carea' id='block_1_104' title="bbox 519 5422 2086 5506">
    <p class='ocr_par' dir='ltr' id='par_1_104' title="bbox 519 5422 2086 5506">
     <span class='ocr_line' id='line_1_104' title="bbox 519 5422 2086 5506; baseline -0.01 -15"><span class='ocrx_word' id='word_1_734' title='bbox 519 5437 852 5506; x_wconf 88' lang='lat' dir='ltr'><strong>oportuisse.</strong></span> <span class='ocrx_word' id='word_1_735' title='bbox 892 5431 1036 5498; x_wconf 80' lang='lat' dir='ltr'><strong>Quin</strong></span> <span class='ocrx_word' id='word_1_736' title='bbox 1067 5429 1334 5498; x_wconf 88' lang='lat' dir='ltr'><strong>seipsum,</strong></span> <span class='ocrx_word' id='word_1_737' title='bbox 1365 5444 1397 5482; x_wconf 84' lang='lat' dir='ltr'><strong>a</strong></span> <span class='ocrx_word' id='word_1_738' title='bbox 1436 5428 1546 5481; x_wconf 88' lang='lat' dir='ltr'><strong>Deo</strong></span> <span class='ocrx_word' id='word_1_739' title='bbox 1584 5440 1866 5480; x_wconf 89' lang='lat' dir='ltr'><strong>sacrorum</strong></span> <span class='ocrx_word' id='word_1_740' title='bbox 1897 5422 2086 5478; x_wconf 89' lang='lat' dir='ltr'><strong>Eccle-</strong></span> 
     </span>
    </p>
   </div>
   <div class='ocr_carea' id='block_1_105' title="bbox 528 5517 2084 5592">
    <p class='ocr_par' dir='ltr' id='par_1_105' title="bbox 528 5517 2084 5592">
     <span class='ocr_line' id='line_1_105' title="bbox 528 5517 2084 5592; baseline -0.01 -13"><span class='ocrx_word' id='word_1_741' title='bbox 528 5527 622 5579; x_wconf 66' lang='lat' dir='ltr'><strong>siae</strong></span> <span class='ocrx_word' id='word_1_742' title='bbox 654 5525 972 5592; x_wconf 77' lang='lat' dir='ltr'><strong>dogmatum</strong></span> <span class='ocrx_word' id='word_1_743' title='bbox 1014 5518 1315 5573; x_wconf 84' lang='lat' dir='ltr'><strong>antistitem</strong></span> <span class='ocrx_word' id='word_1_744' title='bbox 1369 5517 1790 5582; x_wconf 85' lang='lat' dir='ltr'><strong>animarumque</strong></span> <span class='ocrx_word' id='word_1_745' title='bbox 1821 5526 2084 5580; x_wconf 85' lang='lat' dir='ltr'><strong>procura-</strong></span> 
     </span>
    </p>
   </div>
   <div class='ocr_carea' id='block_1_106' title="bbox 523 5605 2085 5678">
    <p class='ocr_par' dir='ltr' id='par_1_106' title="bbox 523 5605 2085 5678">
     <span class='ocr_line' id='line_1_106' title="bbox 523 5605 2085 5678; baseline -0.008 -11"><span class='ocrx_word' id='word_1_746' title='bbox 523 5625 696 5668; x_wconf 87' lang='lat' dir='ltr'><strong>torem</strong></span> <span class='ocrx_word' id='word_1_747' title='bbox 736 5615 1072 5675; x_wconf 81' lang='lat' dir='ltr'><strong>iustitutuui,</strong></span> <span class='ocrx_word' id='word_1_748' title='bbox 1109 5627 1217 5664; x_wconf 91' lang='lat' dir='ltr'><strong>non</strong></span> <span class='ocrx_word' id='word_1_749' title='bbox 1256 5608 1524 5678; x_wconf 73' lang='lat' dir='ltr'><strong>Rhegium</strong></span> <span class='ocrx_word' id='word_1_750' title='bbox 1553 5605 1738 5668; x_wconf 91' lang='lat' dir='ltr'><strong>modo,</strong></span> <span class='ocrx_word' id='word_1_751' title='bbox 1779 5606 1869 5657; x_wconf 91' lang='lat' dir='ltr'><strong>ubi</strong></span> <span class='ocrx_word' id='word_1_752' title='bbox 1893 5605 2085 5676; x_wconf 83' lang='lat' dir='ltr'><strong>junior</strong></span> 
     </span>
    </p>
   </div>
   <div class='ocr_carea' id='block_1_107' title="bbox 524 5697 2083 5768">
    <p class='ocr_par' dir='ltr' id='par_1_107' title="bbox 524 5697 2083 5768">
     <span class='ocr_line' id='line_1_107' title="bbox 524 5697 2083 5768; baseline -0.008 -10"><span class='ocrx_word' id='word_1_753' title='bbox 524 5712 687 5768; x_wconf 82' lang='lat' dir='ltr'><strong>esset,</strong></span> <span class='ocrx_word' id='word_1_754' title='bbox 724 5705 817 5757; x_wconf 86' lang='lat' dir='ltr'><strong>sed</strong></span> <span class='ocrx_word' id='word_1_755' title='bbox 877 5706 941 5757; x_wconf 91' lang='lat' dir='ltr'><strong>ad</strong></span> <span class='ocrx_word' id='word_1_756' title='bbox 1003 5703 1222 5756; x_wconf 88' lang='lat' dir='ltr'><strong>ultimas</strong></span> <span class='ocrx_word' id='word_1_757' title='bbox 1259 5709 1436 5752; x_wconf 84' lang='lat' dir='ltr'><strong>terras</strong></span> <span class='ocrx_word' id='word_1_758' title='bbox 1467 5699 1630 5751; x_wconf 91' lang='lat' dir='ltr'><strong>etiam</strong></span> <span class='ocrx_word' id='word_1_759' title='bbox 1661 5712 1757 5766; x_wconf 85' lang='lat' dir='ltr'><strong>pro</strong></span> <span class='ocrx_word' id='word_1_760' title='bbox 1803 5699 1982 5748; x_wconf 87' lang='lat' dir='ltr'><strong>anima</strong></span> <span class='ocrx_word' id='word_1_761' title='bbox 2030 5697 2083 5748; x_wconf 91' lang='lat' dir='ltr'><strong>in</strong></span> 
     </span>
    </p>
   </div>
   <div class='ocr_carea' id='block_1_108' title="bbox 2181 4517 3746 4589">
    <p class='ocr_par' dir='ltr' id='par_1_108' title="bbox 2181 4517 3746 4589">
     <span class='ocr_line' id='line_1_108' title="bbox 2181 4517 3746 4589; baseline 0.002 -20"><span class='ocrx_word' id='word_1_762' title='bbox 2181 4535 2293 4583; x_wconf 90' lang='grc' dir='ltr'>νον,</span> <span class='ocrx_word' id='word_1_763' title='bbox 2343 4519 2391 4570; x_wconf 85' lang='grc' dir='ltr'>εἰ</span> <span class='ocrx_word' id='word_1_764' title='bbox 2435 4517 2601 4589; x_wconf 82' lang='grc' dir='ltr'>μηδὲν</span> <span class='ocrx_word' id='word_1_765' title='bbox 2651 4519 3006 4588; x_wconf 82' lang='grc' dir='ltr'>ἐπιορκοῦντα</span> <span class='ocrx_word' id='word_1_766' title='bbox 3058 4518 3281 4571; x_wconf 83' lang='grc' dir='ltr'>πύθοιτο</span> <span class='ocrx_word' id='word_1_767' title='bbox 3312 4519 3502 4573; x_wconf 76' lang='grc' dir='ltr'>αὐτόν.</span> <span class='ocrx_word' id='word_1_768' title='bbox 3539 4519 3645 4571; x_wconf 84' lang='grc' dir='ltr'><strong>Τοῦ</strong></span> <span class='ocrx_word' id='word_1_769' title='bbox 3690 4518 3746 4572; x_wconf 83' lang='grc' dir='ltr'><strong>δέ</strong></span> 
     </span>
    </p>
   </div>
   <div class='ocr_carea' id='block_1_109' title="bbox 2185 4609 3749 4681">
    <p class='ocr_par' dir='ltr' id='par_1_109' title="bbox 2185 4609 3749 4681">
     <span class='ocr_line' id='line_1_109' title="bbox 2185 4609 3749 4681; baseline 0 -19"><span class='ocrx_word' id='word_1_770' title='bbox 2185 4610 2606 4680; x_wconf 73' lang='grc' dir='ltr'>ἰσχυρισαμένου</span> <span class='ocrx_word' id='word_1_771' title='bbox 2644 4609 2784 4680; x_wconf 67' lang='grc' dir='ltr'>ιάχρι</span> <span class='ocrx_word' id='word_1_772' title='bbox 2845 4610 2967 4662; x_wconf 83' lang='grc' dir='ltr'>τότε</span> <span class='ocrx_word' id='word_1_773' title='bbox 3030 4611 3544 4681; x_wconf 76' lang='grc' dir='ltr'>παρεσπονδηκέναι</span> <span class='ocrx_word' id='word_1_774' title='bbox 3579 4613 3749 4679; x_wconf 78' lang='grc' dir='ltr'>μηδα-</span> 
     </span>
    </p>
   </div>
   <div class='ocr_carea' id='block_1_110' title="bbox 2186 4701 3746 4771">
    <p class='ocr_par' dir='ltr' id='par_1_110' title="bbox 2186 4701 3746 4771">
     <span class='ocr_line' id='line_1_110' title="bbox 2186 4701 3746 4771; baseline 0 -19"><span class='ocrx_word' id='word_1_775' title='bbox 2186 4701 2323 4770; x_wconf 82' lang='grc' dir='ltr'>μῶς,</span> <span class='ocrx_word' id='word_1_776' title='bbox 2355 4701 2637 4771; x_wconf 86' lang='grc' dir='ltr'>χαίροντες</span> <span class='ocrx_word' id='word_1_777' title='bbox 2663 4704 2743 4765; x_wconf 88' lang='grc' dir='ltr'><strong>είς</strong></span> <span class='ocrx_word' id='word_1_778' title='bbox 2775 4701 3073 4766; x_wconf 76' lang='grc' dir='ltr'>Βυζάντιον</span> <span class='ocrx_word' id='word_1_779' title='bbox 3105 4703 3403 4770; x_wconf 74' lang='grc' dir='ltr'>ἐπανῆκον,</span> <span class='ocrx_word' id='word_1_780' title='bbox 3433 4701 3746 4764; x_wconf 77' lang='grc' dir='ltr'>ἐλπίζοντες</span> 
     </span>
    </p>
   </div>
   <div class='ocr_carea' id='block_1_111' title="bbox 2182 4791 3749 4863">
    <p class='ocr_par' dir='ltr' id='par_1_111' title="bbox 2182 4791 3749 4863">
     <span class='ocr_line' id='line_1_111' title="bbox 2182 4791 3749 4863; baseline 0 -21"><span class='ocrx_word' id='word_1_781' title='bbox 2182 4791 2272 4842; x_wconf 86' lang='grc' dir='ltr'>τὸν</span> <span class='ocrx_word' id='word_1_782' title='bbox 2307 4792 2543 4861; x_wconf 83' lang='grc' dir='ltr'>πόλεμον</span> <span class='ocrx_word' id='word_1_783' title='bbox 2575 4793 2686 4845; x_wconf 89' lang='grc' dir='ltr'><strong>τῶν</strong></span> <span class='ocrx_word' id='word_1_784' title='bbox 2722 4793 2990 4863; x_wconf 84' lang='grc' dir='ltr'>βασιλέων</span> <span class='ocrx_word' id='word_1_785' title='bbox 3022 4794 3368 4846; x_wconf 86' lang='grc' dir='ltr'>καταλύσειν·</span> <span class='ocrx_word' id='word_1_786' title='bbox 3394 4796 3453 4845; x_wconf 78' lang='grc' dir='ltr'><strong>τὸ</strong></span> <span class='ocrx_word' id='word_1_787' title='bbox 3501 4794 3550 4846; x_wconf 80' lang='grc' dir='ltr'>δ’</span> <span class='ocrx_word' id='word_1_788' title='bbox 3596 4795 3749 4846; x_wconf 75' lang='grc' dir='ltr'>ἐναν-</span> 
     </span>
    </p>
   </div>
   <div class='ocr_carea' id='block_1_112' title="bbox 2181 4881 3748 4953">
    <p class='ocr_par' dir='ltr' id='par_1_112' title="bbox 2181 4881 3748 4953">
     <span class='ocr_line' id='line_1_112' title="bbox 2181 4881 3748 4953; baseline 0.002 -21"><span class='ocrx_word' id='word_1_789' title='bbox 2181 4881 2310 4944; x_wconf 88' lang='grc' dir='ltr'>τίως</span> <span class='ocrx_word' id='word_1_790' title='bbox 2365 4883 2610 4953; x_wconf 78' lang='grc' dir='ltr'>ἅπέϐηῆ</span> <span class='ocrx_word' id='word_1_791' title='bbox 2669 4885 3048 4953; x_wconf 87' lang='grc' dir='ltr'>προσεδόκων.</span> <span class='ocrx_word' id='word_1_792' title='bbox 3116 4884 3594 4950; x_wconf 80' lang='grc' dir='ltr'>Ἀπαγγειλάντων</span> <span class='ocrx_word' id='word_1_793' title='bbox 3640 4887 3748 4952; x_wconf 83' lang='grc' dir='ltr'><strong>γάρ</strong></span> 
     </span>
    </p>
   </div>
   <div class='ocr_carea' id='block_1_113' title="bbox 2181 4974 3745 5046">
    <p class='ocr_par' dir='ltr' id='par_1_113' title="bbox 2181 4974 3745 5046">
     <span class='ocr_line' id='line_1_113' title="bbox 2181 4974 3745 5046; baseline 0.002 -21"><span class='ocrx_word' id='word_1_794' title='bbox 2181 4974 2281 5026; x_wconf 76' lang='grc' dir='ltr'>ὅσα</span> <span class='ocrx_word' id='word_1_795' title='bbox 2317 4974 2570 5044; x_wconf 75' lang='grc' dir='ltr'>βασιλεὺς</span> <span class='ocrx_word' id='word_1_796' title='bbox 2614 4976 2642 5026; x_wconf 82' lang='grc' dir='ltr'>ὁ</span> <span class='ocrx_word' id='word_1_797' title='bbox 2675 4976 2792 5037; x_wconf 86' lang='grc' dir='ltr'>νέος</span> <span class='ocrx_word' id='word_1_798' title='bbox 2833 4975 2971 5044; x_wconf 83' lang='grc' dir='ltr'>πρὸς</span> <span class='ocrx_word' id='word_1_799' title='bbox 3019 4976 3080 5026; x_wconf 86' lang='grc' dir='ltr'>τὸ</span> <span class='ocrx_word' id='word_1_800' title='bbox 3127 4976 3201 5046; x_wconf 77' lang='grc' dir='ltr'>μὴ</span> <span class='ocrx_word' id='word_1_801' title='bbox 3233 4975 3745 5044; x_wconf 83' lang='grc' dir='ltr'>παρεσπονδηκέναι</span> 
     </span>
    </p>
   </div>
   <div class='ocr_carea' id='block_1_114' title="bbox 2182 5065 3748 5136">
    <p class='ocr_par' dir='ltr' id='par_1_114' title="bbox 2182 5065 3748 5136">
     <span class='ocr_line' id='line_1_114' title="bbox 2182 5065 3748 5136; baseline -0.001 -18"><span class='ocrx_word' id='word_1_802' title='bbox 2182 5067 2559 5136; x_wconf 80' lang='grc' dir='ltr'>παραιτεῖται,</span> <span class='ocrx_word' id='word_1_803' title='bbox 2606 5066 2762 5117; x_wconf 84' lang='grc' dir='ltr'>οὐδὲν</span> <span class='ocrx_word' id='word_1_804' title='bbox 2811 5066 3015 5133; x_wconf 85' lang='grc' dir='ltr'>μᾶλλον</span> <span class='ocrx_word' id='word_1_805' title='bbox 3058 5066 3085 5116; x_wconf 86' lang='grc' dir='ltr'>ὁ</span> <span class='ocrx_word' id='word_1_806' title='bbox 3143 5065 3516 5134; x_wconf 83' lang='grc' dir='ltr'>πρεσϐύτερος</span> <span class='ocrx_word' id='word_1_807' title='bbox 3571 5065 3748 5134; x_wconf 74' lang='grc' dir='ltr'>ὑφῆκε</span> 
     </span>
    </p>
   </div>
   <div class='ocr_carea' id='block_1_115' title="bbox 2183 5157 3749 5227">
    <p class='ocr_par' dir='ltr' id='par_1_115' title="bbox 2183 5157 3749 5227">
     <span class='ocr_line' id='line_1_115' title="bbox 2183 5157 3749 5227; baseline 0.001 -19"><span class='ocrx_word' id='word_1_808' title='bbox 2183 5157 2286 5225; x_wconf 82' lang='grc' dir='ltr'>τῆς</span> <span class='ocrx_word' id='word_1_809' title='bbox 2333 5157 2528 5226; x_wconf 74' lang='grc' dir='ltr'>ὀργῆς.</span> <span class='ocrx_word' id='word_1_810' title='bbox 2573 5157 2715 5210; x_wconf 77' lang='grc' dir='ltr'>Ἀλλ’</span> <span class='ocrx_word' id='word_1_811' title='bbox 2765 5159 2995 5220; x_wconf 81' lang='grc' dir='ltr'>ἐκείνοις</span> <span class='ocrx_word' id='word_1_812' title='bbox 3049 5159 3148 5226; x_wconf 74' lang='grc' dir='ltr'><strong>μὲν</strong></span> <span class='ocrx_word' id='word_1_813' title='bbox 3196 5158 3534 5227; x_wconf 79' lang='grc' dir='ltr'>ἀπεκρίνατο</span> <span class='ocrx_word' id='word_1_814' title='bbox 3575 5157 3749 5220; x_wconf 82' lang='grc' dir='ltr'>οὐδὲν,</span> 
     </span>
    </p>
   </div>
   <div class='ocr_carea' id='block_1_116' title="bbox 2181 5247 3752 5319">
    <p class='ocr_par' dir='ltr' id='par_1_116' title="bbox 2181 5247 3752 5319">
     <span class='ocr_line' id='line_1_116' title="bbox 2181 5247 3752 5319; baseline 0.001 -19"><span class='ocrx_word' id='word_1_815' title='bbox 2181 5248 2261 5317; x_wconf 81' lang='grc' dir='ltr'><strong>τῷ</strong></span> <span class='ocrx_word' id='word_1_816' title='bbox 2312 5248 2626 5318; x_wconf 77' lang='grc' dir='ltr'>πατριάργῃ</span> <span class='ocrx_word' id='word_1_817' title='bbox 2674 5247 2729 5300; x_wconf 84' lang='grc' dir='ltr'>δὲ</span> <span class='ocrx_word' id='word_1_818' title='bbox 2776 5249 2975 5319; x_wconf 67' lang='grc' dir='ltr'>Ἡσαΐᾳ</span> <span class='ocrx_word' id='word_1_819' title='bbox 3022 5249 3084 5300; x_wconf 84' lang='grc' dir='ltr'><strong>τὸ</strong></span> <span class='ocrx_word' id='word_1_820' title='bbox 3139 5248 3499 5318; x_wconf 83' lang='grc' dir='ltr'>μνημονεύειν</span> <span class='ocrx_word' id='word_1_821' title='bbox 3546 5252 3606 5302; x_wconf 78' lang='grc' dir='ltr'><strong>ἐν</strong></span> <span class='ocrx_word' id='word_1_822' title='bbox 3630 5252 3752 5312; x_wconf 77' lang='grc' dir='ltr'>ταῖς</span> 
     </span>
    </p>
   </div>
   <div class='ocr_carea' id='block_1_117' title="bbox 2187 5338 3750 5410">
    <p class='ocr_par' dir='ltr' id='par_1_117' title="bbox 2187 5338 3750 5410">
     <span class='ocr_line' id='line_1_117' title="bbox 2187 5338 3750 5410; baseline 0.001 -20"><span class='ocrx_word' id='word_1_823' title='bbox 2187 5339 2607 5409; x_wconf 83' lang='grc' dir='ltr'>ίεροτελεστίαις</span> <span class='ocrx_word' id='word_1_824' title='bbox 2669 5339 2764 5393; x_wconf 88' lang='grc' dir='ltr'><strong>τοῦ</strong></span> <span class='ocrx_word' id='word_1_825' title='bbox 2815 5341 3065 5408; x_wconf 84' lang='grc' dir='ltr'>ἐγγόνου,</span> <span class='ocrx_word' id='word_1_826' title='bbox 3105 5340 3230 5410; x_wconf 80' lang='grc' dir='ltr'><strong>μήτ’</strong></span> <span class='ocrx_word' id='word_1_827' title='bbox 3278 5342 3336 5391; x_wconf 84' lang='grc' dir='ltr'><strong>ἐν</strong></span> <span class='ocrx_word' id='word_1_828' title='bbox 3383 5340 3462 5405; x_wconf 85' lang='grc' dir='ltr'><strong>τῷ</strong></span> <span class='ocrx_word' id='word_1_829' title='bbox 3511 5343 3607 5409; x_wconf 79' lang='grc' dir='ltr'>τῆς</span> <span class='ocrx_word' id='word_1_830' title='bbox 3657 5338 3750 5393; x_wconf 89' lang='grc' dir='ltr'><strong>τοῦ</strong></span> 
     </span>
    </p>
   </div>
   <div class='ocr_carea' id='block_1_118' title="bbox 2185 5430 3751 5501">
    <p class='ocr_par' dir='ltr' id='par_1_118' title="bbox 2185 5430 3751 5501">
     <span class='ocr_line' id='line_1_118' title="bbox 2185 5430 3751 5501; baseline 0.001 -20"><span class='ocrx_word' id='word_1_831' title='bbox 2185 5430 2321 5482; x_wconf 90' lang='grc' dir='ltr'>Θεοῦ</span> <span class='ocrx_word' id='word_1_832' title='bbox 2355 5431 2545 5498; x_wconf 82' lang='grc' dir='ltr'>σοφίας</span> <span class='ocrx_word' id='word_1_833' title='bbox 2578 5430 2704 5501; x_wconf 83' lang='grc' dir='ltr'>νεῷ,</span> <span class='ocrx_word' id='word_1_834' title='bbox 2745 5431 2870 5501; x_wconf 82' lang='grc' dir='ltr'><strong>μήτ’</strong></span> <span class='ocrx_word' id='word_1_835' title='bbox 2904 5435 2962 5485; x_wconf 80' lang='grc' dir='ltr'><strong>ὲν</strong></span> <span class='ocrx_word' id='word_1_836' title='bbox 2997 5436 3109 5495; x_wconf 86' lang='grc' dir='ltr'>τοῖς</span> <span class='ocrx_word' id='word_1_837' title='bbox 3132 5432 3310 5495; x_wconf 81' lang='grc' dir='ltr'>ἄλλοις</span> <span class='ocrx_word' id='word_1_838' title='bbox 3336 5433 3502 5500; x_wconf 72' lang='grc' dir='ltr'>ἱεροῖς</span> <span class='ocrx_word' id='word_1_839' title='bbox 3529 5432 3751 5484; x_wconf 79' lang='grc' dir='ltr'>ἐκέλευε</span> 
     </span>
    </p>
   </div>
   <div class='ocr_carea' id='block_1_119' title="bbox 2187 5523 3751 5594">
    <p class='ocr_par' dir='ltr' id='par_1_119' title="bbox 2187 5523 3751 5594">
     <span class='ocr_line' id='line_1_119' title="bbox 2187 5523 3751 5594; baseline -0.004 -18"><span class='ocrx_word' id='word_1_840' title='bbox 2187 5525 2515 5590; x_wconf 77' lang='grc' dir='ltr'>συγχωρεῖν.</span> <span class='ocrx_word' id='word_1_841' title='bbox 2543 5524 2654 5576; x_wconf 71' lang='grc' dir='ltr'><strong>Καὶ</strong></span> <span class='ocrx_word' id='word_1_842' title='bbox 2699 5524 2882 5576; x_wconf 83' lang='grc' dir='ltr'>αὐτῶν</span> <span class='ocrx_word' id='word_1_843' title='bbox 2913 5526 3021 5593; x_wconf 84' lang='grc' dir='ltr'><strong>γὰρ</strong></span> <span class='ocrx_word' id='word_1_844' title='bbox 3053 5526 3160 5577; x_wconf 88' lang='grc' dir='ltr'><strong>τῶν</strong></span> <span class='ocrx_word' id='word_1_845' title='bbox 3189 5526 3245 5574; x_wconf 78' lang='grc' dir='ltr'><strong>ἐν</strong></span> <span class='ocrx_word' id='word_1_846' title='bbox 3275 5523 3567 5594; x_wconf 83' lang='grc' dir='ltr'>βασιλείοις</span> <span class='ocrx_word' id='word_1_847' title='bbox 3593 5523 3751 5592; x_wconf 75' lang='grc' dir='ltr'>ἱερῶν</span> 
     </span>
    </p>
   </div>
   <div class='ocr_carea' id='block_1_120' title="bbox 2172 5609 3751 5682">
    <p class='ocr_par' dir='ltr' id='par_1_120' title="bbox 2172 5609 3751 5682">
     <span class='ocr_line' id='line_1_120' title="bbox 2172 5609 3751 5682; baseline 0.008 -23"><span class='ocrx_word' id='word_1_848' title='bbox 2172 5609 2592 5680; x_wconf 82' lang='grc' dir='ltr'>-ἁπεληλακέναι</span> <span class='ocrx_word' id='word_1_849' title='bbox 2630 5611 2728 5678; x_wconf 83' lang='grc' dir='ltr'><strong>τὴν</strong></span> <span class='ocrx_word' id='word_1_850' title='bbox 2757 5611 2948 5665; x_wconf 78' lang='grc' dir='ltr'>τούτου</span> <span class='ocrx_word' id='word_1_851' title='bbox 2999 5614 3241 5682; x_wconf 83' lang='grc' dir='ltr'>μνήμην.</span> <span class='ocrx_word' id='word_1_852' title='bbox 3301 5614 3358 5665; x_wconf 87' lang='grc' dir='ltr'><strong>Ὀ</strong></span> <span class='ocrx_word' id='word_1_853' title='bbox 3404 5613 3751 5682; x_wconf 79' lang='grc' dir='ltr'>πατριάρχης</span> 
     </span>
    </p>
   </div>
   <div class='ocr_carea' id='block_1_121' title="bbox 2187 5697 3752 5772">
    <p class='ocr_par' dir='ltr' id='par_1_121' title="bbox 2187 5697 3752 5772">
     <span class='ocr_line' id='line_1_121' title="bbox 2187 5697 3752 5772; baseline -0.001 -22"><span class='ocrx_word' id='word_1_854' title='bbox 2187 5697 2241 5750; x_wconf 78' lang='grc' dir='ltr'>δὲ</span> <span class='ocrx_word' id='word_1_855' title='bbox 2269 5698 2366 5768; x_wconf 75' lang='grc' dir='ltr'><strong>τὴν</strong></span> <span class='ocrx_word' id='word_1_856' title='bbox 2399 5699 2580 5750; x_wconf 88' lang='grc' dir='ltr'>αἰτίαν</span> <span class='ocrx_word' id='word_1_857' title='bbox 2619 5699 2808 5769; x_wconf 69' lang='grc' dir='ltr'>ἠρώτα</span> <span class='ocrx_word' id='word_1_858' title='bbox 2836 5701 2902 5752; x_wconf 75' lang='grc' dir='ltr'>δι’</span> <span class='ocrx_word' id='word_1_859' title='bbox 2929 5702 2992 5772; x_wconf 74' lang='grc' dir='ltr'><strong>ἢν</strong></span> <span class='ocrx_word' id='word_1_860' title='bbox 3019 5701 3084 5758; x_wconf 86' lang='grc' dir='ltr'>ἂν</span> <span class='ocrx_word' id='word_1_861' title='bbox 3110 5702 3425 5754; x_wconf 81' lang='grc' dir='ltr'>ἐκϐάλλοιτο</span> <span class='ocrx_word' id='word_1_862' title='bbox 3455 5700 3561 5752; x_wconf 86' lang='grc' dir='ltr'><strong>τῶν</strong></span> <span class='ocrx_word' id='word_1_863' title='bbox 3596 5699 3752 5768; x_wconf 78' lang='grc' dir='ltr'>ἱερῶν</span> 
     </span>
    </p>
   </div>
  </div>
