4136 6288
359 303 464 365 1’05
883 315 886 317 ’
1553 317 2094 390 HISTORIARUM
2137 333 2372 394 LIBER
2410 334 2458 393 Ι.
3519 333 3627 396 306

358 425 391 491 η
442 419 636 490 μνήμη
690 419 786 472 τοῦ
838 418 1128 489 βασιλέως.
1169 424 1230 478 El
1285 425 1388 495 μὲν
1436 429 1544 499 γὰρ
1597 431 1680 493 εἰς
1731 450 1784 487 τι
1833 436 1991 498 τῶν]

1991 444 2022 498 Α
2051 444 2245 500 salutis
2278 445 2522 516 periculo
2554 453 2809 500 versante
2843 455 2900 502 et
2954 445 3178 513 debere,
3220 454 3277 502 et
3315 449 3454 505 velle
3510 455 3624 509 ala-

359 512 664 582 ἀλλοτρίων
715 514 816 583 τῆς
861 513 1192 585 Ἐκκλησίας
1249 518 1512 585 ἐξώκειλε
1559 525 1776 592 δόγμα,
1835 528 1944 582 οὐδ’

2049 537 2218 592 criter
2240 539 2537 607 proﬁcisci.
2559 537 2739 604 Quare
2763 538 3075 594 faciendum
3104 551 3162 594 ut
3188 540 3428 610 primum
3460 544 3623 601 adea-

360 605 506 659 οὖτω
539 605 648 674 πρὸ
694 605 878 676 πάσης
929 610 1309 678 παραινέσεως
1357 614 1452 666 καὶ⁵
1486 617 1684 686 πείρας
1717 619 1828 671 τῶν
1872 625 1948 673 ἱε-

2050 635 2172 695 tur;
2205 605 2260 682 et
2286 629 2331 682 si
2361 629 2606 698 quidem,
2637 630 2747 683 Deo
2781 629 3026 698 favente,
3051 605 3213 701 longa
3242 632 3623 703 disputatione

365 698 477 768 ρῶν
517 698 810 752 ἐκϐάλλειν
861 699 992 770 χρὴ,
1038 702 1156 754 ἀλλ’
1211 705 1380 758 αὐτὸν
1410 707 1516 760 ὑπὸ
1543 709 1639 762 τοῦ
1670 711 1804 764 Θεοῦ
1836 713 1948 767 τῶν

2049 735 2114 775 ac
2153 721 2380 776 monitis
2411 722 2609 786 victus,
2650 722 2965 791 dogmatum
3019 731 3338 778 nostrorum
3391 727 3627 783 sinceri—

367 790 529 859 ιερῶν
558 791 659 860 τῆς
700 789 1034 861 Ἐκκλησίας
1068 799 1387 871 προστάτην
1414 792 1806 870 ἀποδειχθέντα
1828 804 1950 873 δογ-

2052 820 2163 867 tate
2192 823 2505 882 perspecta,
2535 828 2755 881 pravam
2792 813 3109 882 opinionem
3140 814 3474 879 deseruerit,
3526 833 3624 872 ve—

375 883 565 952 μάτων
609 883 708 936 καὶ
738 883 1020 954 κηδεμόνα
1051 886 1264 958 ψυχῶν,
1297 890 1401 942 οὐκ
1426 892 1558 962 ἄχρι
1599 893 1818 965 Ῥηγίου
1855 897 1951 966 μό⁴

2049 900 2384 970 ritatemque
2433 903 2772 972 amplexatus
2837 901 3025 966 fuerit,
3055 903 3184 972 quid
3220 904 3417 959 melius
3444 908 3626 976 aptari

367 993 476 1040 νον,
510 976 647 1030 ὅπου
689 977 948 1046 βασιλεὺς
978 983 1006 1033 ὁ
1033 981 1153 1045 νέος
1203 982 1499 1052 διατρίϐει,
1549 987 1687 1041 ἀλλὰ
1739 988 1834 1042 καὶ
1869 990 1950 1052 εἰς

2052 994 2254 1062 posse?
2282 992 2419 1048 Cum
2441 1005 2499 1048 et.
2539 994 2786 1049 Ecclesia
2831 995 3137 1050 secundum
3163 997 3447 1066 spiritum,
3475 1008 3530 1053 et
3584 1001 3629 1054 is

370 1070 624 1136 ἐσχατιὰς
648 1069 756 1139 γῆς
789 1072 929 1140 ὑπὲρ
956 1073 1138 1143 ψυχῆς
1169 1075 1597 1146 κινδυνευούσης
1623 1079 1863 1148 ὀφείλειν
1890 1100 1950 1135 τε

2055 1087 2356 1140 secundum
2391 1104 2611 1142 carnem
2647 1087 2840 1153 (ilium,
2885 1099 2940 1142 et
2974 1088 3202 1143 Romani
3237 1090 3625 1160 imperatorem

372 1162 466 1213 καὶ
519 1162 927 1232 προθυμεῖσθαι
982 1165 1224 1234 βαδίζειν
1292 1171 1391 1222 Διὰ
1436 1171 1596 1224 τοῦτο
1630 1172 1749 1226 δέον
1802 1170 1950 1229 εἶναι

2052 1189 2214 1229 suum
2247 1177 2717 1246 recuperaverint.
2747 1175 2843 1232 Sin
2867 1192 2926 1232 se
2966 1178 3123 1248 135
3176 1180 3231 1233 in
3274 1179 3630 1249 improbitate

376 1252 596 1322 πρῶτον
639 1255 777 1324 πρὸς
817 1257 980 1310 αὑτὸν
1003 1259 1282 1315 ἀπελθεῖν.
1317 1263 1435 1316 Κᾶν
1460 1262 1562 1331 μὲν
1587 1265 1727 1318 Θεοῦ
1760 1259 1952 1320 συναι-

2052 1267 2476 1334 obﬁrmaverit,
2530 1279 2695 1338 atque
2754 1271 2820 1323 ad
2878 1270 3063 1326 radios
3131 1272 3381 1328 veritatis
3441 1275 3632 1329 oculos

377 1342 634 1412 ρομένου,
700 1347 872 1399 πολλὰ
925 1348 1202 1420 διδαχθεὶς
1265 1355 1360 1406 καὶ
1403 1355 1793 1426 νουθετηθεὶς,
1848 1357 1952 1428 τὴν

2054 1358 2340 1425 clauserit,
2411 1375 2513 1415 nec
2557 1361 2998 1431 qualemqualem
3045 1378 3200 1433 spem
3248 1363 3448 1418 futura:
3486 1366 3633 1420 sani-

372 1436 695 1527 κακοδοξίαν
743 1439 1044 1508 ἀπόθηται,
1091 1442 1192 1513 τὴν
1236 1445 1503 1516 ἀλήθειαν
1553 1448 1953 1517 ἀσπασάμενος

2055 1451 2184 1507 tatis
2221 1450 2432 1517 fecerit,
2468 1469 2574 1506 non
2621 1454 2799 1508 solum
2829 1469 2860 1508 e
2911 1451 3086 1508 s'acris
3146 1454 3464 1524 Byzantittis
3511 1457 3631 1527 ejus

374 1526 472 1579 καὶ
504 1527 567 1579 τὸ
602 1528 848 1596 ὑγιαῖνον
881 1532 988 1584 τῶν
1021 1533 1311 1604 δογμάτων
1345 1539 1702 1608 ἐπεγνωκὼς,
1746 1558 1957 1597 πανταε-

2054 1557 2258 1598 nomen
2314 1553 2744 1612 expuncturum,
2797 1543 2894 1598 scd
2928 1543 3262 1600 Christianis
3307 1560 3407 1614 per
3443 1526 3632 1601 orbem

373 1623 534 1692 χόθεν
591 1623 658 1676 ἂν
712 1623 827 1694 ἔχοι
865 1627 1068 1693 καλῶς,
1104 1633 1170 1700 τῇ
1203 1647 1264 1683 τε
1324 1632 1627 1705 Ἐκκλησία
1661 1636 1756 1690 τοῦ
1812 1638 1955 1692 κατὰ

2057 1633 2330 1688 universis
2353 1633 2544 1700 etiam,
2571 1643 2631 1688 ut
2658 1635 2835 1703 palam
2867 1636 3083 1704 piorum
3109 1638 3506 1692 communione
3543 1654 3645 1692 sed

375 1714 630 1784 πνεῦμα,
673 1719 769 1769 καὶ
825 1719 908 1772 σοὶ
957 1720 1051 1773 τοῦ
1095 1725 1412 1790 σωματικοῦ
1459 1727 1670 1794 παιδὸς,
1729 1731 1846 1791 τοῖς
1893 1746 2008 1829 τε1

388 1805 690 1829 0n_.___r-,_
777 1808 864 1829 --Ὗ
905 1811 930 1829 n
991 1811 1092 1829 ,‘I
1446 1819 1457 1829 Ι
1615 1819 1666 1829 ιι.
1749 1819 1790 1829 ι.
1834 1820 1887 1829 ..ι

1996 1775 2028 1829 Β
2059 1725 2308 1791 clusum,
2377 1726 2872 1796 promulgaturum.
2925 1726 3063 1780 Tum
3123 1727 3470 1796 imperator,
3521 1745 3629 1782 non

388 1805 690 1874 Ῥωμαίοις
716 1851 730 1873 ,
771 1808 867 1861 τοῦ
903 1811 1172 1880 βασιλέως
1205 1819 1582 1885 σεσωσμένον.
1615 1819 1714 1872 Ἂν
1743 1819 1790 1872 δ’
1831 1820 1957 1872 ὲθε-
1987 1805 2021 1829 ’³

2000 1805 2028 1829 ⁸³
2060 1832 2119 1872 se
2173 1819 2497 1887 pravitatem
2552 1818 2606 1872 in
2665 1819 2793 1873 ﬁdei
2835 1819 3107 1888 capitibus
3154 1819 3633 1892 nepotiobjicere.

376 1899 629 1953 λοκακὼν
666 1906 831 1972 φανῇ,
866 1907 962 1958 καὶ
1016 1907 1154 1975 πρὸς
1205 1908 1305 1971 τὰς
1353 1910 1531 1977 αὐγὰς
1569 1911 1668 1981 τῆς
1699 1911 1957 1983 ἀληθείας

2059 1909 2158 1964 sed
2224 1909 2582 1980 jurisjurandi
2652 1909 3037 1979 foederumque
3091 1922 3491 1982 contemptum,
3547 1929 3638 1968 su-

379 1993 657 2064 καμμύων
702 1997 886 2050 ἑκοντὶ
937 1999 1067 2062 τοὺς
1109 2001 1448 2072 ὀφθαλμοὺς,
1477 2005 1572 2057 καὶ
1601 2005 1722 2058 οὐδὲ
1751 2008 1958 2077 μικράν

2061 1999 2308 2069 perbiam
2367 1999 2595 2070 insuper
2646 2010 2702 2055 et
2721 2002 3152 2058 contumaciam.
3213 2002 3390 2074 Atque
3433 2005 3639 2060 idcirco

377 2104 501 2139 τινα
533 2089 790 2159 παρέχων
841 2091 1033 2144 ἐλπίδα
1077 2093 1172 2147 τοῦ
1213 2096 1572 2166 ίατρευθῆναι
1617 2096 1683 2150 ἄν
1715 2116 1870 2164 ποτε,
1896 2100 1958 2153 οὐ

2063 2093 2215 2148 illius
2274 2090 2806 2148 commonefaciendi
2859 2103 2914 2149 et
2942 2096 3249 2163 castigandi
3282 2112 3445 2152 causa
3497 2098 3639 2153 istuc

381 2179 490 2232 τῶν
543 2182 603 2231 ὲν
665 2181 946 2253 Βυζαντίῳ
985 2184 1146 2253 ἱερῶν
1180 2187 1342 2254 μόνον
1380 2186 1545 2240 αὑτοῦ
1599 2188 1696 2259 τὴν
1739 2191 1960 2259 μνήμην

2065 2187 2429 2256 excogitasse.
2461 2183 2520 2240 Si
2556 2201 2750 2240 rursus
2778 2185 3218 2242 emendationem
3258 2202 3359 2257 pro
3389 2190 3639 2258 portione

383 2272 620 2340 ἐκϐαλῶ,
653 2275 790 2328 ἀλλὰ
843 2277 939 2328 καὶ
975 2279 1085 2340 τοῖς
1115 2278 1448 2350 ὁποιδήποτε
1476 2280 1578 2347 γῆς
1609 2281 1963 2350 Χριστιανοῖς

2065 2287 2419 2348 peccatorum
2450 2279 2778 2340 ostenderit,
2834 2294 2895 2333 se
2937 2279 3085 2348 quod
3131 2278 3218 2334 sui
3262 2281 3510 2334 muneris
3546 2281 3642 2346 sit,

383 2364 726 2434 ὲκκήρυκτον
762 2367 931 2421 αὐτὸν
962 2371 1196 2437 ποιήσω.
1243 2371 1718 2443 Ἀποκριναμένου
1770 2373 1827 2427 δὲ
1859 2373 1958 2427 τοῦ

2067 2386 2176 2425 non
2211 2369 2610 2438 neglecturum.
2641 2368 2826 2438 Ergo,
2867 2369 3092 2441 subiicit
3145 2369 3488 2440 patriarcha,
3540 2386 3640 2426 oro

388 2454 678 2524 βασιλέως
714 2460 775 2512 οὐ
821 2460 1158 2534 διαστροφὴν
1197 2464 1296 2534 τῆς
1354 2465 1595 2529 πίστεως
1646 2467 1723 2536 τῷ
1753 2467 1965 2539 ἐγγόνῳ

2070 2470 2144 2525 te,
2173 2460 2476 2530 imperator
2500 2459 2731 2530 optime,
2767 2459 2843 2512 uti
2877 2461 2982 2513 hoc
3029 2459 3326 2516 maximum
3375 2458 3520 2529 apud
3555 2475 3643 2513 me

387 2545 668 2613 ἐγκαλεῖν,
695 2548 832 2602 ἀλλὰ
862 2550 974 2604 τῶν
1024 2553 1104 2614 είς
1141 2553 1304 2606 αὐτὸν
1346 2555 1525 2624 ὅρκων
1572 2555 1832 2626 ἀθέτησιν
1870 2558 1966 2612 καὶ

2068 2554 2399 2610 beneﬁcium
2453 2566 2661 2623 ponas,
2709 2566 2905 2621 meque
2951 2552 3015 2606 ad
3070 2551 3224 2605 illum
3261 2551 3415 2606 abire
3470 2553 3639 2606 sinas.

385 2637 493 2691 τῶν
523 2640 834 2709 συνθηκῶν,
867 2642 948 2696 ἔτι
971 2661 1031 2696 τε
1069 2645 1366 2700 αὐθάδειαν
1395 2649 1494 2701 καὶ
1521 2650 1837 2716 ἀπείθειαν,
1870 2653 1968 2706 καὶ

2068 2645 2286 2701 Etenim
2323 2643 2652 2699 effecturum
2697 2658 2782 2698 me
2810 2642 3022 2697 divinat
3055 2642 3295 2709 animus,
3328 2651 3382 2696 et
3432 2652 3492 2696 ιιι
3542 2659 3640 2697 ne-

385 2730 474 2784 διὰ
507 2733 670 2786 τοῦτο
695 2733 979 2798 νουθεσίας
1011 2739 1108 2791 καὶ
1155 2739 1410 2803 παιδείας
1440 2743 1602 2812 χάριν
1629 2742 1690 2796 τὸ
1721 2743 1968 2798 τοιοῦτον

2070 2754 2192 2812 pos,
2224 2738 2270 2792 si
2303 2736 2437 2807 quid
2475 2736 2708 2791 antehac
2750 2735 3020 2804 peccavit,
3054 2734 3109 2789 id
3145 2737 3409 2806 corrigat,
3476 2745 3642 2804 atque

388 2825 829 2894 ἐπινενοηκέναι,
877 2829 1044 2882 πάλιν
1075 2829 1132 2883 δὲ
1161 2831 1328 2883 αὐτοῦ
1362 2833 1460 2902 τὴν
1493 2833 1782 2903 διόρθωσιν
1808 2837 1968 2900 ἀξίαν

2071 2831 2126 2885 in
2175 2837 2458 2900 posterum
2513 2828 2658 2898 quod
2699 2816 2924 2882 suarum
2969 2836 3054 2882 est
3099 2828 3339 2898 partium
3405 2827 3642 2881 ﬁdeliter

389 2915 807 2985 ἐπιδειξαμένου
850 2919 961 2972 τιῖιν
1007 2921 1422 2991 ἡμαρτημένων
1476 2924 1640 2977 αὑτὸν
1676 2926 1742 2979 τὰ
1779 2926 1970 2982 δέοντα

2070 2931 2316 2994 praestet,
2344 2930 2405 2978 et
2433 2921 2769 2977 oﬂ‘endicula
2801 2921 3046 2990 bellique
3076 2919 3422 2974 irritamenta
3458 2935 3488 2974 c
3527 2934 3643 2974 me-

390 3009 662 3076 ποιήσειν·
700 3009 934 3072 Οὐκοῦν,
964 3008 1116 3064 εἷπεν
1142 3011 1170 3062 ὁ
1203 3013 1582 3083 πατριάρχης,
1612 3013 1805 3083 δέομαί
1849 3032 1966 3079 σου,

2073 3018 2164 3105 dio
2193 3016 2537 3071 auferantur.
2591 3014 2690 3069 llic
2735 3029 2917 3068 sermo
2964 3013 3354 3084 imperatorem
3392 3013 3644 3083 pupugit.

392 3101 658 3169 κράτιστε
695 3101 917 3170 βασιλεῦ
941 3144 956 3168 ,
1009 3104 1140 3174 μίαν
1181 3105 1304 3175 ἐμοὶ
1360 3106 1523 3174 χάριν
1559 3106 1764 3176 ταύτην
1802 3125 1968 3160 κατα-
1996 3105 2025 3163 C

2013 3105 2038 3163 3
2071 3101 2235 3179 Atqui
2267 3107 2584 3179 oportebat,
2636 3106 2838 3175 inquit,
2867 3105 3069 3160 omissa
3102 3107 3205 3158 hac
3234 3118 3646 3172 supervacanea

395 3190 570 3244 θεῖναι
605 3193 894 3264 μεγίστην,
961 3195 1024 3247 τὸ
1080 3195 1218 3263 πρὸς
1276 3196 1437 3249 αὑτὸν
1478 3199 1774 3266 ἐπιτρέψαι
1805 3197 1973 3275 ἀπελ-

2074 3201 2130 3256 in
2171 3202 2391 3272 negotio
2423 3200 2605 3254 alieno
2643 3197 3019 3253 sollicitudine
3041 3197 3226 3251 verbis
3260 3195 3398 3250 meis
3431 3194 3645 3250 obtem-

395 3281 530 3338 θεῖν.
571 3286 852 3352 Ἐλπίζειν
899 3286 1010 3358 γὰρ
1047 3287 1274 3357 βασιλέα
1315 3290 1407 3340 τὸν
1433 3291 1555 3343 νέον
1593 3291 1835 3355 πείσειν,
1866 3289 1969 3343 είτι

2073 3309 2289 3367 perare,
2335 3301 2393 3347 et
2436 3292 2592 3362 jussa
2633 3305 2742 3344 non
2793 3296 3163 3359 repugnanter
3221 3285 3472 3356 exsequi.
3539 3285 3647 3340 Sed

393 3391 456 3430 τε
521 3379 843 3449 ἡμάρτηται
912 3381 1217 3450 πρότερον,
1269 3382 1817 3452 ὲπανορθὼσασθαι“,
1877 3384 1973 3436 καὶ

2073 3385 2332 3458 quoniam
2369 3381 2560 3437 nescio
2605 3379 2882 3451 quomodo
2923 3378 3326 3443 ratiocinatus,
3367 3385 3563 3430 contra
3594 3382 3651 3430 et

396 3471 655 3538 ἀσφαλῶς
710 3472 789 3534 είς
825 3471 885 3524 τὸ
921 3472 1045 3541 ἑξῆς
1101 3474 1168 3526 τὰ
1208 3472 1398 3526 δέοντα
1434 3477 1636 3528 ποιεῖν’
1669 3476 1738 3528 τά
1786 3491 1847 3528 τε
1877 3493 1974 3544 με-

2074 3478 2261 3533 dicere
2285 3483 2340 3531 et
2367 3474 2545 3529 facere
2571 3472 2836 3535 maluisti,
2870 3485 3097 3526 necesse
3138 3479 3221 3524 est
3271 3485 3357 3522 me
3388 3468 3484 3522 tibi
3537 3483 3649 3522 non

395 3562 532 3628 ταξὺ
575 3565 983 3634 προσκόμματα
1028 3566 1126 3619 καὶ
1177 3566 1280 3629 τὰς
1338 3567 1525 3629 αἰτίας
1577 3567 1672 3619 τοῦ
1729 3567 1970 3638 πολέμου

2079 3567 2376 3634 reluctari;
2409 3577 2468 3621 tu
2524 3563 2745 3619 noveris
2779 3563 2911 3634 quid
2953 3562 3268 3617 conveniat.
3315 3560 3428 3614 Hoc
3464 3560 3649 3628 itaque

398 3657 648 3727 ποιήσειν
684 3658 949 3712 ἐκποδών.
999 3659 1202 3727 ’Δηδῶς
1252 3658 1310 3712 δὲ
1347 3659 1376 3711 ὁ
1417 3659 1670 3730 βασιλεὺς
1730 3661 1825 3714 ἐπὶ
1859 3664 1972 3726 τοῖς

2079 3660 2243 3716 modo
2276 3660 2574 3730 imperator
2623 3667 2681 3712 et
2717 3656 3027 3728 patriarcha
3081 3653 3371 3710 sententiis
3413 3652 3651 3707 disside-

397 3751 714 3821 εἰρημένοις
780 3751 1049 3816 διατεθεὶς
1081 3795 1094 3819 ,
1137 3753 1377 3823 Ἐχρῆν,
1443 3747 1606 3815 εἶπε,
1653 3757 1768 3818 τοῖς
1821 3756 1974 3823 ἐμοῖς

2075 3753 2231 3808 bant.
2264 3751 2421 3807 Unde
2451 3750 2506 3804 in
2541 3749 2742 3818 palatio
2773 3750 2999 3818 quidem
3030 3745 3340 3802 Iiuterdicta
3385 3755 3508 3798 erat
3551 3761 3647 3799 ιιοο

399 3844 917 3914 ἀπολυπραγμόνως
955 3845 1240 3900 πείθεσθαι
1280 3847 1484 3913 λόγοις,
1519 3850 1612 3900 καὶ
1653 3848 1713 3900 τὸ
1761 3848 1977 3902 κελευὸ-

2079 3847 2229 3918 potis
2261 3844 2504 3911 mentio;
2552 3845 2606 3896 in
2657 3842 2887 3911 reliquis
2923 3849 3104 3894 autem
3155 3854 3253 3907 per
3299 3837 3493 3890 urbem
3542 3836 3648 3904 By-

402 3955 588 4007 μενον,
625 3937 984 4009 ἀντιλέγοντα
1035 3940 1223 4012 μηδὲν,
1267 3941 1446 3993 ποιεῖν
1469 3955 1483 3970 ο
1522 3941 1646 3992 ἐπεὶ
1674 3938 1719 3990 δ’
1743 3940 1844 3993 οὐκ
1877 3935 1977 3993 οἷδ’

2077 3938 2353 3993 zantinam
2382 3935 2574 3999 sacris,
2611 3935 2776 3988 etiam
2810 3934 2864 3986 in
2892 3931 3008 4001 ipsa
3033 3931 3148 3984 aede
3173 3929 3415 3998 Sophim,
3455 3941 3644 3980 sacro-

398 4024 549 4100 ᾧτιδι
588 4030 870 4102 χρώμενος
915 4033 1165 4104 λογισμῷ
1237 4032 1500 4087 τάναντία
1527 4031 1621 4085 καὶ
1660 4029 1842 4098 λέγειν
1878 4033 1975 4086 καὶ

2078 4043 2198 4084 rmn
2231 4035 2480 4096 tempore
2510 4023 2742 4079 solemni
2766 4037 2920 4077 more
2957 4030 3190 4090 uterque
3222 4021 3525 4088 imperatur
3557 4032 3655 4072 uo-

403 4125 670 4190 πράττειν
697 4125 1034 4195 προῄρησαι,
1061 4126 1185 4194 ἐμοὶ
1217 4125 1333 4178 δέον
1363 4128 1672 4192 συνεργεῖν,
1703 4123 1868 4187 αὐτὸς
1905 4121 1974 4176 ἃν
2081 4117 2414 4173 minabatur.

403 4221 604 4290 εἰδείης
643 4219 681 4274 ἃ
724 4221 843 4274 δεον
887 4224 1082 4277 ποιεῖν.
1135 4222 1290 4276 Οὕτω
1324 4221 1425 4293 μὲν
1468 4219 1562 4278 οὖν
1603 4222 1858 4295 βασιλεύς
1913 4235 1972 4270 τε
2006 4215 2101 4270 καλ
2133 4211 2481 4284 πατριάρχης
2537 4210 2856 4279 ἀσύμφωνοι
2907 4210 3029 4272 ταῖς
3071 4205 3324 4277 γνώμαις
3353 4201 3515 4275 ἦσανο
3558 4205 3652 4259 Διδ

404 4315 496 4367 καὶ
539 4319 598 4368 ὲν
673 4317 773 4384 μὲν
811 4315 1104 4386 βασιλείοις
1169 4319 1268 4387 τὴν
1307 4317 1399 4371 τοῦ
1447 4319 1570 4372 νέου
1603 4316 1873 4389 βασιλέως
1903 4310 2174 4382 ἀπείρητο
2215 4304 2489 4360 ποιεῖσθαι
2531 4306 2776 4375 μνήμηνο
2804 4304 2860 4356 ἐν
2898 4303 2960 4389 δὲΔ
3015 4305 3128 4365 τοῖς
3163 4301 3306 4355 κατὰ
3348 4303 3646 4365 Βυζάντιον

405 4413 613 4474 Λοιποῖς
675 4412 842 4482 ἱεροῖς
871 4414 963 4466 καὶ
997 4413 1054 4464 ὲν
1096 4385 1244 4484 αὐτῷ
1288 4410 1366 4483 τῷ
1404 4412 1503 4484 τῆς
1536 4385 1734 4482 σοιρίας
1779 4401 1880 4463 τοῧ
1903 4403 2042 4461 Θεοῦ
2081 4401 2303 4474 τεμένει
2338 4396 2420 4468 τῷ
2469 4394 2623 4467 ἱερῷ.
2680 4395 2757 4459 ὡς
2797 4393 2918 4458 ἔθος
2946 4385 3014 4466 ἦν
3061 4394 3110 4463 ἡ.
3136 4393 3330 4464 μνήμη
3360 4395 3470 4448 τῶν
3498 4394 3656 4467 βασιε

408 4511 542 4566 λέων
584 4511 842 4568 ἔτελεῖτο.

1816 4652 2041 4712 CAPUT
2079 4647 2245 4706 XLV.

310 4814 316 4822 .
411 4773 580 4847 Rogat
607 4789 986 4847 avumrinepos,
1021 4789 1085 4827 ne
1112 4789 1244 4847 novo
1287 4774 1417 4847 istoc
1445 4770 1582 4826 bello
1628 4762 2556 4847 imperium_Romanamneladitms_
2587 4759 2841 4847 cumulet,
2875 4757 3358 4847 iterumqaeee’ad
3375 4755 3666 4847 dicendam

478 4829 698 4899 Zamam
729 4829 898 4915 σπου-ἔς
932 4829 1159 4912 Magnus
1187 4843 1496 4896 domesticus
1533 4858 1628 4915 per
1658 4829 1864 4915 litteras
1888 4840 2028 4893 idem
2059 4834 2350 4915 contendit,
2404 4843 2642 4904 nepotem
2667 4839 2864 4898 tuetur,
2922 4829 2987 4883 ab
3016 4829 3295 4883 audiendis
3321 4830 3659 4900 sycophantias

479 4912 814 4969 dehortatur.
843 4915 1116 4968 Terrorem
1148 4916 1202 4969 in
1241 4920 1475 4968 extremo
1511 4912 1778 4982 adjungit,
1816 4912 1862 4965 si
1892 4925 2039 4964 secus
2066 4912 2266 4977 fecerit.

479 5042 748 5104 Βασιλεὺς
799 5041 861 5094 δὲ
894 5041 922 5092 ὁ
951 5040 1072 5097 νέος
1125 5041 1184 5092 ὲν
1228 5037 1308 5109 τῷ
1348 5038 1480 5108 περὶ
1509 5037 1573 5091 τὸ
1614 5037 1836 5108 Ῥήγιον
1866 5035 1984 5090 Ἐν-
2007 5033 2062 5094 D

2022 5033 2062 5094 D
2157 5031 2354 5090 Iunior
2410 5031 2710 5103 imperator
2760 5026 2817 5081 i—u
2879 5025 3106 5081 castello
3157 5022 3487 5083 Ennacosia,
3547 5036 3655 5074 non

413 5135 642 5189 νακόσια
672 5130 1218 5203 προσαγορευομένῳ
1268 5129 1458 5201 χωρίῳ
1503 5128 1613 5182 ἀπὸ
1666 5132 1765 5198 τῆς
1805 5127 1983 5198 ἀρχῆς

2086 5121 2278 5193 procul
2307 5121 2541 5191 Rhegio,
2574 5134 2604 5173 a
2636 5115 2908 5187 principio
2963 5113 3216 5170 Octobris
3252 5128 3426 5181 usque
3457 5112 3521 5165 ad
3553 5113 3659 5203 pe-

412 5228 651 5296 μάλιστα
692 5201 1034 5293 Ὀκτωϐρίου
1085 5223 1217 5292 ἄχρι
1250 5222 1347 5275 καὶ
1395 5219 1740 5293 Δεκεμϐρίου
1771 5219 1983 5289 διατρί-

2087 5212 2370 5268 cembrem
2423 5211 2640 5272 sedens,
2681 5221 2844 5261 avum
2897 5204 3232 5274 precabatur
3277 5217 3344 5257 ne
3388 5217 3502 5256 rem
3551 5201 3661 5255 Ro-

413 5293 522 5371 ϐων
571 5315 776 5386 μηνὸς,
825 5313 996 5367 ὲδεῖτο
1027 5313 1128 5367 τοῦ
1156 5312 1534 5384 πρεσϐυτέρου
1583 5311 1872 5382 βασιλέως,
1907 5309 1982 5381 μὴ

2090 5317 2305 5357 manam
2340 5315 2537 5356 rursus
2593 5298 2650 5352 in
2685 5297 2978 5352 tumultum
3032 5293 3447 5364 perniciemque
3488 5293 3663 5362 conji-

414 5385 581 5472 αὖθις
611 5409 683 5461 τὰ
718 5405 1010 5476 Ῥωμαίων
1049 5405 1356 5477 πράγματα
1390 5405 1474 5468 είς
1522 5403 1730 5475 φθορὰν
1755 5402 1852 5456 καὶ
1887 5418 1983 5455 τα-

2090 5402 2264 5459 ceret,
2323 5393 2419 5448 sed
2473 5388 2850 5445 misericordia
2907 5401 3134 5442 suorum
3183 5385 3390 5439 civium
3451 5393 3657 5449 motus,

415 5502 591 5573 ραχὴν
645 5472 927 5568 ἐμϐαλεῖν·
955 5472 1276 5550 ’ἁλλ’-ἔλεγον
1325 5496 1434 5548 τῶν
1471 5472 1731 5564 θπηκέων
1769 5494 1987 5564 σχόντα,

2091 5488 2298 5543 bellum
2335 5484 2636 5538 inhiberet.
2674 5479 2795 5546 Quo
2834 5485 3016 5534 autem
3073 5477 3227 5531 illum
3254 5475 3322 5530 ad
3356 5489 3543 5578 pacem
3569 5472 3667 5528 ile-

357 5596 361 5665 ί
547 5565 654 5648 ἐπὶ
681 5565 690 5568 ν
715 5591 882 5644 πλέον
938 5591 1030 5643 τὸν
1079 5589 1318 5660 πόλεμον
1377 5587 1612 5653 ἐξάγειν.
1649 5587 1740 5650 Ὠς
1804 5584 1872 5639 ἂν
1935 5585 1990 5639 δὲ

2089 5585 2290 5643 cteret,
2330 5576 2487 5647 136
2517 5574 2597 5628 sic
2651 5588 2750 5644 per
2777 5573 2990 5641 legatos
3048 5569 3161 5640 egit
3194 5585 3208 5621 :
3245 5565 3566 5622 Sedulitatis
3608 5575 3671 5621 et

375 5659 580 5740 ἀὐτὸν
649 5685 749 5754 τὴν
822 5681 1051 5751 εἰρήνην
1107 5659 1274 5752 πείσῃ
1330 5680 1532 5750 μᾶλλον
1591 5677 1834 5738 ἑλέσθαι,
1897 5679 1990 5730 καὶ

2090 5671 2331 5727 incitatae
2351 5665 2653 5722 voluntatis
2668 5681 2829 5732 meae,
2853 5665 3172 5734 imperator,
3229 5661 3294 5716 ad
3327 5659 3667 5731 providenda

420 5776 645 5834 τοιοῖσδε
698 5773 832 5847 πρὸς
873 5771 1041 5828 αὑτὸν
1069 5771 1158 5827 διὰ
1202 5771 1490 5844 πρέσϐεων
1527 5769 1727 5841 ἐχρῆτο
1770 5766 1987 5835 λόγοις·

2093 5781 2157 5823 ac
2183 5762 2385 5822 tuenda
2441 5759 2674 5818 Romani
2718 5757 2936 5829 imperii
2993 5755 3314 5818 commoda,
3376 5761 3578 5820 praeter
3613 5761 3674 5809 te
