4136 6288
485 3782 532 3816 χ

527 298 632 360 3οΊ

1723 304 2045 365 JOANNIS
2081 305 2607 371 CANTACUZENI

3657 295 3760 361 308

530 412 791 469 idoneum
826 424 1019 472 testem
1071 417 1297 473 laudare
1345 418 1514 473 alium
1556 433 1662 471 non
1698 433 1864 485 queo.
1912 415 2093 469 Manet

2210 417 2310 487 Γῆς
2353 421 2496 491 ἐμῆς
2533 417 2579 474 ὦ
2627 419 2872 492 βασιλεῦ,
2927 417 3166 489 σπουδῆς
3215 434 3274 471 τε
3321 416 3416 470 καὶ
3451 414 3764 484 προθυμίας

527 507 674 559 enim
709 507 762 560 in
789 511 1052 562 memoria
1077 509 1196 572 tibi,
1245 527 1356 580 quo
1397 521 1579 580 pacto,
1636 524 1762 561 cum
1797 505 2026 560 Pruseni
2062 522 2090 558 a

530 595 714 652 Persis
743 599 1030 654 obsidione
1065 602 1419 666 vallarentur,
1449 611 1503 655 et
1527 602 1636 670 jam
1664 599 1798 654 inibi
1827 607 1997 663 esset,
2037 607 2097 650 ut

532 689 750 757 penitus
791 690 989 745 defecti
1023 693 1272 757 cibariis,
1312 693 1365 746 in
1417 693 1658 746 hostium
1703 707 1898 745 manus
1941 691 2099 743 veni-

538 790 678 843 rent,
705 797 827 851 ego,
864 797 920 835 re
947 792 1252 852 comperta,
1276 784 1596 855 Byzantium
1623 799 1732 836 non
1758 793 1984 836 vocatus
2000 785 2098 836 ad-

531 871 784 932 volarim,
836 882 996 942 teque
1043 876 1288 944 rogando
1323 887 1378 930 ct
1442 875 1712 929 hortando
1761 875 2098 944 impulerim,

536 972 595 1016 ut
649 979 755 1030 qua
810 973 998 1032 posset
1060 967 1409 1035 providentia
1445 967 1624 1022 victus
1685 967 2096 1036 importaretur.

531 1051 753 1106 Poterat
782 1065 964 1108 autem
999 1057 1100 1119 sic,
1132 1067 1190 1110 ut
1227 1074 1329 1127 ego
1363 1075 1485 1112 cum
1535 1059 1803 1114 militibus
1834 1057 2097 1128 Trigliam

532 1145 717 1200 Prusae
763 1148 996 1201 vicinam
1046 1151 1393 1219 trajicerem,
1450 1151 1752 1215 Barbaros,
1811 1153 1854 1204 si
1886 1150 2100 1211 liceret,

534 1237 870 1303 invaderem,
931 1248 986 1294 et
1037 1240 1299 1296 Pruseuis
1357 1243 1618 1296 alimenta
1668 1243 1947 1296 inferrem.
1980 1241 2102 1306 Quo

531 1329 751 1396 quidem
809 1333 974 1386 modo
1007 1333 1353 1388 obsidionem
1397 1335 1489 1389 diu
1523 1337 1878 1389 toleraturam
1907 1350 2098 1404 spera-

532 1421 712 1484 batur,
751 1425 989 1492 ,quando
1046 1426 1411 1494 undequaque
1441 1425 1698 1479 ﬁrmiter
1765 1425 2102 1478 communita

531 1523 637 1568 est.
662 1513 796 1568 Cum
823 1516 991 1586 igitur
1024 1531 1124 1586 ego
1163 1517 1445 1582 Prnsenis,
1479 1517 1731 1586 quamvis
1756 1531 1878 1570 cum
1909 1515 2104 1584 capitis

537 1610 638 1661 mei
673 1608 1015 1673 discrimine,
1049 1609 1413 1664 succurrendi
1438 1609 1715 1664 desiderio
1741 1610 2012 1672 arderem,
2044 1619 2101 1662 tu

533 1717 619 1755 me
648 1701 877 1753 invitum
930 1699 1231 1756 eoliibuisti
1260 1719 1274 1756 :
1311 1702 1360 1756 id
1387 1703 1533 1772 quod
1571 1702 1920 1771 potissimum
1947 1701 2100 1754 vide-

533 1802 624 1846 tur
658 1795 710 1845 in
743 1808 908 1847 causa
937 1793 1129 1855 fuisse,
1165 1809 1266 1848 cur
1313 1793 1683 1848 Prusenowm
1709 1794 1934 1849 Barbari
1971 1795 2103 1863 poti-

534 1893 748 1938 rentur.
776 1883 900 1938 llaec
927 1887 1172 1948 narravi,
1191 1896 1379 1940 nonut
1404 1887 1671 1956 gloriarer
1695 1889 2101 1950 tantummodo,

535 1977 628 2030 sed
665 1986 724 2031 ut
754 1993 820 2031 ex
845 1994 909 2031 ea
939 1995 1059 2047 quas
1089 1978 1223 2032 mihi
1253 1979 1764 2050 suppeditatcopia,
1790 1979 1934 2048 quod
1956 1980 2102 2042 volo,

537 2084 644 2121 uno
679 2079 1006 2136 argumento
1055 2069 1517 2124 demonstrarem.
1569 2069 1628 2124 Si
1678 2070 1826 2124 enim
1877 2078 2107 2140 propter

537 2159 754 2213 unicam
795 2160 988 2213 urbem
1033 2168 1244 2214 tantum
1281 2160 1610 2224 cruciabar,
1659 2159 1824 2230 eique
1877 2169 1971 2214 aut
2025 2160 2106 2214 fe-

535 2252 767 2306 rendum
813 2253 1098 2317 auxilium,
1129 2262 1224 2306 aut
1255 2267 1379 2307 cum
1431 2267 1494 2307 ea
1526 2267 1720 2308 omnes
1761 2268 1921 2309 casus
1973 2253 2106 2307 mihi

537 2345 855 2400 subeundos
886 2345 1290 2411 existimabam,
1340 2355 1548 2414 quanto
1580 2346 1754 2416 magis
1798 2361 1948 2400 nunc
1982 2361 2110 2400 cru-

539 2435 732 2502 eiarer,
791 2439 834 2492 si
873 2439 1190 2493 universum
1247 2437 1540 2508 imperium
1594 2437 1902 2494 Romanum
1945 2438 2107 2493 simul

539 2547 588 2584 ιιι
620 2531 914 2585 discrimen
951 2541 1204 2584 vocatum
1233 2530 1581 2600 aspicerem?
1609 2530 1744 2584 Nam
1789 2530 1934 2600 quod
1984 2545 2108 2594 nos,

540 2623 627 2690 qui
661 2638 759 2690 pro
804 2637 872 2675 eo
906 2621 1198 2675 adversum
1232 2633 1451 2676 exteros
1490 2637 1840 2691 propugnare
1887 2637 2110 2677 summo

540 2712 660 2780 iure
694 2712 1050 2770 debebamus.
1079 2713 1224 2766 bello
1269 2712 1677 2775 concurrimus,
1720 2713 1824 2768 hoc
1863 2713 2110 2783 profecto

497 2816 500 2822 '
542 2820 649 2858 non
701 2803 870 2863 aliud,
912 2819 1073 2872 quam
1107 2804 1359 2857 ultimum
1412 2803 1562 2858 illius
1610 2803 1840 2858 exitium
1893 2820 1991 2874 par
2029 2809 2112 2860 est

543 2895 822 2951 arbitrari.
861 2894 1042 2960 Quare
1082 2905 1133 2949 te
1167 2911 1496 2965 magnopere
1529 2912 1734 2966 qua-so,
1788 2898 2108 2966 imperator,

543 2988 585 3040 si
621 2997 792 3055 potes,
827 2984 1148 3040 inimicitias
1194 2985 1429 3056 depone,
1487 3000 1538 3041 et
1570 3003 1757 3058 pacem
1788 2989 1930 3042 bello
1961 2999 2113 3044 ante-

2198 511 2342 581 ὑπὲρ
2364 513 2469 564 τῶν
2506 516 2660 582 κοινῇ
2701 515 2766 582 τῇ
2826 510 3117 578 Ῥωμαίων
3147 509 3415 578 ἡγεμονία
3450 505 3765 575 συμφερόν-

2204 619 2334 666 των,
2366 601 2464 672 οὐχ
2503 602 2693 672 ἔτερόν
2723 619 2847 656 τινα
2893 600 3193 670 ἀξιόχρεων
3232 599 3266 668 ἡ
3300 613 3360 649 σε
3391 595 3650 666 μάρτυρα
3681 589 3768 657 ἒξ·
3795 637 3803 672 ε

2199 709 2316 744 εστι
2353 697 2674 762 παρασχεῖν.
2696 692 2870 746 Οἶσθα
2915 693 3026 762 γὰρ
3082 692 3230 753 ὅπως
3285 686 3613 757 Προυσηνῶν
3661 683 3807 750 om;

2203 785 2425 852 Περσῶν
2456 785 2954 856 πολιορκουμένων,
2983 784 3081 838 καὶ
3107 785 3228 837 ὅσον
3265 779 3425 835 οὗπω
3453 775 3768 831 ἁλώσεσθαι
3800 766 3821 846 ,ζ

2204 877 2674 948 προσδοκωμένων
2706 877 2796 930 διὰ
2829 877 2888 929 τὸ
2925 876 3018 929 τὸν
3068 877 3214 927 σῖτον
3257 871 3614 925 παντάπασιν
3641 870 3768 920 ὲπι-
3806 865 3820 878 “

2205 969 2538 1034 λελοιπέναι,
2591 968 2896 1037 πυθόμενος
2941 966 3128 1030 αὐτὸς,
3168 965 3503 1032 αὐτόκλητος
3546 961 3627 1024 είς
3662 961 3768 1012 Βυ-

2205 1060 2422 1124 ζάντιον
2457 1055 2628 1130 ἧκον,
2669 1059 2920 1126 δεόμενός
2957 1075 3018 1111 τε
3073 1059 3190 1127 ἅμα
3248 1057 3346 1109 καὶ
3383 1052 3772 1125 συμϐουλεύων

2205 1156 2317 1216 τοῖς
2375 1153 2853 1221 πολιορκουμένοις
2890 1154 2990 1222 τὴν
3043 1149 3278 1220 δυνατὴν
3332 1150 3597 1220 πρόνοιαν
3655 1147 3772 1198 εἰσ⁸

2206 1247 2470 1312 ενεγκεῖν·
2509 1243 2648 1308 αὕτη
2679 1245 2726 1296 δ’
2758 1239 2907 1314 ἦντὸ
2945 1243 3047 1314 ἐμὲ
3081 1241 3201 1312 ἅμα
3233 1243 3299 1311 τῇ
3339 1239 3592 1310 στρατιᾷ,
3613 1238 3773 1290 ναυσὶ

2207 1339 2346 1406 πρὸς
2378 1338 2476 1402 τὴν
2528 1337 2821 1405 Τρίγλειαν
2876 1335 3257 1405 περαιωθέντα
3306 1334 3469 1404 (ἐπεὶ
3517 1332 3580 1385 ού
3635 1331 3771 1384 πολὺ

2209 1427 2462 1497 Προύσης
2515 1426 2727 1496 διέχει),
2779 1429 2894 1489 τοῖς
2939 1442 2998 1479 τε
3056 1424 3358 1496 βαρσάροις
3413 1423 3478 1491 ἣν
3525 1421 3772 1490 δύνωμαι

2206 1518 2511 1580 ἐπιθέσθαι,
2544 1519 2636 1570 καὶ
2673 1517 3000 1588 Προυσηνοῐς
3036 1518 3106 1570 τὰ
3129 1515 3411 1584 ἐπιτήδεια
3459 1513 3772 1582 ἐσκομίσαι.

2208 1610 2414 1664 Τούτου
2459 1609 2516 1662 δὲ
2565 1609 2887 1678 γενομένου,
2929 1607 3085 1670 ἐλπὶς
3135 1607 3336 1666 αὐτοὺς
3379 1609 3573 1675 χρόνον
3606 1602 3773 1656 πολὺν

2209 1703 2347 1772 πρὸς
2381 1702 2478 1772 τὴν
2526 1702 2846 1772 πολιορκίαν
2892 1701 3263 1770 ἁντιχρήσεινο
3293 1698 3463 1751 τᾶλλα
3485 1697 3592 1764 γὰρ
3620 1699 3653 1764 ἡ
3681 1696 3776 1745 πά-

2207 1795 2291 1856 λις
2336 1795 2550 1848 ἅπαντα
2601 1793 3043 1848 κατεσκεύασται
3101 1791 3411 1864 καρτερῶς.
3461 1787 3608 1858 Ἐγὼ
3673 1787 3775 1858 μὲν

2207 1883 2300 1940 οὖν
2327 1886 2472 1938 οὕτω
2499 1887 2810 1955 προθυμίας
2850 1881 2997 1955 εἰχον
3038 1885 3176 1956 πρὸς
3197 1885 3256 1936 τὸ
3283 1884 3621 1955 Προυσηνοῖς
3653 1882 3779 1952 βοηε

2209 1979 2327 2032 θεῖν
2379 1979 2544 2041 αὐτὸς
2592 1977 3046 2033 διακινδυνεύων
3099 1977 3195 2031 σοῦ
3249 1977 3305 2030 δὲ
3353 1977 3427 2047 μὴ
3486 1977 3727 2043 ἐφιέντος
3760 2013 3778 2037 ,

2209 2074 2362 2128 ἄκων
2390 2071 2752 2143 κατεσχέθην·
2777 2072 2805 2124 ό
2835 2071 2928 2123 καὶ
2961 2070 3198 2141 μάλιστα
3229 2069 3404 2122 αἴτιον
3441 2067 3587 2134 εδοξε
3623 2083 3784 2134 γεγε-

2209 2165 2403 2234 νῆσθαι
2448 2165 2542 2217 tot)
2588 2163 2839 2231 Πριιῦσαν
2885 2164 2992 2217 ὑπὸ
3040 2165 3153 2225 τοῖς
3191 2160 3543 2232 πολιορκοῦσι
3576 2159 3786 2228 βαρόἀο

2214 2274 2325 2328 ροις
2367 2257 2714 2326 γεγενῆσθαι.
2755 2255 2942 2309 Ταῦτα
2976 2254 3032 2308 δὲ
3078 2253 3293 2321 διῆλθον
3315 2294 3330 2316 ,
3364 2254 3465 2323 οὑχ
3500 2251 3567 2304 ἵν’
3591 2251 3783 2312 ἁπλῶς

2209 2351 2353 2404 οὕτω
2399 2350 2870 2420 φιλοτιμήσωμαι,
2909 2345 3026 2401 ἀλλ’
3073 2343 3141 2402 ἵν’
3182 2346 3524 2414 ἐπιδείξαιμι
3560 2348 3624 2398 ἐκ
3657 2345 3786 2398 πολ-

2211 2445 2304 2498 λοῦ
2336 2443 2429 2497 τοῦ
2478 2443 2788 2514 περιόντος,
2827 2443 2907 2495 ὅτι
2951 2443 2999 2494 εί
3041 2442 3171 2512 μιᾶς
3202 2439 3369 2494 ἕνεκα
3415 2437 3628 2501 πόλεως
3667 2455 3782 2490 κιν-

2211 2534 2544 2603 δυνευούσης
2578 2533 2722 2586 οὕτω
2761 2532 3198 2603 περιεκαιόμην,
3246 2533 3344 2584 καὶ
3382 2531 3494 2584 δεῖν
3528 2530 3784 2600 ἐνόμιζον

2213 2629 2245 2698 ἢ
2277 2626 2490 2698 βοηθεῖν
2523 2626 2684 2696 αὐτῇ,
2715 2624 2748 2695 ἢ
2785 2626 2880 2677 καὶ
2926 2623 3088 2685 αὐτὸς
3122 2621 3588 2690 συγκινδυνεύειν,
3643 2622 3784 2674 πολὺ

2214 2721 2419 2792 μᾶλλον
2455 2719 2522 2773 ἂν
2556 2717 2782 2786 ἀλγοίην
2831 2719 2948 2782 νῦν,
2979 2715 3118 2785 όμοῦ
3154 2715 3446 2785 Ῥωμαίων
3486 2714 3786 2783 σύμπασαν

2213 2808 2311 2878 τὴν
2353 2807 2653 2877 ἡγεμονίαν
2685 2805 3104 2860 κινδυνεύουσαν
3151 2805 3313 2874 ὁρῶν.
3355 2805 3433 2857 Τὸ
3472 2804 3580 2874 γὰρ
3630 2805 3784 2872 ἡμᾶς

2215 2900 2342 2960 τοὺς
2371 2899 2514 2969 ὑπὲρ
2562 2898 2732 2966 αὐτῆς
2770 2896 2906 2967 πρὸς
2954 2898 3080 2960 τοὺς
3126 2897 3232 2962 ἔξω
3267 2897 3568 2966 πολεμίους
3614 2897 3801 2949 πελεν

2219 2996 2339 3060 μεῖν
2381 2992 2626 3054 δικαῖους
2679 2991 2840 3053 ὄντας
2866 3027 2880 3054 ,
2921 2989 3339 3062 συρῤήγνυσθαι
3377 2988 3652 3057 ἀλλήλοις,
3681 2988 3786 3040 οὖν

543 3090 704 3148 pone.
739 3075 835 3133 Sin
870 3076 1330 3132 calumniatorqu
1363 3079 1569 3131 vocula:
1607 3079 1752 3148 apud
1803 3089 1855 3134 te
1898 3089 2107 3135 tantum

2216 3085 2342 3139 ἄλλο
2375 3101 2427 3136 τι
2477 3083 2509 3154 ἢ
2556 3084 2946 3152 καταστροφὴν
2991 3082 3160 3151 αύτῆς
3194 3082 3536 3152 τελεωτάτην
3577 3081 3787 3134 οῐεσθαν

545 3170 854 3231 valuerunt,
887 3179 944 3223 ut
969 3185 1130 3238 quam
1158 3169 1359 3238 sepius
1399 3169 1566 3239 petivi
1617 3186 1828 3240 pacem,
1860 3173 2105 3227 nomium

543 3262 900 3325 obtinuerint,
935 3261 1126 3315 saltem
1160 3260 1266 3314 hoc
1313 3260 1449 3314 mibi
1501 3259 1724 3330 largire,
1787 3279 2002 3331 precor,
2050 3274 2112 3322 ut

544 3354 782 3419 tluobus,
813 3360 908 3408 aut
940 3353 1115 3408 tribus
1144 3353 1461 3419 comitatus,
1495 3353 1642 3425 apud
1680 3364 1731 3410 te
1775 3371 1996 3412 causam
2030 3358 2112 3413 di-

544 3445 820 3514 cam(7l).
867 3443 930 3496 Si
969 3443 1205 3498 crimina
1233 3445 1510 3509 refellero,
1561 3446 1702 3501 bene
1755 3447 2015 3516 habebit;
2065 3449 2114 3505 si

546 3533 768 3604 perjurii
825 3531 1219 3601 iujustitiaeque
1247 3533 1538 3589 damnatus
1568 3535 1744 3601 luero,
1776 3547 1830 3591 tu
1853 3538 2113 3595 diuturna

546 3623 795 3677 molestia
821 3622 1162 3688 liberaberis,
1201 3639 1353 3677 reum
1381 3610 1636 3679 manibus
1668 3636 1860 3681 tenens
1887 3648 1900 3682 :
1940 3632 2028 3682 cui
2057 3642 2116 3684 ut

547 3729 615 3768 ne
648 3727 864 3782 pareas,
910 3713 1004 3767 sed
1038 3729 1137 3782 pro
1183 3729 1246 3768 eo
1278 3731 1341 3769 ac
1401 3716 1609 3770 scelera
1659 3717 1778 3787 ejus
1833 3730 2118 3774 merentur

547 3808 699 3862 illum
728 3807 942 3876 punias,
995 3824 1090 3877 per
1139 3809 1308 3862 Deum
1361 3819 1412 3864 te
1447 3825 1566 3864 oro.
1607 3809 1700 3864 Sin
1759 3821 1941 3865 autem
2005 3831 2114 3868 non

547 3902 745 3982 placet,
791 3907 850 3952 ut
875 3899 989 3970 ipse
1020 3917 1257 3970 praesens
1291 3902 1389 3957 abs
1424 3912 1474 3956 te
1502 3913 1770 3972 praesente
1796 3905 2032 3975 judicer,
2061 3918 2116 3963 at

547 4011 744 4064 magno
774 3996 1077 4051 domestico
1108 3996 1180 4050 sit
1229 3997 1310 4052 fas
1352 4013 1410 4051 se
1435 3998 1560 4052 loco
1594 4015 1715 4053 meo
1751 4000 1973 4055 sistere.
2007 4000 2114 4068 Qui

548 4087 598 4141 si
630 4096 684 4141 et
725 4087 843 4156 ipse
881 4088 1256 4153 danmabitur,
1293 4089 1696 4144 atrocissimam
1751 4109 1968 4162 pinnam
2024 4111 2118 4149 ex-

547 4181 752 4244 solvat;
778 4197 885 4249 qua
913 4182 1068 4249 plane
1101 4198 1208 4236 non
1242 4184 1422 4238 minus
1457 4183 1678 4248 dolebo,
1713 4201 1876 4254 quam
1922 4188 1965 4241 si
1994 4203 2118 4240 cor-

548 4287 680 4340 pore
719 4287 839 4326 meo
881 4272 1028 4326 illam
1080 4275 1417 4342 excepissem
1468 4276 1606 4344 (7'2).
1640 4275 1763 4330 llaec
1815 4278 2116 4347 imperator

542 4363 732 4432 junior
761 4363 826 4417 ad
853 4379 1013 4416 avum
1076 4366 1317 4432 scripsit,
1378 4367 1584 4436 quibus
1643 4384 1903 4437 germana
1948 4372 2112 4426 etiam

549 4470 777 4524 magnus
825 4454 1164 4509 domesticus
1199 4455 1359 4525 137
1395 4457 1482 4510 his
1530 4458 1712 4512 verbis
1753 4479 1764 4512 :
1804 4459 2113 4529 Utrumque

549 4557 667 4618 tibi,
704 4558 1003 4625 imperator
1033 4557 1261 4626 optime,
1309 4559 1790 4627 persuasissimum
1828 4561 2020 4626 credo,
2057 4574 2114 4617 et

547 4650 816 4704 benevolo
847 4659 1011 4718 atque
1058 4650 1234 4704 amico
1267 4665 1386 4704 esse
1424 4666 1509 4704 me
1540 4666 1668 4721 erga
1707 4663 1756 4707 te
1805 4654 2011 4721 animo,
2043 4659 2112 4712 ad

548 4741 816 4811 obsequia
848 4751 938 4794 tua
964 4752 1233 4812 paratum,
1270 4751 1330 4796 ut
1372 4743 1580 4797 nullum
1624 4745 1795 4816 magis
1824 4745 1990 4816 (quod
2023 4764 2114 4804 re-

550 4832 658 4888 bus
691 4848 1068 4901 saepenumero
1113 4834 1259 4888 clare
1290 4834 1686 4903 demonstravi)
1735 4845 1787 4890 et
1829 4853 1927 4905 pro
1957 4853 2114 4892 como

550 4925 702 4979 muni
736 4925 1103 4978 Romanorum
1146 4925 1402 4980 felicitate
1443 4941 1551 4979 non
1591 4927 1878 4983 facultates
1911 4929 2111 4983 duma-

549 5023 640 5070 xat
667 5030 836 5078 meas,
873 5030 1060 5069 verum
1095 5025 1150 5069 et
1173 5018 1342 5084 ipsam
1384 5017 1626 5098 animam.
1647 5019 1982 5085 perlibenter
2009 5022 2112 5074 im-

549 5121 868 5174 pensurum.
907 5103 1062 5158 Nunc
1095 5107 1222 5173 quia
1278 5119 1446 5159 cerno
1476 5114 1527 5159 te
1557 5107 1677 5160 sine
1727 5123 1892 5161 causa
1931 5107 2111 5163 lwdus

2211 3180 2340 3250 χρή.
2367 3178 2460 3230 Διὸ
2489 3178 2555 3246 δὴ
2585 3180 2679 3230 καὶ
2711 3176 2916 3246 σφόδρα
2950 3193 3044 3229 σου
3073 3176 3290 3245 δέομαι,
3325 3174 3570 3246 βασιλεῦ,
3607 3174 3657 3226 εί
3685 3174 3786 3242 μὲν

2211 3268 2322 3326 οἷόν
2379 3288 2438 3324 σε
2487 3269 2791 3324 καταλῦσαι
2834 3271 2934 3337 τὴν
2984 3268 3206 3338 ἔχθραν,
3254 3270 3350 3322 καὶ
3398 3269 3496 3338 τὴν
3559 3269 3786 3338 εἰρήνην

2216 3363 2418 3434 μᾶλλον
2450 3362 2482 3433 ἧ
2515 3363 2608 3416 τὸν
2643 3361 2880 3431 πόλεμον
2911 3360 3152 3414 ἑλέσθαι.
3195 3361 3259 3414 Et
3307 3361 3352 3414 δ’
3395 3363 3490 3414 ἐπὶ
3529 3361 3787 3414 τοσοῦτον

2215 3459 2266 3510 οἱ
2317 3456 2430 3509 τῶν
2465 3453 2818 3521 συκοφαντῶν
2856 3452 3087 3522 ίσχυσαν
3119 3451 3290 3521 λόγοι,
3317 3453 3447 3507 ὥστ’
3485 3453 3583 3522 ἐμὲ
3615 3454 3789 3508 πολλὰ

2218 3551 2348 3618 περὶ
2382 3549 2607 3617 εἰρήνης
2637 3546 2891 3612 δεόμενον
2920 3545 3106 3597 ἀνύειν
3157 3544 3348 3612 μηδὲν,
3379 3545 3504 3611 τόγε
3531 3542 3789 3613 δεύτερον

2221 3639 2452 3693 ἱκετεύω
2479 3678 2494 3702 ,
2528 3637 2622 3690 ἐπὶ
2652 3637 2747 3689 σοῦ
2790 3635 2906 3705 ἃμα
2939 3635 3034 3689 δύο
3061 3635 3093 3706 ἢ
3129 3637 3223 3690 καὶ
3251 3637 3431 3706 τρισὶν
3463 3634 3686 3688 ἐλθόντα
3709 3636 3790 3688 δι·-

2217 3731 2503 3798 κασθῆναι’
2552 3727 2654 3781 κᾶν
2693 3727 2793 3793 μὲν
2837 3726 3195 3796 ἁπολύσωμαι
3225 3726 3324 3789 τὰς
3361 3727 3562 3789 αίτίας,
3599 3727 3788 3788 καλῶς

2217 3819 2281 3873 ἂν
2301 3821 2429 3890 ἕχον
2448 3820 2513 3872 ἂν
2547 3819 2590 3872 δ’
2608 3819 2808 3873 ἀδικῶν
2832 3819 2947 3872 ἀλῶ
2974 3819 3070 3871 καὶ
3097 3819 3391 3886 ἐπιορκῶν,
3419 3819 3527 3870 τῶν
3557 3818 3789 3888 μακρῶν

2218 3911 2581 3980 ἀπαλλαγήσῃ
2630 3911 2831 3970 πόνων,
2864 3907 3002 3978 ἔχων
3031 3908 3091 3960 ὲν
3134 3909 3291 3977 χερσὶ
3337 3907 3428 3960 τὸν
3469 3906 3786 3969 ἀδικοῦντα,

2218 4004 2312 4055 καὶ
2343 4001 2418 4071 μὴ
2450 4005 2612 4073 φείσῃ
2646 4001 2786 4070 πρὸς
2816 3999 2980 4052 αὑτοῦ
3007 3999 3166 4064 Θεοῦ,
3189 3999 3324 4053 ἀλλὰ
3353 4000 3582 4052 κόλασον
3618 3999 3790 4063 ἀξίως

2217 4097 2324 4149 τῶν
2359 4093 2795 4165 ἁμαρτημάτων.
2846 4093 2908 4146 Ei
2951 4093 3008 4145 δὲ
3064 4093 3138 4162 μὴ
3195 4091 3350 4146 τοῦτό
3407 4109 3490 4145 σοι
3530 4092 3788 4162 ἀρεστὸν,

2219 4187 2278 4241 τὸ
2310 4185 2472 4239 αὐτὸν
2527 4187 2626 4254 ἐμὲ
2677 4183 2769 4237 ἐπὶ
2824 4183 2918 4235 σοῦ
2970 4183 3194 4237 ἐλθόντα
3245 4183 3616 4251 δικασθῆναι,
3668 4183 3788 4236 ἀλλ’

2219 4282 2247 4332 ὁ
2303 4279 2476 4348 μέγας
2532 4277 2851 4346 δομέστικος
2902 4274 3030 4341 γοῦν
3081 4273 3252 4329 ἐλθὼν
3304 4275 3611 4340 δικαζέσθω
3643 4275 3788 4348 ὑπὲρ

2223 4346 2379 4440 ἐμοῦ.
2438 4367 2555 4422 Κᾶν
2607 4369 2700 4421 καὶ
2746 4368 2908 4429 αὐτὸς
2962 4367 3101 4436 ἀλῷ,
3158 4369 3226 4421 τὰ
3274 4367 3477 4437 ἔσχατα
3514 4346 3788 4434 ύπομῖνέ-

2147 4437 2294 4516 θ’τέυ
2325 4480 2338 4492 ·
2383 4461 2600 4521 πάντως
2651 4460 2707 4512 δὲ
2760 4461 2910 4512 οὐδὲν
2967 4453 3130 4530 ἦττον
3173 4459 3398 4528 ἀλγήσω
3451 4458 3482 4530 ἦ
3539 4461 3788 4538 sicine;

2222 4557 2279 4606 ὲν
2322 4553 2398 4622 τῷ
2451 4552 2664 4621 σώματι
2701 4550 3016 4619 ὑφιστάμην
3059 4550 3127 4601 τά
3179 4550 3348 4603 δεινά.
3401 4549 3638 4604 Τοιαῦτα
3685 4551 3788 4619 μὲν

2221 4645 2475 4717 βασιλεὺς
2527 4646 2553 4696 ό
2591 4644 2709 4705 νέος
2755 4641 3045 4694 ἐπέστελλε
3107 4641 3241 4710 πρὸς
3297 4641 3386 4694 τὸν
3435 4643 3660 4694 πάππον
3690 4645 3790 4694 καὶ

2221 4738 2468 4806 βασιλέαο
2504 4734 2599 4787 καὶ
2631 4737 2658 4788 ό
2695 4733 2867 4802 μέγας
2899 4734 2954 4785 δὲ
2995 4732 3315 4802 δομέστικος
3343 4734 3568 4787 τοιαῦτα
3616 4735 3790 4804 ἔγρα-

2213 4832 2305 4900 ψε,
2338 4830 2588 4898 δεόμενος
2631 4827 2760 4896 περὶ
2802 4827 2910 4878 τῶν
2963 4825 3144 4878 αὐτῶν
3173 4841 3185 4854 ⁸
3214 4827 3486 4895 Κράτιστε
3535 4825 3782 4894 βασιλεῦ,
3879 4851 3884 4856 ι

2215 4923 2498 4994 ἀμφότερά
2531 4935 2586 4971 σε
2613 4919 2793 4988 οίομαι
2818 4916 3003 4986 σαφῶς
3035 4917 3323 4969 πεπεῖσθαι
3354 4919 3484 4986 περὶ
3518 4917 3673 4986 ἐμοῦ,
3703 4919 3787 4969 ὅτι

2211 5035 2270 5069 τε
2303 5013 2562 5076 εὐνοϊκῶς
2589 5012 2869 5079 διάκειμαι
2894 5011 2984 5061 καὶ
3011 5009 3202 5077 φιλίως
3239 5010 3367 5078 περὶ
3401 5009 3484 5074 σὲ,
3514 5009 3611 5062 καὶ
3639 5009 3792 5062 0:365-

2214 5108 2302 5171 νός
2331 5125 2410 5159 σοι
2437 5105 2705 5158 δουλεύειν
2728 5097 2889 5173 ἦττον
2915 5100 3177 5171 αἱροῦμαι
3202 5115 3215 5128 ο
3244 5099 3450 5151 τούτων
3479 5099 3789 5163 ἀποδείξεις

1773 5222 1988 5282 Jacobi
2027 5223 2289 5282 Pontani
2328 5227 2512 5280 noue.

620 5322 701 5386 (Ἠ
716 5332 732 5387 )
755 5321 1056 5376 Audiamus
1078 5322 1538 5390 Gregoramlibro
1566 5337 1709 5375 mmo
1735 5339 1748 5374 :
1771 5321 1902 5375 Cum
1933 5330 2113 5373 autem
2209 5329 2344 5372 sent.
2388 5321 2578 5374 Seuior
2603 5332 2744 5390 vero,
2773 5332 2890 5370 cum
2922 5333 2983 5369 ea
3023 5315 3290 5385 postulatu
3329 5313 3485 5379 plena
3535 5311 3646 5364 doli
3676 5329 3792 5368 esse

548 5407 626 5444 res
661 5392 735 5443 ita
763 5410 816 5443 se
841 5394 1111 5462 haberent,
1145 5394 1212 5446 ad
1243 5394 1500 5462 Rhegium
1541 5394 1774 5460 pervenit
1804 5395 2111 5459 imperator,

548 5470 704 5528 atque
736 5462 854 5515 inde
886 5461 1085 5530 legatos
1113 5464 1180 5515 ad
1212 5461 1465 5518 seniorem
1495 5466 1675 5525 mittit,
1709 5472 1763 5514 ut
1795 5463 2111 5514 alterutrum

546 5531 642 5582 sibi
673 5533 1008 5602 concedatur,
1043 5543 1134 5586 aut
1159 5550 1250 5602 per
1275 5536 1515 5588 inducias
1544 5535 1807 5602 ingressus
1831 5533 1882 5583 in
1910 5531 2108 5590 urbem,

547 5609 636 5652 aut
663 5611 717 5652 ut
747 5600 1008 5670 aliquibus
1039 5621 1065 5655 e
1089 5600 1296 5667 senatu,
1327 5618 1390 5656 ex
1414 5603 1656 5655 Ecclesia:
1688 5601 2030 5666 principibus,
2061 5611 2109 5651 et

548 5671 799 5740 e‘populo
841 5674 1053 5726 eruditis
1077 5674 1145 5725 ad
1174 5690 1227 5726 se
1256 5673 1433 5740 egredi
1463 5672 1662 5731 liceret,
1691 5673 1780 5737 qui
1803 5687 1955 5722 suam
1987 5687 2109 5722 oru-

555 5737 746 5792 tionem
770 5741 1096 5813 imperatori,
1142 5751 1189 5795 et
1225 5737 1317 5796 toti
1345 5741 1602 5811 Byzantio
1644 5741 1950 5794 renuntiare
1985 5755 2109 5811 pos-

2200 5391 2489 5458 judicnret,
2529 5390 2620 5441 diu
2648 5387 2816 5449 siluit,
2855 5397 2963 5441 etc.

2282 5461 2392 5529 (72‘
2437 5458 2596 5528 Atqui
2629 5474 2793 5529 supra
2829 5472 2925 5529 per
2953 5458 3161 5525 legatos
3185 5453 3364 5529 egisse
3389 5451 3694 5529 dixit.__Sed
3727 5454 3786 5507 in

2211 5523 2312 5584 hac
2352 5523 2577 5583 historia
2627 5523 2788 5594 legati
2838 5523 3173 5589 mittuntur,
3215 5523 3307 5593 qui
3363 5523 3526 5594 simul
3567 5523 3786 5578 litteras

2208 5600 2480 5660 aderant,
2519 5610 2571 5652 et
2609 5593 2814 5651 conscii
2867 5611 3060 5649 eorum
3115 5609 3236 5663 qua:
3287 5593 3650 5663 scribuntur,
3712 5608 3779 5647 ea

2207 5679 2395 5792 postea
2435 5654 2551 5723 suis
2590 5666 2773 5722 verbis
2821 5654 3244 5736 prosequantur.
3285 5654 3402 5718 Non
3454 5663 3620 5732 igitur
3645 5671 3775 5718 sunt

2225 5740 2295 5792 iic
2337 5737 2655 5792 pugnantia.

2225 5756 2240 5793 l

2248 5740 2295 5795 ic
2335 5737 2655 5809 pugnantia.
