4136 6288
343 299 449 362 τω

1501 313 2038 380 IilS’I‘ORlARUM
2086 321 2308 382 LIBER
2351 325 2398 388 Ι.

3487 336 3591 401 310

347 413 528 480 σαφῶς
551 413 660 497 τῶν
703 417 1043 489 πραγμάτων
1093 421 1150 473 ἐν
1185 424 1871 498 πολλοίςοπαρασχομένων
1898 447 1913 463 ·

2028 435 2256 501 solvere,
2291 446 2347 492 et
2388 439 2455 493 ad
2499 455 2650 495 arma
2697 457 3077 513 prorumpere,
3128 445 3467 503 incredibilis
3503 465 3590 502 me

346 507 438 557 καὶ
467 506 549 558 ὅτι
571 507 670 574 τὴν
693 507 878 578 κοινὴν
893 511 1000 563 τῶν
1030 511 1314 582 Ῥωμαίων
1335 516 1704 586 εὐδαιμονίαν,
1728 521 1790 574 ού
1807 524 1918 575 τῶν

343 596 510 649 ὖντων
545 597 729 667 μόνον.
757 596 893 651 ἀλλὰ
933 602 1218 676 καὶιαύτῆς
1248 604 1391 674 ζωῆς
1424 606 1719 676 προθύμως
1752 611 1918 665 ἀλλα-

345 686 546 760 ξαίμην
569 690 653 744 ἄν.
680 691 728 743 Ν
734 691 820 744 υνὶ
839 692 893 745 δέ
923 710 982 746 σε
997 671 1141 759 δ’ρῶν
1165 694 1225 760 ὲξ
1249 671 1506 768 οὐδεμιῶς
1527 671 1704 765 αἰτίας
1729 702 1921 757 λύοντα

348 783 447 852 μὲν
478 783 576 846 τὰς
623 783 880 850 σπονδὰς,
925 784 1253 855 ὡρμημένον
1291 788 1346 841 δὲ
1381 790 1660 860 πολεμεῖν,
1712 794 1920 865 σφόδρα

351 875 448 946 μὲν
476 875 646 942 ἀλγῶ,
679 876 773 927 καὶ
803 877 1180 946 παραπλήσιον
1213 879 1445 934 θανάτου
1477 883 1576 945 τὰς
1608 887 1920 955 συμφορὰς.

347 965 404 1018 αἱ
443 966 862 1035 περιστήσονται
909 969 1216 1038 Ῥωμαίους
1255 975 1318 1024 ὲκ
1351 972 1443 1025 τοῦ
1485 975 1621 1044 πρὸς
1658 976 1920 1047 ἀλλήλους

350 1055 545 1108 ἐννοῶν
576 1055 840 1126 πολέμου.
869 1059 1068 1128 Δέομαι
1102 1060 1161 1114 δέ
1199 1078 1292 1115 σου
1324 1064 1399 1133 μὴ
1426 1066 1692 1128 τοιούτοις
1732 1073 1920 1134 κακοῖς

346 1146 474 1210 τοὺς
508 1147 783 1217 ὑπηκόους
812 1150 1206 1218 περιπεσόντας
1238 1155 1520 1223 περιϊδεῖν,
1557 1156 1691 1210 ἀλλὰ
1721 1159 1920 1227 στῆσαι

347 1241 447 1309 τὴν
484 1239 792 1310 συμφορὰν,
827 1241 1039 1311 βασιλεῖ
1066 1244 1142 1314 τῷ
1179 1245 1388 1315 ἐγγόνῳ
1419 1247 1796 1316 διαλλαγέντα,
1831 1253 1923 1304 ού-

344 1330 454 1396 δὲν,
485 1331 584 1384 ὅσα
614 1348 678 1400 γε
713 1333 812 1402 ἐμὲ
848 1335 1080 1401 εἰδέναι,
1107 1335 1230 1390 οὔτε
1261 1340 1318 1390 ὲν
1357 1343 1676 1412 πράγμασιν
1701 1343 1842 1396 οὔτε·
1861 1346 1922 1398 ὲν

346 1421 564 1489 λόγοις,
609 1424 733 1478 οὔτε
783 1427 1048 1497 πρότερον
1092 1434 1578 1503 προσκεκρουκὸτι,
1630 1434 1753 1490 οὔτε
1805 1438 1921 1494 νῦν.

299 1576 304 1584 ι
349 1511 519 1568 Οἶσθα
551 1515 607 1569 δὲ
638 1517 824 1586 σαφῶς
852 1519 926 1582 ὡς
955 1520 1105 1573 οὐδὲν
1133 1519 1254 1573 οὔτε
1283 1524 1578 1592 φθέγγεται
1604 1525 1728 1579 οὔτε
1755 1529 1926 1596 πράτ-

343 1622 452 1666 τει,
481 1608 555 1674 μὴ
589 1610 885 1674 συνειδότος
916 1613 1072 1682 ἐμοῦ,
1107 1613 1181 1682 μὴ
1211 1613 1274 1683 δὴ
1306 1616 1402 1677 τὰς
1425 1617 1792 1683 συκοφαντίας
1817 1617 1924 1670 τῶν

343 1697 433 1750 ἐπ’
463 1699 690 1769 ὀλέθρου
712 1701 989 1770 ἡδομένων
1013 1703 1088 1773 τῷ
1119 1704 1283 1774 κοινῷ
1312 1707 1411 1775 τῆς
1431 1709 1614 1774 κοινῆς
1638 1710 1923 1778 προθεῖναι

2021 525 2178 580 dolor
2207 530 2599 597 propemodum
2631 533 2927 600 exanimat,
2960 536 3401 591 considerantem
3438 539 3586 592 cala-

2025 613 2246 670 mitates
2275 631 2337 671 ac
2361 618 2630 683 miserias,
2663 636 2786 690 quae
2819 623 3089 678 Romanos
3120 634 3342 694 propter
3383 626 3582 680 bellum

2021 712 2265 757 vestrum
2301 721 2648 776 Oppressum:
2675 720 2824 764 sunt.
2849 709 2963 781 Ego
2987 726 3114 766 vero
3145 720 3196 765 te
3222 713 3476 774 obsecro,
3514 728 3584 766 ne

2026 796 2254 864 pepulos
2277 807 2400 852 tuos
2434 799 2600 853 tantis
2628 800 2876 857 cladibus
2903 804 3128 858 mactari
3162 803 3330 863 sinas.
3366 805 3596 861 malum-

2023 899 2130 951 que
2172 887 2462 942 imminens
2518 890 2828 958 reprimas,
2883 906 3008 946 cum
3073 904 3270 962 nepote
3309 894 3591 963 antiquam

2026 972 2280 1027 redactus
2324 975 2378 1028 in
2410 978 2760 1032 concordiam
2799 996 2812 1032 :
2846 982 2964 1050 qui,
2990 991 3252 1049 quantum
3293 983 3430 1036 mihi
3457 999 3593 1038 cons

2022 1072 2150 1128 stat,
2178 1078 2278 1118 nec
2309 1064 2474 1132 facto,
2505 1082 2607 1122 nec
2661 1069 2854 1133 verbo,
2909 1084 3089 1140 neque
3127 1071 3361 1140 pridem,
3416 1087 3594 1141 neque
3694 1086 3698 1090 ‘
3739 1069 3750 1080 “

2025 1173 2218 1212 recens
2251 1168 2302 1214 te
2332 1159 2584 1215 otl‘endit.
2613 1161 2729 1216 Nec
2759 1170 2814 1216 tu
2845 1163 3086 1232 ignoras,
3115 1179 3242 1217 eum
3289 1179 3375 1218 me
3416 1164 3595 1218 inscio

2025 1248 2163 1302 nihil
2198 1249 2285 1304 vel
2321 1249 2505 1304 dicere
2535 1251 2716 1306 solere
2748 1252 2830 1306 vel
2858 1253 3064 1308 facere.
3105 1254 3227 1309 Noli
3263 1256 3597 1308 obtrectato-

2025 1351 2146 1390 rum
2183 1335 2242 1391 in
2268 1339 2548 1393 communi
2598 1352 2749 1409 peste
2777 1341 3173 1394 exsultantium
3212 1344 3596 1410 sermunculos

2023 1429 2305 1484 communi
2358 1431 2518 1484 saluti
2545 1431 3022 1503 incolumitatique.
3047 1433 3343 1489 anteferre.
3375 1435 3497 1488 Noli
3526 1436 3592 1488 azl

2025 1533 2177 1571 arma
2212 1519 2579 1576 incitantibus
2610 1521 2718 1576 illis
2752 1537 2914 1577 aures
2951 1525 3400 1589 accommodare;
3427 1526 3596 1596 siquis

2026 1608 2150 1662 dem
2198 1611 2542 1685 experiundo
2581 1613 2750 1681 probe
2811 1613 3052 1683 didicisti
3103 1631 3199 1671 eos
3252 1617 3440 1672 conari
3473 1633 3596 1686 qua:

2029 1700 2143 1754 fieri
2179 1712 2488 1773 nequeunt,
2520 1714 2578 1758 et
2610 1721 2750 1760 onus
2765 1706 2958 1761 tollere
2980 1710 3126 1776 quod
3155 1724 3344 1762 eorum
3373 1709 3592 1764 humeri

345 1790 658 1860 σωτηρίαςο
695 1794 820 1862 μηδ’
855 1794 1036 1858 αὐτοῖς
1070 1797 1361 1866 πεισθῆναι
1395 1798 1528 1868 πρὸς
1573 1800 1634 1851 τὸ
1667 1803 1922 1867 πολεμεῖν

2028 1792 2300 1848 sustinere
2336 1794 2482 1848 haud
2541 1804 2790 1863 possunt.
2840 1797 3035 1866 Itaque
3083 1799 3130 1854 si
3182 1799 3383 1853 bellum
3418 1800 3597 1854 valere

343 1880 652 1947 ἐνάγονσιν,
687 1882 746 1946 ἐξ
773 1884 942 1952 αὐτῆς
973 1886 1072 1955 τῆς
1103 1883 1301 1956 πείρας
1335 1889 1576 1958 ἀκριϐῶς
1605 1890 1920 1960 δεδιδαγμέ-

344 1987 435 2030 νος
477 1971 553 2032 ὼς
596 1973 876 2035 ἀδυνάτοις
907 1976 1245 2046 ἐπιχειροῦσι
1267 2017 1283 2039 ,
1335 1980 1430 2032 καὶ
1462 1979 1627 2050 ἄχθος
1661 1978 1791 2052 ἆραι
1825 1987 1926 2052 τὴν

345 2061 581 2130 δύναμιν
609 2065 786 2118 αὐτῶν
817 2067 1089 2120 ἐθέλουσιν
1117 2069 1466 2140 ὑπερϐαἴνον.
1497 2074 1798 2127 Καταλύων
1823 2078 1924 2141 μὲν

347 2149 444 2206 οὖν
474 2153 566 2206 τὸν
599 2156 853 2224 πόλεμον,
887 2157 955 2210 τὰ
983 2158 1170 2212 δέοντα
1197 2160 1464 2233 βουλεύσῃ
1499 2166 1588 2217 κα.λ
1623 2165 1802 2234 σαυτῷ
1831 2167 1927 2220 καὶ

343 2244 477 2314 ἡμῖν
493 2262 507 2276 ·
525 2246 832 2301 τούναντίον
861 2249 916 2300 δὲ
945 2249 1131 2310 ποιῶν,
1154 2253 1252 2303 οὐκ
1282 2247 1399 2303 οἶδα
1423 2253 1704 2323 ὁποτέροις
1728 2255 1928 2322 μᾶλλον

343 2338 830 2408 ἀλυσιτελέστερον
897 2340 1180 2414 βουλεύσῃ.
1219 2344 1480 2406 Βασιλεὺς
1515 2347 1613 2414 μὲν
1651 2346 1744 2400 οὖν
1773 2349 1801 2400 ὀ
1835 2349 1926 2411 σὸς

343 2420 594 2489 ἔγγονος,
622 2421 746 2492 δίκῃ
774 2423 1088 2478 διαλύεσθαι
1114 2427 1183 2478 τὰ
1216 2426 1538 2497 ἐγκλήματα
1571 2430 1925 2497 προκαλεῖται

346 2513 444 2564 καὶ
477 2511 628 2580 παρὰ
659 2513 740 2565 σοὶ
768 2513 992 2584 δικαστῇ
1023 2531 1036 2544 ·
1061 2515 1089 2567 ὃ
1126 2517 1326 2578 πάντες
1355 2517 1420 2570 ἂν
1452 2517 1599 2588 αὐτῷ
1632 2524 1921 2590 συμφαῖεν,

344 2601 421 2666 ὡς
449 2603 632 2657 δικαία
665 2605 696 2673 ή
728 2603 969 2668 ἀξίωσις.
1013 2607 1082 2659 Ἢ
1114 2607 1173 2658 τό
1204 2623 1266 2674 γε
1300 2607 1582 2678 δεύτερον,
1620 2612 1668 2663 εί
1717 2613 1791 2680 μὴ
1827 2613 1923 2665 αὐ-

344 2697 438 2749 τόν
486 2713 568 2750 σοι
618 2697 757 2750 κατὰ
797 2699 1022 2769 γνώμην
1059 2699 1195 2770 πρὸς
1245 2700 1343 2769 τὴν
1386 2701 1543 2771 δίκην
1593 2704 1925 2774 ἀπαντῆσαι,

343 2788 462 2841 ἀλλ’
495 2789 658 2843 αὑτὸν
687 2789 787 2858 ἐμὲ
819 2792 956 2859 ὑπὲρ
986 2791 1094 2844 τῶν
1131 2792 1280 2862 αὐτῷ
1310 2793 1677 2863 διαφερόντων
1705 2795 1806 2854 τὰς
1836 2798 1925 2849 εύ-

347 2880 516 2944 ούνας
549 2885 866 2952 παρασχεῖν.
900 2884 959 2936 El
989 2883 1088 2952 μὲν
1115 2878 1208 2936 οὖν
1237 2885 1400 2938 αὑτὸν
1424 2884 1598 2944 ἐλθεῖν
1626 2887 1924 2954 κελεύσεις,

255 3017 266 3022 -
345 2973 656 3041 πέπεισμαι
705 2974 886 3042 σαφῶς
913 2976 986 3036 ὡς
1016 2975 1204 3044 ὀφθεὶς
1256 2975 1434 3044 μόνον,
1467 2977 1737 3047 ἀραχνίων
1769 2981 1926 3031 ἱστῶν

348 3063 754 3133 ἀδρανεστέρας
779 3065 1050 3129 ἀποδείξει
1072 3068 1167 3126 τὰς
1195 3067 1579 3133 συκοφαντίας.
1613 3069 1673 3119 Εἰ
1693 3067 1750 3120 δὲ
1772 3071 1829 3120 τό
1864 3085 1925 3136 γε

2021 1882 2279 1951 jusseris,
2313 1879 2419 1938 tibi
2447 1885 2720 1956 nobisque
2747 1888 3115 1944 consulueris.
3155 1888 3212 1943 Si
3249 1905 3407 1944 secus
3434 1891 3595 1954 faxis,

2027 1972 2196 2038 dcte,
2231 1988 2299 2026 an
2323 1975 2390 2026 de
2425 1975 2586 2030 nobis
2620 1975 2776 2045 pejus
2810 1991 3079 2035 mereare.
3105 1979 3360 2047 equidem
3387 1981 3593 2037 nescio.

2026 2062 2210 2132 Nepos
2237 2065 2404 2134 igitur
2436 2074 2564 2119 tuus
2593 2066 2660 2120 ad
2701 2066 2972 2136 judicium
3012 2078 3294 2138 provocat.
3331 2079 3596 2140 tuumque

2027 2156 2268 2210 tribunal
2318 2157 2552 2224 appellat
2589 2173 2602 2210 :
2635 2157 2794 2227 cujus
2843 2159 3169 2230 petitionem
3210 2174 3333 2215 esse
3379 2161 3588 2230 justam

2029 2260 2188 2299 nemo
2219 2246 2460 2315 negabit.
2503 2245 2656 2313 Quod
2691 2248 2734 2302 si
2777 2247 2956 2317 ipsum
3001 2264 3101 2318 per
3148 2265 3208 2304 se
3239 2251 3292 2304 in
3325 2251 3594 2320 judicium

2027 2338 2216 2391 venire
2243 2353 2351 2390 non
2383 2339 2490 2402 vis,
2527 2347 2586 2391 ut
2619 2355 2649 2393 a
2686 2353 2773 2393 me
2823 2339 3067 2394 rationes
3115 2340 3266 2414 illius
3316 2357 3593 2412 reposcas,

2029 2438 2199 2498 rogat.
2237 2427 2290 2483 Si
2322 2443 2446 2483 eum
2492 2445 2591 2498 per
2629 2445 2686 2485 se
2737 2429 2858 2484 sisti
2893 2431 3156 2493 volueris,
3206 2431 3324 2486 solo
3370 2441 3593 2500 aspectu

2026 2522 2327 2575 calumnias
2345 2537 2668 2576 aranearum
2690 2523 2811 2577 telis
2837 2522 3189 2577 invalidiores
3215 2533 3590 2586 ostensurum,

2028 2611 2163 2666 nihil
2206 2612 2424 2682 penitus
2457 2612 2674 2669 dubito.
2741 2613 2858 2679 Sin,
2902 2613 3049 2683 quod
3111 2614 3240 2668 huic
3284 2615 3592 2683 proximum

2027 2712 2200 2771 optat,
2230 2704 2421 2757 saltem
2451 2719 2559 2768 me,
2595 2719 2781 2774 spero,
2840 2721 2951 2759 non
2983 2706 3161 2760 solum
3195 2705 3330 2759 nihil
3370 2706 3595 2761 sceleris

2027 2794 2247 2860 fecisse,
2281 2797 2374 2850 sed
2400 2795 2564 2850 etiam
2599 2796 2676 2850 tui
2713 2805 2772 2851 ut
2802 2798 3043 2867 parentis
3073 2812 3289 2866 semper
3319 2807 3590 2852 amantem

2029 2883 2219 2944 fuisse.
2258 2884 2496 2938 debitam
2555 2886 2650 2939 tibi
2705 2886 3074 2940 reverentiam
3107 2887 3593 2954 obedientiamth

2030 2975 2350 3043 praestitisse.
2413 2975 2466 3028 in
2531 2976 2810 3039 erunibus,
2859 2992 2945 3030 me
2987 2977 3402 3046 patefacturum.
3447 2978 3502 3032 Si
3537 2989 3592 3032 tu

2032 3075 2319 3132 utramque
2379 3065 2778 3130 conditionem,
2819 3082 2850 3119 a
2886 3067 3338 3121 criminatoribus
3382 3083 3592 3135 praeoc-

345 3153 627 3224 δεύτερον,
653 3157 776 3223 ἐμὲ,
809 3155 1012 3219 ἐλπίζω
1041 3158 1134 3208 καὶ
1165 3156 1326 3218 αὐτὸς
1355 3158 1412 3210 οὐ
1447 3159 1606 3225 μόνον
1631 3160 1781 3212 οὐδὲν
1810 3162 1922 3230 ἠδι-

2028 3163 2254 3221 cupatns
2279 3153 2533 3208 videlicet
2589 3154 2893 3209 contemnis
2923 3195 2937 3219 ,
2977 3155 3120 3209 Deus
3159 3163 3336 3208 tamen
3375 3169 3474 3208 nos
3507 3155 3594 3208 in-

346 3245 580 3317 κηκότα,
608 3245 742 3299 ἀλλὰ
768 3247 860 3299 καὶ
895 3247 1252 3318 φιλοπάτορα,
1283 3251 1378 3300 καὶ
1411 3249 1506 3321 τὴν
1541 3252 1920 3320 προσήκουσαν

345 3335 486 3388 αἰδῶ
540 3337 635 3389 καὶ
673 3338 980 3391 εὐπείθειαν
1030 3344 1190 3408 μέχρι
1247 3341 1449 3403 παντὸς
1491 3341 1928 3410 ἐπιδεδειγμένον

342 3426 677 3492 ἀποδείξειν.
715 3429 780 3482 El
810 3429 856 3482 δ’
885 3431 1211 3500 ἀμφοτέρων
1238 3430 1442 3484 τούτων
1469 3433 1924 3502 καταφρονήσεις,

345 3505 598 3578 πεισθεὶς
642 3518 752 3578 τοῖς
795 3518 1245 3586 συκοφαντοῦσιν,
1282 3519 1442 3588 ’ἡμᾶς
1487 3519 1586 3588 μὲν
1620 3521 1647 3572 ὁ
1681 3519 1813 3582 Θεὸς
1843 3497 1928 3572 ἱού

344 3607 674 3677 περιόψεται
699 3608 1106 3679 ἀδικουμένους.
1143 3609 1300 3679 Ὑμῖν
1317 3610 1372 3662 δὲ
1395 3611 1516 3663 ὅποι
1538 3609 1605 3663 τὰ
1627 3612 1930 3680 πράγματα.

2028 3244 2187 3316 digne
2215 3245 2430 3298 habitos
2457 3260 2563 3298 non
2597 3245 3066 3311 contemnet.Quo
3094 3261 3261 3314 porro
3290 3263 3384 3300 res
3406 3255 3591 3301 vestra

2025 3353 2251 3391 evasura
2293 3338 2383 3401 sit,
2423 3335 2584 3391 silere
2625 3345 2882 3405 pnes-tat;
2921 3338 3265 3406 experientia:
3302 3338 3592 3392 manifeste

2027 3426 2261 3482 docebit.
2303 3425 2574 3480 Caeterum
2608 3426 2706 3481 has
2735 3427 2946 3481 litteras
2980 3442 3131 3481 meas
3159 3437 3274 3481 tuto
3321 3427 3591 3482 εδει-Πανί

2030 3534 2186 3587 rogo,
2227 3517 2401 3572 donec
2450 3532 2517 3570 ex
2559 3518 2772 3572 eventis
2817 3519 3150 3583 constiterit,
3183 3518 3382 3589 ecquid
3414 3518 3594 3573 bonus

2030 3608 2379 3663 consiliarius
2411 3609 2632 3662 fuerim.

346 3706 691 3771 τελευτήσει,
729 3703 851 3773 ἐμοὶ
884 3704 982 3773 μὲν
1026 3705 1249 3773 ἄμεινον
1276 3707 1505 3776 σιωπᾷ-ι,
1549 3707 1582 3776 ἡ
1615 3708 1776 3776 πεῖρα.
1801 3705 1855 3758 δὲ
1883 3703 2086 3770 διδάξει
2119 3703 2324 3771 σαφῶς.
2363 3702 2505 3772 Πλὴν
2534 3704 2600 3756 τὰ
2629 3701 2873 3772 παρόντα
2915 3719 3004 3769 μοι
3068 3701 3372 3772 γράμματα.
3406 3703 3593 3772 mpsi-

345 3795 476 3850 σθαι
533 3795 722 3864 δέομαι
757 3797 816 3849 ὲν
851 3796 1081 3865 ἀσφαλεί
1106 3838 1120 3862 ,
1151 3799 1299 3860 ὅπως
1361 3799 1424 3849 ὲκ
1477 3798 1584 3849 τῶν
1624 3796 2076 3867 ἀποϐησομένων,
2112 3797 2159 3849 εἰ
2194 3795 2392 3863 ἀγαθὸς
2425 3795 2729 3866 σύμϐουλος
2761 3794 2890 3862 ἐγὼ,
2925 3799 3089 3866 φανῇ.

1660 3911 1822 3982 133
1857 3911 2080 3968 CAPUT
2120 3910 2308 3964 xm.

345 4000 623 4071 Responso
653 4003 738 4056 avi
765 4003 1117 4056 contristatur
1157 4019 1333 4072 nepos.
1365 3999 1696 4057 Patriarclta:
1742 4003 2106 4057 calamitatem
2143 4018 2297 4056 suam
2345 4016 2438 4068 per
2471 4000 2688 4072 litteras
2716 4002 2962 4066 exponit;
2990 3999 3103 4072 ejus
3129 4002 3595 4072 _etepisc0porum

419 4090 580 4142 opem
631 4073 699 4125 ad
729 4073 1117 4126 conciliandum
1170 4089 1354 4142 pacem
1408 4073 1679 4139 implorat.
1723 4073 1952 4126 Faciunt
2005 4073 2087 4124 illi
2135 4075 2269 4142 quod
2316 4075 2593 4142 rogantur.

2651 4067 2889 4131 Quatuor
2945 4077 2992 4120 ct
3037 4070 3218 4136 viginti
3261 4067 3594 4122 diuersorum

422 4138 679 4195 ordinum
732 4143 798 4194 ad
849 4159 967 4195 eum
1025 4138 1328 4212 mittuntur,
1362 4160 1392 4194 a
1443 4138 1627 4211 quibus
1666 4143 1789 4210 quid
1835 4143 1879 4195 ei
1927 4138 2208 4212 objiciatur
2245 4139 2531 4208 intelligat,
2579 4138 2772 4206 quique
2817 4139 3226 4190 controversiam
3283 4140 3593 4209 dijutticcut.

419 4212 856 4280 Are/tiepiscopus
887 4227 990 4281 quo
1013 4211 1122 4278 ﬁne
1155 4212 1460 4265 advenerim
1498 4212 1712 4265 edictat.

418 4325 486 4377 Οἱ
537 4323 638 4392 μὲν
669 4318 761 4376 οὖν
809 4324 1046 4376 τοιαύτα-
1080 4323 1158 4395 τῷ
1202 4323 1560 4395 πρεσϐυτέρῳ
1607 4321 1926 4376 ἐπέστελλον

2103 4319 2224 4375 Haec
2247 4319 2408 4374 ambo
2427 4319 2493 4374 ad
2526 4319 2908 4388 imperatorem
2935 4321 3211 4372 seniorem
3230 4319 3593 4388 scripserunt,

350 4415 593 4486 β.σιλεῖ,
628 4415 659 4467 ὁ
687 4417 763 4478 δὲ,
785 4417 853 4468 τὰ
883 4416 1190 4486 γράμματα
1219 4417 1504 4482 ἀναγνοὺς.
1523 4415 1675 4467 οὐδὲν
1703 4415 1937 4485 ἀπεκρί-

349 4522 488 4558 νατο
541 4504 729 4569 πλέον,
787 4504 820 4574 ἦ
872 4505 948 4568 ὼς
989 4506 1048 4557 οὐ
1105 4506 1289 4575 ῥᾴδιον
1341 4505 1437 4558 ἐπὶ
1490 4503 1616 4574 δίκῃ
1659 4501 1783 4555 οὗτε
1843 4503 1936 4555 τὸν

349 4597 602 4664 ἔγγονον,
643 4595 767 4649 οὔτε
815 4586 907 4649 τὸν
938 4597 1382 4666 Καντακουζηνον
1428 4599 1486 4649 ὲν
1527 4594 1803 4665 Βυζαντίῳ
1844 4595 1934 4647 δέ-

356 4687 595 4755 xsabat.
616 4685 879 4750 Βασιλεὺς
913 4688 968 4739 δὲ
1001 4689 1029 4740 ὁ
1077 4688 1194 4750 νέος
1249 4689 1485 4751 ἀκούσας
1527 4688 1626 4759 τὴν
1673 4687 1936 4757 βασιλέως

349 4781 654 4852 ἀπόκρισιν
676 4821 690 4845 ,
722 4780 926 4849 ἤλγησε
964 4781 1061 4849 μὲν
1088 4781 1330 4851 σφοδρῶς
1365 4781 1448 4850 ἐφ’
1487 4775 1570 4844 οἷς
1607 4778 1752 4833 οὕτω
1781 4779 1936 4850 παρὰ

353 4871 547 4924 πάντα
584 4871 795 4925 δικαίου
837 4872 994 4940 λόγον
1028 4873 1123 4926 καὶ
1155 4873 1324 4942 αὐτῆς
1360 4874 1574 4944 εἴργετο
1603 4872 1934 4941 ἀπολογίας,

353 4961 750 5032 ἀπαγορεύσας
791 4964 848 5016 δὲ
887 4965 950 5016 τὸ
995 4965 1218 5034 βασιλέα
1260 4965 1466 5018 πείθειν
1492 4966 1810 5035 ἐπιχειρεῖν,
1858 4963 1938 5033 τῷ

355 5055 685 5127 πατριάρχῃ
707 5055 911 5125 γράφει
935 5056 1158 5109 τοιαῦτα
1177 5074 1191 5088 ·
1216 5057 1457 5108 Δέσποτα
1481 5055 1818 5126 πατριάρχα,
1846 5053 1942 5108 καὶ

354 5147 391 5215 ἡ
425 5145 562 5217 περὶ
589 5147 752 5200 αὐτὸν
784 5145 904 5200 θεία
934 5147 1152 5210 σύνοδος
1187 5147 1280 5200 καὶ
1311 5147 1448 5215 ἱερὰ,
1480 5147 1591 5199 ῖστε
1624 5146 1812 5215 σαφῶς
1843 5147 1943 5199 ὅσα

356 5237 636 5311 βασιλέως
688 5238 894 5311 μεταξὺ
934 5241 1029 5294 καὶ
1068 5238 1204 5310 ὲμοῦ
1256 5239 1360 5310 πρὸ
1388 5239 1579 5310 χρόνου
1623 5237 1943 5310 συμϐέϐηκέ

2030 4415 2230 4483 quibus
2257 4411 2346 4467 ille
2377 4413 2631 4482 perlectis
2655 4453 2670 4475 ,
2699 4411 2847 4476 aliud
2897 4425 3004 4465 non
3056 4410 3359 4478 respondit,
3402 4426 3592 4480 quam.

2031 4504 2255 4559 difficile
2285 4519 2406 4558 esse
2450 4505 2531 4558 vel
2575 4515 2869 4574 nepotem,
2903 4504 2987 4558 vel
3036 4502 3482 4557 Cantacuzenum
3531 4503 3598 4556 ad

2029 4611 2252 4650 causam
2278 4597 2562 4651 dicendam
2589 4595 3107 4665 Constantinopolin
3141 4594 3430 4669 admittere
3460 4595 3596 4664 (75?.

2031 4688 2109 4741 Ex
2143 4704 2252 4757 quo
2289 4703 2551 4757 responso
2579 4688 2766 4758 junior
2794 4701 3050 4756 magnum
3083 4686 3330 4740 dolorem
3360 4687 3598 4753 accepit,

2030 4793 2155 4832 eum
2189 4793 2248 4832 se
2279 4788 2477 4848 praeter
2501 4794 2664 4833 omne
2687 4779 2778 4849 jus
2805 4777 2996 4847 [usque
3025 4776 3350 4832 defensione
3379 4777 3600 4830 excludi

2031 4879 2320 4924 cerneret:
2353 4855 2639 4940 fessusque
2695 4870 2986 4925 conatibus
3034 4869 3101 4924 ad
3154 4870 3600 4940 persuadendum

2033 4961 2222 5025 irritis,
2257 4961 2582 5030 patriarchae
2625 4961 2822 5016 scribit
2855 4962 2960 5016 hoc
2987 4961 3238 5031 exemplo
3270 4976 3285 5014 :
3322 4959 3440 5014 Non
3473 4971 3605 5014 sunt

2034 5050 2280 5104 inaudita
2317 5051 2493 5115 vobis,
2529 5051 2750 5107 domine
2788 5051 3128 5122 patriarcha,
3159 5061 3216 5104 et
3245 5051 3342 5120 qui
3373 5065 3498 5104 cum
3532 5066 3600 5103 eo

2034 5142 2172 5197 estis
2197 5143 2535 5198 sacrosancti
2580 5143 2823 5212 episcopi
2850 5185 2866 5208 ,
2922 5157 3277 5213 quaecunque
3333 5142 3477 5196 inter
3518 5155 3605 5193 me

2036 5250 2312 5305 avumque
2344 5250 2523 5290 meum
2553 5275 2569 5301 ,
2611 5235 2755 5290 haud
2789 5235 2861 5289 ita
2911 5234 3123 5306 pridem
3145 5273 3161 5300 ,
3196 5233 3436 5304 peccatis
3463 5231 3603 5284 meis

1609 5371 1826 5435 Jacobi
1849 5373 2117 5436 Pontani
2151 5381 2334 5434 notae.

429 5497 557 5618 (75)
580 5497 813 5554 Causam
838 5499 1021 5554 .all‘ert
1058 5501 1326 5583 Gregoras
1389 5517 1403 5553 ι
1437 5499 1627 5581 senior
1653 5515 1805 5581 Orum
1867 5516 1930 5554 ea

429 5574 519 5618 stu
553 5577 639 5618 ata
665 5569 821 5618 nlena
846 5584 958 5618 esse
980 5570 1086 5618 doli
1116 5572 1394 5618 iudicaret.
1428 5571 1514 5618 dm
1540 5569 1707 5618 siluit.
1757 5585 1929 5618 aecum

355 5569 639 5636 postulata
663 5569 821 5636 plena
846 5584 958 5622 esse
980 5570 1088 5623 doli
1107 5569 1394 5636 judicaret.
1428 5571 1514 5622 diu
1540 5569 1707 5628 siluit,
1757 5585 1929 5623 aecum

285 5641 296 5664 "
356 5637 694 5709 deliberans.
718 5645 895 5690 utrum
919 5650 1211 5709 prtestaret.
1258 5639 1399 5693 Nam
1439 5640 1636 5708 trapetis
1674 5639 1730 5690 in
1753 5641 1930 5691 urbem

357 5705 670 5776 ingressum
707 5705 1078 5780 perniciosum,
1106 5725 1198 5764 nec
1219 5705 1545 5764 incruentum
1589 5709 1735 5776 fore;
1773 5724 1932 5765 vara-

2035 5511 2112 5554 τοι
2173 5499 2308 5551 enim
2358 5496 2664 5566 Byzantios,
2705 5503 2762 5548 ut
2805 5495 2874 5546 ad
2917 5493 3072 5547 illum
3105 5492 3380 5568 deﬁciant,
3422 5490 3605 5568 statim

2037 5573 2182 5624 intra
2217 5562 2784 5631 portas'conspectum,
2826 5574 2873 5614 et
2909 5579 2964 5615 se
2997 5579 3090 5626 per
3118 5562 3411 5613 cruciatum
3441 5575 3468 5612 ε
3495 5562 3610 5610 vita

2040 5638 2250 5690 tollant.
2305 5633 2369 5687 Et
2433 5634 2803 5704 Byzantiorum
2864 5634 2932 5684 ad
2983 5631 3138 5684 illum
3193 5646 3457 5700 egressum
3506 5645 3612 5680 non

2039 5710 2149 5762 sine
2177 5707 2430 5761 seditione
2459 5708 2592 5774 fore,
2628 5714 2735 5760 etc.
