4136 6288
482 281 577 344 311

1683 283 2008 346 JOANNIS
2044 285 2569 346 CANTACUZENI

3645 278 3750 342 3i?

484 395 715 445 fortasse
752 391 803 447 id
833 393 1206 462 exigentibus,
1251 396 1625 465 contigerunt.
1658 396 1787 462 Qua
1819 397 2058 450 omnium

2171 415 2350 464 τινος,
2383 399 2471 452 διὰ
2504 399 2602 462 τὰς
2647 400 2921 469 ἁμαρτίας
2959 399 3124 467 φαίην
3159 394 3224 449 ἂν
3251 393 3424 462 ἔγωγε
3453 391 3552 457 τὰς
3591 396 3750 464 ὲμά.·.

484 496 670 539 rerum
706 483 928 551 sapiens
977 486 1291 540 moderator
1355 487 1500 542 Deus
1539 487 1698 542 facile
1746 487 2055 557 dissipavit,

481 575 950 645 concordiamque
992 593 1264 632 summam
1319 579 1554 649 largitus
1602 589 1708 634 est.
1764 578 1900 634 Cum
1943 579 2058 649 jam

481 667 710 724 remotis
744 684 774 724 e
806 670 990 724 medio
1017 670 1319 726 obstaculis
1379 672 1902 742 impedimentisque
1943 687 2061 725 om-

482 759 650 813 nibus
685 760 1140 830 tranquillissima
1175 764 1362 832 quiete
1392 765 1728 828 lrueremur,
1764 764 1889 818 belli
1920 764 2058 818 civi-

483 853 552 905 lis
587 853 743 906 obliti
782 852 1052 918 t‘uuditus,
1106 857 1405 926 derepente
1448 866 1635 911 vastus
1686 857 1910 927 quidam
1959 857 2060 910 ﬂu-

480 955 604 997 ctus
643 957 698 997 et
731 945 1048 1000 turbulenta
1087 955 1386 1012 tempestas
1423 947 1632 1002 exstitit
1657 989 1670 1007 ,
1709 964 1830 1017 qua:
1860 949 2063 1002 Roma-

481 1051 612 1089 num
656 1037 945 1105 imperium
982 1039 1132 1092 velut
1166 1039 1348 1093 navim
1392 1039 1505 1110 (74)
1547 1055 1671 1095 cum
1704 1039 1836 1109 ipsis
1867 1048 2058 1094 vecto-

481 1126 635 1180 ribus
671 1143 1108 1186 summersuram
1140 1147 1198 1186 se
1230 1132 1557 1187 minaretur.
1610 1134 1688 1188 Ac
1718 1134 1881 1188 nobis
1911 1132 2058 1188 idem

479 1220 626 1286 quod
658 1223 879 1292 aegrotis
909 1225 1188 1280 usuvenit.
1223 1226 1302 1280 Illi
1329 1242 1565 1296 namque
1592 1227 1644 1280 in
1672 1228 1852 1299 primo
1881 1226 2055 1281 morbi

479 1326 743 1374 accessu.
792 1317 1148 1383 quantumvis
1195 1317 1410 1386 rapido,
1461 1327 1718 1388 potenter
1766 1320 2056 1376 resistunt.

483 1403 578 1456 Sin
614 1416 896 1460 recreatos
946 1406 1144 1461 iterum
1202 1407 1345 1464 forte
1385 1425 1449 1464 ac
1485 1411 1707 1465 tertium
1750 1412 2057 1480 occuparit,

479 1494 699 1549 viribus
723 1497 831 1566 jam
867 1498 1190 1555 debilitatos
1239 1501 1532 1557 inveniens
1560 1544 1574 1568 ,
1613 1506 1726 1558 cito
1775 1503 2058 1558 interﬁcit.

485 1587 576 1641 Sic
614 1603 714 1642 nos
743 1591 1127 1657 superioribus
1157 1593 1318 1648 bellis
1358 1594 1659 1656 civilibus,
1701 1603 1757 1648 et
1793 1593 2057 1657 externis,

480 1696 602 1747 quae
633 1681 864 1737 Barbari
904 1683 1213 1738 intulerunt
1243 1728 1258 1752 ,
1317 1687 1720 1755 propemodum
1775 1686 2013 1741 conlecti
2041 1725 2055 1749 ,

482 1776 750 1831 adversus
787 1780 1070 1846 surgentia
1109 1780 1248 1834 mala
1276 1797 1345 1836 ne
1376 1782 1570 1836 oculos
1603 1781 1827 1850 quidem
1864 1781 2057 1836 tollere

482 1868 829 1932 poterimus,
874 1871 966 1924 sed
1011 1871 1218 1926 mutuis
1271 1873 1514 1927 caedibus
1562 1873 1889 1942 peribimus.
1927 1872 2060 1936 Qua:

480 1965 666 2017 omnia
723 1981 846 2020 cum
879 1976 936 2020 et
981 1968 1098 2036 ipse
1147 1970 1580 2024 animadvertam
1605 2012 1618 2034 ,
1647 1979 1717 2026 ‘et
1749 1971 2056 2042 periculum

483 2071 590 2109 non
639 2057 913 2125 privatum
969 2060 1134 2130 (esset
1189 2063 1336 2116 enim
1389 2063 1444 2117 id
1492 2063 1828 2133 ferendum),
1870 2077 2057 2117 verum

483 2149 761 2216 publicum
797 2151 1143 2207 considerem
1173 2194 1185 2214 .
1221 2155 1330 2225 jam
1380 2155 1779 2224 sexagesimum
1829 2155 2059 2209 omnino

479 2241 625 2294 diem
651 2282 665 2301 .
707 2251 768 2296 ut
815 2245 988 2299 nosds
1017 2285 1030 2307 ,
1075 2260 1244 2315 prope
1295 2246 1566 2316 Rhegium
1623 2247 1791 2302 scdco
1818 2290 1831 2310 ,
1872 2247 2059 2317 quoti-

479 2334 659 2387 dianis
701 2336 984 2403 precibus,
1026 2355 1130 2408 qua
1157 2355 1254 2408 par
1280 2352 1364 2394 est
1384 2341 1718 2402 reverentia,
1765 2340 2055 2405 modes=ia,

479 2435 536 2478 et
588 2427 956 2496 subiectione,
998 2431 1218 2486 veniam
1259 2431 1328 2486 ab
1367 2432 1700 2502 imperatore
1769 2433 2054 2504 ﬂagitans,

479 2519 695 2571 tametsi
743 2520 880 2573 nihil
921 2523 1048 2576 mall
1081 2522 1343 2578 facinoris
1386 2525 1439 2578 in
1483 2541 1567 2579 me
1619 2526 1862 2595 reperio,
1904 2525 2054 2595 quod

477 2609 598 2677 ejus
639 2611 715 2664 ira
755 2612 980 2682 dignum
1006 2615 1095 2669 sit.
1131 2616 1431 2682 Postquam
1467 2633 1598 2670 vero
1637 2618 1866 2670 multum
1903 2618 2057 2671 labo-

479 2715 596 2754 rem
637 2701 840 2756 lruslra
871 2705 1212 2774 consumpsi,
1238 2707 1344 2760 alia
1373 2715 1634 2775 expertus
1661 2723 1780 2761 sum
1813 2711 1923 2770 via,
1970 2725 2056 2762 ro-

476 2805 634 2859 gans,
679 2803 737 2846 ut
769 2792 905 2846 mihi
933 2776 1058 2848 cum
1087 2794 1435 2864 paucissimis
1457 2797 1511 2850 in
1538 2798 1658 2866 ejus
1696 2807 2055 2864 conspectum

477 2882 694 2950 venire,
715 2883 874 2954 139
892 2883 1211 2956 ibidemque
1227 2886 1554 2942 criminibus
1575 2889 1910 2957 respondere
1929 2889 2058 2943 lice-

478 2986 562 3029 ret
587 2993 601 3030 :
631 2986 724 3030 aut
750 2976 793 3030 si
826 2976 877 3030 id
901 2994 1006 3030 non
1028 2979 1286 3046 placeret.
1317 2994 1544 3048 magnus
1571 2977 1907 3033 domesticus
1934 2996 2056 3035 meo

2163 493 2347 546 Ταῦτα
2381 493 2478 564 μὲν
2510 488 2604 546 οῦν
2635 494 2662 547 6
2692 493 2869 546 πάντα
2904 491 3083 560 σοφῶς
3121 487 3450 558 οἰκονομῶν.
3481 486 3616 548 Θεὸς
3670 487 3750 539 δι-

2163 585 2323 640 έλυσέ
2339 603 2396 640 τε
2418 586 2638 658 ῥᾳδίως,
2657 585 2749 638 καὶ
2765 583 2988 654 βαθεῖαν
3010 583 3346 652 ἐχορήγησεν
3364 579 3751 650 εἰρήνηνῖυτι

2159 679 2216 733 δέ
2236 661 2425 734 ’πάντα
2455 679 2524 732 τὰ
2553 682 2610 732 ἐν
2643 678 2795 748 μέσω
2823 676 3005 730 σκῶλα
3033 676 3128 729 καὶ
3155 674 3561 745 προσκόμματα
3590 687 3749 740 περι-

2164 770 2361 844 ῃρέθη,
2392 772 2486 826 καὶ
2523 770 2744 841 βαθείας
2793 767 3138 836 ἀπελαύομεν
3181 767 3447 837 γαλήνης,
3478 764 3588 818 οὐδ’
3618 763 3748 836 ἄχρι

2159 865 2427 935 λογισμοῦ
2461 863 2729 935 ἐμφυλίου
2761 863 2890 932 πέρι
2925 861 3091 932 μηδὲν
3120 860 3363 929 πολέμου
3397 857 3747 922 ἐννοοῦντες,

2161 956 2430 1025 αἰφνίδιον
2478 955 2687 1026 ἀνερῤά
2701 973 2762 1024 γη
2797 953 3002 1007 κλύδων
3033 951 3228 1022 βαρὺς,
3264 951 3358 1003 καὶ
3389 948 3601 1020 χαλεπὴ
3626 964 3749 1016 τρια

2163 1051 2336 1120 κυμία
2362 1049 2460 1119 τὴν
2493 1027 2781 1118 Ῥωμαίων
2804 1046 3096 1113 ἄντανδρον
3121 1043 3421 1114 ἡγεμονίαν
3445 1038 3746 1096 ἀπειλοῦσα

2162 1141 2491 1206 καταδύειν,
2542 1142 2635 1194 καὶ
2694 1138 3012 1209 συμϐέϐηκέ
3070 1155 3121 1190 τι
3181 1135 3566 1209 παραπλήσιον
3617 1133 3748 1203 ἡμῖν

2161 1233 2352 1301 ὥσπερ
2381 1233 2472 1284 καὶ
2503 1232 2614 1292 τοῖς
2648 1227 2917 1283 νοσοῦσιν.
2966 1227 3197 1281 Ἐκεῖνοί
3233 1244 3291 1280 τε
3327 1225 3438 1295 γὰρ
3473 1222 3610 1276 κατά
3651 1221 3748 1292 μὲν

2160 1325 2258 1396 τὴν
2288 1323 2512 1394 πρώτην
2547 1322 2780 1391 μάλιστα
2807 1321 2906 1390 τῆς
2933 1320 3088 1373 νόσου
3109 1317 3440 1391 προσϐολὴν,
3471 1315 3574 1370 κάν
3613 1331 3745 1383 σφο-

2161 1417 2263 1486 δρά
2290 1418 2428 1487 τύχῃ
2470 1411 2602 1469 οὖσα
2633 1413 2865 1485 χαλεπὴ,
2908 1412 3228 1481 ἀντέχουσιν
3277 1408 3513 1478 ἰσχυρῶς
3538 1425 3553 1441 ο
3596 1407 3661 1460 ἂν
3690 1406 3746 1459 δὲ

2164 1510 2384 1581 ραἲσασι
2414 1507 2678 1578 ξδεύτερον
2728 1501 2884 1567 αὖθις
2938 1504 2971 1574 ἢ
3021 1503 3115 1556 καὶ
3162 1502 3345 1571 τρίτον
3390 1499 3668 1568 ἐπίθηται,
3699 1499 3746 1550 εί

2161 1605 2348 1672 τύχοι,
2408 1599 2822 1667 ἀσθενεστέροις
2873 1593 3278 1665 περιτυχοῦσα,
3342 1589 3744 1660 κατεργάζεται

2099 1741 2138 1792 Β
2171 1693 2368 1765 ῥᾳδίως
2395 1692 2522 1753 τοὺς
2549 1688 2903 1758 ἀνθρώπους·
2929 1689 3022 1740 καὶ
3045 1687 3176 1755 ἡμῖν
3196 1684 3258 1736 τὸ
3281 1681 3412 1735 αὐτὸ
3431 1681 3744 1748 συμὸἐόηκε

2166 1785 2283 1839 νῦν.
2329 1782 2464 1837 ’Υπό
2495 1798 2548 1834 τε
2575 1783 2684 1851 γάρ
2709 1780 2818 1832 τῶν
2846 1780 3112 1848 πρότερον
3140 1775 3418 1845 ἐμφυλίων
3439 1773 3745 1842 γεγενημέ-

2165 1895 2270 1931 νων
2307 1875 2580 1944 πολέμων,
2609 1873 2702 1926 καὶ
2725 1872 2833 1925 τῶν
2872 1870 3072 1934 ἔξωθεν
3102 1870 3233 1938 ἡμῖν
3266 1867 3372 1920 ὑπὸ
3401 1866 3512 1918 τῶν
3546 1863 3746 1934 βαρϐά-

2171 1987 2280 2040 ρων
2312 1966 2715 2036 ἐπενεχθέντων
2740 1964 2817 2034 τῷ
2847 1963 3054 2016 πλείονι
3078 1958 3537 2030 κατειργασμένοι
3568 1957 3745 2026 μέρει,

2166 2063 2286 2116 ούδέ
2318 2063 2381 2115 ἄν
2409 2077 2462 2113 τι
2494 2057 2685 2129 βλέψαι
2729 2053 3073 2125 δυνησόμεθα
3113 2053 3248 2123 πρὸς
3294 2053 3360 2104 τὰ
3396 2050 3746 2118 ἀναφυόμενα

2167 2156 2334 2217 κακὰ,
2352 2153 2487 2206 ἀλλά
2498 2148 2985 2222 διαφθαρησόμεθα
3012 2145 3165 2199 αὐτοὶ
3187 2143 3279 2212 ὑφ’
3308 2142 3518 2196 ἑαυτῶν
3533 2158 3548 2171 ⁸
3567 2141 3634 2194 Ἀ
3645 2157 3747 2208 περ

2167 2243 2662 2316 ἀπανταξσυνορῶν
2711 2243 2808 2297 καὶ
2858 2242 3038 2306 αὐτὸς,
3089 2241 3182 2296 καὶ
3229 2238 3320 2290 τὸν
3352 2235 3598 2290 κίνδυνον
3649 2234 3749 2286 οὐκ

2166 2335 2409 2411 τδιοντ(ἦν
2425 2338 2533 2409 γὰρ
2560 2336 2626 2392 ἂν
2646 2334 2915 2401 ἀνεκτὸν),
2944 2332 3080 2386 ἀλλὰ
3103 2331 3284 2385 κοινὸν
3311 2329 3420 2382 τῶν
3460 2324 3749 2394 Ῥωμαίων

2164 2433 2424 2489 ἀπάντων
2478 2428 2608 2484 ὄντα
2651 2426 2840 2495 σαφῶς
2880 2424 3058 2494 ὁρῶν,
3113 2425 3170 2476 ἐν
3199 2421 3463 2492 ἐξήκοντα
3513 2419 3748 2490 ἡμέραις

2163 2525 2263 2597 ἤδη
2314 2523 2551 2592 μάλιστα
2589 2520 2721 2588 περὶ
2769 2519 2992 2590 Ῥήγιον
3026 2516 3274 2588 κάθημαι
3298 2557 3311 2578 ,
3346 2514 3597 2583 καθάπερ
3633 2514 3745 2566 ἴστε

2166 2618 2260 2671 καὶ
2305 2614 2480 2680 αὐτοὶ,
2539 2612 2801 2684 βασιλέως
2849 2610 3103 2680 δεόμενος
3150 2608 3424 2678 ὁσημέραι
3466 2606 3604 2675 μετά
3650 2605 3746 2672 τῆς

2168 2709 2559 2780 προσηκούσης
2590 2703 2770 2768 αἰδοῦς
2805 2705 2929 2774 ἐμοὶ
2972 2703 3069 2756 καὶ
3110 2701 3463 2772 μετριότητος
3497 2701 3589 2750 καὶ
3625 2697 3746 2750 δου-

2163 2801 2336 2864 λείας,
2366 2798 2695 2868 συγγνώμης
2717 2798 2920 2866 τυχεῖν,
2947 2795 3188 2861 καίτδιγς
3227 2793 3392 2862 μηδὲν
3416 2789 3592 2859 ἐαυτῷ
3623 2806 3750 2841 συν-

2166 2895 2320 2955 ειδὼς
2348 2890 2521 2961 ὀργῆς
2549 2889 2696 2954 ἀξιον
2727 2887 3124 2958 πεπραγμένῳ.
3161 2884 3251 2947 Ὠς
3273 2885 3328 2937 δέ
3355 2883 3525 2937 πολλὰ
3555 2880 3748 2952 μοχθή-

2167 3005 2296 3052 σας,
2352 2985 2610 3055 εῦρισκον
2661 2983 2916 3051 οὐδεμίαν
2967 2979 3154 3047 ὄνησιν
3210 2979 3316 3032 ἀπὸ
3372 2977 3479 3030 τῶν
3535 2975 3743 3038 πόνων,

476 3069 698 3123 nomine
726 3069 867 3125 idem
899 3070 1140 3125 facturus
1165 3071 1390 3125 veniret.
1423 3072 1643 3139 Rejecta
1672 3083 1899 3142 utraque
1925 3089 2058 3126 cou-

2164 3077 2483 3149 ἐτραπόμην
2516 3074 2710 3144 ἑτέραν
2733 3090 2746 3103 ο
2778 3076 2914 3142 μετὰ
2943 3071 3137 3141 κομιδῇ
3169 3087 3328 3121 τινων
3363 3067 3745 3138 εύαριθμήτων

476 3163 632 3224 uitio,
666 3172 832 3235 atque
861 3167 934 3219 ita
976 3177 1166 3221 contra
1217 3167 1462 3220 omnium
1497 3166 1678 3236 legum
1707 3167 1852 3237 jura,
1898 3169 2055 3236 quasi

473 3255 693 3310 deserto
724 3254 1038 3309 vadimonio
1061 3295 1078 3319 ,
1126 3257 1412 3312 etindicta
1447 3272 1612 3312 causa
1647 3258 2053 3312 damnationem

477 3346 670 3401 subeo.
723 3346 888 3415 Atqui
937 3347 980 3403 si
1033 3363 1170 3402 avus
1221 3364 1410 3417 punias
1441 3359 1622 3404 certas
1657 3366 1754 3419 pro
1785 3350 2055 3405 arbitratu

477 3454 580 3492 suo
613 3439 852 3507 pendere
883 3454 970 3492 me
995 3439 1253 3508 jussisset
1279 3481 1291 3502 ,
1339 3455 1433 3508 pro
1464 3441 1532 3494 iis
1566 3456 1688 3511 qure
1743 3439 1876 3494 mihi
1906 3440 2060 3510 obje-

476 3539 717 3593 ctantur,
745 3546 855 3585 non
882 3547 1040 3600 aequo
1070 3543 1302 3597 tantum,
1331 3534 1422 3585 sed
1449 3532 1612 3586 etiam
1649 3532 2058 3602 promptissimo

477 3622 664 3676 animo
699 3623 1097 3691 pependissem.
1129 3623 1284 3678 Nunc
1311 3639 1434 3678 cum
1465 3625 1580 3693 ejus
1617 3624 1671 3677 in
1702 3639 1786 3677 me
1819 3623 2058 3678 furorem

480 3715 744 3770 Romanis
805 3715 1078 3770 universis
1139 3717 1463 3782 pestiferum
1518 3716 1633 3771 fore
1689 3715 2056 3786 praevidcam,

478 3822 652 3877 angor
682 3808 1194 3864 vehementissime.
1250 3807 1519 3874 Quocirca
1580 3808 1646 3862 ad
1709 3809 2058 3864 sanctitatem

479 3909 722 3957 vestram
756 3901 940 3957 scribo
966 3941 981 3967 ,
1002 3922 1010 3930 ·
1034 3916 1296 3973 rogoque,
1329 3903 1374 3956 si
1407 3916 1474 3956 ex
1508 3901 1618 3956 Deo
1648 3902 1802 3967 estis,
1843 3912 1902 3958 ut
1935 3903 2057 3972 paci

479 3994 925 4064 redintegrandaa
967 3995 1182 4050 navetis
1217 4009 1461 4064 operam.
1500 3993 1579 4049 Ne
1628 3995 1928 4064 permittite
1957 4011 2060 4052 nos

481 4096 842 4158 cognatorum
887 4087 1152 4156 sanguine
1206 4087 1465 4142 incestari
1496 4105 1510 4141 :
1543 4086 1636 4141 sed
1669 4087 2058 4156 imperatorem

479 4193 548 4233 eo
586 4189 920 4246 permovete,
958 4189 1017 4232 ut
1047 4187 1140 4231 aut
1177 4194 1264 4232 me
1297 4178 1428 4232 illuc
1461 4179 1525 4231 ad
1552 4193 1647 4232 vos
1675 4179 1970 4245 proﬁcisci,
2003 4187 2062 4233 et

483 4270 538 4322 in
594 4270 881 4337 praesentia
934 4279 1113 4324 vestra
1179 4286 1280 4339 pro
1339 4285 1425 4322 me
1449 4285 1669 4325 causam
1729 4284 1911 4334 orare,
1964 4280 2060 4324 aut

479 4361 639 4414 vobis
669 4362 776 4415 buc
813 4361 1074 4430 profectis
1103 4402 1118 4425 ,
1152 4362 1387 4429 idipsum
1439 4361 1527 4414 hic
1579 4361 1760 4415 facere
1787 4361 2058 4415 conceda-

2164 3171 2254 3222 ἐπὶ
2277 3169 2372 3222 τοῦ
2401 3167 2662 3237 βασιλέως
2695 3165 2866 3218 ἐλθεῖν
2892 3162 3076 3225 αἰτῶν,
3109 3163 3203 3215 καὶ
3228 3161 3365 3231 ὑπὲρ
3393 3153 3468 3213 ῶν
3488 3158 3746 3227 ἐγκαλοῦ-

2170 3279 2267 3331 μαι
2311 3259 2542 3322 εύθύνας
2592 3259 2768 3329 ταύτῃ
2824 3260 3165 3327 παρασχεῖνο
3219 3255 3252 3324 ἦ
3304 3257 3352 3307 εἰ
3402 3255 3538 3324 μηδέ
3585 3251 3745 3306 τοῦτο

2167 3356 2310 3409 κατὰ
2337 3356 2562 3424 γνώμην
2599 3352 2684 3421 εἴη
2713 3350 2942 3420 βασιλεῖ,
2979 3351 3069 3402 τὸν
3103 3349 3276 3418 μέγαν
3307 3349 3624 3417 δομέστικον
3657 3348 3744 3398 ὲλο

2167 3446 2363 3512 θόντα,
2409 3445 2548 3514 ὑπὲρ
2595 3441 2729 3512 ἐμοῦ
2781 3439 3190 3508 ἀπολογεῖσθαι.
3241 3439 3352 3493 Καὶ
3396 3439 3481 3492 ἐπ’
3516 3439 3744 3508 οὐδεμιᾷ

2167 3535 2466 3606 προκλήσει
2507 3529 2892 3602 εἰσηκούσθην,
2941 3528 3057 3582 ἀλλ’
3107 3529 3280 3592 οὕτως
3332 3529 3547 3600 ἐρήμην
3598 3526 3746 3595 παρὰ

2167 3627 2344 3678 πάντα
2375 3625 2464 3679 τοῦ
2490 3626 2696 3678 δικαίου
2719 3623 2884 3693 νόμον
2915 3621 3373 3692 καταδικάζομαι.
3418 3619 3562 3688 Ἐγὼ
3590 3621 3665 3674 δὲ.
3699 3619 3753 3672 εἴ

2167 3736 2230 3786 γε
2267 3717 2521 3788 βασιλεὺς
2551 3715 2713 3780 αὐτὸς
2745 3718 2913 3786 ῥητήν
2941 3733 3064 3769 τινα
3095 3715 3252 3784 δίκην
3278 3714 3470 3767 ὁποίαν
3504 3714 3569 3767 ἂν
3598 3714 3748 3782 αὖτῷ

2166 3811 2340 3864 ἐδόκει
2375 3808 2623 3862 ἐκέλευεν
2653 3808 2792 3880 ὑπὲρ
2824 3802 2900 3862 ῶν
2947 3806 3288 3876 ἐγκαλοῦμαι
3351 3805 3569 3866 δοῦναι,
3609 3805 3748 3872 ἠγά-

2171 3921 2320 3972 πησα
2361 3903 2449 3962 ἀν,
2484 3903 2575 3954 καὶ
2615 3900 3033 3972 σὺνπροθυμίᾳ
3071 3898 3242 3968 πολλῇ
3279 3899 3558 3969 παρέσχον
3583 3913 3599 3929 ο
3628 3899 3748 3950 νυνὶ

2167 3995 2224 4047 δὲ
2254 3995 2396 4064 ὁρῶν
2427 3993 2526 4063 τὴν
2557 3995 2634 4056 είς
2671 3995 2770 4063 ἐμὲ
2813 3993 2981 4064 ὀργὴν
3027 3994 3167 4046 κατά
3195 3992 3414 4048 πάντων
3459 3989 3748 4058 Ῥωμαίων

2169 4085 2470 4150 ἐξάγουσαν
2499 4085 2593 4156 τὴν
2624 4083 2847 4155 βλάϐην,
2870 4085 2970 4137 οὐκ
2993 4083 3234 4147 ἀνεκτῶς
3261 4083 3431 4150 ἀλγῶ.
3461 4081 3560 4135 Διά
3588 4081 3750 4133 τοῦτο

2168 4181 2264 4232 καὶ
2298 4180 2554 4248 δεόμενος
2592 4180 2690 4243 τῆς
2730 4178 2884 4246 ὑμῶν
2914 4178 3222 4246 ἁγιότητος,
3246 4178 3466 4247 γράφω,
3503 4175 3620 4242 εἴγε
3649 4172 3746 4226 τοῦ

2167 4271 2301 4325 Θεοῦ
2337 4273 2458 4323 ἐστε
2491 4271 2688 4339 ὑμεῖς,
2729 4270 3031 4324 σπουδάσαι
3065 4270 3206 4340 ὑπὲρ
3230 4271 3327 4337 τῆς
3357 4271 3581 4339 εἰρήνης
3603 4309 3618 4330 ,
3654 4268 3748 4319 καὶ

2172 4365 2247 4434 μὴ
2275 4363 2538 4432 περιϊδεῖν
2562 4364 2708 4432 ἡμᾶς
2735 4365 2848 4426 τοῖς
2877 4363 3173 4432 ὁμοφύλοις·
3201 4363 3399 4430 αἵμασι
3433 4377 3748 4430 καταχραν-

484 4464 591 4508 tur.
631 4454 724 4508 Sic
781 4455 1150 4524 patriareham
1183 4463 1240 4508 et
1297 4455 1586 4522 pontiﬁcis
1641 4469 1740 4522 per
1768 4454 2058 4524 epistolam

2172 4457 2362 4518 θέντας
2386 4473 2400 4486 ·
2427 4455 2542 4508 ἀλλ’
2573 4457 2607 4528 ἢ
2644 4459 2827 4509 πεῖσαι
2858 4457 3082 4521 βασιλέα
3111 4455 3246 4523 πρὸς
3281 4456 3423 4524 ὑμᾶς
3459 4455 3559 4522 ἐμὲ
3590 4453 3748 4520 γινὸο

484 4549 551 4598 de
589 4560 722 4613 pace
751 4545 1060 4599 obtestatus
1112 4553 1198 4599 est
1243 4544 1433 4612 junior
1491 4543 1808 4614 imperator.
1867 4542 1984 4609 Qua
2032 4559 2064 4598 a

484 4638 773 4693 tabellario
810 4639 1133 4708 patriarcbze
1160 4638 1213 4692 in
1243 4652 1439 4691 manus
1468 4637 1705 4698 reddita,
1749 4647 1806 4692 et
1839 4637 1894 4690 in
1923 4653 2062 4692 con-

439 4779 442 4782 .
483 4748 638 4788 sessu
659 4733 1044 4801 episc0p0rum
1076 4732 1321 4795 recitata,
1346 4741 1406 4784 ut
1429 4729 1544 4784 visa
1573 4739 1658 4784 εει
1674 4747 1828 4800 aequa
1849 4731 2059 4801 petitio,

487 4841 682 4878 omnes
713 4827 963 4894 protinus
1011 4829 1077 4878 ad
1117 4826 1390 4880 seniorem
1455 4823 1702 4888 adeunt,
1735 4841 1851 4878 eam
1909 4841 2066 4880 mon-

488 4925 692 4983 strant,
725 4927 782 4971 et
810 4927 867 4970 ut
905 4918 1050 4986 justa
1077 4915 1321 4985 cupienti
1362 4915 1758 4986 suﬂ‘ragautur.
1791 4916 1927 4971 Nam
1959 4917 2066 4972 hoc

2169 4566 2328 4618 μενον
2349 4548 2452 4601 ὑπὸ
2475 4542 2552 4602 ῶν
2579 4549 2922 4616 ἐγκαλοῦμαι
2952 4547 3110 4616 λόγον
3135 4549 3413 4616 ὑποσχεῖν,
3445 4545 3476 4616 ἢ
3508 4544 3746 4598 ἐνταῦθα

2167 4641 2478 4711 γενομένων
2499 4640 2652 4709 ὑμῶν
2670 4640 2811 4711 ὑπὲρ
2831 4641 2938 4694 τῶν
2955 4641 3088 4695 ῐσων
3103 4643 3200 4709 τὴν
3217 4639 3508 4707 ἀπολογίαν
3529 4639 3740 4692 θέσθαι.

2165 4735 2440 4788 Τοσαῦτα
2470 4734 2569 4805 μὲν
2617 4733 2873 4804 βασιλεὺς
2904 4736 2932 4786 ὁ
2966 4733 3082 4796 νέος
3132 4734 3472 4802 πατριάρχου
3513 4733 3604 4784 καὶ
3636 4731 3743 4783 τῶν

2164 4827 2362 4894 ἄλλων,1
2385 4829 2640 4898 δεόμενος
2673 4830 2995 4899 ἀρχιερέων,
3033 4825 3272 4898 ἔγραψεν
3305 4825 3447 4894 ὑπὲρ
3467 4827 3561 4894 τῆς
3593 4826 3746 4893 εἰρή-

2163 4938 2259 4990 νης
2286 4937 2296 4949 ·
2331 4920 2367 4974 ἃ.
2396 4923 2489 4975 καὶ
2525 4923 2705 4993 φέρων
2735 4924 2763 4975 ὁ
2791 4920 3174 4991 διακομιστὴς,
3207 4919 3504 4990 ἐνεχείρισε
3531 4918 3608 4988 τῷ
3639 4935 3744 4970 πα-

1737 5079 1951 5140 Jacobi
1986 5080 2251 5142 Pontani
2286 5088 2476 5142 noue.

558 5250 672 5319 (74)
715 5248 832 5319 Non
876 5258 967 5313 est
1001 5263 1105 5302 vox
1132 5247 1278 5319 nauis
1324 5247 1376 5299 in
1409 5244 1636 5310 Grzrco;
1680 5245 1954 5319 sententia
1986 5253 2066 5297 ta-

490 5315 616 5374 men
671 5318 860 5389 exigit,
915 5334 1040 5374 cum
1095 5318 1227 5373 belli
1289 5319 1585 5389 tumultum
1644 5315 1956 5389 tempestati
2009 5323 2066 5389 et

488 5391 680 5445 ﬂuctui
723 5384 1042 5458 comparet,
1068 5397 1126 5443 et
1170 5387 1420 5458 imperio,
1454 5384 1933 5458 summersionem_
1962 5384 2068 5458 ini-

491 5462 612 5514 uari
640 5453 894 5514 atilrmet.
943 5459 1086 5514 Sane
1141 5453 1266 5513 cuni
1301 5457 1426 5512 navi
1489 5457 1692 5526 sapius
1750 5453 2065 5523 reSpublica

488 5529 789 5585 confertur.
826 5530 1015 5584 Horat.

557 5598 603 5674 ρ
628 5602 796 5674 pacis,
827 5601 1135 5674 referentjn
1161 5616 1307 5653 mare
1338 5609 1387 5652 te
1418 5598 1546 5674 novi
1609 5598 1960 5674 ﬂuctus,_ete.
2025 5664 2036 5673 .

560 5668 678 5724 Ode
701 5671 808 5742 _M._
836 5666 942 5742 lib.
980 5688 1018 5727 ι.
1042 5671 1237 5726 Cicero
1262 5684 1486 5742 quoque
1534 5667 1611 5742 in_
1635 5666 2068 5742 perturbationi-

495 5741 597 5795 bus
636 5739 952 5808 reipublicae
990 5751 1118 5798 aute
1166 5735 1356 5795 oculos
1395 5735 1668 5806 ponenda,
1728 5735 2068 5805 tempestati-

2173 5243 2278 5297 bus
2325 5253 2379 5295 et
2425 5241 2703 5304 ﬂuctibus,
2751 5242 2862 5302 his.
2910 5257 3156 5307 inquam,
3205 5240 3436 5295 vocibus
3481 5244 3743 5299 translate

2171 5316 2452 5381 eleganter
2493 5323 2577 5366 est
2625 5329 2757 5367 usus
2797 5314 2894 5367 lib.
2919 5330 2956 5374 ι,
2999 5313 3074 5365 De
3107 5311 3252 5366 Orat.
3293 5311 3361 5365 Et
3401 5313 3495 5365 hoc
3539 5322 3743 5382 tempus

2168 5398 2320 5437 omne
2363 5392 2475 5448 post
2525 5384 2858 5436 consulatum
2907 5384 3192 5454 objecimus
3233 5383 3300 5435 iis
3340 5383 3604 5454 ﬂuctibus,
3653 5387 3744 5454 qui

2164 5468 2259 5517 per
2288 5468 2380 5506 nos
2409 5471 2440 5506 a
2469 5455 2737 5507 communi
2759 5465 2901 5522 peste
2933 5453 3162 5521 depulsi.
3201 5453 3256 5506 in
3288 5453 3634 5520 nosmetipsos
3661 5453 3744 5508 re-

2167 5522 2495 5576 dundarunt.
2553 5525 2658 5577 l’ro
2700 5523 2899 5578 Milone
2939 5545 2950 5575 :
2996 5523 3254 5590 Equidem
3320 5533 3539 5576 ceteras
3598 5538 3744 5578 tem-

2168 5601 2396 5660 pestates
2433 5603 2482 5646 et
2525 5592 2786 5662 procellas
2819 5596 2872 5647 in
2903 5593 3014 5646 illis
3039 5594 3306 5648 duntaxat
3329 5593 3573 5662 ﬂuctibus
3611 5611 3741 5648 con-

2166 5664 2376 5715 cionum
2414 5679 2620 5735 semper
2648 5666 2831 5732 putavi
2873 5663 3075 5735 Miloni
3099 5679 3209 5717 esse
3252 5663 3576 5732 subeundas,
3603 5667 3743 5735 quod

2164 5747 2368 5805 semper
2390 5750 2488 5804 pro
2507 5734 2653 5790 bonis
2675 5743 2858 5790 contra
2887 5734 3150 5794 imorobos
3185 5743 3439 5790 senserat:
