4136 6288
369 322 474 381 313

1549 331 1597 388 ll
1614 332 1830 392 lSTOIl
1844 331 1912 389 lA
1929 331 2087 392 RUM
2135 335 2366 397 LIBER
2407 341 2453 401 Ι.

3505 347 3604 411 316

368 429 619 504 -ιριάρχῃ.
649 432 762 486 Kal.
791 432 902 487 τῶν
936 434 1237 504 ἀρχιερέων
1275 436 1729 506 συνεδρεαζόντων
1749 478 1765 500 ,
1807 440 1937 491 ἀνα.

2043 441 2220 510 ipsum
2255 446 2474 502 aiebant
2506 447 2883 512 ﬁrmissimum
2915 461 3320 524 argumentum,
3349 463 3442 508 aut
3471 457 3605 511 nihil

367 523 720 592 γνωσθέντων
739 523 798 577 δὲ
829 525 938 578 τῶν
965 529 1328 598 γραμμάτων,
1361 529 1432 592 ὡς
1460 529 1684 600 ὲδόκειὴ
1711 530 1936 594 ἀξίωσις

367 616 549 671 δικαία
562 615 657 670 τοῦ
684 618 808 670 νέου
836 617 1123 688 βασιλέως,
1151 619 1350 682 πάντες
1376 620 1535 682 εὐθὺς
1553 621 1688 691 πρὸς
1716 621 1941 691 βασιλέα

369 709 457 764 τὸν
476 727 577 779 πρε
587 708 844 779 σσύτερον
861 709 1127 776 ἐλθόντες,
1148 712 1216 765 τά
1232 728 1290 764 τε
1306 711 1606 783 γράμματα
1625 713 1940 782 ἐδείκνυσαν

367 801 460 854 τοῦ
482 800 728 869 έγγόνου,
753 802 848 856 καὶ
863 801 1196 872 συνηγόρουν
1212 802 1359 865 αὐτῷ
1383 803 1455 866 ὡς
1471 803 1658 857 δίκαια
1674 802 1936 868 ἀξιοῦντι.

369 893 476 946 Kal.
503 893 636 947 αὐτὸ
661 894 769 964 γὰρ
795 892 1007 962 ἔφασαν
1035 893 1097 947 τὸ
1126 895 1256 964 περὶ
1280 893 1532 948 πλείστου
1563 893 1861 960 ποιεῖσθαι,
1900 895 1934 965 ἢ

369 987 528 1040 αὐτον
557 986 788 1040 ἐνταῦθα
814 985 1056 1051 ἐλθόντα,
1081 987 1221 1058 ὑπὲρ
1246 980 1320 1040 ὧν
1343 988 1653 1056 ἐγκαλεῖται
1677 987 1938 1059 παρέχειν

369 1078 570 1131 ἐθέλειν
599 1076 849 1144 εὐθύνας,
879 1077 911 1148 ἥ
933 1076 1028 1131 τοῦ
1051 1080 1392 1149 πατρίαρχου
1423 1081 1539 1150 ἐκεῖ
1558 1081 1853 1149 γενομένου
1877 1079 1939 1132 τὸ

369 1169 497 1222 αὐτὸ
525 1172 718 1232 ποιεῖν,
749 1171 1052 1238 τεκμήριον
1082 1169 1147 1222 ἂν
1173 1169 1259 1239 εἴη
1295 1170 1551 1237 μέγιστον
1579 1170 1612 1240 ἦ
1645 1170 1736 1221 τοῦ
1773 1169 1936 1239 μηδὲν

325 1279 328 1282 ’
368 1258 766 1329 ἡμαρτηκέναι,
821 1260 854 1330 ἢ
899 1261 947 1311 εί
989 1260 1084 1313 καὶ
1123 1261 1360 1330 ἥμαρτε,
1392 1260 1484 1312 τοῦ
1537 1259 1821 1329 βούλεσθαι
1869 1261 1936 1312 ἂν

367 1349 746 1417 διορθωθῆναι.
780 1348 982 1402 Τούτου
1010 1349 1068 1402 δὲ
1097 1347 1268 1411 οὕτως
1299 1349 1355 1414 ἐξ
1385 1348 1563 1402 αὐτῶν
1596 1347 1936 1418 πραγμάτων

367 1439 827 1508 ἀποδεικνυμένου
851 1481 866 1505 ,
914 1439 1120 1492 δίκαιον
1157 1439 1224 1493 ἂν
1257 1439 1346 1510 είη
1379 1440 1475 1491 καὶ
1504 1440 1618 1508 ἅμα
1659 1437 1934 1498 λυσιτελὲς

368 1532 462 1584 καὶ
493 1533 809 1599 ἀναγκαῖον,
843 1534 906 1585 ὲκ
930 1533 1023 1586 δύο
1051 1532 1160 1585 τῶν
1184 1534 1534 1602 ζητουμένων
1563 1531 1813 1600 γενέσθαι
1844 1529 1939 1582 θά-

366 1638 548 1692 τερον.
587 1621 758 1691 Ὀρῶν
785 1623 876 1676 οὖν
910 1625 1004 1677 καὶ
1033 1624 1060 1675 6
1091 1623 1362 1693 βασιλεὺς,
1397 1624 1455 1676 τό
1487 1640 1547 1676 τε
1585 1622 1939 1690 ’ἀναντίρρη-

366 1732 457 1767 τον
486 1717 585 1786 τῆς
616 1716 910 1802 ἀξιώσεως,
947 1717 1038 1768 καὶ
1072 1717 1169 1785 τὴν
1207 1715 1298 1770 τοῦ
1333 1717 1671 1786 πατριάρχου
1703 1716 1794 1767 καὶ
1828 1713 1936 1765 τῶν

367 1788 831 1874 ἀρχιερέωείπρὸς
863 1804 1022 1858 τοῦτο
1054 1805 1308 1875 σπουδὴν,
1345 1807 1404 1858 τὸ
1440 1807 1538 1875 μὲν
1565 1808 1655 1857 τὸν
1684 1807 1804 1858 νέον
1837 1805 1935 1876 βα·
1968 1785 2012 1840 Β

369 1896 521 1950 σιλέα
551 1897 687 1968 πρὶς
717 1901 922 1950 ἐκεῖνον
945 1898 1102 1966 ἥκειν
1153 1900 1516 1968 ἀπηγόρευεν,
1539 1897 1730 1967 ὥσπερ
1755 1899 1846 1949 καὶ
1874 1897 1936 1950 τὸ

366 1989 458 2040 τὸν
490 1990 838 2058 πατριάρχην
864 1989 978 2042 ἐκεῖ
1003 1989 1275 2057 γενέσθαι,
1302 1989 1455 2042 οῦδὲν
1484 1985 1624 2042 εἶναι
1657 1987 1935 2058 προῦργου

369 2079 610 2146 φάμενος
653 2079 936 2150 ἑκάτερον,
981 2079 1272 2134 Ἐπένευσε
1309 2079 1366 2132 δὲ
1399 2079 1506 2132 τῶν
1539 2097 1598 2132 τε
1635 2080 1938 2149 ἀρχιερέων

369 2174 461 2223 καὶ
489 2169 599 2223 τῶν
631 2170 728 2240 τῆς
760 2169 1067 2238 συγκλήτου
1087 2170 1240 2232 τινὰς
1260 2208 1276 2233 ,
1306 2171 1368 2223 οὐ
1401 2171 1510 2241 μὴν
1549 2169 1685 2224 ἀλλὰ
1710 2169 1938 2247 καῖτῶν

367 2265 467 2332 τῆς
492 2258 815 2331 Ἐκκλησίας
832 2260 1106 2330 ἀρχόντων
1122 2260 1339 2314 καὶτῶν
1355 2258 1788 2330 ἀρχιμανδριτῶν
1801 2260 1937 2328 πρὸς

367 2355 459 2406 τὸν
498 2353 721 2421 ἔγγονον
751 2353 1269 2428 παραγενομένους,
1296 2353 1367 2405 τά
1393 2368 1454 2406 τε
1495 2351 1816 2422 ἐγκλήματα
1844 2367 1936 2404 κο-

372 2443 568 2511 μίζειν,
602 2443 695 2496 καὶ
733 2442 1032 2511 ἀπολογίαν
1060 2443 1244 2513 ζητεῖν
1286 2442 1428 2512 ὑπὲρ
1455 2441 1658 2499 αὐτῶν.
1690 2441 1938 2511 Πέμπον-

368 2553 458 2590 ται
489 2534 668 2592 τοίνυν
693 2537 802 2590 ἀπὸ
833 2536 932 2606 μὲν
964 2537 1073 2589 τῶν
1106 2537 1424 2607 ἀρχιερέων,
1457 2535 1549 2600 ἐξ·
1574 2536 1669 2589 καὶ
1695 2534 1936 2589 τοσοῦτοι

371 2627 726 2698 συγκλητικοί
743 2646 756 2657 ·
774 2629 837 2682 ἐκ
859 2645 918 2680 τε
948 2628 1055 2681 τῶν
1071 2627 1168 2694 τῆς
1196 2627 1520 2696 Ἐκκλησίας
1543 2626 1818 2696 ἀρχόντων
1846 2627 1938 2680 καὶ

366 2719 477 2772 τῶν
503 2719 940 2789 ἀρχιμανδριτῶν
967 2717 1276 2787 λεγομένων
1307 2716 1513 2786 ἀνδρῶν
1540 2717 1806 2782 εὐλασῶν,
1832 2718 1936 2771 [σοι

368 2810 458 2861 τὸν
493 2809 725 2878 ἀριθμὸν
758 2810 815 2875 ἐξ
855 2810 1152 2880 ἑκατέρων.
1186 2809 1293 2862 Σὺν
1322 2807 1534 2872 τούτοις
1578 2808 1671 2860 καὶ
1697 2809 1745 2860 οί
1785 2810 1938 2878 παρά

370 2903 635 2972 βασιλέως
665 2903 926 2971 πρότερον
971 2902 1393 2965 ἀποσταλέντες,
1425 2903 1453 2954 ὃ
1479 2918 1540 2954 τε
1568 2901 1675 2954 τῶν
1699 2902 1939 2968 Μογλαί-

368 3010 476 3046 νων
519 2996 814 3056 ἐπίσκοπος
849 2996 1073 3064 Νίφων,
1106 2999 1199 3048 καὶ
1235 2993 1458 3056 Κλειδᾶς
1497 2996 1524 3047 6
1563 2993 1934 3063 δικαιοφύλαξ.

368 3080 465 3147 Οἷς
495 3084 558 3152 δὴ
599 3087 692 3137 καὶ
722 3084 792 3137 τά
827 3088 967 3139 κατά
994 3086 1088 3138 τοῦ
1119 3087 1238 3138 νέου
1268 3087 1533 3156 βασιλέως
1559 3087 1876 3159 ἐγκλήματα
1906 3091 1935 3141 ό

371 3176 742 3246 πρεσϐύτερος
770 3177 1069 3246 ἐνεχείρισε
1101 3177 1372 3247 βασιλεύς.
1415 3181 1537 3235 Ἐπὶ
1564 3182 1774 3244 τούτοις
1800 3183 1932 3235 πᾶσι

367 3270 467 3322 καὶ
510 3271 537 3321 ὁ
573 3268 1000 3338 ἀρχιεπίσκοπος
1045 3270 1388 3340 Βουλγαρίας
1432 3273 1752 3342 Γρηγόριος,
1795 3273 1935 3343 ἀνὴρ

371 3361 537 3428 σοφός
566 3375 626 3412 τε
661 3359 739 3422 είς
767 3359 958 3428 λόγους
976 3401 992 3420 ,
1024 3361 1119 3414 καὶ
1149 3361 1449 3430 θαυμάσιος
1477 3365 1534 3416 ὲν
1562 3367 1771 3419 συνέσει
1796 3403 1810 3429 ,
1845 3365 1936 3418 καὶ

367 3451 469 3518 τῆς
491 3450 660 3512 ὅντως
684 3451 872 3517 σοφίας
891 3451 1072 3519 ἄκρως
1091 3450 1511 3522 ἐπειλημμένος.
1537 3453 1643 3506 Καὶ
1673 3453 1768 3506 σὺν
1791 3454 1937 3524 αὐτῷ

369 3543 647 3612 Θεόδωρος
679 3544 709 3596 6
756 3542 1157 3609 Ξανθόπουλος,
1194 3530 1288 3597 καλ
1335 3545 1496 3609 αὐτὸς
1522 3547 1687 3617 ἀρετῇ
1733 3562 1793 3598 τε
1841 3545 1938 3598 καὶ

372 3635 586 3688 συνέσει
631 3635 723 3687 καὶ
760 3634 980 3707 παιδείᾳ
1027 3636 1462 3706 κεκοσμημένος.
1504 3631 1666 3692 Οὗτοι
1715 3628 1813 3708 μὲν
1844 3632 1938 3690 οὖν

368 3727 451 3785 είς
495 3725 712 3796 Ῥήγιον
741 3726 936 3788 πάντες
971 3723 1156 3798 ἦλθον,
1191 3730 1290 3792 τὰς
1309 3728 1423 3781 τοῖν
1455 3728 1718 3798 βασιλέοιν
1753 3727 1940 3794 ἐξετά-

373 3835 560 3882 σοντες
589 3818 872 3889 διαφοράς.
923 3818 1068 3873 Ἰδὼν
1100 3819 1156 3874 δὲ
1204 3821 1400 3884 αὐτοὺς
1432 3820 1686 3890 βασιλεὺς
1723 3826 1750 3876 6
1782 3822 1901 3886 νέος
1921 3866 1938 3892 ,

371 3910 532 3973 εὐθὺς
564 3910 664 3980 μὲν
691 3911 885 3981 ἡδονῆς
914 3911 1195 3974 ἀνάπλεως
1221 3916 1316 3966 καὶ
1346 3912 1611 3984 θυμηδίας
1639 3911 1728 3986 ἦν,
1760 3915 1856 3970 ἀτε
1876 3919 1940 3990 δὴ

374 4001 585 4074 μέὶλων
627 4003 766 4075 ὑπὲρ
801 3997 875 4058 ὧν
906 4008 1263 4073 κατηγορεῖτο
1303 4005 1504 4060 διδόναι
1543 4006 1719 4076 λόγον.
1765 4009 1940 4080 Προσ-

2041 549 2165 588 eum
2201 537 2493 607 deliquisse
2521 580 2536 604 ,
2597 553 2691 597 aut
2721 543 2765 598 si
2806 543 2940 611 quid
2987 544 3281 614 deliquerit
3312 585 3326 609 ,
3363 545 3416 598 id
3471 547 3608 602 velle

1994 673 1998 678 .
2041 629 2337 700 corrigere,
2370 633 2514 700 quod
2543 634 2598 688 in
2627 634 2897 690 beneficio
2926 644 3264 698 numeraret,
3294 635 3338 689 si
3369 645 3463 691 aut
3488 637 3606 701 hic,

2041 728 2138 773 aut
2169 721 2268 786 ibi,
2297 723 2607 792 patriarcha
2659 737 2954 794 praesente,
2990 737 3172 796 posset
3201 729 3469 782 intentata
3499 728 3606 781 sibi

2041 812 2247 868 scelera
2271 815 2564 883 depellere.
2591 817 2858 882 Quoniam
2884 817 3048 888 igitur
3071 833 3160 872 res
3181 817 3294 887 ipsa
3324 817 3605 881 clamaret,

2033 903 2246 975 justum
2271 905 2476 974 pariter
2499 915 2556 961 et
2585 908 2738 972 utile,
2770 923 2832 962 ac
2857 908 3231 964 necessarium
3268 907 3374 963 sibi
3407 908 3603 967 videri,

2039 1007 2106 1048 ex
2141 994 2355 1051 duobus
2383 1012 2504 1066 quae
2538 998 3009 1063 desiderarentur,
3064 999 3299 1053 alterum
3353 997 3602 1053 concedi.

2039 1087 2339 1158 Imperator
2368 1091 2697 1157 postulatum
2754 1090 3114 1154 irrefutabile,
3172 1101 3226 1144 et
3280 1091 3607 1154 patriarchae

2039 1180 2530 1250 episcoporumque
2556 1183 2608 1233 in
2631 1197 2694 1234 eo
2716 1183 2960 1250 urgendo
2980 1181 3221 1235 Studium
3245 1181 3602 1250 perspiciens,

2039 1279 2292 1339 nepotem
2323 1271 2390 1325 ad
2427 1287 2485 1326 se
2520 1272 2743 1337 venire,
2779 1280 2874 1325 aut
2929 1273 3293 1340 patriarcham
3350 1271 3415 1324 ad
3451 1271 3602 1325 illum

2040 1365 2189 1416 abire
2221 1364 2390 1417 vetuit
2418 1382 2432 1428 ;
2465 1373 2720 1417 neutrum
2753 1363 2900 1416 enim
2934 1377 3054 1416 esse
3103 1377 3283 1431 operae
3337 1363 3604 1431 pretium.

2039 1455 2107 1510 Ut
2133 1471 2197 1507 ex
2245 1455 2516 1523 episcopis
2567 1465 2620 1509 et
2667 1455 3009 1524 proceribus,
3043 1455 3172 1506 item
3225 1469 3288 1507 ex
3348 1452 3606 1507 Ecclesia:

2041 1545 2396 1614 principibus.
2430 1555 2482 1598 et
2527 1544 2972 1598 archimandritis
3001 1544 3290 1612 religiosis,
3351 1554 3408 1598 ut
3462 1543 3605 1597 ferc-

2040 1635 2221 1703 batur,
2259 1635 2577 1688 hominibus
2632 1635 2774 1688 irent
2804 1634 3034 1702 aliquot,
3067 1635 3158 1701 qui
3196 1634 3600 1688 accusationem

2041 1725 2117 1778 illi
2153 1731 2541 1794 proponerent,
2576 1723 2644 1776 ab
2691 1737 2868 1791 eoque
2901 1723 3311 1790 responsionem
3341 1723 3606 1791 require-

2039 1827 2180 1883 rent,
2224 1816 2275 1869 id
2311 1816 2523 1869 aunuit.
2579 1814 2870 1867 Mittuntur
2905 1813 3087 1881 itaque
3118 1813 3235 1866 seni
3271 1812 3340 1867 de
3369 1813 3604 1882 singulis

2039 1924 2178 1978 quos
2209 1908 2479 1960 nominavi
2512 1906 2818 1969 ordinibus,
2869 1919 3060 1959 omnes
3091 1905 3252 1958 simul
3282 1913 3518 1974 quatuor
3551 1911 3608 1957 et

2039 2002 2230 2070 viginti
2261 2001 2393 2069 (75).
2455 1999 2767 2061 Adduntur,
2801 2012 2940 2066 quos
2971 1997 3270 2065 imperator
3303 2006 3428 2050 ante
3459 1995 3607 2064 lega-

2038 2100 2214 2156 verat,
2253 2091 2469 2160 Niphon
2519 2089 2906 2160 Moglrenorum
2938 2089 3186 2151 antistes,
3229 2095 3284 2140 et
3307 2085 3490 2140 Clidas
3519 2085 3605 2139 di-

2038 2182 2370 2252 cteophylax,
2402 2179 2603 2250 quibus
2628 2177 2995 2234 accusationis
3017 2177 3196 2245 capita
3219 2176 3604 2229 transduntur.

2006 2293 2008 2296 '
2043 2273 2202 2345 1&0
2252 2274 2381 2328 Post
2412 2273 2512 2327 hos
2543 2285 2734 2325 omnes
2771 2267 3064 2338 Gregorius
3107 2266 3371 2336 Bulgaria:
3422 2263 3605 2317 archi-

2035 2361 2454 2434 episcopus,vir
2482 2370 2537 2416 et
2569 2359 2874 2430 disciplinis
2896 2357 3169 2420 eruditus,
3205 2365 3261 2410 et
3293 2353 3605 2409 admirabili

2037 2456 2328 2527 prudentia
2355 2455 2614 2524 praeditus
2641 2493 2657 2517 ,
2691 2461 2747 2506 et
2803 2453 2859 2506 in
2912 2449 3182 2520 sapientia
3219 2447 3406 2500 divina
3445 2445 3608 2514 plane

2036 2545 2312 2617 perfectus
2345 2542 2456 2613 (76)
2486 2559 2500 2596 :
2535 2553 2774 2608 cumque
2804 2553 2870 2592 eo
2917 2536 3245 2591 Theodorus
3275 2532 3604 2600 Xanthopu—

2036 2638 2144 2701 lus,
2181 2638 2296 2704 ipse
2321 2649 2541 2704 quoque
2573 2633 2798 2695 virtute,
2837 2627 3194 2698 intelligentia
3250 2633 3306 2679 et
3352 2624 3602 2678 doctrina

2035 2728 2436 2784 ornatissimus.
2501 2725 2563 2779 lli
2620 2737 2813 2778 omnes
2852 2722 3147 2791 Rhegium,
3199 2716 3606 2771 controversias

2037 2822 2432 2891 imperatorum
2490 2817 2869 2885 disceptaturi,
2915 2819 3184 2866 venerunt
3215 2827 3231 2864 :
3259 2823 3496 2880 quorum
3575 2823 3606 2861 e

2037 2920 2332 2982 conspectu
2386 2923 2635 2978 magnam
2687 2905 2890 2960 l:etitite
2918 2903 3254 2970 voluptatem
3305 2897 3600 2969 persensit,

2037 3005 2182 3076 quod
2215 3011 2356 3058 esset
2390 3000 2607 3055 tandem
2636 2998 2702 3052 ad
2735 2996 2951 3066 objecta
3002 3004 3393 3061 responsurus.
3447 2988 3600 3043 Salu-

2039 3108 2182 3153 tatos
2216 3095 2382 3165 igitur
2413 3092 2655 3162 quietem
2693 3102 2895 3157 capere
2937 3085 3124 3156 jussit,
3156 3092 3215 3137 et
3239 3083 3292 3134 in
3323 3081 3464 3134 diem
3503 3093 3603 3146 po-

2044 3195 2255 3242 sterum
2290 3197 2464 3253 usque
2495 3198 2524 3235 a
2564 3179 2834 3233 matutino
2860 3185 3212 3231 conventum
3244 3170 3464 3226 indixit.
3518 3167 3602 3223 Illi

2042 3281 2118 3335 ita
2149 3279 2418 3333 fecerunt.
2470 3273 2633 3329 Initio
2658 3271 2800 3324 lucis
2827 3269 3125 3324 nobiliores
3154 3267 3222 3320 de
3254 3264 3388 3328 suis,
3417 3272 3475 3317 et
3503 3276 3600 3315 eos

2041 3374 2136 3444 qui
2180 3371 2266 3426 avi
2316 3369 2485 3422 missu
2538 3365 2897 3424 advenerant,
2955 3360 3009 3414 in
3041 3368 3243 3414 cretum
3295 3356 3459 3424 cogit.
3499 3352 3604 3408 Ubi

2042 3479 2236 3522 omnes
2271 3461 2548 3516 atl‘uerunt
2572 3498 2587 3520 ,
2624 3454 3020 3519 consederunt,
3053 3450 3440 3522 paulisperque
3467 3461 3604 3502 con-

2044 3558 2342 3618 ticuerunt,
2377 3561 2433 3607 et
2474 3550 2671 3620 singuli
2729 3557 2789 3601 ut
2822 3545 2948 3600 novi
3003 3543 3284 3613 quippiam
3339 3539 3603 3611 audituri,

2043 3663 2205 3704 aures
2237 3651 2582 3706 arrexerunt,
2613 3639 3061 3709 archiepiscopus
3091 3635 3178 3689 his
3209 3632 3438 3688 vocibus
3475 3643 3607 3684 usus

2043 3751 2172 3799 est:
2205 3740 2433 3808 Propter
2472 3744 2659 3789 natum
2699 3732 2841 3786 inter
2891 3739 2942 3783 te
2988 3741 3260 3796 avumque
3289 3722 3604 3784 dissidium,

2047 3835 2344 3903 imperator
2373 3826 2601 3898 optime,
2637 3822 2837 3892 rogasti
2866 3829 2928 3874 ut
2956 3818 3053 3872 tibi
3099 3815 3421 3888 Byzantium
3454 3821 3607 3880 pate-

2048 3932 2133 3979 ret
2161 3923 2440 3992 iugressus
2465 3957 2480 3981 ,
2533 3931 2642 3985 quo
2694 3913 2808 3967 illic
2856 3910 2997 3979 apud
3034 3923 3159 3962 eum
3197 3917 3419 3960 causam
3458 3913 3607 3955 tuam

2047 4027 2238 4085 ageres
2267 4029 2280 4065 :
2312 4018 2407 4064 aut
2435 4007 2628 4062 saltem
2663 4013 2724 4058 ut
2751 4001 3062 4072 patriarcha
3091 3997 3156 4054 ad
3189 4007 3242 4051 te
3274 3996 3608 4056 mitteretur,

371 4095 679 4165 αγορεύσας
705 4096 761 4148 δὲ
782 4097 999 4160 αὐτοὺς,
1019 4097 1267 4151 ἐκέλευεν
1284 4099 1601 4167 ἀναπαύλης
1623 4100 1938 4168 ἀπολαύειν,

2047 4122 2157 4178 quo
2180 4103 2365 4172 judice
2402 4099 2454 4154 id
2483 4099 2661 4166 ipsum
2696 4102 3003 4162 praestares.
3033 4091 3298 4145 Neutrum
3331 4093 3451 4141 erat
3482 4099 3613 4139 con-

372 4187 451 4249 ὡς
479 4189 532 4250 ὲς
559 4187 654 4257 τὴν
683 4187 974 4258 ὑστεραίαν
1003 4187 1119 4258 ἅμα
1145 4189 1286 4258 πρωῒ
1315 4189 1408 4242 τοῦ
1439 4191 1698 4260 συλλόγου
1720 4211 1939 4264 γενησο-

2051 4211 2208 4254 cessu
2241 4192 2421 4247 facile.
2456 4185 2797 4244 Auctoritate
2827 4191 3019 4256 tamen.
3043 4178 3389 4249 imperatoris
3441 4183 3499 4231 et
3525 4191 3613 4244 pa.

379 4279 564 4348 μένου.
606 4281 669 4332 Οί
703 4282 801 4348 μὲν
836 4277 930 4333 οὖν
958 4279 1134 4343 οὕτως
1162 4283 1380 4336 ἐποίουν
1400 4299 1415 4314 ·
1456 4282 1711 4352 βασιλεὺς
1741 4287 1795 4340 δὲ
1826 4287 1939 4359 ἅμα

2050 4285 2300 4344 ιτίοτιειιαι
2331 4297 2436 4336 nos
2469 4277 2812 4336 advenimus.
2847 4273 3222 4328 defensionem
3276 4279 3423 4323 tuam
3454 4268 3612 4322 audi-

373 4371 451 4440 ἒῳ
497 4371 606 4423 τῶν
641 4388 699 4424 τε
743 4371 889 4424 ἰδίων
931 4372 1060 4436 τοὺς
1087 4373 1550 4443 ὲπιφανεστέρους
1591 4378 1685 4429 καὶ
1719 4380 1844 4442 τοὺς
1871 4358 1939 4434 ίὲκ

2053 4377 2184 4436 turi.
2222 4376 2299 4431 Te
2328 4385 2545 4441 aequum
2597 4374 2683 4423 est
2735 4363 2950 4427 aﬂerre,
2986 4363 3032 4416 si
3061 4361 3192 4432 quid
3226 4360 3400 4415 habes
3430 4358 3612 4416 dicere

376 4463 642 4532 βασιλέως
665 4464 1001 4532 ἀφιγμένους
1031 4465 1110 4526 είς
1137 4464 1227 4517 τὸν
1254 4465 1512 4535 σύλλογον
1540 4470 1742 4525 ἐκάλει.
1781 4473 1866 4535 '0;
1889 4475 1939 4529 δὲ

2053 4473 2120 4528 ad
2150 4486 2215 4526 ea
2245 4482 2367 4537 quae
2396 4464 2492 4518 tibi
2526 4460 2898 4528 obiectantur.
2930 4457 3068 4511 Tum
3103 4456 3404 4524 imperator
3430 4471 3445 4508 :

374 4563 575 4618 πάντες
627 4558 899 4627 παρῆσαν,
949 4558 1126 4628 σιωπὴ
1176 4558 1275 4626 μὲν
1319 4560 1380 4612 τὸ
1409 4561 1632 4631 θέατρον
1676 4569 1941 4638 κατέσχεν
1981 4569 2074 4623 ἐπὶ
2102 4562 2326 4636 μικρόνο
2355 4560 2450 4612 καὶ
2478 4557 2677 4616 πάντες
2739 4552 2813 4614 ὡς
2874 4553 2964 4607 ἐπὶ
2989 4553 3196 4616 καινοῖς
3217 4568 3326 4603 τισι
3358 4548 3617 4616 παρεῖχον

377 4651 688 4719 μετεώρους
741 4648 842 4712 τὰς
885 4647 1076 4711 ἀκοάς.
1131 4649 1371 4718 Ἤρξατο
1455 4652 1500 4705 δ’
1545 4657 1973 4725 ἀρχιεπίσκοπος
2005 4657 2176 4718 οὕτως
2223 4648 2428 4706 εἰπών·
2475 4645 2750 4717 Κράτιστε
2818 4641 3062 4712 βασιλεῦ,
3109 4641 3219 4694 τῶν
3256 4639 3460 4710 μεταξῦ
3499 4638 3611 4692 τῶν

375 4739 644 4808 βασιλέων
684 4739 839 4807 ὑμῶν
882 4739 1258 4809 κεκινημένων
1301 4739 1396 4795 νῦν
1442 4743 1606 4798 ἕνεκα
1641 4746 1932 4817 διαφορῶν,
1972 4748 2133 4808 αὐτος
2168 4744 2267 4813 μὲν
2295 4742 2503 4812 ᾔτησας
2562 4740 2640 4799 είς
2673 4733 2964 4799 Βυζάντιον
3015 4732 3187 4786 ἐλθὼν
3212 4734 3304 4785 ἐπὶ
3329 4731 3424 4786 τοῦ
3461 4731 3617 4801 βασι-

373 4836 512 4900 λέως
549 4834 651 4896 τὰς
687 4834 914 4900 εὐθύνας
939 4835 1200 4906 παρέχειν
1222 4852 1236 4869 ο
1271 4834 1306 4906 ἢ
1339 4839 1387 4890 εί
1420 4838 1496 4909 μὴ
1525 4836 1701 4905 τοῦτο,
1729 4838 1824 4892 τοῦ
1851 4839 2188 4911 πατριάρχου
2219 4833 2468 4889 ἐνταυθοῖ
2490 4831 2804 4901 γενομένου,
2845 4827 2972 4900 δίκῃ
3001 4825 3314 4881 διαλύεσθαι
3331 4825 3397 4879 τὰ
3421 4823 3620 4896 ἐγκλη-

1599 4950 1816 5012 Jacobi
1848 4949 2112 5012 Pontani
2163 4953 2350 5009 notas.

452 5050 566 5120 (75)
593 5051 863 5118 Gregoras
886 5050 1037 5104 hunc
1074 5049 1258 5102 locum
1289 5050 1628 5120 negligenter
1660 5052 1939 5108 tractavit.

2053 5048 2406 5120 Septuaginta
2428 5039 3037 5120 _esl,‘_'Eydi__¢-:lp_t_6‘dw.
3068 5039 3176 5093 Καὶ
3222 5034 3397 5120 εἷπεν·
3433 5036 3624 5120 Οὕτως

376 5107 772 5188 υιίοδ,’ἱιι‹ιιιῖι,
805 5131 1098 5180 senatores,
1121 5124 1250 5173 duos
1285 5107 1580 5188 pontifices.
1623 5123 1752 5175 duos
1787 5107 1939 5176 soleo?

2054 5107 2201 5190 ἐρεῖς
2232 5107 2346 5190 ibi;
2389 5117 2525 5178 υἱοῖς
2547 5107 2879 5190 Ἰσραηλίᾭ
2903 5109 2978 5190 ῷν
3012 5107 3323 5190 ἀπεσταλκέ
3378 5123 3444 5173 με
3484 5111 3623 5190 πρὸ-ς

375 5199 461 5270 tos
491 5177 810 5270 sacerdotes,
848 5198 900 5270 et
939 5177 1171 5270 quatuor
1234 5177 1449 5270 selectos
1478 5207 1504 5242 θ
1525 5177 1671 5259 plebe
1714 5193 1784 5244 ad
1829 5207 1946 5270 eunt
2053 5177 2221 5270 apag.
2253 5177 2804 5270 Seneca._cpisftg,_5§1
2819 5181 3127 5270 ἐν
3142 5177 3622 5270 filiiﬁlii???

376 5261 548 5314 misit.
589 5245 808 5326 Decem,
848 5245 1104 5315 homines
1153 5269 1428 5324 numerat,
1468 5245 1593 5316 cum
1636 5271 1824 5315 noster
1875 5261 1939 5316 ad

2054 5245 2232 5328 putat,
2267 5256 2405 5328 quod
2434 5245 2723 5328 esti-quia,
2758 5250 3127 5328 inquit,_cogor
3156 5245 3368 5328 uerbum
3397 5261 3497 5326 pro
3529 5262 3622 5328 up-

375 5329 599 5398 u"ginta
631 5323 905 5383 numeret.
1415 5317 1425 5324 ’
1509 5369 1516 5376 ,
1599 5335 1603 5338 ’
2053 5317 2243 5382 Eubuli)
2279 5317 2499 5398 'ponere.
2533 5317 2702 5398 idern
2744 5317 3078 5398 censendum
3152 5317 3220 5371 de
3251 5330 3383 5370 voce
3448 5317 3620 5398 virili,

449 5385 565 5463 (76)
593 5398 772 5453 Viden
791 5398 961 5471 Qeum
989 5398 1255 5471 nominari
1280 5397 1369 5471 τὸν
1399 5398 1548 5471 ὄντας
1573 5398 1736 5469 idque
1759 5408 1949 5454 aucto-
2049 5413 2174 5471 nam
2213 5385 2639 5471 meliusdicitur
2669 5389 2810 5471 Deus
2935 5387 3368 5471 _Gr:ece,‘quam,
3401 5385 3618 5471 quiest,

377 5455 777 5522 ritate'sancta‘.
805 5468 1126 5536 Scripturze.
1160 5469 1294 5522 Nam
1330 5468 1504 5522 Exod.
1536 5455 1664 5537 ’ρειρῖ
1711 5486 1792 5531 ιιι,
1823 5484 1949 5523 cum
2050 5467 2265 5537 Latine.
2287 5463 2538 5537 Justin‘us
2587 5460 2809 5537 Martyr,
2841 5457 3069 5537 Exhort.
3100 5459 3170 5509 ad
3201 5465 3403 5537 gentes,
3457 5455 3621 5508 docet

375 5538 673 5607 qmesisset
705 5554 734 5590 a
761 5537 872 5591 Deo
905 5525 1080 5592 Moses
1125 5540 1190 5592 ad
1236 5537 1380 5592 ﬁlios
1414 5539 1573 5592 lsracl
1611 5525 1946 5603 'mitte'ndus,
2047 5535 2288 5607 erudite.
2321 5547 2420 5585 cur
2450 5531 2594 5583 Deus
2624 5528 2841 5607 hloysen
2869 5529 2936 5579 ad
2977 5525 3236 5607 Hebraeos
3278 5525 3522 5607 mittens,
3553 5539 3619 5607 ac

373 5593 436 5679 Si
481 5605 712 5679 dixerint
761 5607 908 5669 mihi,
947 5608 1082 5677 quod
1108 5615 1202 5679 est
1214 5623 1397 5660 nomen
1430 5607 1591 5677 ejus?
1623 5593 1952 5679 quid__dicani
2047 5606 2115 5679 de
2162 5620 2217 5659 se
2263 5603 2518 5679 Ιρςιιιεζηεξν
2540 5593 2864 5679 *ρατιίὶεξμὶρ
2897 5611 3028 5650 usus
3059 5595 3152 5659 δίι»
3185 5601 3241 5647 et
3284 5593 3525 5650 Ρλίίίουίδ
3557 5595 3618 5648 τὸ

375 5675 499 5730 «35.?
534 5676 744 5730 audivit
779 5667 1122 5744 responsum,
1161 5677 1270 5744 Ego
1299 5693 1416 5730 sum
1449 5667 1536 5744 qui
1564 5667 1699 5731 sui...
1740 5676 1806 5728 Et
1848 5679 1947 5741 ait,
2047 5674 2106 5728 ὃν
2133 5689 2258 5729 cum
2292 5667 2458 5726 Musis
2482 5671 2507 5723 ό
2533 5668 2606 5722 ὢν
2645 5667 2877 5724 confert.

378 5748 470 5801 Sic
515 5746 655 5799 dices
707 5745 832 5814 ﬁliis
884 5742 1079 5814 Israel,
1110 5742 1337 5813 Qui—est,
1381 5742 1519 5800 miéit
1544 5763 1625 5802 me
1655 5748 1722 5800 ad
1748 5763 1856 5802 vos.
1892 5747 1950 5803 in
