  <div class='ocr_page' id='page_1' title='image "/cluster/home/n/w/nwhite01/storage/ocr_20150623/153/mdp.39015078384727/175.png"; bbox 0 0 4136 6288; ppageno 0'>
   <div class='ocr_carea' id='block_1_1' title="bbox 563 271 671 336">
    <p class='ocr_par' dir='ltr' id='par_1_1' title="bbox 563 271 671 336">
     <span class='ocr_line' id='line_1_1' title="bbox 563 271 671 336; baseline 0.009 -2"><span class='ocrx_word' id='word_1_1' title='bbox 563 271 671 336; x_wconf 81' lang='lat'><strong>315</strong></span> 
     </span>
    </p>
   </div>
   <div class='ocr_carea' id='block_1_2' title="bbox 1768 275 2656 336">
    <p class='ocr_par' dir='ltr' id='par_1_2' title="bbox 1768 275 2656 336">
     <span class='ocr_line' id='line_1_2' title="bbox 1768 275 2656 336; baseline -0.002 0"><span class='ocrx_word' id='word_1_2' title='bbox 1768 277 2090 336; x_wconf 71' lang='lat' dir='ltr'><strong>JOANNIS</strong></span> <span class='ocrx_word' id='word_1_3' title='bbox 2131 275 2656 336; x_wconf 72' lang='lat' dir='ltr'><strong>CANTACUZENI</strong></span> 
     </span>
    </p>
   </div>
   <div class='ocr_carea' id='block_1_3' title="bbox 3711 278 3819 342">
    <p class='ocr_par' dir='ltr' id='par_1_3' title="bbox 3711 278 3819 342">
     <span class='ocr_line' id='line_1_3' title="bbox 3711 278 3819 342; baseline -0.037 0"><span class='ocrx_word' id='word_1_4' title='bbox 3711 278 3819 342; x_wconf 79' lang='lat'><strong>316</strong></span> 
     </span>
    </p>
   </div>
   <div class='ocr_carea' id='block_1_4' title="bbox 564 370 3823 461">
    <p class='ocr_par' dir='ltr' id='par_1_4' title="bbox 564 370 3823 461">
     <span class='ocr_line' id='line_1_4' title="bbox 564 370 3823 461; baseline 0.002 -26"><span class='ocrx_word' id='word_1_5' title='bbox 564 399 738 461; x_wconf 79' lang='grc' dir='ltr'>ματα.</span> <span class='ocrx_word' id='word_1_6' title='bbox 773 370 988 440; x_wconf 66' lang='grc' dir='ltr'>Τούτων</span> <span class='ocrx_word' id='word_1_7' title='bbox 1011 386 1114 456; x_wconf 75' lang='grc' dir='ltr'>μὲν</span> <span class='ocrx_word' id='word_1_8' title='bbox 1132 383 1224 440; x_wconf 71' lang='grc' dir='ltr'><strong>οὖν</strong></span> <span class='ocrx_word' id='word_1_9' title='bbox 1252 385 1590 457; x_wconf 81' lang='grc' dir='ltr'>ἑκάτερονού</span> <span class='ocrx_word' id='word_1_10' title='bbox 1617 385 1796 456; x_wconf 75' lang='grc' dir='ltr'>ῥᾴδιον</span> <span class='ocrx_word' id='word_1_11' title='bbox 1823 383 1889 456; x_wconf 79' lang='grc' dir='ltr'>ἦν</span> <span class='ocrx_word' id='word_1_12' title='bbox 2014 386 2176 450; x_wconf 68' lang='grc' dir='ltr'>αὐτος</span> <span class='ocrx_word' id='word_1_13' title='bbox 2238 387 2482 456; x_wconf 65' lang='grc' dir='ltr'>ἠξίωκας</span> <span class='ocrx_word' id='word_1_14' title='bbox 2533 387 2808 455; x_wconf 76' lang='grc' dir='ltr'>γενέσθαι.</span> <span class='ocrx_word' id='word_1_15' title='bbox 2859 387 3269 458; x_wconf 75' lang='grc' dir='ltr'>..ροστάξαντος</span> <span class='ocrx_word' id='word_1_16' title='bbox 3317 389 3372 440; x_wconf 82' lang='grc' dir='ltr'>δὲ</span> <span class='ocrx_word' id='word_1_17' title='bbox 3423 388 3686 458; x_wconf 70' lang='grc' dir='ltr'>βασιλέως</span> <span class='ocrx_word' id='word_1_18' title='bbox 3725 393 3823 442; x_wconf 76' lang='grc' dir='ltr'><strong>καὶ</strong></span> 
     </span>
    </p>
   </div>
   <div class='ocr_carea' id='block_1_5' title="bbox 564 474 3825 552">
    <p class='ocr_par' dir='ltr' id='par_1_5' title="bbox 564 474 3825 552">
     <span class='ocr_line' id='line_1_5' title="bbox 564 474 3825 552; baseline 0.001 -20"><span class='ocrx_word' id='word_1_19' title='bbox 564 479 933 550; x_wconf 73' lang='grc' dir='ltr'><strong>πατριάρχου,</strong></span> <span class='ocrx_word' id='word_1_20' title='bbox 964 479 1174 550; x_wconf 80' lang='grc' dir='ltr'>ἥκομεν</span> <span class='ocrx_word' id='word_1_21' title='bbox 1203 482 1384 551; x_wconf 84' lang='grc' dir='ltr'>ήμεῖς,</span> <span class='ocrx_word' id='word_1_22' title='bbox 1415 480 1552 549; x_wconf 77' lang='grc' dir='ltr'>ὑπὲρ</span> <span class='ocrx_word' id='word_1_23' title='bbox 1581 474 1656 532; x_wconf 86' lang='grc' dir='ltr'><strong>ῶν</strong></span> <span class='ocrx_word' id='word_1_24' title='bbox 1689 477 1892 548; x_wconf 77' lang='grc' dir='ltr'>ἐγκαλῇ</span> <span class='ocrx_word' id='word_1_25' title='bbox 1944 478 2044 540; x_wconf 88' lang='grc' dir='ltr'><strong>τάς</strong></span> <span class='ocrx_word' id='word_1_26' title='bbox 2102 479 2398 548; x_wconf 76' lang='grc' dir='ltr'><strong>ἀπολογίας</strong></span> <span class='ocrx_word' id='word_1_27' title='bbox 2439 478 2815 549; x_wconf 81' lang='grc' dir='ltr'>ἀκουσόμενοι.</span> <span class='ocrx_word' id='word_1_28' title='bbox 2844 479 2917 533; x_wconf 78' lang='grc' dir='ltr'><strong>Σὺ</strong></span> <span class='ocrx_word' id='word_1_29' title='bbox 2972 496 3032 533; x_wconf 86' lang='grc' dir='ltr'><strong>τε</strong></span> <span class='ocrx_word' id='word_1_30' title='bbox 3063 479 3272 544; x_wconf 87' lang='grc' dir='ltr'>δίκαιος</span> <span class='ocrx_word' id='word_1_31' title='bbox 3297 481 3363 534; x_wconf 84' lang='grc' dir='ltr'>ἂν</span> <span class='ocrx_word' id='word_1_32' title='bbox 3391 481 3509 551; x_wconf 68' lang='lat' dir='ltr'><strong>ait);</strong></span> <span class='ocrx_word' id='word_1_33' title='bbox 3531 483 3584 536; x_wconf 76' lang='grc' dir='ltr'><strong>εἴ</strong></span> <span class='ocrx_word' id='word_1_34' title='bbox 3608 499 3662 535; x_wconf 89' lang='grc' dir='ltr'><strong>τι</strong></span> <span class='ocrx_word' id='word_1_35' title='bbox 3695 484 3825 552; x_wconf 74' lang='grc' dir='ltr'>περὶ</span> 
     </span>
    </p>
   </div>
   <div class='ocr_carea' id='block_1_6' title="bbox 536 568 2146 643">
    <p class='ocr_par' dir='ltr' id='par_1_6' title="bbox 536 568 2146 643">
     <span class='ocr_line' id='line_1_6' title="bbox 536 568 2146 643; baseline 0 -19"><span class='ocrx_word' id='word_1_36' title='bbox 536 568 746 625; x_wconf 81' lang='grc' dir='ltr'>ἀὐτῶν</span> <span class='ocrx_word' id='word_1_37' title='bbox 774 572 916 642; x_wconf 57' lang='grc' dir='ltr'>ἔχες</span> <span class='ocrx_word' id='word_1_38' title='bbox 940 573 1144 643; x_wconf 78' lang='grc' dir='ltr'>λέγειν,</span> <span class='ocrx_word' id='word_1_39' title='bbox 1175 574 1447 639; x_wconf 77' lang='grc' dir='ltr'>διεξιέναι.</span> <span class='ocrx_word' id='word_1_40' title='bbox 1485 571 1650 628; x_wconf 82' lang='grc' dir='ltr'>Εἶπεν</span> <span class='ocrx_word' id='word_1_41' title='bbox 1679 569 1772 627; x_wconf 80' lang='grc' dir='ltr'>οὖν</span> <span class='ocrx_word' id='word_1_42' title='bbox 1792 574 1820 624; x_wconf 82' lang='grc' dir='ltr'>ὁ</span> <span class='ocrx_word' id='word_1_43' title='bbox 1854 571 2110 643; x_wconf 79' lang='grc' dir='ltr'>βασιλεύς</span> <span class='ocrx_word' id='word_1_44' title='bbox 2130 587 2146 602; x_wconf 78' lang='grc' dir='ltr'>ο</span> 
     </span>
    </p>
   </div>
   <div class='ocr_carea' id='block_1_7' title="bbox 1957 703 2438 764">
    <p class='ocr_par' dir='ltr' id='par_1_7' title="bbox 1957 703 2438 764">
     <span class='ocr_line' id='line_1_7' title="bbox 1957 703 2438 764; baseline -0.008 0"><span class='ocrx_word' id='word_1_45' title='bbox 1957 705 2184 764; x_wconf 58' lang='lat' dir='ltr'><strong>CAPUT</strong></span> <span class='ocrx_word' id='word_1_46' title='bbox 2223 703 2438 760; x_wconf 80' lang='lat' dir='ltr'><strong>XLVII.</strong></span> 
     </span>
    </p>
   </div>
   <div class='ocr_carea' id='block_1_8' title="bbox 512 809 3824 908">
    <p class='ocr_par' dir='ltr' id='par_1_8' title="bbox 512 809 3824 908">
     <span class='ocr_line' id='line_1_8' title="bbox 512 809 3824 908; baseline -0.001 -26"><span class='ocrx_word' id='word_1_47' title='bbox 512 809 516 818; x_wconf 36' lang='grc' dir='ltr'><strong>Ι</strong></span> <span class='ocrx_word' id='word_1_48' title='bbox 567 827 749 882; x_wconf 81' lang='lat' dir='ltr'><strong>Oratio</strong></span> <span class='ocrx_word' id='word_1_49' title='bbox 771 831 1006 900; x_wconf 75' lang='lat' dir='ltr'><strong>jmtioris</strong></span> <span class='ocrx_word' id='word_1_50' title='bbox 1035 833 1103 884; x_wconf 84' lang='lat' dir='ltr'><strong>ad</strong></span> <span class='ocrx_word' id='word_1_51' title='bbox 1131 833 1410 900; x_wconf 74' lang='lat' dir='ltr'><strong>synodum.</strong></span> <span class='ocrx_word' id='word_1_52' title='bbox 1443 833 1811 885; x_wconf 77' lang='lat' dir='ltr'><strong>Adversarium</strong></span> <span class='ocrx_word' id='word_1_53' title='bbox 1839 846 1991 908; x_wconf 73' lang='lat' dir='ltr'><strong>avum</strong></span> <span class='ocrx_word' id='word_1_54' title='bbox 2029 823 2251 908; x_wconf 75' lang='lat' dir='ltr'><strong>rapit_in</strong></span> <span class='ocrx_word' id='word_1_55' title='bbox 2282 828 2461 908; x_wconf 57' lang='lat' dir='ltr'><strong>odium</strong></span> <span class='ocrx_word' id='word_1_56' title='bbox 2483 844 2500 908; x_wconf 63' lang='grc' dir='ltr'>ί</span> <span class='ocrx_word' id='word_1_57' title='bbox 2524 823 2729 908; x_wconf 67' lang='lat' dir='ltr'><strong>judices</strong></span> <span class='ocrx_word' id='word_1_58' title='bbox 2758 826 2855 879; x_wconf 83' lang='lat' dir='ltr'><strong>sibi</strong></span> <span class='ocrx_word' id='word_1_59' title='bbox 2883 824 3619 908; x_wconf 41' lang='lat' dir='ltr'><strong>benevolris&#39;forit{ﬁduciam</strong></span> <span class='ocrx_word' id='word_1_60' title='bbox 3651 842 3824 880; x_wconf 72' lang='lat' dir='ltr'><strong>cauus</strong></span> 
     </span>
    </p>
   </div>
   <div class='ocr_carea' id='block_1_9' title="bbox 881 890 3487 971">
    <p class='ocr_par' dir='ltr' id='par_1_9' title="bbox 881 890 3487 971">
     <span class='ocr_line' id='line_1_9' title="bbox 881 890 3487 971; baseline -0.002 -17"><span class='ocrx_word' id='word_1_61' title='bbox 881 919 990 970; x_wconf 75' lang='lat' dir='ltr'><strong>pro:</strong></span> <span class='ocrx_word' id='word_1_62' title='bbox 1016 919 1070 954; x_wconf 86' lang='lat' dir='ltr'><strong>se</strong></span> <span class='ocrx_word' id='word_1_63' title='bbox 1099 890 1232 970; x_wconf 62' lang='lat' dir='ltr'><strong>ph,-</strong></span> <span class='ocrx_word' id='word_1_64' title='bbox 1269 915 1316 954; x_wconf 77' lang='grc' dir='ltr'>ει</span> <span class='ocrx_word' id='word_1_65' title='bbox 1347 915 1420 956; x_wconf 81' lang='lat' dir='ltr'><strong>est</strong></span> <span class='ocrx_word' id='word_1_66' title='bbox 1451 906 1544 956; x_wconf 84' lang='lat' dir='ltr'><strong>hoc</strong></span> <span class='ocrx_word' id='word_1_67' title='bbox 1574 903 1708 955; x_wconf 82' lang='lat' dir='ltr'><strong>velut</strong></span> <span class='ocrx_word' id='word_1_68' title='bbox 1735 900 1928 971; x_wconf 85' lang='lat' dir='ltr'><strong>judicii</strong></span> <span class='ocrx_word' id='word_1_69' title='bbox 1959 890 2294 968; x_wconf 64' lang='lat' dir='ltr'><strong>mummium.</strong></span> <span class='ocrx_word' id='word_1_70' title='bbox 2331 890 2774 950; x_wconf 54' lang='lat' dir='ltr'><strong>Deinde&#39;breviter</strong></span> <span class='ocrx_word' id='word_1_71' title='bbox 2806 902 3049 966; x_wconf 80' lang='lat' dir='ltr'><strong>quwdam</strong></span> <span class='ocrx_word' id='word_1_72' title='bbox 3079 890 3283 966; x_wconf 65' lang='lat' dir='ltr'><strong>objecta</strong></span> <span class='ocrx_word' id='word_1_73' title='bbox 3315 890 3487 950; x_wconf 80' lang='lat' dir='ltr'><strong>diluit.</strong></span> 
     </span>
    </p>
   </div>
   <div class='ocr_carea' id='block_1_10' title="bbox 637 1028 2146 1101">
    <p class='ocr_par' dir='ltr' id='par_1_10' title="bbox 637 1033 2134 1096">
     <span class='ocr_line' id='line_1_10' title="bbox 637 1033 2134 1096; baseline -0.001 -10"><span class='ocrx_word' id='word_1_74' title='bbox 637 1033 704 1087; x_wconf 80' lang='lat' dir='ltr'><strong>Et</strong></span> <span class='ocrx_word' id='word_1_75' title='bbox 737 1048 952 1088; x_wconf 85' lang='lat' dir='ltr'><strong>summa</strong></span> <span class='ocrx_word' id='word_1_76' title='bbox 1008 1036 1291 1090; x_wconf 75' lang='lat' dir='ltr'><strong>voluntate</strong></span> <span class='ocrx_word' id='word_1_77' title='bbox 1348 1053 1468 1092; x_wconf 88' lang='lat' dir='ltr'><strong>mea</strong></span> <span class='ocrx_word' id='word_1_78' title='bbox 1521 1035 1849 1096; x_wconf 85' lang='lat' dir='ltr'><strong>advenistis,</strong></span> <span class='ocrx_word' id='word_1_79' title='bbox 1899 1043 1955 1088; x_wconf 87' lang='lat' dir='ltr'><strong>et</strong></span> <span class='ocrx_word' id='word_1_80' title='bbox 2007 1047 2134 1096; x_wconf 84' lang='lat' dir='ltr'><strong>per-</strong></span> 
     </span>
    </p>
   </div>
   <div class='ocr_carea' id='block_1_11' title="bbox 2250 1028 3827 1101">
    <p class='ocr_par' dir='ltr' id='par_1_11' title="bbox 2312 1028 3827 1101">
     <span class='ocr_line' id='line_1_11' title="bbox 2312 1028 3827 1101; baseline 0 -19"><span class='ocrx_word' id='word_1_81' title='bbox 2312 1030 2421 1082; x_wconf 80' lang='grc' dir='ltr'>Καὶ</span> <span class='ocrx_word' id='word_1_82' title='bbox 2468 1028 2781 1101; x_wconf 78' lang='grc' dir='ltr'><strong>βουλομένῳ</strong></span> <span class='ocrx_word' id='word_1_83' title='bbox 2815 1047 2908 1101; x_wconf 86' lang='grc' dir='ltr'><strong>μοι</strong></span> <span class='ocrx_word' id='word_1_84' title='bbox 2946 1032 3090 1084; x_wconf 81' lang='grc' dir='ltr'>πάνυ</span> <span class='ocrx_word' id='word_1_85' title='bbox 3129 1031 3162 1099; x_wconf 81' lang='grc' dir='ltr'><strong>ή</strong></span> <span class='ocrx_word' id='word_1_86' title='bbox 3199 1029 3335 1099; x_wconf 73' lang='grc' dir='ltr'>πρὸς</span> <span class='ocrx_word' id='word_1_87' title='bbox 3373 1029 3477 1099; x_wconf 68' lang='grc' dir='ltr'><strong>ἐμὲ</strong></span> <span class='ocrx_word' id='word_1_88' title='bbox 3510 1029 3700 1098; x_wconf 78' lang='grc' dir='ltr'>ἄφιξις</span> <span class='ocrx_word' id='word_1_89' title='bbox 3731 1045 3827 1098; x_wconf 82' lang='grc' dir='ltr'>γε-</span> 
     </span>
    </p>
   </div>
   <div class='ocr_carea' id='block_1_12' title="bbox 567 1124 2138 1196">
    <p class='ocr_par' dir='ltr' id='par_1_12' title="bbox 567 1124 2138 1196">
     <span class='ocr_line' id='line_1_12' title="bbox 567 1124 2138 1196; baseline 0.004 -23"><span class='ocrx_word' id='word_1_90' title='bbox 567 1138 729 1189; x_wconf 80' lang='lat' dir='ltr'><strong>qnam</strong></span> <span class='ocrx_word' id='word_1_91' title='bbox 761 1124 1000 1192; x_wconf 84' lang='lat' dir='ltr'><strong>optabile</strong></span> <span class='ocrx_word' id='word_1_92' title='bbox 1029 1138 1113 1179; x_wconf 82' lang='lat' dir='ltr'><strong>est</strong></span> <span class='ocrx_word' id='word_1_93' title='bbox 1138 1164 1154 1188; x_wconf 88' lang='lat'><strong>,</strong></span> <span class='ocrx_word' id='word_1_94' title='bbox 1191 1135 1251 1179; x_wconf 88' lang='lat' dir='ltr'><strong>ut</strong></span> <span class='ocrx_word' id='word_1_95' title='bbox 1283 1142 1382 1194; x_wconf 73' lang='lat' dir='ltr'><strong>ego</strong></span> <span class='ocrx_word' id='word_1_96' title='bbox 1409 1127 1606 1190; x_wconf 81' lang='lat' dir='ltr'><strong>sentio,</strong></span> <span class='ocrx_word' id='word_1_97' title='bbox 1640 1124 2138 1196; x_wconf 86' lang='lat' dir='ltr'><strong>quomodocunque</strong></span> 
     </span>
    </p>
   </div>
   <div class='ocr_carea' id='block_1_13' title="bbox 571 1216 2142 1276">
    <p class='ocr_par' dir='ltr' id='par_1_13' title="bbox 571 1216 2142 1276">
     <span class='ocr_line' id='line_1_13' title="bbox 571 1216 2142 1276; baseline 0.001 -8"><span class='ocrx_word' id='word_1_98' title='bbox 571 1216 790 1272; x_wconf 79' lang='lat' dir='ltr'><strong>tandem</strong></span> <span class='ocrx_word' id='word_1_99' title='bbox 811 1217 892 1272; x_wconf 86' lang='lat' dir='ltr'><strong>sui</strong></span> <span class='ocrx_word' id='word_1_100' title='bbox 911 1219 1174 1274; x_wconf 78' lang='lat' dir='ltr'><strong>adversus</strong></span> <span class='ocrx_word' id='word_1_101' title='bbox 1202 1221 1620 1276; x_wconf 84' lang='lat' dir='ltr'><strong>criminationes</strong></span> <span class='ocrx_word' id='word_1_102' title='bbox 1645 1217 1975 1274; x_wconf 82' lang='lat' dir='ltr'><strong>defendendi</strong></span> <span class='ocrx_word' id='word_1_103' title='bbox 2005 1227 2142 1271; x_wconf 89' lang='lat' dir='ltr'><strong>tem-</strong></span> 
     </span>
    </p>
   </div>
   <div class='ocr_carea' id='block_1_14' title="bbox 570 1308 2140 1380">
    <p class='ocr_par' dir='ltr' id='par_1_14' title="bbox 570 1308 2140 1380">
     <span class='ocr_line' id='line_1_14' title="bbox 570 1308 2140 1380; baseline 0.001 -20"><span class='ocrx_word' id='word_1_104' title='bbox 570 1322 674 1375; x_wconf 81' lang='lat' dir='ltr'><strong>pus</strong></span> <span class='ocrx_word' id='word_1_105' title='bbox 697 1308 948 1376; x_wconf 83' lang='lat' dir='ltr'><strong>adipisci.</strong></span> <span class='ocrx_word' id='word_1_106' title='bbox 980 1311 1153 1364; x_wconf 90' lang='lat' dir='ltr'><strong>Porro</strong></span> <span class='ocrx_word' id='word_1_107' title='bbox 1191 1312 1458 1380; x_wconf 81' lang='lat' dir='ltr'><strong>injustam</strong></span> <span class='ocrx_word' id='word_1_108' title='bbox 1482 1322 1580 1366; x_wconf 90' lang='lat' dir='ltr'><strong>eta</strong></span> <span class='ocrx_word' id='word_1_109' title='bbox 1609 1313 1818 1366; x_wconf 88' lang='lat' dir='ltr'><strong>ratione</strong></span> <span class='ocrx_word' id='word_1_110' title='bbox 1837 1312 2140 1365; x_wconf 87' lang='lat' dir='ltr'><strong>abhorrens</strong></span> 
     </span>
    </p>
   </div>
   <div class='ocr_carea' id='block_1_15' title="bbox 566 1396 2140 1473">
    <p class='ocr_par' dir='ltr' id='par_1_15' title="bbox 566 1396 2140 1473">
     <span class='ocr_line' id='line_1_15' title="bbox 566 1396 2140 1473; baseline 0.004 -24"><span class='ocrx_word' id='word_1_111' title='bbox 566 1396 732 1460; x_wconf 80' lang='lat' dir='ltr'><strong>duco,</strong></span> <span class='ocrx_word' id='word_1_112' title='bbox 767 1413 890 1452; x_wconf 90' lang='lat' dir='ltr'><strong>cum</strong></span> <span class='ocrx_word' id='word_1_113' title='bbox 925 1400 1080 1455; x_wconf 80' lang='lat' dir='ltr'><strong>factis</strong></span> <span class='ocrx_word' id='word_1_114' title='bbox 1113 1402 1246 1471; x_wconf 84' lang='lat' dir='ltr'><strong>ipsis</strong></span> <span class='ocrx_word' id='word_1_115' title='bbox 1276 1406 1443 1457; x_wconf 89' lang='lat' dir='ltr'><strong>multa</strong></span> <span class='ocrx_word' id='word_1_116' title='bbox 1469 1405 1805 1473; x_wconf 79' lang='lat' dir='ltr'><strong>frequenter,</strong></span> <span class='ocrx_word' id='word_1_117' title='bbox 1829 1412 1884 1457; x_wconf 90' lang='lat' dir='ltr'><strong>et</strong></span> <span class='ocrx_word' id='word_1_118' title='bbox 1917 1402 2140 1455; x_wconf 90' lang='lat' dir='ltr'><strong>minime</strong></span> 
     </span>
    </p>
   </div>
   <div class='ocr_carea' id='block_1_16' title="bbox 566 1488 2141 1563">
    <p class='ocr_par' dir='ltr' id='par_1_16' title="bbox 566 1488 2141 1563">
     <span class='ocr_line' id='line_1_16' title="bbox 566 1488 2141 1563; baseline 0.002 -21"><span class='ocrx_word' id='word_1_119' title='bbox 566 1488 737 1542; x_wconf 84' lang='lat' dir='ltr'><strong>dubia</strong></span> <span class='ocrx_word' id='word_1_120' title='bbox 770 1489 1178 1548; x_wconf 81' lang='lat' dir='ltr'><strong>observationis</strong></span> <span class='ocrx_word' id='word_1_121' title='bbox 1231 1503 1282 1548; x_wconf 89' lang='lat' dir='ltr'><strong>et</strong></span> <span class='ocrx_word' id='word_1_122' title='bbox 1319 1495 1653 1550; x_wconf 71' lang='lat' dir='ltr'><strong>obedientire</strong></span> <span class='ocrx_word' id='word_1_123' title='bbox 1688 1510 1814 1563; x_wconf 83' lang='lat' dir='ltr'><strong>erga</strong></span> <span class='ocrx_word' id='word_1_124' title='bbox 1849 1509 2010 1548; x_wconf 84' lang='lat' dir='ltr'><strong>avum</strong></span> <span class='ocrx_word' id='word_1_125' title='bbox 2043 1493 2141 1548; x_wconf 86' lang='lat' dir='ltr'><strong>do-</strong></span> 
     </span>
    </p>
   </div>
   <div class='ocr_carea' id='block_1_17' title="bbox 568 1583 2142 1654">
    <p class='ocr_par' dir='ltr' id='par_1_17' title="bbox 568 1583 2142 1654">
     <span class='ocr_line' id='line_1_17' title="bbox 568 1583 2142 1654; baseline 0.004 -22"><span class='ocrx_word' id='word_1_126' title='bbox 568 1591 825 1634; x_wconf 84' lang='lat' dir='ltr'><strong>cumenta</strong></span> <span class='ocrx_word' id='word_1_127' title='bbox 853 1583 1123 1649; x_wconf 76' lang='lat' dir='ltr'><strong>dederim,</strong></span> <span class='ocrx_word' id='word_1_128' title='bbox 1157 1600 1243 1638; x_wconf 91' lang='lat' dir='ltr'><strong>me</strong></span> <span class='ocrx_word' id='word_1_129' title='bbox 1269 1586 1384 1654; x_wconf 87' lang='lat' dir='ltr'><strong>pari</strong></span> <span class='ocrx_word' id='word_1_130' title='bbox 1419 1586 1796 1640; x_wconf 82' lang='lat' dir='ltr'><strong>benevolentia</strong></span> <span class='ocrx_word' id='word_1_131' title='bbox 1830 1601 1929 1639; x_wconf 90' lang='lat' dir='ltr'><strong>nec</strong></span> <span class='ocrx_word' id='word_1_132' title='bbox 1956 1583 2142 1638; x_wconf 86' lang='lat' dir='ltr'><strong>verbis</strong></span> 
     </span>
    </p>
   </div>
   <div class='ocr_carea' id='block_1_18' title="bbox 571 1672 2140 1746">
    <p class='ocr_par' dir='ltr' id='par_1_18' title="bbox 571 1672 2140 1746">
     <span class='ocr_line' id='line_1_18' title="bbox 571 1672 2140 1746; baseline 0.004 -23"><span class='ocrx_word' id='word_1_133' title='bbox 571 1672 790 1737; x_wconf 77' lang='lat' dir='ltr'><strong>quidem</strong></span> <span class='ocrx_word' id='word_1_134' title='bbox 821 1685 978 1730; x_wconf 88' lang='lat' dir='ltr'><strong>tenus</strong></span> <span class='ocrx_word' id='word_1_135' title='bbox 1006 1677 1073 1730; x_wconf 90' lang='lat' dir='ltr'><strong>ab</strong></span> <span class='ocrx_word' id='word_1_136' title='bbox 1107 1677 1228 1746; x_wconf 89' lang='lat' dir='ltr'><strong>ipso</strong></span> <span class='ocrx_word' id='word_1_137' title='bbox 1253 1677 1555 1746; x_wconf 84' lang='lat' dir='ltr'><strong>dignatum.</strong></span> <span class='ocrx_word' id='word_1_138' title='bbox 1587 1679 1651 1732; x_wconf 78' lang='lat' dir='ltr'><strong>At</strong></span> <span class='ocrx_word' id='word_1_139' title='bbox 1673 1677 1819 1732; x_wconf 92' lang='lat' dir='ltr'><strong>enim</strong></span> <span class='ocrx_word' id='word_1_140' title='bbox 1849 1675 2140 1745; x_wconf 83' lang='lat' dir='ltr'><strong>oportebat</strong></span> 
     </span>
    </p>
   </div>
   <div class='ocr_carea' id='block_1_19' title="bbox 567 1762 2142 1836">
    <p class='ocr_par' dir='ltr' id='par_1_19' title="bbox 567 1762 2142 1836">
     <span class='ocr_line' id='line_1_19' title="bbox 567 1762 2142 1836; baseline 0.006 -22"><span class='ocrx_word' id='word_1_141' title='bbox 567 1762 710 1816; x_wconf 81' lang='lat' dir='ltr'><strong>facta</strong></span> <span class='ocrx_word' id='word_1_142' title='bbox 729 1780 844 1816; x_wconf 82' lang='lat' dir='ltr'><strong>mea</strong></span> <span class='ocrx_word' id='word_1_143' title='bbox 862 1781 982 1818; x_wconf 89' lang='lat' dir='ltr'><strong>cum</strong></span> <span class='ocrx_word' id='word_1_144' title='bbox 1002 1767 1438 1822; x_wconf 76' lang='lat' dir='ltr'><strong>obtrectatorum</strong></span> <span class='ocrx_word' id='word_1_145' title='bbox 1461 1769 1806 1823; x_wconf 86' lang='lat' dir='ltr'><strong>sermonibus</strong></span> <span class='ocrx_word' id='word_1_146' title='bbox 1821 1784 2142 1836; x_wconf 87' lang='lat' dir='ltr'><strong>comparan-</strong></span> 
     </span>
    </p>
   </div>
   <div class='ocr_carea' id='block_1_20' title="bbox 573 1858 2142 1930">
    <p class='ocr_par' dir='ltr' id='par_1_20' title="bbox 573 1858 2142 1930">
     <span class='ocr_line' id='line_1_20' title="bbox 573 1858 2142 1930; baseline 0.006 -24"><span class='ocrx_word' id='word_1_147' title='bbox 573 1863 706 1918; x_wconf 88' lang='lat' dir='ltr'><strong>tem,</strong></span> <span class='ocrx_word' id='word_1_148' title='bbox 737 1865 832 1908; x_wconf 91' lang='lat' dir='ltr'><strong>aut</strong></span> <span class='ocrx_word' id='word_1_149' title='bbox 860 1871 1051 1910; x_wconf 85' lang='lat' dir='ltr'><strong>eorum</strong></span> <span class='ocrx_word' id='word_1_150' title='bbox 1101 1858 1507 1926; x_wconf 84' lang='lat' dir='ltr'><strong>improbitatem</strong></span> <span class='ocrx_word' id='word_1_151' title='bbox 1541 1861 1826 1930; x_wconf 80' lang='lat' dir='ltr'><strong>condignis</strong></span> <span class='ocrx_word' id='word_1_152' title='bbox 1858 1861 2142 1916; x_wconf 58' lang='lat' dir='ltr'><strong>vindicare</strong></span> 
     </span>
    </p>
   </div>
   <div class='ocr_carea' id='block_1_21' title="bbox 570 1945 2138 2022">
    <p class='ocr_par' dir='ltr' id='par_1_21' title="bbox 570 1945 2138 2022">
     <span class='ocr_line' id='line_1_21' title="bbox 570 1945 2138 2022; baseline 0.008 -26"><span class='ocrx_word' id='word_1_153' title='bbox 570 1945 852 2012; x_wconf 82' lang='lat' dir='ltr'><strong>suppliciis</strong></span> <span class='ocrx_word' id='word_1_154' title='bbox 888 1948 968 2015; x_wconf 92' lang='lat' dir='ltr'><strong>(ut</strong></span> <span class='ocrx_word' id='word_1_155' title='bbox 1001 1964 1068 2002; x_wconf 92' lang='lat' dir='ltr'><strong>ne</strong></span> <span class='ocrx_word' id='word_1_156' title='bbox 1102 1949 1230 2018; x_wconf 82' lang='lat' dir='ltr'><strong>quid</strong></span> <span class='ocrx_word' id='word_1_157' title='bbox 1257 1960 1312 2004; x_wconf 91' lang='lat' dir='ltr'><strong>et</strong></span> <span class='ocrx_word' id='word_1_158' title='bbox 1342 1951 1440 2019; x_wconf 92' lang='lat' dir='ltr'><strong>ipsi</strong></span> <span class='ocrx_word' id='word_1_159' title='bbox 1468 1951 1735 2005; x_wconf 82' lang='lat' dir='ltr'><strong>auderent</strong></span> <span class='ocrx_word' id='word_1_160' title='bbox 1767 1952 1870 2006; x_wconf 88' lang='lat' dir='ltr'><strong>tale</strong></span> <span class='ocrx_word' id='word_1_161' title='bbox 1889 1954 2138 2022; x_wconf 84' lang='lat' dir='ltr'><strong>posthac,</strong></span> 
     </span>
    </p>
   </div>
   <div class='ocr_carea' id='block_1_22' title="bbox 563 2037 2143 2113">
    <p class='ocr_par' dir='ltr' id='par_1_22' title="bbox 563 2037 2143 2113">
     <span class='ocr_line' id='line_1_22' title="bbox 563 2037 2143 2113; baseline 0.008 -25"><span class='ocrx_word' id='word_1_162' title='bbox 563 2043 628 2091; x_wconf 79' lang='lat' dir='ltr'><strong>et</strong></span> <span class='ocrx_word' id='word_1_163' title='bbox 657 2037 746 2091; x_wconf 91' lang='lat' dir='ltr'><strong>alii</strong></span> <span class='ocrx_word' id='word_1_164' title='bbox 778 2054 842 2092; x_wconf 82' lang='lat' dir='ltr'><strong>ex</strong></span> <span class='ocrx_word' id='word_1_165' title='bbox 872 2055 1062 2093; x_wconf 77' lang='lat' dir='ltr'><strong>eoi-inn</strong></span> <span class='ocrx_word' id='word_1_166' title='bbox 1094 2053 1293 2095; x_wconf 84' lang='lat' dir='ltr'><strong>eventu</strong></span> <span class='ocrx_word' id='word_1_167' title='bbox 1340 2044 1662 2098; x_wconf 82' lang='lat' dir='ltr'><strong>modestiam</strong></span> <span class='ocrx_word' id='word_1_168' title='bbox 1696 2044 2017 2113; x_wconf 86' lang='lat' dir='ltr'><strong>discerent),</strong></span> <span class='ocrx_word' id='word_1_169' title='bbox 2047 2057 2143 2100; x_wconf 88' lang='lat' dir='ltr'><strong>aut</strong></span> 
     </span>
    </p>
   </div>
   <div class='ocr_carea' id='block_1_23' title="bbox 565 2131 2138 2211">
    <p class='ocr_par' dir='ltr' id='par_1_23' title="bbox 565 2131 2138 2211">
     <span class='ocr_line' id='line_1_23' title="bbox 565 2131 2138 2211; baseline 0.008 -31"><span class='ocrx_word' id='word_1_170' title='bbox 565 2138 740 2189; x_wconf 85' lang='lat' dir='ltr'><strong>certe.</strong></span> <span class='ocrx_word' id='word_1_171' title='bbox 773 2131 918 2197; x_wconf 84' lang='lat' dir='ltr'><strong>quod</strong></span> <span class='ocrx_word' id='word_1_172' title='bbox 951 2132 1185 2186; x_wconf 83' lang='lat' dir='ltr'><strong>alterum</strong></span> <span class='ocrx_word' id='word_1_173' title='bbox 1238 2143 1342 2197; x_wconf 84' lang='lat' dir='ltr'><strong>est,</strong></span> <span class='ocrx_word' id='word_1_174' title='bbox 1397 2136 1592 2190; x_wconf 88' lang='lat' dir='ltr'><strong>iisdem</strong></span> <span class='ocrx_word' id='word_1_175' title='bbox 1626 2137 1694 2191; x_wconf 91' lang='lat' dir='ltr'><strong>de</strong></span> <span class='ocrx_word' id='word_1_176' title='bbox 1717 2140 1947 2194; x_wconf 81' lang='lat' dir='ltr'><strong>audacia</strong></span> <span class='ocrx_word' id='word_1_177' title='bbox 1983 2140 2138 2211; x_wconf 65' lang='lat'><strong>141</strong></span> 
     </span>
    </p>
   </div>
   <div class='ocr_carea' id='block_1_24' title="bbox 572 2221 2142 2295">
    <p class='ocr_par' dir='ltr' id='par_1_24' title="bbox 572 2221 2142 2295">
     <span class='ocr_line' id='line_1_24' title="bbox 572 2221 2142 2295; baseline 0.008 -23"><span class='ocrx_word' id='word_1_178' title='bbox 572 2235 762 2274; x_wconf 84' lang='lat' dir='ltr'><strong>severe</strong></span> <span class='ocrx_word' id='word_1_179' title='bbox 792 2221 1099 2292; x_wconf 84' lang='lat' dir='ltr'><strong>objurgatis</strong></span> <span class='ocrx_word' id='word_1_180' title='bbox 1149 2240 1214 2279; x_wconf 88' lang='lat' dir='ltr'><strong>ac</strong></span> <span class='ocrx_word' id='word_1_181' title='bbox 1242 2227 1592 2295; x_wconf 86' lang='lat' dir='ltr'><strong>reprehensis</strong></span> <span class='ocrx_word' id='word_1_182' title='bbox 1641 2229 1851 2283; x_wconf 80' lang='lat' dir='ltr'><strong>ﬁrmam</strong></span> <span class='ocrx_word' id='word_1_183' title='bbox 1883 2243 2142 2286; x_wconf 86' lang='lat' dir='ltr'><strong>constan-</strong></span> 
     </span>
    </p>
   </div>
   <div class='ocr_carea' id='block_1_25' title="bbox 574 2316 2138 2394">
    <p class='ocr_par' dir='ltr' id='par_1_25' title="bbox 574 2316 2138 2394">
     <span class='ocr_line' id='line_1_25' title="bbox 574 2316 2138 2394; baseline 0.01 -30"><span class='ocrx_word' id='word_1_184' title='bbox 574 2321 796 2382; x_wconf 85' lang='lat' dir='ltr'><strong>temque</strong></span> <span class='ocrx_word' id='word_1_185' title='bbox 821 2330 945 2385; x_wconf 88' lang='lat' dir='ltr'><strong>erga</strong></span> <span class='ocrx_word' id='word_1_186' title='bbox 980 2331 1066 2370; x_wconf 91' lang='lat' dir='ltr'><strong>me</strong></span> <span class='ocrx_word' id='word_1_187' title='bbox 1099 2316 1536 2373; x_wconf 82' lang='lat' dir='ltr'><strong>benevolentiam</strong></span> <span class='ocrx_word' id='word_1_188' title='bbox 1561 2336 1889 2378; x_wconf 75' lang='lat' dir='ltr'><strong>conservare</strong></span> <span class='ocrx_word' id='word_1_189' title='bbox 1915 2340 1929 2377; x_wconf 91' lang='lat'><strong>:</strong></span> <span class='ocrx_word' id='word_1_190' title='bbox 1967 2332 2026 2378; x_wconf 86' lang='lat' dir='ltr'><strong>ut</strong></span> <span class='ocrx_word' id='word_1_191' title='bbox 2047 2325 2138 2394; x_wconf 85' lang='lat' dir='ltr'><strong>qui</strong></span> 
     </span>
    </p>
   </div>
   <div class='ocr_carea' id='block_1_26' title="bbox 567 2405 2141 2486">
    <p class='ocr_par' dir='ltr' id='par_1_26' title="bbox 567 2405 2141 2486">
     <span class='ocr_line' id='line_1_26' title="bbox 567 2405 2141 2486; baseline 0.008 -28"><span class='ocrx_word' id='word_1_192' title='bbox 567 2405 920 2461; x_wconf 88' lang='lat' dir='ltr'><strong>evidentibus</strong></span> <span class='ocrx_word' id='word_1_193' title='bbox 949 2411 1215 2478; x_wconf 80' lang='lat' dir='ltr'><strong>exemplis</strong></span> <span class='ocrx_word' id='word_1_194' title='bbox 1261 2410 1458 2466; x_wconf 88' lang='lat' dir='ltr'><strong>docere</strong></span> <span class='ocrx_word' id='word_1_195' title='bbox 1490 2415 1716 2482; x_wconf 84' lang='lat' dir='ltr'><strong>possim,</strong></span> <span class='ocrx_word' id='word_1_196' title='bbox 1750 2430 1836 2469; x_wconf 88' lang='lat' dir='ltr'><strong>me</strong></span> <span class='ocrx_word' id='word_1_197' title='bbox 1867 2417 1920 2469; x_wconf 92' lang='lat' dir='ltr'><strong>in</strong></span> <span class='ocrx_word' id='word_1_198' title='bbox 1963 2418 2141 2486; x_wconf 89' lang='lat' dir='ltr'><strong>ipsum</strong></span> 
     </span>
    </p>
   </div>
   <div class='ocr_carea' id='block_1_27' title="bbox 575 2499 2146 2578">
    <p class='ocr_par' dir='ltr' id='par_1_27' title="bbox 575 2499 2146 2578">
     <span class='ocr_line' id='line_1_27' title="bbox 575 2499 2146 2578; baseline 0.01 -25"><span class='ocrx_word' id='word_1_199' title='bbox 575 2499 834 2554; x_wconf 66' lang='lat' dir='ltr'><strong>adcitum</strong></span> <span class='ocrx_word' id='word_1_200' title='bbox 867 2517 990 2558; x_wconf 84' lang='lat' dir='ltr'><strong>esse</strong></span> <span class='ocrx_word' id='word_1_201' title='bbox 1033 2505 1384 2571; x_wconf 84' lang='lat' dir='ltr'><strong>suavissime,</strong></span> <span class='ocrx_word' id='word_1_202' title='bbox 1418 2518 1475 2562; x_wconf 90' lang='lat' dir='ltr'><strong>et</strong></span> <span class='ocrx_word' id='word_1_203' title='bbox 1506 2513 1968 2578; x_wconf 82' lang='lat' dir='ltr'><strong>quemadmodum</strong></span> <span class='ocrx_word' id='word_1_204' title='bbox 1999 2514 2146 2569; x_wconf 92' lang='lat' dir='ltr'><strong>bono</strong></span> 
     </span>
    </p>
   </div>
   <div class='ocr_carea' id='block_1_28' title="bbox 576 2590 2144 2670">
    <p class='ocr_par' dir='ltr' id='par_1_28' title="bbox 576 2590 2144 2670">
     <span class='ocr_line' id='line_1_28' title="bbox 576 2590 2144 2670; baseline 0.013 -28"><span class='ocrx_word' id='word_1_205' title='bbox 576 2590 690 2645; x_wconf 85' lang='lat' dir='ltr'><strong>filio</strong></span> <span class='ocrx_word' id='word_1_206' title='bbox 716 2593 1006 2660; x_wconf 89' lang='lat' dir='ltr'><strong>pulchrum</strong></span> <span class='ocrx_word' id='word_1_207' title='bbox 1037 2607 1145 2663; x_wconf 84' lang='lat' dir='ltr'><strong>est,</strong></span> <span class='ocrx_word' id='word_1_208' title='bbox 1177 2614 1306 2668; x_wconf 80' lang='lat' dir='ltr'><strong>erga</strong></span> <span class='ocrx_word' id='word_1_209' title='bbox 1343 2611 1553 2670; x_wconf 86' lang='lat' dir='ltr'><strong>patrem</strong></span> <span class='ocrx_word' id='word_1_210' title='bbox 1587 2606 1973 2670; x_wconf 83' lang='lat' dir='ltr'><strong>reverentiam,</strong></span> <span class='ocrx_word' id='word_1_211' title='bbox 2007 2607 2144 2662; x_wconf 82' lang='lat' dir='ltr'><strong>obe-</strong></span> 
     </span>
    </p>
   </div>
   <div class='ocr_carea' id='block_1_29' title="bbox 574 2681 2148 2768">
    <p class='ocr_par' dir='ltr' id='par_1_29' title="bbox 574 2681 2148 2768">
     <span class='ocr_line' id='line_1_29' title="bbox 574 2681 2148 2768; baseline 0.013 -34"><span class='ocrx_word' id='word_1_212' title='bbox 574 2681 864 2747; x_wconf 87' lang='lat' dir='ltr'><strong>dientiam,</strong></span> <span class='ocrx_word' id='word_1_213' title='bbox 892 2689 1402 2761; x_wconf 88' lang='lat' dir='ltr'><strong>subjectionemque</strong></span> <span class='ocrx_word' id='word_1_214' title='bbox 1436 2695 1692 2752; x_wconf 87' lang='lat' dir='ltr'><strong>retinere.</strong></span> <span class='ocrx_word' id='word_1_215' title='bbox 1731 2697 1838 2751; x_wconf 88' lang='lat' dir='ltr'><strong>Sed</strong></span> <span class='ocrx_word' id='word_1_216' title='bbox 1871 2699 1998 2768; x_wconf 85' lang='lat' dir='ltr'><strong>quia</strong></span> <span class='ocrx_word' id='word_1_217' title='bbox 2032 2699 2148 2754; x_wconf 67' lang='lat' dir='ltr'><strong>haec</strong></span> 
     </span>
    </p>
   </div>
   <div class='ocr_carea' id='block_1_30' title="bbox 574 2779 2146 2859">
    <p class='ocr_par' dir='ltr' id='par_1_30' title="bbox 574 2779 2146 2859">
     <span class='ocr_line' id='line_1_30' title="bbox 574 2779 2146 2859; baseline 0.012 -31"><span class='ocrx_word' id='word_1_218' title='bbox 574 2789 737 2830; x_wconf 90' lang='lat' dir='ltr'><strong>secus</strong></span> <span class='ocrx_word' id='word_1_219' title='bbox 767 2793 927 2844; x_wconf 89' lang='lat' dir='ltr'><strong>quam</strong></span> <span class='ocrx_word' id='word_1_220' title='bbox 964 2779 1190 2849; x_wconf 89' lang='lat' dir='ltr'><strong>dignum</strong></span> <span class='ocrx_word' id='word_1_221' title='bbox 1237 2783 1343 2837; x_wconf 86' lang='lat' dir='ltr'><strong>fuit</strong></span> <span class='ocrx_word' id='word_1_222' title='bbox 1386 2795 1709 2849; x_wconf 86' lang='lat' dir='ltr'><strong>evenerunt,</strong></span> <span class='ocrx_word' id='word_1_223' title='bbox 1745 2804 1977 2859; x_wconf 85' lang='lat' dir='ltr'><strong>quaeque</strong></span> <span class='ocrx_word' id='word_1_224' title='bbox 2009 2791 2146 2847; x_wconf 90' lang='lat' dir='ltr'><strong>feci-</strong></span> 
     </span>
    </p>
   </div>
   <div class='ocr_carea' id='block_1_31' title="bbox 575 2871 2146 2952">
    <p class='ocr_par' dir='ltr' id='par_1_31' title="bbox 575 2871 2146 2952">
     <span class='ocr_line' id='line_1_31' title="bbox 575 2871 2146 2952; baseline 0.012 -32"><span class='ocrx_word' id='word_1_225' title='bbox 575 2883 720 2929; x_wconf 84' lang='lat' dir='ltr'><strong>mus.</strong></span> <span class='ocrx_word' id='word_1_226' title='bbox 750 2885 816 2922; x_wconf 83' lang='lat' dir='ltr'><strong>ex</strong></span> <span class='ocrx_word' id='word_1_227' title='bbox 870 2871 1054 2925; x_wconf 89' lang='lat' dir='ltr'><strong>animo</strong></span> <span class='ocrx_word' id='word_1_228' title='bbox 1087 2874 1170 2927; x_wconf 91' lang='lat' dir='ltr'><strong>avi</strong></span> <span class='ocrx_word' id='word_1_229' title='bbox 1228 2875 1448 2944; x_wconf 83' lang='lat' dir='ltr'><strong>penitus</strong></span> <span class='ocrx_word' id='word_1_230' title='bbox 1498 2879 1826 2935; x_wconf 79' lang='lat' dir='ltr'><strong>eﬂluxeruut</strong></span> <span class='ocrx_word' id='word_1_231' title='bbox 1859 2899 1873 2936; x_wconf 91' lang='lat'><strong>:</strong></span> <span class='ocrx_word' id='word_1_232' title='bbox 1909 2899 2146 2952; x_wconf 89' lang='lat' dir='ltr'><strong>quorum</strong></span> 
     </span>
    </p>
   </div>
   <div class='ocr_carea' id='block_1_32' title="bbox 574 2962 2150 3033">
    <p class='ocr_par' dir='ltr' id='par_1_32' title="bbox 574 2962 2150 3033">
     <span class='ocr_line' id='line_1_32' title="bbox 574 2962 2150 3033; baseline 0.011 -21"><span class='ocrx_word' id='word_1_233' title='bbox 574 2969 758 3014; x_wconf 88' lang='lat' dir='ltr'><strong>autem</strong></span> <span class='ocrx_word' id='word_1_234' title='bbox 785 2962 1051 3018; x_wconf 85' lang='lat' dir='ltr'><strong>industria</strong></span> <span class='ocrx_word' id='word_1_235' title='bbox 1075 2965 1128 3017; x_wconf 93' lang='lat' dir='ltr'><strong>in</strong></span> <span class='ocrx_word' id='word_1_236' title='bbox 1159 2981 1227 3019; x_wconf 92' lang='lat' dir='ltr'><strong>eo</strong></span> <span class='ocrx_word' id='word_1_237' title='bbox 1287 2970 1652 3033; x_wconf 71' lang='lat' dir='ltr'><strong>consumitur,</strong></span> <span class='ocrx_word' id='word_1_238' title='bbox 1681 2982 1741 3026; x_wconf 91' lang='lat' dir='ltr'><strong>ut</strong></span> <span class='ocrx_word' id='word_1_239' title='bbox 1777 2973 2007 3028; x_wconf 90' lang='lat' dir='ltr'><strong>alterum</strong></span> <span class='ocrx_word' id='word_1_240' title='bbox 2050 2992 2150 3029; x_wconf 88' lang='lat' dir='ltr'><strong>no-</strong></span> 
     </span>
    </p>
   </div>
   <div class='ocr_carea' id='block_1_33' title="bbox 575 3051 2147 3129">
    <p class='ocr_par' dir='ltr' id='par_1_33' title="bbox 575 3051 2147 3129">
     <span class='ocr_line' id='line_1_33' title="bbox 575 3051 2147 3129; baseline 0.01 -25"><span class='ocrx_word' id='word_1_241' title='bbox 575 3064 604 3104; x_wconf 77' lang='lat' dir='ltr'><strong>s</strong></span> <span class='ocrx_word' id='word_1_242' title='bbox 634 3066 750 3104; x_wconf 84' lang='lat' dir='ltr'><strong>rum</strong></span> <span class='ocrx_word' id='word_1_243' title='bbox 782 3051 932 3120; x_wconf 76' lang='lat' dir='ltr'><strong>apud</strong></span> <span class='ocrx_word' id='word_1_244' title='bbox 947 3053 1178 3129; x_wconf 78' lang='lat' dir='ltr'><strong>alterum</strong></span> <span class='ocrx_word' id='word_1_245' title='bbox 1205 3056 1257 3109; x_wconf 92' lang='lat' dir='ltr'><strong>in</strong></span> <span class='ocrx_word' id='word_1_246' title='bbox 1290 3056 1548 3112; x_wconf 86' lang='lat' dir='ltr'><strong>invidiam</strong></span> <span class='ocrx_word' id='word_1_247' title='bbox 1577 3062 1839 3128; x_wconf 83' lang='lat' dir='ltr'><strong>vocando,</strong></span> <span class='ocrx_word' id='word_1_248' title='bbox 1873 3066 2147 3120; x_wconf 90' lang='lat' dir='ltr'><strong>communi</strong></span> 
     </span>
    </p>
   </div>
   <div class='ocr_carea' id='block_1_34' title="bbox 576 3139 2144 3222">
    <p class='ocr_par' dir='ltr' id='par_1_34' title="bbox 576 3139 2144 3222">
     <span class='ocr_line' id='line_1_34' title="bbox 576 3139 2144 3222; baseline 0.011 -30"><span class='ocrx_word' id='word_1_249' title='bbox 576 3139 948 3196; x_wconf 76' lang='lat' dir='ltr'><strong>Romanorum</strong></span> <span class='ocrx_word' id='word_1_250' title='bbox 970 3147 1204 3199; x_wconf 79' lang='lat' dir='ltr'><strong>fortunae</strong></span> <span class='ocrx_word' id='word_1_251' title='bbox 1247 3164 1310 3203; x_wconf 89' lang='lat' dir='ltr'><strong>ac</strong></span> <span class='ocrx_word' id='word_1_252' title='bbox 1326 3148 1570 3204; x_wconf 79' lang='lat' dir='ltr'><strong>felicitati</strong></span> <span class='ocrx_word' id='word_1_253' title='bbox 1592 3153 1890 3221; x_wconf 87' lang='lat' dir='ltr'><strong>perniciem</strong></span> <span class='ocrx_word' id='word_1_254' title='bbox 1909 3163 2144 3222; x_wconf 86' lang='lat' dir='ltr'><strong>struant,</strong></span> 
     </span>
    </p>
   </div>
   <div class='ocr_carea' id='block_1_35' title="bbox 577 3236 2183 3309">
    <p class='ocr_par' dir='ltr' id='par_1_35' title="bbox 577 3236 2183 3309">
     <span class='ocr_line' id='line_1_35' title="bbox 577 3236 2183 3309; baseline 0.011 -27"><span class='ocrx_word' id='word_1_255' title='bbox 577 3246 767 3285; x_wconf 81' lang='lat' dir='ltr'><strong>eorum</strong></span> <span class='ocrx_word' id='word_1_256' title='bbox 802 3236 1103 3290; x_wconf 84' lang='lat' dir='ltr'><strong>mendaciis</strong></span> <span class='ocrx_word' id='word_1_257' title='bbox 1131 3253 1358 3306; x_wconf 86' lang='lat' dir='ltr'><strong>prorsus</strong></span> <span class='ocrx_word' id='word_1_258' title='bbox 1383 3240 1648 3296; x_wconf 87' lang='lat' dir='ltr'><strong>subactus</strong></span> <span class='ocrx_word' id='word_1_259' title='bbox 1687 3258 1750 3297; x_wconf 89' lang='lat' dir='ltr'><strong>ac</strong></span> <span class='ocrx_word' id='word_1_260' title='bbox 1772 3243 2019 3299; x_wconf 84' lang='lat' dir='ltr'><strong>irretitus</strong></span> <span class='ocrx_word' id='word_1_261' title='bbox 2037 3256 2146 3309; x_wconf 85' lang='lat' dir='ltr'><strong>est,</strong></span> <span class='ocrx_word' id='word_1_262' title='bbox 2178 3263 2183 3268; x_wconf 92' lang='grc'><strong>·</strong></span> 
     </span>
    </p>
   </div>
   <div class='ocr_carea' id='block_1_36' title="bbox 573 3320 2146 3402">
    <p class='ocr_par' dir='ltr' id='par_1_36' title="bbox 573 3320 2146 3402">
     <span class='ocr_line' id='line_1_36' title="bbox 573 3320 2146 3402; baseline 0.011 -30"><span class='ocrx_word' id='word_1_263' title='bbox 573 3320 705 3388; x_wconf 86' lang='lat' dir='ltr'><strong>quid</strong></span> <span class='ocrx_word' id='word_1_264' title='bbox 741 3323 1176 3393; x_wconf 73' lang='lat' dir='ltr'><strong>relinquebatur,</strong></span> <span class='ocrx_word' id='word_1_265' title='bbox 1206 3329 1314 3383; x_wconf 85' lang='lat' dir='ltr'><strong>nisi</strong></span> <span class='ocrx_word' id='word_1_266' title='bbox 1345 3338 1405 3383; x_wconf 92' lang='lat' dir='ltr'><strong>ut</strong></span> <span class='ocrx_word' id='word_1_267' title='bbox 1429 3331 1513 3385; x_wconf 86' lang='lat' dir='ltr'><strong>vel</strong></span> <span class='ocrx_word' id='word_1_268' title='bbox 1534 3334 1721 3400; x_wconf 76' lang='lat' dir='ltr'><strong>angori</strong></span> <span class='ocrx_word' id='word_1_269' title='bbox 1753 3350 1838 3389; x_wconf 88' lang='lat' dir='ltr'><strong>me</strong></span> <span class='ocrx_word' id='word_1_270' title='bbox 1864 3336 2146 3402; x_wconf 84' lang='lat' dir='ltr'><strong>dederem,</strong></span> 
     </span>
    </p>
   </div>
   <div class='ocr_carea' id='block_1_37' title="bbox 575 3413 2148 3500">
    <p class='ocr_par' dir='ltr' id='par_1_37' title="bbox 575 3413 2148 3500">
     <span class='ocr_line' id='line_1_37' title="bbox 575 3413 2148 3500; baseline 0.011 -34"><span class='ocrx_word' id='word_1_271' title='bbox 575 3413 632 3466; x_wconf 89' lang='lat' dir='ltr'><strong>in</strong></span> <span class='ocrx_word' id='word_1_272' title='bbox 667 3415 942 3470; x_wconf 89' lang='lat' dir='ltr'><strong>miseriam</strong></span> <span class='ocrx_word' id='word_1_273' title='bbox 964 3418 1238 3473; x_wconf 89' lang='lat' dir='ltr'><strong>immerito</strong></span> <span class='ocrx_word' id='word_1_274' title='bbox 1257 3436 1379 3476; x_wconf 86' lang='lat' dir='ltr'><strong>meo</strong></span> <span class='ocrx_word' id='word_1_275' title='bbox 1399 3424 1791 3492; x_wconf 67' lang='lat' dir='ltr'><strong>praecipitatus,</strong></span> <span class='ocrx_word' id='word_1_276' title='bbox 1819 3429 2148 3500; x_wconf 84' lang='lat' dir='ltr'><strong>veniamque</strong></span> 
     </span>
    </p>
   </div>
   <div class='ocr_carea' id='block_1_38' title="bbox 577 3514 2146 3590">
    <p class='ocr_par' dir='ltr' id='par_1_38' title="bbox 577 3514 2146 3590">
     <span class='ocr_line' id='line_1_38' title="bbox 577 3514 2146 3590; baseline 0.014 -36"><span class='ocrx_word' id='word_1_277' title='bbox 577 3523 606 3554; x_wconf 85' lang='lat' dir='ltr'><strong>a</strong></span> <span class='ocrx_word' id='word_1_278' title='bbox 658 3516 809 3573; x_wconf 87' lang='lat' dir='ltr'><strong>patre</strong></span> <span class='ocrx_word' id='word_1_279' title='bbox 831 3547 846 3569; x_wconf 90' lang='lat'><strong>,</strong></span> <span class='ocrx_word' id='word_1_280' title='bbox 876 3523 1189 3577; x_wconf 84' lang='lat' dir='ltr'><strong>quanquam</strong></span> <span class='ocrx_word' id='word_1_281' title='bbox 1243 3514 1413 3567; x_wconf 91' lang='lat' dir='ltr'><strong>meris</strong></span> <span class='ocrx_word' id='word_1_282' title='bbox 1446 3515 1739 3572; x_wconf 88' lang='lat' dir='ltr'><strong>calumniis</strong></span> <span class='ocrx_word' id='word_1_283' title='bbox 1777 3531 2146 3590; x_wconf 85' lang='lat' dir='ltr'><strong>oppugnatus,</strong></span> 
     </span>
    </p>
   </div>
   <div class='ocr_carea' id='block_1_39' title="bbox 577 3597 2149 3673">
    <p class='ocr_par' dir='ltr' id='par_1_39' title="bbox 577 3597 2149 3673">
     <span class='ocr_line' id='line_1_39' title="bbox 577 3597 2149 3673; baseline 0.015 -30"><span class='ocrx_word' id='word_1_284' title='bbox 577 3597 993 3659; x_wconf 78' lang='lat' dir='ltr'><strong>peterem?aut</strong></span> <span class='ocrx_word' id='word_1_285' title='bbox 1049 3609 1224 3660; x_wconf 84' lang='lat' dir='ltr'><strong>certe,</strong></span> <span class='ocrx_word' id='word_1_286' title='bbox 1281 3610 1508 3668; x_wconf 90' lang='lat' dir='ltr'><strong>propter</strong></span> <span class='ocrx_word' id='word_1_287' title='bbox 1559 3618 1623 3657; x_wconf 88' lang='lat' dir='ltr'><strong>ea</strong></span> <span class='ocrx_word' id='word_1_288' title='bbox 1671 3621 1794 3673; x_wconf 67' lang='lat' dir='ltr'><strong>qua:</strong></span> <span class='ocrx_word' id='word_1_289' title='bbox 1827 3609 1963 3661; x_wconf 89' lang='lat' dir='ltr'><strong>mihi</strong></span> <span class='ocrx_word' id='word_1_290' title='bbox 2013 3610 2149 3668; x_wconf 84' lang='lat' dir='ltr'><strong>falso</strong></span> 
     </span>
    </p>
   </div>
   <div class='ocr_carea' id='block_1_40' title="bbox 2245 1121 3831 1192">
    <p class='ocr_par' dir='ltr' id='par_1_40' title="bbox 2245 1121 3831 1192">
     <span class='ocr_line' id='line_1_40' title="bbox 2245 1121 3831 1192; baseline 0.001 -19"><span class='ocrx_word' id='word_1_291' title='bbox 2245 1123 2472 1191; x_wconf 80' lang='grc' dir='ltr'>γένηται</span> <span class='ocrx_word' id='word_1_292' title='bbox 2494 1122 2670 1191; x_wconf 84' lang='grc' dir='ltr'>ὑμῶν,</span> <span class='ocrx_word' id='word_1_293' title='bbox 2702 1124 2791 1174; x_wconf 74' lang='grc' dir='ltr'><strong>καὶ</strong></span> <span class='ocrx_word' id='word_1_294' title='bbox 2810 1121 2975 1191; x_wconf 81' lang='grc' dir='ltr'><strong>εὐχῆς</strong></span> <span class='ocrx_word' id='word_1_295' title='bbox 3000 1121 3162 1191; x_wconf 78' lang='grc' dir='ltr'>ἔργον</span> <span class='ocrx_word' id='word_1_296' title='bbox 3193 1121 3432 1192; x_wconf 82' lang='grc' dir='ltr'>ἡγοῦμαι</span> <span class='ocrx_word' id='word_1_297' title='bbox 3456 1123 3514 1175; x_wconf 87' lang='grc' dir='ltr'><strong>τὸ</strong></span> <span class='ocrx_word' id='word_1_298' title='bbox 3535 1123 3629 1176; x_wconf 79' lang='grc' dir='ltr'>καὶ</span> <span class='ocrx_word' id='word_1_299' title='bbox 3649 1123 3831 1176; x_wconf 69' lang='grc' dir='ltr'><strong>ὑπνω-</strong></span> 
     </span>
    </p>
   </div>
   <div class='ocr_carea' id='block_1_41' title="bbox 2243 1204 3830 1282">
    <p class='ocr_par' dir='ltr' id='par_1_41' title="bbox 2243 1204 3830 1282">
     <span class='ocr_line' id='line_1_41' title="bbox 2243 1204 3830 1282; baseline -0.001 -16"><span class='ocrx_word' id='word_1_300' title='bbox 2243 1211 2338 1266; x_wconf 88' lang='grc' dir='ltr'><strong>οῦν</strong></span> <span class='ocrx_word' id='word_1_301' title='bbox 2359 1213 2500 1282; x_wconf 77' lang='grc' dir='ltr'>ὑπὲρ</span> <span class='ocrx_word' id='word_1_302' title='bbox 2517 1204 2592 1264; x_wconf 82' lang='grc' dir='ltr'><strong>ὧν</strong></span> <span class='ocrx_word' id='word_1_303' title='bbox 2614 1209 3026 1279; x_wconf 84' lang='grc' dir='ltr'>κατηγοροῦμαι</span> <span class='ocrx_word' id='word_1_304' title='bbox 3052 1211 3244 1282; x_wconf 74' lang='grc' dir='ltr'>καιρόν</span> <span class='ocrx_word' id='word_1_305' title='bbox 3268 1228 3388 1264; x_wconf 89' lang='grc' dir='ltr'>τινα</span> <span class='ocrx_word' id='word_1_306' title='bbox 3405 1211 3662 1282; x_wconf 74' lang='grc' dir='ltr'><strong>εὑρήσειν</strong></span> <span class='ocrx_word' id='word_1_307' title='bbox 3687 1213 3830 1266; x_wconf 64' lang='grc' dir='ltr'>ἀπο-</span> 
     </span>
    </p>
   </div>
   <div class='ocr_carea' id='block_1_42' title="bbox 2249 1303 3830 1376">
    <p class='ocr_par' dir='ltr' id='par_1_42' title="bbox 2249 1303 3830 1376">
     <span class='ocr_line' id='line_1_42' title="bbox 2249 1303 3830 1376; baseline 0.001 -19"><span class='ocrx_word' id='word_1_308' title='bbox 2249 1304 2458 1372; x_wconf 77' lang='grc' dir='ltr'><strong>λογίας.</strong></span> <span class='ocrx_word' id='word_1_309' title='bbox 2503 1304 2576 1357; x_wconf 87' lang='grc' dir='ltr'>Οὐ</span> <span class='ocrx_word' id='word_1_310' title='bbox 2605 1303 2816 1356; x_wconf 87' lang='grc' dir='ltr'>δίκαιον</span> <span class='ocrx_word' id='word_1_311' title='bbox 2848 1303 2906 1356; x_wconf 76' lang='grc' dir='ltr'>δὲ</span> <span class='ocrx_word' id='word_1_312' title='bbox 2940 1304 3206 1376; x_wconf 73' lang='grc' dir='ltr'>ἡγοῦμαι.</span> <span class='ocrx_word' id='word_1_313' title='bbox 3236 1303 3362 1357; x_wconf 77' lang='grc' dir='ltr'>οὔτε</span> <span class='ocrx_word' id='word_1_314' title='bbox 3389 1306 3493 1374; x_wconf 76' lang='grc' dir='ltr'><strong>μήν</strong></span> <span class='ocrx_word' id='word_1_315' title='bbox 3519 1321 3639 1358; x_wconf 90' lang='grc' dir='ltr'>τινα</span> <span class='ocrx_word' id='word_1_316' title='bbox 3673 1306 3830 1372; x_wconf 72' lang='grc' dir='ltr'>λόγον</span> 
     </span>
    </p>
   </div>
   <div class='ocr_carea' id='block_1_43' title="bbox 2247 1394 3828 1466">
    <p class='ocr_par' dir='ltr' id='par_1_43' title="bbox 2247 1394 3828 1466">
     <span class='ocr_line' id='line_1_43' title="bbox 2247 1394 3828 1466; baseline 0.001 -18"><span class='ocrx_word' id='word_1_317' title='bbox 2247 1396 2442 1460; x_wconf 76' lang='grc' dir='ltr'>σῶζον,</span> <span class='ocrx_word' id='word_1_318' title='bbox 2469 1395 2570 1464; x_wconf 74' lang='grc' dir='ltr'>ἐμὲ</span> <span class='ocrx_word' id='word_1_319' title='bbox 2606 1394 2703 1464; x_wconf 77' lang='grc' dir='ltr'>μὲν</span> <span class='ocrx_word' id='word_1_320' title='bbox 2732 1395 2992 1458; x_wconf 80' lang='grc' dir='ltr'><strong>πολλάκις</strong></span> <span class='ocrx_word' id='word_1_321' title='bbox 3025 1395 3124 1464; x_wconf 84' lang='grc' dir='ltr'>τῆς</span> <span class='ocrx_word' id='word_1_322' title='bbox 3155 1396 3237 1459; x_wconf 80' lang='grc' dir='ltr'><strong>είς</strong></span> <span class='ocrx_word' id='word_1_323' title='bbox 3265 1397 3356 1450; x_wconf 81' lang='grc' dir='ltr'><strong>τὸν</strong></span> <span class='ocrx_word' id='word_1_324' title='bbox 3389 1397 3612 1466; x_wconf 69' lang='grc' dir='ltr'>βασιλέα</span> <span class='ocrx_word' id='word_1_325' title='bbox 3645 1397 3828 1460; x_wconf 86' lang='grc' dir='ltr'>αἰδοῦς</span> 
     </span>
    </p>
   </div>
   <div class='ocr_carea' id='block_1_44' title="bbox 2245 1485 3824 1558">
    <p class='ocr_par' dir='ltr' id='par_1_44' title="bbox 2245 1485 3824 1558">
     <span class='ocr_line' id='line_1_44' title="bbox 2245 1485 3824 1558; baseline 0.001 -20"><span class='ocrx_word' id='word_1_326' title='bbox 2245 1489 2339 1539; x_wconf 69' lang='grc' dir='ltr'><strong>καὶ</strong></span> <span class='ocrx_word' id='word_1_327' title='bbox 2380 1485 2694 1550; x_wconf 79' lang='grc' dir='ltr'><strong>εὐπειθείας</strong></span> <span class='ocrx_word' id='word_1_328' title='bbox 2735 1487 2917 1549; x_wconf 82' lang='grc' dir='ltr'>αὐτοῖς</span> <span class='ocrx_word' id='word_1_329' title='bbox 2953 1487 3138 1558; x_wconf 79' lang='grc' dir='ltr'>ἔργοις</span> <span class='ocrx_word' id='word_1_330' title='bbox 3181 1490 3432 1556; x_wconf 73' lang='grc' dir='ltr'><strong>ἐναργεῖς</strong></span> <span class='ocrx_word' id='word_1_331' title='bbox 3479 1488 3824 1558; x_wconf 75' lang='grc' dir='ltr'>παρέχεσθαι</span> 
     </span>
    </p>
   </div>
   <div class='ocr_carea' id='block_1_45' title="bbox 2246 1579 3823 1650">
    <p class='ocr_par' dir='ltr' id='par_1_45' title="bbox 2246 1579 3823 1650">
     <span class='ocr_line' id='line_1_45' title="bbox 2246 1579 3823 1650; baseline 0.002 -19"><span class='ocrx_word' id='word_1_332' title='bbox 2246 1580 2344 1642; x_wconf 82' lang='grc' dir='ltr'>τὰς</span> <span class='ocrx_word' id='word_1_333' title='bbox 2374 1579 2701 1645; x_wconf 77' lang='grc' dir='ltr'>ἀποδείξεις,</span> <span class='ocrx_word' id='word_1_334' title='bbox 2747 1581 2848 1649; x_wconf 72' lang='grc' dir='ltr'>τῆς</span> <span class='ocrx_word' id='word_1_335' title='bbox 2869 1581 2988 1647; x_wconf 87' lang='grc' dir='ltr'>ῖσης</span> <span class='ocrx_word' id='word_1_336' title='bbox 3015 1581 3071 1633; x_wconf 78' lang='grc' dir='ltr'>δὲ</span> <span class='ocrx_word' id='word_1_337' title='bbox 3095 1581 3305 1642; x_wconf 89' lang='grc' dir='ltr'>εὐνοίας</span> <span class='ocrx_word' id='word_1_338' title='bbox 3333 1581 3452 1635; x_wconf 81' lang='grc' dir='ltr'>οὐδὲ</span> <span class='ocrx_word' id='word_1_339' title='bbox 3480 1583 3663 1650; x_wconf 77' lang='grc' dir='ltr'>λόγοις</span> <span class='ocrx_word' id='word_1_340' title='bbox 3690 1580 3823 1650; x_wconf 88' lang='grc' dir='ltr'>γοῦν</span> 
     </span>
    </p>
   </div>
   <div class='ocr_carea' id='block_1_46' title="bbox 2245 1669 3823 1743">
    <p class='ocr_par' dir='ltr' id='par_1_46' title="bbox 2245 1669 3823 1743">
     <span class='ocr_line' id='line_1_46' title="bbox 2245 1669 3823 1743; baseline 0.004 -23"><span class='ocrx_word' id='word_1_341' title='bbox 2245 1670 2418 1739; x_wconf 62' lang='grc' dir='ltr'>ψιλοῖς</span> <span class='ocrx_word' id='word_1_342' title='bbox 2463 1669 2745 1736; x_wconf 76' lang='grc' dir='ltr'>ἀξιοῦσθαι</span> <span class='ocrx_word' id='word_1_343' title='bbox 2797 1673 2925 1739; x_wconf 85' lang='grc' dir='ltr'>παρ’</span> <span class='ocrx_word' id='word_1_344' title='bbox 2958 1672 3145 1726; x_wconf 84' lang='grc' dir='ltr'>αὐτοῦ.</span> <span class='ocrx_word' id='word_1_345' title='bbox 3190 1673 3448 1740; x_wconf 82' lang='grc' dir='ltr'>Καίτοιγε</span> <span class='ocrx_word' id='word_1_346' title='bbox 3482 1674 3646 1743; x_wconf 84' lang='grc' dir='ltr'>ὲχρῆν</span> <span class='ocrx_word' id='word_1_347' title='bbox 3688 1674 3823 1742; x_wconf 71' lang='grc' dir='ltr'>πρὸς</span> 
     </span>
    </p>
   </div>
   <div class='ocr_carea' id='block_1_47' title="bbox 2248 1763 3826 1834">
    <p class='ocr_par' dir='ltr' id='par_1_47' title="bbox 2248 1763 3826 1834">
     <span class='ocr_line' id='line_1_47' title="bbox 2248 1763 3826 1834; baseline 0.002 -20"><span class='ocrx_word' id='word_1_348' title='bbox 2248 1763 2343 1825; x_wconf 85' lang='grc' dir='ltr'><strong>τάς</strong></span> <span class='ocrx_word' id='word_1_349' title='bbox 2367 1764 2592 1832; x_wconf 71' lang='grc' dir='ltr'>πράξεις</span> <span class='ocrx_word' id='word_1_350' title='bbox 2611 1764 2707 1826; x_wconf 71' lang='grc' dir='ltr'>τὰς</span> <span class='ocrx_word' id='word_1_351' title='bbox 2738 1765 2875 1832; x_wconf 79' lang='grc' dir='ltr'>ὲμάς</span> <span class='ocrx_word' id='word_1_352' title='bbox 2895 1765 3017 1828; x_wconf 79' lang='grc' dir='ltr'>τοὺς</span> <span class='ocrx_word' id='word_1_353' title='bbox 3043 1764 3152 1818; x_wconf 89' lang='grc' dir='ltr'><strong>τῶν</strong></span> <span class='ocrx_word' id='word_1_354' title='bbox 3176 1765 3520 1834; x_wconf 79' lang='grc' dir='ltr'>συκοφαντῶν</span> <span class='ocrx_word' id='word_1_355' title='bbox 3543 1767 3826 1834; x_wconf 79' lang='grc' dir='ltr'>παραϐάλ-</span> 
     </span>
    </p>
   </div>
   <div class='ocr_carea' id='block_1_48' title="bbox 2247 1853 3823 1925">
    <p class='ocr_par' dir='ltr' id='par_1_48' title="bbox 2247 1853 3823 1925">
     <span class='ocr_line' id='line_1_48' title="bbox 2247 1853 3823 1925; baseline 0.003 -21"><span class='ocrx_word' id='word_1_356' title='bbox 2247 1853 2407 1906; x_wconf 86' lang='grc' dir='ltr'>λοντα</span> <span class='ocrx_word' id='word_1_357' title='bbox 2435 1855 2646 1922; x_wconf 84' lang='grc' dir='ltr'>λόγους,</span> <span class='ocrx_word' id='word_1_358' title='bbox 2680 1853 2713 1922; x_wconf 80' lang='grc' dir='ltr'>ἢ</span> <span class='ocrx_word' id='word_1_359' title='bbox 2748 1856 2997 1918; x_wconf 72' lang='grc' dir='ltr'>κολάζειν</span> <span class='ocrx_word' id='word_1_360' title='bbox 3029 1856 3226 1917; x_wconf 74' lang='grc' dir='ltr'>αὐτοὺς</span> <span class='ocrx_word' id='word_1_361' title='bbox 3259 1855 3426 1919; x_wconf 76' lang='grc' dir='ltr'>ἀξίως</span> <span class='ocrx_word' id='word_1_362' title='bbox 3455 1856 3555 1924; x_wconf 75' lang='grc' dir='ltr'><strong>τῆς</strong></span> <span class='ocrx_word' id='word_1_363' title='bbox 3583 1871 3823 1925; x_wconf 75' lang='grc' dir='ltr'>κακουρ·</span> 
     </span>
    </p>
   </div>
   <div class='ocr_carea' id='block_1_49' title="bbox 2249 1946 3823 2015">
    <p class='ocr_par' dir='ltr' id='par_1_49' title="bbox 2249 1946 3823 2015">
     <span class='ocr_line' id='line_1_49' title="bbox 2249 1946 3823 2015; baseline 0.002 -18"><span class='ocrx_word' id='word_1_364' title='bbox 2249 1947 2372 2013; x_wconf 86' lang='grc' dir='ltr'>γίας</span> <span class='ocrx_word' id='word_1_365' title='bbox 2399 1946 2608 2000; x_wconf 77' lang='grc' dir='ltr'>ἑαυτῶν</span> <span class='ocrx_word' id='word_1_366' title='bbox 2657 1948 2750 2011; x_wconf 85' lang='grc' dir='ltr'><strong>(ὼς</strong></span> <span class='ocrx_word' id='word_1_367' title='bbox 2780 1947 2845 2000; x_wconf 79' lang='grc' dir='ltr'>ἂν</span> <span class='ocrx_word' id='word_1_368' title='bbox 2873 1948 3027 2001; x_wconf 85' lang='grc' dir='ltr'>αὐτοί</span> <span class='ocrx_word' id='word_1_369' title='bbox 3053 1963 3113 2000; x_wconf 73' lang='grc' dir='ltr'><strong>τε</strong></span> <span class='ocrx_word' id='word_1_370' title='bbox 3141 1946 3398 2000; x_wconf 78' lang='grc' dir='ltr'>πάύοιντο</span> <span class='ocrx_word' id='word_1_371' title='bbox 3429 1947 3823 2015; x_wconf 79' lang='grc' dir='ltr'>συκοφαντοῦνο</span> 
     </span>
    </p>
   </div>
   <div class='ocr_carea' id='block_1_50' title="bbox 2247 2033 3823 2108">
    <p class='ocr_par' dir='ltr' id='par_1_50' title="bbox 2247 2033 3823 2108">
     <span class='ocr_line' id='line_1_50' title="bbox 2247 2033 3823 2108; baseline 0.002 -20"><span class='ocrx_word' id='word_1_372' title='bbox 2247 2053 2360 2099; x_wconf 84' lang='grc' dir='ltr'>τες,</span> <span class='ocrx_word' id='word_1_373' title='bbox 2389 2037 2481 2088; x_wconf 74' lang='grc' dir='ltr'><strong>καὶ</strong></span> <span class='ocrx_word' id='word_1_374' title='bbox 2510 2037 2620 2098; x_wconf 71' lang='grc' dir='ltr'>τοῖς</span> <span class='ocrx_word' id='word_1_375' title='bbox 2651 2037 2830 2101; x_wconf 87' lang='grc' dir='ltr'>ἄλλοις</span> <span class='ocrx_word' id='word_1_376' title='bbox 2861 2033 2969 2091; x_wconf 79' lang='grc' dir='ltr'>εἷεν</span> <span class='ocrx_word' id='word_1_377' title='bbox 2996 2037 3339 2106; x_wconf 74' lang='grc' dir='ltr'>παράδειγμα</span> <span class='ocrx_word' id='word_1_378' title='bbox 3363 2037 3760 2108; x_wconf 72' lang='grc' dir='ltr'>σωφροσύνης),</span> <span class='ocrx_word' id='word_1_379' title='bbox 3788 2037 3823 2105; x_wconf 79' lang='grc' dir='ltr'>ἢ</span> 
     </span>
    </p>
   </div>
   <div class='ocr_carea' id='block_1_51' title="bbox 2248 2125 3828 2197">
    <p class='ocr_par' dir='ltr' id='par_1_51' title="bbox 2248 2125 3828 2197">
     <span class='ocr_line' id='line_1_51' title="bbox 2248 2125 3828 2197; baseline 0 -19"><span class='ocrx_word' id='word_1_380' title='bbox 2248 2125 2376 2193; x_wconf 77' lang='grc' dir='ltr'>τόγε</span> <span class='ocrx_word' id='word_1_381' title='bbox 2406 2125 2677 2197; x_wconf 85' lang='grc' dir='ltr'>δεύτερον,</span> <span class='ocrx_word' id='word_1_382' title='bbox 2711 2128 2893 2190; x_wconf 84' lang='grc' dir='ltr'>αὐτοῖς</span> <span class='ocrx_word' id='word_1_383' title='bbox 2935 2129 3034 2196; x_wconf 86' lang='grc' dir='ltr'><strong>μὲν</strong></span> <span class='ocrx_word' id='word_1_384' title='bbox 3063 2127 3309 2197; x_wconf 83' lang='grc' dir='ltr'>σφοδρῶς</span> <span class='ocrx_word' id='word_1_385' title='bbox 3343 2128 3700 2197; x_wconf 64' lang='grc' dir='ltr'>ἐπιπλήττειν</span> <span class='ocrx_word' id='word_1_386' title='bbox 3733 2127 3828 2179; x_wconf 37' lang='lat' dir='ltr'><strong>xl!</strong></span> 
     </span>
    </p>
   </div>
   <div class='ocr_carea' id='block_1_52' title="bbox 2250 2218 3828 2292">
    <p class='ocr_par' dir='ltr' id='par_1_52' title="bbox 2250 2218 3828 2292">
     <span class='ocr_line' id='line_1_52' title="bbox 2250 2218 3828 2292; baseline 0.003 -22"><span class='ocrx_word' id='word_1_387' title='bbox 2250 2219 2511 2288; x_wconf 74' lang='grc' dir='ltr'>ἐπιτιμᾷν</span> <span class='ocrx_word' id='word_1_388' title='bbox 2541 2218 2633 2272; x_wconf 79' lang='grc' dir='ltr'><strong>τοῦ</strong></span> <span class='ocrx_word' id='word_1_389' title='bbox 2665 2220 2887 2274; x_wconf 81' lang='grc' dir='ltr'>τοιαῦτα</span> <span class='ocrx_word' id='word_1_390' title='bbox 2921 2221 3082 2274; x_wconf 77' lang='grc' dir='ltr'>ἕνεκα</span> <span class='ocrx_word' id='word_1_391' title='bbox 3111 2221 3318 2292; x_wconf 77' lang='grc' dir='ltr'>τολμᾷν</span> <span class='ocrx_word' id='word_1_392' title='bbox 3339 2237 3354 2252; x_wconf 86' lang='grc'>·</span> <span class='ocrx_word' id='word_1_393' title='bbox 3383 2221 3610 2291; x_wconf 81' lang='grc' dir='ltr'>βεϐαίαν</span> <span class='ocrx_word' id='word_1_394' title='bbox 3642 2221 3697 2274; x_wconf 72' lang='grc' dir='ltr'>δὲ</span> <span class='ocrx_word' id='word_1_395' title='bbox 3732 2222 3828 2274; x_wconf 76' lang='grc' dir='ltr'>καὶ</span> 
     </span>
    </p>
   </div>
   <div class='ocr_carea' id='block_1_53' title="bbox 2250 2309 3824 2383">
    <p class='ocr_par' dir='ltr' id='par_1_53' title="bbox 2250 2309 3824 2383">
     <span class='ocr_line' id='line_1_53' title="bbox 2250 2309 3824 2383; baseline 0.002 -22"><span class='ocrx_word' id='word_1_396' title='bbox 2250 2309 2598 2381; x_wconf 76' lang='grc' dir='ltr'>ἡδρασμὲνην</span> <span class='ocrx_word' id='word_1_397' title='bbox 2631 2311 2728 2381; x_wconf 78' lang='grc' dir='ltr'>τὴν</span> <span class='ocrx_word' id='word_1_398' title='bbox 2766 2314 2846 2373; x_wconf 83' lang='grc' dir='ltr'><strong>είς</strong></span> <span class='ocrx_word' id='word_1_399' title='bbox 2886 2313 2982 2380; x_wconf 76' lang='grc' dir='ltr'><strong>ἐμὲ</strong></span> <span class='ocrx_word' id='word_1_400' title='bbox 3013 2311 3228 2365; x_wconf 76' lang='grc' dir='ltr'>εὔνοιαν</span> <span class='ocrx_word' id='word_1_401' title='bbox 3254 2315 3465 2382; x_wconf 78' lang='grc' dir='ltr'>τηρεῖν,</span> <span class='ocrx_word' id='word_1_402' title='bbox 3492 2315 3630 2383; x_wconf 83' lang='grc' dir='ltr'>ὅπερ</span> <span class='ocrx_word' id='word_1_403' title='bbox 3664 2313 3824 2382; x_wconf 73' lang='grc' dir='ltr'>ἔφην,</span> 
     </span>
    </p>
   </div>
   <div class='ocr_carea' id='block_1_54' title="bbox 2247 2402 3825 2473">
    <p class='ocr_par' dir='ltr' id='par_1_54' title="bbox 2247 2402 3825 2473">
     <span class='ocr_line' id='line_1_54' title="bbox 2247 2402 3825 2473; baseline 0.003 -19"><span class='ocrx_word' id='word_1_404' title='bbox 2247 2403 2311 2455; x_wconf 77' lang='grc' dir='ltr'>ὲκ</span> <span class='ocrx_word' id='word_1_405' title='bbox 2335 2402 2442 2456; x_wconf 87' lang='grc' dir='ltr'><strong>τῶν</strong></span> <span class='ocrx_word' id='word_1_406' title='bbox 2475 2402 2652 2472; x_wconf 78' lang='grc' dir='ltr'>ἔργων</span> <span class='ocrx_word' id='word_1_407' title='bbox 2712 2406 2902 2471; x_wconf 77' lang='grc' dir='ltr'>σαφεῖς</span> <span class='ocrx_word' id='word_1_408' title='bbox 2930 2403 3122 2473; x_wconf 73' lang='grc' dir='ltr'>ἔχοντα</span> <span class='ocrx_word' id='word_1_409' title='bbox 3150 2405 3248 2468; x_wconf 82' lang='grc' dir='ltr'>τὰς</span> <span class='ocrx_word' id='word_1_410' title='bbox 3276 2405 3602 2470; x_wconf 81' lang='grc' dir='ltr'>ἀποδείξεις,</span> <span class='ocrx_word' id='word_1_411' title='bbox 3636 2405 3710 2468; x_wconf 84' lang='grc' dir='ltr'>ὡς</span> <span class='ocrx_word' id='word_1_412' title='bbox 3735 2407 3825 2458; x_wconf 85' lang='grc' dir='ltr'>εὐ-</span> 
     </span>
    </p>
   </div>
   <div class='ocr_carea' id='block_1_55' title="bbox 2246 2495 3824 2567">
    <p class='ocr_par' dir='ltr' id='par_1_55' title="bbox 2246 2495 3824 2567">
     <span class='ocr_line' id='line_1_55' title="bbox 2246 2495 3824 2567; baseline 0.001 -19"><span class='ocrx_word' id='word_1_413' title='bbox 2246 2497 2538 2558; x_wconf 79' lang='grc' dir='ltr'>νούστατος</span> <span class='ocrx_word' id='word_1_414' title='bbox 2567 2495 2679 2563; x_wconf 73' lang='grc' dir='ltr'><strong>ἐγὼ</strong></span> <span class='ocrx_word' id='word_1_415' title='bbox 2706 2500 2832 2564; x_wconf 71' lang='grc' dir='ltr'>περὶ</span> <span class='ocrx_word' id='word_1_416' title='bbox 2859 2497 3042 2562; x_wconf 66' lang='grc' dir='ltr'>αὐτὸν,</span> <span class='ocrx_word' id='word_1_417' title='bbox 3072 2502 3164 2551; x_wconf 77' lang='grc' dir='ltr'>καὶ</span> <span class='ocrx_word' id='word_1_418' title='bbox 3193 2499 3292 2564; x_wconf 80' lang='grc' dir='ltr'><strong>τὴν</strong></span> <span class='ocrx_word' id='word_1_419' title='bbox 3323 2498 3473 2551; x_wconf 68' lang='grc' dir='ltr'>παιδὶ</span> <span class='ocrx_word' id='word_1_420' title='bbox 3505 2504 3824 2567; x_wconf 77' lang='grc' dir='ltr'>πρέπουσαν</span> 
     </span>
    </p>
   </div>
   <div class='ocr_carea' id='block_1_56' title="bbox 2245 2587 3827 2660">
    <p class='ocr_par' dir='ltr' id='par_1_56' title="bbox 2245 2587 3827 2660">
     <span class='ocr_line' id='line_1_56' title="bbox 2245 2587 3827 2660; baseline 0 -18"><span class='ocrx_word' id='word_1_421' title='bbox 2245 2587 2437 2659; x_wconf 75' lang='grc' dir='ltr'>ἀγαθῷ</span> <span class='ocrx_word' id='word_1_422' title='bbox 2468 2589 2599 2658; x_wconf 75' lang='grc' dir='ltr'>πρὸς</span> <span class='ocrx_word' id='word_1_423' title='bbox 2628 2591 2839 2660; x_wconf 80' lang='grc' dir='ltr'>πατέρα</span> <span class='ocrx_word' id='word_1_424' title='bbox 2870 2590 3003 2643; x_wconf 66' lang='grc' dir='ltr'>αἰδῶ</span> <span class='ocrx_word' id='word_1_425' title='bbox 3029 2609 3088 2642; x_wconf 88' lang='grc' dir='ltr'><strong>τε</strong></span> <span class='ocrx_word' id='word_1_426' title='bbox 3117 2590 3211 2656; x_wconf 64' lang='grc' dir='ltr'><strong>καὶ</strong></span> <span class='ocrx_word' id='word_1_427' title='bbox 3242 2589 3554 2644; x_wconf 75' lang='grc' dir='ltr'>εὐπείθειαν</span> <span class='ocrx_word' id='word_1_428' title='bbox 3583 2594 3674 2644; x_wconf 73' lang='grc' dir='ltr'><strong>καὶ</strong></span> <span class='ocrx_word' id='word_1_429' title='bbox 3706 2590 3827 2644; x_wconf 72' lang='lat' dir='ltr'><strong>6w-</strong></span> 
     </span>
    </p>
   </div>
   <div class='ocr_carea' id='block_1_57' title="bbox 2250 2676 3825 2754">
    <p class='ocr_par' dir='ltr' id='par_1_57' title="bbox 2250 2676 3825 2754">
     <span class='ocr_line' id='line_1_57' title="bbox 2250 2676 3825 2754; baseline 0.002 -24"><span class='ocrx_word' id='word_1_430' title='bbox 2250 2680 2400 2731; x_wconf 86' lang='grc' dir='ltr'>λείαν</span> <span class='ocrx_word' id='word_1_431' title='bbox 2431 2679 2750 2742; x_wconf 76' lang='grc' dir='ltr'>ἀποσώζων.</span> <span class='ocrx_word' id='word_1_432' title='bbox 2797 2681 2950 2734; x_wconf 71' lang='grc' dir='ltr'>Ἐπεὶ</span> <span class='ocrx_word' id='word_1_433' title='bbox 2980 2681 3036 2735; x_wconf 82' lang='grc' dir='ltr'>δὲ</span> <span class='ocrx_word' id='word_1_434' title='bbox 3066 2682 3224 2735; x_wconf 85' lang='grc' dir='ltr'>τοῦτο</span> <span class='ocrx_word' id='word_1_435' title='bbox 3259 2684 3359 2750; x_wconf 80' lang='grc' dir='ltr'>μὲν</span> <span class='ocrx_word' id='word_1_436' title='bbox 3387 2683 3484 2754; x_wconf 74' lang='grc' dir='ltr'><strong>τήν</strong></span> <span class='ocrx_word' id='word_1_437' title='bbox 3516 2685 3761 2736; x_wconf 78' lang='grc' dir='ltr'>ἐναντίαν</span> 
     </span>
    </p>
   </div>
   <div class='ocr_carea' id='block_1_58' title="bbox 2252 2771 3824 2845">
    <p class='ocr_par' dir='ltr' id='par_1_58' title="bbox 2252 2771 3824 2845">
     <span class='ocr_line' id='line_1_58' title="bbox 2252 2771 3824 2845; baseline 0.003 -23"><span class='ocrx_word' id='word_1_438' title='bbox 2252 2771 2530 2840; x_wconf 80' lang='grc' dir='ltr'>προσῆκεν</span> <span class='ocrx_word' id='word_1_439' title='bbox 2570 2772 2750 2841; x_wconf 72' lang='grc' dir='ltr'>εἴληχε</span> <span class='ocrx_word' id='word_1_440' title='bbox 2790 2772 2973 2836; x_wconf 76' lang='grc' dir='ltr'>τάξιν.</span> <span class='ocrx_word' id='word_1_441' title='bbox 3013 2774 3104 2827; x_wconf 74' lang='grc' dir='ltr'><strong>καὶ</strong></span> <span class='ocrx_word' id='word_1_442' title='bbox 3137 2774 3206 2828; x_wconf 87' lang='grc' dir='ltr'><strong>τά</strong></span> <span class='ocrx_word' id='word_1_443' title='bbox 3253 2776 3355 2845; x_wconf 79' lang='grc' dir='ltr'><strong>μὲν</strong></span> <span class='ocrx_word' id='word_1_444' title='bbox 3403 2775 3651 2845; x_wconf 83' lang='grc' dir='ltr'>ήμὲτερα</span> <span class='ocrx_word' id='word_1_445' title='bbox 3685 2774 3824 2842; x_wconf 77' lang='grc' dir='ltr'>ἔργα</span> 
     </span>
    </p>
   </div>
   <div class='ocr_carea' id='block_1_59' title="bbox 2247 2861 3822 2937">
    <p class='ocr_par' dir='ltr' id='par_1_59' title="bbox 2247 2861 3822 2937">
     <span class='ocr_line' id='line_1_59' title="bbox 2247 2861 3822 2937; baseline 0.001 -21"><span class='ocrx_word' id='word_1_446' title='bbox 2247 2864 2345 2931; x_wconf 80' lang='grc' dir='ltr'>τῆς</span> <span class='ocrx_word' id='word_1_447' title='bbox 2397 2863 2662 2932; x_wconf 80' lang='grc' dir='ltr'>βασιλέως</span> <span class='ocrx_word' id='word_1_448' title='bbox 2707 2865 3006 2937; x_wconf 72' lang='grc' dir='ltr'>ἐξερρύηκε</span> <span class='ocrx_word' id='word_1_449' title='bbox 3041 2867 3262 2937; x_wconf 80' lang='grc' dir='ltr'>μνήμης</span> <span class='ocrx_word' id='word_1_450' title='bbox 3305 2869 3604 2929; x_wconf 85' lang='grc' dir='ltr'>παντελῶς,</span> <span class='ocrx_word' id='word_1_451' title='bbox 3632 2861 3712 2929; x_wconf 76' lang='grc' dir='ltr'>οἷς</span> <span class='ocrx_word' id='word_1_452' title='bbox 3767 2868 3822 2920; x_wconf 76' lang='grc' dir='ltr'>δὲ</span> 
     </span>
    </p>
   </div>
   <div class='ocr_carea' id='block_1_60' title="bbox 2249 2955 3824 3028">
    <p class='ocr_par' dir='ltr' id='par_1_60' title="bbox 2249 2955 3824 3028">
     <span class='ocr_line' id='line_1_60' title="bbox 2249 2955 3824 3028; baseline 0.003 -22"><span class='ocrx_word' id='word_1_453' title='bbox 2249 2955 2409 3023; x_wconf 73' lang='grc' dir='ltr'>ἔργον</span> <span class='ocrx_word' id='word_1_454' title='bbox 2441 2957 2701 3026; x_wconf 80' lang='grc' dir='ltr'>ἐπιμελὲς</span> <span class='ocrx_word' id='word_1_455' title='bbox 2726 2960 2872 3028; x_wconf 75' lang='grc' dir='ltr'>ἡμᾶς</span> <span class='ocrx_word' id='word_1_456' title='bbox 2891 2958 3139 3028; x_wconf 76' lang='grc' dir='ltr'>ἀλλήλοις</span> <span class='ocrx_word' id='word_1_457' title='bbox 3163 2959 3547 3021; x_wconf 77' lang='grc' dir='ltr'>διαϐάλλοντας</span> <span class='ocrx_word' id='word_1_458' title='bbox 3579 2962 3644 3028; x_wconf 83' lang='grc' dir='ltr'>τῇ</span> <span class='ocrx_word' id='word_1_459' title='bbox 3669 2961 3824 3028; x_wconf 78' lang='grc' dir='ltr'>κοινῇ</span> 
     </span>
    </p>
   </div>
   <div class='ocr_carea' id='block_1_61' title="bbox 2249 3043 3824 3117">
    <p class='ocr_par' dir='ltr' id='par_1_61' title="bbox 2249 3043 3824 3117">
     <span class='ocr_line' id='line_1_61' title="bbox 2249 3043 3824 3117; baseline 0.001 -21"><span class='ocrx_word' id='word_1_460' title='bbox 2249 3043 2903 3116; x_wconf 78' lang='grc' dir='ltr'>λυμαίνεσθαιῬωμαίων</span> <span class='ocrx_word' id='word_1_461' title='bbox 2935 3048 3253 3117; x_wconf 61' lang='grc' dir='ltr'>εὐδαιμονίᾳ</span> <span class='ocrx_word' id='word_1_462' title='bbox 3275 3089 3287 3110; x_wconf 90' lang='grc'><strong>,</strong></span> <span class='ocrx_word' id='word_1_463' title='bbox 3328 3051 3440 3111; x_wconf 88' lang='grc' dir='ltr'>τοῖς</span> <span class='ocrx_word' id='word_1_464' title='bbox 3470 3048 3648 3115; x_wconf 75' lang='grc' dir='ltr'>λόγοις</span> <span class='ocrx_word' id='word_1_465' title='bbox 3683 3064 3786 3100; x_wconf 83' lang='grc' dir='ltr'><strong>κατ</strong></span> <span class='ocrx_word' id='word_1_466' title='bbox 3806 3078 3824 3087; x_wconf 84' lang='grc'><strong>-</strong></span> 
     </span>
    </p>
   </div>
   <div class='ocr_carea' id='block_1_62' title="bbox 2249 3138 3825 3212">
    <p class='ocr_par' dir='ltr' id='par_1_62' title="bbox 2249 3138 3825 3212">
     <span class='ocr_line' id='line_1_62' title="bbox 2249 3138 3825 3212; baseline 0.002 -22"><span class='ocrx_word' id='word_1_467' title='bbox 2249 3138 2426 3207; x_wconf 87' lang='grc' dir='ltr'>ἀκρας</span> <span class='ocrx_word' id='word_1_468' title='bbox 2489 3139 2654 3205; x_wconf 79' lang='grc' dir='ltr'>ἑάλω,</span> <span class='ocrx_word' id='word_1_469' title='bbox 2695 3140 2748 3192; x_wconf 88' lang='grc' dir='ltr'><strong>τί</strong></span> <span class='ocrx_word' id='word_1_470' title='bbox 2785 3140 2974 3194; x_wconf 83' lang='grc' dir='ltr'>λοιπὸν</span> <span class='ocrx_word' id='word_1_471' title='bbox 3009 3141 3040 3211; x_wconf 75' lang='grc' dir='ltr'>ἢ</span> <span class='ocrx_word' id='word_1_472' title='bbox 3085 3143 3289 3212; x_wconf 79' lang='grc' dir='ltr'>σφόδρα</span> <span class='ocrx_word' id='word_1_473' title='bbox 3329 3142 3432 3210; x_wconf 80' lang='grc' dir='ltr'>μὲν</span> <span class='ocrx_word' id='word_1_474' title='bbox 3463 3142 3700 3212; x_wconf 86' lang='grc' dir='ltr'>ἀλγῆσαι</span> <span class='ocrx_word' id='word_1_475' title='bbox 3739 3143 3825 3209; x_wconf 79' lang='grc' dir='ltr'><strong>ἐφ’</strong></span> 
     </span>
    </p>
   </div>
   <div class='ocr_carea' id='block_1_63' title="bbox 2249 3225 3827 3304">
    <p class='ocr_par' dir='ltr' id='par_1_63' title="bbox 2249 3225 3827 3304">
     <span class='ocr_line' id='line_1_63' title="bbox 2249 3225 3827 3304; baseline 0.001 -22"><span class='ocrx_word' id='word_1_476' title='bbox 2249 3225 2332 3294; x_wconf 74' lang='grc' dir='ltr'>οἷς</span> <span class='ocrx_word' id='word_1_477' title='bbox 2379 3233 2511 3302; x_wconf 79' lang='grc' dir='ltr'>παρ’</span> <span class='ocrx_word' id='word_1_478' title='bbox 2543 3232 2698 3297; x_wconf 77' lang='grc' dir='ltr'>ἀξίαν</span> <span class='ocrx_word' id='word_1_479' title='bbox 2733 3235 2950 3304; x_wconf 82' lang='grc' dir='ltr'>ἀτυχῶ,</span> <span class='ocrx_word' id='word_1_480' title='bbox 2988 3235 3320 3303; x_wconf 85' lang='grc' dir='ltr'>συγγνώμην</span> <span class='ocrx_word' id='word_1_481' title='bbox 3354 3234 3410 3287; x_wconf 82' lang='grc' dir='ltr'>δὲ</span> <span class='ocrx_word' id='word_1_482' title='bbox 3448 3235 3584 3300; x_wconf 73' lang='grc' dir='ltr'>πρὸς</span> <span class='ocrx_word' id='word_1_483' title='bbox 3623 3237 3827 3304; x_wconf 79' lang='grc' dir='ltr'>πατρὸς</span> 
     </span>
    </p>
   </div>
   <div class='ocr_carea' id='block_1_64' title="bbox 2253 3323 3825 3397">
    <p class='ocr_par' dir='ltr' id='par_1_64' title="bbox 2253 3323 3825 3397">
     <span class='ocr_line' id='line_1_64' title="bbox 2253 3323 3825 3397; baseline 0.003 -20"><span class='ocrx_word' id='word_1_484' title='bbox 2253 3323 2474 3378; x_wconf 77' lang='grc' dir='ltr'>καὶτῶν</span> <span class='ocrx_word' id='word_1_485' title='bbox 2495 3324 2755 3378; x_wconf 83' lang='grc' dir='ltr'>διαϐολῶν</span> <span class='ocrx_word' id='word_1_486' title='bbox 2787 3326 2950 3380; x_wconf 83' lang='grc' dir='ltr'>’ἑνεκα</span> <span class='ocrx_word' id='word_1_487' title='bbox 2973 3327 3141 3379; x_wconf 83' lang='grc' dir='ltr'>αἰτεῖν</span> <span class='ocrx_word' id='word_1_488' title='bbox 3167 3344 3183 3392; x_wconf 88' lang='grc'><strong>;</strong></span> <span class='ocrx_word' id='word_1_489' title='bbox 3208 3327 3240 3396; x_wconf 81' lang='grc' dir='ltr'>ἢ</span> <span class='ocrx_word' id='word_1_490' title='bbox 3263 3328 3390 3393; x_wconf 88' lang='grc' dir='ltr'>τόγε</span> <span class='ocrx_word' id='word_1_491' title='bbox 3423 3327 3698 3396; x_wconf 84' lang='grc' dir='ltr'>δεύτερον,</span> <span class='ocrx_word' id='word_1_492' title='bbox 3725 3327 3825 3397; x_wconf 82' lang='grc' dir='ltr'>βά-</span> 
     </span>
    </p>
   </div>
   <div class='ocr_carea' id='block_1_65' title="bbox 2253 3413 3828 3490">
    <p class='ocr_par' dir='ltr' id='par_1_65' title="bbox 2253 3413 3828 3490">
     <span class='ocr_line' id='line_1_65' title="bbox 2253 3413 3828 3490; baseline 0.003 -23"><span class='ocrx_word' id='word_1_493' title='bbox 2253 3432 2412 3468; x_wconf 88' lang='grc' dir='ltr'>σανον</span> <span class='ocrx_word' id='word_1_494' title='bbox 2443 3417 2536 3468; x_wconf 71' lang='grc' dir='ltr'>καὶ</span> <span class='ocrx_word' id='word_1_495' title='bbox 2557 3415 2715 3484; x_wconf 86' lang='grc' dir='ltr'>δίκην</span> <span class='ocrx_word' id='word_1_496' title='bbox 2742 3417 2825 3485; x_wconf 80' lang='grc' dir='ltr'><strong>ἐφ’</strong></span> <span class='ocrx_word' id='word_1_497' title='bbox 2849 3413 2932 3479; x_wconf 77' lang='grc' dir='ltr'><strong>οἷς</strong></span> <span class='ocrx_word' id='word_1_498' title='bbox 2962 3418 3162 3482; x_wconf 79' lang='grc' dir='ltr'>ἀδίκως</span> <span class='ocrx_word' id='word_1_499' title='bbox 3191 3418 3533 3489; x_wconf 75' lang='grc' dir='ltr'>ἐγκαλοῦμαι</span> <span class='ocrx_word' id='word_1_500' title='bbox 3557 3437 3570 3485; x_wconf 91' lang='lat'><strong>;</strong></span> <span class='ocrx_word' id='word_1_501' title='bbox 3594 3419 3622 3472; x_wconf 84' lang='grc' dir='ltr'><strong>ὃ</strong></span> <span class='ocrx_word' id='word_1_502' title='bbox 3641 3419 3704 3490; x_wconf 78' lang='grc' dir='ltr'>δὴ</span> <span class='ocrx_word' id='word_1_503' title='bbox 3731 3419 3828 3472; x_wconf 78' lang='grc' dir='ltr'>καὶ</span> 
     </span>
    </p>
   </div>
   <div class='ocr_carea' id='block_1_66' title="bbox 2249 3507 3830 3582">
    <p class='ocr_par' dir='ltr' id='par_1_66' title="bbox 2249 3507 3830 3582">
     <span class='ocr_line' id='line_1_66' title="bbox 2249 3507 3830 3582; baseline 0.004 -23"><span class='ocrx_word' id='word_1_504' title='bbox 2249 3507 2528 3560; x_wconf 82' lang='grc' dir='ltr'>διετέλεσα</span> <span class='ocrx_word' id='word_1_505' title='bbox 2562 3510 2732 3562; x_wconf 87' lang='grc' dir='ltr'>ποιῶν</span> <span class='ocrx_word' id='word_1_506' title='bbox 2762 3511 2840 3572; x_wconf 83' lang='grc' dir='ltr'><strong>είς</strong></span> <span class='ocrx_word' id='word_1_507' title='bbox 2877 3511 3175 3581; x_wconf 75' lang='grc' dir='ltr'>ἑξηκοστὴν</span> <span class='ocrx_word' id='word_1_508' title='bbox 3209 3512 3367 3582; x_wconf 81' lang='grc' dir='ltr'>τήνδε</span> <span class='ocrx_word' id='word_1_509' title='bbox 3402 3513 3618 3582; x_wconf 77' lang='grc' dir='ltr'>ἡμέραν</span> <span class='ocrx_word' id='word_1_510' title='bbox 3658 3512 3690 3582; x_wconf 81' lang='grc' dir='ltr'>ἢ</span> <span class='ocrx_word' id='word_1_511' title='bbox 3733 3518 3830 3566; x_wconf 68' lang='grc' dir='ltr'><strong>καὶ</strong></span> 
     </span>
    </p>
   </div>
   <div class='ocr_carea' id='block_1_67' title="bbox 2256 3596 3830 3671">
    <p class='ocr_par' dir='ltr' id='par_1_67' title="bbox 2256 3596 3830 3671">
     <span class='ocr_line' id='line_1_67' title="bbox 2256 3596 3830 3671; baseline 0.003 -23"><span class='ocrx_word' id='word_1_512' title='bbox 2256 3596 2478 3666; x_wconf 82' lang='grc' dir='ltr'>μᾶλλον,</span> <span class='ocrx_word' id='word_1_513' title='bbox 2519 3597 2808 3667; x_wconf 83' lang='grc' dir='ltr'>ὑπαίθριος</span> <span class='ocrx_word' id='word_1_514' title='bbox 2860 3600 3226 3671; x_wconf 79' lang='grc' dir='ltr'>ταλαιπωρῶν</span> <span class='ocrx_word' id='word_1_515' title='bbox 3257 3601 3394 3670; x_wconf 85' lang='grc' dir='ltr'><strong>μετά</strong></span> <span class='ocrx_word' id='word_1_516' title='bbox 3427 3604 3655 3654; x_wconf 71' lang='grc' dir='ltr'>τουτωνὶ</span> <span class='ocrx_word' id='word_1_517' title='bbox 3692 3604 3830 3656; x_wconf 70' lang='grc' dir='ltr'>πάν-</span> 
     </span>
    </p>
   </div>
   <div class='ocr_carea' id='block_1_68' title="bbox 562 3681 2146 3788">
    <p class='ocr_par' dir='ltr' id='par_1_68' title="bbox 562 3681 2146 3764">
     <span class='ocr_line' id='line_1_68' title="bbox 562 3681 2146 3764; baseline 0.013 -29"><span class='ocrx_word' id='word_1_518' title='bbox 562 3681 937 3764; x_wconf 72' lang='lat' dir='ltr'><strong>_aflinguntur,</strong></span> <span class='ocrx_word' id='word_1_519' title='bbox 969 3701 1198 3741; x_wconf 89' lang='lat' dir='ltr'><strong>examen</strong></span> <span class='ocrx_word' id='word_1_520' title='bbox 1221 3705 1284 3742; x_wconf 84' lang='lat' dir='ltr'><strong>ac</strong></span> <span class='ocrx_word' id='word_1_521' title='bbox 1311 3690 1616 3760; x_wconf 86' lang='lat' dir='ltr'><strong>judicium?</strong></span> <span class='ocrx_word' id='word_1_522' title='bbox 1647 3696 1792 3763; x_wconf 83' lang='lat' dir='ltr'><strong>quod</strong></span> <span class='ocrx_word' id='word_1_523' title='bbox 1820 3699 1985 3752; x_wconf 80' lang='lat' dir='ltr'><strong>etiam</strong></span> <span class='ocrx_word' id='word_1_524' title='bbox 2020 3716 2146 3755; x_wconf 90' lang='lat' dir='ltr'><strong>con-</strong></span> 
     </span>
    </p>
   </div>
   <div class='ocr_carea' id='block_1_69' title="bbox 2250 3681 3829 3788">
    <p class='ocr_par' dir='ltr' id='par_1_69' title="bbox 2253 3687 3829 3764">
     <span class='ocr_line' id='line_1_69' title="bbox 2253 3687 3829 3764; baseline 0.004 -25"><span class='ocrx_word' id='word_1_525' title='bbox 2253 3705 2363 3742; x_wconf 90' lang='grc' dir='ltr'><strong>των</strong></span> <span class='ocrx_word' id='word_1_526' title='bbox 2391 3687 2464 3742; x_wconf 84' lang='grc' dir='ltr'><strong>ῶν</strong></span> <span class='ocrx_word' id='word_1_527' title='bbox 2495 3689 2623 3758; x_wconf 82' lang='grc' dir='ltr'>ἄγω·</span> <span class='ocrx_word' id='word_1_528' title='bbox 2644 3693 2700 3742; x_wconf 80' lang='grc' dir='ltr'>ὲν</span> <span class='ocrx_word' id='word_1_529' title='bbox 2731 3691 2851 3762; x_wconf 82' lang='grc' dir='ltr'><strong>ὥρᾳ</strong></span> <span class='ocrx_word' id='word_1_530' title='bbox 2889 3692 3122 3759; x_wconf 79' lang='grc' dir='ltr'>μάλιστα</span> <span class='ocrx_word' id='word_1_531' title='bbox 3162 3694 3453 3762; x_wconf 75' lang='grc' dir='ltr'>χειμῶνος,</span> <span class='ocrx_word' id='word_1_532' title='bbox 3484 3695 3737 3763; x_wconf 75' lang='grc' dir='ltr'>καθάπερ</span> <span class='ocrx_word' id='word_1_533' title='bbox 3765 3697 3829 3764; x_wconf 75' lang='grc' dir='ltr'>δὴ</span> 
     </span>
    </p>
   </div>
   <div class='ocr_carea' id='block_1_70' title="bbox 572 3777 2148 3851">
    <p class='ocr_par' dir='ltr' id='par_1_70' title="bbox 572 3777 2148 3851">
     <span class='ocr_line' id='line_1_70' title="bbox 572 3777 2148 3851; baseline 0.012 -22"><span class='ocrx_word' id='word_1_534' title='bbox 572 3777 804 3844; x_wconf 82' lang='lat' dir='ltr'><strong>cupivi,</strong></span> <span class='ocrx_word' id='word_1_535' title='bbox 854 3777 966 3848; x_wconf 87' lang='lat' dir='ltr'><strong>jam</strong></span> <span class='ocrx_word' id='word_1_536' title='bbox 1021 3781 1144 3848; x_wconf 84' lang='lat' dir='ltr'><strong>plus</strong></span> <span class='ocrx_word' id='word_1_537' title='bbox 1198 3784 1594 3851; x_wconf 77' lang='lat' dir='ltr'><strong>sexagesimum</strong></span> <span class='ocrx_word' id='word_1_538' title='bbox 1645 3788 1792 3843; x_wconf 89' lang='lat' dir='ltr'><strong>diem</strong></span> <span class='ocrx_word' id='word_1_539' title='bbox 1850 3791 1996 3846; x_wconf 89' lang='lat' dir='ltr'><strong>nudo</strong></span> <span class='ocrx_word' id='word_1_540' title='bbox 2047 3794 2148 3848; x_wconf 82' lang='lat' dir='ltr'><strong>sub</strong></span> 
     </span>
    </p>
   </div>
   <div class='ocr_carea' id='block_1_71' title="bbox 570 3870 2148 3947">
    <p class='ocr_par' dir='ltr' id='par_1_71' title="bbox 570 3870 2148 3947">
     <span class='ocr_line' id='line_1_71' title="bbox 570 3870 2148 3947; baseline 0.011 -24"><span class='ocrx_word' id='word_1_541' title='bbox 570 3870 802 3925; x_wconf 73' lang='lat' dir='ltr'><strong>aetheris</strong></span> <span class='ocrx_word' id='word_1_542' title='bbox 830 3886 930 3925; x_wconf 87' lang='lat' dir='ltr'><strong>axe</strong></span> <span class='ocrx_word' id='word_1_543' title='bbox 960 3887 1085 3926; x_wconf 88' lang='lat' dir='ltr'><strong>cum</strong></span> <span class='ocrx_word' id='word_1_544' title='bbox 1123 3873 1205 3928; x_wconf 90' lang='lat' dir='ltr'><strong>his</strong></span> <span class='ocrx_word' id='word_1_545' title='bbox 1237 3876 1496 3932; x_wconf 86' lang='lat' dir='ltr'><strong>omnibus</strong></span> <span class='ocrx_word' id='word_1_546' title='bbox 1526 3895 1666 3947; x_wconf 84' lang='lat' dir='ltr'><strong>quos</strong></span> <span class='ocrx_word' id='word_1_547' title='bbox 1695 3881 1862 3946; x_wconf 86' lang='lat' dir='ltr'><strong>duco,</strong></span> <span class='ocrx_word' id='word_1_548' title='bbox 1896 3884 2148 3942; x_wconf 84' lang='lat' dir='ltr'><strong>hibernis</strong></span> 
     </span>
    </p>
   </div>
   <div class='ocr_carea' id='block_1_72' title="bbox 545 3962 2147 4046">
    <p class='ocr_par' dir='ltr' id='par_1_72' title="bbox 545 3962 2147 4046">
     <span class='ocr_line' id='line_1_72' title="bbox 545 3962 2147 4046; baseline 0.011 -33"><span class='ocrx_word' id='word_1_549' title='bbox 545 3962 862 4020; x_wconf 36' lang='lat' dir='ltr'><strong>.niensibus</strong></span> <span class='ocrx_word' id='word_1_550' title='bbox 895 3964 1110 4020; x_wconf 87' lang='lat' dir='ltr'><strong>labores</strong></span> <span class='ocrx_word' id='word_1_551' title='bbox 1150 3974 1208 4020; x_wconf 85' lang='lat' dir='ltr'><strong>et</strong></span> <span class='ocrx_word' id='word_1_552' title='bbox 1256 3967 1604 4025; x_wconf 86' lang='lat' dir='ltr'><strong>incommoda</strong></span> <span class='ocrx_word' id='word_1_553' title='bbox 1665 3973 1972 4042; x_wconf 82' lang='lat' dir='ltr'><strong>perferens,</strong></span> <span class='ocrx_word' id='word_1_554' title='bbox 2000 3978 2147 4046; x_wconf 86' lang='lat' dir='ltr'><strong>quod</strong></span> 
     </span>
    </p>
   </div>
   <div class='ocr_carea' id='block_1_73' title="bbox 573 4051 2145 4137">
    <p class='ocr_par' dir='ltr' id='par_1_73' title="bbox 573 4051 2145 4137">
     <span class='ocr_line' id='line_1_73' title="bbox 573 4051 2145 4137; baseline 0.009 -27"><span class='ocrx_word' id='word_1_555' title='bbox 573 4069 680 4110; x_wconf 86' lang='lat' dir='ltr'><strong>nec</strong></span> <span class='ocrx_word' id='word_1_556' title='bbox 714 4051 835 4109; x_wconf 76' lang='lat' dir='ltr'><strong>vos‘</strong></span> <span class='ocrx_word' id='word_1_557' title='bbox 867 4057 1116 4112; x_wconf 88' lang='lat' dir='ltr'><strong>nescitis.</strong></span> <span class='ocrx_word' id='word_1_558' title='bbox 1171 4057 1391 4114; x_wconf 82' lang='lat' dir='ltr'><strong>Fuisset</strong></span> <span class='ocrx_word' id='word_1_559' title='bbox 1443 4063 1738 4131; x_wconf 83' lang='lat' dir='ltr'><strong>Optimum,</strong></span> <span class='ocrx_word' id='word_1_560' title='bbox 1791 4066 2145 4137; x_wconf 85' lang='lat' dir='ltr'><strong>imperatore,</strong></span> 
     </span>
    </p>
   </div>
   <div class='ocr_carea' id='block_1_74' title="bbox 577 4147 2150 4228">
    <p class='ocr_par' dir='ltr' id='par_1_74' title="bbox 577 4147 2150 4228">
     <span class='ocr_line' id='line_1_74' title="bbox 577 4147 2150 4228; baseline 0.013 -32"><span class='ocrx_word' id='word_1_561' title='bbox 577 4147 915 4214; x_wconf 89' lang='lat' dir='ltr'><strong>patriarcha,</strong></span> <span class='ocrx_word' id='word_1_562' title='bbox 968 4159 1198 4220; x_wconf 88' lang='lat' dir='ltr'><strong>totoque</strong></span> <span class='ocrx_word' id='word_1_563' title='bbox 1248 4151 1497 4208; x_wconf 82' lang='lat' dir='ltr'><strong>Romano</strong></span> <span class='ocrx_word' id='word_1_564' title='bbox 1547 4158 1750 4226; x_wconf 88' lang='lat' dir='ltr'><strong>populo</strong></span> <span class='ocrx_word' id='word_1_565' title='bbox 1785 4162 2150 4228; x_wconf 66' lang='lat' dir='ltr'><strong>praesentibus</strong></span> 
     </span>
    </p>
   </div>
   <div class='ocr_carea' id='block_1_75' title="bbox 541 4241 2149 4314">
    <p class='ocr_par' dir='ltr' id='par_1_75' title="bbox 541 4241 2149 4314">
     <span class='ocr_line' id='line_1_75' title="bbox 541 4241 2149 4314; baseline 0.009 -22"><span class='ocrx_word' id='word_1_566' title='bbox 541 4241 952 4296; x_wconf 72' lang='lat' dir='ltr'><strong>.deiensionctn</strong></span> <span class='ocrx_word' id='word_1_567' title='bbox 984 4260 1266 4314; x_wconf 83' lang='lat' dir='ltr'><strong>peragere,</strong></span> <span class='ocrx_word' id='word_1_568' title='bbox 1295 4256 1356 4300; x_wconf 91' lang='lat' dir='ltr'><strong>ut</strong></span> <span class='ocrx_word' id='word_1_569' title='bbox 1385 4247 1468 4300; x_wconf 86' lang='lat' dir='ltr'><strong>vel</strong></span> <span class='ocrx_word' id='word_1_570' title='bbox 1499 4246 1782 4301; x_wconf 85' lang='lat' dir='ltr'><strong>absolutus</strong></span> <span class='ocrx_word' id='word_1_571' title='bbox 1809 4249 2149 4305; x_wconf 89' lang='lat' dir='ltr'><strong>declararem</strong></span> 
     </span>
    </p>
   </div>
   <div class='ocr_carea' id='block_1_76' title="bbox 574 4335 2152 4408">
    <p class='ocr_par' dir='ltr' id='par_1_76' title="bbox 574 4335 2152 4408">
     <span class='ocr_line' id='line_1_76' title="bbox 574 4335 2152 4408; baseline 0.006 -20"><span class='ocrx_word' id='word_1_572' title='bbox 574 4335 858 4397; x_wconf 81' lang='lat' dir='ltr'><strong>onmibus,</strong></span> <span class='ocrx_word' id='word_1_573' title='bbox 892 4349 976 4389; x_wconf 91' lang='lat' dir='ltr'><strong>me</strong></span> <span class='ocrx_word' id='word_1_574' title='bbox 1007 4335 1078 4389; x_wconf 84' lang='lat' dir='ltr'><strong>ab</strong></span> <span class='ocrx_word' id='word_1_575' title='bbox 1108 4337 1226 4390; x_wconf 81' lang='lat' dir='ltr'><strong>istis</strong></span> <span class='ocrx_word' id='word_1_576' title='bbox 1256 4338 1606 4406; x_wconf 83' lang='lat' dir='ltr'><strong>sycophantis</strong></span> <span class='ocrx_word' id='word_1_577' title='bbox 1629 4339 2009 4408; x_wconf 78' lang='lat' dir='ltr'><strong>indignissime</strong></span> <span class='ocrx_word' id='word_1_578' title='bbox 2036 4346 2152 4396; x_wconf 89' lang='lat' dir='ltr'><strong>vio-</strong></span> 
     </span>
    </p>
   </div>
   <div class='ocr_carea' id='block_1_77' title="bbox 579 4426 2149 4500">
    <p class='ocr_par' dir='ltr' id='par_1_77' title="bbox 579 4426 2149 4500">
     <span class='ocr_line' id='line_1_77' title="bbox 579 4426 2149 4500; baseline 0.004 -20"><span class='ocrx_word' id='word_1_579' title='bbox 579 4426 717 4490; x_wconf 89' lang='lat' dir='ltr'><strong>lari,</strong></span> <span class='ocrx_word' id='word_1_580' title='bbox 755 4427 843 4481; x_wconf 83' lang='lat' dir='ltr'><strong>vel</strong></span> <span class='ocrx_word' id='word_1_581' title='bbox 896 4429 1123 4482; x_wconf 84' lang='lat' dir='ltr'><strong>sceleris</strong></span> <span class='ocrx_word' id='word_1_582' title='bbox 1171 4429 1417 4482; x_wconf 84' lang='lat' dir='ltr'><strong>omnium</strong></span> <span class='ocrx_word' id='word_1_583' title='bbox 1470 4429 1697 4485; x_wconf 83' lang='lat' dir='ltr'><strong>calculis</strong></span> <span class='ocrx_word' id='word_1_584' title='bbox 1729 4431 2149 4500; x_wconf 83' lang='lat' dir='ltr'><strong>condemnatus,</strong></span> 
     </span>
    </p>
   </div>
   <div class='ocr_carea' id='block_1_78' title="bbox 580 4518 2150 4592">
    <p class='ocr_par' dir='ltr' id='par_1_78' title="bbox 580 4518 2150 4592">
     <span class='ocr_line' id='line_1_78' title="bbox 580 4518 2150 4592; baseline 0.005 -22"><span class='ocrx_word' id='word_1_585' title='bbox 580 4533 690 4570; x_wconf 88' lang='lat' dir='ltr'><strong>non</strong></span> <span class='ocrx_word' id='word_1_586' title='bbox 739 4518 877 4572; x_wconf 87' lang='lat' dir='ltr'><strong>ultra</strong></span> <span class='ocrx_word' id='word_1_587' title='bbox 927 4519 1337 4588; x_wconf 85' lang='lat' dir='ltr'><strong>ampliationem</strong></span> <span class='ocrx_word' id='word_1_588' title='bbox 1374 4535 1680 4588; x_wconf 89' lang='lat' dir='ltr'><strong>quaererem</strong></span> <span class='ocrx_word' id='word_1_589' title='bbox 1711 4538 1726 4576; x_wconf 88' lang='lat'><strong>:</strong></span> <span class='ocrx_word' id='word_1_590' title='bbox 1755 4536 1858 4575; x_wconf 88' lang='lat' dir='ltr'><strong>nec</strong></span> <span class='ocrx_word' id='word_1_591' title='bbox 1914 4525 2070 4592; x_wconf 91' lang='lat' dir='ltr'><strong>quasi</strong></span> <span class='ocrx_word' id='word_1_592' title='bbox 2118 4541 2150 4578; x_wconf 90' lang='lat' dir='ltr'><strong>a</strong></span> 
     </span>
    </p>
   </div>
   <div class='ocr_carea' id='block_1_79' title="bbox 575 4611 2151 4682">
    <p class='ocr_par' dir='ltr' id='par_1_79' title="bbox 575 4611 2151 4682">
     <span class='ocr_line' id='line_1_79' title="bbox 575 4611 2151 4682; baseline 0.006 -18"><span class='ocrx_word' id='word_1_593' title='bbox 575 4611 857 4681; x_wconf 72' lang='lat' dir='ltr'><strong>iudicibus</strong></span> <span class='ocrx_word' id='word_1_594' title='bbox 885 4621 980 4666; x_wconf 85' lang='lat' dir='ltr'><strong>aut</strong></span> <span class='ocrx_word' id='word_1_595' title='bbox 1008 4611 1073 4666; x_wconf 89' lang='lat' dir='ltr'><strong>ad</strong></span> <span class='ocrx_word' id='word_1_596' title='bbox 1103 4612 1358 4682; x_wconf 89' lang='lat' dir='ltr'><strong>gratiam.</strong></span> <span class='ocrx_word' id='word_1_597' title='bbox 1397 4623 1492 4669; x_wconf 86' lang='lat' dir='ltr'><strong>aut</strong></span> <span class='ocrx_word' id='word_1_598' title='bbox 1525 4628 1590 4668; x_wconf 86' lang='lat' dir='ltr'><strong>ex</strong></span> <span class='ocrx_word' id='word_1_599' title='bbox 1622 4615 1969 4672; x_wconf 74' lang='lat' dir='ltr'><strong>asmulatione</strong></span> <span class='ocrx_word' id='word_1_600' title='bbox 1997 4618 2151 4672; x_wconf 85' lang='lat' dir='ltr'><strong>dam-</strong></span> 
     </span>
    </p>
   </div>
   <div class='ocr_carea' id='block_1_80' title="bbox 579 4708 2152 4780">
    <p class='ocr_par' dir='ltr' id='par_1_80' title="bbox 579 4708 2152 4780">
     <span class='ocr_line' id='line_1_80' title="bbox 579 4708 2152 4780; baseline 0.005 -22"><span class='ocrx_word' id='word_1_601' title='bbox 579 4715 766 4766; x_wconf 86' lang='lat' dir='ltr'><strong>natus,</strong></span> <span class='ocrx_word' id='word_1_602' title='bbox 784 4720 1142 4774; x_wconf 78' lang='lat' dir='ltr'><strong>provocarent</strong></span> <span class='ocrx_word' id='word_1_603' title='bbox 1165 4745 1180 4770; x_wconf 94' lang='lat'><strong>,</strong></span> <span class='ocrx_word' id='word_1_604' title='bbox 1211 4708 1308 4761; x_wconf 81' lang='lat' dir='ltr'><strong>sed</strong></span> <span class='ocrx_word' id='word_1_605' title='bbox 1329 4722 1468 4771; x_wconf 87' lang='lat' dir='ltr'><strong>quas</strong></span> <span class='ocrx_word' id='word_1_606' title='bbox 1491 4711 1940 4763; x_wconf 87' lang='lat' dir='ltr'><strong>commeruissem</strong></span> <span class='ocrx_word' id='word_1_607' title='bbox 1962 4725 2152 4780; x_wconf 71' lang='lat' dir='ltr'><strong>poenas</strong></span> 
     </span>
    </p>
   </div>
   <div class='ocr_carea' id='block_1_81' title="bbox 581 4796 2154 4868">
    <p class='ocr_par' dir='ltr' id='par_1_81' title="bbox 581 4796 2154 4868">
     <span class='ocr_line' id='line_1_81' title="bbox 581 4796 2154 4868; baseline 0.005 -19"><span class='ocrx_word' id='word_1_608' title='bbox 581 4797 933 4850; x_wconf 88' lang='lat' dir='ltr'><strong>sustinerem.</strong></span> <span class='ocrx_word' id='word_1_609' title='bbox 961 4796 1069 4851; x_wconf 91' lang='lat' dir='ltr'><strong>Sed</strong></span> <span class='ocrx_word' id='word_1_610' title='bbox 1098 4798 1227 4866; x_wconf 87' lang='lat' dir='ltr'><strong>quia</strong></span> <span class='ocrx_word' id='word_1_611' title='bbox 1273 4798 1354 4852; x_wconf 88' lang='lat' dir='ltr'><strong>sic</strong></span> <span class='ocrx_word' id='word_1_612' title='bbox 1385 4798 1642 4866; x_wconf 88' lang='lat' dir='ltr'><strong>placitum</strong></span> <span class='ocrx_word' id='word_1_613' title='bbox 1669 4799 2008 4868; x_wconf 88' lang='lat' dir='ltr'><strong>imperatori,</strong></span> <span class='ocrx_word' id='word_1_614' title='bbox 2043 4819 2154 4857; x_wconf 86' lang='lat' dir='ltr'><strong>ma-</strong></span> 
     </span>
    </p>
   </div>
   <div class='ocr_carea' id='block_1_82' title="bbox 485 4873 2150 4959">
    <p class='ocr_par' dir='ltr' id='par_1_82' title="bbox 485 4873 2150 4959">
     <span class='ocr_line' id='line_1_82' title="bbox 485 4873 2150 4959; baseline 0.007 -23"><span class='ocrx_word' id='word_1_615' title='bbox 485 4873 491 4876; x_wconf 62' lang='grc'><em>’</em></span> <span class='ocrx_word' id='word_1_616' title='bbox 580 4901 716 4953; x_wconf 84' lang='lat' dir='ltr'><strong>gnas</strong></span> <span class='ocrx_word' id='word_1_617' title='bbox 748 4885 1128 4938; x_wconf 87' lang='lat' dir='ltr'><strong>universorum</strong></span> <span class='ocrx_word' id='word_1_618' title='bbox 1158 4887 1476 4956; x_wconf 87' lang='lat' dir='ltr'><strong>imperatori</strong></span> <span class='ocrx_word' id='word_1_619' title='bbox 1530 4889 1662 4955; x_wconf 89' lang='lat' dir='ltr'><strong>Deo,</strong></span> <span class='ocrx_word' id='word_1_620' title='bbox 1689 4891 1782 4959; x_wconf 91' lang='lat' dir='ltr'><strong>qui</strong></span> <span class='ocrx_word' id='word_1_621' title='bbox 1840 4891 2150 4948; x_wconf 88' lang='lat' dir='ltr'><strong>defensioni</strong></span> 
     </span>
    </p>
   </div>
   <div class='ocr_carea' id='block_1_83' title="bbox 580 4979 2149 5052">
    <p class='ocr_par' dir='ltr' id='par_1_83' title="bbox 580 4979 2149 5052">
     <span class='ocr_line' id='line_1_83' title="bbox 580 4979 2149 5052; baseline 0.004 -22"><span class='ocrx_word' id='word_1_622' title='bbox 580 4992 717 5032; x_wconf 66' lang='lat' dir='ltr'><strong>mea:</strong></span> <span class='ocrx_word' id='word_1_623' title='bbox 744 4979 885 5032; x_wconf 86' lang='lat' dir='ltr'><strong>hanc</strong></span> <span class='ocrx_word' id='word_1_624' title='bbox 915 4980 1380 5047; x_wconf 88' lang='lat' dir='ltr'><strong>opportunitatem</strong></span> <span class='ocrx_word' id='word_1_625' title='bbox 1427 4980 1648 5044; x_wconf 82' lang='lat' dir='ltr'><strong>obtulit,</strong></span> <span class='ocrx_word' id='word_1_626' title='bbox 1696 4996 1799 5036; x_wconf 89' lang='lat' dir='ltr'><strong>nec</strong></span> <span class='ocrx_word' id='word_1_627' title='bbox 1839 4984 2019 5038; x_wconf 89' lang='lat' dir='ltr'><strong>minus</strong></span> <span class='ocrx_word' id='word_1_628' title='bbox 2049 4984 2149 5052; x_wconf 89' lang='lat' dir='ltr'><strong>ipsi</strong></span> 
     </span>
    </p>
   </div>
   <div class='ocr_carea' id='block_1_84' title="bbox 2255 3778 3829 3854">
    <p class='ocr_par' dir='ltr' id='par_1_84' title="bbox 2255 3778 3829 3854">
     <span class='ocr_line' id='line_1_84' title="bbox 2255 3778 3829 3854; baseline 0.003 -21"><span class='ocrx_word' id='word_1_629' title='bbox 2255 3780 2370 3834; x_wconf 77' lang='grc' dir='ltr'>ἴστε</span> <span class='ocrx_word' id='word_1_630' title='bbox 2407 3784 2501 3834; x_wconf 78' lang='grc' dir='ltr'><strong>καὶ</strong></span> <span class='ocrx_word' id='word_1_631' title='bbox 2531 3783 2705 3836; x_wconf 89' lang='grc' dir='ltr'>αὐτοί.</span> <span class='ocrx_word' id='word_1_632' title='bbox 2737 3778 2843 3834; x_wconf 86' lang='grc' dir='ltr'>Ἦν</span> <span class='ocrx_word' id='word_1_633' title='bbox 2871 3785 2969 3851; x_wconf 83' lang='grc' dir='ltr'><strong>μὲν</strong></span> <span class='ocrx_word' id='word_1_634' title='bbox 2997 3779 3090 3837; x_wconf 77' lang='grc' dir='ltr'>οὖν</span> <span class='ocrx_word' id='word_1_635' title='bbox 3118 3783 3410 3854; x_wconf 78' lang='grc' dir='ltr'>κράτιστον</span> <span class='ocrx_word' id='word_1_636' title='bbox 3445 3785 3539 3836; x_wconf 72' lang='grc' dir='ltr'><strong>ἐπὶ</strong></span> <span class='ocrx_word' id='word_1_637' title='bbox 3565 3785 3829 3853; x_wconf 81' lang='grc' dir='ltr'>βασιλέως</span> 
     </span>
    </p>
   </div>
   <div class='ocr_carea' id='block_1_85' title="bbox 2251 3873 3830 3946">
    <p class='ocr_par' dir='ltr' id='par_1_85' title="bbox 2251 3873 3830 3946">
     <span class='ocr_line' id='line_1_85' title="bbox 2251 3873 3830 3946; baseline 0.002 -20"><span class='ocrx_word' id='word_1_638' title='bbox 2251 3873 2417 3926; x_wconf 89' lang='grc' dir='ltr'>αὐτοῦ</span> <span class='ocrx_word' id='word_1_639' title='bbox 2445 3874 2708 3942; x_wconf 75' lang='grc' dir='ltr'>παρόντος</span> <span class='ocrx_word' id='word_1_640' title='bbox 2743 3877 2836 3927; x_wconf 68' lang='grc' dir='ltr'><strong>καὶ</strong></span> <span class='ocrx_word' id='word_1_641' title='bbox 2887 3875 3246 3946; x_wconf 79' lang='grc' dir='ltr'>πατριάρχου,</span> <span class='ocrx_word' id='word_1_642' title='bbox 3282 3879 3374 3929; x_wconf 82' lang='grc' dir='ltr'><strong>καὶ</strong></span> <span class='ocrx_word' id='word_1_643' title='bbox 3401 3877 3493 3929; x_wconf 86' lang='grc' dir='ltr'><strong>τοῦ</strong></span> <span class='ocrx_word' id='word_1_644' title='bbox 3521 3877 3698 3931; x_wconf 87' lang='grc' dir='ltr'>κοινοῦ</span> <span class='ocrx_word' id='word_1_645' title='bbox 3723 3879 3830 3929; x_wconf 69' lang='grc' dir='ltr'>τῶι</span> 
     </span>
    </p>
   </div>
   <div class='ocr_carea' id='block_1_86' title="bbox 2261 3965 3828 4041">
    <p class='ocr_par' dir='ltr' id='par_1_86' title="bbox 2261 3965 3828 4041">
     <span class='ocr_line' id='line_1_86' title="bbox 2261 3965 3828 4041; baseline 0.004 -25"><span class='ocrx_word' id='word_1_646' title='bbox 2261 3965 2548 4034; x_wconf 77' lang='grc' dir='ltr'>Ῥωμαίων</span> <span class='ocrx_word' id='word_1_647' title='bbox 2593 3968 2824 4029; x_wconf 73' lang='grc' dir='ltr'>παντὸς,</span> <span class='ocrx_word' id='word_1_648' title='bbox 2869 3969 3140 4023; x_wconf 80' lang='grc' dir='ltr'>ποιεῖσθαι</span> <span class='ocrx_word' id='word_1_649' title='bbox 3179 3969 3280 4029; x_wconf 67' lang='grc' dir='ltr'>τάξ</span> <span class='ocrx_word' id='word_1_650' title='bbox 3318 3971 3612 4038; x_wconf 79' lang='grc' dir='ltr'>ἀπολογίας</span> <span class='ocrx_word' id='word_1_651' title='bbox 3637 3989 3651 4002; x_wconf 75' lang='grc' dir='ltr'>ο</span> <span class='ocrx_word' id='word_1_652' title='bbox 3691 3971 3756 4023; x_wconf 77' lang='grc' dir='ltr'><strong>ἵν’</strong></span> <span class='ocrx_word' id='word_1_653' title='bbox 3796 3972 3828 4041; x_wconf 79' lang='grc' dir='ltr'><strong>ἢ</strong></span> 
     </span>
    </p>
   </div>
   <div class='ocr_carea' id='block_1_87' title="bbox 2248 4056 3829 4132">
    <p class='ocr_par' dir='ltr' id='par_1_87' title="bbox 2248 4056 3829 4132">
     <span class='ocr_line' id='line_1_87' title="bbox 2248 4056 3829 4132; baseline 0.004 -22"><span class='ocrx_word' id='word_1_654' title='bbox 2248 4056 2532 4125; x_wconf 82' lang='grc' dir='ltr'>διαφυγὼν</span> <span class='ocrx_word' id='word_1_655' title='bbox 2565 4059 2659 4120; x_wconf 72' lang='grc' dir='ltr'><strong>τὰς</strong></span> <span class='ocrx_word' id='word_1_656' title='bbox 2691 4060 2890 4124; x_wconf 70' lang='grc' dir='ltr'>αἰτίας,</span> <span class='ocrx_word' id='word_1_657' title='bbox 2923 4063 3060 4114; x_wconf 83' lang='grc' dir='ltr'>πᾶσι</span> <span class='ocrx_word' id='word_1_658' title='bbox 3093 4065 3420 4131; x_wconf 77' lang='grc' dir='ltr'>καταστήσω</span> <span class='ocrx_word' id='word_1_659' title='bbox 3455 4065 3719 4132; x_wconf 77' lang='grc' dir='ltr'>ἐμφανὲς,</span> <span class='ocrx_word' id='word_1_660' title='bbox 3753 4064 3829 4128; x_wconf 84' lang='grc' dir='ltr'>ὡς</span> 
     </span>
    </p>
   </div>
   <div class='ocr_carea' id='block_1_88' title="bbox 2254 4152 3827 4224">
    <p class='ocr_par' dir='ltr' id='par_1_88' title="bbox 2254 4152 3827 4224">
     <span class='ocr_line' id='line_1_88' title="bbox 2254 4152 3827 4224; baseline 0.004 -20"><span class='ocrx_word' id='word_1_661' title='bbox 2254 4152 2539 4221; x_wconf 79' lang='grc' dir='ltr'>βιαιότατα</span> <span class='ocrx_word' id='word_1_662' title='bbox 2573 4157 2666 4206; x_wconf 81' lang='grc' dir='ltr'>καὶ</span> <span class='ocrx_word' id='word_1_663' title='bbox 2698 4154 2858 4206; x_wconf 82' lang='grc' dir='ltr'>ἄδικα</span> <span class='ocrx_word' id='word_1_664' title='bbox 2896 4154 3002 4206; x_wconf 76' lang='grc' dir='ltr'><strong>ὐπὸ</strong></span> <span class='ocrx_word' id='word_1_665' title='bbox 3038 4155 3145 4208; x_wconf 87' lang='grc' dir='ltr'><strong>τῶν</strong></span> <span class='ocrx_word' id='word_1_666' title='bbox 3178 4158 3663 4224; x_wconf 82' lang='grc' dir='ltr'>συκοφαντούντων</span> <span class='ocrx_word' id='word_1_667' title='bbox 3692 4159 3827 4210; x_wconf 79' lang='grc' dir='ltr'>ὐπο-</span> 
     </span>
    </p>
   </div>
   <div class='ocr_carea' id='block_1_89' title="bbox 2254 4243 3830 4321">
    <p class='ocr_par' dir='ltr' id='par_1_89' title="bbox 2254 4243 3830 4321">
     <span class='ocr_line' id='line_1_89' title="bbox 2254 4243 3830 4321; baseline 0.006 -27"><span class='ocrx_word' id='word_1_668' title='bbox 2254 4244 2402 4312; x_wconf 79' lang='grc' dir='ltr'>μένω</span> <span class='ocrx_word' id='word_1_669' title='bbox 2429 4259 2442 4274; x_wconf 78' lang='grc'><em>³</em></span> <span class='ocrx_word' id='word_1_670' title='bbox 2483 4243 2515 4313; x_wconf 77' lang='grc' dir='ltr'>ἦ</span> <span class='ocrx_word' id='word_1_671' title='bbox 2552 4244 2714 4306; x_wconf 78' lang='grc' dir='ltr'>ἁλοὺς</span> <span class='ocrx_word' id='word_1_672' title='bbox 2759 4248 2880 4308; x_wconf 85' lang='grc' dir='ltr'>ταῖς</span> <span class='ocrx_word' id='word_1_673' title='bbox 2921 4247 3179 4301; x_wconf 80' lang='grc' dir='ltr'>ἁπάντων</span> <span class='ocrx_word' id='word_1_674' title='bbox 3216 4249 3422 4318; x_wconf 74' lang='grc' dir='ltr'>ψήφοις</span> <span class='ocrx_word' id='word_1_675' title='bbox 3466 4251 3690 4310; x_wconf 82' lang='grc' dir='ltr'>ἀδικῶν,</span> <span class='ocrx_word' id='word_1_676' title='bbox 3727 4269 3830 4321; x_wconf 74' lang='grc' dir='ltr'>μη-</span> 
     </span>
    </p>
   </div>
   <div class='ocr_carea' id='block_1_90' title="bbox 2253 4335 3828 4413">
    <p class='ocr_par' dir='ltr' id='par_1_90' title="bbox 2253 4335 3828 4413">
     <span class='ocr_line' id='line_1_90' title="bbox 2253 4335 3828 4413; baseline 0.006 -27"><span class='ocrx_word' id='word_1_677' title='bbox 2253 4336 2372 4387; x_wconf 79' lang='grc' dir='ltr'>κέτι</span> <span class='ocrx_word' id='word_1_678' title='bbox 2420 4335 2667 4404; x_wconf 82' lang='grc' dir='ltr'>δύνωμαι</span> <span class='ocrx_word' id='word_1_679' title='bbox 2714 4337 2849 4405; x_wconf 78' lang='grc' dir='ltr'>πρὸς</span> <span class='ocrx_word' id='word_1_680' title='bbox 2889 4339 3159 4402; x_wconf 79' lang='grc' dir='ltr'>ἀναϐολὰς</span> <span class='ocrx_word' id='word_1_681' title='bbox 3205 4344 3427 4412; x_wconf 85' lang='grc' dir='ltr'>χωρεῖν,</span> <span class='ocrx_word' id='word_1_682' title='bbox 3475 4343 3602 4413; x_wconf 85' lang='grc' dir='ltr'>μηδ’</span> <span class='ocrx_word' id='word_1_683' title='bbox 3642 4343 3828 4412; x_wconf 77' lang='grc' dir='ltr'>ἔφεσιν</span> 
     </span>
    </p>
   </div>
   <div class='ocr_carea' id='block_1_91' title="bbox 2249 4426 3828 4502">
    <p class='ocr_par' dir='ltr' id='par_1_91' title="bbox 2249 4426 3828 4502">
     <span class='ocr_line' id='line_1_91' title="bbox 2249 4426 3828 4502; baseline 0.008 -26"><span class='ocrx_word' id='word_1_684' title='bbox 2249 4426 2452 4495; x_wconf 82' lang='grc' dir='ltr'>ζητεῖν,</span> <span class='ocrx_word' id='word_1_685' title='bbox 2491 4426 2561 4488; x_wconf 82' lang='grc' dir='ltr'>ὠς</span> <span class='ocrx_word' id='word_1_686' title='bbox 2609 4427 2643 4497; x_wconf 79' lang='grc' dir='ltr'>ἢ</span> <span class='ocrx_word' id='word_1_687' title='bbox 2693 4428 2828 4499; x_wconf 68' lang='grc' dir='ltr'>πρὸς</span> <span class='ocrx_word' id='word_1_688' title='bbox 2867 4430 3051 4500; x_wconf 78' lang='grc' dir='ltr'>χάριν,</span> <span class='ocrx_word' id='word_1_689' title='bbox 3102 4432 3134 4501; x_wconf 78' lang='grc' dir='ltr'>ἢ</span> <span class='ocrx_word' id='word_1_690' title='bbox 3170 4435 3306 4500; x_wconf 83' lang='grc' dir='ltr'>πρὸς</span> <span class='ocrx_word' id='word_1_691' title='bbox 3349 4436 3687 4502; x_wconf 81' lang='grc' dir='ltr'>φιλονεικίαν</span> <span class='ocrx_word' id='word_1_692' title='bbox 3724 4438 3828 4489; x_wconf 73' lang='grc' dir='ltr'>ὐπὸ</span> 
     </span>
    </p>
   </div>
   <div class='ocr_carea' id='block_1_92' title="bbox 2251 4515 3828 4593">
    <p class='ocr_par' dir='ltr' id='par_1_92' title="bbox 2251 4515 3828 4593">
     <span class='ocr_line' id='line_1_92' title="bbox 2251 4515 3828 4593; baseline 0.004 -27"><span class='ocrx_word' id='word_1_693' title='bbox 2251 4517 2358 4566; x_wconf 87' lang='grc' dir='ltr'><strong>τῶν</strong></span> <span class='ocrx_word' id='word_1_694' title='bbox 2412 4515 2755 4569; x_wconf 86' lang='grc' dir='ltr'>δικασάντων</span> <span class='ocrx_word' id='word_1_695' title='bbox 2809 4517 3280 4588; x_wconf 68' lang='grc' dir='ltr'>καταψηφισθεὶς,</span> <span class='ocrx_word' id='word_1_696' title='bbox 3330 4522 3467 4574; x_wconf 84' lang='grc' dir='ltr'><strong>ἀλλά</strong></span> <span class='ocrx_word' id='word_1_697' title='bbox 3519 4523 3621 4593; x_wconf 80' lang='grc' dir='ltr'>τὴν</span> <span class='ocrx_word' id='word_1_698' title='bbox 3669 4523 3828 4586; x_wconf 79' lang='grc' dir='ltr'>ἀξίαν</span> 
     </span>
    </p>
   </div>
   <div class='ocr_carea' id='block_1_93' title="bbox 2251 4609 3826 4686">
    <p class='ocr_par' dir='ltr' id='par_1_93' title="bbox 2251 4609 3826 4686">
     <span class='ocr_line' id='line_1_93' title="bbox 2251 4609 3826 4686; baseline 0.004 -24"><span class='ocrx_word' id='word_1_699' title='bbox 2251 4609 2403 4677; x_wconf 82' lang='grc' dir='ltr'>δίκην</span> <span class='ocrx_word' id='word_1_700' title='bbox 2433 4609 2526 4664; x_wconf 90' lang='grc' dir='ltr'>δῶ.</span> <span class='ocrx_word' id='word_1_701' title='bbox 2567 4609 2784 4680; x_wconf 81' lang='grc' dir='ltr'>Ἐπειδὴ</span> <span class='ocrx_word' id='word_1_702' title='bbox 2815 4609 2868 4664; x_wconf 79' lang='grc' dir='ltr'>δὲ</span> <span class='ocrx_word' id='word_1_703' title='bbox 2901 4612 3044 4664; x_wconf 78' lang='grc' dir='ltr'>οὕτω</span> <span class='ocrx_word' id='word_1_704' title='bbox 3074 4613 3185 4664; x_wconf 85' lang='grc' dir='ltr'>δεῖν</span> <span class='ocrx_word' id='word_1_705' title='bbox 3215 4609 3356 4666; x_wconf 77' lang='grc' dir='ltr'>εἶναι</span> <span class='ocrx_word' id='word_1_706' title='bbox 3389 4614 3646 4681; x_wconf 76' lang='grc' dir='ltr'>κέκρικεν</span> <span class='ocrx_word' id='word_1_707' title='bbox 3674 4619 3700 4668; x_wconf 85' lang='grc' dir='ltr'>ὁ</span> <span class='ocrx_word' id='word_1_708' title='bbox 3730 4615 3826 4686; x_wconf 66' lang='grc' dir='ltr'>βαι</span> 
     </span>
    </p>
   </div>
   <div class='ocr_carea' id='block_1_94' title="bbox 2255 4699 3828 4774">
    <p class='ocr_par' dir='ltr' id='par_1_94' title="bbox 2255 4699 3828 4774">
     <span class='ocr_line' id='line_1_94' title="bbox 2255 4699 3828 4774; baseline 0.002 -23"><span class='ocrx_word' id='word_1_709' title='bbox 2255 4701 2460 4762; x_wconf 73' lang='grc' dir='ltr'>σιλεὺς,</span> <span class='ocrx_word' id='word_1_710' title='bbox 2510 4699 2740 4770; x_wconf 81' lang='grc' dir='ltr'>χάριτας</span> <span class='ocrx_word' id='word_1_711' title='bbox 2794 4701 2894 4770; x_wconf 80' lang='grc' dir='ltr'>μὲν</span> <span class='ocrx_word' id='word_1_712' title='bbox 2939 4701 3137 4766; x_wconf 74' lang='grc' dir='ltr'>πολλὰς</span> <span class='ocrx_word' id='word_1_713' title='bbox 3184 4703 3434 4772; x_wconf 85' lang='grc' dir='ltr'>ὁμολογῶ</span> <span class='ocrx_word' id='word_1_714' title='bbox 3483 4704 3561 4774; x_wconf 81' lang='grc' dir='ltr'>τῷ</span> <span class='ocrx_word' id='word_1_715' title='bbox 3613 4705 3828 4758; x_wconf 81' lang='grc' dir='ltr'>πάντων</span> 
     </span>
    </p>
   </div>
   <div class='ocr_carea' id='block_1_95' title="bbox 2256 4791 3825 4864">
    <p class='ocr_par' dir='ltr' id='par_1_95' title="bbox 2256 4791 3825 4864">
     <span class='ocr_line' id='line_1_95' title="bbox 2256 4791 3825 4864; baseline 0.003 -18"><span class='ocrx_word' id='word_1_716' title='bbox 2256 4792 2594 4863; x_wconf 81' lang='grc' dir='ltr'>βασιλεύοντι</span> <span class='ocrx_word' id='word_1_717' title='bbox 2625 4791 2764 4862; x_wconf 80' lang='grc' dir='ltr'>Θεῷ,</span> <span class='ocrx_word' id='word_1_718' title='bbox 2813 4794 2895 4846; x_wconf 83' lang='grc' dir='ltr'><strong>ὅτι</strong></span> <span class='ocrx_word' id='word_1_719' title='bbox 2942 4795 3132 4864; x_wconf 67' lang='grc' dir='ltr'>καιρδν</span> <span class='ocrx_word' id='word_1_720' title='bbox 3177 4797 3454 4864; x_wconf 77' lang='grc' dir='ltr'>παρέσχεν</span> <span class='ocrx_word' id='word_1_721' title='bbox 3494 4797 3825 4861; x_wconf 82' lang='grc' dir='ltr'>ἀπολογίας·</span> 
     </span>
    </p>
   </div>
   <div class='ocr_carea' id='block_1_96' title="bbox 2254 4877 3826 4960">
    <p class='ocr_par' dir='ltr' id='par_1_96' title="bbox 2254 4877 3826 4960">
     <span class='ocr_line' id='line_1_96' title="bbox 2254 4877 3826 4960; baseline 0.001 -22"><span class='ocrx_word' id='word_1_722' title='bbox 2254 4885 2350 4954; x_wconf 79' lang='grc' dir='ltr'><strong>οὐχ</strong></span> <span class='ocrx_word' id='word_1_723' title='bbox 2399 4877 2561 4954; x_wconf 75' lang='grc' dir='ltr'>ἦττον</span> <span class='ocrx_word' id='word_1_724' title='bbox 2618 4880 2674 4933; x_wconf 83' lang='grc' dir='ltr'>δὲ</span> <span class='ocrx_word' id='word_1_725' title='bbox 2723 4882 2935 4951; x_wconf 86' lang='grc' dir='ltr'>βασιλεῖ</span> <span class='ocrx_word' id='word_1_726' title='bbox 2997 4903 3052 4936; x_wconf 91' lang='grc' dir='ltr'><strong>τε</strong></span> <span class='ocrx_word' id='word_1_727' title='bbox 3096 4887 3191 4938; x_wconf 73' lang='grc' dir='ltr'><strong>καὶ</strong></span> <span class='ocrx_word' id='word_1_728' title='bbox 3228 4887 3562 4960; x_wconf 82' lang='grc' dir='ltr'>πατριάρχῃ,</span> <span class='ocrx_word' id='word_1_729' title='bbox 3608 4887 3685 4958; x_wconf 84' lang='grc' dir='ltr'>τῷ</span> <span class='ocrx_word' id='word_1_730' title='bbox 3731 4890 3826 4956; x_wconf 80' lang='grc' dir='ltr'><strong>μὲν</strong></span> 
     </span>
    </p>
   </div>
   <div class='ocr_carea' id='block_1_97' title="bbox 2256 4975 3830 5050">
    <p class='ocr_par' dir='ltr' id='par_1_97' title="bbox 2256 4975 3830 5050">
     <span class='ocr_line' id='line_1_97' title="bbox 2256 4975 3830 5050; baseline 0.002 -20"><span class='ocrx_word' id='word_1_731' title='bbox 2256 4978 2509 5030; x_wconf 85' lang='grc' dir='ltr'>πείσαντι</span> <span class='ocrx_word' id='word_1_732' title='bbox 2542 4979 2640 5046; x_wconf 74' lang='grc' dir='ltr'>τὴν</span> <span class='ocrx_word' id='word_1_733' title='bbox 2679 4975 2944 5042; x_wconf 78' lang='grc' dir='ltr'>ἐξέτασιν,</span> <span class='ocrx_word' id='word_1_734' title='bbox 2998 4975 3075 5047; x_wconf 81' lang='grc' dir='ltr'><strong>τῷ</strong></span> <span class='ocrx_word' id='word_1_735' title='bbox 3131 4977 3188 5029; x_wconf 80' lang='grc' dir='ltr'>δὲ</span> <span class='ocrx_word' id='word_1_736' title='bbox 3233 4979 3530 5045; x_wconf 85' lang='grc' dir='ltr'>πεισθέντι,</span> <span class='ocrx_word' id='word_1_737' title='bbox 3565 4982 3658 5032; x_wconf 77' lang='grc' dir='ltr'><strong>καὶ</strong></span> <span class='ocrx_word' id='word_1_738' title='bbox 3700 4981 3830 5050; x_wconf 86' lang='grc' dir='ltr'>ὑμῖν</span> 
     </span>
    </p>
   </div>
   <div class='ocr_carea' id='block_1_98' title="bbox 580 5068 2146 5149">
    <p class='ocr_par' dir='ltr' id='par_1_98' title="bbox 580 5071 2146 5141">
     <span class='ocr_line' id='line_1_98' title="bbox 580 5071 2146 5141; baseline 0.003 -18"><span class='ocrx_word' id='word_1_739' title='bbox 580 5085 684 5123; x_wconf 87' lang='lat' dir='ltr'><strong>avo</strong></span> <span class='ocrx_word' id='word_1_740' title='bbox 741 5079 797 5123; x_wconf 93' lang='lat' dir='ltr'><strong>et</strong></span> <span class='ocrx_word' id='word_1_741' title='bbox 827 5071 1154 5139; x_wconf 77' lang='lat' dir='ltr'><strong>patriarcha:</strong></span> <span class='ocrx_word' id='word_1_742' title='bbox 1185 5072 1387 5140; x_wconf 79' lang='lat' dir='ltr'><strong>gratias</strong></span> <span class='ocrx_word' id='word_1_743' title='bbox 1420 5085 1539 5141; x_wconf 79' lang='lat' dir='ltr'><strong>ago.</strong></span> <span class='ocrx_word' id='word_1_744' title='bbox 1574 5071 1730 5138; x_wconf 79' lang='lat' dir='ltr'><strong>Huic,</strong></span> <span class='ocrx_word' id='word_1_745' title='bbox 1773 5072 1916 5140; x_wconf 91' lang='lat' dir='ltr'><strong>quod</strong></span> <span class='ocrx_word' id='word_1_746' title='bbox 1955 5083 2146 5127; x_wconf 90' lang='lat' dir='ltr'><strong>auctor</strong></span> 
     </span>
    </p>
   </div>
   <div class='ocr_carea' id='block_1_99' title="bbox 2250 5068 3825 5149">
    <p class='ocr_par' dir='ltr' id='par_1_99' title="bbox 2253 5068 3825 5142">
     <span class='ocr_line' id='line_1_99' title="bbox 2253 5068 3825 5142; baseline 0.001 -20"><span class='ocrx_word' id='word_1_747' title='bbox 2253 5071 2361 5132; x_wconf 85' lang='grc' dir='ltr'>τοῖς</span> <span class='ocrx_word' id='word_1_748' title='bbox 2394 5070 2744 5138; x_wconf 75' lang='grc' dir='ltr'>ἀφιγμένοις,</span> <span class='ocrx_word' id='word_1_749' title='bbox 2774 5069 2942 5122; x_wconf 68' lang='grc' dir='ltr'>ἕνεκα</span> <span class='ocrx_word' id='word_1_750' title='bbox 2967 5068 3072 5122; x_wconf 87' lang='grc' dir='ltr'><strong>τῶν</strong></span> <span class='ocrx_word' id='word_1_751' title='bbox 3104 5069 3302 5124; x_wconf 85' lang='grc' dir='ltr'>πόνων.</span> <span class='ocrx_word' id='word_1_752' title='bbox 3333 5072 3535 5140; x_wconf 78' lang='grc' dir='ltr'>Δέομαι</span> <span class='ocrx_word' id='word_1_753' title='bbox 3563 5072 3621 5124; x_wconf 71' lang='grc' dir='ltr'>δὲ</span> <span class='ocrx_word' id='word_1_754' title='bbox 3654 5073 3825 5142; x_wconf 86' lang='grc' dir='ltr'>ὐμῶν,</span> 
     </span>
    </p>
   </div>
   <div class='ocr_carea' id='block_1_100' title="bbox 581 5163 2149 5234">
    <p class='ocr_par' dir='ltr' id='par_1_100' title="bbox 581 5163 2149 5234">
     <span class='ocr_line' id='line_1_100' title="bbox 581 5163 2149 5234; baseline 0.002 -16"><span class='ocrx_word' id='word_1_755' title='bbox 581 5164 684 5218; x_wconf 85' lang='lat' dir='ltr'><strong>fuit</strong></span> <span class='ocrx_word' id='word_1_756' title='bbox 717 5173 776 5218; x_wconf 92' lang='lat' dir='ltr'><strong>ut</strong></span> <span class='ocrx_word' id='word_1_757' title='bbox 807 5179 897 5218; x_wconf 87' lang='lat' dir='ltr'><strong>res</strong></span> <span class='ocrx_word' id='word_1_758' title='bbox 929 5163 982 5216; x_wconf 93' lang='lat' dir='ltr'><strong>in</strong></span> <span class='ocrx_word' id='word_1_759' title='bbox 1012 5163 1366 5232; x_wconf 89' lang='lat' dir='ltr'><strong>inquisitione</strong></span> <span class='ocrx_word' id='word_1_760' title='bbox 1393 5175 1709 5234; x_wconf 90' lang='lat' dir='ltr'><strong>poneretur,</strong></span> <span class='ocrx_word' id='word_1_761' title='bbox 1744 5166 1844 5227; x_wconf 89' lang='lat' dir='ltr'><strong>illi,</strong></span> <span class='ocrx_word' id='word_1_762' title='bbox 1873 5167 2018 5233; x_wconf 86' lang='lat' dir='ltr'><strong>quod</strong></span> <span class='ocrx_word' id='word_1_763' title='bbox 2042 5167 2149 5224; x_wconf 90' lang='lat' dir='ltr'><strong>sibi</strong></span> 
     </span>
    </p>
   </div>
   <div class='ocr_carea' id='block_1_101' title="bbox 580 5255 2153 5327">
    <p class='ocr_par' dir='ltr' id='par_1_101' title="bbox 580 5255 2153 5327">
     <span class='ocr_line' id='line_1_101' title="bbox 580 5255 2153 5327; baseline 0.002 -17"><span class='ocrx_word' id='word_1_764' title='bbox 580 5255 635 5311; x_wconf 88' lang='lat' dir='ltr'><strong>id</strong></span> <span class='ocrx_word' id='word_1_765' title='bbox 672 5271 864 5326; x_wconf 88' lang='lat' dir='ltr'><strong>passus</strong></span> <span class='ocrx_word' id='word_1_766' title='bbox 893 5265 977 5310; x_wconf 86' lang='lat' dir='ltr'><strong>est</strong></span> <span class='ocrx_word' id='word_1_767' title='bbox 1014 5256 1357 5325; x_wconf 89' lang='lat' dir='ltr'><strong>persuaderi,</strong></span> <span class='ocrx_word' id='word_1_768' title='bbox 1390 5257 1546 5312; x_wconf 89' lang='lat' dir='ltr'><strong>vobis</strong></span> <span class='ocrx_word' id='word_1_769' title='bbox 1580 5259 1735 5323; x_wconf 89' lang='lat' dir='ltr'><strong>item,</strong></span> <span class='ocrx_word' id='word_1_770' title='bbox 1782 5257 1875 5327; x_wconf 90' lang='lat' dir='ltr'><strong>qui</strong></span> <span class='ocrx_word' id='word_1_771' title='bbox 1911 5258 2021 5312; x_wconf 92' lang='lat' dir='ltr'><strong>huc</strong></span> <span class='ocrx_word' id='word_1_772' title='bbox 2050 5261 2153 5313; x_wconf 89' lang='lat' dir='ltr'><strong>iter</strong></span> 
     </span>
    </p>
   </div>
   <div class='ocr_carea' id='block_1_102' title="bbox 581 5346 2148 5420">
    <p class='ocr_par' dir='ltr' id='par_1_102' title="bbox 581 5346 2148 5420">
     <span class='ocr_line' id='line_1_102' title="bbox 581 5346 2148 5420; baseline 0 -18"><span class='ocrx_word' id='word_1_773' title='bbox 581 5348 927 5417; x_wconf 83' lang='lat' dir='ltr'><strong>suscepistis,</strong></span> <span class='ocrx_word' id='word_1_774' title='bbox 956 5346 1023 5401; x_wconf 88' lang='lat' dir='ltr'><strong>de</strong></span> <span class='ocrx_word' id='word_1_775' title='bbox 1051 5347 1239 5401; x_wconf 88' lang='lat' dir='ltr'><strong>labore</strong></span> <span class='ocrx_word' id='word_1_776' title='bbox 1291 5360 1494 5404; x_wconf 89' lang='lat' dir='ltr'><strong>vestro.</strong></span> <span class='ocrx_word' id='word_1_777' title='bbox 1549 5347 1724 5404; x_wconf 86' lang='lat' dir='ltr'><strong>Velim</strong></span> <span class='ocrx_word' id='word_1_778' title='bbox 1775 5359 1954 5404; x_wconf 85' lang='lat' dir='ltr'><strong>autem</strong></span> <span class='ocrx_word' id='word_1_779' title='bbox 1990 5366 2148 5420; x_wconf 82' lang='lat' dir='ltr'><strong>roga-</strong></span> 
     </span>
    </p>
   </div>
   <div class='ocr_carea' id='block_1_103' title="bbox 583 5439 2148 5511">
    <p class='ocr_par' dir='ltr' id='par_1_103' title="bbox 583 5439 2148 5511">
     <span class='ocr_line' id='line_1_103' title="bbox 583 5439 2148 5511; baseline 0.001 -18"><span class='ocrx_word' id='word_1_780' title='bbox 583 5449 693 5504; x_wconf 87' lang='lat' dir='ltr'><strong>tos,</strong></span> <span class='ocrx_word' id='word_1_781' title='bbox 723 5455 791 5494; x_wconf 89' lang='lat' dir='ltr'><strong>ne</strong></span> <span class='ocrx_word' id='word_1_782' title='bbox 822 5439 877 5493; x_wconf 88' lang='lat' dir='ltr'><strong>in</strong></span> <span class='ocrx_word' id='word_1_783' title='bbox 925 5439 1029 5494; x_wconf 82' lang='lat' dir='ltr'><strong>hoc</strong></span> <span class='ocrx_word' id='word_1_784' title='bbox 1077 5439 1288 5511; x_wconf 88' lang='lat' dir='ltr'><strong>judicio</strong></span> <span class='ocrx_word' id='word_1_785' title='bbox 1335 5442 1468 5495; x_wconf 90' lang='lat' dir='ltr'><strong>mihi</strong></span> <span class='ocrx_word' id='word_1_786' title='bbox 1519 5449 1776 5511; x_wconf 87' lang='lat' dir='ltr'><strong>tanquam</strong></span> <span class='ocrx_word' id='word_1_787' title='bbox 1831 5442 2148 5511; x_wconf 88' lang='lat' dir='ltr'><strong>imperatori</strong></span> 
     </span>
    </p>
   </div>
   <div class='ocr_carea' id='block_1_104' title="bbox 585 5533 2153 5603">
    <p class='ocr_par' dir='ltr' id='par_1_104' title="bbox 585 5533 2153 5603">
     <span class='ocr_line' id='line_1_104' title="bbox 585 5533 2153 5603; baseline 0.001 -17"><span class='ocrx_word' id='word_1_788' title='bbox 585 5533 985 5599; x_wconf 88' lang='lat' dir='ltr'><strong>asscntiamini,</strong></span> <span class='ocrx_word' id='word_1_789' title='bbox 1019 5548 1152 5587; x_wconf 86' lang='lat' dir='ltr'><strong>neve</strong></span> <span class='ocrx_word' id='word_1_790' title='bbox 1185 5534 1395 5602; x_wconf 88' lang='lat' dir='ltr'><strong>aliquid</strong></span> <span class='ocrx_word' id='word_1_791' title='bbox 1449 5548 1639 5586; x_wconf 87' lang='lat' dir='ltr'><strong>eorum</strong></span> <span class='ocrx_word' id='word_1_792' title='bbox 1673 5549 1793 5603; x_wconf 61' lang='lat' dir='ltr'><strong>quas</strong></span> <span class='ocrx_word' id='word_1_793' title='bbox 1843 5533 2153 5588; x_wconf 87' lang='lat' dir='ltr'><strong>damnanda</strong></span> 
     </span>
    </p>
   </div>
   <div class='ocr_carea' id='block_1_105' title="bbox 585 5624 2153 5696">
    <p class='ocr_par' dir='ltr' id='par_1_105' title="bbox 585 5624 2153 5696">
     <span class='ocr_line' id='line_1_105' title="bbox 585 5624 2153 5696; baseline 0.002 -20"><span class='ocrx_word' id='word_1_794' title='bbox 585 5625 892 5690; x_wconf 86' lang='lat' dir='ltr'><strong>senseritis,</strong></span> <span class='ocrx_word' id='word_1_795' title='bbox 934 5636 1155 5695; x_wconf 88' lang='lat' dir='ltr'><strong>pr0ptcr</strong></span> <span class='ocrx_word' id='word_1_796' title='bbox 1184 5625 1463 5696; x_wconf 86' lang='lat' dir='ltr'><strong>dignitatis</strong></span> <span class='ocrx_word' id='word_1_797' title='bbox 1491 5624 1910 5694; x_wconf 87' lang='lat' dir='ltr'><strong>amplitudinem</strong></span> <span class='ocrx_word' id='word_1_798' title='bbox 1946 5625 2153 5680; x_wconf 88' lang='lat' dir='ltr'><strong>condo-</strong></span> 
     </span>
    </p>
   </div>
   <div class='ocr_carea' id='block_1_106' title="bbox 595 5716 2154 5789">
    <p class='ocr_par' dir='ltr' id='par_1_106' title="bbox 595 5716 2154 5789">
     <span class='ocr_line' id='line_1_106' title="bbox 595 5716 2154 5789; baseline 0.004 -20"><span class='ocrx_word' id='word_1_799' title='bbox 595 5716 759 5783; x_wconf 81' lang='lat' dir='ltr'><strong>netis,</strong></span> <span class='ocrx_word' id='word_1_800' title='bbox 808 5719 903 5774; x_wconf 86' lang='lat' dir='ltr'><strong>sed</strong></span> <span class='ocrx_word' id='word_1_801' title='bbox 935 5719 1001 5779; x_wconf 70' lang='lat' dir='ltr'><strong>ad</strong></span> <span class='ocrx_word' id='word_1_802' title='bbox 1045 5717 1435 5789; x_wconf 75' lang='lat' dir='ltr'><strong>ignoscendum</strong></span> <span class='ocrx_word' id='word_1_803' title='bbox 1484 5716 1851 5774; x_wconf 79' lang='lat' dir='ltr'><strong>inexorabiles</strong></span> <span class='ocrx_word' id='word_1_804' title='bbox 1901 5719 2042 5775; x_wconf 88' lang='lat' dir='ltr'><strong>sitis.</strong></span> <span class='ocrx_word' id='word_1_805' title='bbox 2096 5718 2154 5776; x_wconf 90' lang='lat' dir='ltr'><strong>Si</strong></span> 
     </span>
    </p>
   </div>
   <div class='ocr_carea' id='block_1_107' title="bbox 2259 5162 3823 5234">
    <p class='ocr_par' dir='ltr' id='par_1_107' title="bbox 2259 5162 3823 5234">
     <span class='ocr_line' id='line_1_107' title="bbox 2259 5162 3823 5234; baseline 0.003 -21"><span class='ocrx_word' id='word_1_806' title='bbox 2259 5165 2336 5233; x_wconf 81' lang='grc' dir='ltr'><strong>μὴ</strong></span> <span class='ocrx_word' id='word_1_807' title='bbox 2361 5162 2433 5225; x_wconf 81' lang='grc' dir='ltr'>ὡς</span> <span class='ocrx_word' id='word_1_808' title='bbox 2462 5162 2672 5231; x_wconf 84' lang='grc' dir='ltr'>βασιλεῖ</span> <span class='ocrx_word' id='word_1_809' title='bbox 2705 5180 2795 5233; x_wconf 89' lang='grc' dir='ltr'><strong>μοι</strong></span> <span class='ocrx_word' id='word_1_810' title='bbox 2828 5163 3118 5233; x_wconf 79' lang='grc' dir='ltr'>προσέχειν</span> <span class='ocrx_word' id='word_1_811' title='bbox 3151 5163 3246 5216; x_wconf 68' lang='grc' dir='ltr'><strong>ἐπὶ</strong></span> <span class='ocrx_word' id='word_1_812' title='bbox 3261 5163 3361 5232; x_wconf 76' lang='grc' dir='ltr'>τῆς</span> <span class='ocrx_word' id='word_1_813' title='bbox 3384 5165 3544 5232; x_wconf 88' lang='grc' dir='ltr'>δίκης</span> <span class='ocrx_word' id='word_1_814' title='bbox 3563 5166 3823 5234; x_wconf 76' lang='grc' dir='ltr'>ταυτησὶ,</span> 
     </span>
    </p>
   </div>
   <div class='ocr_carea' id='block_1_108' title="bbox 2259 5249 3829 5328">
    <p class='ocr_par' dir='ltr' id='par_1_108' title="bbox 2259 5249 3829 5328">
     <span class='ocr_line' id='line_1_108' title="bbox 2259 5249 3829 5328; baseline 0.003 -21"><span class='ocrx_word' id='word_1_815' title='bbox 2259 5255 2394 5326; x_wconf 80' lang='grc' dir='ltr'>μηδὲ</span> <span class='ocrx_word' id='word_1_816' title='bbox 2427 5272 2478 5308; x_wconf 89' lang='grc' dir='ltr'><strong>τι</strong></span> <span class='ocrx_word' id='word_1_817' title='bbox 2496 5249 2571 5308; x_wconf 87' lang='grc' dir='ltr'><strong>ῶν</strong></span> <span class='ocrx_word' id='word_1_818' title='bbox 2601 5255 2668 5309; x_wconf 80' lang='grc' dir='ltr'>ἂν</span> <span class='ocrx_word' id='word_1_819' title='bbox 2696 5255 3147 5324; x_wconf 84' lang='grc' dir='ltr'>καταγνώσησθε,</span> <span class='ocrx_word' id='word_1_820' title='bbox 3177 5256 3264 5310; x_wconf 82' lang='grc' dir='ltr'>διὰ</span> <span class='ocrx_word' id='word_1_821' title='bbox 3291 5256 3352 5309; x_wconf 82' lang='grc' dir='ltr'>τὸ</span> <span class='ocrx_word' id='word_1_822' title='bbox 3379 5255 3596 5327; x_wconf 81' lang='grc' dir='ltr'>ἀξίωμα</span> <span class='ocrx_word' id='word_1_823' title='bbox 3623 5273 3829 5328; x_wconf 76' lang='grc' dir='ltr'>συγχωο</span> 
     </span>
    </p>
   </div>
   <div class='ocr_carea' id='block_1_109' title="bbox 2257 5343 3827 5421">
    <p class='ocr_par' dir='ltr' id='par_1_109' title="bbox 2257 5343 3827 5421">
     <span class='ocr_line' id='line_1_109' title="bbox 2257 5343 3827 5421; baseline -0.002 -17"><span class='ocrx_word' id='word_1_824' title='bbox 2257 5354 2391 5420; x_wconf 87' lang='grc' dir='ltr'>ρεῖν,</span> <span class='ocrx_word' id='word_1_825' title='bbox 2414 5349 2527 5404; x_wconf 83' lang='grc' dir='ltr'>ἀλλ’</span> <span class='ocrx_word' id='word_1_826' title='bbox 2558 5351 2954 5420; x_wconf 86' lang='grc' dir='ltr'>ἀπαραιτήτως</span> <span class='ocrx_word' id='word_1_827' title='bbox 2986 5351 3070 5419; x_wconf 72' lang='grc' dir='ltr'><strong>ἐφ’</strong></span> <span class='ocrx_word' id='word_1_828' title='bbox 3095 5343 3176 5412; x_wconf 74' lang='grc' dir='ltr'>οἷς</span> <span class='ocrx_word' id='word_1_829' title='bbox 3205 5348 3273 5403; x_wconf 81' lang='grc' dir='ltr'>ἂν</span> <span class='ocrx_word' id='word_1_830' title='bbox 3303 5349 3490 5419; x_wconf 75' lang='grc' dir='ltr'>οἴησθε</span> <span class='ocrx_word' id='word_1_831' title='bbox 3515 5351 3827 5421; x_wconf 78' lang='grc' dir='ltr'>καταψηφί-</span> 
     </span>
    </p>
   </div>
   <div class='ocr_carea' id='block_1_110' title="bbox 2251 5441 3828 5511">
    <p class='ocr_par' dir='ltr' id='par_1_110' title="bbox 2251 5441 3828 5511">
     <span class='ocr_line' id='line_1_110' title="bbox 2251 5441 3828 5511; baseline -0.001 -16"><span class='ocrx_word' id='word_1_832' title='bbox 2251 5442 2442 5508; x_wconf 82' lang='grc' dir='ltr'>ζεσθαι</span> <span class='ocrx_word' id='word_1_833' title='bbox 2489 5443 2716 5495; x_wconf 84' lang='grc' dir='ltr'>ἀδικεῖν.</span> <span class='ocrx_word' id='word_1_834' title='bbox 2762 5443 2860 5496; x_wconf 81' lang='grc' dir='ltr'>Ἂν</span> <span class='ocrx_word' id='word_1_835' title='bbox 2907 5443 3090 5510; x_wconf 72' lang='grc' dir='ltr'>μέντοι</span> <span class='ocrx_word' id='word_1_836' title='bbox 3134 5441 3338 5511; x_wconf 80' lang='grc' dir='ltr'>μεταξύ</span> <span class='ocrx_word' id='word_1_837' title='bbox 3387 5441 3828 5510; x_wconf 82' lang='grc' dir='ltr'>ἀπολογούμενος</span> 
     </span>
    </p>
   </div>
   <div class='ocr_carea' id='block_1_111' title="bbox 2253 5533 3822 5606">
    <p class='ocr_par' dir='ltr' id='par_1_111' title="bbox 2253 5533 3822 5606">
     <span class='ocr_line' id='line_1_111' title="bbox 2253 5533 3822 5606; baseline -0.001 -19"><span class='ocrx_word' id='word_1_838' title='bbox 2253 5537 2466 5606; x_wconf 83' lang='grc' dir='ltr'>ἀνάγκῃ</span> <span class='ocrx_word' id='word_1_839' title='bbox 2498 5549 2560 5601; x_wconf 79' lang='grc' dir='ltr'><strong>γε</strong></span> <span class='ocrx_word' id='word_1_840' title='bbox 2607 5534 2706 5605; x_wconf 86' lang='grc' dir='ltr'>(οὐ</span> <span class='ocrx_word' id='word_1_841' title='bbox 2761 5535 2870 5605; x_wconf 83' lang='grc' dir='ltr'>γὰρ</span> <span class='ocrx_word' id='word_1_842' title='bbox 2900 5535 3081 5587; x_wconf 79' lang='grc' dir='ltr'>ἑκοντὶ</span> <span class='ocrx_word' id='word_1_843' title='bbox 3115 5535 3252 5605; x_wconf 81' lang='grc' dir='ltr'>πρὸς</span> <span class='ocrx_word' id='word_1_844' title='bbox 3284 5533 3565 5596; x_wconf 73' lang='grc' dir='ltr'>τοιούτους</span> <span class='ocrx_word' id='word_1_845' title='bbox 3596 5534 3661 5586; x_wconf 76' lang='grc' dir='ltr'>ἄν</span> <span class='ocrx_word' id='word_1_846' title='bbox 3695 5550 3822 5586; x_wconf 83' lang='grc' dir='ltr'>ποτε</span> 
     </span>
    </p>
   </div>
   <div class='ocr_carea' id='block_1_112' title="bbox 2251 5621 3824 5697">
    <p class='ocr_par' dir='ltr' id='par_1_112' title="bbox 2251 5621 3824 5697">
     <span class='ocr_line' id='line_1_112' title="bbox 2251 5621 3824 5697; baseline -0.001 -21"><span class='ocrx_word' id='word_1_847' title='bbox 2251 5621 2415 5697; x_wconf 77' lang='grc' dir='ltr'>ἦλθον</span> <span class='ocrx_word' id='word_1_848' title='bbox 2436 5626 2649 5694; x_wconf 81' lang='grc' dir='ltr'>λόγους)</span> <span class='ocrx_word' id='word_1_849' title='bbox 2696 5625 3030 5696; x_wconf 69' lang='grc' dir='ltr'>τὸνβασιλέα</span> <span class='ocrx_word' id='word_1_850' title='bbox 3053 5625 3145 5678; x_wconf 70' lang='grc' dir='ltr'><strong>καὶ</strong></span> <span class='ocrx_word' id='word_1_851' title='bbox 3175 5624 3399 5678; x_wconf 78' lang='grc' dir='ltr'>πάππον</span> <span class='ocrx_word' id='word_1_852' title='bbox 3422 5626 3514 5679; x_wconf 81' lang='grc' dir='ltr'><strong>τὸν</strong></span> <span class='ocrx_word' id='word_1_853' title='bbox 3539 5625 3670 5693; x_wconf 70' lang='grc' dir='ltr'>ἐμὸν</span> <span class='ocrx_word' id='word_1_854' title='bbox 3693 5627 3824 5676; x_wconf 74' lang='grc' dir='ltr'>ἀποο</span> 
     </span>
    </p>
   </div>
   <div class='ocr_carea' id='block_1_113' title="bbox 2255 5715 3826 5789">
    <p class='ocr_par' dir='ltr' id='par_1_113' title="bbox 2255 5715 3826 5789">
     <span class='ocr_line' id='line_1_113' title="bbox 2255 5715 3826 5789; baseline -0.004 -17"><span class='ocrx_word' id='word_1_855' title='bbox 2255 5719 2428 5788; x_wconf 78' lang='grc' dir='ltr'>φαίνω</span> <span class='ocrx_word' id='word_1_856' title='bbox 2465 5717 2753 5772; x_wconf 78' lang='grc' dir='ltr'>ἀδικοῦντα</span> <span class='ocrx_word' id='word_1_857' title='bbox 2794 5718 2889 5773; x_wconf 71' lang='grc' dir='ltr'>καὶ</span> <span class='ocrx_word' id='word_1_858' title='bbox 2928 5717 3313 5789; x_wconf 77' lang='grc' dir='ltr'>ἐπιορκοῦντα,</span> <span class='ocrx_word' id='word_1_859' title='bbox 3357 5717 3485 5788; x_wconf 75' lang='grc' dir='ltr'>μήτ’</span> <span class='ocrx_word' id='word_1_860' title='bbox 3521 5717 3644 5785; x_wconf 77' lang='grc' dir='ltr'>ἐμοὶ</span> <span class='ocrx_word' id='word_1_861' title='bbox 3677 5715 3826 5782; x_wconf 86' lang='grc' dir='ltr'>λογί-</span> 
     </span>
    </p>
   </div>
  </div>
