4136 6288
337 362 442 423 321
485 317 494 322 ’
1505 361 2052 426 HISTORIARUM
2089 364 2321 428 LIBER
2363 363 2414 428 I.
3477 373 3586 436 322

341 474 453 537 θέςσ
483 474 596 540 ἐγὼ
619 473 757 528 δὲτὸ
783 473 880 526 καὶ
909 472 1070 528 αὐτὸν
1095 477 1350 545 παρεῖναι
1385 475 1620 546 μάλιστα
1647 477 1911 541 ἀπεδεξά-

2024 477 2254 532 Primum
2301 479 2468 534 recita
2500 478 2757 535 Patribus
2803 480 2870 536 ad
2920 479 3174 548 verbum,
3203 486 3348 553 quod
3400 502 3588 543 mense

346 583 473 637 μην.
507 566 792 634 Σκέψασθε
826 567 1020 627 τοίνυν,
1057 567 1317 636 ὁπότερος
1351 568 1714 637 παραὸέϐηκε
1778 570 1907 633 τοὺς

2024 569 2180 633 Iulio,
2215 570 2520 625 indictione
2557 572 2769 625 decima
2808 573 3127 627 mandatum
3153 575 3218 628 ad
3249 585 3592 644 protovesta-

341 658 562 727 ὅρκους.
598 658 918 726 Παρέξομαι
949 659 1006 712 δὲ
1063 659 1124 711 οὐ
1179 659 1376 727 λόγους
1429 660 1726 730 εὐπρεπεῖς
1766 659 1906 729 πρδς

341 748 441 818 τὴν
470 747 787 814 ἀπολογίαν.
823 749 945 800 οὐδὲ
982 750 1265 820 μάρτυρας
1299 749 1621 819 ἀνθρώπους
1651 750 1910 820 διεφθαρ-

350 843 568 910 μένους,
604 833 686 902 οἷς
737 839 805 892 ἄν
832 856 938 892 τινι
975 841 1068 891 καὶ
1104 842 1360 893 ἀπιστεῖν
1393 843 1486 895 καὶ
1544 843 1908 912 παρα-γράφει

353 931 472 984 σθαι
534 929 761 994 ἐξεῖναι,
815 930 930 982 ἀλλ’
975 931 1111 983 αὐτὰ
1149 931 1233 1005 Δτὰ
1284 931 1548 1001 βασιλέως
1602 936 1909 1005 γράμματα

355 1025 727 1093 μαρτυρήσειν
757 1023 823 1074 ἐκ
872 1023 1072 1074 πολλοῦ
1125 995 1222 1075 κ’ἆὶ
1267 995 1385 1092 μετ’
1447 995 1773 1094 ἐπιμελείας
1819 1029 1912 1080 καὶ

353 1113 764 1181 φριιντὶδοςίτὸν
808 1112 944 1181 πρὸς
996 1113 1099 1181 ἐμὲ
1147 1102 1386 1182 πόλεμον
1413 1116 1761 1182 κεκινηκότα.
1802 1116 1913 1168 Καὶ

352 1206 562 1272 1πρῶτον
596 1205 1002 1272 ἀναγνωσθήτω
1035 1206 1166 1273 ἡμῖν
1213 1205 1276 1258 τὸ
1304 1206 1397 1258 τοῦ
1435 1206 1696 1276 βασιλέως
1744 1208 1914 1276 πρόσ-

352 1313 557 1362 ταγμα,
613 1295 641 1347 ὂ
675 1294 1163 1367 πρωτοϐεστιαρίῳ
1190 1297 1479 1350 ἀπέστειλε
1505 1297 1582 1369 τῷ
1613 1299 1730 1368 ὲμῷ
1761 1301 1912 1369 θείῳ,

365 1388 567 1456 Ἰουλίῳ
597 1388 728 1456 μηνὶ
756 1387 856 1455 τῆς
886 1388 1119 1456 δεκάτης
1153 1389 1503 1453 ίνδικτιῶνος,
1533 1390 1656 1458 ἔχον
1692 1391 1783 1442 ἐπὶ
1825 1391 1912 1444 λέ-

351 1482 486 1544 ξεως
515 1479 748 1533 οὑτωσίο
783 1479 1126 1550 Περιπὸθητε
1155 1480 1342 1550 ἀνεψιὲ
1374 1483 1471 1550 τῆς
1504 1480 1784 1548 βασιλείας
1813 1501 1916 1549 μου

353 1555 598 1638 πρωτοϐε
608 1571 840 1639 στιὰριε,
861 1570 1019 1639 κύριε
1048 1571 1347 1640 Ἀνδρόνικε
1366 1572 1592 1626 Παλαιολ
1602 1573 1718 1639 όγε,
1739 1575 1772 1644 ἡ
1790 1575 1918 1626 ἁνα-

352 1659 494 1726 φορὰ
528 1658 594 1728 ἣν
625 1658 887 1728 ἀνέφερες
919 1661 984 1729 τῇ
1045 1658 1292 1730 βασιλείᾳ
1335 1679 1456 1730 μου,
1489 1663 1770 1735 ἀπεσώθη,
1823 1667 1916 1718 καὶ

350 1753 408 1817 ἐξ
454 1753 627 1818 αὐτῆς
682 1751 956 1823 ἐγνώρισα
1007 1753 1129 1805 ὅσον
1180 1752 1411 1822 ἐγραψες
1471 1757 1566 1808 καὶ
1627 1756 1914 1828 ἀνέφερες.

363 1840 742 1911 Ἀπεδεξάμην
799 1841 929 1908 γοῦν
959 1841 1129 1893 πολλὰ
1157 1842 1255 1906 τὴν
1288 1845 1521 1912 σπονδὴν
1581 1847 1673 1898 καὶ
1715 1848 1912 1916 ἐπιμει-

350 1936 502 1985 λειαν
537 1933 630 1984 καὶ
659 1933 748 1984 τὸν
778 1933 859 1995 είς
893 1931 1052 1984 τοῦτο
1081 1932 1272 1996 ἀγῶνά
1307 1951 1400 1988 σου
1426 1952 1442 1967 ο
1480 1937 1574 1989 καὶ
1623 1939 1782 1992 πάλιν
1832 1940 1914 2002 είς

349 2025 411 2076 τὸ
438 2024 748 2095 ἔμπροσθεν
775 2024 1136 2096 ἑπιμελήθητι
1195 2026 1280 2079 ἵνα
1313 2027 1562 2098 τελεσθῇ.
1596 2031 1750 2084 Καλὰ
1803 2032 1913 2102 γὰρ

352 2114 641 2182 γινώσκεις
657 2117 738 2169 ὅτι
765 2117 825 2169 οὐ
857 2115 925 2169 δι’
952 2117 1080 2171 ἄλλό
1109 2134 1161 2169 τι
1193 2119 1505 2190 ἀπεστάλης
1531 2124 1609 2184 εἷς
1637 2124 1698 2175 τὸ
1727 2124 1914 2177 αὐτόοι

299 2205 302 2208 ’
353 2205 743 2273 κεφαλατίκιον
774 2209 904 2276 παρ’
935 2208 962 2260 ὅ
988 2208 1076 2261 διὰ
1105 2209 1205 2275 τὴν
1232 2211 1479 2264 δουλείαν
1505 2214 1695 2284 αὐτήν.
1760 2216 1916 2270 Ἐπεὶ

352 2297 486 2364 γοῦν
521 2299 618 2350 καὶ
654 2298 760 2368 πρὸ
816 2300 914 2368 τῆς
945 2302 1045 2369 σῆς
1091 2301 1370 2368 ἀναφορᾶς
1421 2303 1711 2358 ἀπέστειλε
1763 2309 1917 2361 καὶὸ

354 2388 582 2456 Κρὰλης
608 2389 1028 2458 ἀποκρισιάριον
1061 2391 1228 2444 αὐτοῦ
1259 2391 1519 2458 ἐνταῦθα,
1551 2396 1646 2449 καὶ
1676 2397 1917 2467 ἐδήλωσε

354 2479 492 2544 πρὸς
515 2477 611 2548 τὴν
651 2479 927 2547 βασιλείαν
957 2498 1064 2550 μου
1102 2481 1251 2544 ὅπως
1306 2483 1407 2560 ήδη
1443 2487 1748 2556 κατεστάθη
1780 2490 1919 2558 μετὰ

355 2567 474 2631 σοῦ,
511 2569 604 2619 καὶ
639 2567 950 2635 εὑρίσκεται
1005 2569 1222 2640 ἕτοιμος
1275 2571 1362 2623 ἵνα
1393 2571 1534 2625 κατά
1587 2574 1768 2625 πᾶσαν
1823 2575 1920 2644 τὴν

355 2660 523 2711 αὑτοῦ
553 2660 784 2729 δύναμιν
817 2660 1060 2731 βοηθήσῃ
1103 2663 1270 2731 -ὴμϊν,
1308 2663 1381 2734 μὴ
1414 2665 1573 2738 μόνον
1629 2665 1769 2733 μετὰ
1823 2665 1917 2717 τοῦ

357 2749 610 2815 φωσάτου
646 2749 837 2814 αὑτοῦ,
871 2751 1008 2803 ἀλλὰ
1045 2750 1140 2805 καὶ
1165 2752 1323 2815 αὐτὸς
1355 2751 1567 2822 παρὼν,
1600 2755 1764 2808 πάλιν
1793 2757 1918 2808 ἐπι-

357 2841 540 2912 στὼθη
573 2841 742 2894 ταῦτο
768 2844 802 2911 ἡ
843 2843 1091 2913 βασιλεία
1133 2861 1234 2912 μου
1263 2844 1344 2897 ἐτι
1376 2845 1539 2897 πλέον
1570 2846 1678 2898 ἀπὸ
1699 2848 1799 2915 τῆς
1823 2848 1923 2917 σῆς

357 2933 657 3000 ἀναφορᾶς.
694 2933 843 2986 Ποίει
869 2933 1000 3002 γοῦν
1027 2933 1126 3002 τὴν
1149 2933 1393 2987 δουλείαν
1425 2952 1516 2989 σου
1551 2936 1694 3004 μετὰ
1723 2937 1923 3004 πολλῆς

359 3025 680 3092 συντομίας,
715 3027 797 3078 ὅτι
823 3027 918 3079 καὶ
947 3029 980 3097 ἡ
1010 3026 1256 3096 βασιλεία
1287 3046 1389 3098 μου
1441 3029 1714 3099 ἐπιμελῶς
1749 3032 1924 3102 πράτο

2013 657 2158 711 rium
2191 659 2343 713 misit
2379 677 2392 713 ε
2424 659 2902 715 Desideratissinie
2932 670 3135 716 nostra:
3187 665 3459 733 majestati
3509 665 3583 719 mi

2013 764 2208 819 nepos,
2258 750 2480 804 domine
2511 751 2820 805 Andronice
2859 753 3192 822 Palmologe,
3256 753 3367 823 (8‘2)
3404 765 3590 823 proto-

2017 841 2304 906 vestiarie,
2329 859 2489 912 quam
2518 845 2582 896 ad
2603 857 2702 897 nos
2727 844 2923 898 misisti
2957 844 3300 910 relationem,
3333 855 3448 901 tuto
3470 863 3593 916 per~

2012 934 2187 996 venit,
2245 948 2312 987 ex
2370 951 2476 1003 qua
2512 951 2632 1004 qua:
2676 936 2918 999 voluisti,
2971 937 3331 1005 cognovimus
3379 939 3589 1001 omnia,

2016 1034 2278 1093 tuumque
2319 1025 2372 1078 in
2420 1025 2524 1078 hoc
2573 1027 2843 1086 studium,
2877 1027 3242 1096 diligentiam,
3275 1030 3586 1083 contentio-

2014 1132 2251 1184 nemque
2281 1117 2639 1170 vehementer
2665 1118 3034 1185 probavimus.
3070 1119 3308 1172 Rursum
3341 1135 3473 1174 cura
3503 1134 3594 1174 se-

2014 1206 2165 1272 dulo,
2190 1218 2250 1260 ut
2272 1208 2605 1276 perﬁciatur.
2639 1208 2814 1263 Probe
2868 1210 3013 1263 enim
3048 1211 3326 1280 intelligis,
3353 1227 3460 1266 non
3486 1211 3592 1266 alia

2017 1299 2088 1353 de
2123 1315 2282 1352 causa
2305 1301 2434 1355 illuc
2460 1301 2524 1354 ad
2554 1301 2845 1372 gerendam
2873 1294 3251 1370 praefecturam
3281 1312 3332 1358 te
3356 1307 3590 1359 missum

2016 1405 2136 1443 esse
2177 1390 2311 1458 (85).
2344 1407 2506 1461 quam
2539 1401 2595 1446 ut
2653 1394 2780 1448 huic
2827 1395 2904 1447 sei
2955 1394 3270 1450 inservircs.
3320 1397 3590 1463 Quoniam

2019 1479 2186 1548 igitur
2217 1490 2272 1534 et
2307 1492 2435 1538 ante
2497 1484 2816 1538 relationem
2861 1493 3011 1539 tuam
3047 1486 3232 1540 Crales
3285 1489 3589 1556 apocrisia-

2023 1571 2170 1624 rium
2201 1588 2358 1626 suum
2386 1573 2493 1628 huc
2511 1574 2678 1634 misit.
2712 1585 3016 1644 nostraque
3032 1578 3297 1646 majestati
3319 1579 3586 1648 signiﬁca-

2021 1663 2123 1724 vit,
2151 1678 2256 1730 quo
2281 1663 2527 1732 sitisjam
2560 1665 2700 1716 inter
2736 1680 2831 1717 vos
2853 1666 3058 1727 animo,
3098 1677 3152 1718 et
3185 1667 3250 1718 ad
3291 1681 3388 1717 nos
3437 1667 3587 1719 omni

2019 1768 2125 1822 qua
2153 1754 2294 1806 valet
2324 1755 2563 1822 putentia
2590 1754 2932 1824 adjuvandos
2959 1765 3183 1824 paratus
3219 1764 3322 1816 est.
3355 1773 3462 1810 non
3487 1759 3594 1812 fos-

2016 1851 2135 1895 salo
2185 1851 2420 1906 tantum,
2457 1843 2552 1899 sed
2591 1860 2688 1897 sua
2739 1860 2958 1914 quoque
3006 1846 3314 1913 prmsentia,
3343 1861 3408 1899 ex
3447 1848 3591 1902 rela-

2019 1933 2166 1986 tione
2214 1943 2302 1987 tua
2342 1934 2526 1988 denuo
2567 1935 2739 2004 major
2797 1936 2894 1988 rei‘
2933 1936 3069 1989 lides
3113 1936 3272 1989 nobis
3306 1937 3444 1991 faeta
3483 1952 3590 1992 esr.

2016 2023 2214 2078 Praesta
2240 2024 2402 2093 igitur
2417 2022 2653 2078 oﬂicium
2679 2037 2830 2078 tuum
2849 2041 3011 2093 quam
3034 2026 3317 2085 citissime,
3344 2042 3468 2079 nam
3490 2043 3544 2080 nt
3563 2041 3594 2082 c

2025 2128 2126 2166 nos
2148 2129 2327 2181 opere
2360 2128 2669 2181 parcemus,
2693 2125 2749 2168 et
2779 2129 2910 2168 cave
2932 2130 2999 2168 ne
3030 2115 3169 2170 forte
3197 2132 3226 2168 a
3247 2118 3408 2171 nobis
3431 2128 3591 2172 ante-

2020 2203 2335 2276 vertamini.
2363 2203 2428 2256 Et
2452 2204 2554 2257 hoc
2592 2203 2813 2271 quidem
2859 2204 3196 2273 huiusmodi.
3234 2205 3518 2261 Exhibebo
3540 2215 3593 2261 et

2017 2295 2253 2349 alterum
2277 2296 2598 2349 mandatum
2647 2296 2770 2350 loco
2823 2297 3147 2359 testimonii,
3199 2298 3466 2366 scriptum
3529 2300 3595 2351 ad

2016 2387 2266 2442 eumdem
2287 2402 2470 2442 mense
2489 2388 2818 2456 Septembri.
2837 2387 3132 2442 indictione
3157 2388 3464 2444 undecima.
3486 2390 3594 2444 lie-

2016 2479 2154 2532 cita:
2183 2478 2652 2533 Dcsideratissime
2683 2479 2948 2548 majestati
2980 2489 3176 2533 nostrae
3212 2489 3440 2548 cognate
3499 2481 3597 2544 tni,

2018 2570 2328 2624 Andronice
2352 2569 2647 2638 Palseologc
2671 2569 3108 2638 protovestiaric,
3127 2569 3448 2632 meministi,
3466 2569 3595 2636 quid

2020 2661 2086 2716 ad
2120 2673 2170 2717 te
2198 2663 2504 2718 scribentes
2559 2662 2919 2716 statuerimus
2969 2661 3037 2715 de
3096 2663 3318 2730 negotio
3353 2661 3598 2715 admini-

2019 2755 2260 2817 strando.
2299 2757 2648 2824 ctquomodo
2695 2755 3075 2808 monuerimus
3111 2793 3124 2815 .
3164 2754 3328 2808 dares
3375 2769 3598 2822 operam

2023 2846 2240 2911 scdulo,
2273 2861 2340 2900 ne
2376 2861 2612 2915 posscsa
2651 2846 2809 2900 nobis
2833 2841 3122 2900 anteverti.
3157 2846 3222 2900 Et
3248 2861 3377 2900 ecce
3408 2846 3482 2899 ita
3513 2846 3599 2899 fu-

2027 2944 2210 2989 turttm
2240 2946 2343 2999 est,
2367 2947 2425 2990 ut
2456 2937 2640 2989 video.
2673 2936 2786 3006 Ego
2820 2936 2968 2990 enim
3000 2936 3148 2989 aliud
3174 2951 3279 2989 non
3313 2946 3594 3005 exspecto,

2023 3043 2184 3095 quam
2209 3028 2278 3082 ab
2312 3028 2379 3082 iis
2405 3029 2498 3097 qui
2533 3027 2641 3081 illic
2667 3035 2813 3092 sunt,
2847 3027 3059 3096 signum
3090 3027 3334 3094 aliquod.
3385 3027 3484 3082 Ubi
3511 3029 3600 3080 di-

359 3135 470 3183 τει,
498 3118 869 3188 καὶπρόσεξαι
900 3119 974 3188 μή
1013 3137 1128 3183 πως
1158 3120 1519 3190 προλάϐοιμεν
1553 3123 1712 3191 ἡμεῖς
1757 3123 1921 3191 ὑμᾶς.

2030 3121 2248 3189 ligentia
2286 3123 2416 3176 tua?
2475 3121 2575 3177 Ubi
2609 3119 2926 3190 promissa?
2963 3119 3005 3172 A
3063 3132 3246 3173 mense
3277 3119 3424 3172 enim
3453 3117 3600 3174 Julio

357 3210 532 3264 Τοῦτο
550 3211 647 3279 μὲν
670 3211 732 3280 δὴ
749 3209 1010 3266 τοιοῦτον.
1050 3211 1190 3281 Ἐγὼ
1216 3213 1310 3266 καὶ
1333 3213 1591 3282 δευτέραν
1613 3214 1925 3283 παρέξομαι

360 3304 700 3373 μαρτυρίαν,
750 3305 886 3374 πρὸς
934 3283 1036 3357 τὸν(
1075 3305 1237 3358 αὐτὸν
1297 3305 1626 3375 πρόσταγμα
1663 3305 1926 3376 βασιλέως

357 3394 720 3466 ὴπτεμὸρίῳ
757 3396 967 3466 γραφὲν
1000 3397 1293 3466 ἑνδεκάτης
1344 3397 1672 3459 ἰνδικτιῶνος
1702 3411 1717 3427 ’
1763 3397 1928 3467 Περιο

361 3488 570 3558 πὸθητε
605 3489 792 3558 ἀνεψιὶ
849 3492 948 3560 τῆς
994 3490 1274 3561 βασιλείας
1307 3508 1409 3561 μου
1463 3490 1926 3560 πρωτοδεστιάριε

358 3583 519 3651 κύριε
545 3584 836 3650 Ανδρὸνικε
885 3584 1240 3652 Παλαιολόγε,
1300 3580 1447 3639 οἶδας
1477 3586 1601 3637 ὅσον
1634 3583 1928 3652 διωρίσατο

359 3675 498 3744 πρὸς
540 3675 656 3744 uti)
693 3673 938 3743 βασιλεία
975 3692 1076 3744 μου
1113 3677 1241 3745 περὶ
1261 3674 1368 3727 τῶν
1409 3674 1665 3728 δουλειῶν
1697 3669 1771 3729 ὧν
1805 3676 1929 3728 ἀνε-

357 3765 524 3833 τέθης
549 3781 566 3796 ·
609 3767 704 3819 καὶ
737 3767 816 3818 ὅτι
847 3765 965 3819 δέον
996 3783 1056 3818 σε
1090 3765 1386 3819 σπουδάσαι
1439 3766 1634 3835 μήπως
1680 3766 1926 3837 προλὰϐῃ

363 3861 508 3928 (qui;
560 3860 592 3928 ἡ
635 3858 881 3928 βασιλεία
947 3875 1090 3928 μου·
1127 3860 1222 3911 καὶ
1279 3858 1388 3911 ίδοῦ
1437 3856 1726 3927 ὼς-βλέπω
1781 3845 1928 3911 οὕτω

360 3953 548 4023 μέλλει
579 3951 845 4019 γίνεσθαι.
895 3951 1037 4019 Ἐγὼ
1086 3952 1192 4021 γὰρ
1227 3951 1356 4004 ἄλλο
1407 3952 1561 4003 οὐδὲν
1629 3951 1925 4021 ἐκδέχομαι

356 4043 392 4113 ἦ
431 4041 541 4096 ἀπὸ
563 4043 672 4095 τῶν
717 4041 905 4096 αὐτόθι
941 4044 1186 4112 μήνυμα.
1225 4041 1336 4094 Ποῦ
1381 4040 1511 4109 γοῦν
1545 4043 1758 4112 ἐστινὴ
1809 4044 1929 4094 ἐπι-

360 4133 558 4205 μέλειὰ
589 4149 726 4198 σου;
783 4133 890 4184 ποῦ
919 4135 1066 4184 ἐστιν
1117 4133 1150 4198 ἠ
1184 4131 1250 4201 σὴ
1296 4130 1627 4199 ὑπόσχεσις;
1669 4132 1775 4184 ἀπὸ
1822 4134 1929 4200 γὰρ

355 4225 455 4278 τοῦ
497 4225 716 4278 Ἰουλίου
747 4225 914 4295 μηνὸς
944 4223 1095 4276 οὐδὲν
1129 4222 1400 4292 ὲγνὼρισά
1438 4241 1489 4275 τι
1530 4223 1774 4292 ἀκριϐῶς
1822 4223 1930 4274 ἀπὸ

355 4319 465 4370 τῶν
482 4315 695 4382 αὐτόθι,
722 4314 889 4383 ἀλλ’ἢ
917 4315 1076 4384 μόνον
1105 4315 1211 4367 ἀπὸ
1237 4315 1336 4381 τῆς
1359 4315 1572 4385 φήμης,
1601 4315 1696 4366 καὶ
1724 4315 1789 4377 ἃς
1813 4315 1926 4385 (84)

356 4409 614 4480 γνωρίσω
642 4407 786 4462 κατὰ
831 4409 1011 4460 πᾶσαν
1038 4409 1349 4477 συντομίαν,
1381 4407 1486 4471 ὄτι,
1538 4405 1616 4470 ὡς
1669 4406 1929 4477 ἀνωτέρω

2029 3213 2165 3268 nihil
2191 3229 2448 3282 expresse
2470 3211 2828 3282 cognovimus
2857 3211 2926 3264 ab
2962 3211 3026 3264 iis
3055 3211 3147 3279 qui
3173 3211 3247 3264 ibi
3282 3222 3596 3275 versantur,

2028 3307 2134 3361 nisi
2159 3322 2189 3360 e
2221 3305 2360 3360 fama
2407 3314 2640 3359 tantum.
2672 3304 2740 3358 Et
2781 3303 2877 3357 tibi
2916 3318 3079 3373 quam
3115 3303 3434 3356 brevissime
3458 3302 3604 3356 indi-

2028 3413 2237 3464 camus,
2268 3407 2329 3452 ut
2357 3412 2523 3467 supra
2551 3396 2810 3456 diimus,
2841 3410 2948 3448 non
2977 3393 3127 3448 aliud
3177 3409 3340 3463 quam
3379 3394 3595 3463 signum

1982 3507 2001 3516 ν
2029 3506 2058 3544 a
2085 3491 2244 3545 rubis
2273 3497 2618 3558 exspectare.
2654 3487 2723 3542 Et
2757 3486 2986 3542 Cocalas
3047 3486 3140 3541 hic
3178 3485 3600 3556 prutovestiario

2029 3597 2231 3652 genero
2251 3595 2349 3635 suo
2394 3580 2660 3644 scribens,
2697 3593 2822 3633 eum
2849 3579 2916 3632 de
2947 3592 3138 3647 magna
3187 3578 3511 3648 negligentia
3541 3587 3596 3632 et

2031 3674 2227 3730 inertia
2261 3682 2502 3736 accusat,
2536 3671 2712 3740 deque
2757 3671 3044 3740 promissis
3089 3685 3196 3723 non
3238 3672 3474 3725 servatis
3516 3685 3604 3723 re-

2031 3764 2352 3836 prehendit;
2391 3763 2576 3832 aitque
2629 3763 3012 3832 imperatorem
3064 3776 3130 3815 ex
3191 3775 3259 3814 eo
3308 3761 3588 3815 tristitiam
3647 3833 3652 3837 ἢ

2030 3856 2260 3925 cepisse,
2291 3863 2345 3908 et
2381 3868 2440 3907 se
2468 3852 2815 3916 erubescere,
2845 3851 2972 3920 quia
3007 3850 3283 3919 pollicitus
3315 3851 3389 3902 sit
3412 3848 3593 3918 ipsum

2029 3963 2191 4020 quam
2245 3945 2644 4001 studiosissime
2687 3943 3083 4008 celerrimelue
3137 3941 3407 4006 promissa
3470 3956 3602 3994 con-

2031 4037 2324 4092 fecturum.
2351 4033 2431 4088 Ne
2455 4043 2637 4086 autem
2668 4047 2791 4100 qua:
2813 4035 3055 4085 recitatae
3079 4039 3208 4084 sunt
3227 4030 3441 4091 litteras,
3470 4031 3598 4097 quia

2040 4129 2198 4199 155
2221 4126 2568 4182 obscuriores
2597 4132 2743 4184 sunt,
2770 4121 2838 4175 ad
2873 4122 3007 4175 alios
3036 4121 3298 4190 quosdam
3331 4120 3604 4188 pertinere

2030 4222 2340 4285 videantur,
2371 4218 2506 4272 alias
2536 4215 2778 4279 aderam,
2809 4215 2953 4269 unde
2978 4223 3032 4268 et
3057 4213 3366 4281 superiores
3389 4213 3507 4267 illas
3536 4213 3606 4265 de

2031 4328 2119 4366 me
2136 4311 2493 4380 conscriptas,
2528 4319 2582 4363 et
2605 4307 2806 4361 bellum
2833 4319 3020 4360 contra
3053 4319 3138 4358 me
3161 4304 3311 4372 quasi
3335 4305 3602 4372 praeconis

2036 4419 2168 4459 voce
2191 4403 2591 4472 promulgatum
2619 4399 2786 4453 fuisse
2807 4397 3100 4452 constabit.
3129 4396 3277 4450 Data:
3301 4406 3428 4449 sunt.
3456 4410 3608 4447 mon-

357 4504 597 4574 εἴρηται,
627 4500 782 4554 οὐδὲν
801 4500 928 4554 ἄλλο
954 4499 1307 4570 ὲκδεχόμεθα,
1335 4500 1367 4572 ἢ
1394 4499 1454 4551 τὸ
1480 4499 1705 4570 μήνυμα
1742 4499 1922 4568 ὑμῶνε

2041 4513 2100 4551 se
2125 4495 2367 4562 Octobri,
2400 4493 2703 4548 indictione
2749 4491 3061 4546 undecima.
3093 4488 3282 4543 Recita
3319 4505 3332 4541 :
3377 4487 3607 4542 Deside-

1593 4615 1813 4712 Jacob‘i
1853 4614 2123 4679 Pontani
2147 4621 2334 4677 nolte.

430 4747 545 4819 (8|)
575 4745 862 4819 Imitemur
886 4757 1093 4819 morem
1125 4744 1430 4819 Romanum
1461 4759 1476 4805 ;
1507 4741 1615 4819 ipsi
1637 4743 1781 4819 enim
1807 4759 1931 4819 ora-

361 4814 654 4871 tores'non
680 4817 986 4869 recitabant
1012 4817 1180 4880 leges,
1207 4815 1407 4875 edicta,
1443 4823 1538 4866 ant
1573 4814 1794 4868 similia.
1822 4815 1934 4869 Nec

362 4888 595 4955 ipsemet
656 4883 1149 4955 Andronicushic
1186 4884 1405 4955 videtur
1461 4882 1658 4955 legisse
1719 4885 1933 4955 litteras

363 4952 538 5020 iLtas;
585 4969 696 5008 non
751 4955 894 5008 enim
926 4953 1058 5006 dicit
1109 4952 1427 5019 ἀναγνώσω,
1457 4953 1549 5004 sed
1581 4953 1934 5022 ἀναγνωσθή-

363 5043 464 5094 sui,
509 5027 775 5094 legantur.
807 5022 1058 5094 Facimus
1107 5035 1240 5090 ergo
1271 5037 1300 5074 a
1335 5022 1571 5085 notario,
1624 5037 1721 5076 seu
1758 5025 1930 5078 tabel-

358 5092 513 5147 iione
540 5091 667 5163 légi,
697 5095 749 5147 id
780 5093 926 5163 enim
959 5091 1246 5163 decentius
1272 5099 1377 5163 est.

436 5163 549 5234 (8').)
584 5157 784 5234 Nepos,
830 5161 978 5234 quia”
1010 5161 1221 5234 sororis
1267 5161 1438 5234 Anna:
1473 5157 1639 5220 illius,
1673 5159 1775 5214 etsi
1803 5176 1929 5216 cum

360 5229 625 5301 adjuncto
657 5229 900 5286 solemus
927 5230 1111 5284 dicere
1153 5229 1221 5282 de
1280 5229 1508 5282 fratrum
1545 5237 1640 5282 aut
1677 5245 1930 5286 sororum

360 5305 514 5366 ﬁliis,
538 5318 605 5356 ex
629 5301 821 5361 fratre.
852 5315 920 5354 ex
954 5313 1145 5352 sorore
1179 5312 1373 5366 nepos.

434 5371 736 5441 (85)__Quos
789 5383 820 5421 a
846 5368 1027 5438 capite
1060 5368 1399 5441 capitaneos,
1431 5375 1485 5422 et
1514 5366 1774 5422 Germani
1807 5369 1934 5441 qui.

359 5437 488 5495 dam
530 5437 1143 5510 'ﬂauptmann’vocattt
1173 5437 1298 5510 belli
1331 5438 1578 5510 duces,_a
1610 5439 1933 5510 recentiori-

359 5512 467 5563 bus
500 5504 703 5564 Grecis
731 5507 1036 5573 κεφαλάδαι
1061 5509 1212 5576 παρὰ
1243 5506 1343 5576 τὴν
1367 5504 1612 5576 κεφαλὴν
1641 5506 1925 5572 dicuntur;

360 5581 510 5633 unde
551 5578 940 5646 κεφαλατίκιον
959 5575 1357 5642 rapitaneatus.
1380 5575 1929 5645 Hauprmannschaft.

355 5651 480 5703 Jam
507 5648 974 5718 quemadmodum
1007 5646 1784 5718 apudGernianospcapitanci
1834 5661 1934 5718 no-

361 5735 489 5772 men
525 5714 632 5772 non
669 5718 780 5770 illis
817 5725 1028 5784 tantum
1082 5714 1363 5784 tribuitur,
1415 5716 1509 5784 qui
1563 5715 1770 5768 habent
1828 5715 1933 5767 sub

358 5806 421 5842 se
455 5790 677 5852 milites,
741 5785 837 5839 sed
893 5782 1162 5852 prazl'ectis
1196 5800 1416 5853 quoque
1436 5782 1618 5838 totius
1672 5785 1932 5852 regionis,

2037 4746 2202 4799 etiam
2237 4752 2391 4797 extra
2425 4741 2700 4800 militiam,
2731 4746 2792 4792 ut
2823 4739 2874 4793 in
2902 4736 3126 4791 Austria
3159 4736 3448 4805 prtel'ectus
3475 4733 3608 4789 Lin-

2038 4815 2220 4868 censis
2289 4812 2596 4880 appellatur
2637 4808 3187 4880 Landshauptmanrn,
3215 4817 3270 4859 et
3322 4806 3607 4880 in_Tyroli

2040 4883 2286 4950 praefecti
2319 4875 2507 4934 multis
2535 4881 2672 4934 locis
2701 4879 2845 4932 idem
2875 4875 3074 4950 nemen
3104 4876 3338 4950 habent;
3362 4878 3439 4930 sic
3464 4875 3611 4950 apud

2037 4947 2254 5006 Crazcos
2274 4951 2514 5020 praefer-ti
2547 4950 2790 5010 urbium,
2813 4963 2914 5020 seu
2942 4947 3345 5020 territoriorurn
3366 4947 3612 5014 κεφαλα·

2033 5020 2123 5074 δαι
2181 5018 2629 5082 nominabantur,
2671 5028 2728 5073 et
2769 5019 2928 5078 ditio,
2979 5018 3066 5070 cui
3113 5025 3400 5080 pra-crant,
3444 5032 3612 5079 κεφαο

2032 5090 2298 5153 λατίκιον,
2333 5089 2416 5143 die
2440 5087 2974 5158 Hrtuptimaiinscltaft.
3009 5086 3296 5158 Sicut‘nos
3322 5085 3480 5158 vulgo
3511 5098 3613 5134 no-

2036 5173 2161 5213 men
2217 5150 2575 5229 prtel'ectumz'
2597 5150 2942 5229 Germanice,
2994 5156 3076 5207 die
3102 5150 3299 5229 Eflege,
3331 5154 3395 5205 ad
3425 5150 3608 5229 totam

2042 5221 2320 5298 regionem
2354 5230 2667 5298 referimus,
2717 5227 2802 5298 cui
2831 5226 2955 5294 quis
2994 5221 3286 5298 puleii-ctus
3319 5231 3422 5275 est.
3454 5221 3612 5298 Glos-

2035 5291 2243 5353 sarium
2292 5314 2321 5352 a
2383 5296 2620 5366 Rigaltio’
2669 5291 2879 5366 editmn
2940 5291 3332 5362 κεφαλατίκιον
3363 5291 3609 5359 exp0uit,
3672 5320 3674 5323 -

2032 5369 2322 5438 ἡγεμονία.
2361 5365 2639 5420 Haetenus
2657 5365 2994 5438 _Gre_tserus,

2105 5426 2225 5508 (8's)
2263 5438 2601 5508 Quamquam
2655 5433 2799 5508 istud
2834 5433 2898 5508 ἃς
2925 5432 2998 5486 sit
3037 5431 3308 5508 Graecum,
3333 5431 3388 5508 _si
3425 5426 3615 5508 “modo

2033 5497 2244 5576 integer
2282 5497 2619 5576 Hesychius,
2656 5502 2850 5576 sitque
2868 5501 2984 5555 inec
3031 5503 3297 5576 particula
3333 5499 3388 5576 i_n
3421 5497 3613 5551 Graeco

2034 5568 2243 5645 vulg'ari
2274 5613 2288 5636 ,
2326 5568 2407 5627 nil
2443 5583 2621 5645 tamen
2655 5568 2852 5641 integri
2901 5586 3111 5645 sensus
3127 5569 3302 5645 facit.
3337 5568 3614 5645 interpres

2033 5640 2215 5700 aulétn
2246 5645 2438 5715 legisse
2475 5641 2691 5697 videtur
2715 5640 2810 5696 καὶ
2839 5643 2923 5695 σοὶ
2945 5640 3196 5709 γνωρξςω
3221 5642 3359 5692 κατὰ
3406 5640 3611 5702 πᾶσαν,

2033 5725 2138 5769 etc.
