4136 6288
573 354 677 419 32⁵1

1766 321 2092 389 ΙΟΑΝΝῘΞ
2129 310 2662 380 CANTACUZENI

3706 297 3810 361 328

568 471 740 528 lestus
765 463 980 521 viderer
1007 477 1022 514 :
1055 469 1368 529 quanquam
1397 455 1452 508 in
1495 463 1659 508 causa
1711 442 2010 501 domestica
2034 450 2149 490 ma-

2274 453 2316 489 ἐ
2344 435 2454 491 τῶν
2489 434 2588 504 τῆς
2615 430 2792 494 οἰκίας
2825 426 2924 500 τῆς
2958 423 3096 496 ἐμῆς
3129 422 3294 477 ἕνεκα
3325 418 3487 491 μόνον
3513 417 3806 487 ἀποτεταγ-

569 576 736 634 gnum
777 568 832 613 et
882 555 1128 626 pecunias
1188 555 1627 613 contemptorem
1665 539 1908 593 animum
1937 543 2156 602 gerere,

569 654 906 717 omninoque
934 645 999 701 ad
1022 654 1300 715 paternam
1318 638 1658 691 voluntatem
1686 645 1772 683 me
1796 625 2144 681 conformarc

571 746 779 802 debui:
817 743 1014 796 horum
1062 745 1246 790 autem
1306 732 1359 784 in
1413 733 1654 797 egestate
1700 717 2146 791 procurationem

572 839 874 903 suscipere,
902 843 1003 883 nec
1059 827 1126 879 ab
1160 840 1227 878 eo
1257 823 1516 877 instituto
1545 817 1853 886 cujusquam
1889 806 2148 878 precibus

573 923 865 987 dimoveri,
929 919 1020 974 sed
1053 916 1296 986 cogitare
1345 920 1673 976 tentareqne
1709 904 1919 964 omnia,
1952 916 2020 953 ne
2051 900 2150 952 sti-

576 1019 773 1088 pendia
825 1030 920 1068 sua
972 1012 1539 1073 atnitterentzneque
1588 1001 1717 1055 dum
1767 999 1819 1050 in
1856 1009 2016 1050 avum
2064 1005 2151 1046 me

577 1125 790 1179 :vquum
821 1121 885 1159 ac
926 1105 1072 1173 pium
1102 1108 1362 1170 praestare
1400 1095 1566 1158 nitor,
1615 1087 1911 1145 teterrimis
1938 1101 2034 1140 eos
2065 1098 2154 1138 ca-

579 1203 682 1255 lam
711 1200 914 1254 tatibus
935 1194 1136 1250 involvi
1157 1193 1420 1246 sinerem.
1441 1185 1579 1254 {Non
1601 1184 1747 1238 enim
1771 1190 1855 1236 est
1885 1180 1956 1233 ita
1975 1191 2156 1246 aequa-

581 1288 821 1348 nimitas,
848 1284 940 1337 scil
975 1276 1435 1334 inhumanissima
1467 1273 1794 1336 crudelitas,
1823 1266 2034 1322 aliisob
2060 1281 2156 1319 e1-

582 1389 810 1432 tremam
863 1375 1098 1428 inediam
1159 1379 1371 1424 tantum
1421 1382 1530 1420 non
1569 1365 1806 1417 animam
1839 1358 2153 1431 agentibus,

581 1471 757 1539 ipsum
807 1469 1016 1521 interea
1052 1465 1106 1519 in
1143 1462 1353 1533 magnis
1401 1459 1693 1529 spiritibus
1753 1449 2154 1522 acquiescere.)

583 1564 700 1618 Non
743 1570 924 1614 tamen
981 1556 1166 1613 destiti
1201 1555 1593 1623 imperatorem
1623 1563 1780 1601 orare
1815 1544 2064 1607 assiduo,
2097 1551 2158 1596 ut

584 1652 851 1706 militibus
881 1649 1102 1704 nomina
1133 1645 1598 1716 persolverentur.
1639 1639 1729 1693 Sic
1750 1636 1897 1692 enim
1925 1633 1992 1688 ad
2022 1632 2160 1687 inci-

585 1756 668 1799 tas
699 1743 947 1813 plerique
979 1737 1187 1794 redacti
1213 1743 1369 1790 erant
1409 1743 1466 1789 ut
1501 1748 1569 1786 ne
1601 1731 1744 1785 fame
1787 1738 2155 1788 morerentur,

588 1833 851 1887 mulieres
889 1844 1018 1885 suas
1053 1837 1218 1881 noctu
1273 1827 1290 1895 (
1327 1839 1395 1878 ne
1429 1839 1459 1877 a
1521 1823 1668 1876 notis
1703 1814 2158 1889 agnoscerentur)

588 1924 797 1979 circum
829 1921 1022 1975 domos
1051 1917 1114 1971 ad
1140 1914 1438 1986 pauxillum
1469 1926 1717 1968 escarum
1749 1909 2002 1979 precario
2033 1922 2162 1961 con-

589 2012 920 2084 quirendum
949 2010 1254 2064 mitterent.
1293 2007 1442 2073 Quos
1477 2005 1671 2058 dolore
1703 2011 1760 2057 et
1806 2001 2163 2056 commisera-

591 2108 739 2161 tione
772 2105 999 2164 l'ractus,
1031 2099 1323 2161 subducta,
1360 2099 1428 2152 de
1461 2113 1567 2167 qua
1597 2111 1743 2150 nunc
1768 2109 2020 2158 accusor,
2070 2107 2166 2160 pe—

593 2199 780 2259 cunia,
824 2195 1202 2264 qualicunque
1239 2190 1436 2245 solatio
1463 2187 1714 2242 ilelinivi.
1745 2187 1925 2250 Nunc,
1948 2200 2015 2238 an
2039 2184 2168 2237 ideo

592 2289 870 2359 pergurus,
901 2284 1208 2355 improbus,
1241 2281 1414 2352 patris
1455 2286 1802 2348 contemptor
1833 2276 2055 2341 fuerim,
2080 2275 2168 2346 ju-

591 2380 793 2434 dicate.
821 2378 1065 2432 Primum
1107 2375 1294 2445 itaque
1323 2373 1484 2427 docui
1519 2387 1603 2425 me
1635 2370 1814 2426 icedus
1846 2368 2168 2438 neutiquam

594 2473 848 2535 violasse,
882 2470 977 2524 sed
1008 2485 1136 2524 cum
1179 2468 1291 2534 ille,
1315 2465 1458 2536 quod
1491 2465 1681 2528 claret,
1717 2463 1770 2516 id
1798 2462 1932 2515 mibi
1959 2461 2170 2524 fecerit,

593 2572 651 2618 et
684 2564 1037 2632 probationes
1107 2560 1255 2629 ipsas
1288 2559 1408 2626 ejus
1455 2555 1683 2626 perjurii
1757 2553 1900 2623 apud
1957 2569 2043 2607 me
2080 2552 2176 2606 lta-

596 2655 778 2714 beam,
797 2653 940 2720 sicut
966 2650 1202 2711 vidistis,
1227 2648 1586 2702 nihilominus
1614 2661 1802 2716 pacem
1848 2644 2061 2699 retineo
2084 2684 2096 2708 ,
2119 2650 2176 2698 et

600 2753 708 2799 tam
744 2741 1024 2798 diuturnis
1062 2739 1320 2811 precibus
1354 2739 1506 2794 illum
1530 2736 1718 2808 latigo,
1755 2737 1833 2791 uti
1857 2735 2059 2791 bellum
2110 2739 2203 2791 nc‘

599 2853 836 2902 moveat.
866 2843 921 2896 Si
948 2841 1073 2912 quis
1104 2855 1188 2895 me
1215 2841 1532 2911 juramento
1548 2837 1783 2904 priorem
1807 2836 2072 2891 defecisse
2091 2852 2182 2906 po-

603 2948 709 2994 test
733 2937 1047 3000 osteaderc,
1072 2950 1190 3002 age,
1222 2933 1503 3004 procedat,
1525 2930 1800 2986 ostendat.
1823 2931 1960 2985 Tum
1982 2930 2183 2985 deinde

599 3048 720 3096 vos,
753 3032 798 3086 si
826 3031 893 3085 de
927 3032 1191 3085 trecentis
1222 3024 1626 3096 quinquaginta
1663 3039 1948 3078 nummum
1991 3037 2185 3078 aureo-

544 3165 548 3176 .
603 3140 724 3178 rum
761 3123 1006 3178 millibus
1054 3109 1176 3191 quae
1206 3119 1500 3180 debentur,
1549 3117 1824 3170 tantillum
1878 3116 2180 3186 accipiens,

2255 529 2429 599 μένων
2457 523 2902 596 ἀπεστερούμην,
2934 518 3144 589 δίκαιον
3177 514 3278 585 μὲν
3325 513 3428 565 οὐκ
3463 513 3527 567 ἂν
3567 507 3630 582 ἦν
3653 528 3668 543 ο
3703 514 3807 580 ἐγω

2253 622 2310 675 δὲ
2337 622 2550 691 ἧνεγκα
2579 616 2646 670 ἂν
2706 617 2858 682 σιγῇ,
2891 612 3032 664 αἰδοῖ
3051 626 3112 662 τε
3147 610 3211 678 τῇ
3251 606 3390 674 πρὸς
3424 604 3664 673 βασιλέα.
3719 603 3811 657 καὶ

2254 712 2333 781 τῷ
2354 711 2598 782 νομίζειν
2619 711 2686 761 τὰ
2714 706 2866 776 παρὰ
2885 702 3092 772 πατρὸς
3111 699 3433 766 ἐπαγόμενα
3445 695 3664 764 ἀλγεινά
3681 695 3810 747 ὁποῖ’

2256 807 2393 860 ἄττα
2420 806 2484 859 ἂν
2510 799 2566 878 ᾖ.
2606 803 2818 856 δίκαιον
2848 795 2993 850 εἶναι
3022 795 3112 846 τὸν
3135 793 3306 845 παῖδα
3327 792 3538 860 φέρειν,
3563 788 3649 841 καὶ
3683 787 3814 857 μήτε

2259 899 2538 968 ἐγκαλεῖν,
2592 895 2733 965 μήτε
2791 889 3169 958 θορυϐεῖσθαι,
3222 884 3358 937 ἀλλὰ
3407 881 3613 935 δεῖσθαι
3667 881 3815 948 μόνον

2259 990 2572 1060 ἠπιώτερον
2603 985 2727 1053 ἐμοὶ
2751 984 2848 1036 καὶ
2886 983 3098 1052 ἥμερον
3148 975 3437 1044 ἐπιϐλέψαι
3463 974 3552 1026 τδν
3593 971 3814 1040 πατέρα,

2259 1085 2356 1137 καὶ
2377 1083 2446 1136 τὰ
2471 1081 2747 1134 λυποῦντα
2768 1078 2929 1145 λῦσαι
2960 1075 3132 1129 δεινά.
3163 1072 3303 1125 Νυνὶ
3331 1069 3388 1123 δὲ
3418 1069 3512 1122 καὶ
3539 1067 3635 1135 τῆς
3665 1084 3823 1134 στρα-

2261 1177 2382 1239 τιᾶς
2412 1178 2695 1242 ἀπεστερη
2711 1173 2888 1242 μένων
2904 1169 3003 1237 τῆς
3029 1165 3250 1237 ὲτησίου
3273 1161 3632 1233 μισθοφορᾶς,
3650 1161 3712 1229 ἢν
3734 1159 3823 1228 μό-

2263 1288 2363 1341 νην
2395 1269 2579 1338 έχουσι
2607 1267 2701 1319 τοῦ
2735 1266 2851 1334 βίου
2885 1262 3166 1333 ἀφορμὴν,
3207 1260 3308 1312 οὐκ
3340 1254 3569 1309 ἀνεκτὸν
3623 1252 3822 1323 ηγησάο

2266 1380 2378 1434 μην
2445 1359 2849 1431 μεγαλοψύχως
2903 1357 3003 1419 τὰς
3085 1354 3376 1419 ἀλλοτρίας
3438 1350 3628 1417 φέρειν
3699 1363 3827 1415 συμο

2264 1459 2460 1528 φοράς.
2513 1449 2708 1507 Καίτοι
2764 1449 3037 1517 σκέψασθε
3095 1447 3168 1507 ὡς
3223 1443 3558 1497 ἀδικοῦνται.
3619 1441 3825 1508 Πρῶτον

2268 1556 2367 1622 μὲν
2397 1555 2504 1622 γὰρ
2527 1547 2638 1602 οὒτ’
2669 1545 2966 1616 ἐμπορίαις
2994 1541 3118 1595 οὔτε
3149 1541 3454 1610 γεωργίαις
3487 1535 3602 1588 οῦθ⁹
3632 1535 3822 1608 ἑτέροις

2265 1641 2665 1710 ἐπιτηδεύμασί
2705 1655 2867 1701 τισιν,
2910 1637 2968 1700 ἐξ
3009 1627 3084 1686 ὧν
3125 1634 3190 1685 ἂν
3240 1628 3558 1700 πορίζοιντο
3603 1626 3668 1678 τὰ
3715 1627 3824 1676 επι-

2265 1736 2474 1805 τὴδεια,
2503 1731 2636 1802 παρ’
2662 1729 2818 1800 ήμῶν
2853 1725 3266 1797 συγχωροῦνται
3294 1721 3534 1793 χρῆσθαι
3558 1718 3715 1772 ἕνεκα
3740 1716 3826 1768 τοῦ

2271 1831 2407 1900 πρὸς
2432 1827 2527 1888 τὰς
2560 1823 2915 1893 ἐκστρατείας
2942 1822 3030 1875 ἀεὶ
3063 1819 3273 1887 ἕτοιμοι
3301 1812 3466 1878 εἶναι,
3504 1813 3598 1866 καὶ
3636 1814 3704 1881 μὴ
3735 1828 3832 1862 κω·

2265 1921 2484 1990 λύματά
2525 1936 2645 1972 τινα
2684 1917 2830 1986 ἔχειν
2856 1914 2996 1967 ὥστε
3030 1909 3440 1978 ἀναγκάζεσθαι
3471 1908 3611 1961 οἴκοι
3645 1906 3830 1974 μένεινο

2267 2014 2458 2066 ἔπειτα
2497 2010 2555 2064 δέ
2599 2012 2753 2077 παρά
2787 2007 3080 2077 βασιλέως,
3116 2004 3212 2056 καὶ
3259 1999 3426 2053 αὑτοῦ
3457 1997 3556 2052 τοῦ
3584 1995 3847 2063 τεταγμέ-.

2267 2124 2359 2162 νου
2385 2103 2788 2172 ἀπεστέρηνται
2821 2099 3038 2168 μισθοῦ,
3065 2096 3124 2149 ὃν
3153 2097 3251 2165 οὐχ
3279 2091 3491 2153 ἁπλῶς,
3526 2088 3643 2144 ἀλλ’
3668 2089 3840 2158 ὅρκοις

2271 2198 2635 2270 ἐπηγγείλατο
2675 2192 2988 2257 ἀποδιδόναι
3031 2187 3283 2256 ἐτησίως.
3331 2185 3441 2238 Καὶ
3489 2183 3690 2252 τρίτον,
3717 2179 3844 2248 ὴμέ-

2271 2292 2464 2362 ληνται
2517 2286 2649 2357 παρ’
2683 2284 2820 2355 ἐμοῦ
2856 2283 2950 2335 ἐπὶ
3003 2279 3258 2334 τοσοῦτον
3303 2277 3526 2346 χρόνον,
3571 2274 3728 2325 ἕνεκα
3755 2268 3844 2322 τοῦ

2278 2383 2353 2456 μὴ
2379 2382 2590 2453 βασιλεῖ
2616 2380 2795 2433 δοκεῖν
2830 2367 3091 2444 φορτικὸς
3125 2371 3218 2424 καὶ
3272 2369 3546 2439 ἐπαχθής.
3594 2365 3844 2428 Καίτοιγε

2276 2477 2446 2547 ἐχρῆν
2488 2473 2588 2544 ἐμὲ
2637 2471 2774 2543 πρὸς
2816 2469 2915 2540 μὲν
2948 2469 3018 2521 τὰ
3061 2466 3240 2518 οἰκεῖα
3286 2461 3581 2532 φαίνεσθαι
3629 2456 3849 2525 μεγαλό·

2279 2585 2452 2639 φρονα
2489 2568 2582 2620 καὶ
2620 2560 3047 2630 καταφρονητὴν
3081 2556 3406 2628 χρημάτων,
3443 2553 3543 2605 καὶ
3589 2552 3757 2603 πάντα
3785 2548 3846 2616 τῇ

2279 2637 2374 2714 τοῦ
2415 2659 2623 2728 πατρὸς
2647 2649 3113 2719 ἐξακολουθοῦντα
3146 2646 3361 2717 γνώμῃ.
3401 2643 3544 2713 Πρὸς
3569 2644 3624 2694 δὲ
3647 2641 3715 2692 τὰ
3735 2637 3849 2691 τού-

2281 2772 2388 2807 των
2417 2747 2778 2821 κηδεμονικὸν
2826 2743 2920 2798 καὶ
2957 2740 3359 2810 ἀπαραίτητον,
3411 2737 3511 2788 καὶ
3557 2735 3728 2787 πάντα
3764 2728 3850 2781 καὶ

2284 2842 2605 2897 ἐπινοοῦντα
2646 2837 2740 2890 καὶ
2769 2835 3079 2904 πράττοντα
3118 2832 3259 2884 ὥστε
3314 2828 3388 2898 μὴ
3436 2819 3850 2891 ἀποστερεῖσθαι

2283 2935 2377 2989 τοῦ
2409 2932 2600 3004 μισθοῦ
2633 2928 2831 2991 αύτούς
2858 2944 2872 2959 ο
2908 2924 3042 2996 μηδὲ
3073 2918 3470 2990 εὐγνωμοσύνῃ
3503 2921 3569 2987 τῇ
3599 2915 3739 2998 Ξτρδς
3770 2912 3854 2964 τὸν

2288 2999 2538 3096 βασιλέα,
2561 3023 2747 3082 κακοῖς
2779 3020 2890 3080 τοῖς
2923 3015 3178 3084 ἐσχάτοις
3213 3008 3589 3079 περιϐάλλειν.
3631 3003 3725 3074 (in)
3755 2999 3854 3068 γὰρ

2289 3091 2684 3185 εὐγνωμοσύνη
2709 3108 2958 3176 τοῦτόγε,
2985 3104 3098 3159 ἀλλ’
3127 3102 3349 3172 ὠμότης
3377 3103 3474 3153 καὶ
3502 3091 3856 3163 ἀπανθρωπία

604 3193 894 3284 peculatus
923 3229 1009 3268 me
1037 3187 1254 3282 alligari
1282 3250 1297 3274 ,
1330 3217 1390 3263 ut
1422 3208 1793 3278 peculatorem
1846 3207 2162 3269 damnatote

2290 3210 2520 3281 ἐσχάτη,
2569 3205 2630 3258 τὸ
2673 3201 2879 3271 ἐτέρων
2927 3197 3032 3251 ὑπὸ
3082 3194 3176 3248 τοῦ
3228 3191 3390 3262 λιμοῦ
3449 3187 3857 3244 κινδυνευὶντων

604 3312 949 3377 ἀπολεῖσθαι,
977 3278 1377 3380 μεγαλοψυχεῖν
1407 3302 1620 3375 αὐτόν.)
1661 3303 1738 3357 Οὐ
1774 3303 1883 3375 μὴν
1951 3307 2256 3379 παρέλιπον
2293 3278 2470 3376 τδημὴ
2503 3299 2768 3374 βασιλέως
2789 3293 2999 3350 δεῖσθαι
3028 3291 3116 3346 ἀεὶ⁵
3145 3293 3212 3362 τῇ
3253 3289 3488 3359 στρατιᾷ
3518 3278 3860 3356 χορηγεῖσθαι

605 3404 699 3455 τδν
735 3369 1064 3471 μισθόν”ις
1112 3369 1370 3451 ﬁmi-06;“
1437 3395 1547 3464 γὰρ
1588 3369 1849 3468 ἀπορίας-
1899 3369 2112 3466 ἧλαέαν
2169 3382 2356 3456 πολλοὶ
2393 3369 2631 3458 etiam,
2675 3391 2752 3454 ὡς
2799 3385 3183 3458 ἀποκαρτῆσαι
3223 3382 3320 3445 τὰς
3374 3381 3650 3449 γυναῖκας
3693 3369 3858 3427 αὐτῶν

607 3493 804 3556 νυκτὸς
834 3493 1253 3561 ἐπιγενομένης,
1281 3489 1358 3551 ὠς
1403 3487 1469 3542 ἂν
1505 3467 1591 3556 μὴν
1620 3488 1915 3557 κατάδηλοι
1945 3481 2047 3543 ὦσι
2119 3495 2232 3557 Ιτοῖς
2269 3488 2594 3564 γνωρίμοις,
2645 3485 2744 3547 τὰς
2809 3481 3016 3548 ἐτέρων
3069 3479 3248 3539 οἰκίας
3297 3475 3618 3544 περιῖούσας
3654 3467 3863 3528 ἑαυταῖς

609 3591 708 3644 καὶ
743 3587 970 3656 ἀνδράσι
1006 3585 1215 3656 τροφῆς
1244 3598 1392 3644 τινος
1440 3580 1699 3644 αἱτούσας
1734 3581 2010 3652 γλίσχρως
2070 3562 2412 3657 ἐκπορίζειν.
2489 3576 2587 3644 Οἷς
2625 3577 2977 3639 ἐπικλασθεὶς
3031 3573 3128 3628 καὶ
3172 3570 3337 3635 αὐτὸς
3395 3571 3500 3640 τὴν
3571 3565 3768 3637 ψυχὴν,
3800 3562 3862 3615 τὰ

610 3681 870 3752 IMP-“7‘
902 3677 1043 3744 ὑπὲρ
1073 3671 1148 3730 ὧν
1191 3675 1541 3745 ὲΥκί²·λοῖ)’μαι
1587 3675 1946 3748 ἀφελόμενος,
2021 3655 2229 3748 μικράν
2287 3693 2413 3730 τινα
2470 3671 2750 3743 παρέσχον
2803 3668 3164 3737 παραψυχήν.
3215 3665 3276 3717 Ei
3330 3662 3518 3715 τοίνυν
3577 3660 3666 3712 διὰ
3719 3655 3863 3708 τοῦτο

611 3775 869 3841 ἐπίορκος
905 3770 1016 3837 ἐγὼ
1053 3766 1151 3821 καὶ
1185 3766 1371 3830 ἄδικος
1439 3744 1537 3820 καὶ
1598 3764 1694 3819 τοῦ
1763 3744 1972 3835 πατρὸς
2020 3744 2468 3836 καταφρονητὴς,
2515 3761 2739 3832 κρίνατε
2800 3759 2981 3828 ὑμεῖς.
3041 3757 3266 3827 Πρῶτον
3320 3755 3421 3823 μὲν
3473 3751 3572 3806 οῦν
3615 3744 3862 3808 ἀπέδειξα

611 3867 854 3940 ἐμαυτὸν
921 3865 1092 3937 μηδὲν
1154 3861 1427 3935 μηδαμῶς
1463 3860 1898 3932 παραϐεϐηκότα
1935 3860 2036 3925 τὰς
2103 3861 2403 3930 συνθήκας,
2436 3857 2574 3912 ἀλλά
2624 3856 2718 3908 καὶ
2748 3852 3023 3922 -φανερῶς
3074 3847 3560 3922 παρασπονδηθείς
3588 3862 3601 3875 ·
3646 3847 3736 3898 καί
3775 3843 3865 3902 τὰς

612 3967 913 4030 ἀποδείξεις
959 3961 1053 4017 τοῦ
1098 3961 1382 4015 λελυκέναι
1429 3958 1657 4029 βασιλέα
1701 3959 1922 4030 πρῶτον
1954 3959 2082 4023 τοὺς
2149 3959 2370 4030 ὅρκους,
2405 3958 2544 4029 έχων
2604 3957 2735 4025 παρ’
2794 3955 3017 4024 ἐμαυτῷ
3034 3954 3286 4020 καθάπερ
3315 3951 3510 4015 εἴδετε,
3540 3950 3700 4010 αὐτὸς
3733 3946 3863 4014 μένω

611 4064 711 4132 τὴν
742 4059 967 4130 εἰρήνην
1002 4054 1409 4124 ἀσπαζόμενος.
1443 4053 1536 4107 καὶ
1582 4051 1839 4120 δεόμενος
1875 4053 1973 4103 ἐπὶ
2039 4051 2296 4104 τοσοῦτον
2360 4053 2553 4122 χρόνον
2610 4049 2898 4119 βασιλέως,
2969 4049 3044 4119 μὴ
3087 4047 3182 4099 τὸν
3214 4045 3454 4112 πόλεμον
3488 4047 3678 4096 κινεῖν.
3722 4041 3779 4092 Ei
3813 4037 3862 4090 δέ

613 4176 696 4222 τις
746 4155 859 4225 ἔχει
921 4170 988 4223 με
1035 4148 1413 4205 ἀποδεικνύειν
1457 4146 1894 4216 παραϐεϐηκότα
1959 4151 2227 4218 πρότερον
2299 4145 2426 4209 τοὺς
2464 4145 2680 4217 ὅρκους,
2737 4143 2953 4213 παρίτω
3008 4143 3100 4194 καὶ
3145 4140 3432 4192 δεικνύτω.
3496 4140 3726 4191 Ἔπειτα
3780 4135 3864 4186 καὶ

618 4252 750 4322 περὶ
779 4247 884 4316 τῶν
909 4245 1232 4316 χρημάτων,
1261 4243 1310 4295 εί
1333 4243 1399 4295 ἐκ
1425 4241 1588 4294 πέντε
1623 4239 1720 4293 καὶ
1762 4239 2060 4309 τριάκοντα
2129 4239 2408 4310 μυριάδων
2467 4239 2578 4292 τῶν
2621 4237 2991 4307 ὀφειλομένων
3039 4234 3277 4288 τοσαῦτα
3339 4231 3526 4286 λαϐὼν
3561 4229 3748 4294 ἀδικῶ,
3778 4245 3868 4281 κα-

553 4370 558 4376 ·
620 4338 994 4416 ταψηφίζεσθε
1022 4338 1206 4408 ὑμεῖς.

1937 4475 2098 4549 148
2133 4476 2359 4534 CAPUT
2402 4476 2588 4532 xux.

621 4611 846 4696 Cocalus
902 4606 1176 4696 imp‘udem
1223 4601 1621 4696 calumniator.
1658 4604 1840 4670 aperte
1867 4601 2224 4696 ιιὶριινςιιίῑςιικ
2275 4599 2451 4696 locus,
2487 4600 2730 4696 amazior
2805 4599 2860 4652 in
2905 4598 3166 4650 eumdem.
3219 4595 3462 4666 Episcopi
3509 4599 3868 4666 imperatorem

1076 4693 1139 4696 η.-
1159 4691 1240 4696 ____
1292 4689 1392 4696 ..-μ
1429 4687 1491 4696 ....
1539 4685 1594 4696 Α...
1677 4685 1859 4696 ..κωκυ
1919 4686 2055 4696 .--μ
2108 4686 2148 4696 ι..
2186 4687 2412 4696 --.μωρη
2463 4679 2550 4696 -..ο
2660 4686 2680 4696 ρ
2737 4672 2816 4696 -..ζ
2848 4668 3194 4696 κη-ιέηηοὲι-..ι
3252 4684 3504 4696 ,νυ-...ηκ-
3565 4668 3868 4696 ακρλῖηέ-ηηί

683 4685 953 4754 juniorem
980 4667 1240 4754 'damnare
1291 4689 1396 4726 non
1423 4672 1640 4754 audent,
1677 4667 2058 4754 rempublicam
2103 4671 2150 4722 ei
2163 4671 2570 4754 commendent.
2624 4667 2684 4754 ἐξ
2732 4672 2816 4723 avi
2847 4668 3197 4738 pertinaciam
3248 4684 3526 4726 accusans.
3565 4668 3870 4720 medicinam

694 4737 981 4822 'quamdant
1016 4742 1570 4822 malorumproponit,
1610 4757 1672 4794 ac
1699 4744 1760 4792 de
1787 4739 1912 4822 jure
1937 4757 2032 4822 suo
2063 4741 2287 4794 multum
2328 4742 2573 4822 remittit.
2606 4739 2749 4822 ⁸ΕῙιιε
2790 4737 2860 4793 ad
2890 4754 3069 4822 cenent
3113 4752 3426 4806 responsum
3451 4738 3607 4806 ofﬁcii
3629 4737 3710 4789 sui
3736 4752 3868 4788 com-

693 4815 1330 4898 memorationemhsem‘s
1378 4809 1666 4898 molestum
1723 4807 2203 4880 reprehensionem,
2269 4813 2417 4879 paci:
2469 4807 2796 4881 petitionem,
2847 4807 3221 4878 subjectionem
3287 4807 3541 4861 [tantilem
3603 4813 3776 4876 plane,
3826 4810 3870 4854 et

696 4903 974 4950 terrorem,
1005 4888 1059 4940 ni
1088 4885 1259 4946 cedat,
1291 4879 1674 4951 complectitur.

693 5019 970 5076 Hactenus
993 5029 1212 5071 causam
1239 5027 1336 5083 pro
1359 5027 1418 5067 se
1452 5010 1592 5066 dixit
1639 5011 1832 5082 iunior
1871 5011 2168 5082 imperator

2274 5024 2282 5065 ι
2377 5010 2628 5066 Τοσαῦτα
2657 5010 2756 5082 μὲν
2787 5009 3040 5080 βασιλεὺς
3063 5011 3091 5062 ὁ
3121 5008 3241 5073 νέος
3267 5006 3708 5076 ἀπολογούμενος
3735 5000 3867 5058 εἴπεο

623 5115 714 5171 cui
767 5112 1013 5172 Cocalas,
1053 5117 1346 5176 antequam
1386 5105 1527 5187 ejus
1586 5103 1654 5158 ad
1716 5105 2168 5176 protovestiai'iur

2308 5102 2584 5170 Κωκαλᾶς
2613 5100 2672 5153 δέ
2712 5100 2918 5171 μεταξὺ
2953 5099 3225 5170 βασιλέως
3250 5097 3714 5166 ἀπολογουμένου,
3751 5094 3870 5163 πρὶν

537 5283 540 5286 γ
623 5207 852 5279 epistola
909 5202 1262 5260 recitari-tur,
1310 5197 1625 5267 importune
1670 5195 1930 5260 instabat,
1974 5195 2168 5250 aﬂirma

2312 5195 2413 5264 μὲν
2447 5194 2513 5247 τὰ
2559 5193 2695 5264 πρὸς
2733 5191 2826 5246 τὸν
2866 5190 3365 5267 πρωτοϐεστιάριον
3415 5190 3723 5258 γράμματα
3751 5187 3872 5239 ἀνα-

625 5274 826 5369 batquc
849 5295 916 5351 ab
956 5295 1075 5365 ipso
1118 5291 1245 5347 belli
1289 5289 1599 5360 profectum
1641 5287 1882 5354 initium,
1917 5289 2011 5357 qui
2052 5302 2168 5359 sycc

2309 5285 2644 5354 γνωσθῆναι,
2697 5284 2865 5347 πολὺς
2912 5281 2980 5355 ἦν
3025 5282 3346 5353 ἐγκείμενος
3388 5282 3566 5352 αὐτῷ,
3602 5281 3761 5336 αὑτὸν
3783 5274 3870 5330 τοῦ

625 5389 869 5460 phantis,
906 5400 1090 5450 avum,
1142 5380 1642 5453 protovestiarium,
1675 5389 2012 5452 caeterosque
2060 5381 2168 5451 prir

2312 5376 2552 5447 πολέμου
2588 5377 2814 5446 φάσκων
2850 5377 3028 5430 αῖτιον
3063 5371 3228 5441 εἶναι,
3269 5375 3585 5446 ἀνθρώποις
3632 5374 3874 5442 πειθόμε-

625 5482 775 5548 cipes
825 5481 892 5531 de
941 5475 1142 5544 agitato
1188 5474 1331 5528 inter
1376 5487 1435 5528 se
1490 5470 1619 5526 belli
1678 5473 1913 5526 Consilio
1960 5471 2102 5542 apud
2145 5485 2206 5526 se

626 5567 1047 5624 criminantibus
1072 5565 1414 5620 credidisset.
1443 5563 1545 5621 Ubi
1599 5579 1734 5619 vero
1781 5564 1981 5619 litteris
2029 5564 2206 5627 palam

629 5661 782 5714 lictis
809 5661 1001 5729 patuit,
1033 5674 1140 5711 non
1165 5657 1350 5710 minus
1374 5654 1573 5724 ipsum,
1600 5665 2004 5724 quamm-teros
2023 5650 2207 5725 pacem

631 5752 984 5815 labefactare,
1018 5765 1140 5802 cum
1185 5756 1292 5801 tam
1344 5745 1629 5799 evidenter
1674 5747 1984 5814 convictus,
2018 5759 2208 5802 contra

2314 5487 2404 5522 νον
2449 5471 2834 5538 συκοφάνταις,
2867 5469 2963 5522 τόν
3000 5487 3057 5521 τε
3092 5467 3319 5539 βασιλέα
3352 5466 3707 5520 διαϐάλλουσι
3749 5463 3873 5535 πρὸς

2316 5561 2502 5622 αὐτὸν,
2534 5563 2630 5614 καὶ
2683 5561 3185 5631 πρωτοϐεστιάριον
3225 5563 3320 5614 καὶ
3360 5562 3484 5622 τοὺς
3536 5561 3727 5622 ἄλλους
3759 5558 3874 5614 τοὺς

2318 5653 2377 5704 ἐν
2403 5651 2547 5704 τέλει
2583 5653 2656 5714 ὼς
2705 5652 3161 5721 βεϐουλευμένους
3209 5653 3444 5720 πόλεμον
3491 5653 3680 5704 κινεῖν.
3738 5650 3878 5702 Ἐπεί

2319 5745 2377 5797 δὲ
2406 5744 2476 5797 τά
2495 5763 2551 5798 τε
2575 5746 2894 5816 ’γράμματα
2939 5743 3278 5814 ἀνεγνώσθη,
3345 5745 3436 5798 καὶ
3473 5741 3762 5811 ἀπεδείχθη
3798 5736 3881 5792 καὶ
3950 5784 3956 5794 .
