4136 6288
526 359 634 422 3η

1743 352 2066 413 JOANNIS
2100 351 2630 415 CANTACUZENI

3698 358 3803 422 33?.

534 474 732 527 aerario
787 480 995 526 tantum
1031 484 1105 526 ωε
1140 468 1440 524 dissolvere
1473 484 1487 522 :
1522 465 1756 538 proinde
1801 482 1902 536 pro
1957 466 2116 536 copia

2224 465 2275 520 δὲ
2305 467 2372 521 ἂν
2394 470 2487 522 καὶ
2518 466 2771 536 βασιλεὺς
2802 466 3036 542 ἐθελήσῃ
3055 469 3163 523 τῶν
3190 471 3563 542 ὀφειλομένων
3590 477 3810 546 χρημά-

536 580 686 620 nunc
735 563 1070 633 accipereut,
1111 561 1392 630 reliquum
1450 559 1516 614 ad
1567 559 1712 614 diem
1777 558 2111 629 prmilnitam

536 657 841 728 accepturi.
883 655 940 711 Si
999 654 1107 709 hoc
1151 652 1370 707 ditl‘tcile
1414 651 1639 722 putatis,
1687 650 1891 722 excipit
1944 649 2119 718 impe—

537 761 707 814 rator,
742 750 905 803 etiam
941 747 1171 801 dimidio
1224 745 1474 807 remisso,
1508 753 1705 814 quarta
1753 751 1928 814 parte,
1965 744 2119 814 pacis

535 852 591 896 ct
620 840 930 896 concordia:
962 853 1149 898 causa,
1181 837 1426 892 contenti
1466 837 1693 890 erimus.
1735 836 1856 901 Quo
1904 834 2114 898 audito,

536 932 779 1003 episcopi
812 947 935 985 eum
960 937 1022 984 ut
1045 946 1072 983 a
1099 928 1329 998 pecunia
1350 928 1613 983 invictum
1636 921 2116 992 commendarunt,

538 1022 1064 1093 spoponderuntque
1095 1023 1233 1074 citra
1284 1020 1719 1075 controversiam
1768 1011 1995 1090 partem”
2035 1017 2118 1073 di-

537 1123 677 1167 ctam
723 1113 962 1166 solutum
1008 1110 1098 1164 iri.
1149 1110 1476 1179 Imperator,
1535 1118 1594 1164 ut
1654 1110 1708 1163 in
1765 1110 1872 1164 hoc
1929 1124 2117 1164 secum

538 1206 802 1260 facientes
831 1204 989 1269 vidit,
1008 1204 1199 1259 volens
1219 1211 1473 1257 constare
1490 1201 1763 1261 omnibus,
1799 1217 1858 1256 se
1881 1200 2121 1254 libenter

540 1297 667 1351 belli
703 1296 931 1351 tollendi
964 1311 1130 1351 causa
1159 1295 1226 1350 de
1254 1295 1376 1366 jure
1412 1309 1515 1349 suo
1557 1294 1723 1348 etiam
1767 1295 1821 1348 in
1878 1294 1945 1348 iis
1999 1308 2121 1364 quas

537 1399 726 1445 essent
767 1389 1013 1444 omnium
1063 1388 1415 1443 confessione
1466 1386 1930 1451 moderatissima,
1956 1385 2120 1441 dece-

537 1485 670 1537 dere
705 1500 718 1536 :
749 1481 1002 1552 Oportet,
1049 1481 1248 1551 inquit,
1297 1490 1353 1536 et
1383 1480 1578 1546 vobis,
1641 1480 1851 1544 Patres,
1905 1478 1973 1533 de
2031 1478 2120 1533 via

538 1576 696 1631 fessis
714 1584 771 1631 et
797 1575 966 1631 totius
988 1574 1099 1631 diei
1127 1573 1312 1628 inedia
1347 1574 1580 1637 vexatis,
1618 1573 1853 1642 gratiam
1879 1569 2119 1639 aliquam

541 1669 865 1739 rependere.
901 1668 1088 1737 Itaque
1111 1675 1169 1721 et
1215 1675 1465 1734 quartam
1520 1675 1735 1735 partem
1787 1664 1988 1718 debitae
2027 1677 2124 1732 pe-

538 1756 714 1810 cunias
746 1755 801 1809 in
829 1756 1060 1826 gratiam
1092 1764 1333 1809 vestram
1369 1754 1626 1817 remitto;
1663 1763 1718 1807 et
1743 1754 1811 1807 ab
1835 1768 1939 1807 avo
1980 1751 2117 1807 nihil

2219 575 2333 611 των
2380 560 2449 612 τά
2495 560 2672 630 ἡμίση
2709 559 3008 615 ἀποδοῦναι
3039 565 3107 632 τῇ
3146 563 3400 633 στρατιᾷ,
3450 564 3698 628 ἐκείνους
3742 583 3805 620 τε

2223 649 2394 722 μηδὲν
2427 651 2591 706 πλέον
2624 651 3209 723 πολυπραγμονήσειν,
3262 655 3684 726 ἀγαπήσαντας,
3710 660 3809 711 καὶ

2220 740 2367 807 ὑμᾶς
2396 741 2505 792 τῶν
2537 741 2602 794 ἐκ
2631 739 2724 794 τοῦ
2768 740 3011 810 πολέμου
3044 742 3527 813 προσδοκωμένων
3555 745 3809 799 ἀπαλλάσ-

2219 829 2411 897 ξεσθαι
2443 831 2653 887 κακῶν.
2697 831 2976 886 Εἰπόντων
3009 833 3067 886 δὲ
3104 832 3214 886 τῶν
3244 835 3556 906 ἀρχιερέων
3580 835 3662 899 ώς
3709 836 3810 891 νῦν

2222 922 2326 993 μὲν
2374 922 2475 975 οὑκ
2516 922 2583 975 ἂν
2621 924 2710 992 εἴη
2743 924 2930 994 ῥᾴδιον
2970 925 3177 997 ἀπορίᾳ
3215 928 3523 997 χρημάτων
3564 928 3807 983 τοσαῦτα

2219 1012 2352 1066 ὅντα
2388 1014 2740 1086 ἀποδοθῆναι,
2768 1016 2871 1070 ὅσα
2902 1016 2947 1069 δ’
2967 1017 3034 1070 ἄν
3061 1017 3154 1086 ἐξῇ
3178 1018 3442 1082 λαϐόντας
3466 1018 3583 1084 νῦν,
3610 1020 3678 1073 τά
3701 1020 3813 1073 λει-

2223 1106 2436 1177 πόμενα
2465 1107 2800 1175 κομίσασθαι
2830 1109 3009 1179 χρόνῳ
3041 1109 3218 1180 ῥητῷο
3245 1110 3477 1174 Οὐκοῦν,
3501 1112 3529 1165 ό
3550 1110 3807 1180 βασιλεὺς

2220 1197 2350 1268 ἔφη,
2384 1201 2434 1251 εἰ
2464 1199 2624 1259 τοῦτο
2653 1200 2916 1270 δυσχερὲς
2942 1203 3112 1267 δοκεῖ,
3150 1203 3246 1257 καί⁵
3278 1203 3345 1256 τὰ
3377 1203 3555 1274 ἡμίση
3584 1204 3812 1259 καταλι-

2223 1290 2419 1352 πόντες
2453 1290 2683 1355 τούτων,
2715 1290 2792 1361 τῷ
2835 1293 3089 1364 τετάρτῳ
3139 1295 3316 1365 μορίῳ
3352 1294 3448 1348 τοῦ
3484 1295 3608 1349 ὅλου
3641 1299 3809 1367 ἀρκε-

2224 1383 2580 1452 σθησόμεθα,
2627 1385 2725 1453 τῆς
2767 1386 2995 1456 εἰρήνης
3035 1388 3133 1443 καὶ
3173 1392 3275 1457 τῆς
3323 1389 3581 1459 ὁμονοίας
3622 1390 3806 1461 χάριν.

2222 1478 2287 1530 Oi
2312 1477 2367 1531 δὲ
2404 1478 2749 1542 ἀκούσαντες
2779 1480 3054 1551 ἐπῄνεσάν
3100 1497 3162 1534 τε
3202 1481 3283 1542 ὡς
3315 1484 3555 1552 κρείττω
3583 1485 3806 1554 χρημά-

2220 1585 2331 1622 των
2359 1567 2451 1621 τὸν
2481 1567 2544 1638 βο
2556 1571 2730 1635 σιλέα,
2784 1573 2879 1625 καὶ
2911 1573 3301 1643 ἀναμφιϐόλως
3331 1575 3571 1637 ἔφασκον
3616 1576 3806 1629 ἀποδε-

2210 1659 2489 1731 ,θήσεσθαι
2524 1661 2592 1713 τὰ
2619 1663 2915 1733 εἰρημένα*
2946 1664 3024 1727 ώς
3049 1665 3107 1718 δὲ
3135 1662 3277 1719 εἶδεν
3315 1666 3406 1720 ἐπὶ
3436 1668 3649 1733 τούτοις
3682 1686 3807 1721 συν-

2224 1752 2509 1822 θεμένους,
2550 1752 2878 1824 βουλόμενος
2905 1756 2934 1809 ό
2968 1755 3245 1826 βασιλεὺς,
3290 1759 3367 1823 ὡς
3406 1760 3504 1814 καὶ
3540 1761 3648 1814 τῶν
3672 1765 3807 1814 πᾶσι

542 1848 723 1917 exigo.
770 1848 879 1902 nisi
941 1846 1089 1917 quod
1146 1856 1450 1915 quaestores
1497 1845 1747 1901 confictis
1792 1844 2122 1916 quibusdam

2226 1846 2532 1900 δοκούντων
2580 1850 2971 1926 μετριωτάτων
3020 1851 3109 1905 διὰ
3138 1852 3199 1905 τὸ
3236 1852 3329 1905 τὸν
3363 1853 3605 1923 πόλεμον
3636 1872 3808 1908 κατα-

538 1941 720 1997 eausis
744 1942 1074 2009 imperatore
1098 1940 1424 1994 defraudato
1456 1940 1559 1994 sibi
1598 1940 1860 2002 retinent,
1895 1938 1947 1993 id
1972 1936 2119 2007 quod

538 2032 759 2113 probari
818 2033 1114 2103 perspicue
1171 2040 1373 2102 potest,
1426 2041 1484 2086 ut
1535 2034 1673 2086 hanc
1718 2046 1990 2086 summam
2052 2030 2120 2084 ad

536 2127 915 2195 qualecunque
969 2124 1223 2179 solatium
1276 2124 1332 2177 in
1377 2124 1604 2179 militem
1637 2123 1985 2193 dispertiam.
2039 2122 2120 2177 Ne

537 2231 721 2272 tamen
751 2233 848 2272 vos
873 2216 1167 2271 admiratio
1217 2218 1422 2285 capiat,
1476 2216 1779 2284 quomodo,
1829 2231 1953 2271 cum
1995 2226 2121 2270 ante

538 2310 881 2374 atlirmarim,
912 2324 1022 2364 non
1065 2319 1323 2378 oportere
1379 2309 1431 2361 in
1467 2307 1662 2361 alienis
1713 2307 1953 2362 miseriis
2000 2322 2118 2361 ma-

540 2403 957 2474 gnanimitatem
1015 2411 1318 2458 ostentare.
1390 2399 1547 2469 150
1607 2415 1757 2454 nunc
1817 2401 1956 2454 adeo
2012 2416 2118 2454 non

542 2501 912 2564 repugnanter
938 2493 1123 2547 debita
1155 2491 1426 2545 militibus
1476 2491 1748 2560 Stipendia
1791 2492 2119 2573 condpnem.

543 2585 601 2640 Si
629 2597 864 2652 namque
885 2581 953 2636 de
981 2594 1182 2637 caetero
1203 2598 1270 2635 ex
1300 2581 1507 2637 findere
1527 2582 1823 2635 constituta
1846 2580 2119 2650 stipendia

541 2674 948 2744 perselventur,
983 2687 1104 2740 qua:
1129 2687 1195 2725 ex
1231 2682 1552 2739 antegressa
1593 2679 1841 2740 tempore
1880 2671 1988 2725 illis
2020 2673 2118 2726 de-

538 2767 765 2829 bentur,
796 2779 897 2836 pro
923 2766 1125 2819 eximio
1160 2777 1347 2816 amore
1384 2777 1495 2831 quo
1541 2778 1627 2816 me
1679 2762 1936 2831 diligunt,
1985 2764 2120 2818 mihi

541 2860 844 2914 remittent.
892 2855 1161 2911 Praeterea
1214 2854 1403 2918 timeo,
1452 2869 1519 2908 ne
1563 2864 1792 2924 propter
1839 2855 1955 2908 haec
2017 2857 2120 2924 pa'x

543 2952 852 3013 differatur,
881 2950 1277 3018 videamurque
1328 2947 1582 3002 consulto
1625 2947 1828 3001 bellum
1873 2947 2117 3002 trahere.

544 3046 727 3113 Quare
757 3044 922 3100 etiam
958 3041 1165 3097 idcirco
1197 3043 1553 3109 quaestionem
1606 3048 1661 3092 et
1704 3039 2119 3109 ambiguitatem

538 3153 762 3193 omnem
796 3133 1212 3192 rescindendam
1239 3132 1448 3202 putavi,
1471 3131 1761 3200 potiusque
1786 3132 1920 3184 meis
1942 3132 2122 3202 gravis

539 3242 598 3287 et
652 3229 1037 3285 incommodus
1095 3226 1293 3289 videri,
1340 3241 1504 3294 quam
1552 3224 1697 3278 bello
1740 3239 1928 3278 ansam
1987 3223 2121 3277 dare

540 3323 711 3385 volui,
742 3321 837 3375 His
862 3320 1025 3375 dictis
1075 3318 1228 3373 missi
1258 3334 1286 3371 a
1316 3318 1539 3371 seniore
1577 3315 1845 3386 episcopi,
1894 3331 1958 3370 ac
2001 3331 2125 3383 pro-

542 3428 698 3469 ceres
729 3420 935 3467 tantam
962 3410 1132 3464 animi
1158 3407 1508 3463 altitudinem
1533 3407 1810 3467 admirati.
1836 3417 1891 3460 et
1922 3408 1992 3461 oh
2014 3417 2121 3459 tam

543 3504 873 3575 praeclarum
899 3503 1051 3573 pacis
1076 3502 1416 3556 desiderium
1465 3500 1658 3569 gratiis
1699 3500 1839 3553 actis
1886 3500 2125 3569 singula—

548 3596 720 3660 ribus,
757 3595 963 3649 hilares
990 3593 1212 3646 domum
1247 3591 1515 3645 redeundi
1550 3590 1761 3645 veniam
1789 3590 2122 3660 petiverunt;

547 3695 676 3755 rati.
722 3691 885 3747 simul
939 3698 1059 3746 acta
1106 3704 1210 3743 avo
1260 3687 1689 3751 renuntiassent,
1744 3702 1933 3756 pacem
1987 3686 2125 3740 nihil

540 3796 973 3842 remoraturum.
1002 3783 1145 3853 Ergo
1177 3781 1503 3836 reditionem
1530 3781 1638 3836 illis
1666 3780 1953 3851 permittit,
1980 3793 2035 3837 et
2057 3782 2124 3836 ad

544 3894 706 3933 avum
737 3877 851 3930 lucc
867 3873 1098 3929 ferenda
1117 3872 1421 3928 committit
1449 3893 1462 3926 :
1488 3871 1661 3938 Quam
1696 3872 1937 3927 studiose
1963 3885 2126 3942 atque

540 3968 776 4038 impigre
828 3965 1107 4020 elaborem
1164 3973 1231 4017 ut
1285 3976 1338 4016 tu
1389 3961 1761 4034 principatum
1819 3964 2125 4018 Roxnanum

545 4067 755 4118 teneas,
811 4057 956 4110 Deus
999 4052 1177 4119 nevit,
1231 4069 1396 4125 quem
1431 4056 1570 4109 nihil
1598 4048 1773 4121 latet;
1804 4064 1860 4109 et
1895 4065 1950 4109 tu
1986 4057 2125 4125 ipse,

546 4153 589 4205 si
625 4151 794 4214 voles,
830 4151 1119 4204 testabere.
1148 4146 1281 4201 Nam
1311 4163 1437 4201 cum
1470 4149 1795 4217 potuissent.
1837 4149 1883 4201 si
1932 4149 2128 4203 libuis-

549 4254 650 4305 set,
677 4241 836 4296 bellis
853 4239 1235 4311 superioribus
1254 4248 1352 4293 aut
1371 4249 1487 4294 toto
1518 4240 1772 4310 imperio,
1798 4247 1894 4293 aut
1922 4241 2127 4308 majore

553 4337 700 4390 illius
747 4344 901 4403 parte
949 4331 1234 4411 potiundo,
1269 4330 1366 4384 tibi
1403 4343 1692 4385 maerorem
1748 4332 1880 4386 dare
1950 4332 2124 4392 nolui.

547 4430 865 4500 justumque
892 4423 1222 4495 existimavi,
1266 4422 1363 4476 tibi
1395 4438 1464 4477 eo
1492 4431 1553 4476 ut
1594 4423 1834 4492 parenti,
1879 4425 2124 4493 quandiu

2208 1924 2482 2007 dmﬁﬁvat,
2531 1924 2818 2004 ἐξίσταται
2861 1941 3027 2005 ἑκὼν,
3076 1943 3309 2013 ποιῆσαι
3362 1943 3622 2013 φανερὸν.
3651 1945 3803 2005 Δέον,

2224 2026 2357 2097 ἐφη,
2391 2028 2486 2079 καὶ
2511 2027 2641 2096 ὑμῖν
2669 2030 2812 2083 κατά
2837 2047 2897 2082 τε
2925 2030 3021 2101 τὴν
3049 2032 3168 2085 ὁδὸν
3200 2035 3540 2105 πεπονηκόσι
3567 2036 3663 2090 καὶ
3687 2038 3812 2089 ἀσι-

2222 2120 2315 2189 τίᾳ
2356 2119 2989 2193 προσταλαιπωρήσασιν
3040 2124 3173 2195 ὅλην
3224 2126 3324 2198 τὴν
3370 2128 3590 2199 ἡμέραν
3639 2129 3805 2198 χάριν

2224 2211 2551 2265 καταθεῖναί
2599 2230 2747 2268 τινα·
2784 2213 2987 2268 οὐκοῦν
3030 2216 3125 2269 καὶ
3150 2216 3213 2269 τὸ
3236 2219 3495 2288 τέταρτον
3519 2219 3627 2272 τῶν
3658 2222 3812 2286 ὀφει-

2221 2301 2467 2371 λομένων
2497 2307 2803 2375 χρημάτων
2851 2308 3057 2378 ἀφίημι
3104 2308 3260 2379 ὑμῶν
3294 2311 3475 2381 χάριν,
3519 2313 3611 2365 καὶ
3650 2313 3811 2366 οὐδὲν

2223 2399 2372 2467 παρὰ
2406 2399 2673 2469 βασιλέως
2697 2401 2915 2454 ἀπαιτῶ
2944 2402 3084 2472 πλὴν
3106 2402 3205 2456 ὅσα
3233 2404 3283 2456 οἰ
3315 2404 3383 2457 τὰ
3409 2403 3644 2474 δημόσια
3675 2405 3808 2459 διοι-

2177 2548 2181 2551 _
2223 2490 2448 2553 κοῐντες
2479 2490 2662 2553 αἰτίας
2707 2493 2864 2555 τινὰς
2908 2492 3252 2564 πλασάμενοι
3281 2494 3521 2563 ψευδεῖς,
3559 2495 3807 2549 ἀποστε-

2228 2582 2495 2654 ρήσαντες
2528 2582 2796 2652 βασιλέως
2829 2585 3050 2655 ἔχουσιν
3079 2586 3256 2650 αὐτοὶ,
3291 2588 3619 2651 ἀποδείξεως
3649 2605 3812 2655 γενο-

2228 2676 2399 2746 μένης
2430 2677 2720 2748 ἐναργοῦς,
2750 2678 2926 2732 ταῠτα
2954 2680 3187 2733 λοϐόντα
3216 2682 3496 2749 διανεῖμαι
3537 2683 3602 2750 τῇ
3638 2697 3810 2751 στρα-

2222 2770 2315 2839 τιᾷ
2342 2772 2546 2840 μικρᾶς
2577 2773 2738 2826 ἐνεκά
2767 2789 2911 2837 τινος
2956 2774 3327 2845 παραμυθίας.
3361 2775 3454 2843 Μὴ
3481 2775 3807 2845 θαυμάσητε

2222 2858 2280 2911 δὲ
2310 2861 2359 2912 εί
2389 2839 2517 2932 περὶ
2536 2860 2629 2913 τοιῦ
2656 2863 2732 2932 μὴ
2759 2863 2871 2915 δεῖν
2901 2865 2993 2915 ἐπὶ
3017 2839 3138 2928 ταῖς
3161 2864 3369 2935 ἐτέρων
3392 2839 3805 2935 κακοπραγίαις

2223 2949 2410 3021 ἕτερον
2445 2954 2848 3024 μεγαλοψυχεῖν
2879 2957 2975 3010 καὶ
3005 2956 3433 3027 φιλοτιμεῖσθαι,
3469 2958 3638 3011 πολλὰ
3669 2960 3806 3012 ποό-

2221 3059 2382 3112 τερον
2414 3043 2607 3109 εἰπὼν,
2642 3044 2737 3099 νῦν
2780 3047 2923 3102 οῦτω
2970 3049 3167 3119 ῥᾳδίως
3205 3050 3273 3104 τά
3292 3053 3408 3114 τοῖς
3447 3050 3806 3121 στρατιώταις

2224 3133 2551 3204 ὀφειλόμεναι
2596 3138 2861 3207 χρήματα
2908 3141 3198 3210 πρόειμαι.
3261 3142 3391 3196 Ἐὰν
3429 3142 3539 3213 γάρ
3585 3145 3666 3206 εἰς
3711 3142 3807 3196 τδν

2225 3224 2423 3295 ἐςεξῆς
2454 3227 2645 3295 χρόνον
2676 3229 2817 3281 κατὰ
2857 3230 2986 3294 τοὺς
3016 3231 3216 3301 ὅρκους
3257 3235 3353 3285 καὶ
3382 3232 3482 3295 τὰς
3528 3233 3807 3302 συνθήκας

2223 3317 2258 3382 ἡ
2288 3319 2600 3386 τεταγμένη
2652 3320 2960 3391 μισθοφορὰ
2991 3324 3297 3394 παρέχηται
3325 3324 3529 3388 αὐτοῖς.
3567 3327 3636 3379 τὰ
3661 3322 3831 3392 ὀφει-⁹

2226 3410 2429 3481 λόμενα
2456 3417 2544 3467 επὶ
2568 3415 2646 3485 τῷ
2667 3415 2893 3485 προτοῦ,
2921 3417 3063 3470 πάνυ
3096 3418 3381 3486 φιλοῦντες
3407 3421 3529 3489 ἐμοὶ
3553 3421 3808 3490 χαριοῦν-

2225 3520 2316 3556 ται
2345 3507 2547 3575 χρόνῳ.
2584 3507 2795 3570 ’Ἄλλως
2835 3525 2895 3561 τε
2931 3509 3114 3562 ἔδεισα
3162 3512 3238 3581 μή
3279 3529 3363 3574 τις
3391 3516 3483 3565 καί
3519 3514 3607 3568 διὰ
3635 3516 3809 3568 ταῦτα

2227 3598 2454 3664 γένηται
2506 3597 2745 3666 ἁναξολὴ
2799 3598 2937 3668 πρὸς
2976 3600 3075 3669 τὴν
3121 3603 3369 3672 εἰρήνην,
3415 3603 3513 3657 καὶ
3563 3604 3807 3671 δόξωμεν

2232 3686 2433 3756 μᾶλλον
2464 3685 2781 3757 ἐξεπίτηδες
2829 3689 2919 3743 τὸν
2951 3691 3187 3760 πόλεμον
3230 3693 3530 3762 αἱρεῖσθαι.
3574 3696 3684 3748 Καὶ
3712 3696 3808 3748 διὰ

2227 3780 2384 3833 τοῦτο
2409 3780 2517 3831 δεῖν
2541 3781 2752 3852 ᾠήθην,
2788 3785 2896 3837 πᾶν
2918 3783 3142 3855 ζήτημα
3167 3785 3265 3839 καὶ
3298 3787 3630 3857 ἀμφιϐολίαν
3651 3789 3809 3857 ποιῆ-

2232 3892 2321 3929 σαι
2377 3877 2643 3941 ἐκποδὼν,
2691 3877 2786 3930 καὶ
2828 3878 3035 3948 μᾶλλον
3065 3883 3179 3942 τοῖς
3217 3880 3515 3950 ἡμετέροις
3565 3883 3805 3953 φανῆναι

2230 3968 2488 4039 φορτικὸς
2535 3970 2629 4021 καλ⁸
2656 3969 2923 4041 ἐπαχθὴς,
2970 3970 3002 4039 ἢ
3044 3971 3181 4041 πρὸς
3210 3973 3303 4025 τὸν
3339 3973 3578 4043 πόλεμον
3621 3976 3805 4030 αἰτίαν

2230 4062 2559 4132 παρασχεῖν.
2593 4061 2830 4115 Τοιαῦτα
2864 4061 3130 4131 βασιλέως
3169 4065 3421 4129 εἰπόντος
3451 4068 3546 4119 τοῦ
3571 4070 3714 4131 νέου,
3754 4071 3806 4121 οἱ

2230 4151 2383 4219 παρὰ
2414 4151 2509 4204 τοῦ
2559 4152 2938 4222 πρεσϐυτέρου
2971 4155 3376 4226 ἀπεσταλμένοι
3410 4158 3689 4229 ἀρχιερεῖς
3713 4161 3809 4213 καὶ

2231 4238 2612 4307 συγκλητικοὶ,
2681 4239 3063 4310 θαυμάέαντες
3116 4244 3214 4314 τῆς
3263 4247 3669 4319 μεγαλοψυχίας
3715 4249 3808 4302 τὸν

2232 4327 2478 4397 βασιλέα,
2530 4329 2748 4384 καὶτοῦ
2813 4333 3023 4402 σφόδρα
3067 4334 3211 4389 οὕτω
3240 4336 3338 4407 τὴν
3379 4341 3605 4413 εἰρήνην
3637 4345 3807 4414 αἱρεῖ-

2232 4419 2376 4482 σθαι,
2397 4421 2561 4490 χάριν
2577 4424 3013 4492 ὁμολογήσαντες
3029 4425 3252 4498 πολλὴν,
3277 4431 3559 4501 χαίροντες
3581 4433 3811 4505 ᾐτοῦντο

551 4520 607 4572 in
638 4518 746 4572 vita
777 4531 1050 4578 maneres,
1071 4520 1296 4570 cedere.
1319 4513 1509 4583 Neque
1531 4530 1662 4569 vero
1688 4515 1806 4569 sine
1846 4515 2122 4571 laboribus

2226 4510 2323 4581 τὴν
2354 4513 2613 4568 ἐπάνοδον
2637 4517 3028 4588 ἐπιτραπῆναι,
3049 4519 3361 4589 νομίζοντες
3385 4525 3462 4590 ὡς
3485 4528 3601 4595 ἅμα
3635 4530 3712 4594 τῷ
3738 4531 3810 4582 τὰ

553 4609 925 4679 periculisque
973 4610 1136 4662 cessi.
1182 4607 1318 4661 Cum
1376 4608 1524 4660 enim
1572 4608 1974 4664 commilitones
2018 4610 2124 4664 mei

554 4717 744 4756 omnes
769 4701 897 4755 belli
930 4700 1103 4753 aleam
1137 4714 1202 4753 ac
1240 4700 1460 4754 labores
1520 4700 1838 4762 subiissent,
1882 4702 2125 4769 przemiis

554 4800 737 4845 autem
770 4800 825 4845 et
870 4790 1173 4844 honoribus
1198 4798 1450 4844 carerent
1495 4792 1512 4857 (
1544 4789 1689 4858 quod
1714 4806 1815 4858 ego
1858 4778 1949 4843 tua
1975 4791 2123 4861 jussa

554 4893 795 4947 secutus,
829 4897 1015 4951 pacem
1051 4882 1228 4935 libens
1253 4882 1671 4950 complecterer.
1709 4883 1920 4951 tibique
1962 4880 2127 4936 relin-

554 4989 780 5044 querem
806 4973 1150 5042 omnia,qua:
1173 4973 1276 5042 ipsi
1315 4972 1481 5026 armis
1515 4974 1925 5043 acquisicrantt.
1950 4976 2129 5028 utrin-

556 5083 662 5137 que
714 5066 1114 5140 conturbabar.
1162 5065 1295 5118 Nam
1348 5064 1624 5118 adducere
1673 5064 1794 5120 illos
1851 5067 1919 5122 ad
1974 5082 2125 5120 arma

555 5157 880 5219 deponenda
914 5155 1135 5210 dillicile
1182 5163 1320 5215 erat,
1377 5169 1499 5209 cum
1546 5170 1604 5209 se
1637 5155 1782 5225 justa
1828 5156 2126 5225 praedicare

553 5254 955 5313 asseverarent,
988 5257 1044 5304 et
1074 5250 1129 5303 in
1161 5241 1377 5302 hostem
1423 5249 1502 5301 ire
1536 5248 1651 5318 lege
1684 5249 1878 5303 bellica
1910 5265 2129 5317 semper

554 5346 917 5415 postularent.
954 5339 1146 5395 Invitis
1193 5350 1375 5393 autem
1436 5340 1543 5394 illis
1591 5340 1871 5409 quidpiam
1927 5340 2127 5403 facere,

560 5448 708 5491 metu
770 5451 880 5489 non
928 5434 1176 5489 vacabat.
1236 5431 1313 5486 Ex
1353 5431 1595 5485 amicitia
1642 5431 1849 5486 etenim
1881 5430 2131 5500 pluribus

556 5527 693 5581 mihi
723 5524 1106 5592 militantibus,
1140 5533 1195 5581 et
1230 5539 1347 5593 spe,
1404 5522 1711 5592 principem
1744 5521 2014 5575 beneﬁcio
2047 5537 2133 5576 re-

558 5634 909 5688 sponsurum.
964 5619 1011 5673 si
1068 5616 1533 5688 quemadmodum
1574 5614 1676 5682 ipsi
1724 5614 1984 5668 volebant
2030 5628 2130 5683 pax

558 5710 698 5763 facta
749 5725 858 5763 non
913 5716 1089 5778 essetj,’
1143 5716 1573 5762 consentaneum
1622 5715 1743 5758 erat
1810 5721 1925 5770 eos,
1974 5706 2133 5759 malis

559 5804 838 5865 cedentes,
864 5799 928 5853 ad
953 5799 1294 5855 adtersarius
1321 5812 1419 5866 pro
1444 5794 1607 5850 sociis
1630 5810 1948 5851 accessuros
1975 5814 1986 5850 :
2012 5812 2133 5867 qua:

2228 4605 2596 4674 πεπραγμένα
2622 4607 2958 4678 ἀπαγγεῖλαι
2979 4612 3214 4685 βασιλεῖ,
3235 4615 3464 4686 κώλυμα
3479 4617 3631 4671 οὐδὲν
3654 4619 3809 4673 ἔσται

2227 4698 2290 4764 τῇ
2346 4696 2539 4766 εἰρήνῃ
2592 4698 2732 4752 ὥστε
2784 4699 2946 4758 εἶναι.
3012 4704 3277 4769 Ἐκείνοις
3325 4707 3426 4778 μὲν
3472 4704 3564 4761 οὖν
3615 4708 3806 4780 ὥσπερ

2227 4787 2457 4857 ᾐτοῦντο
2501 4790 2808 4860 ἐπέτρεπεν
2851 4793 3190 4849 ἐπανελθεῖν
3236 4797 3305 4851 δι’
3356 4800 3536 4852 αὐτῶν
3565 4801 3622 4853 δὲ
3667 4804 3807 4869 πρὶς

2230 4878 2456 4948 βασιλέα
2491 4881 2581 4935 τὸν
2620 4882 2845 4936 πάππον
2881 4886 3249 4954 ἐπρεσϐεύετο
3294 4891 3494 4944 mser
3541 4892 3653 4963 Τὴν
3699 4893 3802 4964 μὲν

2229 4971 2368 5042 ἐμὴν
2390 4973 2525 5042 πρὸς
2549 4974 2609 5025 τὸ
2635 4975 2695 5028 σὲ
2720 4975 3115 5046 τὴνῬωμπίων
3141 4979 3284 5049 ἔχειν
3314 4983 3605 5053 ἡγεμονίαν
3638 5002 3806 5039 σπου-

2227 5062 2325 5130 δήν
2356 5077 2414 5113 τε
2447 5063 2539 5114 καὶ
2572 5061 2909 5132 προθυμίαν,
2937 5064 3073 5128 Θεός
3114 5083 3171 5119 τε
3213 5063 3323 5121 οἶδε
3362 5069 3539 5131 καλῶς
3569 5071 3597 5123 ό
3631 5069 3808 5124 πάντα.

2231 5153 2409 5217 εἰδὼς.
2454 5155 2548 5208 καὶ
2592 5155 2756 5218 αὐτὸς
2810 5157 2873 5208 ἂν
2915 5158 3416 5230 ὲπιμειιρττυρίῖσεπιις·
3471 5162 3621 5216 Ἐνδν
3668 5163 3804 5235 γὰρ’

2230 5247 2343 5311 είγε
2377 5246 2700 5316 ἐϐουλόμην,
2732 5247 2791 5300 6's
2827 5248 3020 5301 λυπεῖν
3043 5252 3138 5302 καὶ
3170 5251 3315 5305 κατὰ
3338 5253 3464 5314 τοὺς
3505 5255 3807 5325 προτέρους

2232 5337 2501 5406 πολέμους
2527 5338 2560 5407 ἢ
2591 5341 2887 5409 συμπάσης
2918 5339 2947 5409 ἢ
2973 5343 3070 5411 τῆς
3094 5341 3337 5406 πλείονος
3362 5344 3536 5416 ἀρχῆς
3559 5350 3804 5415 κρατεῖν,

2233 5429 2334 5481 οὐκ
2366 5430 2609 5498 ἠθέλησα
2638 5429 2781 5483 ἐκών
2807 5445 2821 5460 ·
2848 5431 2983 5484 ἁλλὰ
3012 5432 3096 5486 σοὶ
3141 5436 3377 5503 νομίζων
3410 5434 3572 5502 εἶναι,
3599 5439 3747 5491 δίκαι
3778 5455 3809 5492 ν

2233 5519 2550 5584 ἐξίστασθαι
2582 5523 2784 5592 ταύτης
2815 5522 2931 5575 ὄντι
2959 5523 3127 5594 πατρὶ
3159 5524 3263 5588 ἕως
3296 5525 3362 5579 ἂν
3393 5530 3614 5598 περιῇς.
3646 5528 3806 5582 δυνάο

2237 5628 2397 5681 μενος
2429 5615 2748 5683 κατασχεῖν,
2783 5614 3151 5685 παρεχώρησα
3171 5615 3315 5670 ἑκὼν
3348 5613 3489 5672 εῖναι
3520 5620 3614 5672 καὶ
3648 5620 3805 5673 τοῦτό

2235 5720 2299 5773 γε
2326 5706 2426 5758 οὐκ
2453 5703 2582 5758 ἄνευ
2614 5705 2794 5757 πόνων
2823 5704 2921 5757 καὶ
2950 5704 3232 5761 κινδύνων.
3265 5705 3388 5761 Τῶν
3420 5709 3528 5779 γὰρ
3552 5710 3650 5763 σὺν
3684 5713 3806 5780 ἐμοὶ

2237 5797 2662 5868 πολεμουμένων
2713 5798 2929 5854 πάντων
2973 5798 3099 5861 τοὺς
3147 5798 3246 5867 μέν
3294 5800 3492 5865 πόνους
3534 5804 3626 5855 καὶ
3678 5798 3805 5867 τοὺς
