4136 6288
513 327 581 390 33
593 327 628 389 3

1708 330 2250 392 msronmnmt
2297 331 2525 392 LIBER
2563 332 2614 390 ι.

3622 350 3625 353 ·
3636 328 3741 394 364

513 442 797 507 κινδύνους
830 444 889 497 ἐν
916 436 993 514 ’ἑῷ
1018 442 1280 514 πολεμεῖν
1313 441 1718 513 ὑφισταμένων,
1749 444 1859 500 τῶν
1900 444 2078 500 ἄθλων

2203 450 2272 500 'e's
2307 445 2597 499 discrimen
2650 444 2783 498 mihi
2836 443 3250 515 periculumque
3296 443 3593 502 attulisset.
3626 445 3740 517 Ego

511 536 571 590 δὲ
610 537 701 588 καὶ
735 536 844 590 τῶν
872 535 1052 608 γερῶν
1081 534 1575 611 ἀποστερουμένων
1608 537 1717 609 (διὰ
1758 537 1819 590 τδ
1850 538 1950 607 ἐμὲ
1983 539 2076 593 σοῦ

520 627 950 696 προστάττοντος
979 629 1142 693 εὐθὺς
1183 630 1420 700 ἄσμενον
1455 633 1657 700 χωρεῖν
1693 629 1829 701 πρὸς
1857 630 1959 701 τὴν
2005 633 2082 684 εί-

519 721 712 790 ρήνην,
740 719 837 772 καὶ
879 720 1102 779 πάντων
1132 737 1216 774 σοι
1254 711 1609 792 παραχωρεῖν
1649 715 1724 776 ὧν
1783 722 2083 792 ἐκτήσαντο

519 808 675 861 αὐτοὶ
700 809 1028 879 κρατοῦντες
1050 811 1108 863 ἐν
1136 810 1216 879 τῷ
1237 810 1503 881 πολέμῳ),
1538 811 1929 882 ἀμφοτέρωθεν
1958 813 2087 882 ἐμοὶ

524 899 804 953 συνέόαινε
833 900 893 953 τὸ
920 899 1289 972 θορυϐεῖσθαι.
1325 903 1399 956 Τό
1446 920 1504 956 τε
1537 903 1646 973 γὰρ
1679 904 1889 961 πείθειν
1917 920 2090 958 κατα-

504 947 1443 1060 tat;1;;a‘x'.1;.;;,"g;i;..;;.
1456 947 1561 1064 ξνξ
1577 947 1768 1045 ξιὶτζὲέῖᾄ
1779 947 1990 1046 ’δὶζςάζξ
2001 947 2086 1046 i2.

523 1098 640 1151 γειν
690 1082 1143 1154 ίσχυριζομένων,
1186 1086 1284 1138 καὶ
1353 1085 1514 1154 μέχρι
1561 1084 1764 1147 παντδς
1806 1084 2089 1149 ἐπεξιέναι

523 1175 649 1236 τοὺς
682 1174 1055 1243 πολεμοῦντας
1094 1175 1390 1242 ἀξιούντων
1421 1176 1662 1245 πολέμου
1700 1176 1898 1246 νόμῳι·
1933 1179 1993 1228 τό
2028 1193 2088 1228 τε

526 1264 771 1318 ἀκόντων
796 1265 975 1319 αὑτῶν
1003 1284 1063 1335 τι,
1093 1270 1295 1335 ποιεῖν,
1335 1270 1434 1321 οὐκ
1466 1269 1642 1330 ἀδεές.
1671 1267 1827 1339 Φιλίᾳ
1857 1270 1966 1337 γὰρ
1993 1268 2088 1333 ξυ-

529 1355 938 1425 στρατευόντων
964 1358 1074 1412 τῶν
1103 1358 1388 1424 πλειόνων,
1421 1360 1517 1412 καὶ
1546 1360 1723 1415 ἐλπίδι
1766 1361 1861 1413 τοῦ
1892 1362 2092 1430 ἄρξαν-

527 1465 596 1501 τα
621 1448 1060 1519 ἀντευποιήσειν,
1089 1451 1137 1501 εἰ
1166 1451 1241 1520 μὴ
1267 1452 1465 1523 γνώμῃ
1490 1450 1668 1505 αὐτῶν
1702 1451 1997 1522 ἐπράττετο
2022 1454 2091 1507 τά

527 1539 628 1604 τῆς
654 1539 899 1610 εἰρήνης,
931 1539 1080 1602 εἰκὸς
1117 1536 1187 1611 ἦν
1215 1543 1414 1600 αὐτοὺς
1457 1546 1941 1614 περικακήσαντας
1986 1563 2094 1614 χω-

534 1631 650 1700 ρεῖν
679 1630 814 1700 πρὸς
863 1632 991 1694 τοὺς
1027 1633 1323 1700 ἐναντίους,
1365 1635 1502 1704 ὅπερ
1549 1637 1851 1700 ἀκινδύνως
1895 1639 1995 1690 οὐκ
2027 1638 2093 1691 ἂν

531 1722 833 1791 ἐπράττετο
875 1723 1016 1792 ἐμοί.
1069 1723 1208 1790 Ἐγὼ
1251 1724 1306 1777 δὲ
1334 1725 1430 1778 τοῦ
1473 1726 1541 1779 τὰ
1568 1726 1697 1794 φίλα
1726 1728 1887 1781 ἕνεκα
1921 1729 2095 1799 πράτ-

530 1826 647 1863 τειν
677 1828 783 1877 σοι,
808 1811 933 1874 τούς
960 1829 1035 1870 ,τε
1076 1812 1271 1875 πόνους
1316 1814 1631 1886 ὑφιστάμην
1670 1818 1742 1868 ἐν’
1768 1815 1843 1885 τῷ
1884 1817 2094 1870 πείθειν

534 1901 657 1962 ἐνός
690 1917 834 1965 τινος
868 1901 901 1973 ἢ
929 1903 1021 1956 καὶ
1049 1902 1143 1956 δύο
1166 1905 1595 1974 συναιρομένων,
1630 1907 1853 1958 καὶτῶν
1885 1909 2096 1976 ὑφορω-

540 1987 717 2057 μένων
760 1988 1024 2043 κινδύνων
1085 1993 1478 2061 κατεφρόνουν,
1520 1992 1761 2063 νομίζων
1807 1994 1874 2047 ἂν
1912 1996 2095 2058 αὐτοῖς

536 2078 719 2147 ἔργοις
762 2079 1066 2149 ἀποδειχθῶ
1096 2079 1285 2144 εὔνους
1318 2082 1375 2146 ἐς
1421 2081 1493 2135 τὰ
1528 2083 1765 2153 μάλιστά
1793 2101 1876 2137 σοι
1914 2085 2008 2138 καὶ
2040 2087 2098 2137 ἐν

536 2171 648 2232 τοῖς
673 2170 1059 2239 κατεπείγουσι
1084 2174 1294 2240 καιροῖς
1323 2174 1383 2226 οὐ
1418 2175 1544 2227 πελε
1557 2176 1714 2244 μίως,
1745 2176 1879 2231 ἀλλὰ
1909 2176 2098 2245 φιλίως

537 2262 902 2331 διακείμενος,
930 2261 1207 2336 θαρρῆσαι
1232 2264 1297 2318 ἂν
1313 2266 1439 2337 ἐμοὶ
1464 2266 1562 2319 καὶ
1581 2267 1679 2336 τὴν
1701 2267 1902 2338 ἔχθραν
1928 2286 2099 2322 κατα-

537 2353 700 2405 λῦσαι
723 2353 786 2405 τὸ
813 2354 873 2427 δ’·
888 2357 1146 2420 ἐναντίως
1175 2357 1299 2426 ἔχον
1329 2357 1424 2411 νῦν
1469 2359 1503 2429 ἢ
1553 2360 1903 2429 προσεδόκων
1939 2362 2100 2424 αὐτος

541 2443 758 2511 ὁρᾶται.
791 2444 973 2497 Πάντα
1004 2446 1112 2515 γὰρ
1140 2447 1343 2512 ἐκεῖνα,
1376 2448 1493 2511 καὶ,
1528 2448 1588 2502 τὸ
1623 2450 1903 2518 μέγιστον,
1932 2451 2100 2522 αὐτὴν

543 2534 802 2603 ἀλήθειαν
832 2535 1054 2604 θέμενος
1079 2541 1136 2590 ἐν
1158 2540 1354 2607 οὐδενὶ,
1378 2540 1687 2610 ἀνθρώποις
1717 2543 1774 2596 δὲ
1791 2542 2101 2614 διεφθορόσι

543 2626 638 2678 καὶ
661 2623 1008 2695 ψευδομένοις
1033 2629 1126 2681 καὶ
1154 2629 1320 2698 μηδὲν
1344 2632 1404 2695 ἐξ
1423 2624 1498 2684 ὧν
1524 2632 1592 2686 ἂν
1621 2634 1690 2686 τὰ
1719 2635 1871 2687 κοινά
1896 2635 2101 2704 βέλτιον

548 2716 724 2786 σχοίη,
761 2717 876 2770 ἀλλ’
906 2719 970 2784 ἐε
993 2710 1068 2772 ὧν
1096 2719 1162 2773 ἂν
1195 2722 1382 2793 ίδίᾳτι
1408 2722 1740 2795 ὠφεληθεῖεν
1766 2726 1941 2788 αὐτοὶ,
1981 2743 2102 2781 σκο-

545 2804 708 2858 ποῦσι
757 2808 1015 2874 πεισθεὶς,
1059 2810 1209 2863 εἶλου
1264 2811 1465 2879 μᾶλλον
1507 2813 1767 2883 πολεμεῖν
1796 2816 1956 2885 ἐμοί·
1993 2814 2104 2882 ἐγὼ

545 2893 603 2946 δέ
631 2895 811 2948 καίτοι
850 2897 1056 2960 δίκαιος
1109 2898 1206 2963 ὢν,
1236 2896 1327 2954 οἷα
1364 2903 1951 2973 προεπιὸουλευόμενος
2010 2905 2105 2957 καὶ

547 2988 1117 3058 παρασπονδούμενος,
1146 2991 1505 3063 ιέτοιμότερον
1552 2994 1689 3064 πρὸς
1719 2995 1811 3048 τὸν
1867 2996 2105 3065 πόλεμον

546 3080 766 3147 χωρεῖν,
801 3080 937 3132 αἰδοῖ
962 3097 1022 3133 τε
1073 3084 1137 3152 τῇ
1174 3083 1301 3152 περὶ
1342 3084 1402 3140 σὲ
1450 3085 1546 3138 καὶ
1597 3085 1745 3154 πόθῳ
1775 3087 1988 3156 ἀσχέτῳ
2027 3087 2105 3156 τῷ

547 3171 682 3239 πρὸς
732 3171 832 3240 τὴν
879 3172 1125 3242 εἰρήνην,
1169 3175 1356 3242 τρίτον
1407 3175 1509 3244 ἤδη
1553 3175 1698 3245 μῆνα
1732 3178 1980 3245 κάθημαι
2022 3178 2108 3228 ἐν-

554 3260 755 3326 ταῦθα,
790 3264 1048 3317 ἱκετεύων
1078 3264 1173 3317 καὶ
1203 3266 1638 3335 παραιτούμενος
1668 3267 1768 3337 τὴν
1793 3268 1890 3338 σὴν
1915 3268 2106 3338 ὀργήν.

545 3350 596 3403 Ν
602 3351 686 3406 υνὶ
699 3352 751 3404 δὲ
766 3351 871 3406 τῶν
890 3354 992 3406 ὑπὸ
1012 3354 1104 3407 σοῦ
1129 3350 1426 3429 ἀρχιερέων
1444 3357 1657 3412 καὶτῶν
1674 3358 1850 3413 ἄλλων
1872 3359 2110 3428 συγκλη-

547 3443 717 3494 τικῶν
751 3445 1202 3514 ἀπεσταλμένων,
1230 3448 1323 3498 ἐπὶ
1351 3447 1411 3499 τὺ
1445 3448 1512 3501 τὰ
1543 3448 1869 3519 ἐγκλήματα
1895 3450 1962 3505 τὰ
2001 3451 2109 3520 ἐμὰ

549 3533 802 3595 ἐξετάσαι
857 3535 1123 3604 ἡκόντων,
1162 3537 1323 3600 αὐτὸς
1360 3539 1460 3608 μὲν
1509 3539 1713 3608 πολλῆς
1768 3540 2110 3610 ἐνεπλήσθην

549 3622 764 3691 ἡδονῆς,
800 3623 873 3685 ὡς
914 3626 1107 3696 καιρὸν
1148 3627 1447 3695 ἀπολογίας
1483 3629 1765 3699 εὑρηκώς’
1814 3629 2111 3698 ἐκκλησίας

549 3714 608 3766 δὲ
638 3716 955 3784 γενομένης,
1004 3715 1101 3785 τὴν
1130 3717 1424 3785 ἀπολογίαν
1457 3718 1542 3787 ἐφ’
1595 3714 1675 3783 οἷς
1713 3719 2108 3791 ἐνεκαλούμην,

552 3807 730 3877 ἀληθῆ
767 3810 860 3860 καὶ
887 3808 1102 3862 δικαίαν
1151 3810 1518 3881 ἐποιησάμην.
1561 3812 1626 3865 Ἃ
1685 3812 1785 3881 μὲν
1828 3811 1922 3867 οὖν
1960 3809 2111 3868 εἷπον

552 3896 691 3963 πρὸς
718 3897 784 3948 τά
817 3897 1160 3966 ἐγκλήματα,
1190 3899 1344 3952 αὐτοὶ
1384 3900 1629 3963 ἐλθόντες
1662 3901 2070 3970 ἀπαγγελοῦσιν
2091 3917 2107 3934 ο

554 3983 667 4051 ἐγὼ
694 3985 738 4037 δ’
765 3984 926 4050 αὖθις
963 3988 1056 4041 σοῦ
1083 3989 1296 4057 δέομαι,
1338 3990 1581 4062 βασιλεῦ,
1613 3993 1742 4063 μήθ’
1776 3995 1952 4063 ἡμᾶς,
1973 3995 2111 4064 μήτε

551 4078 680 4139 τοὺς
714 4077 906 4140 ἄλλους
934 4078 1195 4147 περιιδεῖν
1226 4080 1535 4150 Ῥωμαίους
1558 4083 1655 4137 διὰ
1672 4084 1765 4136 τὸν
1788 4084 1923 4152 πρὸς
1949 4085 2112 4154 ἀλλή-

552 4166 678 4229 λους
710 4168 866 4237 ἡμῶν
909 4170 1141 4239 πόλεμον
1175 4170 1600 4243 φθειρομένουςο
1634 4173 1752 4227 ἀλλ’
1787 4175 1846 4227 ἐν
1879 4174 2114 4242 ἡμέραις

448 4264 455 4271 ’
554 4257 719 4323 ὀκτὼ,
755 4260 824 4313 τά
866 4277 923 4312 τε
961 4260 1149 4317 δέοντα
1197 4261 1523 4332 σκέψασθαι,
1565 4264 1660 4317 καὶ
1684 4266 1816 4333 ⁴ἡμῖν
1865 4265 1939 4326 ὼς
1971 4266 2114 4335 ἔχεις

554 4351 778 4420 γνώμης
808 4350 1066 4420 δηλῶσαι.
1085 4353 1182 4407 Ἂν
1209 4355 1309 4424 μὲν
1329 4350 1423 4409 οὖν
1446 4355 1540 4409 καὶ
1571 4355 1710 4409 Θεοῦ
1737 4355 1835 4409 τοῦ
1874 4355 2112 4428 χορηγοῦ

2181 549 2313 590 vero
2358 546 2418 590 ut
2465 536 2561 590 tibi
2615 535 2969 605 gratiﬁcarer,
3021 535 3350 605 persuadere
3403 536 3510 593 illis
3553 539 3742 594 enisus

2182 639 2325 687 sum,
2358 640 2469 680 uno
2514 633 2608 679 aut
2637 624 2854 681 duobus
2901 625 3288 695 adjuvantibus
3338 626 3470 697 (9|),
3515 635 3571 683 et
3621 644 3745 699 quae

2187 714 2442 769 timebam
2487 717 2809 786 contempsi,
2859 716 3173 780 arbitratus,
3218 717 3263 771 si
3305 716 3461 773 factis
3517 719 3611 774 tibi
3660 735 3746 775 me

2184 806 2779 871 benevolentissimum,
2835 807 3433 878 pcrturbatissimisque
3481 815 3748 881 tempori-

2187 897 2289 952 bus
2320 913 2426 952 non
2456 899 2728 961 l‘mstilem,
2755 899 2849 953 sed
2879 898 3114 953 amicum
3148 898 3202 952 in
3228 907 3278 954 te
3296 899 3536 954 animum
3560 911 3748 957 osten-

2188 989 2413 1055 dissem,
2445 989 2721 1044 conlidere
2752 1004 2911 1058 posse
2945 991 3106 1043 etiam
3140 988 3327 1044 odium
3355 990 3408 1044 in
3458 1007 3545 1047 me
3595 1001 3749 1047 tuum

2188 1089 2537 1135 sanaturum.
2581 1081 2732 1150 151
2768 1081 2923 1147 Quod
2957 1095 3105 1135 nunc
3136 1095 3318 1146 secus,
3364 1098 3526 1153 quam
3569 1085 3747 1147 rebar,

2187 1169 2406 1225 videtur
2437 1171 2705 1224 evenisse.
2755 1167 2947 1223 Omnia
2999 1168 3275 1238 siquidem
3331 1170 3442 1237 illa,
3491 1172 3752 1242 quodque

2189 1275 2466 1315 summum
2526 1269 2632 1323 est,
2685 1260 2969 1314 veritatem
3019 1259 3193 1329 ipsam
3256 1276 3354 1329 pro
3416 1262 3586 1317 nihilo
3648 1264 3754 1316 du-

2191 1365 2341 1413 cens,
2411 1342 2729 1405 hominibus
2782 1357 2963 1402 autem
3030 1350 3326 1418 perversis,
3381 1359 3437 1405 et
3481 1348 3755 1405 mendaci-

2191 1441 2390 1510 loquis,
2417 1457 2524 1495 non
2560 1441 2874 1511 reipublicae
2896 1445 3289 1509 emolumenta,
3318 1440 3413 1497 sed
3470 1456 3567 1496 sua
3604 1442 3756 1511 ipso-

2192 1547 2317 1586 rum
2367 1533 2690 1603 compendia
2750 1535 3091 1591 sectantibus
3145 1535 3305 1589 [idem
3356 1533 3579 1599 habens,
3611 1531 3756 1589 bello
3852 1534 3859 1537 ⁷

2193 1640 2281 1679 me
2316 1632 2525 1679 tentare
2558 1624 2801 1680 voluisti.
2832 1624 2930 1680 Ast
2959 1641 3059 1695 ego
3086 1626 3335 1696 quamvis
3369 1626 3493 1696 jure
3523 1627 3754 1695 Optimo,

2196 1724 2454 1784 tanquam
2521 1714 2673 1785 prior
2732 1715 2945 1770 insidiis
3004 1717 3318 1786 appetitus,
3385 1721 3758 1786 teuieratoque

2195 1806 2403 1862 foedere
2422 1806 2673 1870 violatus,
2697 1807 3006 1876 promptius
3027 1822 3090 1862 ac
3118 1808 3270 1878 prius
3296 1823 3445 1862 arma
3472 1822 3758 1877 capessere

2196 1908 2476 1967 poteram;
2516 1911 2696 1954 tamen
2729 1898 2938 1967 pudore
2970 1915 3099 1970 erga
3133 1910 3206 1965 te,
3235 1909 3290 1955 et
3313 1901 3461 1970 pacis
3487 1901 3759 1955 desiderio

2197 1992 2532 2056 incredibili,
2567 1997 2790 2047 tertium
2819 1994 2928 2063 jam
2959 2008 3200 2048 mensem
3236 1993 3326 2047 hic
3358 2002 3602 2057 contero,
3635 2008 3757 2061 sup.

2196 2085 2426 2154 plicans,
2451 2092 2506 2138 et
2541 2084 2674 2137 iram
2709 2094 2855 2138 tuam
2889 2083 3210 2153 deprecans.
3232 2084 3389 2140 Nunc
3427 2099 3549 2138 cum
3583 2084 3752 2137 venis-

2197 2185 2340 2238 sent,
2376 2189 2521 2244 quos
2544 2175 2610 2228 ad
2641 2175 3002 2229 exercendam
3041 2174 3109 2229 de
3147 2190 3233 2228 me
3261 2174 3614 2243 quaestionem
3660 2173 3752 2227 mi-

2198 2267 2340 2330 sisti,
2374 2264 2574 2335 gaudio
2604 2264 2824 2327 exsilui,
2863 2263 3007 2334 quod
3042 2273 3252 2333 tempus
3292 2263 3395 2317 mei
3433 2262 3757 2318 defendendi

2197 2366 2394 2411 nactus
2426 2369 2628 2411 essem.
2666 2354 2726 2409 In
2757 2362 3028 2408 conventu
3060 2368 3224 2423 porro
3266 2352 3332 2407 ad
3378 2353 3552 2423 capita
3597 2368 3759 2407 accu-

2201 2448 2429 2505 sationis
2459 2461 2587 2502 vere
2610 2446 2840 2515 acjuste
2871 2444 3131 2515 respondi
3158 2461 3175 2511 ;
3206 2444 3273 2499 de
3300 2432 3411 2514 quo
3465 2443 3568 2514 ipsi
3616 2429 3763 2514 apud

2201 2546 2254 2593 te
2280 2538 2680 2592 memorabunt.
2721 2534 2959 2590 Rursum
2987 2544 3040 2589 te
3060 2549 3178 2597 oro,
3206 2534 3519 2604 imperator,
3546 2543 3603 2587 ut
3626 2549 3761 2588 neve

2201 2647 2323 2699 nos,
2341 2647 2477 2687 neve
2498 2631 2769 2687 Romanos
2791 2629 2949 2691 alios,
2972 2627 3141 2682 nostri
3162 2642 3322 2682 causa
3351 2627 3547 2682 acerba
3571 2641 3760 2696 perpe~

2203 2725 2240 2778 ti
2258 2739 2321 2779 ac
2338 2723 2491 2794 perdi
2509 2724 2689 2789 sinas;
2721 2721 2813 2777 sed
2837 2719 3031 2775 diebus
3059 2726 3182 2774 octo
3202 2718 3331 2789 quid
3350 2732 3487 2787 opus
3506 2717 3759 2772 sitconsi-

2204 2823 2386 2886 deres,
2428 2831 2685 2891 tuamque
2711 2822 2871 2876 nobis
2898 2820 3228 2876 sententiam
3255 2818 3520 2873 declares.
3548 2817 3603 2873 Si
3635 2818 3764 2882 Deo,

2204 2915 2354 2986 pacis
2385 2922 2627 2977 auctore,
2661 2911 2995 2983 approbante
3028 2911 3294 2980 placidam
3319 2909 3374 2964 in
3406 2925 3506 2965 nos
3531 2917 3765 2964 mentem

2208 3008 2472 3071 indueris,
2506 3021 2805 3077 pacemque
2850 3001 3178 3072 susceperis,
3212 2999 3557 3083 bene‘facies
3594 3000 3767 3055 modis

2154 3131 2174 3180 η
2206 3099 2481 3169 omnibus.
2512 3097 2606 3151 Sin
2644 3100 2989 3164 peccatorum
3019 3100 3333 3146 nostrorum
3364 3088 3680 3152 multitudo,
3715 3097 3768 3143 et

2210 3194 2429 3245 incensa
2456 3186 2671 3243 videndi
2699 3185 2951 3240 interitus
2975 3180 3145 3236 nostri
3173 3178 3446 3248 cupiditas
3490 3175 3674 3246 potius
3716 3175 3769 3230 in

2210 3282 2410 3336 bellum
2442 3291 2492 3333 te
2528 3277 2860 3348 praecipitem
2896 3281 3077 3345 agent,
3108 3271 3273 3326 etiam
3323 3270 3403 3324 sic
3453 3267 3677 3322 modum
3718 3277 3770 3321 te

2210 3373 2420 3428 docebo
2474 3369 2869 3426 validissimum
2935 3380 3023 3419 me
3079 3363 3248 3417 armis
3300 3358 3669 3430 oppugnandi,
3713 3368 3783 3411 ut-

2211 3463 2492 3522 citissimc.
2531 3461 2782 3529 citraque
2809 3454 3111 3528 periculum
3163 3450 3428 3507 molestiis
3471 3449 3773 3511 absolvere.

2210 3556 2354 3610 Deus
2402 3555 2673 3608 bonorum
2747 3549 2993 3604 omnium
3056 3543 3452 3615 suppeditator,
3506 3541 3667 3595 Pater
3719 3546 3774 3594 et

2210 3646 2474 3700 Dominus
2501 3656 2690 3712 regum
2719 3640 2985 3701 omnium,
3018 3633 3399 3690 admirabilem
3448 3631 3547 3686 tibi
3589 3640 3645 3685 et
3693 3628 3765 3682 in-

2209 3734 2627 3807 expugnabilem
2658 3732 2955 3802 potentiam
2990 3726 3161 3793 dedit,
3200 3724 3288 3794 c_ui
3321 3738 3430 3778 non
3466 3721 3642 3777 solum
3685 3734 3777 3773 re-

2210 3827 2428 3889 sistere,
2464 3821 2559 3877 scd
2614 3828 2805 3875 contra
2842 3832 3005 3888 quam
3055 3831 3125 3870 ne
3175 3812 3374 3869 intueri
3421 3811 3641 3879 quidem
3692 3822 3778 3861 nte

2211 3931 2368 3987 posse
2395 3914 2589 3968 fateor.
2626 3911 2719 3965 Est
2742 3917 2924 3964 autem
2965 3907 3100 3970 hwc,
3134 3904 3279 3973 quod
3325 3911 3383 3956 tu
3429 3899 3683 3956 dominus
3723 3906 3779 3954 et

2210 4015 2388 4075 pater,
2420 4017 2523 4071 ego
2548 4000 2716 4064 ﬁlius,
2747 4009 2803 4053 et
2827 4011 3019 4051 servus
3060 3995 3309 4050 omnino.
3358 3995 3470 4045 Hac
3519 4006 3648 4043 usus
3684 4004 3780 4059 pc-

2213 4094 2406 4155 tentia‘,
2432 4091 2584 4147 brevi
2616 4105 2738 4159 qu'e
2767 4087 3009 4141 volueris
3046 4086 3234 4140 omnia
3285 4082 3516 4137 feliciter
3554 4079 3779 4135 eilicies.

2215 4186 2269 4241 Si
2296 4184 2442 4239 cnim
2467 4180 2716 4253 iusseris,
2743 4186 2803 4235 ut
2836 4186 3012 4249 pater,
3054 4192 3141 4230 me
3191 4173 3337 4239 boia,
3375 4188 3470 4228 seu
3511 4167 3780 4246 [collaria]

2215 4276 2268 4330 in
2291 4276 2490 4331 collum
2515 4272 2711 4342 injecta
2739 4271 2949 4334 venire,
2972 4277 3028 4323 et
3064 4266 3174 4322 illic
3202 4272 3479 4320 carcerem
3508 4262 3778 4322 habitare.

2218 4367 2481 4436 imperata
2514 4359 2919 4433 promptissime
2949 4373 3238 4428 exsequar.
3270 4354 3408 4418 Quid
3443 4362 3627 4408 autem
3657 4350 3783 4405 dico

553 4442 655 4510 τῆς
687 4443 912 4511 εἰρήνης
944 4444 1394 4508 συνευδοκοῦντος
1427 4447 1728 4515 πραότερον
1756 4448 1888 4517 ἡμῖν
1921 4449 2103 4502 διατε-

2217 4457 2557 4519 de'carcere,
2585 4465 2640 4508 et
2686 4450 2948 4507 cellaria?
2999 4449 3043 4503 si
3092 4446 3227 4517 quid
3283 4443 3433 4499 aliud
3482 4443 3650 4498 etiam
3696 4439 3784 4496 vel

556 4532 680 4603 θῇς,
713 4535 807 4586 καὶ
841 4533 1043 4604 μᾶλλον
1078 4536 1220 4589 ἕλοιο
1258 4536 1357 4605 τὴν
1386 4537 1634 4607 είρήνην,
1680 4540 2022 4607 πανταχόθεν
2051 4539 2118 4593 ἂν

556 4623 668 4695 ἔχοι
701 4626 901 4689 καλῶς.
935 4626 1037 4680 ’Ἂν
1076 4628 1122 4680 δ’
1175 4629 1208 4698 η
1258 4628 1370 4681 τῶν
1393 4629 1676 4698 ἡμετέρων
1701 4631 2117 4701 ἁμαρτημάτων

556 4715 788 4785 πληθὺς,
828 4717 923 4769 καὶ
983 4718 1043 4771 τὸ
1097 4702 1335 4787 μάλιστα
1384 4719 1668 4789 βούλεσθαι
1716 4721 2116 4793 διαφθαρέντας

555 4809 702 4879 ἡμᾶς
730 4809 880 4873 ἰδεῖν,
909 4810 1042 4879 πρὸς
1076 4811 1135 4885 τὸ
1160 4810 1419 4879 πολεμεῖν
1452 4811 1651 4880 μᾶλλον
1677 4813 2117 4881 παρασκευάσω·

557 4916 644 4955 σιν
664 4898 929 4969 ὁρμῆσαι,
960 4904 1055 4954 καὶ
1082 4900 1257 4973 οὕτως
1283 4901 1393 4969 ἐγώ
1410 4919 1493 4955 σοι
1528 4892 1737 4972 τρόπον’
1762 4903 2116 4972 ὑφηγήσομαι

557 4991 909 5060 ἰσχυρότατον
943 4991 1037 5044 τοῦ
1064 4994 1201 5063 πρὸς
1227 4993 1324 5062 ἐμὲ
1353 4994 1594 5063 πολέμου
1617 5009 1631 5025 ·
1670 4993 1746 5057 ὡς
1793 4995 1860 5047 ἂν
1888 4995 2121 5065 τάχιστά

555 5096 615 5131 τε
642 5096 736 5132 και
760 5082 932 5152 χωρὶς
957 5082 1221 5136 κινδύνων
1249 5087 1589 5153 πραγμάτων
1621 5083 1965 5155 ἀπαλλαγῇ
1987 5085 2121 5148 Θεὸς

554 5170 584 5219 ὁ
617 5172 852 5239 χορηγὸς
902 5173 1125 5227 πάντων
1166 5174 1276 5227 τῶν
1308 5175 1555 5242 ἀγαθῶν,
1593 5178 1621 5227 ὁ
1654 5176 1844 5245 Πατὴρ
1879 5176 2120 5238 πάντων,

554 5245 653 5311 καὶ
679 5260 878 5337 Κύριος
898 5261 1006 5316 τῶν
1024 5262 1310 5333 βασιλέων,
1339 5265 1548 5335 ἄμαχόν
1565 5282 1686 5319 τινα
1703 5267 1798 5318 καὶ
1819 5264 2124 5334 θαυμασίαν

556 5352 862 5425 παρέσχετο
881 5354 1112 5426 δύναμίν
1142 5373 1226 5410 σοι
1252 5373 1267 5388 ·
1298 5358 1434 5428 πρὸς
1461 5360 1527 5428 ἣν
1552 5358 1650 5427 οὐχ
1678 5357 1761 5410 ὃτι
1789 5373 1851 5425 γε
1875 5358 2127 5427 ἀντιστῆ-

2220 4543 2800 4616 ignominiosissimum
2832 4538 3199 4599 mandaveris,
3220 4534 3489 4608 perferam
3515 4532 3785 4586 hilariter.

2223 4638 2277 4693 Si
2309 4637 2412 4690 hac
2436 4634 2676 4704 potentia
2702 4631 2925 4693 omissa,
2980 4628 3046 4683 ad
3100 4629 3323 4682 alteram
3379 4635 3431 4680 te
3477 4632 3785 4685 convertes,

2221 4742 2382 4797 quam
2421 4724 2629 4794 pridem
2678 4721 2795 4784 tibi,
2846 4719 3077 4774 credens
3111 4726 3163 4772 te
3216 4718 3410 4777 latere,
3456 4721 3511 4767 et
3564 4726 3788 4781 sperans

2218 4819 2364 4873 bello
2424 4831 2511 4870 me
2551 4814 2952 4887 coniepturum,
3000 4808 3283 4881 paravisti,
3340 4822 3536 4862 vereor
3582 4803 3787 4865 dicere,

2218 4909 2314 4965 sed
2343 4908 2517 4962 dicam
2555 4917 2755 4968 tamen,
2810 4917 3024 4967 vereor,
3071 4917 3140 4955 ne
3187 4908 3249 4954 ut
3293 4898 3448 4961 alias,
3497 4896 3577 4950 sic
3627 4893 3789 4947 modo

2222 5002 2361 5054 male
2395 4999 2491 5052 tibi
2551 4995 2897 5051 consuluisse
2950 4993 3069 5061 ipso
3119 4999 3317 5045 eventu
3354 4983 3784 5053 deprehendare.

2223 5092 2376 5146 Tunc
2410 5091 2577 5160 igitur
2616 5098 2671 5142 et
2697 5086 2807 5140 Deo
2848 5085 2900 5138 in
2952 5082 3160 5153 primis,
3212 5088 3266 5134 et
3307 5078 3393 5133 his
3444 5073 3795 5131 amicissimis

2224 5181 2361 5234 meis
2390 5176 2795 5248 adjuvantibus,
2829 5172 2985 5241 152
3018 5170 3199 5224 multis
3228 5165 3524 5222 sudoribus
3550 5178 3615 5217 ac
3641 5161 3786 5215 labo-

2224 5271 2398 5330 ribus,
2430 5284 2537 5321 non
2565 5267 2709 5336 quod
2751 5275 2808 5317 tu
2849 5263 3149 5328 singulare,
3194 5269 3251 5313 et
3290 5257 3356 5311 ad
3396 5251 3791 5326 perﬁciendum

2228 5358 2606 5413 ditiicillimum
2645 5369 2782 5422 opus
2807 5353 3176 5411 cxistimuhas,
3213 5347 3307 5402 sed
3348 5344 3493 5418 quod
3544 5343 3598 5396 in
3648 5340 3795 5410 cogi-

1782 5496 1998 5560 Jacobi
2034 5498 2297 5558 Pontani
2334 5504 2520 5556 noue.

634 5620 743 5692 (9|)
788 5622 977 5690 Magno
1015 5623 1348 5697 domestica,
1403 5635 1460 5682 et
1511 5631 1933 5697 protostratore.
1999 5620 2132 5676 \‘ide
2175 5637 2336 5693 supra
2399 5636 2517 5690 cap.
2569 5619 2659 5673 52.
2702 5616 2806 5673 Sed
2858 5630 2951 5670 eos
3008 5620 3228 5683 propter
3273 5606 3534 5664 invidiam
3569 5619 3669 5661 avo
3697 5615 3799 5660 tto-

558 5689 770 5747 minare
794 5689 903 5746 non
924 5694 1111 5753 audet.
