4136 6288
485 394 588 458 ιιι-1
1671 393 2077 458 HISTORIA?

2183 394 2219 454 ll
2259 394 2490 453 LIBER
2532 394 2578 453 Ι.
3068 433 3092 454 .
3650 390 3754 453 338

485 504 580 562 οἶν
617 507 820 578 ἡμέραι
862 487 1157 579 παρῆλθον,
1191 509 1284 564 καὶ
1316 512 1412 580 τῆς
1463 509 1762 580 πρεσϐείας
1808 511 1966 578 λόγος
1994 502 2061 576 ἦν

2183 506 2514 567 :ﬂluxerant.
2541 505 2691 560 nulla
2725 505 2948 560 interim
2971 503 3263 574 legationis
3287 504 3566 562 mentione
3589 507 3763 571 facta,

487 601 685 663 οὐδείς.
725 599 1052 670 Ἀχθόμενος
1097 599 1154 653 δὲ
1189 600 1216 653 δ
1277 601 1640 672 πατριάρχης
1690 603 1785 654 ἐπὶ
1839 604 1907 672 τῇ
1969 599 2062 653 τοῦ

2183 621 2293 660 :um
2334 599 2647 674 patriarcha
2683 597 2832 652 diem
2861 595 3102 666 proferri
3135 612 3282 667 aegre
3318 596 3525 662 ferens,
3556 599 3748 654 admo-

488 691 682 763 χρόνου
710 691 1041 762 παρατάσει,
1079 694 1363 763 μεμήνυκε
1398 693 1537 764 πρὸς
1568 692 1813 764 βασιλέα,
1857 693 1932 755 ὡς
1969 691 2068 758 ’Ἐξ

2183 703 2279 761 iet,
2318 694 2465 748 diem
2489 688 2833 757 sextumiam
2858 688 3214 757 prateriisse,
3243 704 3347 744 nec
3375 691 3556 746 adhuc
3590 693 3753 761 quid-

492 787 717 856 ὴμερῶν
738 785 1154 858 παρελθουσῶν,
1183 786 1334 840 οὐδὲν
1369 788 1520 857 παρὰ
1543 786 1656 840 τῶν
1683 788 1822 856 πρὸς
1843 785 2069 856 βασιλέα

2183 800 2336 856 iuam
2387 783 2454 837 ab
2493 781 2771 852 episcopis
2820 779 2888 834 ad
2924 788 3182 850 nepotem
3221 780 3405 834 missis
3435 797 3560 835 eum
3593 783 3750 838 audi-

493 877 586 931 τδν
607 877 832 946 ἔγγονον
861 878 953 930 τὸν
981 878 1073 930 σὶν
1101 878 1536 948 ἀπεσταλμένων
1575 879 1881 949 ἀρχιερέιιιν
1934 876 2070 930 έπύ-

2183 878 2341 932 risse.
2370 860 2645 944 Opor'tere
2686 873 2878 943 igitur,
2909 872 3133 941 quando
3157 873 3292 927 satis
3322 873 3414 927 diu
3448 874 3757 930 deliberas-

495 966 608 1020 θου.
637 970 770 1020 Δέον
793 963 908 1033 οὖν,
946 968 1072 1021 ἐπεὶ
1102 973 1194 1021 καὶ
1216 971 1244 1021 ό
1271 969 1461 1040 χρόνος
1487 967 1624 1037 πρὸς
1647 965 1932 1036 διάσκεψιν
1954 968 2072 1020 ἱκαρ-

2183 977 2279 1033 ιει,
2337 966 2531 1020 audire
2561 963 2696 1034 quid
2735 965 3009 1018 dicerent.
3041 963 3338 1018 Facturum
3373 979 3433 1019 se
3458 965 3755 1034 promittit.

485 1039 603 1119 ’νδς.
649 1057 917 1110 πυθέσθαι
941 1058 1174 1111 αὐτῶνδ
1205 1076 1256 1112 τι
1294 1039 1565 1124 λέγουσιν.
1601 1057 1662 1112 ⁸0
1693 1058 1750 1110 δὲ
1803 1060 2069 1129 ἐπηγγεί-

494 1151 623 1202 λατο
655 1151 924 1220 πτιήσειν.
955 1151 1045 1213 Ὠς
1093 1151 1138 1204 δ’
1177 1150 1361 1220 ιτεραι
1406 1149 1666 1204 τοσαῦται
1695 1150 2075 1221 διεληλύθασιν

495 1242 725 1311 ἡμέραι,
762 1241 859 1295 καὶ
893 1242 1051 1309 λόγος
1077 1242 1254 1306 οὐδεὶς
1275 1241 1488 1311 ἐγίνετο
1505 1242 1712 1308 αὐτῶν,
1740 1243 1905 1296 πάλιν
1930 1245 2072 1312 πέμ-

499 1333 604 1404 ψας
647 1334 676 1385 ὁ
738 1334 1110 1404 πατριάρχης,
1164 1335 1336 1387 ἐδεῖτο
1371 1333 1467 1386 τοῦ
1529 1333 1796 1404 βασιλέως
1821 1336 1896 1406 μὴ
1930 1334 2076 1389 οὕτω

497 1424 782 1495 τρίϐεσθαι
828 1425 920 1477 τὸν
961 1426 1184 1497 καιρόν·
1225 1425 1363 1479 ἀλλὰ
1403 1427 1495 1479 τόν
1539 1444 1599 1480 τε
1645 1427 2076 1498 ἀρχιεπίσκοπον

501 1515 1017 1586 μετακαλεσάμενον
1048 1517 1293 1580 καὶτοὺς
1332 1518 1524 1582 ἄλλους
1555 1521 1835 1590 ἀρχιερεῖς
1872 1523 1900 1574 ὅ
1931 1539 1986 1575 τι
2017 1539 2078 1576 τε

498 1612 526 1661 ὀ
547 1611 768 1677 ἔγγονος
784 1608 1134 1678 ἀπολογεῖται
1151 1610 1405 1676 ἀκοῦσαι,
1430 1614 1523 1664 καὶ
1546 1613 1707 1665 αὐτὸν
1737 1614 2080 1682 σκεψάμενον

499 1701 558 1765 ἐξ
582 1703 762 1754 αὐτῶν
785 1701 856 1754 τὰ
900 1701 1286 1756 λυσιτελοῦντα
1328 1703 1602 1773 Ρωμαῖοις
1627 1708 1818 1759 ποιεῖν.
1838 1705 1896 1758 Ὀ
1930 1706 2082 1777 βασι-

499 1795 625 1856 λεὺς
654 1793 711 1847 δὲ
737 1793 1096 1863 ἀπεκρίνατο,
1121 1796 1314 1865 μηδενὶ
1333 1797 1498 1849 αὐτὸν
1521 1795 1721 1860 ἐξεῖναι
1753 1799 1846 1851 ἀνε
1858 1801 2075 1871 ρευνᾷν,

498 1885 644 1946 ὅπως
681 1884 750 1938 τὰ
776 1886 899 1938 κατ’
933 1881 1085 1938 οἶκον
1120 1888 1426 1957 πράγματα
1466 1887 1738 1957 διεξάγει·
1774 1891 1921 1961 αὐτῷ
1963 1894 2071 1964 γὰρ

503 1976 759 2045 μελήσειν
783 1978 943 2030 ὁπότε
975 1978 1070 2031 καὶ
1098 1979 1246 2040 ὅπως
1279 1980 1418 2032 αὐτὰ
1452 1981 1562 2034 δέοι
1605 1983 2076 2053 οίκονομεῖν.,Αύ-

498 2070 588 2122 τὸν
620 2067 677 2121 δὲ
706 2070 1058 2141 πατριάρχην
1102 2070 1250 2135 ὄντα,
1292 2073 1402 2126 τῶν
1433 2075 1914 2142 ὲκκλησιαστικῶν
1960 2079 2076 2132 ὲκέ·

498 2163 653 2215 λευεν
691 2162 912 2232 ἔχεσθαι
952 2165 1286 2234 φροντίδων,
1335 2165 1446 2219 τῶν
1497 2168 1693 2221 κοινῶν
1730 2169 1787 2222 δὲ
1843 2172 1941 2225 καὶ⁵
1967 2172 2076 2225 τῶν

505 2251 800 2321 βασιλικῶν
856 2254 1162 2324 ἀπέχεσθαι
1209 2256 1577 2326 πραγμάτων.
1609 2259 1849 2313 Τοιαῦτα
1917 2261 2017 2331 μὲν
2049 2264 2078 2315 ό

506 2338 761 2408 βασιλεὺς
825 2341 1068 2412 εἴρηκεν,
1103 2343 1350 2413 οἰόμενος
1393 2345 1485 2398 τὸν
1528 2350 1877 2420 πατριάρχην
1909 2369 2079 2406 κατα-

505 2429 785 2499 πτήξαντα
813 2431 939 2494 τοὺς
979 2431 1194 2499 λόγους,
1243 2435 1447 2500 μᾶλλον
1489 2437 1555 2491 ἂν
1596 2439 1950 2495 ἀσπάσασθαι
1979 2444 2078 2514 τὴν

506 2521 738 2590 σιωπήν.
757 2520 818 2572 Ὀ
850 2521 942 2585 δι;
970 2523 1051 2586 εἰς
1078 2526 1179 2593 τὴν
1207 2525 1504 2594 ὑστεραίαν
1538 2529 1766 2583 τοιαῦτα
1800 2534 1892 2586 καὶ
1916 2534 2079 2599 αὐτὸς

507 2611 789 2680 μεμήνυκε
824 2612 962 2682 πρὸς
1004 2612 1264 2682 βασιλέα·
1299 2616 1576 2684 Κράτιστε
1626 2619 1878 2689 βασιλεῦ,
1913 2623 1972 2676 τὸ
2009 2625 2079 2679 τὰ

501 2703 691 2756 δέοντα
729 2708 1018 2776 παραινεῖν
1055 2706 1152 2759 καὶ
1179 2709 1576 2778 συμϐουλεύειν
1621 2713 1716 2765 καὶ
1761 2712 1840 2767 ἔτι
1870 2731 2078 2786 προσα-

503 2795 802 2861 ναγκάζειν
842 2797 1129 2868 πράττειν,
1159 2799 1277 2852 οὗθ’
1334 2800 1478 2853 ἑκὼν
1514 2805 1831 2874 προήσομαι
1889 2806 2076 2875 αὺτδς,

503 2887 618 2940 οὔτ’
642 2887 813 2955 ἄκων,
859 2889 969 2942 δέει
994 2889 1243 2959 ληφθείς.
1281 2893 1341 2945 El
1370 2893 1416 2946 δ’
1458 2895 1620 2958 αὐτὸς
1648 2898 1875 2970 τοιαύτῃ
1905 2900 2079 2970 συζῆν

504 2980 605 3050 ἐμὲ
635 2972 1038 3054 ἀπραγμοσύνῃ
1079 2985 1269 3049 ἀξιοῖς,
1296 2984 1436 3038 ὥστε
1473 2987 1550 3058 μὴ
1578 2981 1914 3057 φθέγγεσθαι
1951 2993 2079 3063 μήτ’

503 3072 722 3127 ἀκούειν
756 3074 893 3144 μήτε
913 3075 1068 3145 όρᾷν,
1101 3075 1266 3146 ἐχρῆν
1297 3077 1428 3146 πρὶν
1449 3079 1545 3147 τῆς
1591 3079 1920 3152 Ἐκκλησίας
1948 3102 2080 3154 προ-

2173 1058 2426 1114 Totidem
2459 1057 2654 1112 diebus
2687 1056 2914 1125 elapsis,
2963 1070 3186 1110 rursum
3223 1055 3392 1111 mittit
3419 1058 3756 1126 patriarcha,

2178 1166 2378 1222 rogans
2441 1164 2513 1204 ne
2562 1149 2639 1202 ita
2687 1155 3135 1217 tempustcreret
3167 1164 3182 1200 :
3216 1147 3312 1202 sed
3347 1147 3760 1216 archiepiscopo

2140 1242 2228 1299 'et
2272 1243 2548 1312 episcopis
2573 1240 2878 1300 accersitis,
2910 1254 3020 1308 quo
3050 1248 3210 1308 pacto
3245 1253 3304 1294 se
3339 1254 3513 1308 nepos
3551 1240 3759 1296 defen-

2176 1335 2377 1398 disset,’
2415 1341 2794 1403 cognosceret,
2840 1331 3078 1400 indeque
3111 1330 3323 1384 videret
3365 1331 3496 1400 quid
3533 1332 3588 1386 in
3644 1347 3759 1387 rem

2178 1429 2480 1482 Romanam
2541 1434 2708 1479 esset.
2767 1423 3105 1492 Resiiondet,
3159 1423 3293 1476 nulli
3345 1439 3536 1478 eorum
3592 1424 3777 1480 licere

2179 1517 2460 1588 inquirere
2534 1532 2772 1587 quonam
2831 1517 2995 1570 modo
3036 1516 3154 1585 ipse
3192 1516 3418 1570 domum
3455 1532 3634 1577 suam,
3663 1532 3760 1572 seu

2179 1623 2267 1663 res
2313 1608 2642 1662 domesticas
2695 1607 3054 1672 moderetur;
3093 1605 3198 1660 sibi
3253 1607 3400 1661 enim
3434 1622 3582 1662 cura:
3617 1607 3761 1672 fore,

2180 1699 2426 1770 quando,
2469 1715 2649 1769 quave
2700 1699 2918 1752 ratione
2966 1700 3086 1752 illas
3120 1699 3475 1753 administrct
3505 1714 3520 1753 :
3555 1700 3761 1768 ipsum,

2185 1803 2245 1848 ut
2288 1793 2686 1866 patriarcham,
2718 1793 3132 1848 ecclesiasticas
3179 1808 3342 1847 curas
3375 1808 3620 1856 versare.
3649 1803 3704 1847 et
3731 1805 3764 1846 a

2180 1885 2426 1956 politicis
2473 1885 2988 1955 imperatorumque
3035 1884 3274 1954 negotiis
3326 1883 3612 1938 abstinere
3663 1884 3764 1939 dc-

2182 1978 2336 2033 bere.
2378 1977 2533 2032 Talia
2585 1975 2934 2030 denuntiavit
2983 1975 3309 2044 imperator,
3343 1974 3490 2044 quod
3529 1975 3764 2046 patriar—
3838 2041 3840 2044 ν

2182 2068 2340 2122 cham
2372 2082 2436 2121 ea
2467 2066 2888 2120 denuntiatione
2927 2065 3302 2130 torrefactum,
3331 2065 3596 2122 libentius
3631 2067 3765 2122 taci-

2185 2168 2370 2213 turum
2399 2159 2706 2213 confideret
2731 2197 2745 2220 ,
2776 2158 2870 2228 qui
2900 2158 3152 2227 sequenti
3189 2159 3310 2214 luce
3344 2177 3443 2228 per
3472 2161 3762 2214 internun-

2186 2249 2320 2302 tium
2357 2248 2438 2302 sic
2489 2247 2774 2316 respondit
2807 2265 2820 2300 :
2864 2247 3002 2317 Ego,
3035 2249 3341 2318 imperator
3384 2251 3592 2318 optime
3624 2252 3762 2320 (9'2),

2185 2340 2419 2406 hortari,
2438 2342 2689 2404 suadere,
2709 2348 2763 2393 et
2780 2355 2973 2410 cogere
2992 2340 3218 2410 insuper
3235 2341 3301 2411 ad
3321 2340 3562 2397 cilicium
3585 2360 3764 2410 neque

2183 2434 2393 2496 volens,
2435 2448 2614 2502 neque
2649 2431 2859 2486 invitus
2890 2432 3172 2502 (nimirum
3207 2435 3251 2487 si
3295 2435 3761 2504 comprehendar)

2184 2525 2617 2596 praetermittam.
2654 2523 2811 2591 Quod
2848 2525 2894 2579 si
2940 2531 2994 2580 td
3041 2525 3096 2578 in
3126 2525 3219 2580 tali
3249 2525 3364 2580 otio
3391 2526 3525 2580 mihi
3558 2526 3762 2596 degen-

2184 2619 2315 2672 dum
2368 2617 2634 2686 opinare,
2683 2627 2745 2671 ut
2787 2632 2890 2671 nec
2938 2618 3123 2687 lingua
3169 2626 3313 2682 utar,
3364 2632 3468 2672 nec
3513 2619 3764 2681 auribus,

2184 2726 2289 2766 nec
2334 2710 2529 2777 oculis,
2580 2709 2633 2764 id
2688 2709 2824 2764 mihi
2857 2718 3152 2779 antequam
3181 2709 3439 2765 Ecclesiae
3476 2709 3640 2780 hujus
3670 2725 3768 2763 an-

2188 2802 2340 2856 tistes
2365 2801 2594 2872 legerer,
2621 2800 2939 2871 significare
2967 2801 3230 2856 debuisti.
3259 2801 3317 2856 Si
3347 2812 3462 2857 tum
3494 2816 3595 2872 ego
3624 2815 3768 2872 quo-

2185 2906 2292 2960 que
2336 2890 2409 2958 ,id
2467 2906 2568 2960 pro
2611 2906 2771 2960 aequo
2831 2897 2888 2945 et
2942 2891 3090 2946 bono
3138 2891 3560 2962 probavissem,
3618 2906 3768 2946 nmtc

2187 2998 2412 3038 necesse
2467 2983 2727 3038 haberem
2780 2983 2912 3038 boni
2961 2984 3252 3040 consulere
3307 3003 3319 3039 :
3366 2985 3452 3040 sin
3483 2985 3632 3040 aliud
3665 3001 3765 3055 pa-

2188 3075 2484 3131 triarrham
2531 3075 2731 3130 decere
2764 3075 3126 3146 iudicassem,
3157 3076 3338 3141 alteri,
3371 3078 3460 3131 cui
3493 3079 3620 3134 talis
3653 3079 3766 3134 vita

508 3165 710 3234 στάτην
763 3165 1156 3236 προϐαλέσθαι,
1217 3169 1431 3222 εἰπεῖν’
1484 3170 1589 3224 κᾶν
1627 3172 1726 3242 μὲν
1783 3175 1878 3228 καὶ
1928 3176 2077 3247 αύτῷ

2187 3168 2466 3238 proposita
2532 3166 2754 3231 fuisset,
2805 3167 3064 3222 thronum
3128 3169 3444 3231 cessissem,
3493 3169 3766 3236 Quoniam

511 3275 602 3329 μοι
626 3260 720 3313 καὶ
747 3259 936 3314 δίκαια
963 3260 1137 3315 ταύτὰ
1156 3263 1247 3315 καὶ
1275 3264 1655 3320 λυσιτελοῦντα
1685 3267 1880 3337 ἐδόκει,
1921 3271 2080 3342 στέρ-

504 3369 627 3419 γειν
650 3349 718 3424 ἦν
746 3354 959 3424 ἀνάγκη
986 3353 1117 3408 νῦν⁶
1182 3355 1247 3410 ἂν
1277 3357 1323 3410 δ’
1383 3358 1548 3428 ἕτερα
1587 3361 1837 3431 ἐνόμιζον
1876 3366 2084 3436 προσήο

505 3461 625 3497 κειν
654 3445 995 3516 πατριάρχῃ,
1031 3445 1392 3517 παρεχώρουν
1421 3449 1485 3502 ἂν
1514 3449 1687 3520 ἑτέρῳ
1716 3451 1826 3504 τῶν
1849 3452 2076 3521 θρόνων,

505 3535 648 3588 οῦτω
694 3535 794 3606 ζῇν
829 3540 1224 3609 προῃρημένῳ.
1264 3539 1420 3591 Ἐπεὶ
1475 3539 1532 3593 δὲ
1588 3541 1724 3594 Θεοῦ
1787 3543 1972 3612 χάριτι
2015 3544 2076 3597 οὐ

503 3625 613 3676 τῶν
640 3625 816 3694 ὀρθῶν
864 3626 963 3694 τῆς
1006 3625 1334 3697 Ἐκκλησίας
1371 3629 1662 3699 δογμάτων
1695 3632 2080 3705 προϐέϐλημαι

507 3719 688 3788 μόνον,
723 3717 856 3770 ἀλλὰ
893 3717 988 3771 καὶ
1033 3719 1140 3771 τῶν
1175 3721 1552 3790 ἀδικουμένων
1599 3724 1927 3792 προΐσταθαι
1984 3727 2080 3779 καὶ

507 3811 846 3881 ὑπερμαχεῖν
878 3811 1126 3880 ἀνάγκην
1154 3813 1282 3880 ἔχω.
1320 3816 1431 3874 τοῖς
1463 3816 1672 3868 ἀδικεῖν
1701 3817 1946 3873 ἐθέλουσι
1982 3821 2077 3872 καὶ

506 3902 851 3954 πλεονεκτεῖν
879 3903 938 3954 οὐ
971 3901 1254 3971 παύσομαι
1279 3905 1678 3974 διαφερόμενος
1722 3910 1817 3961 καὶ
1867 3912 2078 3964 ἀντιλέ-

509 4007 642 4059 γων,
671 3993 736 4044 ἄν
777 4009 837 4045 τε
871 3993 980 4045 τῶν
1030 3993 1382 4062 φαυλοτάτων
1409 3997 1553 4052 τινὲς
1585 3991 1740 4062 ὦσιν,
1777 4001 1841 4056 ἄν
1872 4017 1932 4053 τε
1968 4003 2077 4056 τῶν

506 4084 919 4156 ύπερ>.ἁμπρων
945 4086 1036 4138 καί
1057 4087 1135 4148 εἰς
1162 4087 1294 4138 αὐτὸ
1329 4085 1391 4139 τὸ
1421 4088 1724 4158 ἀκρότατον
1754 4093 2076 4162 ἀφιγμένων

502 4179 601 4248 τῆς
631 4177 909 4246 εὐτυχίας,
956 4177 1051 4228 καὶ
1092 4177 1296 4247 μᾶλλον
1331 4180 1468 4246 πρὸς
1507 4182 1779 4248 ἐκείνους,
1814 4187 1925 4257 ὅσῳ
1976 4191 2075 4242 καὶ

503 4272 572 4322 τὰ
601 4269 919 4337 ἀδικήματα
949 4267 1144 4336 μείζω,
1189 4272 1284 4323 καὶ
1328 4272 1466 4342 πρὸς
1501 4273 1757 4337 πλείονας
1804 4275 2074 4345 ἐξάγοντα

505 4361 604 4433 τὴν
659 4360 884 4430 βλάϐην.
923 4360 984 4413 El
1023 4359 1134 4430 γὰρ
1181 4361 1472 4432 μέλλοιμεν
1515 4367 1641 4428 ’τοῖς
1703 4366 1801 4436 μὲν
1857 4376 2078 4442 μικροῖς

510 4453 683 4524 μικρά
718 4470 840 4506 τινα
885 4453 1136 4506 ἀδικοῦσι
1191 4456 1352 4534 μόνον
1390 4455 1646 4523 ἐγκαλεῖν
1683 4461 1776 4512 καὶ
1825 4461 1926 4531 τὴν
1952 4464 2075 4517 ἀδι-

2189 3271 2372 3316 autcm
2426 3260 2612 3314 divino
2665 3273 2893 3314 munere
2945 3275 3055 3314 non
3099 3261 3277 3315 solum
3322 3277 3636 3332 germanam
3662 3265 3767 3320 Ec-
3807 3285 3818 3296 ε

2189 3353 2370 3407 clesiae
2401 3351 2710 3406 doctrinam
2739 3351 3001 3420 defendo,
3037 3354 3131 3408 sed
3171 3355 3338 3410 etiam
3368 3356 3623 3424 iniuriam
3647 3373 3772 3425 pas-

2191 3445 2268 3498 sis
2323 3444 2679 3514 patrocinari,
2721 3458 3025 3514 eorumque
3057 3448 3284 3502 tutelam
3336 3463 3531 3518 gerere
3568 3449 3767 3516 debeo,

2188 3532 2469 3590 adversari
2543 3545 2600 3591 et
2643 3537 3029 3593 contradicere
3083 3537 3187 3599 his.
3221 3555 3331 3594 non
3383 3541 3635 3607 cessabo,
3672 3544 3766 3614 qui

2188 3629 2402 3684 deserta
2445 3631 2723 3699 aequitate,
2779 3629 2903 3700 plus
2953 3631 3126 3686 nimio
3159 3632 3264 3688 sibi
3303 3643 3603 3705 arrogant,
3651 3634 3768 3690 sive

2190 3721 2262 3776 illi
2294 3721 2490 3783 infimi,
2528 3722 2645 3777 sive
2685 3720 2844 3794 154
2872 3724 3074 3778 summi
3123 3724 3336 3780 ordinis
3368 3734 3425 3780 et
3459 3725 3767 3781 beatissimi

2187 3814 2416 3869 fuerint.
2469 3814 2651 3884 Atque
2695 3814 2814 3869 istis
2857 3814 3082 3885 quidem
3113 3815 3526 3877 vehementius.
3559 3827 3766 3884 quanto

2187 3907 2448 3963 videlicet
2485 3922 2678 3962 eorum
2731 3907 2947 3977 injuriae
2992 3909 3249 3978 majores,
3297 3917 3354 3962 et
3388 3908 3642 3977 pluribus
3672 3910 3770 3965 de-

2191 4000 2528 4053 trimentosae
2564 4007 2714 4052 sunt.
2760 3999 2818 4052 Si
2860 3999 3008 4054 enim
3051 4001 3320 4053 obscuros
3381 4001 3767 4057 tantummodo

2188 4100 2242 4146 et
2287 4090 2497 4144 modice
2543 4089 2837 4159 injuriosos
2870 4090 2926 4144 in
2965 4090 3056 4159 jus
3081 4087 3425 4156 vocabimus,
3456 4099 3513 4146 et
3551 4092 3769 4162 injusti-

2194 4183 2320 4236 tiam
2349 4179 2458 4235 illis
2482 4179 2960 4248 exprobrabimus,
2995 4179 3289 4234 adversum
3313 4196 3558 4236 summos
3581 4195 3767 4237 autem

2192 4287 2404 4329 summe
2451 4280 2737 4336 nocentes,
2777 4287 2974 4325 eorum
3024 4271 3374 4341 splendorem
3415 4272 3768 4330 dignitatem-

2189 4383 2294 4437 que
2319 4365 2566 4430 reveriti,
2603 4364 2802 4418 mutire
2830 4379 2937 4418 non
2972 4363 3322 4430 audebimus,
3359 4357 3554 4418 nihila
3592 4365 3770 4418 medi-

2191 4462 2271 4517 cis
2321 4460 2662 4522 dilIcremus,
2708 4457 2803 4527 qui
2843 4457 2899 4510 in
2945 4456 3160 4525 capillis
3189 4465 3247 4508 et
3296 4455 3572 4525 unguibus
3601 4472 3761 4511 occu-

509 4547 632 4598 κίαν
661 4546 964 4608 ὀνειδίζειν,
1005 4547 1142 4616 πρὸς
1173 4547 1228 4598 δὲ
1258 4548 1386 4610 τοὺς
1420 4551 1713 4617 μεγίστους
1743 4553 1840 4607 καὶ
1863 4554 1932 4608 τὰ
1981 4559 2077 4627 μέ-

2183 4552 2331 4623 pati,
2369 4566 2522 4605 suam
2573 4549 2646 4604 ibi
2700 4548 2988 4603 scientiam
3027 4555 3328 4603 ostentant.
3371 4549 3468 4603 Sin
3540 4549 3766 4605 morbus

506 4654 668 4706 γιστα
700 4637 1041 4705 βλάπτοντας
1070 4638 1287 4701 ἑκόντες
1311 4638 1463 4701 ὄντες
1495 4639 1581 4692 διὰ
1612 4640 1672 4693 τὸ
1702 4642 1919 4713 ἀξίωμα
1958 4663 2077 4700 σιω-

2183 4645 2499 4712 arripuerit,
2530 4637 2625 4711 qui
2658 4650 2833 4694 totum
2861 4639 3068 4694 animal
3094 4639 3312 4708 perdat,
3355 4641 3406 4694 ei
3436 4640 3765 4708 depellenda

509 4734 617 4784 πᾶν
669 4733 763 4785 καὶ
830 4730 964 4800 μηδὲ
1017 4729 1244 4801 γρύζειν
1301 4731 1532 4802 τολμᾷν,
1591 4732 1745 4786 οὐδὲν
1803 4735 2077 4808 διοίσομεν

2183 4735 2322 4789 nihil
2364 4735 2602 4794 facmnt;
2649 4731 2769 4797 sed,
2797 4731 2844 4784 si
2878 4746 2984 4784 una
3015 4745 3142 4784 cum
3178 4730 3302 4793 aliis
3332 4731 3608 4795 sedentes,
3643 4731 3766 4801 eius

509 4826 712 4894 ἰατρῶν
741 4823 850 4877 τῶν
883 4824 1012 4893 περὶ
1041 4823 1233 4894 τρίχας
1267 4823 1366 4892 μὲν
1402 4823 1496 4876 καὶ
1536 4824 1736 4895 ὄνυχας
1776 4827 2077 4899 ὴσχολημέ.

2185 4828 2470 4883 interitum
2501 4824 2794 4894 aspiciant,
2829 4822 3080 4876 suﬂlcere
3112 4822 3480 4877 arbitrantur.
3508 4823 3621 4878 Nec
3650 4839 3761 4877 tne-

506 4937 629 4982 νων,
662 4919 756 4971 καὶ
785 4920 882 4988 τὴν
923 4918 1122 4986 τέχνην
1153 4919 1210 4968 ὲν
1236 4917 1425 4978 αὐτοῖς
1458 4915 1954 4987 ἐπιδεικνυμένων,
1989 4923 2077 4975 ἐὰν

2185 4919 2448 4974 diocriter
2487 4915 2681 4978 miror,
2726 4913 2858 4967 dum
2898 4915 3183 4978 recordor,
3210 4914 3441 4984 iussisse
3471 4923 3544 4980 te,
3579 4922 3639 4966 ut
3675 4929 3764 4968 res

505 5011 564 5063 δέ
590 5027 644 5062 τι
672 5009 885 5079 νόσημα
907 5009 1244 5081 παρεμπέσῃ
1273 5009 1350 5080 τῷ
1375 5008 1500 5081 ζώιρ
1526 5010 1925 5082 λυμαινόμενον
1956 5016 2077 5084 ὅλῳ1

2183 5009 2437 5067 Ecclesize
2481 5021 2703 5072 curem,
2759 5007 2977 5076 illisiine
3019 5005 3152 5062 solis
3194 5021 3402 5072 vacem,
3483 5015 3536 5059 te
3563 5020 3665 5074 pro
3699 5005 3766 5060 li-

505 5104 699 5157 τούτου
745 5103 802 5156 δὲ
866 5101 1141 5173 μηδεμίαν
1199 5103 1464 5169 πρόνοιαν
1527 5109 1910 5176 ποιουμένων,
1969 5107 2077 5161 axx

2183 5098 2369 5154 bidine
2422 5096 2718 5166 imperium
2768 5111 2958 5165 regere
3008 5096 3206 5148 sinam.
3238 5094 3431 5149 Simile
3453 5094 3600 5148 enim
3637 5107 3759 5160 est,

504 5197 826 5266 ἡγουμένων
860 5195 1052 5264 ἀρκεῖν
1093 5194 1208 5262 εἴγε
1259 5195 1356 5249 καὶ
1390 5197 1543 5248 αὐτοὶ
1591 5197 1895 5268 καθήμενοι
1945 5200 2077 5269 μετὰ

2183 5203 2244 5249 ut
2279 5192 2326 5248 si
2355 5207 2557 5263 corpus
2588 5193 2784 5246 animae
2808 5191 3018 5245 diceret
3047 5209 3060 5244 :
3111 5191 3512 5244 Connnunione
3543 5199 3600 5244 ct
3627 5204 3762 5245 con-

503 5287 612 5340 τῶν
647 5285 826 5338 ἄλλων
856 5286 1235 5356 ἀπολλύμενον
1287 5286 1483 5356 ὁρῷεν.
1521 5287 1667 5356 Ἐγὼ
1699 5289 1754 5342 δὲ
1806 5293 1898 5344 καὶ
1941 5295 2077 5347 πάνυ

2183 5288 2461 5359 iunctione
2505 5295 2595 5339 tua
2631 5299 2744 5348 non
2792 5282 3029 5352 indigeo,
3077 5298 3255 5352 neque
3299 5282 3355 5335 in
3389 5281 3556 5336 rebus
3585 5296 3750 5351 agun-

506 5379 778 5448 θαυμάζω
811 5382 1161 5449 μεμνημένος
1185 5379 1260 5443 ὡς
1287 5381 1588 5441 ἐκέλευσας
1618 5381 1718 5450 ἐμὲ
1752 5384 1854 5451 μὲν
1883 5385 1953 5437 τόι
1984 5388 2085 5456 τῆς

516 5475 849 5546 Ἐκκλησίας
905 5474 1162 5544 πράττειν
1219 5473 1475 5545 καὶπερὶ
1530 5474 1672 5528 αὐτὰ
1734 5476 2077 5548 ὴσχαλῆσθαι

2180 5383 2262 5438 dis
2315 5377 2696 5434 administram
2767 5385 2822 5430 et
2869 5375 3192 5445 adiutricem
3244 5374 3512 5437 sustineo,
3567 5378 3758 5431 verum

2178 5494 2276 5549 per
2329 5487 2438 5537 me,
2491 5480 2552 5524 ut
2603 5476 2796 5539 potero
2840 5476 2897 5522 et
2940 5467 3188 5533 voluero,
3231 5466 3449 5536 negotia
3481 5480 3606 5521 mea
3635 5483 3760 5537 pro-

1735 5599 1951 5661 Jacobi
1995 5599 2257 5664 Pontaui
2295 5601 2481 5658 notua.

575 5700 687 5769 {92)
723 5699 910 5755 Oratio
975 5697 1300 5768 patriarcha:
1355 5697 1626 5769 libertatis
1685 5699 2072 5754 ecclesiasticae

502 5768 821 5838 plenissima
870 5779 977 5828 est,
1037 5769 1282 5836 mitique
1335 5768 1480 5820 illam
1511 5769 1622 5822 divi
1658 5769 1931 5822 Ambrosii
1974 5771 2071 5822 azi-

504 5838 1093 5895 tersus'l‘hcodosium
1145 5839 1455 5892 libertatem
1511 5839 1565 5891 in
1617 5847 1853 5893 mentem
1917 5855 2071 5893 revo-

2179 5707 2287 5761 cat,
2339 5709 2447 5764 qua
2494 5693 2658 5764 illum
2709 5700 2789 5746 tot
2837 5687 3077 5764 caedibus
3150 5687 3554 5764 innocentium
3613 5691 3757 5761 apud

2181 5759 2628 5821 Thessalonicam
2661 5761 3120 5831 contaminatum,
3168 5759 3322 5813 aditu
3373 5761 3557 5831 templi
3593 5759 3758 5818 ausus

2183 5847 2267 5894 cst
2299 5834 2612 5900 prohibere.
2646 5832 2969 5902 Nicephurq
3006 5830 3100 5885 lib.
3135 5845 3228 5896 xu,
3251 5847 3369 5902 cap.
3399 5832 3486 5889 41.
