4136 6288
391 383 497 447 339
1080 424 1095 437 .
1569 375 1894 437 JOANNIS
1931 371 2462 433 CANTACUZENI
3519 364 3625 427 3m

389 492 628 556 curabo;
671 499 726 545 tu
776 488 872 545 tibi
908 496 996 543 tua
1043 493 1255 546 curato.
1300 482 1566 540 Omnibus
1602 482 1785 556 itaque
1824 496 1952 551 pec-
1987 505 1998 541 λ

2102 481 2220 538 ὀνα.
2251 481 2309 533 σὲ
2342 479 2399 532 δὲ
2433 477 2526 547 ὲᾷν
2560 475 2703 549 ὅπως
2733 473 2798 528 ἂν
2819 473 2950 544 δοκῇ
2976 472 3042 526 τὰ
3064 469 3163 540 τῆς
3188 468 3469 540 βασιλείας
3497 472 3629 524 διοι-

393 583 648 640 cantibus
720 593 1013 636 commune
1060 565 1364 632 remedium
1405 573 1562 628 dolor
1607 554 1683 628 der
1719 573 1958 642 peccatis

2101 574 2195 625 εἰν.
2249 570 2640 643 Παραπλήσιον
2677 567 2785 635 γάρ
2836 567 2986 617 ἐστιν
3037 562 3226 632 ὥσπερ
3252 562 3318 615 ἂν
3366 563 3504 631 πρὸς
3532 563 3631 632 τὴν

395 673 789 744 praescribitur,
824 671 939 725 sive
966 670 1019 723 in
1048 669 1243 729 Deum,
1277 666 1392 720 sive
1431 666 1483 718 in
1511 663 1766 743 bomines
1785 661 1960 717 offen-

2101 662 2237 732 υχὴν
2268 661 2412 714 εἴποι
2441 661 2503 713 τὸ
2535 661 2716 728 σῶμα,
2751 658 2826 711 Οὐ
2860 656 3055 724 δέομαι
3086 655 3187 725 τῆς
3221 654 3509 717 κοινωνίας
3535 658 3631 708 καὶ

339 823 345 827 _
396 743 516 821 sum
570 764 661 818 ait.
712 762 875 831 Atqui
923 774 1085 814 nemo
1128 757 1442 826 resipiscet,
1492 756 1544 807 ui
1588 754 1739 823 prius
1800 753 1959 822 culpa

2101 753 2167 822 ἧς
2217 751 2514 820 συναφείας
2558 749 2661 818 τῆς
2712 750 2830 816 σῇς,
2892 746 3012 799 ούδὲ
3063 743 3331 814 συνεργὸν
3390 743 3526 813 πρὸς
3565 745 3633 796 τὰ

397 857 578 928 agnita
628 830 811 923 seipse
861 848 1197 905 moderatior
1223 846 1486 912 evaserit,
1517 844 1597 897 illi
1636 858 1694 897 se
1724 842 1961 897 submit-

2101 847 2416 925 πραττόμενα
2472 843 2732 915 βούλομαι
2758 841 2926 909 ἔχειν.
2970 837 3111 890 Ἀλλ’
3149 835 3260 904 ἐγὼ
3290 835 3387 904 μὲν
3422 834 3496 898 ὥς
3522 830 3633 888 οἷόν

401 960 545 1008 teus,
592 945 683 1015 qui
732 959 790 997 se
836 942 905 995 ab
947 941 1067 1008 ipso
1098 938 1284 992 laesum
1314 944 1488 1006 putat.
1524 934 1639 988 Hoc
1669 940 1775 996 est,
1814 932 1959 999 quod

2101 934 2176 1012 εῇ
2213 940 2311 992 καὶ
2347 935 2644 1007 βούλωμαι,
2665 932 2927 999 διοικήσω
2952 929 3105 999 τὲμά
3128 946 3142 962 ο
3190 929 3255 982 σὺ
3289 927 3345 980 δὲ
3380 927 3632 997 φρόντιζε

401 1047 654 1106 nepotem
681 1042 835 1086 tuum
869 1038 926 1084 et
958 1029 1110 1099 prius
1142 1028 1264 1097 plus
1291 1040 1472 1094 aequo,
1503 1031 1560 1078 et
1588 1037 1736 1076 nunc
1764 1036 1963 1075 cumuo

2101 1040 2196 1101 περὶ
2231 1030 2339 1083 τῶν
2373 1028 2538 1082 ίδίων.
2574 1026 2714 1078 [ἰᾶσι
2761 1025 2859 1092 μὲν
2894 1021 2989 1076 οὖν
3033 1017 3408 1090 ἁμαρτάνουσι
3442 1016 3634 1084 ὥσπερ

403 1105 666 1183 latissime
700 1123 895 1177 fecisse
934 1128 1170 1177 cenatat.
1214 1116 1346 1171 Nam
1378 1130 1500 1171 cum
1537 1114 1808 1184 potuisset
1835 1120 1967 1167 tunc

2104 1142 2120 1176 ι
2157 1120 2336 1176 κοινὸν
2365 1118 2656 1195 φάρμακον
2684 1115 2749 1168 τὸ
2777 1113 3058 1184 μετανοεῖν
3090 1109 3183 1162 ἐπὶ
3214 1109 3329 1170 τοῖς
3382 1105 3637 1176 πεπλημο

401 1232 586 1290 parem
648 1214 991 1285 principatus
1033 1210 1265 1265 Romani
1317 1215 1527 1278 partem
1590 1204 1688 1259 tibi
1730 1204 1964 1258 ablatam

2101 1213 2394 1283 ιελημένοις
2423 1208 2602 1276 ἐδόθη.
2632 1206 2698 1260 ἄν
2748 1221 2808 1258 τε
2858 1202 2994 1270 πρὸς
3022 1200 3156 1254 Θεὸν
3184 1198 3250 1253 ἄν
3269 1216 3327 1251 τε
3366 1196 3504 1267 πρὸς
3534 1198 3635 1251 ἀνα

402 1288 704 1379 possidere,
748 1315 927 1358 tamen
960 1301 1162 1367 noluit,
1216 1298 1312 1355 sed
1360 1298 1457 1352 tibi
1497 1312 1555 1352 se
1595 1295 1850 1365 subjecit,
1883 1294 1969 1347 id-

2106 1305 2321 1378 ρώπους
2348 1305 2382 1371 ἡ
2423 1298 2766 1379 πλημμέλεια
2885 1295 2999 1347 Ούκ
3033 1292 3099 1346 ἂν
3132 1292 3187 1345 δὲ
3227 1288 3526 1360 μεταγνοίη
3551 1306 3638 1351 τις

404 1377 513 1469 que
570 1413 693 1452 eum
758 1396 902 1450 bello
952 1390 1329 1447 ulciscendum
1378 1388 1516 1442 nihil
1563 1385 1903 1456 peccavisset
1953 1401 1965 1435 :

2172 1393 2247 1464 μὴ
2274 1391 2540 1462 πρότερον
2570 1378 2875 1442 ὑπεύθυνον
2919 1381 3149 1451 νομίσας
3175 1379 3372 1432 ἑαυτὸν
3405 1377 3640 1448 μετριώο

404 1488 663 1559 quodque
712 1494 877 1556 caput
911 1491 1013 1545 est,
1052 1497 1183 1552 pace
1206 1480 1499 1535 conciliata
1528 1476 1595 1531 ad
1636 1485 1687 1528 te
1717 1474 1969 1539 veniens,

407 1583 465 1634 in
498 1594 695 1648 chuo,
751 1589 809 1631 ut
845 1584 985 1637 erat,
1020 1573 1246 1644 propius
1270 1570 1612 1640 adequitare,
1642 1573 1701 1620 ut
1729 1566 1971 1635 impera-

409 1680 556 1724 tores
600 1668 796 1727 solent,
840 1662 1122 1734 pepercit:
1176 1661 1432 1731 pedester
1473 1666 1656 1712 autem
1695 1666 1747 1711 te
1776 1654 1972 1710 adora.

410 1762 508 1824 vit,
538 1772 804 1828 tuumque
833 1758 1052 1824 pedem,
1071 1766 1335 1822 expresso
1360 1747 1720 1818 subiectionis
1744 1746 1968 1810 indicio,

410 1853 686 1907 osculatus
715 1816 834 1903 .est.
874 1848 942 1902 Et
974 1860 1122 1900 nunc
1142 1816 1270 1914 post
1305 1816 1508 1897 bellum
1536 1840 1643 1895 hoc
1671 1837 1970 1893 excitatum
2000 1816 2049 1878 Β

413 1943 602 1996 ιειιιιιῖιι
666 1939 841 2007 sedet,
896 1937 1222 2006 suppliciter
1270 1949 1454 1995 orans,
1499 1947 1568 1985 ne
1605 1944 1794 2001 pacem
1833 1927 1973 1983 velis

355 2058 365 2069 -
412 2034 647 2091 irritam.
685 2031 973 2101 EpiscOpis
1006 2037 1061 2083 ct
1104 2025 1445 2098 primoribus
1469 2024 1567 2078 abs
1593 2031 1643 2077 te
1667 2021 1849 2076 missis
1866 2020 1977 2090 pri-

415 2140 562 2182 mum
595 2123 815 2193 quidem
850 2120 1072 2189 c0piose
1095 2108 1356 2180 ostendit,
1396 2114 1532 2169 nihil
1565 2129 1620 2168 se
1649 2111 1974 2183 injuriarum

413 2214 689 2283 intulisse,
707 2213 836 2282 quin
866 2211 1051 2282 potius
1079 2207 1382 2276 accepisse.
1405 2214 1462 2259 et
1483 2203 1977 2260 obtrectationibus

417 2307 745 2376 exagitatum
770 2303 972 2358 fuisse.‘
994 2300 1197 2356 Deinde
1220 2298 1367 2368 pacis
1389 2295 1779 2351 conservanda:
1805 2294 1978 2347 multa

418 2398 557 2453 dixit
617 2396 857 2465 fecitque
902 2390 1297 2453 memorabilia,
1346 2397 1402 2443 et
1430 2386 1600 2441 multa
1629 2385 1695 2439 ad
1725 2394 1776 2440 te
1805 2383 1984 2453 perfe-

417 2489 592 2547 renda
642 2486 977 2551 commisit;.
1010 2483 1213 2555 Quibus
1256 2480 1483 2544 auditis,
1533 2486 1589 2532 et
1622 2477 1737 2531 Deo
1782 2475 1983 2545 gratias

418 2583 530 2655 egi.
571 2582 664 2651 qui
709 2580 800 2636 tali
837 2592 962 2634 eum
1014 2574 1308 2645 prudentia
1350 2577 1617 2633 ornasset,
1669 2576 1724 2621 et
1759 2567 1826 2621 de
1853 2582 1984 2636 pro-

422 2675 593 2729 bitate
631 2670 886 2727 eumdem
917 2656 1291 2724 commendavi
1328 2679 1343 2718 :
1384 2674 1447 2716 ac
1479 2669 1531 2715 te
1556 2660 1748 2715 iisdem
1782 2658 1984 2713 auditis

424 2767 537 2820 Deo
573 2764 777 2835 gratias
815 2761 992 2832 egisse
1022 2756 1308 2829 epiuabar,
1346 2751 1500 2822 155
1542 2749 1832 2818 missisque
1869 2763 1989 2803 cer-

424 2858 497 2911 tis
530 2853 870 2915 bominibus,
905 2850 1076 2904 lilium
1105 2847 1174 2901 ad
1209 2854 1261 2900 te
1287 2842 1692 2915 quamprimum
1714 2838 1990 2893 adducen-

427 2949 558 3003 dam
594 2944 869 3001 curavisse
893 2981 908 3003 .
948 2940 1091 2999 mala
1127 2934 1469 2991 imminentia
1498 2931 1838 3003 proﬂigasse,
1872 2942 1990 2983 om-

426 3055 528 3094 nes
570 3036 757 3091 laetitia
797 3045 853 3090 et
892 3031 1241 3104 iucunditate
1281 3038 1503 3097 propter
1551 3024 1792 3078 futuram
1842 3021 1990 3075 inter

431 3144 532 3183 vos
571 3124 927 3182 concordiam
961 3106 1346 3192 com'plevisse.
1381 3117 1449 3172 At
1474 3125 1528 3170 tu
1555 3131 1663 3170 non
1697 3113 1860 3167 modo
1888 3112 1991 3165 ho-

432 3232 554 3271 rum
602 3215 739 3269 nihil
781 3210 1082 3284 praestitisti
1138 3226 1153 3277 ;
1213 3208 1309 3264 sed
1345 3208 1571 3277 insuper
1602 3203 1864 3273 frugifera
1908 3215 1994 3256 me

431 3307 809 3363 consulentem
844 3302 1118 3374 repulistt',
1153 3309 1204 3356 et
1241 3310 1439 3362 tacere,
1476 3294 1783 3362 alienisque
1830 3306 1997 3362 nego-

433 3399 528 3455 tiis
576 3414 688 3453 non
737 3396 1045 3452 immiscere
1089 3393 1322 3464 iussisti.
1362 3389 1497 3446 Cum
1533 3397 1713 3442 autem
1754 3384 1998 3439 muneris

433 3505 501 3545 ac
547 3488 710 3544 ofﬁcii
758 3487 862 3542 tnei
897 3487 969 3540 sit
1028 3497 1321 3554 Oppressos
1364 3479 1506 3537 tueri
1550 3488 1714 3548 atque
1734 3476 1998 3548 adjuvare

433 3594 702 3655 quantum
751 3595 970 3651 queam,
1014 3579 1251 3649 idipsum
1301 3592 1402 3647 pro
1448 3585 1650 3643 nepote
1696 3583 1789 3626 tuo
1824 3572 1999 3641 impe-

437 3684 621 3729 ratore
655 3670 949 3742 praestabo,
993 3677 1253 3737 tantoque
1285 3666 1457 3735 magis
1478 3662 1770 3733 praestabo,
1790 3668 1998 3730 quanto

438 3766 538 3820 abs
587 3773 638 3819 te
681 3761 929 3831 iniquius
975 3768 1244 3813 tractatus
1287 3765 1418 3813 est:
1460 3769 1620 3824 quam
1653 3752 1999 3821 iniquitatem

439 3873 550 3911 non
582 3855 673 3909 ille
705 3853 888 3917 modo,
925 3849 1018 3905 sed
1054 3849 1420 3917 Romanorum
1453 3844 1779 3900 universitas
1810 3841 1998 3897 sentit.

439 3948 615 4015 Quem
657 3961 759 4016 ego
808 3942 1012 4012 (minus
1054 3941 1201 3996 istuc
1240 3954 1403 4010 quam
1449 3947 1648 3992 caetera
1689 3934 1855 3989 silere
1882 3947 2005 4003 pos-

441 4039 586 4112 sunt)
622 4048 716 4093 tuo
746 4036 1004 4091 mandato
1039 4034 1202 4104 paulo
1230 4020 1521 4087 ante'meis
1546 4028 1800 4083 manibus
1827 4025 2003 4096 impe-

2071 1487 2231 1558 τερός
2260 1502 2318 1537 τε
2353 1482 2581 1552 γένηται
2604 1476 2818 1542 ἑαυτοῦ,
2840 1477 2935 1529 καὶ
2962 1473 3143 1545 φέρων
3176 1473 3366 1527 ἑαυτὸν
3392 1471 3469 1540 τῷ
3505 1470 3637 1539 παρ’

2075 1580 2242 1636 αὐτοῦ
2274 1574 2519 1631 δοκοῦντι
2539 1570 2835 1643 ἠδικῆσθαι
2859 1566 3176 1637 ὑποχείριον
3205 1564 3430 1637 ποιήσῃ.
3470 1559 3643 1614 Τοῦτο

2073 1671 2255 1727 τοίνυν
2285 1665 2540 1739 βασιλεὺς
2573 1665 2601 1717 ὁ
2638 1664 2728 1724 σὸς
2750 1659 2973 1729 ἔγγονος
3002 1654 3272 1727 πρότερόν
3301 1670 3363 1706 τε
3394 1652 3644 1721 φαίνεται

2074 1761 2328 1831 ποιήσας,
2354 1756 2450 1811 καὶ
2477 1753 2676 1825 μᾶλλον
2700 1750 2733 1821 ἢ
2765 1747 3033 1820 προσῆκε,
3063 1745 3158 1800 καὶ
3178 1744 3273 1798 νῦν
3293 1743 3395 1813 οὐχ
3421 1742 3645 1813 ἥκιστα.

2081 1829 2199 1904 Kal.
2222 1847 2329 1918 γὰρ
2356 1846 2478 1900 τότε
2513 1842 2813 1913 δυνάμενος
2868 1838 3032 1907 εῐπερ
3064 1834 3328 1905 ἠϐούλετο
3379 1832 3480 1901 τῆς
3518 1829 3650 1884 Ῥω-

2085 1943 2261 2013 μαίων
2291 1935 2590 2008 ἡγεμονίας
2643 1933 2744 1986 οὐκ
2791 1929 3013 1983 ἔλαττον
3064 1922 3649 1997 μέρος,παρασπάσας

2083 2010 2249 2101 ἔχειν,
2301 2028 2400 2081 οὐκ
2444 2023 2747 2094 ἠθέλησεν*
2778 2016 2916 2072 ἀλλὰ
2966 2016 3149 2087 φέρων
3181 2010 3377 2067 ἑαυτὸν
3423 2010 3649 2076 ἑπέταξέ

2085 2141 2188 2179 σοι.
2226 2120 2324 2174 καὶ
2350 2121 2524 2171 ταῦτα
2567 2112 2842 2185 μηδεμίαν
2886 2105 3068 2163 αἰτίαν
3108 2106 3246 2175 πρὸς
3283 2106 3377 2158 τὸν
3410 2104 3647 2171 πόλεμον

2084 2216 2292 2270 ἐκεῖνον
2316 2207 2634 2281 παρασχών.
2664 2206 2777 2258 Kal.
2801 2204 2860 2257 τὸ
2891 2205 3165 2273 μέγιστον,
3194 2199 3277 2252 ὅτι
3307 2197 3410 2266 τῆς
3431 2195 3652 2264 είρήνης

2085 2307 2409 2376 γενομένης,
2444 2301 2584 2370 πρὸς
2632 2297 2692 2351 σὲ
2742 2294 2936 2359 ἐλθὼν,
2978 2292 3078 2345 οὐκ
3108 2289 3376 2360 ἠθέλησεν
3418 2284 3653 2376 ἐφιππὸς

2089 2368 2169 2457 σοι
2192 2368 2530 2466 προσελθεῖν,
2568 2386 2757 2456 ὥσπερ
2791 2384 2956 2453 νόμος
2985 2382 3100 2443 τοῖς
3147 2374 3484 2447 βασιλεῦσιν,
3522 2368 3655 2466 ἀλλὰ

2090 2457 2320 2557 πεζῇ-τε
2357 2478 2735 2553 προσεκύνησε
2779 2474 2875 2527 καὶ
2904 2468 3193 2543 ἠσπάσατό
3243 2482 3338 2519 σου
3371 2463 3461 2517 τὸν
3494 2457 3655 2521 πόδα,

2089 2550 2228 2647 ὅπερ
2258 2550 2502 2633 δουλείας
2527 2565 2789 2637 ἀκριϐοῦς
2818 2564 3121 2633 τεκμήριον
3163 2556 3254 2630 ἧν.
3284 2557 3395 2612 Καὶ
3437 2553 3533 2609 νῦν
3562 2550 3656 2605 τοῦ

2092 2669 2327 2739 πολέμου
2363 2663 2682 2732 κινουμένου
2701 2655 2937 2722 τουτουί,
2970 2653 3225 2708 τοσοῦτον
3254 2650 3444 2721 χρόνον
3489 2643 3661 2712 καθή-

2095 2737 2256 2833 μενος
2286 2756 2460 2812 δεῖταί
2488 2772 2584 2808 σου
2620 2751 2694 2821 μὴ
2719 2749 2815 2821 τὴν
2845 2743 3419 2833 εἰρήνηνκαταλῦσαι.
3451 2737 3660 2833 Ἐλθὸινο

2094 2822 2203 2903 των
2236 2846 2295 2900 δὲ
2353 2842 2447 2897 καὶ
2499 2841 2610 2894 τῶν
2637 2837 2943 2909 ἀρχιερέων
3000 2826 3097 2886 καὶ
3151 2825 3536 2898 συγκλητικῶν
3567 2822 3659 2886 οὓς

2096 2937 2349 3008 ἔπεμψας
2374 2933 2510 3004 πρὸς
2544 2930 2728 2996 αὑτὸν,
2758 2927 2979 2998 πρῶτον
3007 2925 3108 2995 μὲν
3154 2920 3441 2987 ἀπέδειξεν
3471 2915 3661 2971 ἑαυτὸν

2101 3003 2269 3102 μηδὲν
2296 3003 2591 3080 ἀδικοῦντα
2645 3019 2785 3091 μετὰ
2832 3014 3033 3069 πολλοῦ
3072 3012 3166 3067 τοῦ
3202 3011 3506 3081 περιόντος,
3546 3003 3660 3060 ἀλλ’

2099 3119 2453 3188 ἀδικούμενον
2509 3114 2605 3168 καὶ
2668 3106 3200 3177 συκοφαντούμενον,
3241 3102 3430 3154 ἔπειτα
3479 3098 3537 3152 δὲ
3569 3097 3662 3150 καὶ

2095 3211 2190 3265 τοῦ
2253 3208 2328 3281 μὴ
2378 3206 2608 3274 λυθῆναι
2694 3201 2794 3272 τὴν
2850 3199 3074 3269 εἰρήνην
3125 3190 3247 3247 εἶπέ
3280 3210 3340 3245 τε
3380 3189 3548 3243 πολλὰ
3570 3188 3665 3240 καὶ

2098 3304 2334 3377 ἔπραξεν
2363 3301 2490 3366 ἄξια
2515 3299 2676 3367 λόγου
2703 3310 2718 3325 ·
2751 3293 2848 3349 καὶ
2895 3291 3032 3362 πρὸς
3064 3289 3123 3344 σὲ
3157 3288 3441 3360 μεμήνυκε
3471 3282 3662 3345 πολλὰ,

2098 3374 2241 3466 ᾇπερ
2295 3392 2457 3455 αὐτός
2509 3406 2571 3442 τε
2605 3388 2842 3450 ἀκούσας
2874 3382 2992 3453 Θεῷ
3038 3398 3099 3434 τε
3156 3378 3527 3450 εὐχαρίστησα
3585 3374 3664 3441 τῷ

2100 3485 2356 3555 τοιαύτην
2410 3480 2558 3552 αύτῷ
2617 3478 2833 3532 σύνεσιν
2877 3471 3256 3545 χαρισαμένῳ,
3314 3469 3408 3521 καὶ
3461 3467 3666 3525 ἐκεῖνον

2100 3579 2341 3650 ἐπῄνεσα
2363 3577 2463 3643 si};
2483 3569 2911 3638 καλοκαγαθίας,
2940 3566 3034 3620 καὶ
3061 3565 3118 3618 σὲ
3138 3561 3467 3631 ἐλογιζόμην
3494 3559 3666 3613 ταῦτα

2102 3671 2430 3740 πυθόμενον.
2465 3664 2586 3734 Θεῷ
2618 3679 2679 3717 τε
2728 3660 2890 3732 χάριν
2918 3655 3253 3726 ὁμολογῆσαι
3293 3654 3387 3705 καὶ
3430 3650 3524 3704 τὸν
3550 3650 3666 3703 υίδν

2103 3736 2397 3830 πέμψαντα
2424 3756 2510 3809 διὰ
2532 3754 2726 3824 τάχους
2755 3749 2986 3819 ἀγαγεῖν
3015 3746 3158 3816 πρὸς
3193 3741 3443 3806 σεαυτὸν,
3469 3738 3566 3792 καὶ
3597 3736 3667 3791 τὰ

2106 3827 2535 3921 προσξοκώμενα
2583 3840 2825 3913 δυσχερῆ
2855 3839 3040 3900 λῦσαι,
3083 3836 3177 3889 καὶ
3226 3831 3569 3902 εὐφροσύνης
3601 3827 3665 3882 ἆ-

2105 3958 2314 4003 παντας
2358 3938 2454 3991 καὶ
2484 3934 2753 4005 θυμηδίας
2798 3929 3079 3999 ἐμπλῆσαι
3135 3926 3233 3996 τῆς
3263 3923 3357 3976 ἐπὶ
3383 3924 3450 3992 τῇ
3479 3921 3666 3991 εἰρήνῃ

2105 4036 2212 4090 τῶν
2239 4031 2503 4105 βασιλέων
2528 4028 2687 4099 ἡμῶν
2720 4021 3110 4093 γενησομένης.
3133 4018 3204 4070 Σὺ
3229 4016 3276 4071 δ’
3299 4015 3360 4069 οὐ
3388 4015 3548 4086 μόνον
3570 4012 3672 4066 ούκ

443 4106 706 4193 ratorem,
762 4129 900 4182 adeo
945 4127 1188 4197 legitime
1256 4131 1311 4178 et
1350 4123 1514 4195 iuste,
1559 4130 1611 4175 te
1645 4117 1998 4174 libentissime

2109 4129 2374 4196 ἐποίησας
2425 4121 2665 4175 τοιοῦτον
2707 4116 2880 4180 οὐδὲν,
2915 4113 3053 4170 ἀλλὰ
3106 4108 3349 4179 καίέμὲ
3376 4109 3443 4161 τὰ
3485 4106 3673 4159 δέοντα

445 4222 572 4275 unxi
612 4230 665 4275 et
691 4217 1035 4282 consecravi,
1070 4232 1197 4271 eum
1236 4229 1382 4268 nunc
1419 4212 1517 4266 abs
1547 4221 1598 4266 te
1626 4210 1705 4265 sic
1735 4209 1884 4263 nulla
1908 4224 1998 4262 sua

2112 4239 2177 4274 συ
2186 4215 2553 4290 μὸουλεύοντα
2588 4208 2817 4270 ἀπώσω,
2869 4207 2965 4261 καὶ
2993 4204 3203 4274 σιωπᾷν
3229 4199 3547 4261 ἐκέλευσας,
3576 4190 3672 4249 καῖ

445 4313 606 4381 culpa
651 4310 869 4380 expelli,
905 4307 1181 4379 quomodo
1209 4306 1417 4378 justum
1453 4304 1571 4358 est?
1610 4310 1704 4356 aut
1732 4300 1998 4371 quomodo

2117 4286 2197 4379 μή
2248 4300 2718 4377 περιεργάζεσθαι
2772 4296 2840 4350 τὰ
2893 4295 2967 4366 μὴ
3018 4294 3386 4366 προσήκοντα.
3426 4290 3582 4358 Ἐμοὶ
3615 4286 3678 4340 δὲ

446 4418 555 4471 non
614 4400 798 4453 multis
855 4396 1171 4468 perdendus
1225 4408 1403 4449 essem
1454 4391 1797 4452 fulminibus,
1852 4389 1897 4441 si
1952 4387 1998 4439 in

2113 4378 2361 4467 ανάγκην
2405 4394 2581 4465 ἔχοντι
2632 4390 2740 4443 τῶν
2772 4385 3140 4456 ἀδικουμένων
3172 4379 3538 4453 προΐστασθαι
3581 4378 3676 4430 ml.

449 4500 600 4544 lauto
643 4490 850 4544 scelere
891 4486 1132 4558 linguam
1182 4484 1462 4538 occlusum
1505 4479 1788 4551 gererem?
1829 4477 1998 4543 Quare

2118 4484 2332 4557 βοηθεῖν
2362 4483 2550 4545 αὐτοῖς
2595 4481 2697 4549 ὅση
2725 4476 2979 4546 δύναμις,
3010 4476 3103 4527 καὶ
3139 4472 3277 4543 ὑπὲρ
3324 4470 3586 4542 βασιλέως
3617 4467 3679 4520 τὸ

447 4581 630 4635 denuo
653 4588 704 4635 te
737 4595 832 4648 per
866 4579 1037 4649 ipsam
1075 4576 1365 4631 veritatem
1397 4572 1652 4631 obsecro.
1681 4577 1741 4623 ut
1762 4569 1816 4622 in
1842 4567 2005 4631 viam,

453 4670 597 4726 unde
642 4685 1026 4741 perversorum
1079 4665 1396 4722 mortalium
1444 4677 1612 4731 Opera
1646 4661 1896 4714 detortus
1920 4673 2011 4721 es,

452 4763 563 4817 cito
612 4762 807 4815 redeas
835 4778 853 4818 ι
883 4776 1022 4815 neve
1056 4757 1404 4813 mendacium
1435 4753 1650 4807 veritati
1688 4750 2015 4822 praeponde-

454 4867 578 4907 rare
625 4851 792 4905 siuas.
837 4848 960 4903 Η.οο
996 4848 1311 4918 patriarcha
1354 4844 1696 4916 imperatori,
1727 4844 2018 4897 internun-

456 4943 548 4998 tiis
599 4941 861 5013 Gregorio
912 4939 1105 4995 Cutala
1148 4938 1608 5009 cbartOphylace,
1649 4945 1705 4989 et
1745 4943 2019 4989 monaste-

456 5034 663 5088 riorum
719 5031 949 5102 praeside
979 5031 1293 5103 Cyberiota.
1328 5029 1457 5096 Quae
1488 5044 1609 5082 cum
1643 5026 1908 5093 audisset,
1942 5027 2025 5078 in-

460 5119 728 5178 tolerabili
774 5123 853 5177 ira
881 5121 1158 5186 efferbuit,
1193 5121 1565 5190 praecepitque
1600 5119 1723 5173 illos
1749 5118 1803 5172 in
1836 5132 2022 5172 carce-

460 5229 573 5268 rem
604 5215 786 5269 statim
828 5215 1058 5280 abduci,
1091 5212 1383 5267 Macarium
1429 5211 1713 5265 Serrarum
1744 5215 2024 5276 metropo-

401 5367 407 5375 ,
457 5304 612 5358 litam
657 5305 711 5359 in
763 5306 972 5375 palatio
1009 5305 1113 5360 sub
1148 5303 1396 5358 custodia
1429 5303 1626 5366 teneri,
1656 5284 2023 5371 patriarcbam

372 5474 379 5481 η
459 5394 795 5463 ροιτίοτοίιίο
824 5396 1081 5466 ejectum,
1100 5392 1157 5448 in
1186 5392 1537 5463 Manganensi
1559 5389 1891 5446 monasterio
1913 5403 2028 5441 ma-

461 5500 591 5540 nere
637 5487 771 5557 (9'5),
824 5493 880 5540 et
933 5486 1000 5540 ad
1054 5501 1179 5539 eum
1223 5485 1500 5540 nemiuem
1553 5496 1777 5553 prorsus
1828 5480 2027 5535 admit-

2112 4577 2244 4632 αὐτὸ
2288 4574 2533 4644 ποιήσω’
2564 4574 2660 4626 καὶ
2691 4569 2891 4641 μᾶλλον
2941 4566 3081 4638 ὑπὲρ
3109 4568 3324 4627 τούτου,
3344 4564 3454 4633 ὅσῳ
3480 4560 3576 4615 καὶ
3610 4559 3680 4611 τὰ

2121 4670 2356 4741 μέγιστα
2398 4667 2700 4720 ἀδικεῖται·
2734 4661 2830 4716 καὶ
2861 4656 2960 4714 ούκ
3008 4661 3089 4722 εἰς
3136 4657 3300 4711 αὑτὸν
3354 4656 3534 4725 μόνον,
3564 4652 3679 4708 ἀλλ’

2117 4761 2199 4823 είς
2232 4758 2440 4818 πάντας
2479 4752 2787 4824 Ῥωμαίους
2818 4753 2918 4822 τῆς
2966 4750 3046 4812 είς
3109 4747 3275 4801 αὐτὸν
3325 4745 3541 4806 ἀδικίας
3569 4743 3684 4796 δια-

2120 4847 2447 4915 δαινούσηςα
2481 4842 2509 4895 ὃ
2535 4842 2590 4895 δέ
2621 4859 2689 4913 με
2715 4840 2824 4894 τῶν
2858 4838 3034 4894 ἄλλων
3081 4837 3281 4907 μᾶλλον
3315 4835 3414 4889 ούκ
3448 4834 3514 4903 ἐᾷ
3552 4848 3685 4885 σιω-

2120 4940 2250 5009 πᾷν,
2283 4938 2364 4990 ὅτι
2418 4952 2516 4988 σου
2547 4931 2954 5004 προστάξαντος
3011 4928 3177 4997 ὀλίγῳ
3206 4926 3477 4997 *πρότερον
3522 4921 3685 4987 αύτδς

2119 5029 2287 5082 αὑτὸν
2313 5027 2509 5097 ἕχρισα
2541 5023 2790 5094 βασιλέα.
2841 5022 2945 5075 Τὸν
2977 5016 3068 5074 οὖν
3096 5017 3240 5073 οὕτω
3289 5019 3539 5087 νομίμως
3591 5017 3685 5070 καὶ

2121 5117 2348 5177 δικαίως
2373 5116 2468 5168 καὶ
2500 5115 2644 5169 κατὰ
2669 5114 2897 5185 γνώμην
2927 5116 3026 5185 σὴν
3049 5114 3417 5185 γεγενημένον
3462 5110 3685 5183 βασιλέα

2122 5208 2217 5262 νῦν
2252 5207 2676 5273 ἀπελαύνεσθαι,
2714 5208 2811 5261 καὶ
2849 5187 3035 5262 ταῦτα’
3065 5207 3152 5260 ἐπ’
3202 5206 3430 5277 ούδεμιᾷ
3472 5201 3687 5274 προφά-

2124 5315 2230 5366 σει,
2271 5298 2373 5352 ποῦ
2419 5299 2660 5361 δίκαιον;
2704 5299 2735 5370 ἢ
2768 5299 2886 5362 πῶς
2935 5298 3038 5354 οὐκ
3081 5298 3147 5353 ἂν
3177 5297 3495 5368 νομισθείην
3536 5296 3687 5360 ἄξιος

2123 5387 2336 5441 πολλῶν
2369 5388 2677 5457 κεραυνῶν,
2700 5387 2795 5441 ἐπὶ
2833 5387 3061 5461 τοιαύτῃ
3108 5386 3427 5457 παρανομίᾳ
3463 5381 3687 5439 σιωπῶν

2124 5478 2321 5544 αὕτός;
2356 5479 2454 5539 Δ·ὰ
2512 5479 2670 5531 τοῦτο
2731 5478 2826 5531 σοῦ
2863 5480 2955 5530 καὶ
3002 5474 3156 5540 αὖθις
3190 5478 3379 5547 δέομαι
3423 5476 3561 5547 πρὸς
3588 5474 3689 5543 τῆς

1699 5595 1917 5658 Jacobi
1960 5594 2220 5656 Pontani
2251 5602 2436 5655 notas.

536 5698 648 5769 (93)
704 5699 815 5754 lloc
864 5701 1041 5769 ipsum
1073 5715 1300 5753 narrans
1325 5697 1596 5769 Gregoras
1626 5696 1722 5749 lib.
1752 5710 1831 5769 ιχ,
1885 5708 2021 5769 con-

468 5767 801 5842 iurationem
858 5763 1181 5838 patriarcha:
1222 5777 1276 5824 ct
1321 5763 1705 5835 episcoporum
1752 5763 1808 5817 in
1838 5764 2029 5831 Iscuio-

2131 5707 2245 5747 rem
2276 5693 2659 5761 imperatorem
2684 5690 2985 5761 prtemittit,
3014 5689 3068 5743 in
3087 5701 3255 5761 quam
3276 5686 3443 5761 etiam
3472 5683 3690 5761 nobiles

2138 5754 2482 5817 adduxerim.
2529 5754 2795 5817 Praeterea
2844 5754 3213 5821 natriarcbsm
3299 5754 3471 5813 sacris
3520 5755 3692 5811 inter-
