4136 6288
528 344 630 405 3η
1693 345 2012 406 JOANNIS
2044 344 2102 401 Ci

2202 344 2573 404 TACUZENI
3667 345 3771 406 348

531 459 649 527 ipse
690 465 851 529 caput
883 458 1195 514 devoraret.
1249 458 1333 513 Ad
1371 441 1474 515 hoc
1512 460 1739 515 verbum
1790 460 2086 514 subridens

2202 457 2354 513 αὐτοῦ
2423 459 2582 512 πόλιν
2649 457 2955 527 περιποιεῖν
3025 454 3203 526 ἐαυτῷ
3255 453 3612 518 ἐξαπατῶντα
3676 458 3772 509 καὶ

530 546 625 602 ille
657 565 671 602 :
701 548 888 618 Atqui,
918 547 1119 614 Marce,
1150 549 1348 618 inquit,
1380 564 1489 603 non
1530 559 1615 604 est
1648 559 1706 604 ut
1740 550 1845 604 hoc
1880 552 2076 620 possit.

2202 550 2601 622 παραπείουντα
2645 550 2734 601 τὸν
2799 548 3194 619 προστὺχόντα.
3247 544 3389 600 Οὔτε
3446 544 3555 615 γάρ
3610 544 3769 598 αὐτὸν

532 637 667 693 Nam
698 639 856 693 vivus
880 654 1060 693 meum
1094 638 1266 709 ipsius
1290 650 1455 710 caput
1477 640 1741 696 devorare
1773 656 2014 708 nequeo,
2038 649 2095 696 et

2202 640 2413 693 δυνατὸν
2439 642 2531 693 ἐπὶ
2555 639 2616 693 τὸ
2644 642 2821 710 τεῖχος
2851 638 3044 711 ἐλθεῖν,
3082 635 3201 689 οὔτ’»
3235 636 3385 706 αὐτῷ
3412 635 3515 706 τὴν
3565 635 3769 689 εἰσοδον

534 733 788 780 mortuus
839 729 1012 782 multo
1067 729 1247 784 minus
1299 729 1553 798 quivero,
1601 738 1665 783 ut
1717 737 1768 784 te
1819 730 2093 795 utrimque

2202 733 2572 802 συγχωρῆσαι,
2625 730 2742 784 ἀλλ’
2773 729 2895 784 οὐδέ
2958 730 3065 799 μὴν
3123 728 3214 782 τὸν
3275 728 3418 781 θεῖον
3434 762 3459 783 ,κ
3474 727 3623 797 αὐτῷ
3677 728 3768 779 τὸν

533 816 826 868 mentitum
861 824 1144 885 appareat.
1170 819 1248 872 Ac
1280 810 1715 886 Marco-quidem
1752 818 1945 873 ludens
1969 819 2093 872 talia

2202 824 2492 892 Mapxéc'qv
2518 820 2832 875 ἀποστελεῖν
2855 820 2988 891 πρὸς
3017 822 3205 874 αὒτόν.
3236 819 3468 889 Πλησίον
3497 818 3555 873 δὲ
3601 817 3766 887 αὐτοῦ

535 905 855 973 respondit:
888 906 1111 960 Marula:
1167 917 1353 961 autem
1406 923 1507 962 suo
1550 909 1772 963 nomine
1817 925 1920 963 avo
1979 909 2096 964 haec

2202 913 2453 984 Ιίἰαροὺλη
2493 914 2584 965 καὶ
2614 913 2836 983 Μάρκος
2859 929 2940 975 τις
2962 911 3335 982 Καόαλλάριος
3360 910 3765 980 ὠνομασμένος,

535 995 818 1050 referenda
873 995 1025 1050 dedit
1054 1013 1066 1048 :
1096 998 1249 1051 Scire
1285 996 1454 1052 Deum
1503 999 1704 1068 ipsum,
1739 1000 1880 1055 scire
1927 1001 2093 1055 etiam

2202 1004 2625 1073 ὑΚοϐαλλαρίου
2659 1003 2753 1056 τοῦ
2785 1002 2973 1071 Βάρδα-
3018 1001 3213 1067 ἑστὼς,
3269 1004 3333 1055 ἐκ
3380 1001 3488 1055 τῶν
3539 1001 3768 1054 οἰκετῶν

533 1099 616 1147 se,
651 1085 796 1152 quod
849 1102 937 1141 res
974 1087 1105 1156 ipsae
1143 1097 1434 1155 testentur,
1466 1090 1604 1143 nihil
1647 1107 1707 1145 se
1753 1090 1919 1145 studii
1985 1091 2096 1145 ala-

2202 1097 2288 1148 τοῦ
2312 1094 2679 1165 πρεσϐυτέρου
2727 1093 2990 1164 βασιλέως
3039 1090 3138 1157 ὢν,
3197 1095 3404 1155 σκαιῶς
3458 1094 3552 1146 καὶ
3604 1093 3768 1146 ἀπαι-

532 1176 857 1245 critalisque
883 1178 948 1231 ad
985 1194 1048 1232 ea
1093 1195 1214 1248 qum
1245 1180 1333 1234 ille
1364 1181 1699 1243 mandasset,
1728 1182 1943 1252 sibique
1979 1183 2096 1251 pla-

2202 1184 2397 1248 δεύτως
2457 1185 2594 1255 πρὸς
2650 1184 2872 1254 βασιλέα
2912 1183 3003 1237 τὸν
3064 1184 3184 1238 νέον
3232 1177 3408 1249 εἶπεν,
3459 1185 3767 1254 ἀποχωρεῖν

531 1283 657 1321 cere
683 1268 1038 1333 ostendisset.
1075 1274 1423 1342 exsequenda
1468 1275 1901 1344 praetermisisse.
1941 1274 2100 1346 159

2202 1275 2306 1329 τῶν
2339 1275 2568 1339 ἐνθένδε,
2603 1276 2732 1345 πρὶν
2764 1274 3177 1346 κατεδηδοκέναι
3203 1275 3303 1345 τὴν
3368 1274 3611 1344 κεφαλὴν
3668 1272 3766 1344 τήν

532 1358 887 1416 Existimasse
913 1377 1077 1430 porro
1104 1379 1228 1417 eum
1260 1380 1479 1434 quoque
1505 1369 1622 1421 haec
1649 1382 1759 1435 pra:
1786 1367 1910 1421 aliis
1932 1367 2094 1431 scire,

2202 1367 2414 1420 ἐαυτοῦ.
2464 1366 2594 1419 Ἡδὺ
2635 1367 2691 1419 δὲ
2721 1366 2954 1434 γελάσας
2989 1367 3018 1419 ὁ
3046 1365 3301 1435 βασιλεὺς
3339 1367 3432 1419 ἐπὶ
3460 1365 3561 1436 τῷ.
3593 1366 3763 1434 λόγῳ,

534 1459 593 1502 ut
619 1452 927 1519 oportebat.
958 1453 1064 1508 Sed
1100 1457 1358 1524 quoniam
1392 1457 1655 1514 daemonis
1687 1460 1918 1530 alicujus
1959 1460 2101 1514 invi-

534 1542 622 1595 dia
654 1543 727 1596 ita
760 1556 1139 1615 comparatum
1169 1550 1264 1614 sit,
1310 1560 1368 1604 ut
1402 1551 1606 1606 amoris
1638 1562 1803 1620 atque
1835 1553 2096 1608 obedien-

537 1632 575 1684 ti
596 1651 623 1679 ν
669 1635 903 1715 antehac
956 1652 1069 1692 suae
1119 1653 1247 1709 erga
1309 1640 1489 1709 ipsum
1543 1652 1864 1711 argumenta
1919 1642 2100 1696 ventis

537 1712 842 1789 tradiderit.
881 1729 1345 1800 sycophantisque
1412 1746 1477 1787 ac
1503 1733 1734 1801 perditis
1777 1733 2097 1789 hominibus

535 1818 854 1872 auscultans
898 1821 1090 1887 (multa
1141 1822 1296 1890 prius
1329 1821 1623 1877 adversum
1668 1840 1727 1878 se
1778 1826 2092 1890 meditatus,

535 1907 914 1978 insidioseque
955 1912 1200 1975 molitus,
1234 1923 1294 1969 ut
1333 1923 1518 1984 pateat
1547 1931 1616 1969 ex
1662 1916 1980 1986 interceptis
2013 1918 2104 1971 lit-

535 2001 693 2060 teris,
727 2015 864 2068 quas
898 2016 997 2070 per
1037 2003 1329 2074 episcopos
1365 2016 1707 2062 revertentes
1750 2007 1831 2061 illi
1865 2008 2098 2078 miserit)

534 2087 736 2143 bellum
770 2093 1076 2159 renovarit;
1108 2103 1313 2150 etcum
1343 2113 1484 2167 saepe
1506 2099 1853 2169 multumque
1877 2117 2098 2173 rogans,

534 2177 616 2230 uti
650 2194 839 2247 pacem
875 2183 1176 2251 acciperet,
1210 2202 1318 2241 non
1349 2187 1681 2258 impetrarit,
1712 2202 1767 2244 et
1801 2209 1946 2249 nunc
1973 2209 2098 2250 cum

530 2266 643 2323 huc
679 2273 1143 2344 vcniens,,genua
1180 2279 1300 2346 eius
1332 2281 1616 2349 amplexus
1662 2282 1754 2347 sit,
1800 2293 1854 2338 et
1902 2294 1960 2339 ut
1995 2303 2119 2358 pax.

531 2362 979 2430 constitueretur,
1014 2366 1151 2420 nihil
1199 2383 1305 2423 non
1343 2372 1592 2435 tentarit,
1643 2373 1759 2442 ipse
1803 2385 1987 2431 tamen
2036 2395 2096 2435 se

530 2454 777 2505 noridum
812 2453 1058 2524 fregerit,
1093 2457 1187 2512 sed
1222 2461 1524 2529 supplicem
1551 2479 1609 2518 re
1641 2466 1840 2523 infecta
1872 2469 2097 2525 dimise-

534 2542 629 2606 rit,
687 2554 743 2599 et
788 2554 1044 2616 tanquam
1104 2567 1200 2607 vas
1256 2555 1451 2609 inutile
1501 2557 1784 2628 abjecerit,
1835 2577 2099 2632 spemque

533 2650 686 2689 suam
731 2636 784 2691 in
818 2641 1027 2708 pardali
1084 2643 1391 2710 collocarit,
1422 2662 1584 2716 quam
1626 2651 1858 2705 solutam
1904 2664 2097 2709 contra

534 2742 594 2781 se
642 2727 951 2799 immiserit,
988 2733 1113 2789 ideo
1157 2752 1345 2805 pacem
1389 2747 1444 2793 et
1493 2739 1638 2796 dicta
1686 2752 1911 2812 propter
1952 2745 2097 2801 illam

534 2834 880 2879 sacramenta
926 2824 1037 2879 Deo
1068 2842 1126 2882 se
1175 2830 1519 2885 committere
1565 2834 1688 2902 (per
1716 2849 1881 2904 quem
1923 2837 2101 2907 iurata

537 2912 796 2984 religiose
841 2915 1025 2972 adhuc
1055 2920 1264 2989 servet)
1301 2931 1358 2975 et
1404 2937 1597 2979 omnes
1633 2940 1722 2979 res
1758 2941 1885 2983 suas
1924 2928 1978 2982 in
2013 2929 2102 2999 jn-

538 3012 685 3055 stum
711 3003 957 3059 omnium
978 3006 1219 3075 judicem
1255 3009 1485 3076 referre,
1510 3011 1736 3082 jamque
1768 3016 2098 3072 necessitate

2212 1457 2354 1509 Ἀλλ’
2384 1457 2482 1510 οὐκ
2513 1457 2576 1509 ἂν
2608 1455 2694 1525 είη
2746 1456 2989 1520 δυνατὸν,
3023 1453 3196 1524 εἶπεν,
3238 1451 3282 1510 ὧ
3322 1458 3540 1528 Μάρκε,
3584 1457 3762 1515 τοῦτο.

2200 1549 2319 1604 Ζῶν
2367 1567 2424 1602 τε
2458 1550 2567 1620 γὰρ
2606 1551 2803 1607 οὐκᾶν
2841 1550 3220 1620 καταφάγοιμι
3254 1550 3353 1620 τὴν
3387 1549 3552 1602 εἰδίαν
3589 1566 3764 1618 κεφαο

2199 1641 2321 1711 λήν.
2362 1638 2470 1694 Καὶ
2520 1639 2853 1694 ἀποθανῦντα
2904 1639 3104 1709 ὁμοίως
3148 1637 3558 1707 ἀδυνατώτερον
3606 1635 3763 1690 τοῦτο

2203 1731 2465 1802 πράττειν
2492 1746 2506 1762 ο
2538 1730 2678 1784 ὥστε
2718 1747 2778 1783 σε
2827 1718 3152 1799 συμϐαίνειν
3203 1729 3298 1782 καὶ
3351 1726 3760 1798 ἀμφωτέρωθεν

2201 1822 2484 1893 ἐψεῦσθαι.
2528 1823 2672 1892 Πρὸς
2738 1823 2837 1892 μὲν
2896 1817 2992 1875 οῦν
3055 1820 3279 1891 Μάρκον
3332 1817 3561 1872 τοιαῦτα
3633 1820 3759 1872 παί-

2201 1917 2308 1981 ζων
2396 1916 2622 1986 εἴρηκεν
2694 1915 2721 1967 ὁ
2797 1913 3092 1983 βασιλεὺς.
3163 1911 3254 1965 τὸν
3330 1910 3626 1987 Μαρούλην
3706 1908 3764 1962 δὲ

2199 2007 2451 2062 ἐκέλευεν
2487 2008 2559 2069 ὡς
2594 2004 2654 2071 ἐξ
2698 2005 2860 2058 αὐτοῦ
2909 2004 3135 2057 τοιαῦτα
3188 2001 3555 2071 ἀπαγγέλλειν
3615 2000 3765 2071 βασι-

2199 2094 2302 2158 λεῖ,
2334 2094 2423 2157 Ὠς
2448 2095 2609 2157 αὐτὸς
2637 2094 2704 2147 ἂν
2734 2094 2899 2163 εἰδείη
2928 2093 3081 2159 Θεὸς,
3104 2087 3221 2145 οἰδα
3250 2090 3306 2143 δὲ
3339 2092 3429 2144 καὶ
3451 2090 3635 2155 αὐτὸς,
3672 2090 3767 2143 καὶ

2201 2187 2379 2241 αὐτῶν
2421 2188 2543 2257 ἐμοὶ
2590 2184 3204 2255 συνεπιμαρτυροῦντων
3245 2184 3352 2237 τῶν
3396 2184 3767 2252 πραγμάτων,

2199 2274 2274 2338 ὡς
2306 2274 2456 2327 οὐδὲν
2498 2274 2744 2326 ἐνέλιπον
2799 2271 3110 2343 προθυμίας
3145 2271 3267 2325 οὐδὲ
3292 2271 3531 2340 σπουδῆς
3580 2272 3663 2331 εἰς
3705 2271 3769 2323 τὸ

2200 2364 2511 2435 πράττεινᾶ
2540 2382 2598 2417 τε
2633 2363 2995 2429 προσέταττες
3017 2365 3108 2416 καὶ
3133 2358 3201 2434 ἧν
3233 2380 3316 2438 σοι
3348 2361 3487 2414 κηατά
3513 2360 3768 2431 γνώμην,

2200 2457 2524 2525 ἐλογιζόμην
2580 2456 2624 2507 δ’
2667 2455 2751 2508 ὅτι
2780 2457 2874 2508 καὶ
2915 2456 2978 2507 σὺ
3017 2454 3218 2525 μᾶλλον
3270 2454 3336 2507 ἂν
3374 2454 3574 2523 εἰδείης
3626 2454 3765 2506 αὐτὰ

2198 2544 2308 2599 τῶν
2333 2545 2528 2610 ἀλλων,
2560 2544 2731 2615 ἐχρῆν
2766 2544 2895 2614 γάρ.
2940 2544 3093 2597 Ἐπεὶ
3121 2543 3169 2596 δ’
3190 2541 3332 2597 οὕτω
3360 2545 3428 2596 τά
3463 2543 3765 2613 πράγματα

2200 2635 2457 2708 φθονερός
2496 2653 2577 2699 τις
2610 2634 3240 2705 συνεσκεύασε,δαίμων,
3298 2636 3393 2688 καὶ
3441 2628 3518 2689 ὧν
3556 2634 3655 2706 μὲν
3706 2635 3765 2689 ἐν

2199 2730 2312 2789 τοῖς
2337 2725 2680 2796 παρασχοῦσι
2713 2727 2928 2797 καιροῖς
2952 2726 3163 2788 εὐνοίας
3193 2724 3308 2795 ἅμα
3334 2725 3430 2778 καὶ
3452 2726 3763 2789 εὐπειθείας

2164 2817 2298 2887 ’τῆς
2331 2817 2465 2887 πρὸς
2496 2818 2556 2870 σὲ
2597 2817 2975 2887 ἐπιδέδειγμαι
3022 2815 3168 2888 ἔργῳ
3208 2816 3497 2878 ἐπελάθου,
3553 2814 3768 2886 ἀνθρώ-

2202 2926 2325 2971 ποις
2358 2909 2415 2961 δὲ
2456 2908 2825 2977 συκοφάντα-ς
2858 2918 2954 2961 και
2988 2908 3211 2983 φθόροις
3259 2908 3507 2970 πεισθεὶς
3537 2908 3764 2979 κεκίνη·

2200 3015 2301 3063 κας
2331 2999 2486 3060 αὖθις
2515 3000 2608 3053 τὸν
2645 3000 2878 3068 πόλεμον
2903 3000 2992 3053 τὸν
3031 2998 3169 3070 πρὸς
3223 2998 3324 3067 ἐμὲ
3383 2998 3578 3070 (πολλὰ
3629 3000 3762 3069 προ-

536 3091 897 3147 constrictum
929 3095 1073 3151 bello
1104 3113 1325 3154 manum
1358 3101 1665 3171 implicare.
1692 3103 1981 3161 Conlidere
2016 3123 2102 3163 se—

2202 3107 2357 3161 τερον
2409 3091 2504 3145 καὶ
2578 3090 3008 3160 βουλευσάμενος
3068 3091 3163 3144 καὶ
3222 3091 3566 3152 συσκευάσας
3642 3089 3767 3144 κατ’

539 3183 717 3253 ipsqu
762 3203 980 3258 quoque
1012 3193 1308 3247 atnentiam
1339 3210 1490 3249 suam
1534 3197 1683 3251 brevi
1727 3202 2099 3268 cogniturum,

452 3302 459 3307 ι
536 3287 593 3330 et
622 3295 687 3332 ex
720 3283 934 3336 eventis
960 3297 1400 3355 perspecturum.
1429 3304 1493 3342 ea
1516 3289 1744 3360 elegisse
1780 3307 1901 3362 qua:
1928 3293 2103 3347 vitare

539 3369 596 3424 in
629 3373 839 3439 primis,
888 3390 953 3428 ea
996 3377 1286 3445 reliquisse
1330 3396 1451 3447 qua:
1500 3390 1613 3434 toto
1645 3391 1866 3450 pectore
1908 3398 2102 3438 conse—

537 3461 676 3514 ctari
710 3464 1112 3536 complectique
1146 3469 1448 3524 debuisset.
1503 3470 1625 3526 [late
1669 3472 1815 3528 fatus
1848 3477 1917 3529 de
1956 3491 2101 3543 equo

540 3547 848 3609 descendit.
883 3562 939 3606 et
968 3557 1219 3622 quamvis
1265 3556 1547 3611 absentem
1580 3575 1761 3620 avum.
1817 3561 1925 3615 ritu
1971 3578 2107 3617 con-

540 3648 699 3692 sueto
733 3652 1028 3696 veneratus
1060 3655 1143 3698 cst
1176 3663 1189 3698 :
1221 3662 1286 3700 ac
1312 3646 1546 3700 Marules
1580 3649 1807 3717 perinde
1843 3662 1900 3704 ut
1932 3653 2101 3720 prius,

539 3743 664 3781 cum
702 3728 919 3784 silentio
956 3732 1025 3787 de
1062 3734 1335 3789 moenibus
1371 3746 1534 3804 caput
1572 3737 1623 3791 ei
1654 3739 1926 3793 submisit.
1969 3742 2105 3797 Aliis

539 3817 741 3874 deinde
777 3819 830 3873 in
869 3837 1027 3875 tnuro
1060 3825 1334 3879 stantibus
1383 3826 1655 3892 salutatis,
1689 3827 1977 3896 discessit;
2015 3847 2107 3886 vc-

538 3909 815 3980 niensque
877 3911 1220 3984 Selybriam,
1280 3916 1678 3987 terripublicam
1733 3935 1832 3975 suo
1894 3922 2104 3991 judicio

539 3998 817 4085 formavit,
852 4011 909 4058 et
961 4005 1216 4075 praefecto
1263 4006 1467 4063 ibidem
1504 4008 1802 4085 declarato,
1849 4012 2106 4085 Didymo-

540 4074 747 4148 ticlium
793 4074 971 4161 abiit,
1002 4097 1196 4153 relicto
1232 4098 1494 4171 Selybrire
1537 4074 1868 4171 Apocaucho
1908 4074 2104 4176 magno

538 4183 901 4251 cubiculario,
943 4198 1003 4241 ut
1028 4188 1072 4243 si
1103 4189 1233 4258 quid
1267 4206 1404 4260 opus
1430 4200 1576 4246 esset
1600 4196 1914 4250 securitatis
1940 4212 2104 4253 causa

542 4274 595 4328 id
628 4278 1010 4341 constitueret,
1043 4288 1098 4333 et
1130 4280 1195 4333 ad
1229 4296 1291 4335 se
1321 4270 1563 4348 veniret;
1602 4284 1747 4352 quod
1788 4286 1868 4340 cis
1903 4303 2103 4356 paucos

539 4363 657 4421 dies
696 4365 898 4421 factum
927 4376 1042 4436 est,
1072 4367 1359 4424 Exercitus
1391 4370 1458 4424 ad
1501 4371 1941 4443 Didymotichum
1973 4391 2105 4429 con-

2204 3182 2359 3253 ἐμοῦ,
2394 3183 2470 3246 ὡς
2500 3181 2715 3249 ἐγένετο
2742 3181 3048 3248 καταφανὲς
3079 3181 3204 3250 ἐμοὶ
3254 3183 3317 3235 ἐκ
3349 3182 3457 3234 τῶν
3523 3180 3766 3233 ἑαλωκὸ-

2201 3289 2310 3324 των
2354 3271 2720 3341 γραμμάτων,
2763 3271 2799 3325 ἃ.
2828 3272 2923 3324 καὶ
2948 3270 3087 3340 μετά
3139 3271 3245 3323 τῶν
3278 3271 3411 3341 πρὸς
3444 3270 3547 3341 ἐμὲ
3580 3269 3766 3322 ἐλθόν-

2201 3380 2311 3416 των
2368 3363 2667 3433 ἀρχιερέων
2700 3361 2924 3432 επεμψά
2954 3362 3084 3427 σοι),
3143 3364 3236 3415 καλ⁸
3285 3361 3455 3415 πολλὰ
3503 3361 3767 3423 πολλάκις

2202 3456 2338 3526 ἐμοῦ
2399 3456 2682 3525 δεηθέντος
2737 3456 2798 3509 οὐ
2850 3454 3161 3525 προσεδέξω
3218 3454 3321 3524 τὴν
3366 3454 3611 3525 εἰρήνην,
3670 3456 3767 3506 καὶ

2201 3548 2297 3601 νῦν
2337 3548 2582 3612 ἐλθόντος
2637 3547 2886 3602 ἐνταυθοῖ
2923 3549 3018 3602 καὶ
3047 3547 3355 3617 ἁπτομένου
3399 3565 3494 3600 σου
3526 3547 3635 3615 τῶν
3666 3563 3761 3615 γο-

2201 3638 2397 3701 νάτων,
2433 3638 2529 3690 καὶ
2562 3637 2740 3690 πάντα
2770 3637 3103 3706 πράττοντος
3136 3634 3279 3689 ὥστε
3311 3635 3408 3706 τὴν
3438 3638 3662 3707 εἰρήνην
3690 3632 3762 3689 εἴ·

2201 3746 2310 3790 ναι,
2342 3729 2492 3781 οὐδὲν
2526 3727 2726 3798 μᾶλλον
2775 3728 2988 3797 ὑφῆκας
3024 3728 3124 3797 τῆς
3165 3727 3355 3798 ὀργῆς,
3405 3728 3521 3781 ἀλλ’
3552 3728 3767 3798 ἄπρακο

2201 3837 2291 3873 τον
2321 3820 2656 3890 ἀπεπέμψω,
2689 3819 2877 3890 ὥςπερ
2910 3837 2963 3872 τι
3001 3819 3194 3883 σκεῦος
3226 3820 3503 3891 ἄχρηστον
3535 3819 3764 3890 ἀπορρίο

2199 3916 2329 3985 ψας.
2376 3914 2650 3975 ’ῙΙλπικας
2689 3912 2734 3965 δ’
2782 3915 2875 3966 ἐπὶ
2903 3915 3001 3984 τὴν
3033 3912 3327 3983 δεδεμένην
3381 3911 3645 3981 πάρδαλιν
3698 3912 3764 3978 ἢν

2201 4005 2397 4067 ἔλυσας
2428 4006 2547 4058 κατ’
2573 4004 2732 4075 ἐμοῦ,
2767 4004 2875 4058 ἰδοῦ
2907 4005 3006 4075 τὴν
3047 4004 3144 4075 μὲν
3169 4003 3396 4075 εἰρήνην
3423 4003 3667 4065 καὶτοὺς
3695 4002 3763 4055 δι’

2201 4093 2371 4164 αὐτὴν
2410 4093 2819 4163 γεγενημένους
2886 4093 3080 4164 ὅρκους
3138 4093 3485 4161 παραδίδωμι
3524 4091 3669 4162 Θεῷ,
3703 4091 3762 4143 δν

2201 4186 2365 4248 αὐτὸς
2393 4185 2628 4256 εὐορκῶ,
2659 4184 2836 4239 πάντα
2860 4185 2917 4239 δὲ
2957 4184 3036 4252 τῷ
3064 4184 3239 4238 πάντα
3272 4184 3496 4247 δικαίως
3522 4183 3762 4254 κρίνοντι

2201 4277 2423 4340 ἀναθεὶς
2452 4278 2518 4331 τὰ
2564 4276 2687 4331 κατ’
2716 4277 2837 4348 ἐμὲ,
2873 4276 3191 4345 ἀναγκαίως
3219 4275 3319 4346 ήδη
3359 4275 3494 4345 πρὸς
3551 4275 3641 4327 τὸν
3671 4275 3764 4326 πό·
3798 4315 3817 4328 .

2201 4367 2367 4436 λεμον
2407 4369 2590 4436 χωρῶ.
2642 4368 2887 4422 Πέποιθα
2934 4366 2992 4421 δὲ
3039 4367 3114 4430 ὡς
3172 4366 3355 4434 ὀλίγου
3404 4366 3767 4435 παρελθόντος

539 4457 750 4526 gregari
778 4458 990 4527 jussus.
1027 4458 1149 4514 Non
1196 4460 1270 4514 ita
1306 4461 1493 4515 multis
1536 4438 1840 4534 interjcctis
1882 4464 2101 4533 diebus,

2207 4460 2419 4530 χρόνον,
2450 4461 2564 4514 οὐδ’
2600 4460 2765 4523 ain-bc
2792 4460 3082 4527 ἀγνοήσεις
3109 4459 3209 4530 τήν
3235 4458 3496 4511 ἀϐουλίαν
3543 4459 3641 4528 τὴν
3673 4475 3766 4509 νυ-

540 4547 815 4614 quierant
845 4547 900 4602 in
935 4548 1468 4606 Thracia'aﬂ‘uerunt
1500 4567 1709 4616 omnes,
1728 4563 1883 4609 extra
1912 4555 2106 4613 Coma-

538 4651 736 4691 norum
774 4639 938 4708 paulo
971 4640 1151 4695 minus
1177 4641 1287 4695 duo
1319 4642 1508 4707 millia,
1540 4643 1634 4712 qui
1663 4659 1693 4699 e
1723 4644 1985 4702 Dalmatia
2009 4648 2108 4703 Mi-

542 4727 748 4782 chaelis
773 4730 994 4783 secundi
1019 4738 1195 4785 castra
1218 4731 1391 4785 secuti
1420 4731 1655 4788 fuerant.
1705 4734 1901 4790 Edicto
1936 4738 2108 4806 impe-

544 4818 746 4873 ratoris
802 4819 1037 4874 senioris
1077 4820 1427 4876 Andronicus
1458 4822 1744 4892 Torniees,
1784 4835 1839 4880 et
1890 4826 2103 4882 Manuel

543 4908 793 4963 Lasraris
813 4907 1044 4964 Thracia
1080 4910 1239 4979 pulsi,
1267 4911 1320 4966 in
1350 4913 1542 4968 insulis
1565 4914 1794 4983 Lemno,
1817 4917 1999 4972 Thaso
2048 4928 2106 4973 et

541 5000 717 5056 Lesbo
735 5017 793 5056 sc
807 5001 1228 5058 collocaveram.
1245 5003 1433 5059 Exsilii
1457 5006 1618 5076 hujus
1635 5023 1801 5062 causa
1819 5009 2105 5065 manifesta

543 5106 651 5144 non
678 5092 944 5147 exstabat.
971 5091 1287 5160 Ferebatur,
1310 5111 1403 5152 eos
1434 5113 1559 5152 cum
1586 5097 1911 5170 Scytharum
1936 5108 2107 5155 satra-

542 5181 627 5251 pis
650 5181 987 5237 clandestina
1008 5184 1265 5239 habuisse
1293 5186 1585 5256 colloquia,
1622 5187 1698 5241 uti
1731 5188 1785 5241 in
1813 5188 2104 5243 Thraciam

542 5275 725 5343 copias
761 5275 1062 5339 mitterent,
1104 5291 1318 5345 unaque
1346 5291 1467 5331 cum
1503 5288 1702 5332 caetera
1743 5278 1924 5348 praeda
1958 5281 2107 5348 ipsos

541 5377 663 5417 eum
685 5364 1008 5434 coniugibus
1032 5366 1190 5437 160
1239 5376 1401 5437 atque
1421 5369 1611 5423 liberis
1634 5384 1691 5422 se
1714 5370 1819 5424 illis
1845 5370 2106 5435 dedentes

543 5469 726 5509 secum
759 5456 1117 5513 abducerent.
1135 5449 1306 5528 llujus
1337 5458 1580 5514 criminis
1603 5461 1748 5514 nulla
1774 5472 1891 5516 erat
1910 5462 2109 5531 proba-

546 5548 642 5601 tio.
664 5545 842 5613 Quare
859 5549 1048 5620 junior
1068 5551 1367 5621 imperator
1382 5568 1479 5609 eos
1499 5554 1692 5607 exsilio
1717 5554 1978 5635 multatos
1996 5569 2104 5609 non

546 5653 736 5703 parum
785 5639 1209 5710 indignabatur;
1246 5643 1454 5696 terebat
1517 5651 1698 5697 tamen
1762 5644 1986 5709 tacitus,
2039 5660 2108 5696 ne

544 5725 676 5794 quid
722 5728 792 5783 ab
838 5732 921 5787 avi
965 5735 1236 5790 sententia
1276 5734 1590 5798 discrepare
1619 5733 1912 5789 videretur.

2205 4552 2256 4605 νί
2286 4567 2310 4616 ι,
2340 4551 2455 4605 ἀλλ’
2483 4554 2546 4604 ἐκ
2570 4551 2678 4602 τῶν
2713 4549 3058 4620 πραγμάτων
3095 4546 3273 4602 αὐτῶν
3305 4547 3524 4624 μαθήσῃ
3554 4547 3764 4616 σαφῶς*

2203 4643 2279 4709 ὡς
2306 4636 2380 4697 ὧν
2414 4642 2513 4712 μὲν
2540 4641 2872 4711 ἀποσχέσθαι
2940 4640 3070 4707 ἔδει,
3113 4639 3289 4692 ταῦτα
3340 4638 3614 4709 προείλου,
3654 4638 3689 4692 ἀ
3712 4640 3769 4692 δὲ

2204 4735 2427 4806 ἔκρινας
2475 4733 2821 4796 καταλιπεῖν,
2872 4732 3079 4784 τούτων
3134 4726 3203 4801 ἦν
3275 4729 3487 4800 βέλτιον
3548 4728 3767 4799 ἔχεσθαι

2207 4824 2381 4880 παντί
2417 4826 2614 4878 σθένει.
2645 4824 2886 4877 Τοιαῦτα
2937 4822 3191 4893 βασιλεὺς
3223 4824 3249 4875 ὁ
3283 4822 3399 4885 νέος
3454 4822 3645 4885 ein-LV,
3674 4839 3771 4874 κα-

2203 4918 2374 4981 ταὸὰς
2403 4915 2495 4969 τοῦ
2529 4916 2720 4979 ἵππου,
2783 4912 3111 4985 προσεκύνει
3144 4914 3239 4965 καὶ
3266 4914 3477 4965 ἀπόντα
3504 4911 3598 4965 τὸν
3624 4913 3771 4965 πάπ-

2207 5028 2306 5063 πον
2336 5011 2431 5062 καὶ
2464 5008 2706 5078 βασιλέα.
2743 5008 2851 5059 Καὶ
2879 5008 2908 5058 ὁ
2937 5004 3231 5075 Μαρούλης
3263 5004 3319 5057 δὲ
3345 5003 3548 5075 ὁμοίως
3578 5004 3769 5074 ὥσπερ

2206 5103 2304 5156 καὶ
2334 5101 2593 5171 πρότερον
2628 5100 2734 5152 ἀπὸ
2767 5097 2861 5151 τοῦ
2889 5098 3106 5167 τείχους
3161 5099 3286 5166 σιγῇ
3318 5098 3418 5168 τὴν
3457 5095 3771 5166 προσκύνη-

2208 5211 2292 5245 σιν
2325 5193 2552 5261 παρεῖχε
2584 5190 2663 5258 τῷ
2697 5191 2802 5258 νέῳ
2828 5188 3058 5257 βασιλεῖ.
3091 5183 3226 5240 Εἶτα
3272 5189 3367 5239 καὶ
3404 5189 3531 5249 τοὺς
3577 5186 3769 5248 ἄλλους

2205 5285 2331 5346 τοῦς
2391 5282 2499 5335 ἀπὸ
2555 5280 2650 5334 τοῦ
2704 5280 2916 5349 τείχους
2978 5274 3379 5347 ἀσπασάμενος
3419 5279 3448 5329 δ
3494 5276 3769 5348 βασιλεὺς,

2208 5371 2555 5441 ἀνεχώρησεν
2588 5367 2817 5431 ἐκεῖθεν,
2848 5367 2943 5419 καὶ
2966 5360 3132 5436 ἦλθεν
3187 5367 3266 5428 εἰς
3295 5364 3627 5435 Σηλυϐρίαν.
3661 5365 3773 5417 Καὶ

2209 5463 2486 5531 διοικήσας
2530 5453 2598 5514 τὰ
2622 5452 2796 5529 ἐκεῖῇ
2847 5457 2995 5526 αὑτῷ
3038 5457 3217 5509 ἐδόκει
3252 5455 3452 5524 ἄριστα
3483 5455 3652 5525 ἔχειν,
3677 5456 3773 5508 καὶ

2210 5556 2445 5624 ἄρχοντα
2472 5552 2770 5622 ἐπιστήσας
2806 5550 3213 5621 Σηλυϐριανοῖς,
3237 5544 3402 5619 ἦλθεν
3435 5551 3514 5611 εἰς
3545 5547 3775 5617 Διδυμό-

2213 5645 2408 5710 τειχον,
2443 5639 2756 5693 καταλιπὼν
2776 5640 2834 5691 ἐν
2858 5634 3128 5709 Σηλυόρίᾳ
3155 5635 3652 5708 παρακοιμὼμει-ον
3682 5638 3775 5689 τὸν

2223 5733 2581 5803 ’Δπόκίυχοη
2616 5731 2710 5796 ὡς’
2753 5732 2819 5786 ἂν
2847 5729 2901 5783 εἴ
2932 5747 2982 5784 τι
3046 5728 3342 5799 ἀσφαλείας
3391 5728 3558 5783 ἐνέδει
3609 5730 3778 5799 Σηλυο
