4136 6288
255 398 361 460 34’)
1435 404 1838 464 HISTORIAF

1942 409 1981 469 ll
2027 411 2256 473 LIBER
2311 412 2358 476 ῐ.
2411 405 2422 411 ’
3423 419 3525 479 350

254 483 604 554 ορξαςένεκα
657 489 1174 559 καταστησάμενος,
1203 487 1470 560 ἀφίκηται
1500 491 1666 545 πάλιν
1702 492 1838 560 πρὸς
1887 496 2071 564 αὐτὸν,
2103 499 2132 552 ὃ
2189 501 2286 554 καὶ
2341 503 2600 570 ἐποίησεν
2657 502 2857 570 ὀλίγων
2903 501 3133 573 ἡμερῶν
3165 507 3317 559 εἴσω.
3356 507 3520 560 Βασι-

251 593 376 651 λεὺς
432 593 478 647 δ’
519 597 576 647 ἐν
628 596 1000 668 Διδυμοτείχῳ
1056 599 1392 669 προσέταξεν
1465 599 1835 670 ἁθροίζεσθαι“
1866 595 1964 664 τὴν
2005 595 2265 665 στρατιάν
2295 612 2310 626 ·
2345 597 2440 648 καὶ
2485 596 2548 649 οὐ
2595 596 2817 659 πολλαῖς
2871 597 3102 670 ὕστερον
3167 600 3431 668 ἡμέραιῦ
3473 600 3518 650 οῖ

249 693 396 747 una
431 691 652 763 Θρᾴκην
681 694 949 762 συνῆλθον
979 695 1179 758 πάντες
1248 695 1392 765 πλὴν
1417 695 1526 748 τῶν
1561 697 1854 760 Κομάνων,
1893 693 1986 757 οὓς
2035 692 2204 762 ὀλίγῳ
2251 692 2512 754 ἐλάσσους
2573 692 2738 754 ὄντας
2779 693 3074 763 δισχιλίους
3125 695 3218 748 τὸν
3267 696 3501 764 ἀριθμὸν

250 779 416 849 (ἦσαν
445 782 488 834 δ’
520 761 665 836 οὗτοι
718 785 770 835 ot
797 761 861 837 ἐκ
895 785 1213 853 Δαλματίας
1258 761 1357 855 τῷ-
1411 785 1624 855 βασιλεῖ
1668 784 2063 855 προσελθόντες
2115 761 2336 853 Μιχαὴλ
2362 783 2440 851 τῷ
2469 784 2733 854 δευτέρῳ)
2764 761 3171 853 προστάξαντος
3242 761 3335 840 τοῦ
3387 761 3522 857 πρε-ἶ

254 872 522 940 σϐιτέρου
572 874 835 943 βασιλέως
891 878 918 928 ὀ
995 876 1266 946 Τορνίκης
1328 876 1652 946 Ανδρόνικος
1708 876 1804 928 καὶ
1855 874 2190 943 ὀΛασκαρις
2232 874 2489 940 Μανουὴλ
2523 874 2831 942 ἀνέστησάν
2893 893 2949 927 τε
2984 877 3091 928 ἀπὸ
3137 869 3386 948 Θρᾴκης,
3429 876 3556 936 καὶ,

253 967 375 1028 ταῖς
410 969 591 1033 νήσοις
628 967 839 1035 Λήμνῳ
901 968 996 1019 καὶ
1061 967 1226 1036 Θάσςρ
1267 969 1662 1037 λέγκατῴκισαν
1709 967 1838 1019 καὶ·

1942 966 2149 1034 Λὲσιῖῳ.
2202 964 2360 1016 Αἰτία
2389 965 2446 1016 δέ
2486 959 2555 1033 ἦν
2587 965 2682 1033 τῆς
2713 966 3064 1026 ἀναστάσεως
3100 968 3300 1029 αὐτῶν,
3367 967 3490 1039 εῦδη

251 1060 344 1118 λος
383 1059 506 1127 μέν,
575 1061 800 1128 οὐδεμία
831 1079 848 1094 ο
895 1062 1114 1130 ἐλέγετο
1139 1063 1194 1115 δέ
1251 1061 1326 1123 ὡς
1360 1063 1612 1131 βασιλεὺς
1659 1061 1883 1114 πύθοιτο
1916 1060 2043 1128 περὶ
2075 1059 2255 1112 αὐτῶν
2284 1059 2358 1122 ὼς
2388 1059 2574 1128 κρύφα
2604 1059 2934 1131 διαλεχθείεν
2975 1063 3112 1130 πρὸς
3143 1061 3270 1122 τοὺς
3320 1062 3522 1128 σατρα-

251 1168 363 1214 sta;
417 1153 524 1204 τῶν
570 1152 814 1218 Σκυθῶν,
851 1154 936 1208 ἵνα
997 1154 1258 1225 στρατιὰν
1329 1155 1651 1225 πέμψαντες
1712 1153 1923 1207 ἐκεῖθεν
1995 1154 2130 1221 μετὰ
2183 1151 2284 1220 τῆς
2329 1151 2493 1221 ἄλλης
2546 1152 2696 1214 λείας
2761 1155 3091 1220 ἀπαγάγωσι
3157 1155 3248 1206 καὶ

253 1251 396 1319 πρίις
449 1247 546 1320 τὴν
613 1248 885 1320 Σκυθικὴν
953 1251 1458 1319 προσχωρήσαντας
1510 1249 1624 1317 ἅμα
1684 1247 1898 1314 γυναιῷ.
1931 1247 2023 1298 καὶ
2071 1247 2301 1308 τέκνοις.
2373 1245 2675 1309 Ἀπόδειξις
2715 1245 2771 1297 δὲ
2814 1242 2881 1316 ἦν
2932 1247 3030 1314 τῆς
3087 1247 3268 1308 αίτίας
3318 1247 3521 1314 ταύτης

251 1342 503 1410 οὐδεμία.
571 1339 661 1391 Διδ
693 1341 789 1392 καὶ
841 1339 1098 1410 βασιλεὺς
1156 1343 1185 1393 ὀ
1235 1342 1355 1404 νέος
1409 1341 1790 1410 ἐδεσχέραινεν
1832 1339 1892 1392 οὐ
1963 1337 2200 1406 μετρίως
2279 1337 2460 1389 αὐτῶν
2527 1338 2926 1408 ἀνισταμένων.
2969 1340 3206 1408 Ἵῐνεγκε
3271 1339 3328 1393 δὲ
3365 1344 3516 1412 σιγῇ,

251 1437 332 1506 τῷ
392 1437 469 1507 μή
557 1437 736 1490 δοκεῖν
799 1437 1023 1492 ἐναντία
1105 1435 1397 1509 βούλεσθαι
1471 1438 1537 1506 τῇ
1614 1435 1880 1506 βασιλέως
1919 1434 2137 1506 γνώμῃ.

1703 1549 1929 1608 CAPUT
1973 1550 2081 1605 LII.

254 1646 619 1700 Pratostrator
655 1646 890 1700 Thracia:
923 1653 1119 1711 prwtor
1145 1657 1378 1699 creatur.
1408 1646 1736 1699 Andronicus
1766 1659 1922 1711 nepos
1968 1661 2085 1715 cum
2123 1663 2312 1715 magno
2345 1647 2623 1700 domestico
2657 1653 2705 1715 et
2745 1654 2900 1712 parte
2933 1645 3204 1714 copiarum
3255 1648 3308 1698 in
3341 1642 3522 1700 Mace-

327 1719 543 1770 doniam
575 1734 693 1770 cum
722 1716 948 1770 hostibus
983 1718 1319 1784 conﬂicturus
1349 1718 1480 1770 abit.
1519 1721 1744 1784 Matrem
1777 1719 1918 1784 apud
1957 1712 2366 1780 Gratianopolin
2393 1718 2610 1770 invenit.
2644 1714 2704 1768 In
2739 1718 2907 1768 hostes
2953 1712 3061 1766 itur
3093 1731 3110 1768 :
3147 1717 3235 1784 qui
3282 1718 3519 1770 timentes

324 1790 444 1844 sibi.
494 1787 691 1840 Pheras
735 1787 1046 1839 concedunt.
1081 1783 1316 1856 filichme
1369 1787 1591 1856 deditior.
1653 1783 1839 1856 Hostes
1876 1783 2058 1856 Pheris
2092 1786 2176 1856 _od
2230 1802 2463 1856 pugnam
2510 1787 2629 1838 elici
2677 1801 2782 1839 non
2838 1794 3076 1854 possunt.
3116 1783 3192 1839 De
3239 1785 3520 1856 postulatis

323 1858 642 1926 prmstandis
671 1873 726 1911 se
753 1863 1040 1920 excusant;
1080 1855 1402 1908 Domesticus
1430 1855 1777 1908 recedendum
1814 1853 2026 1906 suadet.
2082 1853 2337 1909 Zichnmn
2367 1856 2608 1909 redemit.

3323 1153 3521 1206 αὐτοὺς

341 1975 398 2028 Ἐ
415 1974 498 2024 tet
533 1973 588 2025 δέ
623 1972 977 2042 συνήθροιστο
1006 1974 1039 2041 ἡ
1074 1971 1299 2041 στρατιὰ
1321 2011 1335 2035 ,
1367 1971 1458 2024 τὸν
1494 1972 1592 2042 μὲν
1624 1987 1835 2039 πρωτο-

2021 1971 2273 2026 Ετθτοῖιυ
2299 1973 2412 2042 jam
2441 1980 2792 2041 congregato,
2827 1973 3124 2041 imperator
3157 1981 3522 2043 protostrato-

260 2067 532 2136 στράτορα
568 2065 821 2136 βασιλεὺς
851 2065 948 2134 τῆς
981 2065 1203 2135 Θρᾴκης
1237 2065 1514 2131 ἀπέδειξεν
1548 2066 1838 2134 ἐπίτροπον

257 2159 459 2226 πάσης,
507 2154 822 2209 καταλιπὼν
871 2155 1018 2226 αὐτῷ
1069 2156 1161 2208 καὶ
1217 2156 1380 2225 μέρος
1429 2155 1526 2224 τῆς
1581 2155 1838 2224 στρατιᾶς

255 2249 397 2302 ὥστε
426 2248 683 2301 δύνασθαι
712 2248 844 2316 πρὸς
872 2247 996 2309 τοὺς
1026 2247 1086 2298 ἐκ
1115 2245 1410 2309 Βυζαντίου
1442 2245 1705 2314 ἀντέχειν.
1734 2245 1842 2295 Αὐ-

256 2340 347 2402 τδς
376 2338 580 2406 sum
604 2337 681 2406 τῷ
715 2336 938 2405 μεγάλῳ
968 2335 1271 2405 δομεστίκῳ
1298 2335 1396 2402 τὴν
1425 2335 1702 2387 ἐπίλοιπον
1733 2352 1838 2386 πα-

261 2430 514 2502 ραλαῆὼν
541 2429 676 2498 πρὸς
704 2427 1043 2481 Μακεδονίαν
1072 2427 1284 2497 ἐχώρει,
1311 2426 1384 2488 ὡς
1417 2429 1531 2478 ἐκεῖ
1564 2426 1840 2494 μαχούμε-

255 2539 350 2586 νος
383 2524 492 2583 τοῖς
535 2525 598 2573 ἐκ
630 2521 727 2589 τῆς
765 2520 1003 2588 ἑσπέρας
1037 2519 1129 2571 τοῦ
1167 2517 1537 2588 πρεσϐυτέρου
1575 2517 1838 2586 βασιλέως

257 2615 605 2686 στρατηγοῖς.
645 2611 911 2665 Ἐπυθετο
949 2612 1056 2681 γὰρ
1096 2611 1292 2674 αὐτοὺς
1334 2612 1397 2662 ἐκ
1433 2611 1535 2662 τῶν
1569 2610 1837 2671 ἐσπερῖων

254 2706 470 2759 πόλεων
493 2705 750 2773 στρατιὰν
768 2704 868 2756 οὐκ
892 2703 1370 2771 εὐκαταφρόνητον
1395 2701 1834 2772 συνηθροικότας,

256 2799 378 2866 ἅμα
407 2796 464 2849 δέ
494 2796 590 2849 καὶ
619 2793 902 2866 Τριῦαλῶν
933 2795 1032 2847 οὐκ
1062 2794 1251 2862 ὀλίγην
1282 2795 1601 2864 συμμαχίαν
1630 2795 1834 2860 ἐπαγο-

262 2889 457 2960 μένους
503 2891 701 2959 χωρεῖν
744 2887 866 2940 κατ’
895 2886 1084 2940 αὑτοῦ.
1129 2886 1385 2939 Βασιλίδα
1429 2887 1484 2938 δέ
1530 2886 1627 2956 τὴν
1673 2885 1838 2938 αὑτοῦ

258 2979 510 3050 γαμετὴν
535 2981 592 3032 ἐν
619 2978 986 3049 Διδυμοτείχῳ
1017 2978 1407 3030 καταλέλοιπεν
1435 2977 1550 3047 ἅμα
1576 2980 1638 3045 τῇ
1670 2977 1836 3029 αὐτοῦ

259 3073 383 3142 θεία
415 3069 668 3141 Θεοδώρᾳ
697 3072 764 3140 τῇ
799 3069 1223 3139 Καντακουζηνῇ
1256 3072 1321 3140 τῇ
1354 3070 1448 3122 τοῦ
1485 3069 1720 3136 μεγάλου
1756 3069 1840 3122 δο-

261 3165 525 3236 μεστίκου
568 3163 754 3232 μητρί,
787 3161 1082 3230 Γενόμενος
1121 3161 1177 3213 δὲ
1217 3164 1274 3213 ἐν
1312 3161 1643 3228 Γρατζιάνου
1684 3161 1838 3213 πόλει

1947 2079 2062 2117 rem
2099 2063 2368 2117 universa:
2405 2063 2650 2117 Thracia:
2696 2065 2954 2132 praeﬁcit;
2991 2073 3200 2133 partem
3233 2067 3516 2134 copiarum

1945 2157 2010 2211 ad
2050 2157 2367 2226 Byzantiuis
2391 2156 2815 2225 erumpentibus
2855 2157 3228 2210 resistendum
3271 2159 3320 2210 ei
3364 2160 3520 2212 attri-

1945 2250 2105 2314 buit;
2160 2265 2282 2302 eum
2345 2251 2514 2304 altera
2570 2258 2725 2318 parte
2794 2260 2850 2302 et
2890 2264 3086 2317 magno
3123 2249 3424 2303 domestico
3462 2252 3516 2304 in

1944 2343 2315 2397 Macedoniam
2355 2343 2548 2400 tendit.
2592 2341 2666 2395 ibi
2719 2357 2848 2395 cum
2885 2341 3122 2394 ducibus
3171 2343 3406 2396 senioris
3450 2359 3518 2396 ex

1944 2435 2234 2488 occidente
2269 2433 2422 2500 signa
2467 2431 2798 2491 collaturus,
2833 2447 2973 2499 quos
3006 2447 3070 2484 ex
3105 2431 3334 2485 urbibus
3373 2434 3520 2487 occi-

1945 2526 2260 2580 dentalibus
2305 2541 2414 2579 non
2451 2523 2857 2578 contemnendo
2898 2525 3132 2576 collecto
3175 2524 3415 2592 agmine,
3461 2533 3517 2578 et

1943 2632 2068 2670 cum
2100 2615 2466 2669 Triballorum
2502 2629 2610 2666 non
2645 2613 2878 2666 modicis
2911 2614 3130 2666 auxiliis
3156 2628 3212 2666 se
3238 2629 3518 2682 oppugna-

1946 2721 2060 2766 tum
2114 2707 2304 2760 venire
2351 2707 2720 2760 intellexerat.
2771 2707 3004 2761 Uxorem
3058 2708 3356 2773 Augustam
3389 2723 3515 2761 cum

1941 2797 2270 2854 consobrina
2318 2797 2605 2850 Thcodora
2651 2796 3057 2858 Cantaeuzeua,
3115 2799 3292 2866 magni
3327 2798 3510 2853 dome-

1945 2891 2068 2945 stici
2103 2899 2298 2949 matre,
2332 2887 2702 2958 Didymoticbi
2740 2887 3020 2956 relinquit.
3051 2887 3346 2956 Postquam
3383 2887 3513 2944 Gra-

1947 2982 2247 3050 tian0polin
2292 2980 2345 3034 in
2390 2979 2592 3033 ﬁnibus
2623 2979 2870 3033 Thracia:
2901 2980 3140 3048 positam
3177 2980 3377 3048 attigit,
3413 2979 3506 3035 Xcv

1945 3091 2071 3130 nam
2111 3085 2339 3130 matrem
2379 3073 2810 3143 imperatricem.
2855 3089 3011 3126 suum
3060 3073 3321 3142 Byzantio
3373 3073 3511 3127 redi-

1950 3179 2062 3224 tum
2086 3169 2516 3240 prtestolantcm,
2543 3167 2776 3220 invenit.
2795 3165 2930 3218 Nam
2956 3166 3256 3219 etiamnum
3281 3165 3514 3220 durante

262 3257 394 3324 περὶ
420 3253 644 3315 ἐκϐολὰς
672 3252 771 3320 τῆς
799 3253 1021 3323 Θρᾴκης
1051 3255 1282 3324 κειμένῃ
1305 3293 1318 3316 ,
1347 3253 1514 3323 Ξένην
1539 3251 1704 3304 αὑτοῦ
1741 3270 1838 3321 μη-

1947 3260 2176 3322 ftedere,
2231 3274 2259 3312 a
2313 3271 2609 3326 prosocero
2657 3255 2989 3322 imperatore
3023 3257 3402 3319 contenderat,
3457 3266 3515 3310 ut

256 3347 394 3418 τέρα
421 3345 518 3415 τήν
551 3343 798 3414 βασιλίδα
825 3344 926 3412 τὴν
957 3344 1019 3396 ὲκ
1052 3343 1346 3406 Βυζαντίου
1381 3345 1638 3397 ἐπάνοδον
1668 3344 1834 3397 αὐτοῦ

260 3436 663 3506 περιμένουσαν
697 3428 874 3502 εὗρεν.
913 3433 1060 3502 Αῦτη
1095 3434 1222 3503 γὰρ,
1261 3435 1339 3487 ἔτι
1373 3434 1482 3487 τῶν
1517 3436 1652 3505 πρὸς
1675 3436 1841 3505 ἀλλή-

259 3531 385 3590 λους
419 3531 532 3590 τοῖς
567 3526 845 3594 βασιλεῦσι
883 3526 1126 3578 σπονδῶν
1160 3527 1366 3593 οὐσῶν,
1406 3528 1541 3598 πρὸς
1578 3528 1843 3598 βασιλέως

259 3621 502 3692 ᾐτήσατο
524 3617 616 3670 τοῦ
645 3615 911 3685 κηδεστοῦ
942 3616 1076 3684 πρὸς
1103 3617 1504 3686 Θεσσαλονίκην
1527 3621 1585 3670 ὲν
1607 3612 1651 3686 ᾧ
1679 3636 1844 3689 φρον-

258 3712 528 3782 τιστηρίῳ
557 3710 619 3763 τδ
655 3708 946 3778 μοναχικόν
978 3708 1294 3778 ὴμφιάσατο
1329 3708 1517 3778 σχῆμα
1548 3710 1712 3768 πάλιν
1744 3713 1842 3763 ἐπ-

255 3803 507 3859 ανελθεῖν
533 3816 546 3830 ⁶
581 3802 678 3853 καὶ
718 3799 1027 3870 ἐπετράπη.
1073 3797 1158 3861 Ὠς
1192 3799 1249 3851 δὲ
1288 3800 1490 3868 μεταξῦ
1525 3803 1624 3869 τῆς
1656 3801 1778 3854 ὁδοῦ
1812 3803 1840 3854 δ

255 3894 401 3965 πρὸς
433 3890 696 3962 ἀλλήλους
728 3890 836 3942 τῶν
870 3889 1136 3959 βασιλέων
1169 3889 1403 3953 πόλεμος
1437 3892 1799 3963 ἀνεῤῥιπίσθη
1822 3931 1837 3956 ,

252 3985 478 4057 ἔμεινεν
529 3983 586 4036 ἐν
639 3983 676 4034 Γ
683 3981 971 4051 ρατζιάνου
1025 3980 1251 4033 δείσασα
1302 3982 1400 4050 τὴν
1451 3982 1682 4047 ἀταξίαν
1731 3984 1840 4038 τῶν

255 4077 556 4146 ἐσπερίων.
595 4075 684 4137 Ὠς
717 4075 826 4143 γὰρ
852 4072 1094 4143 ἠγγέλθη
1127 4073 1308 4136 αὐτοῖς
1341 4074 1422 4126 ὅτι
1453 4073 1756 4129 διελέλυντο
1784 4079 1839 4130 ai

255 4167 516 4229 σπονδαὶ,
547 4166 672 4228 τοὺς
703 4164 781 4234 τῷ
811 4164 919 4234 νέῳ
950 4163 1164 4233 βασιλεῖ
1192 4165 1621 4234 προσκειμένους
1655 4161 1840 4236 εἷρξαν

251 4276 318 4312 τε
361 4259 570 4318 πάντας
610 4259 706 4311 καὶ
744 4253 889 4327 εἶχον
921 4259 980 4309 ἐν
1014 4258 1226 4327 φρουρᾷ
1252 4272 1266 4286 ·
1303 4259 1516 4328 ἡμέρας
1557 4257 1614 4311 δέ
1653 4259 1840 4327 ὀλίγας

252 4351 379 4421 ἅμα
408 4353 475 4420 τῇ
509 4350 679 4420 μητρὶ
709 4348 996 4420 διατρίψας
1027 4347 1213 4413 αὐτοῦ,
1247 4349 1370 4402 ἐπεὶ
1399 4352 1432 4420 ἡ
1465 4352 1528 4402 ἐκ
1555 4351 1650 4420 τῆς
1681 4351 1839 4404 ἐσπέ-

256 4459 366 4513 ρας
395 4440 628 4511 στρατια
657 4440 898 4511 ἠγγέλθη
931 4440 1058 4510 περ)⁸
1083 4441 1312 4510 Δράμαν
1335 4444 1431 4496 καὶ
1450 4443 1549 4512 τήν
1570 4443 1837 4498 Φιλίππου

253 4534 448 4597 πόλεις
475 4533 856 4596 Μακεδονικὰς
883 4533 1465 4601 ἐστρατοπεδευκέναι,
1499 4535 1618 4604 Θεῷ
1651 4537 1742 4588 καὶ
1771 4538 1836 4606 τῇ

1945 3351 2046 3404 sibi
2087 3350 2152 3402 ad
2197 3347 2592 3402 monasterium
2619 3344 3046 3403 Thessalonicae.
3095 3344 3150 3397 in
3185 3359 3295 3413 quo
3328 3360 3516 3400 mona-

1944 3442 2139 3496 sticum
2190 3440 2458 3492 induisset
2505 3437 2776 3498 habitum,
2827 3435 3009 3490 redire
3059 3436 3142 3491 fas
3187 3445 3368 3502 esset;
3403 3453 3514 3506 quo

1942 3544 2070 3586 voto
2109 3532 2278 3600 polita
2319 3541 2420 3584 est.
2450 3530 2584 3582 Dum
2616 3540 2799 3581 autem
2831 3527 3223 3597 proﬁciscitur,
3256 3528 3399 3582 bello
3432 3530 3514 3584 in-

1943 3632 2028 3677 ter
2067 3623 2429 3690 imperatores
2474 3622 2774 3681 concitato,
2819 3618 3219 3688 Gratianopoli,
3250 3619 3516 3674 Occiden-

1945 3714 2132 3768 talium
2179 3712 2472 3765 tumultum
2513 3719 2569 3764 et
2621 3710 2978 3764 insolentiam
3018 3719 3271 3764 metuens
3313 3711 3517 3766 substi-

1944 3804 2029 3858 tit.
2089 3803 2288 3857 Statim
2337 3803 2484 3856 enim
2545 3811 2711 3870 atque
2767 3803 3081 3856 nuntiatum
3147 3812 3270 3863 est,
3333 3803 3514 3857 l'aadus

1944 3895 2195 3966 periisse,
2230 3904 2501 3964 quotquot
2533 3895 2702 3948 rebus
2746 3894 2992 3964 junioris
3020 3894 3160 3947 bene
3195 3894 3510 3962 cupiebant,
3553 3961 3556 3964 _

1944 3985 1997 4038 in
2033 3984 2340 4039 custodiam
2378 3984 2492 4037 dati
2526 3993 2676 4038 sunt.
2724 3983 2918 4037 Paucis
2949 4000 3118 4053 porro
3158 3984 3355 4038 diebus
3388 3999 3512 4038 cum

1941 4084 2118 4130 matre
2146 4073 2508 4140 consumptis,
2539 4073 2632 4126 ubi
2665 4074 2893 4126 nuntius
2933 4075 3131 4128 allatus
3157 4083 3261 4138 est,
3304 4075 3516 4129 excrci-

1945 4177 2056 4220 tum
2087 4163 2481 4219 occidentalem
2515 4163 2659 4217 circa
2698 4163 2950 4216 Dramam
2983 4173 3040 4217 et
3081 4163 3363 4231 Philippos
3403 4164 3514 4218 Ma-

1941 4259 2186 4313 cedoniae
2223 4257 2419 4326 oppida
2469 4254 2873 4318 castrametari,
2922 4255 3094 4310 Deum
3143 4255 3369 4324 ejusque
3413 4255 3514 4309 Pa-

1941 4359 2153 4402 rentem
2200 4346 2562 4400 castissimam
2614 4354 3017 4415 comprecatus,
3066 4355 3124 4400 cl
3175 4345 3508 4402 sacriﬁcium

1939 4441 2120 4497 laudis
2143 4440 2339 4495 iisdem
2373 4439 2720 4500 sacriﬁcans,
2743 4439 2905 4508 jussit
2923 4439 3338 4509 jusjurandum,
3361 4439 3508 4509 quod

1944 4550 2077 4589 avus
2111 4535 2164 4588 iu
2195 4533 2403 4589 foedere
2430 4531 2733 4587 sanciendo
2758 4533 2971 4602 jurarat
2999 4541 3051 4584 et
3079 4546 3298 4585 servare
3329 4547 3386 4586 se
3415 4548 3515 4601 pu-

255 4627 520 4697 πανάγνῳ
559 4625 724 4678 αὐτοῦ
769 4628 940 4698 μητρὶ
975 4627 1294 4694 εὐξάμενος,
1332 4628 1424 4679 καὶ
1466 4627 1656 4681 θυσίαν
1692 4629 1836 4682 αίνέο

1946 4628 2113 4689 tabat,
2155 4626 2210 4680 in
2244 4625 2445 4680 vexillo
2473 4623 2762 4693 suspendi,
2795 4632 2850 4676 et
2897 4633 3045 4677 recta
3078 4623 3132 4676 in
3175 4623 3362 4678 hostes
3389 4638 3514 4692 pro-

259 4736 404 4781 σεως
438 4718 621 4780 αὐτοῖς
654 4716 821 4779 θύσας
842 4757 856 4780 ,
889 4720 1015 4779 τοὺς
1049 4719 1140 4769 ἐπὶ
1169 4721 1288 4781 ταῖς
1323 4720 1575 4782 σπονδαῖς
1609 4737 1841 4791 γεγενη-

261 4810 461 4879 μένους
489 4808 582 4862 τοῦ
615 4807 987 4878 πρεσϐυτέρου
1023 4807 1288 4878 βασιλέως
1313 4809 1528 4882 ὅρκους,
1559 4810 1650 4872 οὒς
1679 4812 1840 4873 αὐτὸς

257 4900 401 4972 ᾤετο
439 4901 718 4970 εὐορκεῖν,
757 4899 1044 4952 ἐκέλευσεν
1078 4900 1170 4954 ἐπὶ
1203 4899 1304 4968 τῆς
1341 4903 1580 4969 σημαίας
1613 4902 1840 4954 ἀναθέν-

259 5010 365 5055 τας
415 4992 543 5044 εὺθὺ
591 4994 790 5062 χωρεῖν
833 4992 942 5044 τῶν
991 4993 1288 5061 πολεμίων.
1332 4993 1737 5064 Ἐστρατήγουν
1783 4994 1840 5046 δέ

257 5083 441 5139 αὐτῶν
465 5084 493 5136 δ
519 5099 577 5134 τε
603 5081 696 5135 τοῦ
724 5081 1097 5152 πρεσϐυτέρου
1129 5083 1394 5152 βασιλέως
1424 5083 1643 5150 ἀνεψιὸς
1680 5083 1840 5137 Ἀσά-

258 5190 359 5243 νης
385 5173 639 5242 Μιχαὴλ,
667 5170 762 5226 καλ.
788 5173 817 5224 ὀ
848 5171 1091 5243 ὕπαρχος
1120 5174 1442 5244 Μονομάχος
1461 5213 1476 5236 ,
1504 5177 1598 5228 καὶ
1626 5175 1654 5226 ὀ
1689 5191 1840 5244 πρω-

257 5265 630 5332 τοσεστιὰριος
669 5264 1026 5333 Παλαιολόγος
1063 5266 1408 5337 Λνδρόνικος,
1441 5267 1554 5331 ικαὶ
1591 5268 1684 5320 ἐπὶ
1715 5267 1841 5319 τού-

258 5373 373 5418 τοις
405 5357 717 5426 Δημήτριος
748 5357 775 5407 ὁ
801 5357 1068 5425 δεσπότης
1096 5359 1123 5409 ὀ
1147 5357 1242 5410 τοῦ
1276 5357 1540 5427 βασιλέως
1571 5359 1705 5422 υίός.
1731 5357 1838 5412 Τοῦ

261 5448 318 5501 δὲ
349 5449 414 5500 ἐκ
439 5447 546 5499 τῶν
573 5446 859 5515 Τριϐαλῶν
888 5449 1240 5518 συμμαχικοῦ
1272 5449 1592 5503 δυοκαίδεκα
1619 5451 1835 5518 ταγμά-

260 5555 370 5592 των
395 5537 589 5602 δντων,
618 5540 646 5589 ὀ
676 5538 892 5608 Χρέλης
919 5541 1246 5609 ἐστρατήγει
1270 5579 1286 5604 ,
1313 5541 1420 5596 τῶν
1445 5559 1503 5596 τε
1533 5543 1682 5612 παρὰ
1707 5543 1838 5612 Τρι-

264 5626 446 5688 ϐαλοϊς
475 5626 815 5696 εὐπατριδῶν
843 5630 941 5682 καὶ
971 5629 1194 5699 ἀνδρίας
1225 5633 1319 5685 καὶ
1347 5633 1642 5702 ἐμπειρίας
1673 5651 1839 5704 στρα-

263 5717 499 5786 τηγικῆς
532 5716 602 5770 τὰ
641 5718 834 5788 πρῶτα
876 5718 1060 5788 φέρων
1093 5721 1224 5793 παρ’
1251 5723 1455 5786 αὐτοῖς.
1484 5724 1636 5794 Ἀμα
1673 5724 1730 5778 δὲ
1763 5725 1841 5796 τῷ

273 5808 516 5878 ἅψασθαι
536 5808 634 5878 τῆς
655 5811 741 5863 ἐπ’
761 5810 1003 5874 ἐκείνους
1023 5809 1160 5877 ὀδοῦ,
1188 5815 1213 5866 ὀ
1238 5814 1485 5884 βασιλεὺς
1511 5816 1841 5884 πρόσταγμα

1942 4720 2161 4783 cedere,
2214 4732 2447 4786 quorum
2503 4715 2694 4778 duces,
2747 4715 3100 4783 imperatoris
3150 4713 3388 4769 senioris
3440 4731 3506 4770 ex

1940 4824 2127 4864 sorore
2185 4807 2373 4868 ﬁlius,
2426 4805 2655 4859 Michael
2715 4807 2942 4865 Asancs,
3001 4813 3058 4856 et
3121 4802 3511 4856 Monomacbus

1939 4899 2250 4968 prtefcctus,
2283 4896 2436 4966 161
2474 4907 2530 4950 et
2559 4895 2910 4950 Andronicus
2951 4894 3287 4963 Palzeologus
3330 4903 3512 4960 proto-

1939 4991 2254 5053 vesliarius,
2290 5005 2353 5044 ac
2391 4999 2511 5058 post
2550 5003 2646 5042 eos
2688 4988 3000 5042 Demetrius
3039 4988 3288 5057 despota,
3339 4989 3512 5055 impe-

1941 5086 2142 5139 ratoris
2182 5085 2362 5151 ﬁlius;
2417 5079 2789 5137 Triballorum
2838 5082 3128 5136 duodecim
3181 5081 3506 5134 cohortibus

1936 5179 2161 5233 Chreles
2193 5189 2458 5248 praeerat;
2503 5178 2596 5245 qui
2647 5177 2790 5230 inter
2845 5175 3054 5229 nobiles
3104 5189 3215 5227 sua:
3270 5172 3509 5225 nationis

1938 5270 2267 5323 fortitudine
2328 5276 2386 5322 et
2428 5263 2648 5321 bellicis
2689 5266 2951 5320 laudibus
2997 5263 3360 5317 antecellebat
3393 5276 3507 5314 om-

1938 5361 2122 5415 nibus.
2155 5359 2329 5414 Simul
2369 5367 2552 5411 autem
2583 5357 2728 5410 viam
2770 5355 3002 5425 ingressi
3033 5363 3181 5417 sunt,
3211 5353 3506 5421 imperator
3583 5387 3587 5390 -

1933 5453 2118 5520 junior
2171 5447 2484 5518 hujusmodi
2533 5448 2853 5501 mandatum
2901 5446 2968 5500 ad
3015 5460 3110 5500 eos
3161 5445 3328 5498 mittit
3373 5463 3385 5496 :
3435 5441 3502 5495 Mi

1939 5552 2132 5612 patrue
2179 5541 2432 5610 despota,
2493 5549 2548 5594 et
2601 5553 2699 5592 vos
2753 5539 2972 5609 cognati
3019 5538 3148 5611 mei,
3196 5538 3504 5606 reliquique

1939 5633 2220 5703 principes
2259 5630 2560 5694 exercitus,
2608 5638 2870 5698 quautam
2899 5629 3337 5692 venerationem,
3378 5632 3508 5683 obe-

1939 5725 2224 5787 dientiam,
2262 5732 2316 5778 ct
2355 5737 2598 5778 amorem
2629 5737 2730 5778 avo
2762 5738 2884 5778 meo
2913 5723 3183 5778 hactenus
3223 5722 3508 5792 impende-

1944 5815 2068 5882 rim,
2117 5825 2172 5870 et
2201 5812 2477 5881 quomodo
2523 5814 2726 5872 bellum
2758 5830 2788 5870 a
2822 5829 2908 5870 me
2940 5828 3285 5876 nequaquam
3317 5823 3498 5868 ortum
