4156 6300
442 276 551 338 305
1598 258 2159 335 .ntsrontAuUM
2197 265 2427 333 LIBER
2475 266 2514 331 t.
3580 267 3682 333 34:1;
3774 252 3783 257 ’

443 404 504 440 τε
538 386 675 439 πόδα
708 386 1051 454 ἀπεγύμνου,
1086 388 1175 439 καὶ
1206 386 1307 448 τὰς
1336 387 1546 450 ὀθόνας,
1582 381 1667 450 αῖς
1716 387 2014 456 ἐδεσμεῖτο,
2050 390 2084 443 Α

2050 390 2090 443 Α
2123 382 2377 437 nelicium
2410 382 2612 451 gratias
2661 377 2793 450 tgil,
2832 394 2894 433 ac
2938 388 3048 433 tota
3081 378 3271 435 civitas
3309 376 3587 435 iuttllccto
3628 386 3681 437 in

449 477 705 547 περιῄρει
761 475 830 545 (ὦ
859 477 959 546 τῆς
990 478 1193 548 πολλῆς
1231 479 1325 531 τοῦ
1367 477 1503 531 Θεοῦ
1552 481 1679 549 περὶ
1716 479 1839 540 τοὺς
1873 477 2014 547 μάρ-

2120 488 2243 527 eum
2278 469 2425 527 e‘dito
2459 483 2564 527 tam
2621 471 2928 525 admirabili
2985 485 3173 540 opere,
3209 472 3408 525 multas
3441 474 3571 537 Deo,
3626 486 3686 530 ct
3732 458 3734 461 I

443 564 1008 637 τυραςφιλοτιμίαςι),
1027 570 1055 620 6
1081 569 1180 638 μὲν
1207 571 1365 640 μοτδς
1385 569 1490 634 ἔξω
1515 567 1711 639 εὕρητο
1750 568 2017 639 ἐρριμμέ-

2122 566 2419 629 Demetrio,
2445 582 2475 618 a
2505 580 2614 634 quo
2644 575 2868 619 curatus
2901 564 3098 628 fuerat,
3125 564 3317 620 laudes
3340 566 3681 625 Adecautavlt.
3731 610 3738 626 .

444 672 558 722 νος·
583 657 739 726 ὑγιὴς
756 658 812 711 δὲ
836 660 864 711 ό
880 661 1015 725 ποὺς
1044 664 1101 724 ἐς
1134 660 1407 724 τοσοῦτον,
1429 662 1504 723 ὡς
1531 661 1666 731 μηδὲ
1695 663 1841 730 ῖχνος
1856 661 2015 728 οὐλῆς

2118 658 2248 712 lude
2305 672 2576 726 egressus,
2630 658 2928 710 inclinante
2971 657 3081 721 jam
3133 656 3187 710 in
3222 667 3437 712 noctem
3475 659 3587 723 die,
3628 659 3682 715 in

452 749 486 819 ἢ
513 750 830 818 τραύματος
852 751 1350 819 ὐποφαίνειν,ῒὶλλ’
1368 753 1679 821 ἀγνοεῖσθαι
1710 753 1891 806 εἴποτε
1923 753 2017 807 καὶ

2119 749 2268 816 regia
2302 764 2497 803 somno
2526 763 2584 803 se
2617 748 2790 802 dedit.
2836 746 2939 803 Ubi
2982 748 3202 810 diluxit,
3232 750 3367 818 ipse,
3395 760 3449 805 et
3481 751 3682 823 milites

447 839 684 911 ἐτρώθη.
717 841 898 911 Ὅπερ
935 842 1061 896 ίδὼν
1089 845 1116 895 ὁ
1145 843 1402 913 βασιλεὺς
1427 844 1631 910 μᾶλλόν
1661 861 1719 897 τε
1750 844 1893 914 ἥσθη
1929 845 2017 898 διὰ

2117 842 2286 894 armis
2329 840 2532 904 induti,
2566 839 2862 894 comitante
2901 841 3064 894 etiam
3105 840 3362 895 alacriter
3414 841 3468 894 in
3514 843 3685 896 armis

446 932 628 998 τοῦτο,
649 934 683 1004 ἢ
710 935 794 988 ὅτι
833 935 1237 1006 Θεσσαλονίκην
1268 937 1644 1005 ὑπεποιήσατο
1678 935 1887 1005 ἑαυτῷ⁶
1923 938 2016 989 καὶ

2119 933 2601 987 Thcssalonicensi
2632 916 2864 1002 populo,
2901 932 2966 985 ad
3014 947 3195 986 arcem
3247 932 3593 999 prodierunt,
3627 945 3687 988 ut

447 1027 784 1095 θερμοτέρας
830 1026 1022 1079 τούτου
1077 1027 1239 1081 ἕνεκα
1269 1029 1365 1081 καὶ
1402 1028 1620 1091 πλείους
1666 1028 1762 1090 τὰς
1790 1028 2014 1099 εὐχαριο

2119 1023 2223 1078 nisi
2276 1032 2471 1093 sponte
2523 1040 2642 1078 eam
2700 1023 2979 1078 traderent
3026 1023 3121 1091 qui
3170 1023 3504 1089 retinebant,
3534 1024 3585 1077 vi
3620 1040 3687 1080 eo

450 1118 605 1180 στίας
652 1117 932 1172 ἀπεδίδου.
981 1119 1094 1172 Kal.
1145 1119 1178 1188 ἡ
1224 1119 1379 1180 πόλις
1410 1119 1465 1172 δὲ
1513 1122 1664 1173 πᾶσα
1690 1119 1788 1186 τὴν
1814 1123 1893 1181 εἰς
1923 1118 2015 1171 τὸν

2117 1114 2492 1185 adigerentur.
2527 1114 2770 1170 Primum
2821 1115 2989 1184 igitur
3026 1114 3326 1184 imperator
3356 1130 3452 1170 eos
3485 1117 3686 1171 saluta-

451 1192 679 1270 βασιλξα
728 1206 1019 1275 πυθόμενοι
1047 1204 1516 1277 θαυματὸυργίαν,
1547 1208 1778 1270 πολλοὺς
1816 1208 2015 1278 ὕμνους

2119 1214 2258 1279 tum,
2290 1204 2430 1257 etad
2459 1218 2639 1258 arcem
2665 1202 2789 1256 sine
2833 1204 2978 1256 crede
3004 1210 3060 1257 et
3085 1206 3350 1273 sanguine
3380 1204 3685 1260 dedendam

447 1295 527 1355 εἷς
549 1311 609 1346 τε
632 1296 765 1348 Θεὸν
779 1291 925 1370 ᾖδον,
953 1299 1046 1349 καὶ
1075 1299 1390 1367 Δημήτριον
1409 1299 1500 1351 τὸν
1520 1298 1727 1351 ἐκείνου
1746 1300 2013 1367 θεραπευ-

2117 1297 2409 1350 invitatum
2449 1295 2637 1355 mittit.
2693 1293 3037 1347 oblivionem
3076 1293 3469 1359 offensionum,
3501 1306 3558 1351 et
3598 1297 3690 1350 be-

447 1386 567 1455 τήν.
586 1386 826 1439 Ἐκεῖθεν
857 1387 915 1440 δὲ
943 1389 1174 1456 ἐξελθὼν
1201 1391 1228 1440 ὁ
1271 1389 1548 1459 βασιλεὺς,
1595 1391 1886 1463 κλινούσης
1913 1393 2013 1465 ἤδη

2115 1388 2465 1443 nelicentiam
2521 1385 2821 1455 pollicitus.
2876 1382 2976 1439 Ubl
3024 1385 3362 1441 obdurantes
3414 1396 3689 1443 oratorem

446 1477 546 1544 τῆς
579 1477 828 1546 ἡμέραςί
861 1479 940 1538 είς
991 1481 1061 1532 τὰ
1113 1479 1358 1538 Βασίλεια
1404 1481 1663 1550 ηὐλίσατο
1710 1482 1808 1552 τὴν
1841 1483 2013 1537 νύκτα

2116 1482 2470 1543 dimiserunt,
2503 1479 2706 1550 quibus
2732 1478 2919 1535 datum
2956 1479 3260 1553 negotium,
3291 1477 3356 1532 ad
3386 1478 3551 1534 horas
3581 1489 3690 1534 tres

447 1565 639 1618 ἐλθών.
697 1567 846 1636 Ἀμα
890 1567 946 1622 δὲ
993 1569 1068 1639 ἕῳ
1115 1571 1196 1633 είς
1250 1571 1349 1642 τὴν
1406 1572 1698 1642 ὑστεραίαν
1736 1573 1896 1636 αὐτός
1954 1592 2014 1626 τε

2116 1581 2213 1627 aut
2256 1580 2519 1641 quatuor,
2572 1586 2763 1625 muros
2793 1569 3123 1625 adversariis
3145 1570 3296 1624 intus
3344 1570 3583 1624 viriliter
3631 1586 3690 1626 se

448 1654 810 1726 ὁπλισάμενος
842 1658 936 1710 καὶ
960 1660 993 1727 ἡ
1026 1660 1277 1730 στρατιὰ,
1304 1662 1397 1713 καὶ
1436 1662 1530 1714 τοῦ
1578 1662 2014 1717 Θεσσαλονικέων
2049 1713 2088 1733 η

2051 1713 2088 1733 η
2117 1663 2563 1728 defendentibus,
2598 1669 3011 1731 oppugnarunt.
3061 1661 3213 1727 Post,
3267 1671 3381 1715 tum
3422 1660 3566 1716 arcis
3613 1664 3692 1733 ip-

449 1743 627 1814 δήμου
651 1713 993 1818 προθύμως.
1025 1713 1552 1822 συστρατευομένου,
2047 1713 2090 1768 Β

2049 1713 2090 1768 Β
2121 1754 2239 1812 sius
2284 1756 2499 1821 incolae,
2539 1764 2651 1809 tum
2701 1764 2973 1823 quotquot
3019 1768 3051 1807 e
3105 1753 3690 1808 Tbessaloniceusibus

449 1838 766 1906 ἀκρόπολιν,
800 1840 876 1900 ὡς
920 1843 970 1895 εί
1020 1843 1098 1913 μὴ
1151 1848 1525 1914 προσχωροῖεν
1551 1847 1733 1901 ἑκοντὶ
1780 1849 2020 1901 οἱκατα-

2123 1848 2364 1919 perfugis
2403 1847 2607 1901 seniori
2660 1844 2976 1914 imperatori
3010 1857 3206 1912 parum
3239 1843 3380 1897 bene
3409 1843 3690 1910 volebant,

452 1928 696 1996 σχόντες,
719 1929 1000 1998 βιάσαιντο
1029 1934 1143 1995 τοῖς
1171 1932 1374 1998 ὅπλοις.
1411 1935 1611 2006 Πρῶτα
1639 1937 1737 2006 μὲν
1761 1935 1853 1990 οὖν
1880 1938 2021 2007 πέμ-

2122 1937 2411 1992 sententiis
2444 1944 2500 1991 et
2528 1934 2726 1989 animis
2757 1934 2826 1988 ab
2872 1933 2997 1986 aliis
3042 1947 3139 2001 per
3185 1931 3519 1987 seditionem
3578 1933 3689 1989 dis-

447 2018 556 2089 ψας
585 2022 613 2072 6
667 2020 943 2090 βασιλεὺς,
977 2025 1354 2095 προσηγόρευέ
1411 2043 1473 2079 τε
1525 2028 1652 2090 τοὺς
1712 2027 1882 2093 ἔνδον,
1929 2033 2022 2082 καὶ

2127 2040 2433 2098 crepantes,
2479 2036 2533 2081 et
2589 2025 2838 2079 inducias
2884 2040 2912 2077 a
2953 2024 3171 2093 juniure
3218 2023 3548 2094 imperatore
3598 2041 3694 2095 po-

451 2113 813 2183 προύκαλεῖτο
842 2115 1041 2179 αὐτοὺς
1086 2116 1289 2187 ἀμαχεὶ
1332 2118 1432 2188 τὴν
1460 2118 1755 2188 ἀκρόπολιν
1790 2121 2022 2190 παραδι-

2124 2130 2362 2185 scentes,
2408 2118 2533 2171 illos
2578 2116 2715 2171 alios
2763 2131 2870 2170 una
2922 2130 3109 2171 secum
3157 2116 3412 2170 obsessos
3467 2116 3730 2171 allocuti.

450 2202 622 2270 δόναι,
657 2205 966 2274 ἀμνηστίαν
994 2223 1060 2271 ,τε
1115 2208 1394 2279 παρόχων,
1429 2210 1524 2262 καὶ⁵
1555 2210 2024 2280 ἐπαγγελλόμενος

2124 2218 2268 2265 sunt.
2310 2209 2378 2263 Et
2410 2207 2610 2276 Lyzico
2640 2206 2862 2276 quidem
2899 2207 3040 2260 arcis
3069 2205 3357 2275 praefecto,
3392 2212 3453 2259 ut
3500 2207 3569 2261 de
3603 2222 3694 2275 pa-

456 2291 706 2360 ποιήσειν
732 2291 813 2345 εὖ.
844 2293 933 2356 Ὠς
960 2292 1007 2346 δ’
1023 2293 1124 2347 οὐκ
1145 2296 1426 2364 ἐσήκουον,
1450 2296 1586 2349 ἀλλά
1609 2297 2020 2367 ἐσκληρύνοντο,

2125 2302 2232 2356 tria
2284 2302 2529 2370 ipsorum
2582 2307 2866 2361 statueret,
2909 2312 3019 2350 non
3073 2310 3131 2350 se
3171 2297 3539 2365 permissuros
3582 2298 3694 2353 aie-

455 2383 828 2447 καταστάντες
856 2384 1271 2455 ἐτειχομάχουν.
1310 2388 1419 2440 Καὶ
1450 2389 1614 2458 μέχρι
1645 2388 1743 2458 μὲν
1776 2390 1945 2461 τριῶν
1988 2392 2022 2461 ἢ

2125 2392 2279 2459 bant,
2307 2406 2433 2447 cum
2481 2398 2627 2446 esset
2676 2389 2815 2444 civis
2850 2388 3080 2445 alterius
3127 2387 3385 2455 civitatis,
3416 2388 3694 2445 Berrhoete

453 2475 730 2544 τεττάρων
758 2475 918 2545 ὡρῶν
952 2476 1045 2529 καὶ
1074 2477 1228 2530 αὐτοὶ
1277 2476 1548 2548 ἠμύνοντο
1581 2478 1868 2549 καρτερῶς
1916 2482 2024 2534 ἀπὸ

2124 2483 2410 2548 nimirum,
2435 2497 2542 2551 qua
2583 2480 2651 2534 ad
2682 2480 3070 2549 imperatorem
3103 2478 3384 2549 adjuncta,
3413 2479 3559 2549 quod
3597 2495 3696 2549 pu-

452 2558 563 2619 τῶν
616 2566 834 2637 τειχῶν.
882 2569 1113 2623 Ἔπειτα
1152 2570 1204 2624 οῖ
1236 2587 1294 2622 τε
1345 2568 1443 2641 τὴν
1490 2573 1788 2641 ἀκρόπολιν
1838 2591 2021 2628 κατοι-

2125 2573 2337 2638 tabant,
2370 2572 2416 2627 si
2448 2571 2581 2642 quid
2611 2571 2704 2625 ille
2731 2569 3053 2624 offendisset
3089 2570 3107 2640 (
3140 2568 3267 2638 quia
3299 2570 3446 2625 senis
3484 2571 3695 2626 scilicet

455 2657 681 2720 κοῦντες
712 2659 807 2710 καὶ
837 2659 951 2733 ὅσοι
983 2660 1090 2712 τῶν
1127 2659 1569 2739 Θεσσαλονικέων
1596 2658 1735 2734 ἦσαν
1769 2664 1845 2736 μὴ
1884 2667 2022 2719 πάνυ

2126 2663 2363 2734 partium
2417 2660 2656 2729 fuisset),
2707 2668 2968 2729 cognatos
3011 2659 3132 2728 ejus
3172 2674 3389 2728 pinnam
3434 2660 3696 2730 depreca-

459 2749 843 2828 προσκείμενρι
873 2749 952 2821 τῷ
989 2752 1344 2823 πρεσϐυτέρῳ
1385 2754 1617 2824 βασιλεῖ,
1644 2756 2024 2811 διεστασίασαν

2129 2765 2302 2810 turos.
2333 2753 2508 2809 Alteri
2531 2750 2756 2807 factioni
2780 2750 3037 2806 dicebant
3072 2765 3172 2805 nec
3190 2750 3398 2820 justum
3430 2766 3571 2819 esse,
3598 2768 3697 2809 nec

461 2850 523 2886 τε
557 2836 675 2897 ταῖς
719 2833 966 2902 γνώμαις
1002 2836 1139 2904 πρὸς
1190 2835 1316 2899 τοὺς
1360 2837 1578 2904 ἄλλους,
1609 2843 1704 2894 καὶ
1733 2841 2025 2911 ἀνακωχὴν
2054 2896 2093 2913 Α

2057 2896 2093 2913 ,,
2126 2848 2284 2913 utile,
2316 2861 2439 2901 cum
2472 2843 2682 2912 reliqua
2714 2841 2849 2896 urbs
2889 2839 3074 2894 omnis
3113 2840 3166 2892 in
3203 2840 3364 2895 fidem
3402 2842 3698 2913 imperato-

461 2896 787 2991 al‘rﬁcaivre;
837 2896 976 2993 πρὶς
1008 2896 1270 2993 βασιλέως
1297 2896 1395 2978 τοῦ
1428 2896 1690 2997 πολέμου,
1724 2929 1804 2991 είς
1830 2896 2022 2996 mihi;
2050 2896 2095 2956 α

2054 2896 2095 2956 c'
2129 2940 2205 2993 ris
2252 2936 2637 3001 concessisset,
2668 2933 2817 3003 ipsos
2847 2931 3050 2998 obniti,
3087 2940 3147 2985 et
3179 2931 3522 3002 belligerare.
3576 2934 3695 2988 Non

444 3009 803 3085 ’κατέστησαν
840 3012 951 3072 τοῖς
1003 3010 1613 3082 συμπολιορκουμένοις.
1646 3015 1757 3068 Καὶ
1803 3015 2026 3088 Λυζικῷ

2125 3033 2271 3086 enim
2307 3044 2428 3084 eum
2471 3029 2646 3082 simus
2695 3025 3004 3088 interclusi,
3048 3025 3151 3080 soli
3186 3034 3240 3080 et
3282 3040 3401 3090 uos,
3432 3036 3489 3081 et
3512 3041 3694 3081 arcem

469 3098 570 3166 μὲν
616 3100 696 3169 τῷ
740 3098 840 3169 τῆς
873 3100 1223 3170 ἀκροπόλεως
1268 3103 1492 3173 ἄρχοντι
1529 3109 1629 3159 οὐκ
1660 3105 1868 3174 ἔφασαν
1900 3111 2027 3180 περὶ

2126 3137 2347 3177 servate
2380 3133 2699 3190 possumus;
2726 3126 2784 3172 et
2826 3118 2923 3187 qui
2955 3116 3149 3171 Pheris
3171 3117 3376 3171 auxilio
3401 3126 3692 3181 venerunt,

460 3193 561 3260 τῆς
596 3191 862 3262 σφετέρας
893 3193 1147 3264 πατρίδος
1179 3194 1453 3262 βουλεύειν
1486 3199 1881 3269 συγχωρήσειν,
1912 3201 2027 3253 ἑτέ-

2130 3215 2255 3268 victi
2306 3221 2459 3275 sunt,
2508 3221 2565 3266 et
2615 3210 2709 3264 alii
2752 3208 2944 3263 venire
2998 3222 3108 3263 non
3159 3208 3462 3264 audebunt.
3509 3210 3696 3279 Cepiie

463 3299 566 3351 ρας
597 3282 727 3355 ρντα
757 3283 966 3347 πόλεως
1000 3284 1242 3355 πολίτην,
1274 3286 1332 3339 ὃν
1362 3287 1575 3356 βασιλεῖ
1623 3291 2025 3363 προσχωρησά-

2129 3303 2479 3374 imperatoris
2522 3315 2731 3372 magnaa
2782 3308 2840 3355 et
2890 3299 3164 3355 bellicosas
3221 3307 3504 3369 praeterea,
3548 3310 3695 3355 totus
3764 3291 3770 3297 ’

459 3390 563 3444 σης
596 3374 863 3446 Βερῤοίας
898 3377 948 3428 οἱ
996 3380 1303 3444 συγγενεῖς,
1338 3379 1403 3433 ἄν
1448 3397 1501 3434 τι
1527 3383 1620 3435 καὶ
1645 3385 2023 3457 προσκρούσῃ,

2128 3395 2364 3466 populus
2405 3393 2731 3449 assidebunt
2776 3401 2833 3446 et
2881 3390 3312 3462 expugnanbunt
3359 3406 3477 3446 nos.
3519 3392 3696 3461 Atque

459 3467 862 3538 ἐξαιτήσονται.
899 3468 1023 3531 Τοῖς
1052 3466 1098 3522 δ’
1140 3467 1320 3533 ἄλλοις
1348 3472 1409 3524 οὐ
1442 3473 1646 3547 δίκαιον
1675 3468 1812 3528 εἶναι
1841 3475 2027 3544 ἔλεγον

2130 3496 2191 3542 ut
2239 3484 2562 3556 aliquandiu
2620 3482 2969 3547 resistamus,
3018 3482 3297 3552 utrimque
3342 3490 3521 3537 tamen
3553 3483 3698 3553 plec-

412 3578 418 3585 κ
460 3556 588 3609 οὐδὲ
625 3556 898 3621 λυσιτελὲς
928 3559 1026 3627 τῆς
1067 3557 1232 3629 ἄλλης
1265 3559 1488 3629 ἀπάσης
1535 3561 1746 3625 πόλεως
1777 3580 2028 3634 προσχωο

2130 3586 2332 3634 temur.
2359 3576 2487 3632 Sive
2513 3573 2662 3629 enim
2698 3573 3010 3636 vincamus,
3035 3573 3240 3627 amicos
3269 3579 3325 3627 et
3349 3572 3699 3642 prepinquis-

466 3649 711 3718 ρησάσης
742 3648 974 3719 βασιλεῖ,
1003 3649 1197 3712 αὐτοὺς
1227 3649 1584 3706 ἀνθίστασθαι
1606 3654 1702 3707 καὶ
1732 3655 1989 3726 πολεμεῖν
2008 3671 2024 3688 ο

2130 3671 2301 3727 simus
2354 3666 2762 3732 interimemus,
2789 3664 2907 3720 sive
2977 3665 3285 3729 vincamur,
3350 3665 3698 3720 moriendum

465 3735 590 3791 οὔτε
619 3740 729 3809 γὰρ
764 3739 1083 3810 δυνήσονται
1110 3740 1338 3804 ἑαυτούς
1360 3759 1420 3795 τε
1445 3744 1539 3796 καὶ
1556 3744 1657 3813 τὴν
1678 3744 1855 3816 ἄκραν
1872 3763 2030 3818 περι-

2128 3758 2239 3814 erit
2265 3755 2584 3811 necessario
2613 3770 2628 3818 ;
2666 3768 2789 3822 quae
2831 3766 3025 3808 omnes
3069 3767 3100 3807 a
3147 3753 3309 3808 nobis
3342 3753 3518 3807 aliena
3543 3763 3695 3809 sunt.

463 3829 639 3884 σῶσαι
675 3831 824 3900 μόνοι
848 3831 1326 3903 ὲναπειλημμένοι,
1349 3834 1456 3887 τῶν
1485 3851 1544 3887 τε
1576 3836 1643 3888 ὲκ
1670 3837 1855 3905 Φερῶν
1886 3841 2028 3894 κατά

2130 3846 2186 3903 Si
2227 3848 2415 3915 itaque
2467 3853 2523 3899 et
2567 3844 2729 3899 vobis
2760 3843 3059 3911 probatur;
3091 3842 3174 3897 sin
3206 3845 3408 3909 minus,
3460 3852 3516 3896 at
3551 3854 3699 3899 certe

463 3926 787 3996 συμμαχίαν
818 3927 1141 3997 ἀφιγμένων
1183 3928 1527 3998 ἡττημένων,
1557 3930 1652 3983 καὶ
1690 3931 1790 3984 οὐκ
1819 3930 1886 3985 ἂν
1913 3933 2031 3987 ἑτέ-

2131 3952 2233 3993 uos
2280 3951 2405 3990 cum
2447 3949 2573 3988 arce
2618 3942 2836 3988 nosmet
2871 3933 2926 3987 in
2970 3947 3169 3987 manus
3216 3932 3565 4001 imperatoris
3607 3937 3701 3989 de-

464 4034 576 4088 ρων
622 4017 1004 4088 τολμησόντων
1038 4017 1253 4093 ἐλθεῖν-⁸
1284 4019 1319 4089 ἡ
1361 4035 1420 4071 τε
1469 4018 1736 4088 βασιλέως
1797 4025 2029 4093 στρατιὰ

2131 4020 2345 4087 demus.
2399 4016 2678 4070 Hactenus
2725 4015 2826 4068 illi.
2861 4014 3093 4085 Lyzicus
3127 4023 3331 4081 autem,
3359 4023 3414 4069 et
3438 4015 3532 4085 qui
3560 4030 3591 4069 a
3617 4033 3704 4070 se-

461 4109 634 4179 πολλή
668 4125 728 4161 τε
755 4110 847 4160 καὶ
869 4108 1188 4178 ἀξιόμαχος.
1220 4111 1333 4162 Kal.
1371 4109 1599 4180 προσέτι
1631 4112 1780 4164 πᾶσα
1812 4113 1844 4182 ἡ
1880 4114 2032 4177 πόλις

2130 4111 2285 4165 niore
2343 4108 2639 4171 faciebant,
2686 4106 2907 4160 consilii
2954 4106 3170 4174 inopes,
3231 4107 3399 4176 168
3434 4122 3541 4160 una
3575 4123 3699 4162 cum

461 4197 738 4268 πανδημεὶ
785 4196 1231 4268 προσκαθήμενοι
1294 4199 1826 4269 ὲκπολιορκήσουσιν
1856 4203 2023 4272 ἡμᾶς.
2056 4232 2102 4288 D

2060 4232 2102 4288 Ι)
2133 4198 2256 4255 aliis
2286 4197 2613 4269 impunitate
2636 4195 2833 4266 petita,
2860 4196 2906 4250 si
2938 4195 3071 4265 quid
3103 4196 3491 4277 imperatorem
3527 4198 3701 4254 offen-

462 4290 526 4344 Εἰ
551 4291 607 4343 δὲ
635 4292 729 4343 καὶ.
758 4291 1033 4360 ἀντισχεῖν
1060 4288 1403 4359 δυνησόμεθα
1432 4292 1566 4360 πρὸς
1605 4289 1809 4359 ὀλίγον,
1842 4293 2021 4362 ἀμφο-
2058 4284 2090 4288 ⁷

1774 4310 1809 4357 ι,
1842 4293 2021 4362 ἀμφο-
2058 4284 2090 4288 ’
2133 4291 2448 4358 dissent,‘et
2487 4308 2550 4348 ea
2589 4284 2806 4361 adepta,
2834 4304 3018 4345 arcem
3050 4289 3415 4345 tradiderunt.

460 4383 702 4455 τέρωθεν
730 4382 1147 4454 ζημιωσόμεθα.
1183 4383 1284 4438 Ἂν
1316 4403 1375 4437 τε
1399 4386 1510 4456 γὰρ
1577 4389 1839 4457 νικῶμεν,
1876 4389 2062 4456 φίλους
2097 4390 2192 4443 καὶ
2252 4387 2378 4450 τοὺς
2424 4387 2791 4449 οἰκειοτάτους
2832 4369 3276 4459 ἀποκτενοῦμεν·
3310 4388 3372 4441 ἄν
3421 4406 3479 4441 τε
3527 4386 3704 4460 ηττὼ·

463 4480 627 4547 μεθα,
667 4480 878 4548 ἀνάγκη
933 4478 1318 4548 ἀποθνήσκειν.
1350 4472 1417 4530 Ἀ
1447 4480 1511 4550 δὴ
1543 4479 1758 4533 ἅπαντα
1789 4482 1850 4533 οὑ
1887 4482 2024 4552 πρὸς
2060 4481 2235 4552 ἡμῶν.
2277 4480 2337 4532 El
2407 4480 2506 4550 μὲν
2582 4479 2676 4533 οὖν
2728 4480 2825 4532 καὶ
2864 4472 2993 4548 ὑμῖν
3021 4481 3214 4536 ’ταῦτα
3249 4485 3527 4536 συνδοκεῖ·
3560 4485 3609 4536 εί
3653 4475 3701 4534 δ’

460 4566 578 4635 οὖν,
610 4560 722 4624 ἀλλ’
749 4574 907 4642 ἡμεῖς
927 4589 987 4639 γε
1014 4573 1163 4642 ἡμᾶς
1200 4588 1259 4624 τε
1296 4569 1495 4635 αὐτοὺς
1520 4572 1611 4625 καί
1641 4573 1740 4644 τὴν
1800 4573 2098 4644 ἀκρόπολιν
2135 4572 2517 4643 ὲγχειρίσομεν
2580 4570 2806 4642 βασιλεῖ.
2844 4572 2907 4623 Oi
2965 4573 3063 4642 μὲν
3121 4573 3214 4627 οὖν
3262 4575 3486 4628 τοιαῦτα
3524 4571 3702 4627 εἶπον.

463 4665 701 4727 Λυζικῦς
730 4664 788 4718 δὲ
818 4665 912 4717 καὶ
946 4666 1058 4717 ὅσοι
1124 4659 1265 4734 ἦσαν
1337 4665 1423 4733 τῷ,
1454 4663 1813 4737 πρεσϐυτέρῳ
1844 4667 2229 4737 προσκείμενοι
2291 4664 2529 4735 βασιλεῖ,
2562 4666 2662 4716 οὐκ
2711 4661 2927 4732 ἔχοντες
2981 4665 3063 4718 ὅτι
3106 4666 3391 4735 δράσαιεν,
3429 4667 3548 4736 ἅμα
3587 4666 3702 4723 τοῖς

462 4757 645 4818 ἄλλοις
682 4759 990 4826 ἀμνηστίαν
1028 4752 1371 4827 αἰτήσαντες,
1404 4757 1457 4809 εί
1492 4774 1546 4809 τι
1582 4759 2062 4830 προσκεκρούκασι
2104 4761 2236 4829 πρὸς
2279 4758 2525 4827 βασιλέα,
2559 4758 2656 4809 καὶ
2696 4755 2974 4826 τυχόντες,
3015 4757 3324 4828 παρέδοσαν
3368 4759 3467 4829 τὴν
3535 4754 3708 4831 ἀκρό-

460 4853 564 4906 πολ
571 4871 634 4908 ιν.
3322 4868 3325 4869 ⁷

1895 4944 2117 5002 CAPUT
2157 4940 2290 4999 LIV.

467 5032 738 5104 Quwritur
775 5050 877 5103 quo
904 5036 972 5087 sit
1001 5034 1251 5087 eundum.
1288 5028 1516 5103 Magnus
1551 5035 1861 5089 domesticus
1896 5037 2152 5092 Edessam
2198 5046 2246 5089 et
2287 5036 2589 5090 Castoriam
2629 5034 2832 5089 suadet.
2865 5034 3053 5088 Omnes
3082 5036 3381 5104 approbant
3405 5036 3700 5094 consilium.

539 5103 821 5175 Mittuntur
855 5104 1079 5169 litterae;
1111 5113 1380 5175 promptas
1412 5105 1681 5158 inveniunt
1714 5106 1782 5157 ad
1811 5106 2149 5160 deditionem.
2185 5107 2321 5171 Quid
2349 5107 2572 5175 senioris
2614 5106 2769 5175 duces
2802 5106 3022 5175 egerint.
3067 5103 3261 5172 Ingens
3287 5104 3702 5160 Occidentalium

539 5176 607 5245 ad
629 5172 908 5242 juniorent
931 5172 1168 5242 defectio.
1220 5174 1678 5245 Protovestiarius,
1732 5183 1780 5226 et
1832 5178 2066 5241 despota,
2103 5177 2298 5245 aliique
2347 5180 2414 5228 ad
2472 5173 2763 5229 Triballum
2809 5172 3151 5245 donfuginnt;
3197 5175 3288 5245 sed
3321 5175 3591 5244 intercepti
3634 5182 3702 5228 art

538 5243 915 5311 imperatorem
946 5246 1300 5297 adducuntur.
1322 5243 1570 5301 Pecunia
1598 5245 1766 5297 amitis
1791 5248 2038 5298 uxoribus
2064 5242 2246 5299 eorum
2281 5248 2528 5308 donatur,
2555 5254 2610 5295 ut
2633 5245 2699 5295 sit
2726 5242 2863 5311 quod
2892 5243 2944 5294 in
2974 5243 3109 5294 viros
3135 5242 3339 5295 exsules
3364 5242 3698 5312 impendant.
3762 5276 3779 5288 -

538 5362 653 5413 Kal.
706 5361 996 5431 παρελθὼν
1028 5364 1056 5415 6
1091 5361 1369 5430 βασιλεὺς,
1411 5363 1507 5415 καὶ
1560 5361 1679 5413 ὅσοι
1738 5356 1880 5431 ἦσαν
1923 5361 2034 5413 τῶν

2213 5361 2493 5430 Ingressus
2559 5359 2853 5427 imperator
2886 5398 2900 5420 ,
2951 5356 3352 5426 adscriptisquc
3403 5356 3469 5409 ad
3518 5354 3698 5419 suos,

459 5455 533 5507 τὰ
561 5455 639 5523 (1)
661 5452 756 5506 τοῦ
779 5453 1158 5522 πρεσϐυτέρου
1190 5451 1454 5524 βασιλέως
1485 5452 1836 5522 παραλαϐὼν,
1876 5452 2035 5521 ἐξῆλ-

2142 5461 2416 5521 quotquot
2440 5465 2544 5504 avo
2571 5448 2903 5518 cupiebant.
2955 5462 3077 5501 mox
3124 5447 3293 5510 abiit,
3327 5445 3454 5499 etin
3501 5445 3703 5514 palatio

1580 5550 1587 5561 ’
1618 5574 1623 5579 ’
1711 5568 1924 5629 Jacobi
1962 5567 2222 5630 Pontani
2251 5572 2439 5627 notte.

536 5671 620 5745 (l)
658 5670 908 5726 Fortasse
944 5670 1083 5741 μετὰ
1111 5679 1205 5724 aut
1234 5680 1357 5741 post
1394 5660 1661 5741 βασιλέως
1692 5670 1831 5725 adde
1859 5669 2209 5739 πραττόντων
