4156 6300
454 212 553 270 367

1627 184 1956 255 JOANNIS
1992 188 2521 251 CANTACUZENI

3595 180 3702 243 3‘8

453 337 578 378 cum
610 315 955 388 primoribus
992 327 1132 384 quos
1189 324 1374 366 secum
1419 309 1762 371 adduxerat,
1816 304 2022 375 quique

2143 299 2217 352 >εν
2283 299 2467 361 εὐθύς.
2534 299 2646 352 Καὶ
2706 298 2789 360 είς
2832 295 3086 367 βασίλεια
3145 292 3342 359 ὲὶθὼν,
3392 290 3717 346 ἐϐουλεύετο

453 410 863 468 Thessalonicae
913 416 1111 470 erant,
1157 398 1270 475 quo
1323 403 1665 473 potissimum
1719 400 1827 453 iret
1894 412 2026 450 con-

453 503 703 564 sultavit,
731 499 953 571 quando
982 512 1074 553 res
1099 506 1321 564 cogeret
1349 510 1454 549 non
1487 492 1796 562 quiescere.
1825 488 2026 543 Omnes

453 597 775 652 Berrltoeam
803 592 1046 648 eundum
1069 587 1394 645 suadebant.
1426 584 1654 654 Magnus
1692 580 2028 635 domesticus

455 689 775 745 Berrhozam
810 682 1173 741 omittendam
1200 719 1215 744 ,
1257 679 1519 733 Edessam
1545 717 1560 740 ,
1598 682 1652 728 et
1688 672 1815 727 inde
1840 672 2032 725 Casto-

456 781 598 835 riam
646 779 753 834 iter
784 774 1134 846 dirigendum
1172 771 1478 835 censebat,
1518 766 1700 821 causis
1729 762 2029 834 adjunctis,

462 886 663 940 nempe
725 866 1065 921 Demetrium
1117 862 1441 932 despotam,
1494 866 1550 912 et
1603 853 2029 910 Monomacltum

458 962 784 1034 praefectum
812 998 827 1022 ,
882 967 936 1012 et
970 956 1201 1011 Rauletn
1256 953 1525 1007 lsaacium
1570 949 1776 1003 habere
1815 945 2035 1000 Edessa:

462 1068 661 1108 uxores
696 1066 825 1105 suas
860 1064 985 1104 cum
1040 1046 1233 1102 liberis
1263 1085 1278 1107 ,
1314 1058 1551 1112 esseque
1599 1047 2032 1095 consentaneum

458 1157 520 1202 ut
545 1145 695 1201 omni
722 1143 905 1198 studio
934 1150 1249 1213 conatuque
1275 1136 1550 1200 adhibito,
1569 1141 1625 1188 et
1651 1133 1846 1186 borum
1869 1143 2035 1183 causa

459 1254 579 1293 eam
607 1236 953 1306 subigerent,
985 1240 1041 1287 et
1064 1231 1216 1301 quia,
1241 1244 1365 1285 cum
1394 1228 1466 1282 sit
1494 1240 1722 1297 parvum
1747 1221 2035 1293 Oppidum,

458 1336 655 1384 natura
697 1338 753 1382 et
778 1318 1048 1395 ‘operibus
1081 1322 1300 1376 firmum
1330 1363 1344 1386 ,
1387 1317 1547 1373 facile
1594 1306 1786 1371 contra
1820 1314 2036 1368 hostem

444 1418 684 1497 idelendi
725 1431 908 1486 posse.
943 1414 1008 1468 Et
1041 1413 1294 1483 quamvis
1317 1424 1437 1465 eam
1468 1407 1549 1462 illi
1573 1403 2037 1477 praeoccuparint,

458 1523 531 1563 ne
560 1507 642 1562 sie
671 1504 895 1575 quidem
936 1501 1289 1571 clfugituram
1315 1537 1331 1564 ,
1376 1498 1513 1566 quin
1549 1498 1616 1550 ab
1643 1493 1779 1563 ipsis
1810 1491 2041 1563 recipia-

460 1610 553 1652 tur
583 1615 598 1662 ;
636 1598 834 1651 multas
870 1603 1053 1648 tamen
1104 1592 1159 1645 in
1186 1591 1303 1661 ejus
1338 1586 1634 1642 obsidione
1667 1582 2038 1647 dillicultates,

458 1704 521 1744 ac
543 1688 784 1752 labores,
815 1694 870 1740 et
898 1684 993 1738 diu
1017 1724 1033 1748 ,
1081 1679 1403 1738 subeundos
1445 1676 1587 1731 fore.
1621 1675 1678 1730 Si
1710 1689 1843 1730 vero
1891 1686 2039 1727 nunc

460 1776 889 1837 advenerimus,
937 1771 1149 1841 inquit,
1206 1769 1302 1839 qui
1358 1767 1473 1821 illic
1525 1773 1695 1830 sunt,
1731 1764 1954 1835 opibus,
1983 1771 2040 1818 et

378 1852 383 1863 ’
460 1865 796 1922 auctoritate
859 1862 1180 1935 principes,
1217 1857 1595 1928 {plebeiosque
1646 1870 1711 1911 ac
1760 1855 2041 1911 tenuiores

462 1967 684 2013 versant
714 1971 824 2026 quo
874 1954 1071 2017 lubet,
1114 1966 1238 2007 cum
1268 1951 1382 2022 jam
1415 1947 1630 2019 pridem
1673 1947 1787 2003 sint
1815 1947 1871 2001 in
1899 1944 2040 2001 ami-

459 2052 543 2108 cis
588 2049 727 2105 meis
758 2089 774 2114 ,
830 2045 1243 2118 promptissime
1292 2043 1615 2115 oppidulum
1652 2039 1891 2094 tradent.
1923 2036 2041 2093 lmo

462 2160 595 2200 vero
623 2143 789 2197 etiam
826 2150 1125 2210 antequam
1150 2153 1218 2193 eo
1247 2136 1590 2200 venerimus,
1619 2131 1665 2187 si
1690 2127 2041 2201 imperatoris

460 2237 717 2292 mandata
751 2248 878 2289 cum
932 2229 1131 2285 litteris
1179 2227 1318 2283 meis
1365 2224 1725 2296 acceperint,
1762 2220 1915 2309 omini
1953 2234 2041 2273 ra-

465 2331 617 2385 tione
648 2327 717 2382 iis
749 2339 943 2397 parere
971 2325 1258 2379 enitemur
1284 2338 1298 2375 :
1327 2329 1383 2375 et
1428 2318 1475 2373 si
1509 2319 1634 2388 quis
1665 2315 1734 2371 de
1762 2312 2042 2385 pra-dictis

462 2422 704 2479 ducibus
731 2419 800 2474 ad
827 2434 926 2474 eos
951 2415 1275 2480 accesserit,
1305 2426 1432 2468 eum
1463 2410 1614 2466 haud
1636 2407 2041 2465 .intromittent.

462 2514 773 2571 Castoriam
823 2519 1007 2566 autem
1056 2518 1113 2564 et
1163 2507 1341 2578 ipsam
1369 2544 1385 2571 ,
1432 2510 1659 2574 pr0pter
1703 2501 1886 2555 lacum
1931 2510 2043 2567 quo

465 2608 709 2679 cingitur
778 2604 1231 2666 munitissimam,
1304 2597 1568 2669 Angelus,
1631 2590 2043 2665 protovestiarii

348 2722 353 2731 α
464 2717 660 2774 gener,
696 2707 956 2770 procurat
985 2713 1000 2762 ;
1060 2695 1158 2765 qui
1193 2690 1331 2748 mihi
1362 2699 1419 2746 et
1458 2690 1787 2761 cognatione
1819 2687 2046 2757 propin-

465 2793 771 2864 quissimus
801 2799 907 2852 est,
944 2795 1000 2842 et
1029 2795 1091 2843 ut
1116 2784 1400 2841 educatori
1449 2796 1514 2837 ac
1557 2782 1820 2851 magistro
1856 2793 1957 2833 suo
1987 2777 2043 2831 in

468 2898 528 2939 re
555 2882 753 2937 bellica
782 2876 1016 2949 gratiam
1043 2913 1060 2942 ,
1094 2872 1585 2941 obedientiamque
1616 2884 1730 2925 non
1760 2868 2043 2939 vulgarem

466 2974 677 3030 debet:
718 2987 784 3026 ac
822 2976 1048 3039 propter
1094 2962 1566 3021 necessitudinem
1619 2969 1866 3017 mutuam
1915 2974 2046 3030 pro-
2071 2993 2116 3052 ο

468 3061 876 3125 tovestiarium,
905 3056 1166 3128 quamvis
1196 3069 1475 3117 socerum,
1493 3052 1747 3107 facillime
1762 3050 2043 3112 deserens,

466 3154 633 3209 nobis
666 3152 933 3222 oppidum
966 3146 1307 3204 dedet.Cum
1343 3145 1446 3200 ista
1476 3143 1899 3206 obtinuerimus,
1918 3142 2047 3197 Ber-

466 3245 681 3299 rhmitae
714 3244 940 3297 ultrose
993 3237 1238 3304 dedent;
1278 3252 1419 3308 quos
1470 3236 1637 3292 etiam
1676 3234 1837 3307 169
1867 3233 2067 3305 prius~~

466 3351 631 3408 quam
677 3336 793 3392 haec
828 3340 1183 3405 pcragantur,
1217 3345 1361 3397 cras,
1408 3336 1504 3385 aut
1567 3328 1802 3399 perinde
1855 3327 2043 3381 urbem

469 3444 625 3485 suam
658 3428 993 3482 transditum
1026 3433 1300 3479 venturos
1331 3422 1611 3477 existimo.
1649 3420 1790 3475 Huic
1811 3419 2047 3475 consilio

426 3552 433 3558 ~
472 3514 810 3588 subscripsit
834 3518 1021 3572 statim
1073 3516 1396 3584 imperator,
1429 3515 1636 3583 aliique
1663 3512 1900 3582 idipsum
1930 3511 2061 3589 lau-_

471 3614 670 3669 dantes
699 3610 1106 3680 approbarunt.
1135 3606 1369 3676 Jamque
1393 3605 1586 3670 fixum,
1615 3619 1679 3658 ac
1713 3612 1893 3657 ratum
1928 3610 2049 3656 erat

470 3706 737 3761 Edessam
775 3708 1000 3774 petere',
1036 3711 1092 3756 et
1134 3701 1284 3756 illico
1324 3709 1433 3755 tam
1482 3699 1654 3769 ipsius
1698 3697 2048 3768 imperatoris

473 3799 756 3863 mandata,
800 3810 971 3867 quam
1009 3793 1195 3863 magni
1245 3790 1535 3851 domeStici
1572 3791 1772 3847 litterae
1821 3806 1921 3860 per
1965 3791 2046 3844 ci-

474 3890 780 3946 tatissimos
809 3888 1027 3958 equites
1071 3901 1139 3940 eo
1163 3926 1179 3951 ,
1224 3892 1280 3939 et
1319 3883 1484 3938 simul
1530 3883 1836 3938 Castoriam
1868 3882 2050 3936 mitte-

474 3980 698 4035 bantur.
715 3978 896 4048 Atque
925 3975 1172 4047 Angelus
1196 3970 1419 4044 qnideﬁt
1448 3972 1709 4029 Castoria:
1734 3970 2046 4042 prmfectus,

475 4088 602 4127 mox
662 4071 787 4126 urbi
835 4068 1098 4125 custodes
1145 4067 1436 4133 adhibuit,
1485 4075 1676 4136 utpote
1728 4063 2047 4133 imperatori

476 4164 801 4235 adventanti
859 4162 1200 4217 deditionem
1253 4163 1524 4215 facturus.
1563 4158 1669 4214 Sed
1705 4158 1796 4228 qui
1833 4156 2050 4212 Edes.~ae

476 4256 721 4327 potentia
772 4255 1129 4317 eminebant,
1182 4253 1370 4322 Angeli
1418 4252 1719 4321 Rbadipori
1769 4250 2050 4319 cognomi-

2134 393 2274 461 μετὰ
2330 392 2440 445 τῶν
2495 393 2553 444 ἐν
2592 392 2744 443 τέλει
2781 390 2892 443 τῶν
2926 405 2984 441 τε
3036 386 3360 457 ἀφιγμένων
3393 385 3492 439 σὺν
3544 386 3716 457 αὐτῷ,

2132 484 2231 537 καὶ
2262 485 2311 536 οἳ
2343 480 2486 555 ἦσαν
2533 485 2590 536 ὲν
2639 481 3046 553 Θεσσαλονίκῃ,
3082 479 3210 532 ὅποι
3242 478 3350 549 χρὴ
3381 477 3741 549 τραπέσθαιν

2130 575 2324 645 ἐπειδὴ
2354 577 2423 628 τὰ
2448 575 2759 646 πράγματα
2796 571 3116 643 ἠνάγκαζον
3144 570 3219 639 μὴ
3246 571 3499 638 ἠρεμεῖν.
3523 570 3587 622 Οἱ
3618 568 3718 637 μὲν

2132 664 2229 723 οὖν
2264 667 2420 722 ἄλλοι
2448 668 2656 730 πάντες
2690 667 2773 728 εἰς
2812 662 3089 735 ιζφροιαν
3130 661 3490 716 ἐϐουλεύοντο
3518 662 3719 725 ἐλθεῖν,

2133 761 2162 812 6
2209 760 2386 830 μέγας
2435 760 2491 813 δὲ
2543 759 2877 829 δομέστικος
2921 757 3197 827 Βέρῤοιαν
3253 755 3352 825 μὲν
3394 755 3582 822 ἔλεγεν
3602 757 3719 824 seu,

2126 855 2214 925 ⁸είς
2250 852 2523 905 Ἔδεσσαν
2576 849 2636 903 δὲ
2686 848 2885 913 ἐλθεῖν,
2920 848 3184 903 κάκεῖθεν
3232 847 3320 908 είς
3373 846 3720 918 Καστορίαν.
3814 912 3823 919 ο

2136 943 2460 1012 Προσετίθει
2489 942 2547 995 δὲ
2576 942 2676 995 καὶ
2701 942 2802 1005 τὰς
2833 941 3037 1002 αἰτίας,
3074 940 3253 1004 λέγων
3281 938 3379 1003 ὼς,
3411 940 3503 992 ὅτε
3526 940 3718 992 δεσπό-

2136 1050 2237 1102 της
2290 1034 2629 1104 Δημήτριος,
2667 1032 2764 1085 καὶ
2824 1031 3075 1100 ἔπαρχος
3113 1031 3142 1083 6
3196 1030 3541 1100 Μονομάχος,
3572 1029 3666 1083 καὶ
3694 1031 3723 1083 6

2150 1123 2347 1177 Ῥαοὺλ
2388 1123 2683 1187 Ἰσαάκιος,
2712 1124 2813 1187 τὰς
2834 1124 3105 1191 γυναῖκας
3132 1120 3236 1176 καὶ
3276 1122 3477 1183 παῖδας
3503 1120 3726 1191 ἔχοντες

2140 1219 2200 1270 ὲν
2234 1218 2602 1287 Ἐδεσσηνοῖς,
2634 1218 2783 1280 εἰκὸς
2830 1218 2985 1286 πάσῃ
3035 1217 3239 1286 σπουδῇ
3278 1215 3592 1287 χρήσασθαι
3628 1216 3724 1267 κ.ὶ

2144 1312 2365 1380 μηχανῇ
2403 1309 2548 1364 ὥστε
2599 1313 2901 1381 κατασχεῖν
2951 1310 3113 1364 αὐτά.
3152 1309 3216 1361 ’Λ
3230 1325 3306 1373 μα
3356 1308 3458 1378 μὲν
3492 1308 3591 1373 καὶ
3615 1308 3724 1361 τῶν

2142 1401 2420 1471 γυναικῶν
2449 1400 2614 1456 ’ἑνεκα
2664 1402 2763 1455 καὶ
2796 1400 3030 1468 τέκνων,
3082 1401 3200 1471 ἅμα
3233 1402 3278 1455 δ’
3303 1403 3386 1454 ὅτι
3426 1402 3628 1471 μικρόν
3661 1414 3722 1454 τε

2142 1495 2201 1549 ὃν
2232 1496 2293 1548 τὸ
2328 1495 2573 1565 πόλισμα
2611 1495 2706 1548 καὶ
2737 1495 3014 1565 καρτερὸν
3038 1493 3147 1547 ἀπό
3172 1510 3233 1547 τε
3260 1494 3468 1564 τειχῶν
3502 1494 3597 1546 καὶ
3624 1494 3724 1563 τῆς

2146 1589 2243 1643 τοῦ
2308 1589 2478 1642 τόπου
2519 1588 2911 1655 κατασκευῆς,
2937 1586 3121 1659 ῥᾴδιόν
3154 1588 3305 1639 ἐστιν
3332 1587 3413 1649 είς
3445 1584 3722 1656 φυλακήν.

2065 1654 2112 1714 Β
2141 1676 2263 1731 Κᾶν
2285 1677 2575 1749 φθάσωσιν
2605 1675 2739 1730 αὐτὸ
2767 1654 3201 1746 προκατνασχεῖν,
3232 1654 3586 1749 διαφεύξεται
3620 1654 3722 1744 μὲν

2140 1770 2251 1824 οὐδ’
2282 1768 2428 1823 οὕτω
2461 1768 2524 1822 τὸ
2562 1768 2638 1840 μὴ
2679 1768 2889 1823 ἁλῶναι
2941 1766 3079 1841 παρ’
3098 1767 3311 1838 ἡμῶν.
3366 1766 3611 1839 Παρέξει
3661 1766 3721 1820 δὲ

2142 1859 2346 1929 πολλὴν
2374 1858 2476 1929 τὴν
2504 1859 2832 1930 δυσχέρειαν
2865 1857 2962 1912 καὶ
2994 1857 3096 1930 τὴν
3136 1858 3334 1930 τριϐὴν
3363 1858 3460 1912 καὶ
3486 1857 3583 1911 τὸν
3624 1859 3723 1910 πόα

2141 1968 2232 2006 νον
2268 1956 2327 2006 ἐν
2368 1951 2446 2023 τῷ
2482 1950 2921 2023 πολιορκεῖσθαι.
2969 1949 3098 2005 Ἐὰν
3148 1951 3209 2004 δὲ
3261 1951 3358 2005 νῦν
3389 1950 3721 2022 παραγενώ-

2144 2041 2288 2112 μεθα
2316 2043 2501 2114 ἡμεῖς,
2536 2044 2589 2097 oi
2617 2041 2811 2097 αὐτόθι
2830 2041 3335 2096 δυνατώτατοι.καὶ
3361 2043 3492 2106 τοὺς
3521 2042 3722 2106 ἀλλους

2141 2135 2372 2204 ἄγοντες
2421 2136 2519 2191 καὶ
2570 2135 2834 2209 φέροντες
2864 2129 2922 2189 of
2960 2135 3029 2189 ἂν
3071 2133 3396 2203 βούλωνται,
3425 2134 3490 2187 lx
3521 2133 3720 2189 πο).λοῦ

2143 2227 2503 2298 προκείμενοι
2536 2226 2662 2297 ἐμοὶ
2715 2227 2893 2297 ῥᾷστα
2948 2223 3336 2296 παραδώσουσι
3388 2224 3450 2277 τὸ
3479 2222 3728 2294 πόλισμα

2142 2319 2301 2389 ἡμῖν.
2333 2314 2556 2372 Μᾶλλον
2580 2316 2637 2370 δὲ
2659 2317 2756 2370 καὶ
2780 2314 2912 2387 πρὶν
2943 2316 3094 2386 ἡμᾶς
3114 2315 3279 2385 ἥκειν
3304 2315 3445 2375 ἐκεῖ,
3467 2313 3535 2368 ἂν
3567 2314 3726 2384 βασι-

2142 2409 2286 2472 λέως
2334 2425 2395 2462 τε
2445 2410 2853 2479 προστάγματα
2902 2411 2999 2462 καὶ
3049 2410 3361 2479 γράμματα
3408 2409 3521 2479 ἐμὰ
3584 2407 3726 2480 πρὸς

2144 2502 2347 2566 αὐτοὺς
2403 2501 2547 2573 ἥξει,
2592 2504 2658 2555 ὲκ
2701 2501 2902 2564 παντὸς
2956 2501 3165 2571 τρόπου
3222 2500 3597 2556 σπουδάσουσι
3653 2504 3725 2557 τὰ

2146 2595 2490 2666 κελευόμενα
2548 2594 2746 2649 ποιεῖν.
2784 2594 2902 2649 Κάν
2953 2610 3041 2658 τις
3090 2595 3186 2648 καὶ
3236 2594 3347 2647 τῶν
3412 2596 3726 2667 εἰρημένων

2144 2686 2422 2757 ἀφίκηται
2520 2685 2663 2754 πρὸς
2730 2685 2955 2751 αὐτοὺς,
3021 2685 3123 2739 οὐκ
3202 2686 3271 2740 ἂν
3349 2687 3724 2753 εἰσδέξωνται.

2106 2828 2117 2837 ,
2148 2777 2466 2848 Καστορίας
2497 2777 2555 2830 δὲ
2588 2777 2684 2831 καὶ
2721 2777 2894 2848 αὐτῆς
2933 2777 3291 2850 ὀχυρωτάτης
3336 2779 3507 2851 οῦσης
3547 2780 3638 2834 διὰ
3664 2781 3728 2834 τδ

2147 2869 2490 2940 πανταχόθεν
2522 2869 2956 2942 περικλύζεσθαι
3005 2872 3071 2942 τῇ
3112 2869 3303 2942 λίμνῃ,
3332 2874 3360 2925 ό
3382 2872 3478 2925 τοῦ
3506 2889 3723 2943 πρωτο-

2148 2963 2468 3034 σεστιαρίου
2516 2961 2772 3035 γαμϐρὸς
2795 2962 2825 3015 δ
2852 2961 3144 3032 Ἄγγελος,
3193 2963 3353 3035 ἄρχει
3376 2980 3391 2996 ο
3425 2964 3484 3027 ὃς
3513 2966 3636 3037 ἐμοί
3668 2983 3728 3018 τε

2130 3056 2385 3124 ’ἔγγιστα
2422 3057 2697 3126 προσήκει
2731 3053 2879 3110 κατὰ
2908 3056 3087 3125 γένος,
3119 3055 3215 3110 καὶ
3246 3048 3452 3129 πολλὴν
3479 3058 3607 3129 ἐμοὶ
3627 3058 3728 3130 τὴν

2148 3148 2361 3202 εὔνοιαν
2395 3151 2492 3202 καὶ
2543 3149 2647 3218 τὴν
2703 3135 3024 3202 εὐπείθειαν
3052 3140 3286 3219 όφείλει,
3326 3149 3727 3222 ἐκθρεψαμένῳ

2147 3256 2207 3293 τε
2246 3239 2432 3302 αὑτὸν,
2464 3238 2575 3291 καὶ·
2609 3237 2679 3291 τὰ
2742 3237 2982 3305 πολέμια
3019 3235 3332 3302 διδάξαντιδ
3356 3240 3452 3293 καὶ
3493 3238 3584 3293 διὰ
3627 3238 3728 3309 τὴν

2149 3336 2286 3405 πρὸς
2315 3335 2415 3406 ἐμὲ
2442 3324 2672 3404 ’φιλίαν,
2713 3335 2889 3405 ῥᾷστα
2923 3333 3432 3405 πρωτοϐεστιάριον
3461 3333 3527 3388 ἂν
3557 3333 3730 3404 πρόη-

2148 3444 2237 3478 ται
2285 3425 2376 3478 τὸν
2424 3423 2721 3496 κηδεστὴν,
2764 3425 2860 3477 καὶ
2903 3425 3038 3494 ἡμῖν
3073 3423 3173 3495 τὴν
3224 3423 3382 3478 πόλιν
3427 3424 3725 3496 παραδοίη.

2150 3515 2341 3570 Ταῦτα
2378 3518 2437 3571 δὲ
2484 3519 2619 3586 ἡμῖν
2668 3516 3065 3588 κατασχοῦσιν,
3105 3517 3441 3588 αὐτόκλητοι
3471 3535 3730 3590 προσχω-

2151 3611 2437 3678 ρήσουσιν⁴
2463 3609 2511 3661 οί
2572 3608 2910 3680 Βερῤοιῶται
2933 3624 2948 3637 ·
2988 3607 3133 3661 δοκῶ
3168 3625 3260 3679 μοι
3298 3608 3356 3662 δὲ
3397 3610 3599 3673 αὐτοὺς
3632 3610 3729 3663 καὶ

2149 3701 2281 3769 πρὶν
2316 3698 2489 3753 ταῦτα
2540 3700 2620 3763 είς
2654 3699 2833 3769 πέρας
2887 3699 3071 3771 ἣκειν,
3100 3700 3181 3763 είς
3213 3698 3315 3773 τὴν
3353 3700 3656 3772 ὑστεραίαν
3693 3700 3726 3772 ἦ

2150 3794 2247 3846 καὶ
2299 3791 2495 3864 τρίτην
2549 3790 2771 3862 ἡμέραν
2818 3792 2886 3846 ἂν
2941 3790 3121 3863 ἐλθεῖν
3164 3790 3597 3863 παραδώσοντας
3626 3792 3729 3864 τὴν

2152 3884 2328 3937 πόλιν.
2367 3882 2609 3937 Τοιαῦτα
2644 3884 2743 3936 τοῦ
2794 3883 3036 3952 μεγάλου
3067 3883 3394 3954 δομεστίκου
3428 3885 3728 3957 βουλευσα-

2155 3977 2346 4047 μένου,
2384 3976 2412 4029 ὅ
2448 3992 2508 4029 τε
2539 3975 2800 4045 βασιλεὺς
2841 3975 3100 4029 συνέθετο
3134 3976 3317 4041 εὐθὺς,
3363 3977 3458 4030 καὶ
3496 3978 3546 4031 οί
3575 3977 3729 4033 ἄλλοι

2155 4068 2686 4139 συνεπεψηφίζοντο,
2751 4069 3159 4132 ἐπαινέσαντες
3215 4069 3316 4139 τὴν
3370 4068 3594 4141 βουλὴν,
3635 4071 3730 4125 καὶ

2151 4160 2467 4231 ἐκεκύρωτο
2490 4161 2590 4231 τὴν
2615 4162 2711 4215 ἐπὶ
2734 4161 3007 4215 Ἔδεσσαν
3032 4160 3193 4215 ἱέναι.
3214 4160 3428 4216 Αὐτίκα
3461 4178 3521 4214 τε
3555 4179 3727 4233 προσ-

2152 4255 2412 4323 τάγματα
2468 4252 2740 4323 βασιλέως
2794 4255 2889 4307 καὶ
2948 4252 3043 4306 τοῦ
3099 4252 3343 4322 μεγάλου
3393 4253 3725 4325 δομεστίκςυ

477 4349 615 4410 nati,
654 4350 854 4401 fratres
890 4344 1191 4415 trigemini,
1226 4354 1279 4397 et
1319 4342 1594 4405 Lascaris,
1629 4341 1871 4408 acceptis
1900 4355 2044 4393 man-

2158 4346 2466 4415 γράμματα
2501 4346 2587 4398 διὰ
2626 4346 2986 4415 ταχυδρόμων
3031 4344 3249 4399 ἱππέων
3282 4346 3420 4417 πρός
3446 4363 3509 4399 τε
3542 4346 3729 4400 Ἐδεσσ-

476 4421 619 4495 datis
650 4480 663 4500 ,
711 4438 850 4492 citra
888 4434 1440 4505 procrastinationem
1470 4471 1484 4495 ,
1519 4433 1666 4500 quod
1691 4439 1747 4486 et
1811 4431 2048 4500 populus

477 4533 795 4589 Edesscnus
819 4528 887 4583 ab
911 4542 1104 4582 eorum
1130 4533 1264 4580 nutu
1298 4520 1733 4593 auctoritateque
1754 4521 2047 4593 pendebat,

478 4638 682 4679 uxores
750 4620 919 4675 trium
984 4634 1173 4675 eorum
1232 4631 1371 4686 quos
1428 4629 1593 4684 supra
1647 4614 2048 4670 nominavimus

479 4718 728 4784 ipsarum
784 4711 995 4765 mdibus
1048 4707 1650 4777 circumscripserunt,
1701 4714 1756 4761 et
1801 4706 2049 4761 excubiis

478 4802 995 4861 circumdederunt.
1054 4802 1223 4855 Paulo
1277 4809 1400 4869 post
1447 4799 1804 4854 advenientes
1841 4798 2047 4860 mariti,

478 4912 604 4953 cum
637 4878 943 4949 Edessrnos
974 4892 1027 4946 in
1064 4907 1122 4946 se
1151 4891 1538 4955 insurrcaisse,
1577 4905 1814 4959 suasque
1849 4891 2047 4944 mulieo

479 5003 568 5043 res
613 4985 901 5041 conclusas
947 4983 1311 5045 invenissent,
1348 4982 1529 5051 fugam
1573 4980 1640 5035 ad
1680 4981 2047 5035 Triballorum

479 5080 785 5150 principem
830 5076 1101 5129 fecerunt.
1145 5074 1281 5128 Nam
1326 5088 1449 5128 cum
1504 5072 1683 5127 adhuc
1726 5072 1917 5127 Pheris
1951 5088 2049 5125 au-

478 5173 728 5235 dissent,
786 5168 1173 5237 imperatorem
1227 5164 1677 5219 Thessalonicam
1732 5164 1833 5217 iter
1862 5178 2045 5217 susce-

477 5266 645 5335 pisse,
682 5275 792 5315 non
822 5258 996 5311 levem
1040 5257 1093 5309 in
1146 5256 1398 5309 timorem
1450 5265 1734 5318 venerant,
1769 5254 1959 5308 urbem
1991 5269 2049 5309 se

480 5357 559 5409 illi
592 5351 989 5423 permissuram
1021 5364 1034 5398 :
1067 5348 1134 5401 ad
1169 5363 1352 5402 arcem
1397 5358 1574 5401 tamen
1603 5346 1771 5399 tutius
1807 5345 2049 5399 retinen-

479 5456 601 5502 dam
645 5448 921 5497 trecentos
949 5439 1346 5495 submiserunt.
1386 5439 1591 5492 Deinde
1622 5437 1712 5490 ubi
1758 5436 2050 5489 Thcssalo-

480 5538 658 5591 nicam
692 5549 750 5588 se
778 5532 881 5587 sub
938 5531 1292 5601 imperatoris
1341 5538 1672 5600 potestatem
1722 5528 2046 5595 subiecisse,

480 5638 535 5685 et
564 5626 686 5681 illos
710 5633 987 5680 trecentos
1014 5623 1213 5692 partim
1242 5623 1454 5676 occisos
1506 5623 1702 5689 partim
1736 5629 1924 5688 captos
1958 5621 2043 5674 in-

2158 4451 2257 4486 σαν
2286 4434 2652 4504 ἐπέμφθησαν
2684 4435 2778 4487 καὶ
2815 4434 3154 4503 Καστορέαν.
3191 4436 3303 4488 Καὶ
3334 4435 3604 4503 Ἀγγελος
3629 4436 3729 4507 μὲν

2153 4526 2180 4575 6
2223 4523 2539 4591 Καστορίας
2592 4522 2897 4592 ἐπίτροπος
2954 4523 3116 4585 εὐθὺς
3161 4525 3260 4592 τὴν
3292 4525 3450 4577 πόλιν
3494 4521 3609 4597 εἶχε
3638 4526 3729 4579 διὰ

2155 4615 2425 4685 φρουρᾶς,
2462 4614 2537 4676 ὼς
2564 4613 2778 4683 βασιλεῖ
2802 4613 2882 4683 τῷ
2918 4613 3047 4684 νέῳ,
3072 4615 3199 4677 ὅταν
3231 4616 3519 4685 ἀφίκηται,
3552 4634 3729 4685 παρα-

2152 4708 2363 4761 δώσων.
2407 4706 2470 4757 Ol
2512 4705 2559 4759 δ’
2608 4706 2666 4757 ὲν
2715 4704 2943 4777 Ἐδέσσῃ
2990 4705 3236 4773 δυνατοὶ,
3287 4707 3429 4760 οἵτε
3467 4707 3726 4777 Ἄγγελοι

2164 4797 2474 4867 Ῥαδίποροι
2505 4795 2961 4866 ἐπικεκλημένοι,
2994 4800 3148 4868 τρεῖς
3171 4799 3322 4863 ὄντες
3350 4800 3595 4869 ἀδελφοὶ,
3634 4802 3727 4854 καὶ

2154 4891 2181 4941 6
2216 4888 2526 4959 Λάσκαρις,
2560 4891 2684 4941 ἐπεὶ
2723 4889 2791 4941 τὰ
2825 4890 3234 4961 προστάγματα
3287 4892 3540 4959 ἐδέξαντο
3572 4893 3727 4963 βασι-

2151 4978 2310 5042 λέως,
2350 4979 2622 5049 μηδεμίαν
2676 4982 3044 5050 ποιησάμενοι
3073 4982 3376 5053 ἀναϐολὴν,
3414 4986 3539 5038 ἐπεὶ
3571 4988 3667 5039 καὶ
3696 4988 3726 5039 6

2151 5072 2322 5140 δῆμος
2365 5071 2706 5139 Ἐδεσσηνῶν
2758 5074 2859 5142 τῆς
2910 5073 3092 5126 αὐτῶν
3148 5075 3420 5148 ἐξήρτητο
3473 5056 3726 5148 γνώμης,

2151 5169 2252 5235 τήν
2294 5182 2354 5216 τε
2391 5165 2717 5235 βασίλισσαν
2778 5166 2878 5235 τὴν
2928 5169 3243 5239 Δημητρίου
3302 5169 3395 5222 τοῦ
3456 5171 3725 5224 δεσπότου

2153 5256 2427 5325 γαμετὴν,
2463 5256 2558 5309 καὶ
2593 5256 2691 5328 τὴν
2712 5259 2959 5327 ἐπάρχου
2986 5258 3083 5313 τοῦ
3117 5261 3450 5332 Μονομάχου
3496 5264 3594 5316 καὶ
3624 5263 3724 5334 τὴν

2164 5345 2358 5398 Ῥαοὺλ
2380 5346 2718 5416 περιώρισαν
2750 5348 2807 5399 έν
2840 5347 3043 5411 οίκίαις
3079 5347 3176 5402 καὶ
3205 5350 3533 5418 ἐφύλαττον,
3565 5369 3725 5423 περι-

2155 5441 2455 5506 στήσαντες
2488 5439 2764 5509 φρουράν.
2792 5442 2947 5495 Μετὰ
2993 5442 3193 5513 μικρὸν
3224 5442 3282 5495 δὲ
3310 5446 3357 5497 oi
3387 5445 3582 5515 ἄνδρες
3625 5447 3725 5500 αὐ-

2150 5530 2258 5581 τῶν
2291 5528 2558 5596 ὲλῐόντες,
2587 5533 2712 5584 ἐπεὶ
2763 5533 3024 5603 εὕρισκον
3063 5535 3419 5603 Ἐδεσσηνούς
3458 5554 3519 5589 τε
3547 5537 3727 5591 αὐτῶν

2151 5620 2555 5688 ἀοέεστςκότας,
2595 5622 2689 5672 καὶ
2727 5622 2992 5692 ὴχθείσας
3032 5625 3129 5690 τὰς
3187 5627 3480 5694 γυναῖκας,
3514 5628 3729 5698 spumi-
