4156 6300
412 468 519 527 309

1568 467 2136 541 ,ΙΙΙΞΤΟΒΙΑΚΙΙΜ
2178 471 2405 532 LIBER
2450 472 2495 535 ῐ.

3560 474 3677 536 3Ἰο

414 592 572 641 pavet
607 574 843 643 ἔφευγον
875 577 1009 647 πρὸς
1037 577 1132 631 τὸν
1165 576 1406 649 ἄρχοντα
1432 579 1538 632 τῶν
1566 580 1875 649 Τριϐαλῶν.
1907 579 1995 641 Ὠς

2108 580 2455 649 lcllexerunt,
2496 586 2645 639 omni
2675 586 2782 655 jam
2815 600 2911 655 spe
2942 582 3136 639 salutis
3159 583 3463 653 deplorata,
3486 585 3671 653 prius-

412 669 526 738 γὰρ
559 668 852 733 ἐπύθοντο,
884 669 966 722 ἔτι
995 672 1054 723 ὲν
1082 672 1284 740 Φεραῖς
1309 672 1484 736 ὄντες,
1513 672 1586 735 ὡς
1618 671 1871 741 βασιλεὺς
1890 672 1989 743 τὴν

412 759 553 827 πρὸς
577 758 993 826 Θεσσαλονίκην
1023 761 1296 831 φέρουσαν
1351 762 1589 833 ἐτράπη,
1623 764 1861 833 ἧλπισαν
1890 766 1989 837 μὲν

409 850 523 903 οὐδ’
555 851 647 904 ἐπὶ
699 853 896 921 μικρὸν
947 854 1097 924 αὐτῷ
1150 857 1252 926 τὴν
1309 856 1466 910 πόλιν
1529 860 1985 930 προσχωρήσειν·

412 941 713 1010 ἀσφαλείας
742 944 800 996 δὲ
823 944 1013 1012 ἕνεκα,
1047 946 1176 1010 τοὺς
1224 949 1580 1018 τριακοσίους
1627 950 1885 1020 ἔπεμψαν
1913 951 1988 1009 ὡς

410 1033 512 1105 τὴν
548 1035 855 1106 ἀκρόπολιν
882 1039 1238 1106 καθέξοντας.
1288 1040 1442 1096 Ἐπεὶ
1490 1043 1547 1095 δὲ
1597 1043 1862 1097 ἐπύθοντο
1914 1044 1989 1106 ὡς

306 1138 329 1189 ἶ
409 1129 444 1200 ἥ
469 1147 526 1182 τε
549 1131 922 1201 Θεσσαλονίκη
958 1132 1353 1207 προσεχώρησε
1388 1134 1620 1204 βασιλεῖ,
1638 1137 1731 1188 καὶ
1760 1138 1809 1189 οἱ
1835 1152 1991 1207 τρια-
2026 1136 2029 1139 ’

408 1223 608 1289 κόσιοι,
636 1225 686 1276 οἱ
717 1224 818 1294 μὲν
846 1225 1143 1292 ἀπέθανον,
1175 1229 1224 1279 οἱ
1245 1227 1292 1280 δ’
1324 1226 1723 1298 ἐζωγρήθησαν
1752 1229 1858 1281 ὑπὸ
1882 1228 1990 1281 τῶν

415 1311 739 1379 βασιλικῶν,
776 1315 961 1367 πᾶσαν
1012 1315 1206 1369 ἐλπίδα
1241 1317 1517 1386 σωτηρίας
1551 1318 1656 1387 ἤδη
1698 1334 1983 1388 περιαιρε-

411 1404 620 1468 θέντες,
653 1407 785 1474 πρὶν
824 1406 1076 1460 ἔκπυστα
1107 1410 1218 1469 τοῖς
1255 1411 1391 1463 πᾶσι
1422 1408 1678 1474 γενέσθαι
1732 1409 1803 1462 τὰ
1849 1426 1989 1478 συμ-

409 1494 606 1561 ϐάντα,
634 1497 1041 1566 τὴνστρατιάν
1075 1501 1176 1569 ὃση
1201 1494 1269 1570 ἦν
1313 1499 1703 1564 ἀναλαϐόντες,
1742 1501 1990 1570 προσχή-

412 1604 548 1656 ματι
596 1587 697 1657 μὲν
742 1587 914 1661 ⁴ᾓεσσιν
972 1592 1046 1652 ὡς
1099 1592 1195 1644 ἐπὶ
1250 1591 1682 1662 Θεσσαλονίκην,
1718 1593 1793 1655 ὡς
1839 1590 1995 1645 ούπω

408 1676 720 1732 ἑαλωκυῖαν
770 1681 1233 1751 περιποιήσοντες
1265 1681 1376 1748 (ἵνα
1400 1682 1476 1752 μὴ
1508 1682 1714 1735 δοκοῖεν
1739 1684 1992 1737 ἐκλιπόν-

406 1784 503 1831 τες
529 1768 731 1840 Φεράς,
763 1770 860 1822 καὶ
897 1770 997 1832 τὰς
1054 1769 1223 1833 ἄλλας
1271 1771 1371 1841 τῆς
1416 1772 1756 1836 Μακεδονίας
1809 1772 1993 1836 πόλεις

304 1874 311 1878 ‘
412 1858 707 1947 φεύγειν)·
762 1863 831 1932 τῇ
871 1862 916 1915 δ’
961 1862 1196 1935 ἀληθείᾳ
1236 1863 1328 1927 ὡς-
1354 1864 1588 1927 ἕκαστος
1640 1864 1992 1947 χωρήσοντες

412 1946 472 2005 οἵ
486 1950 553 2004 ἂν
578 1952 716 2005 αἵτε
744 1954 1010 2021 γυναῖκες
1041 1955 1137 2007 καὶ
1162 1954 1229 2008 τὰ
1259 1955 1426 2008 τέκνα
1561 1946 1719 2008 Ἐπεὶ
1750 1956 1806 2009 δὲ
1838 1955 1989 2021 ἐξελ-

414 2043 607 2109 θόντες
650 2045 762 2100 ἀπὸ
808 2046 997 2119 Φερῶν
1024 2049 1240 2118 εἴχοντο
1274 2046 1416 2114 ὀδοῦ,
1447 2048 1563 2102 ὅσοι
1603 2067 1661 2103 τε
1684 2051 1749 2104 ἐκ
1779 2052 1990 2104 Θεσσα-

414 2135 644 2204 λονίκης
712 2136 1214 2207 συνεστρατεύοντο
1270 2139 1478 2204 αὐτοῖς,
1538 2140 1663 2192 ἐπεὶ
1725 2141 1994 2203 ἐπύθοντο

414 2224 740 2290 ἑαλωκυῖαν,
784 2227 1125 2291 ἀποστάντες
1156 2227 1337 2281 αὐτῶν
1393 2231 1681 2300 ἐχώρησαν
1713 2233 1851 2301 πρὸς
1900 2234 1995 2302 βα-

356 2344 363 2349 ι
417 2316 591 2370 σιλέα.
629 2316 734 2370 Καὶ
764 2319 813 2372 οἱ
838 2318 1175 2391 Ιῖερῤοιῶται
1202 2320 1272 2373 τὰ
1308 2320 1367 2373 ὲν
1399 2320 1653 2391 Βοδηνοῖς
1695 2323 1995 2393 πυθόμενοι

421 2404 735 2475 συμϐάντα,
768 2409 942 2461 ταῦτα
990 2411 1104 2473 τοῖς
1165 2413 1231 2464 ὲκ
1279 2411 1688 2483 Θεσσαλονίκης
1731 2413 1990 2470 ἐποίουν·

415 2497 543 2551 τότε
607 2502 1118 2574 συστρατευόμενον
1175 2504 1360 2569 αὐτοῖς
1410 2505 1656 2575 ὑπήκοον
1700 2507 1997 2580 Ῥωμαίοις

421 2589 744 2660 στράτευμα
798 2588 1028 2661 Μυσῶν,
1056 2594 1165 2671 ἤδη
1211 2596 1308 2649 καὶ
1358 2596 1682 2668 ἐνεωτέρισε
1718 2602 1996 2672 φανερῶς.

432 2681 786 2752 Ἐντυχόντις
814 2685 925 2757 γὰρ
976 2686 1073 2741 τοῦ
1134 2676 1643 2760 πρωτοδεστιαρίου
1682 2692 2000 2765 βοσκήμασι

420 2771 661 2837 πολλοῖς,
681 2775 995 2848 διήρπασαν
1018 2779 1162 2833 αὐτὰ
1181 2780 1347 2834 αὑτοῦ
1373 2782 1665 2854 παρόντος,
1703 2787 1798 2839 καὶ¹
1828 2768 2021 2858 προσ-ς

422 2862 692 2934 εποίησαν
746 2868 982 2934 ἑαυτοῖς.
1029 2868 1434 2944 Ἐπιχειροῦντι
1489 2875 1546 2929 δὲ
1590 2877 1897 2945 ἀνασώζειν
1931 2881 2003 2935 τὰ

420 2954 857 3057 διαρπασθέντα,
902 2963 964 3016 ού
1022 2966 1193 3057 μόνον
1245 2969 1348 3022 οὐκ
1379 2970 1684 3039 ἐπείθοντο,
1714 2974 1851 3029 ἀλλά
1908 2978 2005 3032 καὶ

424 3048 542 3098 τῶν
577 3048 928 3119 σκευοφόρων
975 3052 1142 3107 αὐτοῦ
1197 3071 1323 3109 τινα
1374 3057 1664 3126 ἀφείλοντο
1688 3060 1782 3116 τὸν
1813 3061 2001 3130 ἵππον,

424 3135 578 3206 ἔργῳ
622 3138 972 3207 διδάσκοντες
1022 3143 1099 3206 ὡς
1145 3147 1196 3200 εί
1252 3147 1331 3217 μὴ
1360 3148 1623 3222 ἀγαπῴη,
1657 3152 2006 3225 χωρήσοντες

2093 688 2252 741 quam
2306 677 2718 747 evulgarcntur,
2783 693 2906 746 quae
2960 675 3219 739 omnibus
3281 674 3664 744 contigissent,
3724 735 3729 743 η

2091 766 2266 833 copiis
2292 779 2511 837 quanta:
2540 780 2698 824 erant
2727 772 3046 840 assumptis,
3082 767 3416 823 simularunt
3442 766 3664 836 quidem

2092 872 2151 912 se
2206 858 2653 914 Thessalonicam
2704 863 2805 926 ire,
2842 862 2999 930 quasi
3041 860 3283 915 nondum
3333 867 3545 926 captam
3582 873 3669 913 as-
3758 905 3763 910 .

2094 951 2295 1004 serturi
2333 952 2422 1022 (ne
2459 950 2678 1016 Pheris,
2711 963 2766 1008 et
2799 953 2924 1009 aliis
2953 951 3287 1008 Macedonia
3319 949 3551 1004 urbibus
3580 965 3667 1002 re-

2090 1037 2254 1102 lictis,
2308 1039 2489 1111 fugam
2524 1041 2665 1117 inire
2705 1043 3053 1112 putarentur)
3086 1059 3100 1106 ;
3135 1040 3228 1095 sed
3281 1054 3472 1093 revera
3513 1039 3661 1108 quis-

2091 1146 2220 1200 que,
2251 1132 2342 1186 ubi
2376 1149 2536 1199 uxor,
2564 1133 3015 1198 etliberi'erant,
3049 1132 3278 1186 abituri.
3310 1131 3670 1199 Posteaquam

2092 1223 2287 1277 Pheris
2335 1225 2541 1293 egressi
2582 1225 2724 1279 viam
2775 1226 3136 1289 invaserunt,
3187 1231 3458 1294 quotquot
3502 1222 3697 1277 Thes-.

2098 1314 2477 1370 salonicenscs
2510 1316 2612 1369 sub
2645 1316 2713 1371 iis
2739 1316 3089 1380 militabant,
3129 1315 3321 1369 urbem
3349 1322 3669 1383 occupatam

2096 1409 2461 1461 resciscentes
2490 1445 2507 1471 ,
2559 1408 2629 1462 ab
2660 1408 2739 1463 eis
2769 1407 2836 1461 ad
2866 1408 3260 1476 imperatorem
3294 1405 3667 1464 transierunt:

2095 1499 2356 1567 idemque
2380 1498 2725 1564 Berrhmitze,
2765 1498 3003 1569 cognitis
3030 1513 3151 1568 qua:
3175 1496 3392 1552 Edessa:
3430 1494 3675 1565 contige-

2094 1599 2239 1652 rant,
2272 1588 2456 1645 facere
2488 1606 2597 1646 non
2628 1590 2982 1655 dubitarunt;
3013 1599 3068 1645 et
3102 1590 3199 1659 qui
3248 1589 3353 1644 s'ub
3404 1588 3514 1642 illis
3556 1602 3674 1642 me-

2096 1681 2293 1735 rcbanl
2324 1681 2480 1737 Μωδί
2511 1682 2787 1737 Romanis
2835 1682 3068 1753 subjecti
3096 1723 3111 1748 ,
3160 1682 3272 1752 jam
3304 1680 3483 1734 libere
3506 1693 3677 1733 novns

2095 1790 2186 1829 res
2212 1772 2509 1829 audebant.
2561 1773 2704 1829 Nam
2743 1788 2870 1829 cum
2913 1773 2969 1827 in
3004 1788 3230 1843 magnos
3258 1769 3665 1843 protovesriarii
3696 1790 3699 1795 -

2095 1881 2285 1937 greges
2323 1867 2674 1932 incidissent,
2702 1866 2820 1937 ipso
2849 1867 3198 1936 inspectante
3222 1864 3291 1919 ad
3321 1878 3478 1918 usum
3512 1877 3673 1916 suum

2092 1974 2188 2015 eos
2209 1958 2528 2031 abigebant.
2556 1957 2662 2024 Qui
2693 1974 2819 2014 cum
2847 1967 3000 2027 rapta
3025 1970 3352 2026 recuperare
3380 1952 3679 2009 contende-

2091 2058 2218 2116 ret,
2248 2064 2360 2105 non
2387 2049 2554 2105 modo
2611 2064 2726 2105 non
2771 2057 3102 2113 cesserunt,
3154 2047 3250 2102 sed
3294 2045 3513 2101 cuidam
3544 2059 3687 2113 prae.

2099 2152 2247 2199 terea
2299 2144 2421 2214 ejus
2451 2141 2631 2197 caloni
2685 2156 2887 2212 equum
2921 2139 3283 2195 farcinarium
3335 2134 3680 2191 abstulerunt

2093 2238 2240 2294 facto
2270 2247 2562 2294 monentes
2587 2277 2601 2299 .
2633 2238 2694 2292 ni
2731 2237 2861 2292 boni
2893 2236 3232 2301 consuleret,
3269 2249 3329 2289 se
3361 2234 3516 2288 illum
3543 2247 3683 2301 quo-

2101 2348 2209 2402 que
2243 2330 2555 2386 invasuros.
2600 2330 2760 2400 170
2789 2328 3023 2397 Reliqua
3062 2328 3292 2396 insuper
3324 2325 3480 2394 copia
3507 2364 3522 2387 ,
3557 2321 3681 2390 qui-

2099 2438 2207 2491 que
2262 2437 2328 2475 ex
2395 2419 2831 2475 occidentalibus
2865 2415 3104 2487 'oppidis
3153 2414 3400 2484 opulenti
3449 2422 3506 2467 et
3556 2410 3680 2465 illu-

2100 2523 2244 2570 stres
2275 2514 2528 2576 aderant,
2574 2510 2797 2565 fortuna
2835 2506 3188 2577 imperatoris
3210 2506 3323 2576 jam
3357 2502 3676 2573 conspicua,

2101 2604 2346 2661 universi
2378 2592 2616 2658 desertis
2643 2600 2879 2655 ducibus
2901 2637 2918 2663 ,
2953 2597 3021 2652 ad
3051 2598 3172 2668 ejus
3219 2595 3462 2649 rationes
3496 2608 3554 2646 se
3586 2590 3683 2645 ad-

2096 2694 2422 2766 jungebant.
2481 2689 2969 2750 Protovestiarius,
3017 2684 3331 2742 formidans
3387 2681 3683 2736 Aelnidem

2102 2787 2205 2850 ire,
2238 2784 2331 2840 ubi
2368 2797 2594 2839 uxorem
2637 2796 2763 2837 cum
2794 2778 3046 2850 prolibus
3075 2775 3424 2846 deposuerat,
3461 2772 3701 2842 quando-

2103 2878 2407 2932 exercitum
2450 2874 2726 2930 adversus
2785 2874 3176 2942 imperatorem
3228 2864 3503 2927 ducebat,
3554 2866 3684 2922 item

2103 2971 2331 3038 despota
2352 3009 2368 3035 ,
2400 2965 2696 3035 easterique
2724 2966 2794 3018 ad
2823 2962 3076 3027 Cralem,
3109 2958 3480 3015 Triballorum
3527 2955 3684 3025 prin-

2104 3064 2302 3132 cipem,
2356 3058 2763 3121 discesserunt,
2804 3068 3042 3109 numero
3076 3050 3476 3120 quinquaginta
3514 3063 3684 3117 supra
3737 3063 3740 3066 ’

2105 3160 2356 3208 centum.
2416 3146 2629 3204 Pheraei
2690 3159 2859 3215 porro
2911 3144 3228 3212 quicunque
3272 3138 3532 3209 Byzantio
3588 3137 3687 3191 de-

426 3228 527 3280 καὶ
556 3232 680 3284 κατ’
713 3231 902 3291 αὐτοῦ.
931 3234 1008 3290 Ἥ
1042 3255 1103 3291 τε
1132 3238 1297 3310 λοιπὴ
1330 3239 1523 3297 ἅπασα
1562 3246 1797 3315 στρατιὰ
1824 3247 1920 3300 καὶ
1953 3247 2003 3299 οἱ

2109 3252 2344 3316 spetam,
2369 3241 2620 3309 aliosque
2651 3233 2822 3293 duces
2847 3233 3024 3290 secuti
3056 3232 3441 3295 fuerant,~cum
3472 3229 3541 3283 ab
3564 3228 3711 3282 aliis.

425 3321 496 3375 ἐκ
531 3321 643 3375 τῶν
698 3325 971 3397 ἑσπερίων
1020 3330 1235 3385 πόλεων
1284 3334 1558 3407 παρόντες
1617 3338 1861 3404 δυνατοὶ,
1891 3339 2002 3395 τῶν

428 3413 700 3482 βασιλέως
749 3421 1096 3490 πραγμάτων
1141 3423 1245 3494 ἤδη
1301 3426 1557 3498 φανερῶν
1597 3432 2005 3501 γεγενημένων,

429 3505 752 3573 ἐκλιπόντες
781 3513 908 3576 τοὺς
943 3519 1287 3586 στρατηγοὺς
1312 3519 1516 3583 πάντες
1536 3515 1700 3590 ἦλθον
1723 3521 1800 3585 ὡς
1817 3522 2004 3578 αὐτόν.

430 3590 630 3657 Δείσας
683 3594 742 3648 δὲ
800 3599 829 3651 ό
887 3600 1390 3673 πρωτοὸεστιάριος
1447 3606 1528 3669 είς
1571 3606 1795 3677 ’Δχρίδα
1829 3607 2009 3662 ἐλθεῖν

430 3683 700 3789 gestet-{ap
809 3691 1183 3789 καταθέμενος
1206 3695 1306 3766 τὴν
1325 3701 1560 3765 γυναῖκα
1592 3702 1687 3753 καὶ
1706 3700 1774 3753 τὰ
1792 3701 2006 3772 τέκνα),

433 3780 527 3829 ὅτε
563 3780 705 3834 κατά
760 3781 1030 3851 βασιλέως
1076 3785 1195 3856 ἅμα
1235 3788 1315 3859 τῷ
1374 3791 1755 3865 στρατεύματι
1782 3792 2007 3866 ἐχώρει,

436 3866 561 3937 ἅμα
608 3871 850 3948 δεσπότῃ
881 3879 977 3930 καὶ
1013 3882 1131 3942 τοῖς
1158 3879 1392 3948 λοιποῖς,
1419 3885 1501 3946 είς
1532 3884 1883 3955 πεντήκοντα
1914 3888 2010 3940 καὶ

434 3959 636 4061 tutari)
661 3962 833 4061 ὄντες,
866 3967 1154 4061 ἐχώρησαν
1202 3970 1340 4040 πρὸς
1368 3972 1621 4044 Κράλην,
1654 3975 1746 4028 τὸν
1770 3975 2013 4047 ἄρχοντα

436 4052 551 4102 τῶν
578 4052 888 4124 Τρισαλῶν.
923 4060 1139 4126 Φεραῖοι
1188 4061 1268 4130 δὲ,
1293 4064 1409 4116 ὅσοι
1439 4059 1581 4134 ἦσαν
1613 4066 1679 4118 ὲκ
1716 4066 2013 4127 Βυζαντίου

439 4141 684 4216 δεσπ-ίτῃ
709 4148 802 4200 καὶ
840 4151 957 4213 τοῖς
999 4150 1184 4216 ἄλλοις
1213 4154 1474 4224 ἑπόμενοι
1504 4159 1861 4226 στρατηγοῖς,
1891 4158 2016 4212 ἐπεὶ

438 4234 723 4291 ἐλείποντο
754 4242 872 4294 ἐκεῖ
916 4244 1376 4315 ἀναχωρούντων,
1410 4247 1591 4302 πάντα
1624 4249 1916 4319 συσχόντες
1950 4250 2016 4304 τὰ

437 4326 574 4381 ὄντα
605 4329 705 4399 μὲν
728 4331 1042 4403 διήρπασαν
1075 4338 1286 4401 αὐτοῖς·
1331 4338 1532 4403 αὐτοὺς
1560 4340 1621 4394 δὲ
1648 4341 1753 4393 ὑπὸ
1780 4332 2017 4413 ’δεσμοῖς

438 4419 656 4490 ἤγαγον
690 4424 765 4488 ὡς
789 4424 1034 4493 βασιλέα.
1063 4429 1355 4497 Βασιλεὺς,
1391 4432 1450 4484 δὲ
1489 4434 1616 4486 ἐπεὶ
1646 4433 1891 4489 ἐδέδοκτο
1917 4437 2017 4506 τὴν

442 4514 538 4564 ὲπί
566 4515 833 4570 Ἔδεσσαν
879 4520 1040 4584 ίέναι,
1076 4519 1314 4587 ἐξελθών
1370 4522 1805 4596 Θεσσαλονίκης,
1834 4527 2019 4582 δευτε-

449 4609 603 4678 ραῖος
630 4605 919 4680 ἦλθενίείς.
947 4614 1107 4669 αὐτὰ.
1145 4614 1547 4685 ΟίἙδεσσηνοὶ
1588 4619 1670 4685 δὲ,
1706 4619 2018 4685 ἐξελθόντες

444 4700 742 4770 πανδημεὶ,
774 4707 1195 4777 προσεκύνησάν
1222 4725 1278 4762 τε
1309 4709 1535 4777 βασιλέα
1558 4715 1661 4765 ’καὶ
1691 4711 1752 4764 τὸ
1777 4713 2020 4781 πόλισμα

444 4792 781 4862 παρέδοσαν.
815 4798 898 4850 Τὰ
955 4798 1056 4868 μὲν
1107 4797 1202 4853 οὖν
1250 4801 1388 4855 ἄλλα.
1490 4802 1640 4871 αύτῷ
1676 4803 1852 4857 ἐδόκει
1890 4802 2017 4873 arrp-

446 4900 539 4938 κει
567 4887 595 4938 ό
624 4886 885 4957 βασιλεύς
905 4906 918 4921 ·
954 4891 1059 4944 ὅσα
1096 4892 1151 4945 δὲ
1174 4886 1462 4963 ἦναύτόθι
1494 4897 1758 4964 χρήματα
1788 4896 2027 4966 δεσπότῃ

446 4976 550 5030 καὶ
601 4981 715 5041 τοῖς
757 4979 945 5045 ἄλλοις
980 4986 1340 5054 στρατηγοῖς,
1374 4985 1411 5039 ἃ
1440 4986 1543 5055 μὲν
1583 4985 1649 5038 ἂν
1765 4985 1875 5039 ἴδια
1904 4989 2026 5049 ταῖς

447 5070 692 5161 γυναιξὶ,
727 5073 881 5127 ταῦτ’
905 5075 1052 5145 ἔχειν
1087 5077 1426 5146 προσέταξεν
1459 5079 1655 5143 αὐτὰς,
1685 5081 1796 5132 καὶ·
1818 5079 2028 5149 μηδένα

448 5162 664 5216 ἀδικεῖν
686 5179 702 5197 ⁸
740 5165 776 5220 ἃ.
805 5166 851 5220 δ’
875 5168 960 5222 ’ἂν
1078 5170 1192 5222 τῶν
1239 5170 1473 5241 ἀνδρῶν,
1506 5172 1655 5241 αὐτῷ
1694 5171 2029 5242 μηνυθῆναι,

2108 3314 2181 3392 ibi
2237 3314 2572 3389 abeuntibus
2620 3328 3042 3391 desererentur,
3074 3320 3485 3390 comprehensis
3511 3319 3688 3373 omni-

2108 3428 2236 3489 bus,
2272 3440 2337 3479 ac
2369 3410 2695 3492 det-spoliatis
2717 3460 2733 3486 ,
2767 3420 2834 3474 ad
2867 3419 3253 3488 imperatorem
3286 3428 3381 3469 eos
3411 3413 3467 3467 in
3498 3412 3691 3466 vincu-

2109 3501 2178 3573 lis
2213 3516 2588 3572 adduxerunt.
2621 3510 2727 3577 Qui
2746 3507 3155 3591 Thessalonica
3176 3518 3454 3576 egressus,
3485 3502 3712 3573 posui--

2110 3614 2223 3681 die,
2244 3622 2326 3669 .ut
2353 3613 2700 3676 decreverat,
2727 3590 3002 3665 Edessam
3025 3603 3180 3659 venit
3206 3621 3220 3656 :
3251 3601 3337 3657 cui
3367 3607 3524 3655 extra
3564 3613 3697 3667 por--

2113 3718 2223 3764 tam
2254 3706 2485 3762 obviam
2524 3700 2890 3774 procedentes
2936 3697 3153 3762 incolae,
3180 3709 3418 3763 eumque
3450 3691 3689 3745 adoran-

2115 3810 2236 3866 tes,
2272 3799 2465 3853 urbem
2524 3792 2879 3849 dediderunt.
2935 3789 3015 3844 Ac
3063 3797 3261 3843 caetera
3302 3783 3524 3853 quidem
3583 3795 3711 3848 qua.

2119 3892 2197 3947 illi
2231 3890 2446 3945 ratione
2470 3885 2776 3942 collibitum
2808 3890 2915 3945 est,
2951 3880 3189 3934 instituit
3223 3893 3241 3943 ;
3292 3876 3361 3930 de
3400 3873 3568 3927 rebus
3593 3887 3691 3925 au-

2117 3992 2228 4038 tem
2273 3980 2536 4048 despataa,
2584 3985 2641 4030 et
2693 3976 2896 4029 ducum
2931 3980 3278 4033 cmterorum,
3330 3979 3453 4034 quae
3508 3972 3739 4033 essent,

2118 4085 2356 4127 uxorum
2403 4065 2642 4137 prOpriae
2677 4064 2792 4133 (2),
2828 4078 2923 4116 eas
2973 4061 3081 4115 illis
3129 4060 3267 4125 citra
3304 4055 3560 4126 injuriam
3607 4053 3692 4107 di-

2120 4161 2263 4216 mitti
2292 4158 2455 4230 jussit
2475 4193 2489 4218 ,
2531 4169 2656 4225 quae
2684 4148 2870 4207 autem
2900 4150 3147 4203 virorum
3186 4146 3253 4201 ad
3285 4160 3342 4199 se
3371 4143 3585 4217 referri,
3635 4149 3693 4199 ut

2121 4256 2186 4310 de
2216 4253 2284 4308 iis
2313 4251 2431 4320 ipse
2477 4249 2819 4303 decerneret.
2848 4241 2985 4298 Aliae
3014 4240 3179 4310 igitur
3227 4236 3411 4292 omnia
3439 4273 3455 4297 ,
3505 4232 3693 4302 regina

2121 4349 2362 4416 despotae
2391 4342 2593 4412 conqu
2618 4376 2634 4400 ,
2684 4338 2861 4393 verita
2893 4350 2963 4390 ne
2988 4334 3304 4404 privaretur
3329 4371 3343 4394 ,
3397 4342 3572 4398 pauca
3626 4325 3713 4378 des

2124 4450 2337 4494 sunnna
2383 4431 2689 4496 indicavit,
2728 4429 2936 4499 majore
2979 4434 3132 4496 parte
3168 4426 3311 4492 apud
3367 4417 3693 4473 monachum

2125 4527 2415 4601 quemdam
2442 4523 2717 4593 deposita.
2752 4521 2816 4574 Et
2849 4519 3128 4573 latuerunt
3171 4528 3302 4570 sane
3347 4513 3414 4565 ad
3455 4519 3693 4576 tempus.

2131 4599 2339 4677 Deinde
2407 4614 2681 4670 monacho
2734 4612 2804 4667 ab
2830 4602 3055 4665 illorum
3114 4607 3364 4674 locoran
3426 4599 3697 4669 praefectis

2127 4710 2476 4780 deprehenso
2501 4747 2515 4770 ,
2552 4705 2661 4759 alio
2712 4702 2816 4758 alia
2866 4701 3082 4769 direpta
3130 4707 3277 4752 sunt.
3327 4695 3430 4750 Ubi
3463 4708 3593 4748 vero
3629 4691 3697 4744 de

2126 4806 2295 4858 rebus
2334 4801 2551 4854 illorum
2603 4793 2937 4864 imperatori-
2964 4790 3328 4860 signiﬁcatum
3353 4797 3459 4847 est,
3487 4793 3543 4838 et
3571 4797 3723 4837 suas-

2125 4902 2178 4947 et
2208 4890 2669 4944 maritorum-res
2703 4885 2850 4954 ipsas
2878 4883 3113 4937 feminas
3145 4878 3249 4934 sibi
3284 4879 3486 4933 habere
3511 4874 3721 4945 jussit,

2128 4997 2186 5040 ut
2217 4985 2273 5039 in
2297 4983 2447 5039 viros
2478 4980 2614 5036 locis
2646 4977 2852 5034 exteris
2881 4977 3163 5039 viventes,
3211 4973 3357 5041 quod
3389 4978 3696 5040 erogarent,

2127 5094 2197 5134 ne
2243 5078 2503 5135 deesset;
2558 5072 2705 5142 ipsas
2739 5078 2922 5124 autem
2976 5067 3181 5121 Edessa
3227 5066 3303 5132 ιδ)
3346 5059 3703 5115 Thessaloni-

2129 5183 2247 5222 eam
2288 5205 2304 5229 ,
2366 5164 2492 5218 inde
2568 5159 3015 5231 Didymoticbum
3098 5155 3333 5219 abduci,
3403 5150 3516 5205 illic
3575 5165 3723 5206 cum.

1694 5322 1905 5403 Jacobi
1933 5320 2197 5383 Pontani
2248 5326 2433 5378 nota).

528 5479 607 5549 (‘2)
640 5478 918 5549 Χρήματα
962 5478 1040 5532 ait
1080 5477 1303 5534 Graecus
1335 5490 1349 5527 :
1378 5469 1549 5549 quod,
1578 5468 1838 5549 quamvis
1863 5466 2032 5549 signi-

456 5537 601 5607 ticet'
637 5537 913 5616 pecunias,
950 5548 1096 5603 valet
1138 5557 1318 5601 tamen
1368 5537 1618 5616 aliquid
1646 5540 1813 5616 etiam
1868 5537 2031 5591 latius

496 5609 675 5683 alens,
710 5609 906 5685 nempe
959 5618 1122 5685 bona,
1156 5630 1308 5685 opes,
1338 5609 1667 5685 facultates.
1700 5609 2029 5685 E_t_ego.ma-

486 5676 709 5767 ui__voce
734 5676 1001 5767 generali,
1035 5676 1139 5761 res,
1175 5676 1302 5755 quia
1336 5684 1439 5737 hoc
1456 5680 1664 5767 laptius‘
1680 5677 1747 5767 ald
1778 5676 2028 5756 feminas,

460 5761 669 5829 quibus
696 5747 802 5829 alia
843 5747 1240 5829 potius,'quain
1274 5747 1518 5823 pecuniaé
1550 5750 1603 5803 in
1635 5747 1846 5829 deliciis
1881 5754 2030 5829 sunt,

464 5817 528 5885 tit
562 5828 801 5882 mundus
845 5817 1113 5896 ipsarum:
1159 5817 1337 5896 Movet
1380 5818 1666 5896 ntc,_quod
1710 5817 1875 5896 paulo
1909 5822 2034 5896 post

471 5902 541 5955 de
574 5897 782 5954 mundo
812 5887 998 5954 utioris
1030 5890 1679 5968 protovcstiariidicitur,
1702 5887 2033 5942 aestimatum

2132 5462 2348 5516 duobus
2380 5469 2674 5513 aureorum
2708 5454 2971 5519 millibus,
3007 5450 3099 5504 ubi
3157 5451 3352 5502 iterum
3398 5452 3723 5519 usurpatae

2120 5515 2542 5602 .XpﬁttqtaL-Er
2586 5539 2806 5602 rursum
2861 5515 3234 5588 de'ejusdent
3290 5515 3698 5585 protovcstiarii

2135 5598 2468 5669 supellectili
2511 5608 2676 5648 aurea
2706 5601 2761 5645 et
2786 5600 3067 5669 argentea.

2208 5655 2282 5739 '(5)
2324 5668 2382 5721 In
2432 5665 2622 5739 Graeco
2668 5672 2753 5716 est
2804 5655 2878 5713 si
2896 5658 3195 5739 νιξοδηνῶν,
3250 5657 3477 5739 quippe
3504 5655 3700 5739 πέντεα

2134 5725 2234 5794 ista
2268 5725 2370 5791 hoc
2397 5736 2562 5789 etiam
2598 5747 2792 5785 nomen
2825 5730 3012 5784 sortita
3036 5725 3170 5791 'est;
3207 5725 3352 5780 unde
3382 5736 3433 5779 et
3468 5729 3519 5779 iu
3552 5727 3707 5782 Gru--
3754 5740 3769 5748 ’

2135 5814 2221 5863 cia
2253 5805 2517 5876 Sophiani
2552 5803 2756 5876 dicitur
2793 5801 3036 5866 l’odena,
3082 5807 3139 5853 et
3167 5799 3219 5851 in
3252 5797 3455 5851 tabulis
3486 5797 3723 5869 Georgii;

2136 5873 2524 5950 Uln'ysococcm
2558 5873 2776 5927 Βόδενα.
