4156 6300
437 400 544 461 3Ἷῖ

1606 409 2145 503 lllSTOlllARUM
2187 413 2416 472 LIBER
2462 414 2501 475 ί.

3573 414 3682 477 371

434 517 544 587 ψας
590 516 648 570 δὲ
681 513 709 569 ὀ
745 516 920 586 μέγας
964 516 1284 586 δομέστικος
1334 519 1441 571 τῶν
1494 522 1833 575 πιστοτάτων
1862 524 2007 575 οἰκε-

2120 522 2286 593 igitur
2318 541 2546 594 magnus
2588 525 2928 581 domesticus
2981 535 3038 581 et
3086 525 3273 581 verbis
3314 526 3519 598 gratias
3547 530 3679 597 egit,

436 609 549 662 τῶν
587 626 730 673 τινα,
784 608 1173 678 ὑφηγουμένου
1217 609 1308 663 τοῦ
1363 614 1743 681 μεμηνυκότος
1778 614 1841 666 τὰ
1877 616 2011 685 χρή-

439 714 609 765 ματα,
640 697 784 768 ήχθη
835 699 976 767 πρὸς
1033 699 1198 753 αὑτὸν
1249 702 1307 753 ἐν
1338 700 1461 754 δυσὶ
1504 704 1803 767 κιδωτίοις,
1836 706 1894 757 ὲν
1929 701 2010 768 οἷς

433 782 503 855 ἦν
538 788 761 856 ἀγγεῖόν
810 807 865 841 τι
908 792 971 843 ὲκ
1030 790 1238 860 χαλκοῦ
1292 794 1663 863 πεποιημένον
1712 795 2009 866 δισχιλίους

436 880 536 933 καὶ
574 880 806 949 μυρίους
853 881 977 953 ἕχον
1018 882 1277 952 χρυσοῦςο
1311 885 1403 937 καὶ
1454 883 1644 949 ζῶναι,
1691 888 1788 939 καὶ
1826 886 2009 939 ἐκπώ-

414 960 590 1041 ματα
630 976 695 1046 ἐκ
733 974 939 1045 χρυσοῦ
978 977 1354 1044 πεποιημένω
1383 977 1477 1030 καὶ
1506 978 1745 1049 ἄργυρος
1771 979 2006 1050 ἄσημος,

438 1065 534 1119 καὶ
568 1068 872 1133 γυναικεῖοι
909 1068 1128 1137 κόσμοι,
1165 1070 1259 1121 καὶ
1284 1068 1436 1138 ἕτερ’
1461 1071 1596 1124 ἄττα
1634 1088 2012 1140 τετρακισμυ-

440 1158 573 1227 ρίων
608 1157 737 1222 ἄξια
785 1159 1049 1229 χρυσίων.
1089 1156 1180 1229 Τῷ
1222 1160 1323 1228 μὲν
1356 1156 1450 1228 οὖν
1490 1161 1557 1213 τὰ
1606 1164 1867 1233 χρήματα
1915 1180 2010 1232 με·

440 1246 730 1316 μηνυκότι,
770 1246 955 1314 λόγοις
987 1263 1049 1299 τε
1098 1247 1127 1298 δ
1169 1248 1346 1317 μέγας
1380 1249 1705 1319 δομέστικος
1736 1251 2007 1320 ὡμολόγει

435 1336 699 1405 χάριτας,
735 1336 830 1387 καὶ
873 1333 1055 1405 ἔργοις
1092 1338 1265 1390 ἐποίει
1308 1335 1392 1393 εὖ.
1444 1337 1665 1393 Βασιλεῖ
1691 1341 1746 1393 δὲ
1779 1340 2010 1413 προσελ-

433 1423 658 1493 θὼν,·τά
681 1442 742 1479 τε
774 1426 1037 1497 χρήματα
1069 1428 1311 1498 ἐμήνυεν
1336 1429 1413 1492 ὡς
1444 1424 1727 1502 εὕρηνται,
1761 1434 1856 1487 καὶ
1885 1433 2011 1505 ὲδή-

434 1516 533 1569 λου
580 1516 676 1569 καὶ
701 1516 794 1569 τὸν
837 1516 1096 1586 ἀριθμόν.
1130 1517 1409 1581 Βασιλέως
1440 1519 1517 1582 δὲ,
1552 1519 1790 1586 Οὐκοῦν,
1823 1521 2008 1575 εἰπόν-

430 1627 550 1675 τος,
594 1609 654 1662 σὲ
710 1609 801 1662 τὸν
864 1607 1139 1680 εὑρηκότα
1200 1611 1414 1664 δίκαιον
1468 1612 1635 1681 ἔχειν,
1716 1612 1858 1665 Ἀλλ’
1883 1612 2008 1667 οὔτε

433 1701 727 1772 πρότερον,
755 1696 911 1754 εἷπεν
941 1701 1131 1766 αὐτὸς,
1158 1705 1215 1756 ὲν
1252 1706 1366 1768 τοῖς
1396 1703 1492 1757 τοῦ
1526 1704 1767 1775 πολέμου
1796 1705 2012 1775 καιροῖς

430 1789 558 1844 οὗτε
604 1788 779 1841 πλείω
818 1787 933 1843 οὔτ’
960 1788 1172 1844 ἐλάττω
1203 1791 1464 1861 χρήματα
1501 1791 1809 1862 ἀφειλόμην
1841 1793 2010 1861 τινὸς,

430 1880 623 1949 ὥσπερ
663 1874 819 1933 οἶσθα
865 1879 961 1931 καὶ
1012 1880 1198 1942 αὐτός’
1233 1879 1361 1933 οὔτε
1410 1880 1621 1935 τούτων
1666 1882 1732 1936 ἂν
1781 1883 2006 1954 ὀφθείην
2040 1863 2085 1923 Β

427 1972 616 2042 ἥττων
653 1968 771 2025 νῦν.
818 1968 962 2023 Ἀλλ’
995 1971 1171 2041 οὐδὲν,
1203 1969 1331 2040 ἔφη,
1385 1962 1700 2041 θαυμαστὸν
1724 2015 1738 2039 ,
1786 1973 1816 2027 5
1849 1975 2006 2046 βασι-

428 2064 579 2129 λεὺς,
616 2065 665 2118 εί
694 2062 867 2116 πολλὰ
907 2063 1000 2116 ὑπ’
1028 2064 1208 2117 αὐτῶν
1233 2065 1615 2137 ἀφῃρημένος,
1647 2068 1741 2121 καὶ
1771 2068 2003 2136 μάλιστα

430 2156 943 2229 πρωτοδεστιαρίου
969 2154 1212 2222 τουτουῒ,
1242 2156 1400 2225 ὀλίγα
1430 2158 1568 2211 ἄττα
1601 2160 1664 2211 ὲκ
1703 2159 1812 2213 τῶν
1837 2158 2003 2214 αὐτοῦ

429 2247 789 2318 ὠφεληθήσῃ.
853 2245 1001 2299 Αὐτὸ
1058 2245 1161 2316 μὲν
1218 2240 1312 2300 οὖν
1366 2245 1524 2301 τοῦτο
1573 2240 1800 2315 μᾶλλον,
1856 2246 2001 2315 εἷπε,

430 2340 782 2410 θαυμαστὸν,
809 2340 857 2391 εί
883 2338 1056 2413 τερλλὰ
1092 2338 1185 2391 ὑπ’
1207 2338 1410 2401 αὐτῶν,
1464 2339 1557 2391 καὶ
1593 2339 1830 2410 μάλιστα
1862 2341 2005 2395 κατὰ

429 2431 525 2484 τὸν
584 2430 837 2499 δεύτερον
892 2429 1130 2499 πόλεμον
1179 2426 1507 2497 ζημιωθεὶς,
1561 2427 1775 2499 καιροῦ]
1827 2447 2007 2498 παρα-

433 2524 667 2592 σχόντος
722 2523 823 2575 οὑκ
880 2522 1131 2592 ἠθέλησα
1188 2520 1503 2591 ἀμύνασθαι
1537 2524 1653 2583 τοῖς
1693 2521 1847 2585 ῐσοις,
1888 2502 2006 2578 νυν)⁵

334 2658 341 2663 .
430 2614 489 2667 δὲ
525 2613 724 2679 ὀλίγων
754 2613 922 2667 ἕνεκα
970 2612 1295 2683 χρημάτων,
1332 2611 1393 2665 τό
1441 2628 1501 2664 τε
1547 2610 1605 2675 ἐξ
1655 2612 1831 2682 ἀρχῆς
1873 2608 2007 2683 ἦθος

430 2701 734 2772 διαφθερῶ,
778 2701 871 2755 καὶ
903 2701 1082 2770 ἥττων
1110 2699 1300 2754 ἀδίκου
1340 2700 1630 2769 λήμματος
1662 2701 1757 2753 καὶ
1782 2701 2006 2772 κέρδους

432 2789 503 2844 ἂν
529 2790 726 2858 φανῶκ·
774 2790 911 2843 ἀλλὰ
960 2789 1164 2859 μᾶλλον
1207 2788 1349 2843 αὐτὰ
1385 2789 1753 2860 στρατιώταις
1784 2793 1877 2845 καὶ
1912 2791 2007 2845 ἄλ-

433 2881 551 2947 λοις
581 2880 662 2945 οἷς
686 2882 752 2936 ἂν
778 2882 971 2954 ἐθέλῃς
999 2883 1266 2936 κέλευσον
1300 2882 1713 2953 διανεμηθῆναι.
1742 2882 2006 2947 Βασιλεὺς

439 2977 542 3044 μὲν
593 2973 685 3027 οὖν
728 2974 976 3027 ἐπείθετο
1007 2975 1250 3039 εἰπόντι,
1303 2974 1398 3027 καὶ
1443 2975 1535 3026 τὸν
1563 2974 1766 3044 χρυσον
1790 2976 1913 3037 ὅσος
1940 2970 2008 3044 ἦν

436 3065 695 3121 ἐκέλευσε
749 3066 1150 3137 διανεμηθῆναι
1198 3069 1266 3137 τῇ
1335 3068 1589 3138 στρατιᾷ.
1640 3068 1783 3120 Ὅσα
1821 3068 1880 3121 δὲ
1938 3063 2008 3139 ἦν

438 3158 676 3221 ἔτιιπλα,
706 3157 804 3210 καί
832 3175 955 3210 τινα
1004 3160 1068 3210 ἐκ
1120 3157 1229 3211 τῶν
1259 3159 1496 3223 σκευῶν,
1528 3157 1640 3211 τῶν
1668 3159 2010 3229 εὐπατριδῶν

435 3249 653 3317 διεδόθη
693 3248 827 3302 τισίο
861 3249 957 3303 καὶ
990 3249 1060 3301 τὰ
1099 3249 1404 3319 λειπόμενα
1438 3248 1513 3318 τῷ
1550 3250 1819 3322 βασιλικῷ
1849 3267 2012 3320 προσ-

437 3341 584 3412 ήχθη
619 3340 883 3411 ταμιείῳ.
919 3339 1096 3393 Ὀκτὼ
1121 3339 1178 3393 δὲ
1211 3341 1451 3412 ἡμέραις
1480 3345 1549 3412 τῇ
1581 3343 1792 3412 Ἀχρίδι
1830 3343 2011 3396 ἐνδια-

436 3433 714 3504 τρίψαντα
759 3433 1030 3506 βασιλέα,
1075 3434 1129 3487 οῐ
1157 3450 1219 3486 τε
1257 3435 1358 3498 τὰς
1402 3435 1690 3499 Δεαδόλεις
1716 3438 2012 3507 νεμόμενοι

452 3527 706 3579 Ἀλϐανοὶ
765 3518 1002 3594 νομάδες
1028 3565 1044 3591 ,
1091 3527 1187 3580 καὶ
1237 3527 1285 3579 οἱ
1329 3526 1428 3591 τὰς
1474 3527 1810 3592 Κολωνείας,
1847 3526 1926 3581 ἔτι
1956 3529 2014 3582 δὲ

443 3621 541 3674 καὶ
573 3621 623 3673 ot
663 3619 912 3690 ’Δχρίδος
946 3618 1136 3687 ἐγγὺς,
1164 3619 1581 3690 προσεκύνησαν
1619 3620 1893 3685 ἐλθόντες,
1917 3621 2014 3674 καὶ

378 3718 391 3729 ⁸
438 3711 721 3765 δουλεύειν
757 3709 1159 3782 ἐπηγγείλαντο
1194 3709 1512 3781 προθύμως.
1549 3712 1687 3775 Τοὺς
1724 3711 1781 3765 δὲ
1822 3713 2013 3784 πόρρω

439 3801 888 3872 κατῳκισμένους
919 3802 1056 3871 πρὸς
1088 3802 1372 3871 ἐσχατιαῖς
1422 3803 1520 3873 τῆς
1565 3802 1853 3874 Ῥωμαίων
1882 3806 2014 3874 ήγεα

441 3893 657 3964 μονίας,
693 3894 1002 3964 γράμματα
1042 3891 1228 3946 ικάλ.ει
1275 3892 1533 3963 βασιλικά
1566 3894 1704 3964 πρὸς
1736 3894 2009 3947 Θεσσαλοο

442 3987 608 4055 νίκην
667 3967 844 4037 ἐλθεῖν
880 4023 895 4047 ,
951 3983 1027 4047 ὡς
1079 3984 1561 4053 προσκυνήσοντας
1613 3986 1749 4036 ἐκεῖ.
1795 3986 1905 4037 Καὶ
1948 3986 2010 4037 ού

438 4075 628 4143 πο).ὶῷ
659 4075 887 4144 ὕστερον
914 4072 1099 4144 ἦλθον.
1142 4074 1199 4129 '0
1234 4075 1421 4143 μέντοι
1460 4075 1683 4144 Κρόιλης
1703 4073 1820 4144 ἅμα
1854 4092 2014 4144 στρα-

436 4166 522 4235 τῷ
554 4166 715 4219 παντὶ
737 4163 816 4231 τῷ
854 4161 948 4216 ὑπ’
979 4163 1162 4227 αὑτὸν,
1192 4166 1251 4218 ὲν
1274 4164 1550 4235 μεθορίοις
1591 4164 1691 4234 τῆς
1729 4164 1895 4217 αὐτοῦ
1919 4166 2013 4218 καὶ

451 4256 746 4328 Ῥωμαίων
776 4254 1072 4325 ἡγεμονίας
1125 4254 1223 4321 ῶν,
1276 4254 1382 4309 ὑπὸ
1439 4256 1541 4326 μὲν
1597 4256 1707 4309 τῶν
1760 4256 2012 4326 φυγάδων

452 4348 743 4418 Ῥωμαίων
790 4349 1063 4419 ὁσημέραι
1125 4346 1487 4418 παρεκαλεῖτο
1552 4347 1693 4401 κατὰ
1751 4348 2014 4418 βασιλέως

440 4441 643 4506 ἐλθεῖν,
685 4441 781 4495 καὶ
829 4440 1010 4509 μάχην
1033 4439 1346 4492 συνάπτειν·
1378 4439 1621 4508 ὑπήκουε
1652 4439 1709 4492 δὲ
1742 4440 2012 4508 οὐδαμῶς,

2118 624 2173 669 et
2202 616 2365 672 rebus
2394 617 2690 672 bencfecit.
2716 617 3001 674 Convento
3029 619 3379 688 imperatore.
3414 618 3483 675 de
3521 630 3686 688 pecu-

2115 704 2205 758 nia
2232 748 2248 771 ,
2304 706 2579 775 quomodo
2620 707 2839 761 inventa
2865 746 2878 771 ,
2914 716 2985 763 et
3040 722 3203 777 quam
3256 707 3480 777 grandis
3514 715 3682 773 esset,

2113 799 2378 855 narravit.
2412 796 2549 853 Tum
2582 800 2880 868 imperator
2909 814 2923 851 :
2956 800 3113 869 172
3166 799 3307 869 Ergo
3341 808 3395 853 tu
3431 800 3684 853 inventor

2113 885 2217 940 ista
2266 888 2362 941 tibi
2420 888 2626 945 habeas
2667 890 2743 960 (ι)
2768 930 2782 956 ,
2822 900 2883 944 ιιι
2908 892 3116 959 justum
3155 899 3260 944 est.
3289 889 3476 959 Atqui,
3505 890 3685 959 inquit

2114 976 2468 1038 domesticus.
2516 997 2616 1035 nec
2647 990 2807 1036 antea
2858 980 2989 1050 belli
3037 991 3283 1051 tempore
3314 982 3402 1036 vel
3434 982 3682 1045 multam,

2110 1069 2199 1125 vel
2265 1070 2535 1126 modicam
2583 1073 2908 1143 cujusquam
2961 1071 3061 1125 tuli
3113 1071 3440 1141 pecuniam,
3495 1087 3686 1141 quem-

2112 1163 2408 1217 admodum
2449 1170 2561 1217 tute
2591 1164 2789 1228 nostri,
2839 1178 2940 1218 nec
2974 1162 3042 1217 ab
3078 1162 3181 1217 ista
3214 1163 3378 1217 modo
3408 1161 3551 1216 vinei
3595 1178 3689 1215 ve-

2113 1254 2233 1310 lim.
2270 1255 2424 1309 llaud
2464 1257 2666 1309 mirum
2718 1271 2782 1310 ac
2830 1272 3054 1319 novum,
3088 1256 3314 1326 subjicit
3359 1257 3683 1325 imperator.

2112 1362 2236 1402 cum
2269 1348 2439 1402 multa
2485 1348 2578 1403 alii
2622 1347 2721 1402 tibi
2759 1348 3131 1413 abstulerint,
3179 1338 3455 1419 praecipue
3497 1356 3685 1417 proto-

2110 1437 2493 1502 vestiarius,si
2526 1437 2767 1493 vicissim
2800 1453 2972 1507 pauca
2998 1437 3242 1508 quaedam
3272 1453 3338 1494 ex
3374 1439 3494 1509 ejus
3520 1438 3688 1493 rebus

2113 1527 2182 1581 ad
2220 1538 2370 1582 tuam
2407 1528 2701 1583 utilitatem
2733 1528 2984 1583 redeant.
3013 1529 3254 1584 Rursum
3294 1528 3637 1583 domesticus
3669 1546 3683 1582 :

2113 1618 2227 1673 Hoc
2258 1634 2388 1673 vero
2425 1622 2621 1674 mirum
2660 1618 2815 1681 foret,
2846 1619 2887 1673 si
2918 1629 3017 1684 tot,
3059 1619 3472 1688 praesertimque
3509 1620 3687 1672 altero

2113 1709 2283 1773 bello,
2318 1710 2669 1765 detrimentis
2701 1708 2769 1763 ab
2805 1710 2911 1763 illis
2941 1710 3190 1776 allectus,
3220 1711 3473 1780 quamvis
3503 1710 3685 1764 oblata

2114 1790 2403 1857 occasione
2436 1818 2537 1872 par
2586 1802 2798 1857 referre
2834 1801 3142 1873 noluisset,
3192 1816 3342 1857 nunc
3386 1801 3687 1871 peeuniolae

2114 1907 2281 1948 causa
2325 1895 2583 1963 antiquos
2637 1908 2817 1949 mores
2869 1907 3002 1947 suos
3048 1893 3103 1946 in
3142 1892 3298 1962 pejus
3346 1891 3693 1954 immutaret,

2110 1993 2168 2039 et
2243 1983 2435 2054 iniquo
2499 1999 2729 2039 munere
2789 1998 2854 2038 ac
2916 1985 3075 2039 lucro
3127 1982 3310 2038 minor
3359 1992 3684 2053 appareret;

2114 2074 2226 2128 imo
2278 2073 2567 2129 enimvero
2620 2074 2806 2143 potius
2839 2073 3114 2128 militibus
3135 2112 3151 2138 ,
3176 2082 3236 2130 et
3260 2072 3383 2129 aliis
3411 2114 3427 2141 ,
3485 2073 3689 2143 quibus

2112 2165 2373 2234 placeret,
2394 2164 2615 2234 juberet
2637 2162 2916 2218 distribui.
2940 2163 3145 2219 Morem
3169 2163 3339 2234 gessit
3361 2165 3695 2233 imperator,.

2113 2260 2169 2307 et
2209 2240 2489 2323 nummum
2520 2269 2812 2309 aureorum
2841 2264 3110 2324 quantum
3153 2264 3299 2310 esset
3350 2255 3405 2309 in
3454 2256 3708 2310 militem.

2112 2341 2394 2413 dispertiri
2426 2343 2739 2410 mandavit;
2762 2345 3014 2414 supellex
3036 2385 3052 2411 ,
3097 2353 3155 2399 et
3180 2359 3307 2399 vasa
3341 2344 3554 2414 aliquot
3582 2361 3683 2399 no-

2111 2436 2320 2490 bilibus
2358 2435 2688 2505 quibusdam
2724 2434 2931 2491 donata
2954 2476 2969 2502 ,
3012 2436 3225 2506 reliqua
3255 2438 3308 2491 in
3357 2436 3546 2491 ﬁscum
3582 2437 3685 2490 im-

2113 2528 2385 2596 peratoris
2416 2526 2565 2581 illata
2610 2536 2777 2591 sunt,
2824 2542 2984 2596 quem
3020 2537 3144 2596 post
3173 2528 3458 2583 octiduum
3488 2527 3703 2582 Acbri--

2113 2620 2236 2675 dem
2275 2620 2564 2674 adoratum
2610 2628 2882 2673 venerunt
2923 2627 3164 2691 agrestes
3193 2619 3432 2685 Albani,
3479 2620 3686 2689 quique

2113 2711 2408 2776 Deaboles,
2442 2711 2647 2780 quique
2688 2707 2967 2770 Colonias.
2993 2720 3048 2766 et
3076 2711 3169 2781 qui
3210 2711 3365 2791 juagta
3392 2708 3684 2766 Achridem

2117 2801 2411 2864 habitant,
2440 2815 2500 2856 se
2548 2800 2803 2871 pr'dmpte
2852 2800 2901 2855 ei
2948 2803 3227 2871 parituros
3275 2802 3685 2872 promittentes.

2115 2892 2365 2963 Longius
2397 2899 2580 2946 autem
2611 2933 2626 2957 ,
2666 2891 2720 2944 in
2750 2891 2960 2945 ultimis
3006 2892 3262 2949 videlicet
3310 2892 3683 2947 Romanorum

2118 2985 2321 3041 ﬁnibus
2351 2986 2687 3052 incolentes,
2740 2986 2935 3042 litterae
2979 2986 3345 3055 imperatoriae
3389 2984 3685 3039 Thessalo-

2115 3074 2295 3129 nicam
2320 3116 2334 3139 ,
2370 3076 2445 3131 ibi
2475 3077 2737 3147 obsequia
2785 3092 2884 3133 sua
2929 3074 3232 3130 honoriﬁce
3262 3072 3540 3127 delaturos
3591 3086 3686 3126 acv

2117 3163 2481 3227 cersiverunt,
2522 3167 2615 3235 qui
2646 3166 2797 3220 brevi
2828 3165 3144 3221 adfuerunt.
3176 3162 3293 3218 Jam
3323 3175 3453 3225 vero
3496 3162 3687 3216 Crates

2115 3269 2241 3307 cum
2278 3264 2394 3310 toto
2424 3258 2638 3326 agmine
2670 3272 2770 3311 suo
2815 3258 2870 3311 in
2896 3255 3146 3310 conﬁniis
3178 3253 3507 3316 consistens,
3534 3267 3562 3305 ιι
3601 3253 3688 3306 tu-

2114 3345 2297 3416 gitivis
2346 3345 2606 3402 Romanis
2661 3348 2911 3417 quotidie
2957 3346 3024 3401 ad
3068 3347 3314 3416 praelium
3358 3359 3483 3398 cum
3514 3344 3688 3414 impe-

2121 3446 2308 3513 ratore
2336 3438 2798 3493 committendum
2852 3436 3283 3501 sollicitabatur;
3332 3434 3464 3504 qui,
3503 3433 3686 3489 infau-

2114 3537 2261 3582 stum
2297 3528 2605 3586 formidans
2629 3531 2864 3598 exitum,
2891 3544 3238 3601 nequaquam
3269 3543 3367 3583 eos
3388 3528 3682 3592 audiebat;

2117 3618 2348 3675 Chreles
2381 3621 2458 3675 illi
2493 3621 2547 3676 in
2585 3623 3000 3694 exspectatione
3051 3629 3202 3686 erat,
3249 3619 3344 3690 qui
3373 3619 3567 3674 Pheris
3591 3616 3686 3672 ad-

2113 3727 2336 3768 versum
2383 3712 2776 3783 imperatorem
2827 3714 3100 3783 iuniorem
3128 3711 3391 3767 Romanis
3419 3709 3707 3763 auxilium-

2114 3802 2326 3868 ferens,
2364 3804 2612 3858 nondum
2657 3804 2920 3860 redierat.
2963 3792 3059 3858 Εἰ
3092 3818 3194 3865 eo,
3236 3801 3304 3856 de
3352 3800 3684 3868 imperatore

2113 3895 2345 3963 ejusque
2382 3897 2624 3950 exercitu
2650 3936 2665 3961 ,
2720 3895 3064 3950 invadendus
3114 3899 3261 3947 esset
3298 3904 3402 3945 nec
3450 3903 3555 3951 ne,
3599 3888 3683 3941 in-

2116 3985 2368 4055 telligere
2416 3985 2695 4054 cupiebat.
2730 3986 3069 4040 Praesentem
3103 3986 3216 4053 jam
3259 3987 3715 4051 percunctatur,-

2114 4073 2319 4142 ecquid
2380 4072 2785 4141 conﬂigendum
2845 4081 3024 4142 putet.
3085 4072 3179 4125 llle
3252 4084 3443 4139 pacem
3501 4070 3685 4138 potius

2118 4164 2433 4234 agitandam
2455 4203 2470 4227 ,
2514 4178 2618 4218 nec
2643 4162 2848 4217 bellum
2875 4200 2890 4226 ,
2924 4161 3072 4231 quod
3113 4160 3295 4215 adhuc
3338 4160 3555 4215 nullum
3585 4160 3681 4226 sit,

2115 4256 2247 4322 sibi,
2277 4255 2503 4315 suisque
2546 4252 2940 4308 accersendum
2966 4252 3257 4307 hortatur:
3295 4251 3680 4321 imperatorem

2116 4346 2294 4416 ipsum
2323 4344 2520 4399 Pheris
2542 4358 2601 4399 se
2627 4342 3176 4408 vidisse,'ducenteut
3217 4342 3405 4411 copias
3433 4341 3681 4413 exiguas,

2116 4451 2307 4492 verum
2338 4436 2392 4501 in
2418 4444 2536 4490 arte
2559 4434 2784 4490 militari
2816 4443 3102 4505 tantopere
3123 4434 3473 4501 exercitatas,
3491 4436 3683 4505 equis-

441 4532 631 4593 δεδιὼς
683 4530 758 4601 μὴ
799 4531 860 4584 οὐ
916 4530 1060 4583 κατὰ
1110 4528 1336 4599 γνώμην
1391 4529 1540 4600 αὐτῷ
1583 4530 1653 4583 τὰ
1705 4532 2013 4607 πράγματα

2117 4544 2265 4601 que,
2310 4537 2366 4584 et
2418 4527 2585 4582 armis
2611 4535 2720 4581 tam
2774 4526 2979 4581 eximie
3039 4526 3380 4591 instructas,
3451 4535 3513 4580 ut
3564 4527 3685 4581 solo

444 4623 697 4694 χωρήσῃο
727 4621 1021 4690 περιέμενε
1051 4619 1110 4674 δὲ
1140 4620 1232 4673 τὸν
1259 4621 1495 4697 Χρέλην,
1520 4619 1577 4684 ὃς
1601 4616 1670 4692 ἦν
1708 4624 1767 4676 ὲν
1798 4624 2015 4690 Φεραῖς,

454 4716 751 4786 Ῥωμαίοις
800 4715 945 4769 κατά
987 4713 1082 4768 τοῦ
1113 4715 1237 4768 νέου
1264 4713 1531 4783 suntnam;
1562 4716 1873 4786 συμμαχῶν
1914 4716 2016 4788 (ἔτι

444 4808 557 4876 γὰρ
589 4804 788 4875 ἀπῆν),
816 4805 948 4874 παρ’
978 4802 1144 4857 αὐτοῦ
1207 4805 1337 4874 περὶ
1382 4803 1643 4874 βασιλέως
1670 4804 1764 4858 καὶ
1805 4805 1902 4876 τῆς
1926 4805 2019 4858 ὑπ’
2054 4833 2071 4849 ‹

443 4898 615 4953 αὐτὸν
667 4896 932 4965 στρατιᾶς
964 4894 1295 4964 βουλόμενος
1338 4893 1609 4947 πυθέσθαι
1643 4894 1693 4947 εί
1730 4896 2014 4965 ἐπιχειρη-

442 4989 545 5042 τέα
586 4988 695 5055 εἴη,
736 4986 770 5057 ἢ
813 4987 913 5055 μή.
956 4985 1115 5038 Ἐπεὶ
1145 4985 1203 5037 δὲ
1239 4987 1457 5054 ἀφῖκτο,
1492 4986 1821 5039 ἐπυνθάνετο
1850 4987 2014 5039 αὐτοῦ

443 5078 472 5128 ὁ
526 5073 753 5142 Κράλης
787 5073 835 5124 εί
870 5073 1007 5142 πρὸς
1048 5072 1277 5153 βασιλέα
1326 5074 1660 5155 πολεμητέον
1712 5074 1820 5145 εἴη.
1874 5075 1933 5128 '0
1962 5076 2019 5129 δὲ

448 5165 862 5228 συνεϐούλευεν,
913 5165 1136 5234 εἰρήνην
1189 5163 1389 5233 μᾶλλον
1445 5164 1619 5228 ἄγειν,
1676 5166 1769 5216 καὶ
1807 5163 1883 5234 μὴ
1930 5163 2020 5217 τὸν

443 5261 550 5311 οὐκ
577 5258 707 5309 ὄντα
739 5257 974 5325 πόλεμον
1004 5254 1182 5322 ἑαυτῷ
1210 5255 1304 5307 καὶ
1345 5240 1609 5325 ὑπηκόοις
1635 5256 1883 5323 ἐπάγειν.
1916 5255 2027 5314 Ba:

446 5349 604 5403 σιλέα
627 5351 743 5418 γὰρ
762 5348 927 5410 αὐτὸς
958 5348 1144 5415 ἔλεγεν
1173 5349 1232 5401 ὲν
1263 5347 1458 5416 Φεραῖς
1489 5347 1792 5417 ἑωρακέναι
1816 5346 2021 5413 ἄγοντα

447 5440 555 5509 μὲν
588 5440 818 5509 στρατὸν
843 5438 905 5491 οὐ
928 5439 1069 5491 πάνυ
1098 5437 1288 5502 πολὺν,
1312 5437 1569 5491 τοσοῦτον
1593 5437 1651 5491 δὲ
1694 5439 1758 5490 τὰ
1782 5437 2020 5508 πολέμια

2118 4626 2339 4687 aSpectu
2396 4624 2665 4671 terrorem
2718 4615 3053 4671 incuterent.
3107 4612 3188 4667 Ad
3237 4613 3383 4677 hoc,
3434 4621 3543 4666 tam
3598 4629 3685 4667 se.-

2116 4707 2238 4761 date
2265 4747 2279 4772 ,
2335 4719 2390 4762 ct
2435 4706 2688 4762 ordinate
2744 4705 2916 4761 duces
2954 4718 3085 4760 suos
3120 4710 3531 4775 sequentes,ut
3576 4719 3702 4758 non-

2117 4799 2324 4854 multos
2365 4798 2463 4854 sed
2516 4812 2687 4853 unum
2737 4788 3006 4852 duntaxat
3052 4810 3175 4852 esse
3208 4795 3428 4852 credas.
3488 4795 3686 4850 Praeci-

2117 4891 2334 4960 pientes
2394 4891 2525 4945 item
2609 4889 2854 4953 audire,
2918 4897 2976 4943 et
3046 4897 3318 4960 praecepta
3388 4888 3679 4944 coniicere.

2123 4983 2359 5038 Tantum
2400 4991 2583 5038 autem
2642 4975 2965 5043 fortitudine
3008 4990 3066 5037 et
3116 4981 3347 5036 audacia
3392 4979 3685 5045 excellere,

2124 5084 2183 5127 ut
2225 5077 2476 5143 quamvis
2523 5089 2758 5129 numero
2789 5073 3123 5128 adversariis
3155 5073 3327 5126 multo
3368 5070 3682 5131 inferiores,

2124 5164 2280 5234 173
2311 5179 2407 5219 eos
2432 5165 2498 5217 ad
2532 5164 2723 5217 urbem
2754 5162 2999 5233 ipsorum
3029 5162 3173 5215 nulla
3194 5160 3414 5230 penitus
3435 5169 3685 5214 conster-

2119 5258 2379 5318 natione,
2444 5264 2536 5309 aut
2595 5253 2895 5308 formidine
2957 5262 3335 5321 sequerentur,
3396 5259 3453 5303 et
3512 5263 3684 5318 prope

2119 5347 2347 5409 Pheras,
2378 5332 2488 5413 quo
2519 5344 2635 5397 acie
2655 5358 2779 5399 cum
2813 5344 2921 5398 illis
2952 5342 3301 5408 dimicarent,
3332 5340 3477 5394 diem
3509 5344 3682 5394 totuin

2120 5439 2223 5493 sub
2258 5437 2427 5507 signis
2461 5445 2691 5500 starent,
2730 5434 2875 5505 pleni
2901 5434 3096 5488 Martio
3124 5435 3321 5504 spiritu
3367 5432 3576 5487 hostem
3613 5430 3684 5485 ad

1686 5551 1899 5613 Jacobi
1938 5554 2200 5615 Pontani
2244 5560 2429 5613 uota).

527 5656 605 5727 (ί)
658 5653 901 5709 Observa
943 5655 1259 5727 praeclarum
1302 5654 1612 5727 exemplum
1666 5653 1806 5727 grati
1853 5655 2021 5709 animi

452 5732 510 5782 in
539 5723 878 5790 imperatore
902 5743 917 5789 ;
944 5723 1136 5794 magni
1168 5736 1350 5777 autem
1382 5726 1437 5778 in
1468 5739 1666 5794 magno
1695 5723 2019 5794 domestico,

455 5796 877 5865 quiqiecuniam
905 5792 1072 5850 totam
1107 5794 1381 5863 repudiat,
1411 5792 1579 5863 quam
1599 5792 1846 5863 accipere
1870 5794 2020 5862 juste

2122 5662 2359 5725 poterat.
2398 5654 2516 5708 Non
2541 5651 2723 5725 quivis
2756 5658 2965 5705 tantum
2997 5647 3117 5704 auri
3150 5664 3410 5705 acervum
3457 5647 3705 5705 inetur:-

2124 5721 2192 5780 iis
2224 5724 2397 5780 oculis
2425 5721 2801 5793 spectavisset.
