4156 6300
486 344 591 407 375

1685 352 2000 412 Ja‘tANNl'S
2040 351 2567 436 QANTACUZENI

3631 354 3745 414 376‘

488 466 764 509 certamen
822 470 1023 524 prome
1064 466 1205 512 ntes.
1258 458 1406 524 Quos
1453 468 1639 511 contra
1681 477 1803 511 cum
1850 460 2047 511 etl‘errc

2154 458 2551 526 ἐξησκημένον,
2584 458 2677 509 καὶ
2706 457 2891 517 ἵπποις
2928 473 2984 507 τε
3019 458 3110 507 καὶ
3141 456 3324 519 ὅπλοις
3362 456 3733 526 διακεκοσμη-

487 548 681 617 pcdem
714 548 943 602 auderet
995 566 1173 610 nemo,
1219 551 1527 604 declinasse
1578 552 1882 619 paululum,
1909 559 1964 603 et
2001 550 2053 602 in

485 641 696 708 campis
748 649 1117 710 pernoctasse.
1165 644 1454 707 Postridie,
1484 653 1604 695 orto
1650 645 1788 707 sole,
1838 660 2053 696 rursum

486 738 728 786 armatos
757 723 811 783 et
837 731 1132 799 dispositos
1158 733 1223 786 ad
1249 730 1729 802 congrediendum
1751 735 1935 788 hostes
1961 750 2058 803 per

443 826 451 839 '
489 821 891 876 internuntium
925 823 1125 877 elicere
1173 825 1430 879 voluisse.
1463 825 1565 891 Qui
1599 842 1723 879 cum
1763 842 1955 879 eorum
1987 840 2058 879 ne

486 912 699 964 vultum
746 912 967 976 quidem
1024 913 1251 975 ferrent,
1304 932 1650 986 pugnamque
1701 918 1925 986 praecise
1964 918 2059 971 de-

484 1011 807 1065 trectarent,
840 1014 1045 1073 quanto
1071 1004 1179 1059 diei
1228 1015 1410 1075 potest
1447 1008 1660 1072 ordine,
1702 1018 1756 1062 et
1789 1010 2057 1079 modestia

484 1091 747 1147 Zieltnnm
798 1097 1141 1164 repetivisse.
1184 1097 1373 1166 Itaque
1407 1114 1532 1152 cum
1566 1100 1806 1154 exercitu
1835 1102 1913 1154 sic
1939 1118 2057 1154 om-

486 1183 725 1237 nimodis
763 1184 1071 1252 composito
1105 1193 1161 1239 et
1188 1188 1483 1249 instructo,
1519 1200 1584 1239 ac
1615 1186 1784 1241 duces
1809 1188 2057 1241 habente

483 1274 796 1342 complures
821 1284 986 1344 atque
1024 1277 1296 1345 egregios,
1326 1279 1444 1332 sine
1491 1279 1816 1333 necessitate
1857 1286 1918 1333 ut
1964 1279 2058 1333 de-

483 1374 779 1434 pugnetur,
815 1381 1100 1432 nunquam
1154 1383 1212 1421 se
1256 1379 1533 1423 auctorem
1583 1368 1852 1424 futurum.
1900 1370 2056 1426 Adde

483 1457 630 1526 quod
680 1459 1050 1516 occidentales
1100 1462 1271 1531 copire
1314 1462 1443 1532 ipsa:
1473 1480 1692 1534 quoque
1725 1481 1825 1518 nec
1856 1481 2053 1533 parvae,

481 1553 539 1599 et
569 1560 679 1599 non
716 1546 1036 1613 instrenute,
1066 1564 1190 1602 cum
1227 1550 1576 1619 imperatoris
1604 1568 1797 1621 agmen
1821 1553 2059 1608 adanxe-

394 1624 402 1629 ”
482 1635 618 1695 rint,
650 1643 713 1689 ut
763 1635 864 1705 ipsi
916 1637 984 1691 ab
1024 1638 1127 1692 hoc
1168 1639 1313 1693 bello
1347 1641 1647 1696 abhorrere
1702 1658 1764 1696 ac
1806 1642 2056 1711 refugere

482 1727 662 1795 magis
691 1725 951 1793 debeant,
991 1728 1295 1783 eﬂ'ecerint.
1326 1731 1452 1786 Haec
1481 1734 1658 1787 oratio
1698 1734 1867 1797 Crali,
1896 1745 2057 1788 caete-

2166 553 2323 620 μένον
2350 552 2664 621 ἐκπρεπῶς,
2697 553 2772 615 ὡς
2800 552 3061 618 ἔκπληξιν
3089 552 3181 604 καὶ
3217 551 3323 604 ἀπὸ
3363 551 3527 623 μόνη·
3559 554 3733 624 ὂψεως

2160 643 2441 713 παρέχειν.
2473 641 2627 696 Οὕτω
2661 643 2718 694 δέ
2764 642 3046 709 ἀθορύϐως
3092 644 3187 696 καὶ
3227 644 3503 706 εὐτάκτως
3533 644 3738 711 ἑπόμε-

2160 749 2250 784 νον
2302 734 2411 794 τοῖς
2462 730 2748 800 ἡγεμόσιν,
2777 730 2851 793 ὡς
2882 730 3059 782 δοκεῖν
3108 731 3168 783 οὐ
3208 731 3457 795 πολλούξ,
3495 729 3609 783 ἀλλ’
3639 731 3735 783 ἕνα

2160 827 2309 892 ὄντα,
2353 828 2463 878 τῶν
2491 845 2549 877 τε
2583 823 3068 895 παραγγελμάτων
3102 820 3348 884 ἀκούειν,
3394 822 3489 874 καλ⁸
3523 823 3729 890 σπουδῇ

2162 919 2230 971 τὰ
2264 920 2600 985 κελευόμενα
2632 918 2832 969 ποιεῖν.
2885 913 3137 982 Ἀνδρίας
3167 911 3222 963 δέ
3258 911 3511 964 τοσοῦτον
3548 913 3733 974 αὐτοῖς

2162 1010 2412 1078 περίεστι
2462 1008 2555 1060 καὶ
2607 991 2835 1075 τόλμῆς,
2873 1004 2948 1067 ὡς
2979 1004 3153 1056 καίτοι
3189 1002 3299 1054 τῶν
3335 1002 3733 1068 ἀντιτεταγμέ-

2162 1116 2268 1150 νων
2326 1096 2476 1158 δντες
2535 1096 2796 1156 ἐλάσσους
2844 1091 3045 1161 πολλῷ,
3098 1092 3193 1144 καὶ⁹
3251 1091 3498 1153 ἐπιόντες
3549 1090 3731 1154 αὐτοῖς

2161 1189 2314 1258 παρὰ
2345 1188 2499 1240 πόλιν
2548 1186 2754 1239 οἰκείαν
2786 1184 3407 1253 στρατοπεδευομένους,
3437 1180 3562 1234 οὐτε
3596 1182 3736 1234 ἐδει-

2164 1297 2262 1332 σαν
2285 1278 2406 1331 οὔτε
2426 1276 2839 1348 ἐθορυϐήθησαν
2872 1275 3143 1343 οὐδαμῶς.
3181 1274 3342 1327 Ἀλλά
3378 1274 3546 1343 ἐγγὺς
3582 1273 3736 1341 γενό-

2166 1387 2316 1438 μενοι
2343 1368 2528 1438 Φερῶν
2553 1368 2674 1420 ὅσον
2711 1366 3218 1434 συναναμίγνυσθαι
3252 1367 3458 1428 αὐτοῖς,
3493 1364 3732 1433 ἔστησαν

2160 1461 2417 1529 ἀνάπλεῳ
2463 1458 2641 1528 ὁρμῆς
2676 1458 2762 1510 διὰ
2794 1458 2974 1524 πάσης
3014 1458 3114 1526 τῆς
3164 1457 3380 1526 ἡμέρας
3424 1455 3736 1525 προκαλού-

2165 1570 2317 1622 μεκοι
2345 1554 2402 1615 ἐς
2435 1551 2639 1620 μάχην.
2673 1542 2827 1603 Ἐπεὶ
2873 1549 2928 1601 δέ
2958 1547 3135 1605 οὐδεὶς
3169 1547 3353 1609 αὐτοῖς
3385 1546 3731 1618 ἀντεπεξῄει,

2164 1645 2361 1715 μικρὸν
2403 1643 2771 1707 ἐκκλίναντες,
2817 1641 3109 1711 ηὐλίσαντο
3154 1641 3252 1710 τὴν
3312 1639 3503 1693 νύκτα.
3540 1640 3651 1692 Καὶ
3674 1641 3733 1702 ἐς

2160 1737 2258 1806 τὴν
2286 1735 2577 1806 ὑστεραίαν
2602 1734 2701 1788 πάλ
2715 1752 2763 1786 ιν
2796 1722 3135 1802 φραξάμενοι
3171 1732 3284 1801 ἅμα
3313 1731 3410 1800 ἕῳ,
3445 1730 3520 1793 ὡς
3543 1733 3597 1793 ἐς
3630 1732 3734 1802 μά-

485 1816 673 1884 risque
706 1817 945 1871 ducibus
981 1819 1142 1872 [idem
1180 1820 1329 1874 fecit.
1375 1820 1439 1873 Et
1468 1838 1778 1892 quanquam
1810 1825 1932 1878 belli
1964 1841 2047 1894 ge-

2162 1799 2261 1896 χην
2290 1799 2524 1896 ἔστη-σαν
2550 1799 3056 1894 παρατεταγμένοι,
3087 1822 3179 1875 καὶ
3210 1799 3559 1890 πέμψαντες,
3584 1799 3732 1892 ἡμᾶς

480 1904 637 1957 reniti
670 1906 1006 1961 voluntatem
1043 1908 1413 1977 deponerent,
1442 1911 1494 1965 in
1528 1912 1718 1966 iisdem
1754 1915 1949 1969 castris
1976 1916 2059 1968 ni-

481 1994 788 2052 hilominus
841 1988 1259 2067 permanebant.
1306 2002 1610 2071 Imperator
1661 2004 1901 2061 Achride
1934 2016 2079 2072 post.

482 2085 630 2141 diem
657 2100 910 2144 octavum
945 2078 1255 2153 discedens,
1281 2093 1483 2175 relicta
1529 2093 1777 2150 Castoria
1807 2098 1861 2150 in
1894 2096 2052 2151 Pela-

390 2192 397 2195 ’
480 2178 697 2249 goniam
721 2182 873 2233 venit
905 2197 918 2233 :
952 2190 1005 2235 et
1035 2189 1092 2234 ut
1122 2182 1321 2250 oppida
1358 2184 1447 2237 iila
1480 2195 1843 2257 caeteramque
1878 2190 2056 2257 regio-

481 2284 606 2324 nem
653 2271 944 2339 reciperet,
975 2280 1030 2327 et
1072 2282 1251 2339 utne,
1309 2274 1437 2343 quia
1486 2277 1698 2332 Craleut
1750 2282 1803 2333 in
1852 2280 2055 2336 ﬁs'ibus

485 2356 703 2426 imperii
750 2359 836 2412 sui
870 2364 1249 2416 castrametari
1308 2353 1615 2435 acceperat,
1676 2370 1797 2436 ejus
1857 2371 2054 2425 timore

480 2447 588 2502 iter
619 2448 750 2502 illud
783 2449 1057 2507 devitasse
1089 2454 1385 2509 videretur.
1433 2457 1665 2511 Romani
1714 2459 1953 2529 fugitivi,
1992 2471 2050 2515 ut

478 2540 871 2608 imperatorem
930 2544 1278 2615 Pelagoniam
1343 2565 1567 2619 pergere
1620 2563 2049 2621 compererunt,

475 2628 636 2687 Crale
670 2641 965 2697 convento,
1005 2642 1132 2689 eum
1185 2637 1251 2691 ad
1291 2638 1607 2695 conﬂictum
1660 2657 1784 2697 cum
1818 2643 1913 2697 illo
1937 2644 2048 2714 jam

479 2722 662 2777 vicino
693 2724 984 2781 acuebant.
1014 2725 1319 2796 Respondit
1342 2730 1546 2794 Crales,
1578 2735 1683 2788 nisi
1709 2735 1801 2791 ille
1832 2750 1891 2795 se
1921 2738 2052 2790 ado-

481 2811 684 2877 riatur,
702 2829 879 2883 neque
899 2831 1066 2882 nunc,
1088 2833 1265 2888 neque
1286 2821 1516 2889 posthac
1534 2839 1656 2877 cum
1681 2841 1747 2879 eo
1765 2826 2051 2897 depugna-

482 2910 691 2957 tttrum.
730 2903 865 2974 Ipsis
896 2917 1101 2975 quanta
1134 2912 1373 2978 potuerit
1402 2914 1621 2977 auxilia,
1641 2916 1930 2972 duodecim
1961 2935 2052 2973 eo-

479 2993 669 3050 hortes
686 3011 808 3050 cum
833 2996 1071 3052 tribunis
1087 3000 1296 3056 Pheras
1309 3001 1524 3057 misisse
1565 3005 1718 3059 Nunc
1734 3022 1791 3061 se
1811 3008 1862 3061 id
1885 3009 2047 3064 etiam

2159 1918 2568 1989 προύκαλοῦντο
2608 1918 2665 1979 ἐς
2719 1917 2817 1987 τὴν
2856 1916 3057 1985 μάχην.
3103 1915 3291 1982 Ἥμῶν
3324 1915 3383 1967 δὲ
3420 1915 3541 1977 οὐδὲ
3580 1914 3734 1967 ἀντι-

2158 2012 2379 2063 ϐλέπειν
2414 2011 2821 2079 ὑπομενόντων,
2861 2010 2952 2062 καὶ
2990 2007 3240 2078 φανερῶς
3272 2010 3372 2079 τὴν
3409 2007 3731 2077 συμπλοκὴν

2155 2101 2576 2171 ἀπειπαμένων,
2627 2100 3069 2169 ἀναστρέψαντες
3104 2097 3224 2168 μεθ’
3258 2100 3389 2162 ὅσης
3431 2098 3499 2152 ἂν
3553 2099 3733 2161 εἴποις

2155 2194 2252 2264 τῆς
2287 2192 2561 2258 εὐταξίας,
2603 2188 3166 2258 ἐστρατοπεδεύσαντο
3214 2190 3273 2241 ὲν
3306 2189 3501 2259 Ζίχνᾳ.
3548 2189 3629 2259 Τῇ
3662 2188 3729 2258 δὴ

2156 2285 2299 2339 οὐτω
2325 2283 2661 2353 πανταχόθεν
2698 2282 3189 2351 συγκεκροτημένη
3227 2282 3595 2350 στρατιᾷ,’κα“ι
3624 2281 3729 2333 ὐπὸ

2157 2378 2486 2445 στρατηγοῖς
2508 2374 2755 2445 ἀγομένῃ
2777 2373 2993 2435 πολλοῖς
3014 2391 3071 2425 τε
3093 2376 3184 2425 καὶ.
3206 2374 3453 2438 ἀγαθοῖς,
3481 2375 3729 2439 ἀνάγκης

2154 2468 2321 2536 χωρὶς
2371 2466 2472 2519 οὐκ
2522 2465 2588 2519 ἂν
2645 2467 3071 2534 συγχωρήσαιμι
3125 2463 3539 2533 συμπλέκεσθαι
3592 2462 3727 2529 ἐγώ.

2156 2559 2290 2610 Νυνὶ
2323 2558 2378 2610 δὲ
2420 2557 2516 2609 καὶ
2552 2557 2651 2625 τῆς
2678 2556 2939 2626 ἑσπερίου
2973 2557 3238 2625 στρατιᾶς
3275 2555 3493 2624 ἁπάσης
3524 2555 3726 2625 πολλῆς

2155 2668 2212 2701 τε
2265 2649 2358 2701 καὶ
2392 2649 2565 2717 αὐτῆς
2596 2647 2691 2701 καὶ
2738 2647 2951 2716 ἀγαθῆς
2992 2646 3161 2717 οθσης
3197 2649 3728 2716 προσκεχωρηκυίας

2156 2740 2391 2810 βασιλεῖ,
2415 2737 2498 2793 ἔτι
2530 2738 2732 2809 μᾶλλον
2762 2738 3088 2810 ἀπορώτερα
3114 2740 3180 2791 τὰ
3202 2739 3337 2809 πρὸς
3363 2739 3454 2792 τὸν
3488 2740 3727 2809 πόλεμον

2153 2830 2334 2884 αὐτῶν
2395 2830 2723 2900 καθέστηκε.
2781 2831 3019 2884 Τοιαῦτα
3076 2832 3321 2895 εἰπόντος
3377 2831 3473 2884 τοῦ
3520 2832 3723 2902 Χρέλη,

2153 2923 2180 2974 ὅ
2209 2938 2269 2973 τε
2304 2920 2528 2990 Κράλης
2580 2921 2829 2974 ἐπείθετο
2886 2923 2983 2975 καὶ
3034 2922 3083 2973 oi
3131 2920 3281 2974 ἄλλοι
3320 2920 3592 2990 ἡγεμόνες
3627 2920 3726 2988 τῆς

2156 3013 2451 3081 στρατιᾶς,
2503 3011 2598 3063 καὶ
2655 3010 2756 3080 ήδη
2812 3010 3116 3080 ἀπέσχοντο
3177 3014 3297 3074 ταῖς
3332 3011 3580 3080 γνώμαις
3628 3010 3724 3063 τοῦ

478 3084 686 3141 idcirco
717 3086 918 3141 factum
946 3088 1111 3151 nolle,
1139 3091 1282 3159 quod
1316 3107 1441 3147 eum
1464 3097 1632 3167 armis
1660 3097 2046 3157 offendendum

2157 3103 2292 3171 πρὸς
2344 3101 2571 3173 βασιλέα
2607 3102 2884 3171 πολεμεῖν,
2948 3102 3141 3171 ἔμενον
3197 3102 3254 3155 δὲ
3301 3103 3450 3173 ὄμω,
3489 3098 3585 3155 ἐπὶ
3623 3101 3724 3171 τῆς

478 3178 845 3247 susceperim
865 3194 975 3248 quo
995 3179 1112 3250 ipse
1137 3182 1341 3241 nullam
1364 3187 1602 3244 senserit
1632 3188 1908 3259 iniuriam.
1943 3192 2051 3247 Ro-

479 3285 771 3327 manorum
811 3272 1171 3343 imperatores
1200 3276 1346 3331 inter
1383 3293 1442 3332 se
1472 3280 1776 3344 discordes,
1812 3283 2049 3339 scituros

483 3365 677 3432 utique
712 3381 810 3434 per
844 3382 926 3432 se,
959 3369 1236 3437 quomodo
1265 3369 1472 3425 bellum
1504 3381 1698 3428 mutuo
1737 3386 2051 3445 gerant,'et

480 3462 754 3521 quatenus
787 3459 1157 3524 consentiant,
1210 3475 1269 3514 se
1308 3474 1335 3513 a
1374 3469 1571 3515 neutro
1626 3448 1838 3533 lassant,
1873 3466 2049 3521 donec

481 3544 683 3614 injuste
707 3546 961 3608 laedatur,
987 3561 1243 3604 neutrum
1271 3554 1438 3608 artnis
1458 3568 1900 3623 persecuturum.
1934 3562 2047 3615 Re.

477 3636 620 3688 mani
649 3637 752 3690 hoc
777 3653 1060 3707 responso,
1082 3655 1177 3709 spe
1205 3658 1325 3711 qua:
1350 3644 1462 3698 sola
1490 3661 1773 3714 supererat
1796 3651 2045 3714 cadente,

475 3726 667 3783 turbas
696 3727 843 3785 ciere
875 3729 1220 3796 insolentius,
1249 3749 1352 3788 nec
1384 3736 1635 3792 desinere
1665 3740 1831 3795 multa
1860 3752 1915 3797 et
1936 3747 2045 3799 acri

471 3820 829 3876 contentione
865 3838 1057 3893 urgere
1082 3834 1249 3894 atque
1280 3827 1564 3897 impellere
1596 3831 1918 3902 principem,
1945 3837 2047 3890 ob-

476 3913 797 3982 testarique,
835 3929 903 3969 ne
944 3916 1107 3971 inulti
1153 3913 1615 3989 relinquerentur.
1654 3926 1813 3998 174
1836 3927 2048 3993 Quibus

474 4001 701 4058 Triballi
733 4021 989 4075 proceres
1023 4016 1136 4062 tum
1179 4021 1479 4079 praesentes
1508 4032 1519 4066 :
1563 4015 1730 4084 Ileus,
1764 4018 2041 4088 inquiunt,

472 4094 606 4163 quid
644 4110 785 4163 opus,
810 4110 895 4152 est
922 4109 978 4153 et
1011 4114 1106 4180 ves
1146 4101 1346 4157 frustra
1375 4120 1439 4158 ac
1476 4117 1683 4162 temere
1734 4111 2041 4182 defatigati,

472 4201 596 4255 quae
628 4187 740 4241 Iieri
772 4202 1053 4258 nequeunt
1089 4201 1458 4262 attentantvs;
1500 4208 1556 4252 ct
1588 4215 1686 4252 nos
1717 4201 2041 4270 obtundere,

472 4290 595 4344 quae
626 4279 875 4346 prazstari
905 4281 985 4334 fas
1014 4298 1121 4335 non
1151 4298 1257 4348 ρει,
1291 4286 1686 4343 obsecrantes?
1712 4292 1866 4345 Bello
1899 4295 2043 4347 inter

472 4369 833 4438 imperatores
865 4372 1114 4428 dominos
1149 4386 1365 4430 vestros
1397 4380 1656 4443 excitato,
1696 4398 1795 4435 vos
1822 4399 2039 4438 omnem

2155 3196 2327 3265 αὐτῆς
2363 3193 2807 3264 στρατοπεδείας.
2841 3194 3107 3258 Βασιλεὺς
3149 3193 3208 3247 δὲ
3241 3196 3306 3248 ἐκ
3335 3195 3437 3264 τῆς
3482 3192 3727 3265 Ἀχρίδος

2157 3286 2299 3355 μετά
2328 3285 2524 3354 ὀγδόην
2568 3286 2784 3356 ἡμέραν
2833 3286 2997 3357 ἄρας,
3043 3283 3207 3356 ἦλθεν
3252 3287 3333 3351 είς
3363 3285 3721 3355 Πελαγονίαν.

2152 3381 2250 3448 τὴν
2292 3380 2373 3441 είς
2404 3379 2717 3450 Καστορίαν
2752 3377 2992 3431 ἐκλιπὼν
3038 3380 3175 3443 ὁδὸν,
3207 3381 3322 3450 ἃμα
3368 3382 3467 3449 μὲν
3503 3381 3590 3434 ἴνα
3632 3379 3727 3432 καὶ

2150 3473 2222 3525 τὰ
2252 3474 2365 3525 ἐκεῖ
2390 3459 2818 3543 περιποιήσηται
2858 3471 3109 3541 πολίχνια
3144 3472 3238 3524 καὶ
3278 3473 3380 3542 τὴν
3410 3472 3577 3540 ἀλλην
3615 3469 3728 3540 χὼ-

2153 3582 2275 3633 ραν,
2309 3564 2448 3635 ἃμα,
2482 3565 2551 3627 δ’,
2591 3564 2714 3616 ἐπεὶ
2759 3566 2854 3617 καὶ
2891 3564 2983 3617 τὸν
3029 3563 3256 3634 Κράλην
3304 3566 3364 3617 ἐν
3399 3564 3568 3636 ὁρίοις
3620 3563 3726 3617 πύ-

2152 3655 2297 3709 θοιτο
2331 3656 2431 3723 τῆς
2460 3656 2727 3724 σφετέρας
2760 3655 2939 3726 ἀρχῆς
2979 3651 3143 3721 εἶναι,
3178 3656 3263 3709 ἵνα
3298 3656 3373 3727 μὴ
3402 3655 3584 3723 δοκοίη
3621 3655 3723 3723 φό-

2151 3746 2230 3814 δῳ
2263 3746 2341 3815 τῷ
2375 3747 2510 3817 πρδς
2551 3747 2716 3799 αὐτὸν
2755 3746 3097 3815 ἀποσχέσθαι
3154 3746 3254 3815 τῆς
3306 3747 3451 3801 ὀδοῦ.
3503 3749 3567 3800 Οί
3619 3748 3720 3816 μέν

2149 3858 2233 3892 τοι
2297 3838 2588 3908 Ῥωμαίων
2638 3839 2880 3907 φυγάδες
2922 3839 2997 3901 ὡς
3028 3826 3296 3892 ἐπύθοντο
3336 3837 3426 3891 διὰ
3473 3838 3715 3905 Πελαγα-

2150 3932 2270 3993 νίας
2308 3932 2443 3982 ἱέναι
2485 3929 2732 3997 βασιλέα,
2760 3930 2837 3999 τῷ
2868 3918 3060 4011 Ιςράλῃ
3098 3931 3443 4000 προσιόντες,
3478 3932 3721 4000 ἠνάγκα-

2150 4024 2242 4086 ζον
2290 4023 2709 4090 συμπλέκεσθαι
2764 4023 2977 4092 βασιλεί
3023 4022 3125 4093 ήδη
3156 4024 3246 4101 ’,οὐ
3289 4023 3424 4076 πολύ
3460 4026 3717 4094 ἀπέχοντι

2147 4111 2347 4167 αὐτῶν.
2409 4111 2467 4165 Ὀ
2520 4113 2742 4183 Κράλης
2774 4113 2828 4165 δὲ
2868 4112 3225 4182 ἀπεκρίνατο,
3270 4115 3411 4185 μήτε
3450 4115 3546 4168 νῦν
3580 4118 3716 4186 μήτε

2148 4203 2395 4266 εἰσαῦθις
2450 4203 2594 4279 ἐκῲν
2635 4204 2971 4273 πολεμήσειν
3016 4205 3249 4274 βασιλεῖ,
3287 4206 3385 4260 ἐάν
3427 4209 3501 4279 μὴ
3554 4210 3718 4272 αὐτὸς

2146 4295 2276 4363 ἐπίῃ
2295 4310 2309 4325 ο
2343 4295 2525 4356 αὐτοῖς
2552 4294 2608 4347 δέ
2637 4294 2735 4365 τὴν
2764 4296 2995 4363 δυνατὴν
3027 4296 3284 4365 βοήθειαν
3316 4299 3715 4369 εἰσενηνέχθαι,

2149 4386 2477 4439 δυοκαίδεκα
2504 4388 2761 4455 τάγματα
2789 4387 2907 4454 ἅμα
2939 4391 3266 4456 στρατηγοῖς
3298 4392 3715 4460 παρασχόμενος

468 4458 795 4513 oﬂ'ensionis
824 4464 1170 4519 occasionem
1204 4468 1416 4531 tollere,
1445 4474 1742 4542 pacemque
1785 4478 1958 4541 vobis,
1993 4488 2047 4532 et

2153 4480 2210 4532 ἐν
2277 4481 2474 4549 Φεραῖς
2528 4484 2710 4542 αὐτοῖς
2761 4484 3092 4553 ἐπικουρεῖν,
3124 4487 3262 4541 Νυνὶ
3315 4487 3371 4540 δὲ
3421 4490 3573 4556 αὐτῷ
3623 4492 3718 4542 καὶ

472 4550 594 4603 aliis
623 4554 773 4605 omni
812 4554 1020 4609 ratione
1057 4561 1352 4615 conciliare
1401 4566 1745 4632 Opportcbttl,
1802 4570 2042 4624 scientes

471 4642 710 4711 idipsum
746 4656 801 4699 et
834 4646 1284 4714 imperatoribus,
1338 4664 1392 4706 et
1443 4655 1618 4717 vobis,
1665 4667 1718 4712 et
1761 4664 2039 4716 communi

468 4734 840 4793 Romanorum
871 4740 1295 4798 conductorum.
1320 4746 1483 4815 Atqui
1513 4752 1855 4804 contrarium
1887 4769 2043 4822 pror-

471 4840 568 4878 sus
601 4833 653 4879 et
679 4826 782 4894 ipsi
816 4829 1213 4899 designabatis,
1237 4843 1292 4888 et
1321 4838 1460 4892 alios
1488 4839 1880 4897 hortabamini.
1912 4844 2041 4900 Om-

468 4931 568 4970 nes
599 4916 867 4986 siqnidem
903 4920 1151 4977 civitates
1178 4925 1455 4994 obeundo,
1489 4947 1638 4986 arma
1668 4948 1790 4988 cum
1822 4938 2039 4992 seniore

470 5009 804 5079 imperatore
840 5010 1106 5069 adversus
1143 5016 1421 5084 juniorem
1456 5024 1870 5094 conjungentes,
1912 5045 2035 5083 cum

470 5097 714 5153 miriﬁcis
735 5101 1064 5169 quibusdam
1087 5107 1871 5173 promissionibuslaudabatis
1899 5136 1912 5172 :
1942 5135 2038 5175 eos

469 5201 652 5245 autem
687 5194 779 5260 qui
822 5209 1007 5261 pacem
1038 5198 1377 5264 praeferrent.
1411 5213 1467 5257 et
1490 5205 1626 5261 alios
1663 5209 1729 5261 ad
1762 5224 1881 5264 eam
1913 5211 2036 5265 alli-

467 5287 675 5341 cerent,
715 5280 864 5333 velut
894 5296 923 5333 a
969 5281 1189 5351 juniore
1246 5300 1455 5343 stantes
1506 5308 1659 5361 teque
1697 5296 1750 5349 in
1783 5297 2033 5354 hostibus

465 5369 779 5437 ducebalis,
812 5387 874 5426 ac
915 5372 1121 5427 bellum
1168 5394 1266 5446 per
1304 5380 1385 5434 fas
1432 5393 1487 5436 et
1540 5387 1694 5439 nefas
1735 5392 2031 5445 ascendere

464 5458 837 5512 eonabamiui.
872 5458 939 5514 Ut
970 5462 1137 5530 igitur
1173 5474 1299 5519 tunc
1332 5471 1577 5527 studiose
1623 5488 1919 5532 sementem
1955 5480 2034 5534 fe-

466 5548 641 5611 cistis,
674 5549 746 5602 ita
775 5567 921 5606 nunc
955 5568 1186 5609 messem
1205 5560 1483 5626 gravidam
1519 5566 1729 5619 metite.
1751 5568 1862 5622 Nos
1886 5569 2030 5624 Crali

470 5637 712 5704 despotae
731 5651 919 5697 nostro
939 5645 1347 5713 denuntiamns,
1378 5662 1440 5705 ut
1472 5653 1854 5722 imperatorem
1885 5632 2029 5714 bello

469 5730 622 5811 prior
662 5747 730 5795 ne
782 5735 1045 5801 oﬂendat,
1092 5756 1387 5811 secumque
1444 5759 1677 5814 reptnet,
1714 5751 2027 5808 hominibus

2144 4570 2337 4624 τούτου
2369 4571 2530 4623 ἓνεκα
2566 4574 2921 4642 μεταμέλειν,
2960 4578 3042 4627 ὅτι
3065 4575 3205 4645 πρὸς
3231 4577 3383 4630 οὐίὲν
3414 4579 3719 4650 ἠδικηκότα

2146 4663 2384 4732 πόλεμον
2450 4665 2620 4734 ἤρατο
2676 4666 2734 4727 ἐξ
2758 4665 2941 4728 αἰτίας
3016 4668 3297 4737 οὐδεμιᾶς.
3352 4671 3613 4733 Βασιλέαέ
3660 4674 3714 4725 δὲ

2158 4756 2448 4823 Ῥωμαίων
2478 4757 2613 4823 πρδς
2656 4756 2918 4825 ἀλλήλους
2951 4758 3397 4828 διαφερομένους,
3426 4763 3623 4827 αὐτοὺς
3652 4763 3715 4817 ἂν

2146 4846 2373 4905 εἰδέναι,
2405 4845 2551 4907 ὅπως
2594 4862 2653 4896 τε
2706 4846 3108 4916 πολεμήσουσιν
3151 4850 3423 4918 ἀλλήλοις,
3459 4855 3553 4907 καὶ
3583 4856 3716 4907 καθ-

2143 4935 2224 4986 ότι
2266 4935 2657 5005 ξυμϐήσονται,
2692 4939 2789 5007 ἐμὲ
2823 4939 2879 4990 δὲ
2925 4940 3091 5008 μηδὲν
3133 4941 3225 4992 ὐπ’
3257 4943 3469 5005 οὐδενὸς
3521 4946 3713 5016 ἠδικη-

2147 5027 2330 5095 μένον,
2384 5028 2496 5079 οὐδ’
2535 5028 2701 5080 αὐτὸν
2758 5028 3091 5099 πολεμήσειν
3129 5034 3341 5109 οὐδενὶ,
3378 5034 3483 5099 ἕως
3531 5038 3598 5090 ἂν
3638 5032 3713 5107 μὴ

2142 5119 2439 5187 ἀδικὼμαι.
2470 5120 2533 5170 Οἱ
2571 5119 2670 5188 μὲν
2700 5118 2793 5172 οὖν
2827 5122 3083 5189 τοιαύτης
3114 5125 3367 5192 τυχόντες
3395 5127 3494 5194 τῆς
3520 5128 3716 5182 ἀπολο-

2139 5211 2288 5277 γίας,
2326 5213 2420 5264 καὶ
2443 5211 2541 5280 τῆς
2576 5212 2745 5281 μόνης
2773 5213 3213 5283 ὑπολειπομένης
3245 5216 3460 5279 ἐλπίδος
3493 5219 3713 5273 σὸεννυ-

2144 5304 2333 5371 μένης,
2383 5302 2739 5371 ἐθορυϐοῦντο
2789 5305 3055 5373 σφοδρῶς.
3110 5308 3185 5359 Οὐ
3244 5307 3350 5376 μὴν
3407 5310 3713 5381 ἀπέσχοντο

2137 5392 2233 5445 τοῦ
2260 5391 2334 5462 μὴ
2372 5395 2577 5462 σφόδρα
2606 5395 2750 5464 μετὰ
2775 5397 3015 5466 σπουδῆς
3046 5399 3249 5468 πολλῆς
3271 5401 3409 5469 πρὸς
3440 5402 3530 5455 τὸν
3566 5404 3710 5458 κατά

2142 5485 2403 5553 βασιλέως
2450 5488 2686 5554 πόλεμον
2723 5487 2812 5538 τὸν
2851 5488 3074 5557 Κράλην
3100 5488 3341 5561 ὲξορμᾷν
3371 5505 3385 5519 ’
3417 5494 3630 5548 πείθειν
3652 5497 3710 5549 δέ

2136 5574 2479 5643 ἐπιχειροῦσι
2531 5578 2624 5628 καὶ
2661 5577 2937 5646 δεομένοις
2992 5580 3066 5649 μὴ
3101 5582 3194 5650 ὲᾷν
3246 5583 3443 5642 αὐτοὺς
3499 5568 3710 5654 ἀτιμω-

2140 5666 2360 5735 ρήτους.
2416 5669 2569 5720 Ἐπεὶ
2631 5672 2725 5723 καὶ
2776 5670 2885 5722 τῶν
2930 5671 3217 5742 Τριϐαλῶν
3249 5674 3513 5744 παρῆσαν
3546 5678 3597 5729 οἱ
3648 5681 3707 5733 ἐν

2135 5758 2296 5814 τέλει.
2333 5760 2404 5811 Οὐ
2441 5761 2577 5825 δέον,
2624 5758 2796 5827 εἷπον,
2830 5758 2873 5815 ὦ
2922 5756 3095 5828 οὗτοι,
3128 5766 3325 5830 αὐτούς
3356 5785 3414 5818 τε
3447 5769 3568 5839 εἰκῇ
3608 5773 3701 5832 καὶ
