4156 6300
410 390 511 453 3Sl
604 409 609 413 ·

1576 393 2113 457 HISTORIARUM
2159 398 2387 458 LlBElt
2422 373 2463 461 t;

3551 407 3655 470 382

411 503 800 575 ὐπερσχίντες,
862 503 1161 575 ἐτρέψαντό
1244 521 1302 557 τε
1381 507 1507 567 τοὺς
1589 508 1980 578 ἀντιτεταγμέ-

2100 500 2329 566 )ει“οιοι·’
2355 510 2463 565 Deo
2497 509 2706 580 gratias
2731 510 2863 581 egit,
2898 524 3315 580 conversusque
3360 513 3426 566 ad
3471 527 3656 571 astan-

411 616 558 661 νους,
611 599 705 651 καὶ
759 595 859 667 τὴν
903 595 1085 660 δίωξιν
1126 597 1454 665 ἐποιήσαντο
1480 597 1606 668 ἄχρι
1657 599 1977 662 Βυζαντίου.

411 690 525 742 Καὶ
560 687 687 747 τοὺς
715 688 816 755 μὲν
843 688 1176 740 ἀπέκτειναν
1226 686 1428 752 αὐτῶν,
1461 691 1585 748 τοὺς
1607 688 1663 741 δὲ
1701 692 1798 742 καὶ
1839 685 1982 742 εἷλον

409 780 621 846 ζῶντας
651 778 788 847 πλὴν
816 777 1015 853 ὀλίγων
1040 779 1154 832 ὅσοι
1183 779 1523 849 διεσώθησαν
1549 781 1629 842 εἰς
1652 781 1749 850 τὴν
1784 780 1939 834 πόλιν
1964 796 1979 812 ο

409 873 556 925 ἑάλω
605 869 662 923 δὲ
700 871 793 923 καὶ
827 871 854 921 ὁ
907 870 1240 940 στρατηγός.
1294 872 1406 923 Καὶ
1468 862 1789 940 νικήσαντες
1829 888 1986 941 περι-

411 962 623 1031 φανῶς,
662 960 1021 1030 ἀνεχώρησαν
1060 960 1148 1011 ἐπ’
1196 960 1374 1015 οἴκου.
1404 961 1624 1015 Τοῦτων
1680 962 1737 1015 δὲ
1791 962 1986 1030 ἀγγελ-

411 1055 637 1116 θέντων,
673 1053 771 1121 τῆς
811 1051 911 1122 μὲν
939 1050 1095 1120 νίκης
1118 1050 1282 1104 ἕνεκα
1313 1053 1341 1105 ό
1373 1051 1627 1123 βασιλεὺς
1657 1053 1986 1124 εὐχαριστη-

410 1146 562 1214 ρίους
619 1143 786 1211 εὐχὰς
842 1142 1093 1197 ἀπεδίδου
1126 1141 1288 1213 Θεῷ·
1330 1145 1691 1215 ἐπιστραφεὶς
1747 1144 1803 1196 δὲ
1853 1144 1986 1212 πρὸς

408 1236 538 1298 τοὺς
569 1235 863 1305 παρόντας,
889 1235 1075 1290 πολλοὶ
1100 1235 1156 1288 δὲ
1192 1232 1359 1307 ἦσαν,
1406 1236 1466 1288 οὐ
1526 1236 1725 1306 μᾶλλον
1760 1236 1982 1304 ἥδεσθαι

408 1326 514 1397 ἔφη
578 1327 970 1396 κρατησάντων
1018 1325 1126 1378 τῶν
1187 1327 1551 1397 σφετέρων,ῆ
1605 1329 1730 1380 ὅσον
1760 1329 1980 1381 ἀνιᾶται

408 1422 504 1473 ἐπὶ
530 1422 595 1488 τῇ
626 1418 732 1471 τῶν
762 1417 1239 1485 ἀντιτεταγμένων
1272 1417 1438 1489 ἥσσῃ.
1465 1417 1540 1470 Οὐ
1575 1418 1684 1487 γὰρ
1717 1418 1877 1484 μόνον
1903 1417 1991 1470 ὅτι

422 1509 685 1577 Ῥωμαῖοι
714 1508 764 1561 οἱ
793 1508 1073 1572 πεσόντες,
1104 1506 1200 1571 οὓς
1238 1508 1407 1578 ἐχρῆν
1440 1509 1500 1561 οὗ
1525 1507 1658 1577 πρὸς
1693 1507 1983 1579 ἀλλήλους,

407 1597 528 1651 ἄλλ’
564 1597 703 1666 ὑπὲρ
727 1596 976 1664 ἀλλήλων
1017 1594 1317 1666 βαρϐάροις
1363 1596 1709 1665 μαχομένους
1744 1594 1988 1666 ἀποθνή-

409 1704 590 1751 σκειν,
645 1686 855 1740 δίκαιον
900 1686 1107 1753 ἀλγεῖν,
1140 1684 1258 1738 ἀλλ’
1311 1684 1394 1737 δτι
1446 1683 1566 1747 δέος
1608 1684 1683 1755 μὴ
1728 1687 1822 1739 καὶ
1876 1685 1987 1738 τῶν

405 1774 758 1829 οἰκειοτάτων
780 1772 977 1843 τινέςῆ
1013 1771 1125 1825 τῶν
1154 1772 1325 1839 φίλων
1347 1768 1491 1843 ἦσαν
1513 1771 1562 1826 οἱ
1596 1771 1985 1836 ἀποθανόντες,

2083 599 2219 652 tinm
2261 585 2655 667 frequentiam,
2706 612 2815 652 non
2847 597 3019 667 magis
3061 612 3119 652 se
3164 599 3394 652 victoria
3426 614 3653 655 suorum

2082 690 2356 745 exsultare
2387 688 2673 743 confessus
2703 698 2802 753 est,
2831 703 2997 757 quam
3029 689 3371 753 contristari,
3401 690 3659 745 adversa-

2083 781 2198 835 rios
2225 790 2512 850 superatos
2535 796 2674 835 esse.
2705 781 2823 835 Non
2854 781 3001 834 enim
3040 780 3110 833 ob
3137 780 3244 851 hoc
3276 783 3656 836 tantummodo

2080 872 2229 939 justo
2262 872 2451 926 dolore
2499 872 2666 941 tangi,
2719 873 2867 942 quod
2910 872 3005 942 qui
3045 872 3380 927 cecidissent
3414 873 3644 926 Romani

2085 961 2337 1026 fuissent,
2371 976 2479 1015 non
2504 963 2650 1015 inter
2682 977 2763 1028 se,
2795 961 2888 1017 sed
2924 978 3027 1032 pro
3053 979 3111 1018 se
3135 973 3329 1017 mutuo
3363 963 3653 1017 adversum

2083 1048 2355 1105 Barbaros
2390 1052 2722 1106 decertando
2778 1055 3109 1109 occumbere
3141 1054 3517 1123 oportuisset;
3555 1054 3654 1108 sed

2084 1140 2230 1209 quod
2259 1140 2582 1206 timendum,
2617 1159 2686 1200 ne
2724 1144 2945 1213 quidam
2982 1147 3036 1201 in
3068 1158 3260 1201 eorum
3297 1163 3526 1201 numero
3562 1157 3658 1201 aut

2085 1231 2269 1295 amici,
2293 1232 2695 1287 necessitudine
2721 1237 3182 1306 conjunctissima}
3198 1237 3422 1291 fuerint.
3446 1238 3660 1291 Postre-

2087 1337 2196 1386 mo,
2229 1331 2321 1376 aut
2345 1323 2490 1393 quod
2510 1340 2617 1379 non
2639 1340 2670 1379 a
2692 1324 3148 1382 Barbarisnatura
3171 1330 3444 1393 hostibus,
3465 1329 3559 1384 sed
3579 1329 3647 1382 ab

2086 1414 2432 1470 amicissimis
2456 1416 2618 1470 deleti
2643 1416 2859 1483 sint.5Et
2879 1418 3095 1486 opinor.
3112 1419 3310 1488 inquit,
3335 1434 3434 1474 nos
3462 1435 3655 1474 eorum

2087 1507 2313 1570 similes,
2365 1505 2458 1575 qui
2507 1506 2720 1561 insania
2757 1522 2822 1561 ac
2856 1509 3042 1563 lurore
3081 1511 3310 1581 perciti,
3351 1525 3483 1566 suas
3511 1511 3655 1580 ipso-
3703 1557 3722 1575 ,

2089 1614 2209 1652 ru:n
2236 1612 2430 1652 carnes
2456 1599 2935 1664 commanducant,
2968 1615 3107 1669 quos
3136 1601 3207 1655 ob
3241 1602 3552 1656 alimoniam
3582 1610 3659 1656 tc-

2086 1688 2369 1743 teri-imam
2400 1703 2510 1742 non
2558 1688 2808 1756 laudare,
2856 1691 2953 1744 sed
3008 1690 3256 1746 miserari
3302 1706 3520 1760 aequum
3550 1703 3655 1746 cst.

2089 1779 2159 1834 Et
2193 1779 2340 1849 quod
2368 1781 2540 1851 majus
2576 1779 2844 1849 proiecto,
2876 1779 3004 1850 quia
3048 1797 3158 1835 non
3210 1781 3527 1837 Graacorum
3571 1797 3661 1835 so-

406 1871 510 1923 ’.καί⁸
570 1866 775 1937 τρίτον,
815 1866 898 1918 ὅτι
965 1863 1080 1934 οὐχ’
1140 1863 1245 1917 ὑπὸ
1306 1862 1597 1935 βαρϐάρων
1658 1863 1766 1916 τῶν
1826 1863 1987 1931 φύσει

2100 1873 2224 1934 lum.
2252 1883 2308 1927 et
2344 1872 2730 1935 Bazbarorum,
2758 1874 2824 1927 ad
2859 1889 2998 1943 quos
3029 1875 3108 1929 rei
3144 1875 3283 1928 fama
3332 1874 3656 1944 pervaserit,

409 1959 712 2029 πολεμίων,
765 1956 883 2011 ἀλλ’
932 1957 1024 2025 ὑφ’
1086 1957 1244 2027 ἡμῶν
1301 1957 1612 2010 ἀνάλωνται
1680 1955 1792 2008 τῶν
1842 1954 1984 2008 πάνυ

407 2048 739 2119 φιλούντων.
782 2048 891 2101 Καὶ
948 2045 1188 2100 ἐοικέναι
1250 2046 1401 2116 ἡμᾶς
1450 2046 1656 2115 νομίζω
1706 2046 1821 2108 τοῖς
1880 2044 1997 2098 ὑπὸ

410 2139 616 2210 μανίας
666 2139 773 2190 τῶν
831 2137 981 2190 ίδίων
1027 2136 1250 2208 σαρκῶν
1301 2136 1760 2206 ἐμφορουμένοις,
1790 2134 1839 2188 οἳ
1887 2135 1989 2188 οὐκ

409 2229 775 2295 ἐπαινεῖσθαι,
842 2228 957 2282 ἀλλ’
1012 2228 1283 2282 ἐλεεῖσθαι
1334 2226 1533 2280 δίκαιοι
1614 2228 1714 2294 τῆς
1784 2227 1988 2280 ἀτόπου

406 2320 647 2389 τροφῆς.
700 2319 811 2372 Καὶ.
843 2317 905 2369 τὸ
948 2316 1012 2386 δὴ
1055 2314 1263 2384 μεῖζον,
1311 2315 1392 2368 ὅτι
1423 2316 1521 2384 οὐχ
1572 2315 1679 2368 ὑπὸ
1724 2313 1990 2384 Ἐλλήνων

416 2409 582 2477 μόνον
612 2407 708 2461 καὶ
729 2405 1020 2476 βαρϐάρων
1039 2405 1148 2457 τῶν
1170 2403 1477 2458 ἀκουόντων
1496 2403 1694 2457 δίκαιοι
1713 2402 1989 2472 μισεῖσθαι

408 2502 516 2571 τῆς
549 2501 629 2564 είς
653 2499 915 2569 ἀλλήλους
937 2496 1308 2566 παρανομίας,
1349 2495 1468 2549 ἀλλ’
1488 2495 1684 2565 ἄδηλον
1724 2493 1779 2547 εἴ
1799 2509 1851 2546 τι
1898 2495 1991 2547 xal.

411 2594 529 2648 τῶν
580 2593 880 2662 γινομένων
934 2591 1155 2661 ἀρέσκει
1205 2587 1345 2658 Θεῷ,
1372 2587 1466 2640 καὶ
1508 2587 1581 2655 μὴ
1614 2587 1809 2654 ἐπίσης
1853 2586 1991 2639 οἵτε

416 2686 757 2756 ἀμυνόμενοι
810 2682 906 2737 καὶ
952 2682 1001 2736 oi
1048 2683 1299 2743 ἐπιόντες
1346 2678 1486 2745 ἄξιοι
1530 2677 1809 2749 τιμωριῶν
1860 2679 1992 2747 παρ’

416 2775 574 2844 αὐτῷ
596 2776 777 2846 κριτῇ.
825 2771 1157 2842 Ἐϐουλόμην
1184 2771 1282 2842 μὲν
1316 2770 1411 2823 οὖν
1442 2769 1517 2840 μὴ
1545 2768 1652 2821 ἀπὸ
1679 2769 1990 2840 Ῥωμαίων,

417 2870 538 2923 ἀλλ’
587 2867 696 2921 ἀπὸ
755 2865 1045 2937 βαρϐάρων
1086 2864 1379 2933 ἐστηκέναι
1440 2862 1502 2914 τὸ
1555 2861 1817 2932 τρόπαιον
1875 2862 1995 2925 τοῖς

418 2961 737 3033 ἡμετέροις,
759 2959 846 3012 ἵνα
881 2951 1027 3028 εἶχον
1058 2956 1156 3027 τῆς
1184 2955 1340 3024 νίκης
1370 2953 1619 3023 καθαρὰν
1648 2953 1746 3022 τὴν
1774 2952 1991 3022 ἡδονήν.

436 3052 658 3122 Ἐπειδὴ
687 3051 745 3104 δέ
800 3048 942 3102 οὕτω
990 3048 1058 3101 τὰ
1098 3047 1343 3117 ἡμέτερα
1375 3046 1479 3099 ὑπὸ
1537 3043 1799 3115 φθονεροῦ
1849 3060 1995 3107 τινος

2088 1964 2238 2028 odio,
2287 1973 2511 2034 propter
2558 1972 2810 2017 tnutnnm
2858 1963 3037 2018 scelus
3082 1964 3232 2034 digni
3269 1965 3512 2025 erimus;
3561 1963 3659 2017 sed

2089 2053 2333 2108 dubitari
2368 2061 2568 2123 potest,
2604 2068 2674 2107 an
2706 2052 3011 2124 quidquam
3052 2054 3247 2108 horum
3286 2054 3396 2110 Deo
3426 2054 3658 2123 placeat,

2088 2154 2144 2200 et
2175 2160 2283 2199 non
2314 2160 2468 2215 atque
2497 2159 2555 2199 se
2588 2153 2826 2210 tuentes,
2861 2153 2924 2199 ut
2955 2144 3275 2199 invadentes
3299 2144 3444 2213 apud
3480 2144 3658 2210 ipsum

2083 2237 2323 2310 iudicem
2377 2250 2564 2305 poenas
2610 2236 3003 2290 commeruisse
3065 2235 3375 2290 videantur.
3433 2233 3662 2289 Nostros

2091 2327 2259 2399 igitur
2285 2343 2394 2382 non
2446 2326 2514 2382 de
2565 2327 2850 2393 Romanis,
2883 2326 2977 2381 sed
3011 2326 3089 2380 de
3113 2324 3364 2380 Barbaris
3398 2333 3660 2392 trepaeum

2090 2420 2332 2475 erexisse
2378 2419 2593 2484 vellent,
2638 2426 2700 2473 ut
2739 2434 2771 2473 e
2811 2418 3042 2503 victoria
3072 2432 3172 2472 sua
3218 2416 3488 2486 liquidum
3550 2416 3664 2470 sin-

2091 2525 2391 2580 cerumque
2417 2510 2679 2580 gaudium
2706 2509 3075 2579 perciperent.
3107 2509 3214 2564 Sed
3256 2509 3516 2578 quoniam
3556 2506 3664 2561 dae-

2093 2601 2271 2657 monis
2298 2600 2531 2669 alicujus
2553 2598 2855 2653 invidentia
2884 2599 3087 2653 factum
3119 2605 3226 2664 est,
3265 2606 3324 2651 ut
3353 2600 3468 2668 ipsa
3493 2597 3663 2650 etiam

2091 2691 2322 2746 victoria
2345 2690 2563 2745 dolendi
2590 2690 2875 2744 materiam
2905 2690 3065 2745 nobis
3087 2689 3413 2759 porrigeret,
3440 2685 3663 2741 Numlni

2092 2784 2297 2855 gratias
2320 2798 2542 2853 magnas
2573 2796 2695 2851 ago,
2724 2797 2833 2836 non
2863 2781 3026 2836 modo
3069 2782 3219 2850 quod
3263 2783 3398 2855 meis
3443 2779 3508 2833 ad
3544 2778 3666 2831 vin-

2094 2875 2328 2931 cendum
2357 2882 2553 2943 praesto
2587 2873 2710 2936 fuit,
2742 2889 2931 2929 verum
2959 2874 3123 2928 etiam
3151 2874 3296 2943 quod
3348 2872 3492 2928 bello
3529 2859 3666 2924 bule

2095 2974 2288 3038 auctor
2307 2967 2454 3027 nulla
2476 2983 2541 3021 ex
2571 2976 2725 3034 parte
2747 2965 3072 3020 CXSlill'l‘illl.
3099 2965 3413 3020 Exstitcrim
3438 2973 3621 3018 autem
3640 2961 3666 3014 ?

2100 3056 2211 3111 imo
2243 3065 2301 3111 et
2339 3070 2406 3111 eo
2445 3070 2477 3109 ιι
2526 3053 2798 3124 principio
2850 3054 3088 3108 conllato
3141 3057 3309 3107 multa
3356 3059 3664 3105 memoratu

420 3144 680 3211 δαίμονος
712 3138 1141 3208 συνεσκευάσθη,
1162 3137 1236 3201 ὡς
1274 3137 1368 3190 καὶ
1397 3135 1495 3206 τὴν
1516 3136 1677 3204 νίκην
1702 3135 1996 3202 ἀλγηδόνος

2105 3150 2269 3220 digna
2320 3156 2376 3203 et
2425 3147 2561 3209 dixi,
2602 3156 2656 3199 et
2698 3144 2825 3232 feci,
2857 3144 3093 3209 majores
3139 3143 3458 3202 obsecrans,
3492 3149 3553 3193 ut
3596 3154 3665 3194 eo

421 3231 608 3286 αἰτίαν
683 3229 967 3298 φαίνεσθαι
1045 3228 1199 3296 ήμῖν,
1275 3226 1503 3297 χάριτας
1583 3223 1832 3294 ὁμολογῶ
1922 3223 1997 3292 τῷ

422 3324 713 3396 Κρείττονι
743 3322 964 3385 πολλὰς,
992 3320 1051 3372 οὐ
1094 3319 1253 3389 μόνον
1278 3320 1360 3372 ὅτι
1394 3322 1506 3382 τοῖς
1545 3319 1698 3387 ἐμοῖς
1728 3317 1999 3388 συνήρατο

424 3416 565 3486 πρὸς
596 3415 695 3483 τὴν
726 3413 901 3484 νίκην.
922 3411 1038 3465 ἀλλ’
1072 3414 1155 3466 ὅτι
1187 3413 1281 3463 καὶ
1313 3410 1586 3482 μηδεμίαν
1617 3409 1798 3463 αἰτίαν
1838 3408 2000 3470 αὐτὸς

423 3511 488 3565 ἐν
512 3508 591 3579 τῷ
623 3507 740 3561 νυνὶ
781 3505 999 3577 πολέμῳ
1027 3506 1087 3559 οὐ
1128 3497 1287 3575 μόνον
1321 3504 1701 3574 παρεσχόμην,
1733 3501 1868 3556 ἀλλὰ
1903 3504 2000 3556 καὶ

425 3600 749 3669 κινουμένου
805 3599 901 3668 τὴν
934 3597 1129 3668 ἀρχὴν,
1166 3596 1337 3649 πολλά
1393 3596 1488 3649 καὶ
1517 3593 1728 3664 ἔπραξα
1759 3593 1883 3658 ἄξια
1908 3596 2001 3648 καὶ

426 3691 586 3748 εἷπον
612 3691 794 3760 λόγου.
831 3690 1082 3760 δεόμενος
1109 3690 1200 3741 τὸν
1238 3687 1470 3756 πόλεμον
1502 3684 2000 3747 καταθέσθαι’τοὺς

427 3785 738 3848 κινοῦντας,
775 3783 823 3836 εί
870 3785 967 3835 καὶ
1009 3768 1131 3835 κεῖθ’
1166 3781 1399 3843 ὑδάτων,
1427 3778 1486 3831 τὸ
1528 3780 1627 3846 τῆς
1675 3775 1999 3846 παροιμίας,

428 3856 655 3932 ἐδόκουν
685 3874 943 3945 γράφειν.
978 3874 1041 3927 Οἱ
1086 3873 1185 3942 μὲν
1217 3870 1310 3925 οὖν
1335 3868 1695 3934 ἀκούσαντες,
1725 3866 1786 3919 οὐ
1843 3865 2002 3935 μόνον

426 3971 535 4040 τῆς
571 3968 854 4037 ἀγχινοίας
917 3965 1238 4034 ἐθαύμασαν
1290 3963 1379 4016 τὸν
1434 3959 1681 4031 βασιλέα,
1727 3958 1863 4012 ἀλλά
1909 3957 2005 4010 καὶ

429 4059 529 4114 τοῦ
584 4059 660 4130 μὴ
716 4056 991 4129 φυσᾶσθαι
1042 4054 1170 4125 μηδ’
1218 4051 1542 4124 ἐπαίρεσθαι
1582 4051 1641 4103 ἐν
1684 4051 1801 4111 ταῖς
1847 4049 2004 4101 εὐτυ-

431 4153 605 4224 χίαις,
636 4151 752 4205 ἀλλ’
784 4152 843 4203 ἐν
869 4151 987 4213 ταῖς
1009 4149 1118 4202 τῶν
1153 4145 1496 4216 πραγμάτων
1529 4142 1851 4212 μεταϐολαῖς
1893 4140 2006 4193 ἴσον

433 4246 535 4299 καὶ
571 4244 755 4313 ὅμοιον
804 4241 1067 4312 παρέχειν
1125 4237 1337 4291 ἑαυτόν.
1389 4232 1657 4295 Βασιλεὺς
1703 4231 1762 4284 δὲ
1809 4229 1902 4283 τόν
1946 4243 2006 4279 τε

436 4335 900 4406 πρωτοπράτορα
973 4330 1299 4399 γράμμασιν
1364 4324 1628 4397 ἠμείϐετο
1681 4321 2010 4392 εὐχαριστη-

437 4426 599 4496 ρίοις,
625 4425 722 4479 καὶ
762 4426 888 4484 τοὺς
939 4420 1196 4481 συνόντας
1247 4416 1395 4486 αὐτῷ
1449 4415 1560 4469 τῶν
1598 4409 2004 4482 συγκλητικῶν,

2103 3244 2495 3309 temperarent,
2534 3234 2750 3291 tametsi
2786 3226 2838 3287 in
2868 3248 3032 3301 aqua,
3074 3231 3219 3300 quod
3255 3230 3480 3293 dicitur,
3507 3226 3663 3280 vide-

2101 3333 2201 3387 bar
2253 3329 2517 3386 scribere.
2574 3326 2679 3391 Qui
2734 3325 2850 3378 haec
2899 3322 3246 3386 συᾱίεἱκιηιμ
3274 3321 3662 3388 imperatorem

2077 3416 2209 3477 ἰιοη
2240 3421 2306 3475 de
2328 3417 2547 3477 solertia
2569 3417 2770 3481 solum,
2797 3418 2893 3471 sed
2919 3415 2986 3468 de
3018 3411 3393 3468 moderatione
3421 3423 3663 3479 quoque,

2101 3512 2246 3584 quod
2280 3508 2558 3582 prosperis
2583 3509 2795 3564 eventis
2836 3522 2945 3562 non
2977 3504 3279 3566 inﬂaretur,
3305 3516 3483 3570 neque
3505 3498 3669 3554 effer-

2102 3619 2276 3670 retur,
2316 3602 2414 3658 sed
2449 3602 2503 3655 in
2558 3603 2674 3670 ipsa
2733 3613 2920 3654 rerum
2953 3593 3386 3652 commutatione
3413 3589 3665 3647 eamdem

2102 3706 2158 3753 et
2205 3694 2530 3763 tequabilem
2574 3700 2817 3746 servaret
2852 3688 3021 3744 animi
3056 3686 3448 3746 constantiam,
3491 3680 3670 3736 admio-

2102 3787 2392 3843 rabantur.
2454 3783 2608 3852 177
2671 3781 2972 3851 Imperator
3030 3777 3231 3845 litteris
3277 3773 3667 3846 protostratori

2103 3878 2307 3949 gratias
2331 3875 2469 3945 egit,
2500 3884 2557 3928 et
2585 3873 2682 3941 qui
2712 3887 2837 3925 cum
2859 3885 2927 3925 eo
2949 3875 3109 3924 erant
3135 3867 3204 3922 de
3232 3865 3542 3927 nobilitate,
3572 3863 3673 3916 bo-

2105 3968 2334 4022 noribus
2361 3978 2478 4027 eos,
2506 3970 2570 4016 ac
2603 3959 2763 4015 donis
2788 3965 3172 4013 remuneratus
3195 3965 3280 4010 est
3311 3971 3326 4008 :
3359 3953 3671 4021 militesque

2105 4060 2240 4115 alios
2272 4063 2434 4110 aucto
2467 4049 2762 4120 stipendio,
2786 4049 2924 4103 alios
2953 4060 3263 4106 annuorum
3289 4057 3565 4096 censuum
3590 4043 3673 4094 in-

2106 4153 2388 4204 cremento
2419 4140 2489 4195 ad
2544 4138 2749 4193 bellum
2781 4148 2881 4206 pro
2934 4149 2995 4190 se
3040 4131 3411 4191 conﬁrmavit,
3456 4129 3670 4184 animo-

2109 4238 2390 4303 sioresque
2441 4227 2710 4304 reddidit.
2754 4225 2871 4297 Ipse
2912 4238 3042 4280 vero
3074 4223 3478 4277 Thessalonicae
3504 4219 3674 4273 ratio-

2109 4330 2405 4389 cinatores,
2438 4333 2493 4377 et
2525 4320 2733 4377 scribas
2755 4317 3015 4381 instituit,
3036 4330 3142 4386 per
3161 4328 3299 4385 quos
3327 4312 3673 4369 occidentem

2110 4420 2416 4489 digerebat,
2445 4422 2501 4469 et
2529 4412 2897 4481 adaequabat:
2930 4419 2983 4464 et
3037 4408 3177 4462 alios
3227 4405 3452 4475 insuper
3485 4411 3680 4459 centu-

434 4518 627 4587 τιμαῖς
677 4532 736 4569 τε
789 4513 882 4566 καὶ
932 4512 1123 4572 ἄλλαις
1152 4507 1524 4579 εὐεργεσίαις,
1550 4503 1799 4565 καὶτοὺς
1841 4517 1999 4570 στρα‹

2110 4512 2308 4576 riabat,
2334 4515 2397 4563 ut
2422 4513 2704 4562 cresceret
2742 4502 3042 4558 exercitus.
3068 4501 3147 4557 Eo
3179 4499 3235 4553 in
3276 4498 3364 4552 bis
3396 4504 3677 4558 versante,

434 4608 663 4674 τιῶτας,
725 4607 852 4668 τοὺς
907 4604 1004 4672 μὲν
1059 4600 1300 4654 ἐπιδόσει
1349 4600 1450 4669 τῆς
1509 4590 2010 4668 μισθοφορᾶςητῶν

372 4740 396 4762 .,
437 4700 678 4770 ἐτησίων
697 4695 755 4749 δὲ
783 4693 1062 4765 προσόδων
1081 4691 1206 4751 τοὺς
1223 4687 1444 4749 λοιποὺς
1476 4684 1676 4755 μᾶλλον
1702 4682 2010 4770 ἐπέρρωσε,

385 4776 411 4824 -Ϊ
440 4766 543 4848 καῖ.
605 4787 1046 4862 προθυμοτέρους
1108 4783 1247 4853 πρὸς
1293 4781 1355 4834 τὸ
1405 4779 1664 4848 πολεμεῖν
1716 4766 2014 4846 εἰργάσατο

443 4886 589 4958 ὑπὲρ
617 4881 783 4937 αὑτοῦ
808 4898 823 4913 ·
853 4878 1019 4941 αὐτὸς
1073 4876 1129 4930 δέ
1165 4878 1223 4929 ἐν
1251 4871 1622 4943 Θεσσαλονίκῃ
1661 4865 2016 4936 ὑπογραφέας

446 4955 821 5045 καταστήσας,
865 4972 936 5025 δι’
988 4967 1169 5023 αὐτῶν
1226 4966 1410 5049 διῴκει
1484 4962 1580 5016 καὶ
1647 4956 1863 5025 ἐξίσαζε
1917 4955 2017 5025 τὴν

448 5068 718 5139 ἑσπέραν,
748 5067 841 5119 καὶ
863 5061 1199 5127 καταλόγους
1233 5058 1462 5110 ἔτασσεν
1492 5055 1715 5122 ἐτέρους
1750 5047 2017 5139 πρὸςᾼτοῖς

450 5137 630 5224 οὖσιν,
671 5140 818 5221 ὅπως
851 5156 1053 5211 πλείων
1082 5153 1326 5221 γίγνοιτο
1358 5150 1390 5219 ή
1428 5143 1788 5216 στρατιά.Ἐν
1807 5137 2019 5199 τούτοις

448 5255 509 5309 δέ
564 5251 728 5309 αὐτοῦ
783 5245 1213 5319 ἀσχολουμένου.
1244 5241 1410 5295 πάλιν
1460 5232 1562 5308 ἧκε
1608 5233 1919 5304 γράμματα
1954 5230 2019 5282 ἐκ

452 5343 947 5415 πρωτοστράτορος
975 5336 1246 5407 μηνύοντα
1288 5332 1361 5391 ὡς
1404 5333 1432 5384 ὁ
1457 5325 1828 5399 πρεσϐύτερος
1863 5321 2019 5393 βασι-

452 5439 581 5500 λεὺς
614 5433 693 5505 τῷ
717 5433 825 5487 τῶν
853 5431 1058 5487 Μυσῶν
1092 5426 1306 5498 βασιλεῖ
1336 5419 1556 5492 Μιχαὴλ
1587 5418 1848 5486 διάφορος
1881 5415 2022 5486 πρό-

451 5543 615 5599 τερον
646 5523 744 5587 ὢν,
762 5523 860 5577 νῦν
890 5521 1025 5592 πρὸς
1053 5514 1217 5573 αὐτὸν
1240 5514 1448 5569 τίθεται
1480 5507 1766 5588 εἰρηνικὰς
1790 5505 2023 5568 σπονδὰς

419 5596 552 5673 dmi
593 5616 917 5688 συμμαχίαν
937 5630 952 5647 ο
994 5613 1213 5680 ἀγνοεῖν
1250 5609 1436 5683 μέντοι
1466 5605 1566 5665 τὰς
1597 5599 1903 5671 συμϐάσεις
1936 5596 2023 5665 ἐφ’

454 5706 559 5775 οἷς
582 5710 829 5779 γίνονται
873 5706 1079 5770 αὐτοῖς,
1111 5701 1208 5755 καὶ
1252 5700 1340 5754 διά
1382 5696 1540 5767 τοῦτο
1567 5694 1689 5749 δέον
1722 5690 2028 5759 ἐγνωκέναι

454 5804 560 5876 τὴν
600 5804 832 5873 μήνυσιν
874 5798 1026 5870 αὑτῷ
1079 5795 1412 5867 ποιήσασθαι
1457 5790 1567 5844 τῶν
1608 5785 2025 5856 πραττομένων.

2116 4616 2337 4657 rursum
2370 4615 2400 4653 a
2430 4604 2825 4667 protestratore
2871 4593 3094 4658 litterae,
3131 4590 3464 4651 indicantes,
3495 4585 3680 4639 senio-

2114 4713 2229 4754 rem
2260 4697 2646 4764 imperatorem
2680 4704 2712 4743 a
2748 4686 3013 4742 Michaele
3038 4685 3338 4740 Moesorum
3366 4668 3490 4751 rege
3519 4678 3676 4749 prius

2117 4788 2492 4850 dissidentem,
2544 4796 2695 4837 nunc
2749 4795 2875 4835 cum
2912 4793 2981 4834 eo
3040 4770 3195 4849 pacis
3248 4774 3429 4830 foedus
3457 4780 3514 4827 et
3554 4768 3683 4825 belli

2117 4879 2435 4935 societatem
2465 4873 2723 4937 coivisse,
2746 4868 2955 4924 nesciri
2978 4877 3185 4931 tamen,
3212 4865 3283 4934 ob
3308 4879 3471 4934 quem
3495 4861 3683 4922 linem,
3725 4855 3731 4862 ’

2117 4978 2175 5025 et
2220 4966 2425 5022 idcirco
2470 4950 2576 5018 boc
2611 4961 2677 5016 ad
2722 4974 2851 5014 eum
2878 4956 3334 5028 perscribendum
3373 4951 3676 5008 censuisse.

2118 5061 2299 5130 Nepos
2332 5071 2493 5112 avum
2521 5069 2647 5110 cum
2679 5053 2848 5107 Masso
2897 5036 3121 5119 propter
3170 5047 3373 5101 bellum
3417 5044 3685 5097 adversus

2121 5167 2179 5208 se
2210 5149 2527 5206 societatem
2550 5146 2710 5200 istam
2743 5142 3012 5212 pepigisse
3041 5134 3452 5193 animadvertit.
3484 5131 3687 5187 Statuit

2122 5252 2302 5298 autem
2333 5256 2443 5295 non
2475 5237 2659 5292 subito
2681 5234 2748 5288 ad
2782 5234 3013 5301 primam
3044 5224 3689 5285 auditionem‘abducen-

2123 5337 2254 5392 dum
2272 5349 2339 5389 ex
2356 5329 2644 5386 occidente
2657 5325 2982 5389 exercitum,
3005 5322 3099 5376 sed
3119 5317 3435 5375 inurendum
3483 5313 3695 5381 adhuc,

2125 5423 2313 5492 illique
2350 5429 2406 5473 et
2434 5417 2603 5472 rebus
2631 5415 2756 5469 aliis
2784 5410 3207 5483 providendum,
3234 5406 3414 5461 donec
3447 5402 3685 5492 certiora

2126 5490 2533 5565 nuntiarentur.
2586 5502 2788 5557 Diebus
2845 5500 3052 5570 aliquot
3102 5494 3418 5567 prmteritis,
3466 5490 3691 5560 scripsit

2127 5606 2512 5672 protostrator,
2537 5593 2714 5650 ftedus
2749 5589 3097 5660 imperatoris
3126 5597 3183 5643 et
3219 5586 3535 5642 societatem
3563 5596 3688 5638 cum

2127 5690 2311 5746 Mcesis
2348 5688 2454 5759 iam
2503 5684 2880 5745 constitutam,
2928 5681 3157 5748 ejusque
3183 5676 3589 5738 conciliatores,
3631 5680 3690 5727 et

2130 5784 2458 5853 interpretes
2475 5795 2540 5833 ex
2556 5774 2853 5846 transfugis
2871 5773 2934 5829 ad
2960 5772 3174 5838 Marsos,
3208 5770 3484 5853 llomauos
3510 5766 3691 5823 adhuc
