4156 6300
369 324 473 385 385

1537 323 2087 385 HISTORIARUM
2129 323 2364 384 LIBER
2409 325 2457 382 Ι.
2508 388 2546 420 .

3515 325 3621 388 386

369 434 465 485 καὶ
520 432 595 500 μὴ
647 432 1000 502 κατατρίϐειν
1058 435 1149 487 τὸν
1187 436 1378 505 καιρὸν
1438 438 1560 506 εἰκῇ
1613 438 1707 490 καί
1740 437 1942 508 μάτην,

2056 446 2166 493 tare
2192 439 2246 491 in
2271 437 2502 492 aedibus.
2538 435 2841 492 Cernentes
2875 448 3054 491 autem
3088 454 3251 508 quam
3288 439 3474 509 inique
3512 443 3619 494 ini-

371 523 639 593 μέλλοντα
690 523 844 577 οὐδὲν
885 525 1072 579 ἀνύειν
1098 524 1173 580 ὦν
1204 528 1524 582 διανοεῖται.
1560 529 1859 599 Ἐρομένου
1887 530 1945 581 δὲ

368 606 463 667 τοῦ
498 615 621 667 νέου
657 614 925 684 βασιλέως
951 617 1000 669 εί
1042 617 1208 687 μηδὲν
1238 617 1391 689 αὐτῷ
1420 618 1587 674 πλέον
1622 622 1945 692 προστάξειε

369 705 647 777 βασιλεὺς,
687 706 877 773 Οὐδὲν,
909 703 1067 763 εἶπεν
1091 711 1119 762 ὁ
1157 710 1429 775 Πεπανός.
1459 712 1693 775 Οὐκοῦν,
1729 713 1858 781 ἔφη,
1888 712 1948 765 τὸ

371 798 642 869 βασιλέως
665 800 997 871 πρόσταγμα
1033 801 1279 872 πληρῶν,
1304 803 1430 857 ὅποι
1454 803 1520 858 ἂν
1544 806 1571 857 ὁ
1599 804 1732 867 Θεὸς
1760 807 1949 874 ἡγοῖτο

369 889 689 961 βαδιοῦμαι.
729 893 840 945 Καὶ
875 892 1181 958 ἀναζεύξας
1221 896 1453 963 ἐκεῖθεν,
1486 898 1545 950 ὲν
1570 899 1681 959 τοῖς
1714 896 1948 966 λειμῶσι

366 986 480 1045 τοῖς
513 982 667 1052 παρὰ
704 981 806 1054 τὴν
830 985 1082 1053 γέφυραν
1112 985 1214 1056 τῆς
1246 987 1517 1057 Καμήλου
1566 987 1824 1057 ηὐλίσατο
1851 989 1951 1058 τὴν

367 1074 561 1138 νύκτα,
588 1073 685 1128 καί
711 1075 770 1138 ἐς
801 1075 898 1144 τὴν
942 1077 1241 1147 ὑστεραίαν
1268 1079 1433 1132 πάλιν
1465 1079 1618 1149 παρὰ
1650 1079 1748 1142 τὰς
1780 1081 1952 1143 αὑτᾶς

370 1164 550 1228 πύλας
602 1163 795 1230 ἐλθὼν,
832 1164 1006 1219 ἐδεῖτο
1071 1165 1345 1237 βασιλέως
1391 1168 1791 1239 προσδέξασθαι
1851 1171 1950 1238 τὴν

369 1257 616 1326 εἰρήνην,
649 1256 743 1309 καὶ
778 1255 871 1310 τὸν
934 1256 1178 1326 πόλεμον
1217 1259 1544 1314 καταλῦσαι.
1590 1260 1676 1323 Ὠς
1716 1259 1763 1314 δ’
1819 1261 1952 1330 ἐσή-

370 1364 534 1400 κουεν
559 1348 759 1413 οὐδεὶς,
789 1348 1140 1420 ἀναστρέψας
1182 1351 1385 1423 ἦλαυνε
1435 1352 1575 1423 πρὸς
1604 1355 1696 1407 τὸν
1726 1354 1954 1408 Μέλανα

370 1439 642 1505 ποταμὸν,
679 1438 808 1493 ἔνθα
858 1441 1303 1513 πρωτοστράτωρ
1351 1438 1421 1514 ἦν
1482 1444 1621 1512 μετά
1675 1447 1774 1514 τῆς
1819 1447 1956 1498 ὑπο-

338 1531 562 1591 ,λοίπου
612 1534 876 1601 στρατιᾶς
905 1529 1498 1605 ἐστρατοπεδευμένος.
1542 1536 1805 1600 Βασιλεὺς
1856 1538 1956 1607 μὶν

367 1618 467 1676 οῦν
522 1622 609 1693 ᾔει
659 1622 968 1694 ἡγούμενος
1033 1625 1135 1695 τῆς
1218 1628 1521 1697 στρατιᾶςυ
1580 1629 1608 1681 ὁ
1671 1628 1844 1699 μέγας
1900 1629 1957 1682 δὲ

371 1713 704 1767 ὑπελείπετο
732 1712 1078 1784 δομέστικος,
1126 1716 1316 1785 χρείας
1347 1716 1494 1778 τινὸς
1529 1717 1713 1784 ἕνεκα,
1754 1718 1953 1772 ὀπίσω.

2050 528 2247 582 merito
2273 543 2374 583 suo
2400 529 2718 593 haberetur,
2747 528 3152 598 pellereturque
3172 529 3361 599 junior
3388 531 3619 602 impera-

2050 628 2156 684 tor,
2181 620 2371 675 dolere
2403 620 2822 683 incredibiliter,
2848 630 2906 676 et
2930 622 3000 676 ad
3024 637 3180 692 opem
3199 623 3279 678 sic
3305 620 3502 679 afﬂicto
3523 640 3620 694 pro

2050 710 2261 765 viribus
2305 711 2610 778 ferendam,
2640 712 2685 767 si
2738 712 2919 778 liceat,
2949 718 3358 783 paratos'esse;
3394 715 3621 782 potissi-

2051 815 2224 865 mum,
2252 815 2319 854 ex
2346 817 2455 870 quo
2486 796 2631 871 ap’ud
2667 802 2940 872 Rhegium
2978 802 3044 857 de
3074 804 3308 874 objectis
3334 820 3393 860 se
3427 821 3626 874 purga-

2053 891 2120 943 rit
2160 890 2306 960 (nam
2332 902 2389 946 et
2420 907 2478 947 se
2509 902 2640 948 tunc
2664 893 2928 964 adfuisse)
2953 906 3009 950 et
3030 895 3139 950 huc
3162 896 3459 965 profectus,
3484 899 3627 950 mn!-

2053 980 2123 1034 tis
2158 979 2435 1050 precibus,
2470 982 3044 1055 obtestationibusque
3075 1001 3235 1041 avum
3263 989 3527 1051 onerarit,
3553 1004 3623 1041 ne

2051 1072 2253 1126 bellum
2298 1070 2597 1130 ordiretur.
2624 1077 2821 1130 Animo
2873 1077 3060 1147 igitur,
3096 1087 3153 1131 et
3196 1079 3428 1134 consilio
3456 1080 3526 1133 ita
3565 1096 3625 1133 se

2053 1172 2273 1233 paratos
2310 1180 2431 1219 esse
2461 1166 2707 1221 aiebant.
2745 1166 2851 1221 Sed
2880 1168 3007 1236 quia
3035 1168 3301 1222 alacritati
3333 1184 3430 1238 par
3456 1169 3629 1224 facul-

2058 1270 2141 1313 tas
2186 1259 2425 1325 dcessct,
2477 1262 2949 1333 opportunitatem
2998 1279 3268 1333 quaerere,
3307 1278 3438 1334 qua,
3503 1281 3627 1334 qua:

2055 1358 2208 1405 certo
2236 1352 2576 1417 statuissent,
2606 1352 2749 1408 facto
2778 1363 3100 1423 praestarent
3126 1373 3140 1421 ;
3171 1372 3292 1424 quae
3317 1371 3471 1411 nunc
3490 1372 3630 1424 prm—

2058 1443 2204 1495 clara
2234 1458 2291 1496 se
2324 1443 2569 1498 offerret.
2607 1444 2742 1498 Nam
2784 1455 3078 1514 postquam
3114 1447 3413 1513 imperator
3439 1448 3629 1516 junior

2058 1532 2111 1585 in
2140 1533 2491 1587 Occidentem
2517 1536 2794 1598 movisset,
2834 1536 3122 1604 praefectos
3152 1536 3494 1607 vigilum-(ita
3515 1537 3629 1591 Deo

2057 1639 2179 1692 qum
2230 1626 2605 1680 conducerent
2654 1626 2825 1679 nntlto
2856 1637 2981 1680 ante
3021 1628 3404 1697 praestrucnte)
3438 1643 3628 1683 muro-

2058 1731 2178 1770 rum
2206 1732 2369 1786 supra
2399 1726 2612 1786 portam
2643 1719 2819 1772 sancti
2863 1718 3120 1785 Romani,
3157 1721 3464 1775 custodiam
3499 1720 3628 1785 sibi,

371 1802 703 1875 Προσελθὼν
745 1805 803 1859 δὲ
845 1804 996 1876 αὐτῷ
1038 1822 1125 1870 τις
1171 1807 1231 1860 ἐν
1259 1807 1526 1877 ἐνδύμασι
1565 1807 1953 1881 διερρωγόσιν,

2059 1807 2125 1862 ad
2160 1808 2398 1877 agendas
2451 1825 2572 1861 cum
2624 1809 2749 1863 aliis
2778 1824 2845 1862 ex
2893 1810 3248 1864 successione
3275 1827 3373 1880 per
3410 1822 3631 1867 noctem

369 1892 462 1949 οἷα
487 1896 554 1948 τὰ
590 1896 701 1949 τῶν
734 1897 1008 1968 πενήτων,
1047 1895 1233 1967 κρύφα
1280 1914 1335 1952 τι
1384 1898 1570 1967 ἔλεγεν
1615 1899 1761 1971 ἔχειν
1801 1900 1954 1973 αὐτῷ

370 1988 748 2059 διαλεχθῆναι.
781 1989 1071 2060 Προελθὼν
1108 1990 1167 2044 δὲ
1207 1989 1296 2059 ἐφ’
1332 1991 1519 2046 ἰκανὸν
1558 1993 1685 2047 ὅσον
1715 1992 1791 2065 μὴ
1820 1994 1954 2064 ὁρᾶ-

373 2081 504 2135 σθαι
560 2082 672 2135 ἀπὸ
716 2082 827 2136 τῶν
878 2082 1100 2154 τειχῶν,
1131 2085 1387 2140 ἐκέλευεν
1414 2087 1447 2143 ὅ
1490 2104 1543 2139 τι
1593 2086 1661 2155 ᾂν
1710 2087 1955 2158 βούλοιτο

372 2173 631 2243 φράζειν.
672 2172 734 2226 '0
771 2171 830 2227 δὲ
885 2175 983 2227 καὶ
1030 2172 1219 2244 ἔτερόν
1263 2191 1387 2229 τινα
1431 2176 1955 2248 προσκαλεσάμενος

370 2263 469 2315 τὸν
519 2263 886 2317 κοινωνοῦντα
932 2261 1083 2333 αὐτῷ
1134 2263 1244 2318 τῶν
1289 2263 1695 2335 βουλευμάτων,
1740 2268 1956 2331 οὐδενὸς

371 2354 561 2417 αὐτοῖς
602 2338 793 2437 ἐτέρου
831 2356 1237 2426 συμπαρόντος,
1257 2356 1403 2426 φίλοι
1429 2356 1532 2427 μὲν
1564 2356 1776 2427 ἔφασαν
1797 2358 1956 2414 αὐτοὶ

370 2447 436 2511 ις
461 2446 532 2500 τὰ
560 2445 802 2518 μάλιστα
827 2447 1084 2518 ἀλλήλοις
1114 2442 1261 2502 εῖναι
1309 2450 1375 2503 ἐκ
1425 2448 1689 2514 παλαιοῦ,
1721 2448 1831 2504 καὶο
1854 2451 1954 2516 τὰς

340 2540 623 2609 ,οἰκήσεις
655 2539 806 2614 ἔχειν
854 2539 1256 2609 γειτονούσας·
1305 2541 1545 2613 δρῶντες
1595 2539 1656 2596 δὲ
1704 2540 1805 2596 ὅσα
1842 2541 1959 2595 ἀδι-

238 2652 262 2666 —
371 2628 560 2679 κεῖται
603 2628 701 2681 καὶ
750 2627 1184 2687 ἀπελαύνεταιὸ
1231 2630 1353 2694 νέος
1406 2620 1667 2702 βασιλεὺς
1699 2632 1792 2686 ἰπὶ
1821 2647 1958 2702 προ-

372 2718 541 2788 φάσει
599 2719 854 2792 οὐδεμιᾷ,
906 2723 1096 2791 ἀλγεῖν
1166 2739 1228 2777 τε
1299 2723 1486 2778 οὐκέτι
1537 2723 1805 2790 ἀνεκτῶς,
1863 2725 1956 2778 καὶ

372 2810 782 2882 προθυμεῖσθαι
845 2811 912 2865 ἂν
974 2813 1095 2884 ἐξῇ,
1127 2812 1363 2883 ἀμύνειν
1391 2815 1460 2867 τὰ
1490 2813 1697 2873 δυνατά
1736 2812 1959 2868 ἀδικου-

375 2903 548 2972 μένῳ.
603 2903 716 2956 Καὶ
773 2904 1014 2974 μάλιστα
1084 2904 1146 2970 ἐξ
1218 2906 1346 2960 ὅτου
1411 2906 1555 2960 κατά
1612 2922 1672 2959 τε
1736 2906 1957 2978 Ῥήγιον

373 2981 812 3066 ἀπολογούμενος
849 2999 875 3050 ὁ
920 2996 1198 3067 βασιλεὺς,
1232 2997 1415 3068 πάσης
1454 2997 1728 3052 ἀπέλυσεν
1774 3000 1954 3063 αἰτίας

375 3087 597 3152 ἑαυτὸν,
627 3090 888 3159 παρεῖναι
923 3090 1033 3161 γὰρ
1060 3090 1183 3143 τότε
1208 3089 1302 3143 καὶ
1334 3089 1558 3156 αὐτοὺς,
1589 3092 1686 3144 καὶ
1719 3090 1954 3151 ἐνταῦθα
1981 3109 2026 3170 ο

373 3181 715 3250 ἀφικόμενος
746 3181 972 3242 πολλαῖς
1016 3184 1292 3254 ἐχρήσατο
1332 3183 1552 3254 δεήσεσι
1587 3186 1684 3238 καὶ
1721 3184 1959 3248 ἱκεσίαις

376 3270 517 3339 πρὸς
560 3269 652 3322 τὸν
700 3271 950 3337 πάππον,
980 3270 1056 3343 μὴ
1090 3272 1181 3325 τὸν
1216 3271 1457 3343 πόλεμον
1488 3277 1682 3328 κινεῖν.
1722 3271 1956 3344 Γνώμης

377 3362 481 3433 μὲν
544 3359 638 3413 οῦν
683 3359 858 3425 οὕτως
921 3360 1133 3431 ἔφασαν
1201 3360 1350 3434 ἔχειν
1406 3364 1505 3416 καὶ
1572 3367 1953 3434 παρασκευῆς.

264 3478 283 3491 ι
387 3451 773 3522 Ἐνδεεστέρας
799 3452 858 3506 δὲ
889 3451 1055 3524 οὔσης
1081 3455 1179 3523 τῆς
1206 3454 1498 3525 δυνάμεως
1531 3454 1711 3508 αὐτῶν
1735 3455 1768 3525 ἣ
1809 3454 1955 3508 κατὰ

374 3542 479 3612 τὴν
538 3543 875 3614 προθυμίαν,
904 3545 1099 3616 καιρὸν
1156 3545 1341 3617 ζητεῖν
1398 3544 1522 3599 καθ’
1560 3545 1622 3598 ὃν
1670 3545 1738 3599 ἂν
1768 3546 1955 3609 αὐτοῖς

376 3632 663 3700 ἐγγένοιτο
688 3637 783 3688 καὶ
817 3633 964 3705 ἔργῳ
991 3633 1027 3688 ἃ
1061 3636 1381 3706 προείλοντο
1403 3636 1558 3708 δρᾷν,
1590 3636 1650 3690 ὃν
1675 3635 1740 3707 δὴ
1771 3636 1954 3699 καλῶς

376 3725 642 3779 ποιοῦντα
671 3727 850 3797 ἥκειν.
877 3727 1037 3782 Μετά
1068 3727 1180 3800 γὰρ
1213 3727 1274 3781 τὸ
1302 3729 1529 3799 βασιλέα
1557 3727 1648 3781 τὸν
1674 3727 1795 3781 νέον
1820 3727 1957 3797 rtpr

375 3820 483 3888 τὴν
532 3819 772 3890 ἑσπέραν
810 3821 1234 3893 ἐκστρατεῦσαι,
1264 3823 1394 3885 τοὺς
1425 3823 1525 3892 τὴν
1567 3821 1817 3892 φυλακὴν
1851 3822 1954 3893 τῆς

2056 1896 2315 1952 excubias
2345 1897 2761 1952 commendasse
2794 1898 2969 1968 179.
3009 1899 3088 1953 Ex
3125 1915 3236 1970 quo
3265 1902 3448 1955 statim
3476 1902 3630 1971 cogi-

2057 1989 2241 2052 tarint,
2288 2001 2453 2056 posse
2495 2003 2555 2043 se
2583 1976 2887 2058 'aliquando
2933 1989 3266 2058 imperatori
3302 1991 3490 2046 utilem
3534 2008 3635 2046 na-

2055 2093 2186 2133 vare
2216 2093 2461 2148 operam.
2489 2066 2599 2135 Ubi
2622 2095 2753 2135 vero
2788 2080 3244 2138 didiceriut‘mox
3276 2075 3525 2155 Byzantii
3553 2084 3634 2137 nf-

2057 2170 2305 2225 futurum
2332 2187 2348 2237 ;
2377 2179 2430 2225 et
2454 2172 2602 2242 jacta
2629 2172 2770 2236 alea,
2801 2173 2948 2242 quod
2978 2173 3156 2239 aiunt,
3191 2189 3318 2228 cum
3358 2175 3526 2229 sociis
3561 2173 3634 2231 de

2057 2262 2194 2317 urbe
2236 2263 2285 2318 ei
2320 2262 2603 2334 prodenda
2654 2263 2875 2335 egisse;
2917 2274 2992 2320 et,
3025 2265 3174 2322 visos
3207 2281 3385 2336 aequa,
3428 2267 3639 2322 Roma-

2056 2356 2253 2427 nisque
2280 2355 2539 2410 omnibus
2576 2355 2860 2424 profutura
2891 2357 3066 2427 loqui,
3095 2359 3472 2428 persuasisse;
3494 2360 3637 2430 jam-

2055 2462 2163 2518 que
2189 2455 2502 2518 promptum
2525 2461 2669 2507 esse.
2689 2447 3076 2517 imperatorem
3102 2447 3157 2502 in
3173 2463 3392 2503 murum
3424 2447 3638 2504 subdu-

2056 2555 2204 2607 cere,
2236 2538 2529 2594 obscrvata
2552 2547 2738 2605 nocte,
2773 2554 2884 2615 qua
2914 2538 3162 2610 ipsorum
3193 2539 3379 2596 forent
3406 2541 3633 2613 vigiliae.

2063 2630 2192 2687 Haec
2229 2631 2332 2685 illi.
2367 2628 2596 2701 Magnus
2620 2629 2961 2686 domesticus
2997 2632 3279 2702 extemplo
3308 2633 3504 2699 mittit,
3537 2634 3635 2705 qui
3676 2699 3689 2706 ,

2059 2723 2447 2791 imperatorem
2479 2729 2722 2787 moneat,
2748 2720 2826 2774 uti
2861 2720 3146 2776 subsistat.
3169 2721 3279 2776 Eos
3302 2721 3371 2777 de
3398 2722 3639 2777 nomini-

2057 2814 2183 2880 bus,
2217 2825 2273 2870 et
2305 2811 2350 2869 si
2375 2812 2507 2883 quid
2540 2812 2610 2869 ab
2656 2812 2993 2882 imperatore
3038 2821 3250 2885 petant,
3281 2813 3584 2886 interrogat
3617 2833 3634 2871 :

2059 2906 2509 2976 quandoquidem
2559 2921 2663 2976 pro
2697 2906 3087 2962 benevolentia
3140 2907 3195 2962 in
3246 2908 3401 2964 illum
3449 2909 3639 2980 aliquo

2059 2995 2471 3064 digni'munere
2501 2994 2869 3070 apparebant.
2900 2995 3281 3066 Respondent,
3309 3014 3479 3052 unum
3530 2999 3639 3054 Ca-

2060 3088 2259 3149 marin,
2291 3088 2524 3142 alterum
2543 3086 2913 3143 Castelianum
2941 3089 3240 3159 appellari;
3263 3090 3401 3144 nihil
3423 3100 3634 3160 petere,

2059 3178 2160 3232 sed
2187 3178 2450 3249 gratuito,
2487 3177 2818 3245 honestatis,
2848 3189 2906 3233 et
2933 3180 3248 3233 communis
3275 3180 3637 3237 emolumenti

2060 3286 2227 3325 causa
2262 3269 2367 3324 hoc
2411 3268 2598 3339 operis
2630 3284 3005 3339 aggressuros.
3038 3270 3142 3326 Ubi
3185 3269 3490 3327 domestico
3538 3272 3645 3327 ite-

2061 3378 2180 3416 rum
2207 3370 2537 3431 potestatem
2567 3360 2791 3431 petendi
2831 3362 2978 3430 quod
3024 3362 3232 3418 vellent
3257 3361 3548 3430 oﬂerente,
3578 3379 3646 3420 se

2060 3454 2196 3508 nihil
2234 3461 2423 3523 petere
2449 3461 2833 3518 autumarunt,
2880 3453 2950 3508 ad
2982 3453 3374 3524 imperatorem
3413 3470 3510 3511 eos
3542 3455 3651 3509 ad-

2059 3547 2248 3613 ducit;
2303 3545 2393 3602 cui
2446 3545 2674 3616 pr0pior
2726 3547 2929 3610 factus,
2983 3548 3150 3616 Deus,
3197 3549 3401 3621 inquit,
3452 3551 3542 3605 cui
3574 3560 3639 3605 tu‘

2058 3638 2221 3708 paulo
2246 3645 2373 3691 ante
2399 3636 2649 3691 obtulisti
2681 3653 2805 3707 qua:
2840 3636 3032 3706 babes,
3064 3653 3186 3710 quae
3206 3640 3323 3695 vult
3351 3655 3505 3709 nunc
3535 3640 3645 3696 tibi,

2062 3728 2352 3799 rependit:
2395 3738 2452 3784 et
2500 3728 2665 3782 simul
2713 3729 2790 3783 rei
2840 3729 3153 3800 cujusdam,
3191 3745 3355 3800 quam
3400 3745 3511 3785 non
3562 3730 3647 3786 ἰα’

2058 3821 2272 3891 pridem
2311 3828 2647 3888 patraverat,
2676 3834 2802 3874 eum
2839 3822 3283 3877 commonefacit.

378 3913 594 3976 πόλεως
635 3917 1168 3988 ὲπιτετραμμένους,
1198 3915 1344 3970 οὕτω
1378 3915 1474 3970 τοῦ
1540 3915 1677 3971 Θεοῦ
1739 3915 2027 3989 πόρρωθεν
2067 3922 2134 3970 τὰ
2186 3914 2575 3967 λυσιτελοῦντα
2626 3917 3313 3986 προκατασκευαζομένου,
3370 3918 3487 3979 τοῖς
3547 3917 3655 3970 ἐπὶ

375 4013 505 4073 ταῖς
571 4010 771 4077 πύλαις
847 4013 944 4067 τοῦ
1006 4013 1166 4081 ἁγίου
1240 4013 1523 4085 Ῥωμανοῦ
1599 4012 1963 4082 καλουμέναις
2000 4008 2239 4079 τείχεσιν
2301 4008 2619 4073 ἐπιστῆσαι,
2657 4007 2798 4059 ὥστε
2860 4007 3075 4077 νύκτωρ
3110 4008 3256 4076 ἔχειν
3298 4010 3653 4079 ἀγρυπνῶν--

378 4119 484 4165 τας
522 4102 772 4172 φυλακὴν
819 4103 935 4174 ἅμα
990 4108 1086 4157 καὶ
1142 4104 1352 4176 ἑτέροις
1401 4101 1546 4156 ὀκτὼ
1598 4105 1662 4157 ὲκ
1729 4102 1983 4171 διαδοχῆς
2017 4114 2031 4129 °
2076 4099 2266 4179 αύταῖς
2325 4097 2424 4167 μὲν
2477 4095 2570 4150 οὖν
2625 4096 2787 4159 εὐθὺς
2841 4096 3035 4148 τούτου
3087 4099 3408 4171 γενομένου,
3461 4100 3653 4157 ἔννοια

378 4193 651 4249 εἰσελθεῖν
677 4195 771 4248 τοῦ
809 4191 1133 4267 δυνήσεσθαι
1163 4195 1227 4250 ἄν
1260 4213 1389 4249 ποτε
1445 4193 1657 4263 βασιλεῖ
1716 4191 2023 4264 χρησίμους
2056 4187 2222 4243 εἶναι.
2296 4188 2449 4240 Ἐπεὶ
2508 4187 2565 4240 δὲ
2628 4188 2725 4240 καὶ
2780 4186 3047 4240 ἐπύθοντο
3114 4189 3239 4242 ὅσον
3293 4189 3508 4243 οὐδέπω
3563 4196 3644 4254 εἰς

381 4286 685 4352 Βυζάντιον
726 4287 1015 4356 ἀφίξεσθαι
1063 4288 1250 4353 αὐτὸν,
1278 4291 1391 4351 τοῖς
1438 4287 1694 4356 ἑταίροις,
1729 4285 1757 4337 ὅ
1802 4301 1957 4352 φασι,
2001 4284 2169 4336 κύϐον
2235 4281 2519 4353 ῥίψαντες,
2544 4282 2842 4351 διειλέχθαι
2910 4283 3037 4352 περί
3066 4283 3163 4338 τοῦ
3191 4282 3403 4353 βασιλεί
3430 4285 3508 4355 τῷ
3537 4285 3649 4354 νέῳ

378 4382 486 4451 τὴν
516 4380 672 4433 πόλιν
706 4379 1048 4451 προδιδόναι·
1084 4380 1411 4434 πεπεικέναι
1443 4396 1503 4431 τε
1539 4377 1727 4431 δίκαιά
1791 4393 1851 4429 τε
1918 4374 2035 4444 ἅμα
2073 4374 2335 4441 δόξαντας
2368 4374 2572 4442 λέγειν,
2606 4377 2702 4429 καὶ
2751 4374 3102 4444 συμφέροντα
3142 4376 3275 4427 πᾶσι
3326 4375 3652 4445 Ῥωμαίοις-

383 4474 499 4527 Καὶ
562 4472 658 4526 νῦν
709 4470 853 4527 εἶναι
912 4476 970 4527 ὲν
1024 4475 1229 4544 ἑτοίμῳ
1280 4472 1510 4542 κλίμαξι
1571 4471 1661 4524 τὸν
1721 4469 1950 4540 βασιλέα
2025 4468 2251 4536 ἀνάγειν
2298 4470 2380 4529 εἰς
2449 4466 2512 4519 τὸ
2558 4469 2737 4537 τεῖχος
2785 4466 2958 4521 νύκτα
3007 4466 3353 4543 φυλάξαντας
3406 4469 3530 4521 καθ’
3577 4469 3655 4540 ἢν

382 4566 648 4636 αὑτοῖςὴ
704 4565 921 4635 διαδοχή
982 4565 1101 4617 ἐστι
1157 4567 1257 4632 τῆς
1307 4562 1577 4632 φυλακῆς.
1647 4560 1709 4614 Ol
1777 4559 1877 4629 μὲν
1931 4554 2024 4611 οὖν
2060 4557 2294 4611 τοιαῦτα
2352 4552 2530 4610 εἷπον.
2565 4554 2625 4608 '0
2671 4557 2845 4626 μέγας
2901 4556 2959 4609 δὲ
3013 4556 3353 4625 δομέστικος,
3398 4558 3491 4610 τὸν
3546 4559 3655 4627 μὲν

384 4656 812 4725 ἀπαγγελοῦντα
859 4656 1070 4728 βασιλεί
1103 4655 1427 4725 περιμένειν
1471 4652 1718 4723 ἔπεμψεν
1765 4651 1962 4715 εὐθύς·
2004 4652 2132 4714 τοὺς
2177 4649 2233 4702 δὲ
2268 4648 2672 4718 διειλεγμένους
2698 4649 2726 4701 ὅ
2776 4664 2827 4699 τι
2858 4665 2916 4700 τε
2992 4648 3247 4701 καλοῖντο
3311 4648 3522 4718 ἠρώτα,
3553 4666 3655 4723 και

384 4752 441 4805 ετ
486 4769 563 4803 τι-
591 4750 739 4818 παρά
778 4749 1040 4819 βασιλέως
1076 4749 1298 4814 αἰτοῖεν,
1350 4746 1423 4811 ὡς
1469 4729 1672 4799 δίκαιοί
1711 4743 1865 4807 ὄντες
1933 4740 1992 4795 εὖ
2035 4743 2226 4795 παθεῖν
2283 4742 2381 4815 τῆς
2405 4742 2484 4805 είς
2513 4740 2741 4812 βασιλέα
2771 4740 2934 4793 ἕνεκα
2966 4740 3207 4829 εὐνοίας..
3244 4742 3307 4796 Ol
3336 4741 3380 4793 δ’
3412 4741 3657 4812 ἔφασαν,

384 4846 653 4916 Κάμαρις
688 4847 786 4915 μὲν
819 4843 1109 4900 καλεῖσθαι
1149 4845 1243 4896 καὶ
1280 4842 1676 4908 Καστελιάνος,
1710 4840 1881 4910 μηδὲν
1910 4838 1967 4891 δὲ
2006 4838 2202 4901 αἰτεῖν,
2270 4835 2409 4889 ἀλλά
2471 4838 2672 4905 προῖκα
2700 4835 2791 4888 τοῦ
2838 4835 3007 4889 καλοῦ
3039 4835 3202 4889 ἕνεκα
3233 4835 3329 4889 καὶ
3362 4834 3458 4889 τοῦ
3489 4840 3660 4908 κοινῄ

385 4939 797 5002 λυσιτελοῦντος
849 4939 947 5009 τὴν
1005 4937 1352 5009 ἐπιχείρησιν
1397 4936 1675 4989 ὑπελθεῖν.
1743 4933 1903 5007 Ἑπεί
1940 4931 1998 4984 δὲ
2038 4933 2135 4985 καὶ
2202 4929 2359 4993 αὖθις
2389 4930 2785 5009 ἐπιτρέψαντος
2839 4928 2867 4981 ὃ
2913 4928 3194 4999 βούλοιντο
3227 4931 3399 4981 αἰτεῖν
3432 4928 3653 4999 ἰσχυρίο

388 5044 560 5080 σαντο
602 5030 772 5079 αἰτεῖν
835 5028 1022 5097 μηδὲν,
1074 5025 1409 5095 παραλαϐὼν
1463 5026 1667 5087 αὐτοὺς
1709 5021 1843 5093 ἦγεν
1890 5024 1965 5084 ὡς
2034 5021 2280 5092 βασιλέα.
2335 5022 2623 5092 Συμμίξας
2659 5020 2716 5073 δὲ
2763 5019 2933 5089 αὐτῷ,
2987 5019 3045 5071 Ὀ
3077 5019 3232 5082 Θεὲς,
3284 5015 3460 5083 εἶπεν,
3492 5012 3538 5086 ᾧ
3578 5019 3659 5072 σὺ

389 5123 504 5193 πρὸ
561 5121 765 5193 μικροῦ
818 5124 1173 5193 παρέσχηκας
1248 5121 1283 5176 ἀ
1332 5118 1551 5191 εἶχες,δι
1626 5119 1876 5190 βούλεται
1926 5117 2023 5170 νῦν
2077 5118 2241 5181 αὐτὸς
2294 5119 2596 5188 εὐεργετεῖ.
2661 5115 3068 5185 Ἀνεμίμνησκε
3137 5114 3194 5166 δὲ
3248 5115 3412 5168 αὑτὸν
3479 5113 3658 5184 ἔργον

390 5215 562 5279 τινὸς,
594 5215 622 5268 ὃ
650 5211 718 5284 ἦν
744 5216 1105 5283 εἰργασμένος
1142 5214 1246 5281 πρὸ
1277 5213 1506 5282 μικροῦ.

1816 5302 2041 5360 CAPUT
2084 5300 2241 5355 LVII.

392 5396 618 5452 “lustre
650 5396 1395 5469 exemplainmansuetudinis
1431 5395 1718 5469 Andronici
1745 5397 1998 5469 junioris.
2032 5392 2493 5469 Proditor-experte
2524 5389 2711 5469 coacti,
2743 5395 2925 5469 petunt
2965 5390 3150 5469 viginti
3177 5392 3402 5469 jugera;
3437 5390 3653 5460 majora

474 5456 883 5539 promittuntur.
923 5465 1217 5539 _Mcesor_um
1258 5481 1348 5539 re;
1384 5465 1671 5539 adestcum
1702 5456 2087 5539 copiis._t.ogos
2133 5456 2632 5539 abire-ldecernunt.
2663 5456 3063 5539 anritur-qiio
3108 5456 3217 5526 ﬁne
3245 5456 3387 5514 idem
3430 5456 3531 5539 rea?
3569 5472 3661 5539 ter

468 5528 622 5594 inille
647 5536 879 5609 equitum
914 5535 1229 5605 Byzantium
1260 5536 1480 5609 miserit.
1514 5528 2112 5609 Ibaiiet._dttx_§lwsus,_
2136 5551 2166 5584 a
2198 5529 2387 5609 ﬁnibus
2407 5528 2623 5609 ,ἰητρείην
2652 5528 2907 5609 recedere.
2943 5528 3072 5609 [ejus
3097 5545 3399 5595 responsum
3425 5532 3648 5596 [raudu-

473 5602 699 5663 lentuml
736 5602 983 5657 Monetur
1007 5621 1136 5659 auus
1163 5622 1195 5658 ιι
1226 5615 1412 5674 nepote
1433 5604 1498 5657 de
1530 5603 1763 5675 periculo
1801 5621 1833 5656 α
1860 5603 2034 5657 Mozsis
2065 5602 2308 5663 vitando;
2343 5602 2679 5650 monitionem
2712 5602 3045 5662 contemnit,
3099 5611 3103 5616 '

474 5731 604 5783 Ἔτι
647 5726 757 5795 γὰρ
805 5723 1229 5797 ὲνδιατρίϐοντος
1292 5722 1681 5792 Θεσσαλονίκῃ,
1736 5722 1845 5774 τῶν
1874 5710 1955 5773 κεν

2147 5715 2359 5772 Etenim
2401 5728 2526 5768 cum
2559 5713 3177 5770 adhuc-Thessalonica:
3218 5706 3547 5777 utet-aretur,
3583 5732 3657 5773 cr.
